3932 6258
456 377 529 435 99
1411 371 1470 430 S.
1512 371 1846 429 JUSTINUS
1883 369 2370 430 PHILOSOPHUS
2400 370 2487 427 ET
2525 372 2842 430 MARTYR.

3650 378 3783 434 100

460 504 607 563 nino,
635 500 729 555 sed
753 509 939 554 verum
966 510 1180 567 semper
1217 494 1481 560 dicamus,
1511 499 1592 551 sic
1635 498 1893 567 prtecepit
1919 512 1935 551 :
1965 496 2047 550 Ne
2076 500 2122 556 Α
2151 498 2342 553 tertius
2390 497 2608 566 quidam
2662 496 3055 567 superveniens
3107 504 3165 554 et
3206 496 3399 555 eodem
3458 498 3780 568 supplicio

450 594 647 662 piratis
688 592 924 654 omnino,
981 588 1073 643 sed
1142 588 1214 641 sit
1273 598 1522 652 oestrum,
1588 586 1701 651 Est,
1755 599 1863 653 est;
1913 604 2039 653 non,

462 700 567 738 non
598 683 669 747 '°,
713 701 732 734 ι
770 690 878 735 etc.
908 679 1024 734 Non
1081 685 1312 739 obscure
1363 682 1520 735 docet
1565 678 1810 735 Justinus
1836 680 2040 735 nullum

458 772 945 842 forejurisjurandi
981 789 1160 837 usum,
1182 774 1225 827 si
1255 788 1382 828 vera
1425 788 1642 842 semper
1685 774 1929 829 homines
1957 774 2041 827 di-

458 879 667 931 cerent,
693 882 794 921 nec
812 865 956 920 ullus
980 874 1126 919 esset
1150 865 1439 919 mendacio
1466 865 1636 922 locus.
1671 865 1763 919 Sic
1784 866 1929 919 enim
1960 866 2039 919 in-

458 968 787 1028 terpretatur
815 958 979 1012 verba
1002 957 1229 1023 Christi,
1263 959 1416 1026 quasi
1454 957 1657 1011 dictum
1706 970 1853 1013 esset
1885 976 1899 1011 :
1926 958 2039 1012 No-

457 1048 554 1103 lite
575 1048 1021 1119 omninojurare,
1054 1049 1147 1103 sed
1179 1063 1366 1102 verum
1403 1063 1622 1117 semper
1643 1050 1823 1104 dicite.
1853 1048 2039 1118 Itaque

455 1139 832 1211 jusjurandum
863 1142 933 1195 ob
980 1140 1214 1210 vigentia
1267 1140 1412 1194 inter
1461 1140 1706 1194 homines
1753 1143 2037 1197 mendacia

458 1233 701 1288 adhiberi
731 1234 923 1288 statuit
956 1253 970 1289 :
1002 1232 1612 1300 consuetudinijurandi
1645 1236 1869 1304 opponit
1908 1252 2039 1292 con-

458 1325 800 1383 suetudinem
830 1328 1051 1384 vera_in
1097 1327 1349 1381 omnibus
1384 1341 1597 1396 semper
1622 1330 1867 1396 dicendi;
1901 1330 2038 1386 alte-

460 1430 575 1467 ram
609 1431 639 1468 a
665 1414 883 1469 Christo
906 1416 1119 1485 penitus
1146 1417 1408 1471 sublatam
1438 1427 1610 1486 putat,
1642 1422 1735 1474 sed
1764 1431 2036 1489 quatenus

458 1506 682 1560 alteram
705 1506 955 1562 Christus
982 1508 1158 1563 sancit
1181 1517 1235 1562 et
1261 1509 1589 1578 praescribit.
1618 1510 1719 1577 Qui
1756 1513 1828 1567 ita
1871 1514 2034 1570 ratio-

460 1600 691 1663 cinatur,
717 1615 823 1654 non
863 1614 981 1654 eam
1025 1598 1378 1668 jurisjurandi
1429 1603 1663 1670 speciem
1713 1605 2030 1662 damnatam

455 1692 754 1753 existimat,
807 1692 962 1761 cujus
1002 1693 1376 1747 necessitatem
1420 1710 1808 1766 nonnunquam
1862 1700 2034 1768 impo-

451 1789 591 1835 nunt
616 1781 777 1850 justze
800 1785 1141 1854 suspiciones
1168 1800 1232 1839 ex
1261 1785 1398 1841 dolis
1423 1796 1475 1842 et
1506 1790 1804 1845 mendaciis
1852 1793 2028 1847 socie-

454 1880 617 1926 tatem
649 1875 992 1928 turbantibus
1017 1885 1239 1930 exortae.

522 1968 807 2039 Vituperat
838 1979 1028 2024 auctor
1054 1968 1339 2040 fragmenti
1368 1970 1433 2024 de
1452 1972 1866 2036 resurrectione,
1889 1974 2032 2042 quod

453 2059 507 2114 in
529 2060 830 2129 Appendicc
869 2061 1158 2128 edidimus,
1193 2079 1211 2111 ι
1238 2062 1480 2130 iniqumn
1507 2079 1570 2117 ex
1595 2065 1894 2133 cupiditate
1920 2082 2035 2119 ma-

450 2152 788 2216 trimonium,
824 2170 842 2204 ι
876 2151 964 2204 τὸν
999 2151 1065 2204 δι’
1096 2151 1387 2222 ἐπιθυμίας
1415 2154 1613 2224 ἄνομον
1643 2155 1838 2227 γάμον.
1891 2157 2037 2224 Quo-

452 2242 612 2299 modo
632 2242 770 2297 hanc
792 2244 1117 2298 sententiam
1135 2258 1362 2311 carpere
1387 2247 1563 2313 potuit
1589 2248 1727 2301 idem
1760 2248 2035 2320 scriptor?

450 2335 592 2403 Quid
624 2337 767 2389 enim
804 2335 977 2404 magis
1014 2344 1435 2390 consentaneum
1486 2339 1613 2392 huic
1653 2349 1943 2409 praecepto,
1976 2352 2035 2396 ut

450 2428 632 2483 omnia
664 2427 718 2481 in
742 2427 1011 2480 charitate
1050 2426 1183 2479 ﬁant
1227 2434 1283 2481 et
1322 2428 1437 2482 sive
1473 2430 1883 2494 manducamus,
1921 2432 2035 2485 sive

450 2520 710 2584 bibimus,
734 2519 847 2573 sive
876 2518 1021 2571 aliud
1056 2518 1184 2587 quid
1220 2518 1470 2589 facimus,
1501 2522 1677 2574 omnia
1706 2522 1760 2575 in
1810 2522 2033 2591 gloriam

450 2615 549 2671 Dei
576 2616 840 2671 faciamus
866 2615 911 2647 ”
935 2616 960 2669 ?

521 2707 676 2774 Quod
705 2718 914 2777 spectat
943 2707 1010 2760 ad
1034 2707 1317 2761 audaciam
1350 2705 1496 2759 illius
1535 2704 1899 2760 adolescentis
1940 2709 2032 2777 qui

449 2798 762 2868 praelectum
794 2799 1135 2853 Alexandriae
1162 2798 1343 2853 libello
1364 2800 1546 2852 obato
1577 2800 1806 2868 rogavit,
1836 2808 1893 2852 ut
1927 2816 2035 2855 me-

449 2894 571 2947 dico
604 2892 876 2945 licentiam
910 2892 1064 2945 daret
1091 2900 1256 2945 testes
1297 2889 1397 2960 ipsi
1423 2890 1705 2945 resecandi
1729 2907 1744 2957 ;
1765 2891 1870 2945 hoc
1888 2891 2032 2947 facto

449 2985 623 3038 utitur
641 2981 908 3045 Justinus,
945 2982 1099 3050 Apol.
1128 2984 1175 3045 l,
1203 2999 1261 3036 n.
1299 2982 1395 3045 29,
1429 2993 1486 3035 ut
1525 2993 1848 3053 argumento
1876 2984 2033 3038 inno-

450 3078 649 3132 centiae
676 3077 1153 3141 Christianorum;
1184 3090 1295 3129 rem
1340 3076 1513 3145 ipsam
1542 3076 1646 3145 legi
1680 3076 1875 3130 divinae
1905 3092 2033 3131 con-

2147 591 2452 643 damnatus.
2480 589 2762 657 Quomodo
2787 590 3051 659 ejusmodi
3078 601 3343 661 martyres
3366 592 3779 659 vituperasset

2143 678 2405 747 Justinus,
2431 680 2521 748 qui
2544 696 2649 734 non
2672 682 2843 736 solum
2859 682 3232 736 Christianum
3274 697 3333 737 se
3358 695 3479 737 esse
3500 683 3775 738 a‘uemi-

2144 785 2211 823 ne
2255 772 2306 823 in
2349 771 2613 838 judicium
2658 783 2882 829 vocatus
2933 774 3076 829 ultro
3126 774 3402 844 professus
3454 784 3566 839 est,
3647 776 3767 830 sed

2142 862 2303 917 etiam
2334 863 2767 920 Christianorum
2792 868 3155 933 defensorem,
3198 882 3262 923 ac
3313 868 3462 937 ipsos
3489 869 3768 936 impera-

2145 961 2290 1006 tores
2318 969 2415 1023 pro
2437 957 2691 1011 tribunali
2725 960 2976 1014 sedentes
3004 960 3157 1014 adire
3197 975 3303 1013 non
3344 959 3678 1015 dubitavit?

2211 1046 2416 1116 Fugam
2473 1051 2526 1104 in
2573 1053 3040 1120 persecutionibus
3102 1052 3431 1107 laudabilem
3484 1067 3619 1108 esse
3674 1068 3757 1119 ac

2138 1156 2282 1207 saepe
2311 1143 2532 1198 omnino
2561 1146 2951 1210 necessariam,
2980 1161 3068 1201 res
3094 1156 3178 1201 est
3205 1146 3501 1216 Scriptura:
3535 1156 3594 1200 et
3620 1156 3759 1201 tra-

2137 1232 2357 1288 ditionis
2385 1237 2667 1304 prazccptis
2688 1249 2743 1291 et
2761 1237 3028 1307 exemplis
3054 1239 3127 1292 ita
3158 1246 3307 1291 certa
3332 1246 3387 1291 et
3411 1238 3747 1308 explorata,

2138 1336 2195 1380 ut
2223 1341 2383 1383 nemo
2405 1327 2665 1398 refragari
2699 1332 2887 1400 possit,
2912 1331 3015 1385 nisi
3061 1347 3221 1401 quem
3252 1343 3346 1385 aut
3370 1331 3749 1388 Montanistil

2135 1430 2225 1473 aut
2248 1423 2688 1490 persecutoribus
2709 1425 2768 1480 S.
2794 1425 3075 1479 Athanasii
3102 1425 3315 1496 adjungi
3345 1438 3452 1478 non
3494 1425 3739 1492 pudeat.

2135 1511 2243 1568 Sed
2275 1524 2454 1570 tamen
2506 1514 2643 1586 fuga
2692 1529 2960 1587 praecepto
3001 1536 3106 1575 non
3151 1533 3344 1572 omnes
3374 1532 3593 1586 semper
3628 1516 3746 1571 ob-

2132 1605 2309 1659 stricti
2348 1614 2598 1661 tenentur
2634 1626 2647 1662 :
2692 1610 2894 1679 alioqui
2944 1626 3045 1666 nec
3087 1625 3320 1680 magnus
3382 1608 3741 1681 Polycarpus

2130 1698 2455 1768 vituperium
2482 1700 2766 1771 effugeret,
2800 1717 2898 1758 nec
2929 1704 3083 1758 multi
3125 1704 3242 1769 alii,
3298 1703 3391 1773 qui
3431 1720 3557 1759 cum
3596 1703 3737 1774 fuga

2131 1789 2233 1845 sibi
2265 1791 2549 1847 consulere
2584 1805 2822 1862 possent,
2857 1796 2909 1850 in
2954 1810 3149 1851 manus
3187 1797 3480 1853 satellitum
3530 1799 3739 1852 venire

2135 1884 2461 1940 maluerunt.
2489 1886 2579 1940 Sic
2617 1888 2779 1941 etiam
2839 1888 3019 1943 debita
3081 1898 3160 1945 tot
3208 1892 3566 1961 martyribus,
3624 1891 3729 1960 qui

2135 1976 2340 2046 seipsos
2385 1978 2720 2045 obtulerunt,
2759 1981 3087 2046 reverentia,
3136 1997 3231 2037 eos
3278 1992 3489 2036 tantum
3534 1983 3728 2037 notari

2135 2078 2190 2123 et
2242 2071 2446 2140 culpari
2505 2074 2653 2138 sinit,
2699 2090 2837 2145 quos
2893 2077 3215 2133 temerarius
3258 2078 3428 2148 magis
3463 2078 3722 2149 impetus,

2136 2175 2296 2231 quam
2328 2164 2568 2221 charitas
2603 2167 2838 2237 impulit.

2211 2255 2357 2311 Talis
2377 2258 2588 2312 exstitit
2619 2258 2850 2326 Quintus
2876 2261 3114 2331 quidam,
3144 2263 3210 2317 de
3237 2279 3342 2334 quo
3368 2263 3725 2334 Smyrnensis

2137 2346 2387 2403 Ecclesia
2411 2350 2491 2403 sic
2515 2350 2781 2420 judicium
2811 2369 2967 2409 suum
3002 2355 3291 2423 interponit
3322 2357 3372 2410 in
3399 2355 3625 2426 epistola
3651 2356 3725 2411 de

2137 2438 2397 2507 martyrio
2426 2438 2483 2493 S.
2508 2439 2812 2512 Polycarpi,
2843 2460 2893 2497 η.
2920 2444 2987 2497 4:
3014 2440 3110 2509 Εἷς
3132 2447 3188 2499 δὲ
3210 2448 3435 2517 ὀνόματι
3464 2446 3718 2511 Κοΐντος,

2133 2529 2297 2599 Φρὺξ,
2318 2533 2645 2602 προσφάτως
2671 2535 2942 2605 ἐληλυθὼς
2968 2539 3076 2591 ἀπὸ
3098 2540 3197 2610 τῆς
3222 2542 3478 2612 Φρυγίας,
3494 2542 3615 2594 ἰδὼν
3644 2542 3722 2596 τὰ

2136 2619 2299 2692 θηρία
2350 2622 2665 2679 ὲδειλίασεν.
2721 2621 2889 2691 Οὗτος
2944 2631 3000 2683 δὲ
3047 2627 3114 2701 ἦν
3156 2633 3183 2683 ὁ
3233 2634 3720 2705 παραϐιασάμενος

2134 2711 2296 2765 αὐτόν
2322 2730 2380 2765 τε
2407 2714 2498 2767 καί
2525 2733 2677 2779 τινας
2692 2718 3005 2789 προσελθεῖν
3027 2720 3267 2784 ἑκόντας.
3294 2722 3494 2776 Τοῦτον
3525 2725 3553 2775 ὁ
3582 2722 3720 2776 ἀνθ-

2136 2804 2340 2870 ύπατος
2384 2808 2557 2861 πολλὰ
2589 2811 2962 2883 ὲκλιπαρήσας
3006 2813 3220 2868 ἔπεισεν
3244 2814 3437 2885 ὀμόσαι
3470 2815 3560 2868 καὶ
3591 2817 3720 2868 ἐπι-

2136 2897 2312 2952 θῦσαι.
2364 2900 2464 2954 Διὰ
2514 2901 2671 2955 τοῦτο
2724 2898 2848 2966 οὖν,
2914 2905 3168 2975 ἀδελφοὶ,
3231 2908 3331 2959 οὐκ
3382 2907 3716 2979 ἐπαινοῦμεν

2132 2990 2258 3053 τοὺς
2288 2992 2608 3063 προσιόντας
2645 2996 2878 3059 ἑαυτοῖς,
2928 2997 3116 3069 ἐπειδὴ
3146 2999 3245 3068 οὐχ
3270 2997 3443 3062 οὕτως
3469 2998 3717 3052 διδάσκει

2134 3082 2194 3135 τὸ
2228 3084 2578 3153 Εὑαγγέλιον.
2619 3105 2637 3137 ι
2665 3085 2893 3152 Quidam
2921 3103 3052 3143 vero
3082 3094 3302 3144 nomine
3328 3090 3579 3157 Quintus,
3606 3109 3718 3145 na—

447 3178 763 3225 sentaneam
813 3182 935 3222 esse
987 3182 1092 3219 non
1136 3165 1304 3229 die“;
1362 3164 1763 3219 adOlescenlem
1817 3163 2026 3227 lalldal.
2058 3200 2103 3262 ρ
2140 3175 2285 3229 tione
2323 3175 2531 3248 Phryx,
2563 3180 2657 3247 qui
2687 3195 2856 3249 nuper
2878 3196 2944 3235 ex
2972 3180 3206 3254 Phrygia
3239 3185 3553 3251 advenerat,
3581 3200 3715 3239 cum

446 3261 592 3331 quod
630 3270 820 3331 negata
871 3259 972 3313 hac
1018 3258 1233 3315 licentia
1286 3263 1605 3326 perpetuam
1652 3255 2027 3326 virginitatem

446 3352 695 3418 coluerit,
728 3351 951 3405 minime
980 3365 1109 3405 vero
1133 3349 1276 3418 quod
1306 3349 1443 3418 ipse,
1475 3356 1533 3401 ut
1557 3363 1739 3417 pravae
1770 3348 2031 3415 interpre-

446 3443 682 3497 tationes
738 3442 984 3511 pluribus
1029 3448 1436 3509 persuaserant,
1481 3449 1773 3495 exsecutus
1829 3439 2028 3494 fuisset

442 3534 587 3606 quod
614 3535 806 3589 medici
832 3543 1179 3604 negaverant.

512 3648 576 3703 ll.
628 3647 796 3702 Paulo
843 3647 1105 3701 attentius
1156 3644 1550 3700 consideranda
1606 3642 1665 3699 S.
1709 3643 1911 3700 Justini
1959 3646 2026 3701 de

440 3739 705 3809 martyrio
727 3738 1023 3800 sententia,
1049 3752 1167 3805 qua:
1194 3737 1435 3804 ejusdem
1463 3736 1663 3791 eruditi
1693 3738 1793 3791 viri
1835 3753 2028 3793 censu-

440 3844 557 3884 ram
586 3844 691 3884 non
719 3828 923 3898 ell'ugit.
947 3825 1167 3881 Probati
1201 3826 1349 3881 fuere
1402 3830 1532 3900 (non
1574 3827 1720 3883 enim
1769 3829 2025 3884 dissimu-

439 3921 602 3979 lauda
634 3937 721 3977 res
747 3920 854 3991 est)
884 3919 941 3973 S.
992 3921 1245 3989 martyri,
1280 3920 1371 3990 qui
1423 3920 1699 3976 charitate
1745 3923 2023 3980 ferventes

438 4025 495 4071 et
517 4015 720 4085 Spiritu
761 4025 954 4068 sancto
984 4012 1196 4083 repleti,
1229 4014 1572 4082 semetipsos,
1615 4015 1830 4069 nemine
1860 4031 2022 4070 accu-

436 4117 617 4173 sante,
648 4105 988 4162 Christianos
1012 4105 1428 4174 essejudicibus
1451 4105 1789 4161 nuntiarunt.
1817 4106 2020 4162 Horum

434 4202 652 4256 virtutis
699 4199 1060 4253 admiratione
1102 4200 1394 4253 adductum
1442 4197 1643 4253 fatetur
1689 4214 1748 4255 se
1791 4215 1931 4263 esse,
1965 4211 2022 4256 ut

436 4292 801 4347 innocentiam
846 4290 1287 4346 Christianorum
1340 4300 1676 4361 agnosceret.
1736 4310 1756 4344 ι
1798 4291 1932 4346 Nam
1964 4304 2021 4348 et

437 4383 553 4455 ipse
582 4399 703 4453 ego,
736 4384 933 4453 inquit,
963 4384 1119 4451 Apol.
1153 4382 1208 4446 2,
1242 4400 1297 4437 n.
1348 4383 1436 4449 12,
1476 4398 1598 4437 cum
1656 4383 1897 4440 Platonis
1923 4386 2021 4441 do-

430 4477 606 4533 ctrina
649 4476 972 4542 delectarer,
1016 4492 1081 4530 ac
1131 4478 1198 4531 de
1224 4476 1544 4531 criminibus
1584 4476 1637 4531 in
1678 4476 2016 4534 Christianos

2135 3266 2362 3323 vidisset
2409 3271 2635 3335 bestias,
2668 3272 2864 3327 timore
2913 3277 3197 3343 perculsus
3244 3286 3348 3331 est.
3397 3276 3495 3331 llic
3543 3293 3717 3346 porro

2132 3362 2361 3429 eratqui
2390 3363 2631 3433 seipsum
2663 3374 2719 3419 et
2755 3365 2892 3421 alios
2913 3368 3144 3436 quodam
3176 3369 3470 3423 temerario
3503 3371 3714 3439 impetu

2132 3451 2405 3517 incitavit,
2433 3464 2494 3509 ut
2522 3455 2668 3511 ultro
2708 3448 3053 3514 accederent.
3084 3458 3219 3515 Huic
3246 3464 3535 3530 proconsul
3562 3464 3711 3516 mul-

2131 3545 2202 3599 tis
2231 3547 2712 3607 obsecrationibus
2738 3554 3012 3622 persuasit
3050 3553 3238 3622 jnrare
3284 3565 3339 3610 et
3373 3556 3707 3612 sacriﬁcare.

2127 3634 2364 3708 Propter
2394 3639 2499 3695 hoc
2524 3640 2709 3711 igitur,
2745 3642 2962 3709 fratres,
2992 3661 3098 3699 non
3131 3644 3423 3713 probamus
3447 3663 3559 3716 eos,
3608 3651 3706 3717 qui

2128 3740 2323 3797 sponte
2360 3746 2419 3786 se
2459 3731 2727 3800 otferunt;
2778 3735 3218 3803 quandoquidem
3268 3752 3374 3792 non
3418 3739 3491 3791 ita
3547 3740 3708 3793 docet

2128 3823 2503 3894 Evangelium.
2544 3846 2563 3879 ι
2602 3826 2763 3883 Solus
2807 3830 2896 3883 hic
2938 3829 3168 3895 Quintus
3198 3829 3559 3898 vituperatur,
3600 3846 3705 3886 nec

2127 3929 2250 3969 cum
2289 3931 2355 3972 eo
2381 3919 2637 3986 probrum
2690 3920 3026 3988 partiuntur,
3074 3920 3163 3988 qui
3217 3921 3363 3975 illius
3415 3923 3699 3991 impetum,

2126 4020 2235 4059 non
2263 4005 2470 4076 lapsum
2511 4009 2677 4063 secuti
2715 4018 2863 4065 sunt.
2900 4009 3139 4064 Verbum
3178 4010 3308 4065 illud
3355 4016 3705 4083 παραϐιασά-

2128 4114 2289 4169 μενος
2334 4114 2432 4155 sua
2478 4109 2670 4169 sponte
2719 4103 3070 4157 temerarium
3106 4104 3369 4173 impetum
3417 4106 3697 4174 declarat;

2125 4192 2219 4246 sed
2249 4193 2464 4247 accedit
2510 4193 2808 4249 auctoritas
2840 4195 3081 4262 Eusebii,
3107 4198 3198 4266 qui
3232 4197 3391 4268 hujus
3434 4198 3535 4253 loci
3573 4214 3698 4255 sen-

2125 4296 2247 4336 sum
2278 4297 2385 4336 non
2421 4284 2589 4337 verba
2617 4285 2867 4340 referens
2898 4285 3069 4353 Hist.,
3096 4303 3168 4351 ιν,
3204 4287 3291 4351 l5,
3322 4289 3398 4342 ait
3428 4290 3571 4345 hunc
3599 4292 3699 4345 ho-

2125 4376 2322 4430 minem
2354 4378 2808 4451 προπετέστερον,
2835 4380 2952 4434 ἀλλ’
2981 4380 3041 4433 οὐ
3072 4380 3190 4434 κατ’
3222 4380 3527 4448 εὐλάϐειαν,
3559 4402 3576 4433 ι
3612 4394 3694 4438 le-

2124 4469 2375 4522 meritate
2399 4471 2633 4539 quadam
2667 4487 2730 4525 ac
2761 4471 2981 4527 levitate
3025 4474 3282 4537 ductum,
3315 4488 3423 4529 non
3455 4491 3575 4529 cum
3603 4478 3694 4545 pio

429 4570 696 4639 conjectis
718 4570 1098 4633 audirem,eos
1127 4578 1307 4623 autem
1339 4568 1405 4622 ad
1447 4579 1677 4623 mortem
1713 4580 1769 4624 et
1808 4570 1875 4625 ad
1907 4571 2012 4625 alia
2044 4553 2092 4611 θ
2118 4575 2182 4615 ac
2226 4560 2481 4631 re“83050
2527 4570 2698 4627 πιοῑυν
2735 4578 2839 4617 “"3
2872 4578 2994 4618 Cum
3026 4564 3236 4633 θίίίίυοι
3282 4566 3405 4621 aliis
3430 4567 3494 4621 ad
3521 4571 3693 4624 "ibu-

427 4662 632 4724 omnia,
669 4676 791 4730 qua:
843 4661 1094 4714 videntur
1127 4661 1435 4725 metuenda,
1492 4659 1792 4729 impavidos
1819 4675 2012 4715 cerne-

428 4768 577 4820 rem;
609 4752 731 4808 lieri
754 4769 858 4807 non
886 4769 1046 4819 posse
1072 4753 1463 4823 iutelligebam,
1509 4762 1567 4806 ut
1600 4754 1652 4807 in
1684 4753 1927 4822 nequitia
1954 4762 2011 4807 et

428 4850 483 4903 in
511 4848 850 4915 voluptatum
881 4861 1069 4901 amore
1094 4848 1359 4901 viverent.
1415 4847 1551 4915 Quis
1587 4847 1731 4900 enim
1758 4846 2012 4899 libidino-

425 4957 519 4998 sus
540 4950 596 4996 et
627 4941 1019 5009 intemperans,
1049 4954 1113 4993 ac
1141 4940 1389 4993 humanae
1415 4937 1599 4992 carnis
1622 4936 1808 5005 epulas
1837 4936 1888 4989 iu
1916 4936 2012 4990 bo-

426 5035 510 5089 nis
535 5048 853 5097 numerans,
885 5040 1114 5085 mortem
1149 5030 1403 5099 amplecti
1436 5030 1603 5099 possit
1628 5038 1687 5082 ut
1711 5029 1869 5083 bonis
1896 5028 2010 5082 suis

423 5132 629 5190 careat,
656 5137 721 5178 ac
744 5138 849 5177 non
879 5122 1060 5191 potius
1089 5123 1143 5175 in
1174 5121 1277 5175 hac
1311 5120 1421 5174 vita
1449 5134 1662 5189 semper
1702 5119 1909 5173 versari
1955 5130 2010 5173 et

425 5218 785 5289 magistratus
810 5216 984 5271 latere
1015 5224 1279 5279 conetur;
1314 5214 1509 5268 nedum
1537 5215 1771 5282 seipsum
1798 5212 2008 5265 deferat

424 5322 600 5364 morte
620 5306 1030 5364 damnandum?
1070 5326 1087 5358 ι
1121 5304 1340 5360 Minime
1368 5320 1498 5375 ergo
1530 5307 1725 5358 mirum
1750 5303 1793 5359 si
1821 5301 2005 5355 laudes

425 5402 568 5457 illius
594 5401 647 5455 in
676 5397 865 5455 eadem
904 5398 1085 5468 Apol.,
1128 5414 1185 5452 ιι.
1230 5395 1289 5462 2,
1338 5408 1586 5451 meruere
1627 5410 1748 5449 cum
1802 5392 2004 5447 Lucius

424 5506 654 5565 martyr,
705 5495 795 5562 qui
848 5493 906 5548 S.
975 5491 1323 5545 Ptolemaeum
1353 5491 1418 5542 ad
1471 5488 1793 5558 supplicium
1823 5484 2002 5556 abripi

422 5585 614 5639 videns
644 5585 984 5654 iniquitatem
1012 5582 1214 5652 jndicis
1238 5581 1532 5650 redarguit,
1557 5589 1614 5633 et
1640 5580 1826 5634 statim
1867 5594 1999 5633 con-

422 5677 597 5733 fessus
623 5690 684 5731 se
722 5692 843 5733 esse
871 5675 1243 5731 Christianum
1274 5674 1432 5728 simul
1460 5672 1717 5743 abreptus
1743 5682 1857 5739 est;
1886 5679 1997 5727 tum

494 5832 539 5867 ιο
562 5831 751 5889 Matth.
778 5847 825 5899 ν,
864 5796 1072 5888 33-7.50
1104 5785 1137 5885 ι’
1161 5798 1284 5886 πῖνέ.
1328 5790 1508 5896 ἓιίδι.

2119 4650 2207 4704 nal
2235 4652 2576 4721 prosiluisse.
2615 4671 2635 4704 ι
2672 4653 2778 4707 Pro
2804 4669 2870 4708 eo
2899 4656 3041 4723 quod
3094 4658 3147 4710 in
3197 4656 3427 4725 epistola
3472 4658 3687 4727 legitur,

2114 4744 2215 4817 οὐκ
2254 4744 2584 4816 ἐπαινοῦμεν
2626 4748 2750 4810 τοὺς
2778 4748 3100 4817 προσιόντας
3142 4750 3389 4815 ἑαυτοῖς,
3440 4752 3689 4807 observat

2104 4816 2420 4905 Eusebius,
2452 4857 2471 4889 ‹
2520 4854 2626 4893 non
2675 4839 2838 4893 licere
2882 4840 3079 4894 talibus
3131 4843 3439 4896 hominibus
3477 4860 3496 4895 ι
3539 4844 3686 4914 pido.

2114 4928 2373 4993 κινδύνως
2420 4931 2512 4983 καὶ
2559 4930 2870 4995 ἁνευλαϐὦς
2917 4932 3299 5005 κατατολμᾷν,
3349 4952 3369 4985 ι
3426 4937 3684 5005 praecipiti

2114 5022 2342 5078 audacia
2372 5039 2435 5077 ac
2465 5024 2586 5079 sine
2615 5025 2725 5079 ullo
2751 5025 3090 5081 inlirmitatis
3119 5041 3231 5081 sua:
3260 5038 3506 5096 respectu
3537 5031 3679 5097 peri-

2112 5115 2253 5169 culis
2293 5130 2353 5169 se
2394 5116 2654 5185 obiicere.
2689 5136 2708 5168 ι
2761 5117 2913 5172 Unde
2945 5118 3058 5171 haec
3088 5119 3297 5173 notavit
3334 5119 3675 5175 Colelerius:

2115 5227 2134 5260 ι
2173 5208 2229 5262 ln
2258 5210 2343 5263 his
2380 5212 2705 5289 enarrandis
2746 5210 2904 5280 paulo
2941 5211 3185 5278 liberius,
3220 5228 3319 5267 nec
3342 5215 3477 5268 satis
3513 5214 3680 5270 ﬁdeli-

2109 5307 2197 5355 ter
2228 5311 2477 5356 versatus
2526 5312 2608 5357 est
2656 5303 2967 5369 Eusebius,
3019 5316 3302 5373 metuens,
3349 5307 3561 5376 opinor,
3612 5325 3678 5364 ne

2110 5394 2446 5462 martyribus
2474 5394 2744 5463 plurimis,
2784 5396 2875 5463 qui
2908 5409 2969 5448 se
3010 5393 3313 5463 indicibus,
3368 5394 3479 5451 Deo
3520 5399 3674 5453 insti-

2110 5496 2310 5555 gante,
2357 5486 2714 5552 obtulerunt,
2748 5486 3126 5557 praajudicium
3176 5489 3350 5543 fieret.
3387 5508 3406 5541 ι
3432 5508 3435 5513 ⁴
3462 5490 3521 5544 S.
3550 5490 3672 5547 Cle-

2106 5579 2306 5633 mentis
2352 5579 2704 5635 Alexandrini
2759 5581 3067 5643 sententia,
3116 5581 3219 5635 nisi
3270 5582 3459 5636 eodem
3520 5586 3671 5639 modo

2103 5672 2438 5744 eXplicetur,
2494 5686 2602 5743 quo
2650 5672 2934 5741 epistolam
2980 5672 3370 5744 Smyrnensem
3416 5676 3672 5747 explicuit
