3932 6258
228 326 301 381 illi
1324 337 1381 391 D.
1426 336 1689 392 MARANI
1721 337 1822 391 PR.

1932 337 2114 396 ATIO.
2148 372 2214 381 —-
2246 340 2429 396 PARS
2464 343 2525 398 ιι.

236 452 488 516 Eusebius,
521 453 925 511 immoderata
962 457 1277 524 videbitur,
1307 476 1368 515 ac
1400 476 1505 515 non
1538 477 1631 515 eos
1661 462 1833 516 solum
1867 467 1913 523 Α

239 548 525 616 vituperare
558 546 660 616 qui
694 547 930 617 seipsos
973 550 1249 617 oﬂ‘erunt,
1280 550 1370 606 sed
1399 566 1495 607 eos
1524 553 1712 615 etiam,
1746 552 1838 620 qui

245 655 334 693 non
359 638 596 708 fugiunt,
638 638 889 705 Strom.,
932 658 990 706 ν,
1024 658 1082 713 p.
1111 642 1239 698 508.
1277 643 1596 698 Accuratius
1628 644 1840 698 videtur

242 734 294 788 S.
323 732 510 787 Petrus
547 731 993 789 Alexandrinus
1024 750 1093 790 ea
1126 736 1195 791 de
1223 751 1280 791 re
1311 736 1587 794 statuisse.
1636 736 1695 791 In
1730 739 1835 802 eis,

238 826 319 895 qui
342 839 434 878 sua
464 834 679 893 sponte
708 827 1051 895 prodierant
1078 828 1148 882 ad
1176 828 1836 901 conﬁtendumpprudeu-

240 921 355 973 tiam
378 916 593 972 Christi
616 927 679 972 et
703 920 1089 987 apostolorum
1114 921 1379 990 exemplis
1408 932 1835 977 couseutaneam

242 1013 475 1083 requirit,
495 1012 600 1066 sed
629 1022 826 1067 tamen
854 1028 983 1068 cum
1009 1014 1094 1069 eis
1116 1015 1631 1069 communicandum
1655 1014 1837 1070 decla-

241 1118 334 1169 rat,
362 1125 381 1157 ‹
426 1115 488 1158 ut
517 1106 619 1174 qui
658 1107 721 1160 in
746 1107 955 1162 Christi
987 1110 1215 1164 nomine
1256 1109 1356 1163 hoc
1392 1109 1647 1174 fecerint,
1685 1129 1704 1162 ι
1738 1111 1833 1164 ἅτε

234 1200 289 1270 δὴ
332 1202 388 1252 ἐν
428 1199 672 1270 ὀνόματι
731 1200 977 1271 Χριστοῦ
1032 1203 1460 1274 παρερχομένοις
1508 1205 1589 1268 εἰς
1639 1204 1829 1269 τοῦτο,

229 1306 352 1345 ean.
401 1292 458 1345 9.

297 1383 590 1438 Nonnullae
642 1392 803 1438 certe
846 1385 1114 1440 exstitere
1164 1386 1487 1440 occasiones
1530 1386 1584 1440 in
1632 1386 1831 1457 quibus

229 1478 466 1545 seipsum
500 1475 716 1531 oﬂ‘erre
758 1475 1035 1531 laudabile
1072 1478 1332 1533 omnibus
1362 1479 1674 1546 videretur;
1707 1495 1828 1534 cum

228 1569 490 1622 nimirum
517 1568 581 1634 ii,
618 1570 716 1638 qui
742 1570 921 1639 primo
943 1570 1252 1625 certamine
1277 1572 1515 1640 superati
1552 1572 1832 1627 sacrifica-

231 1670 448 1721 veraut,
484 1662 774 1729 reparatis
808 1662 1019 1716 viribus
1048 1663 1117 1715 ad
1144 1678 1379 1733 pugnam
1423 1663 1685 1719 redirent.
1720 1664 1828 1719 La-

230 1754 344 1821 psis
372 1755 832 1809 communionem
857 1754 1008 1823 justo
1046 1756 1214 1810 citius
1257 1757 1609 1825 poscentibus
1634 1767 1830 1814 auctor

231 1854 315 1900 est
356 1844 415 1899 S.
446 1844 772 1916 Cyprianus
811 1848 864 1901 in
904 1848 1065 1918 epist.
1099 1848 1186 1913 14,
1232 1859 1290 1902 ut
1328 1850 1395 1903 ad
1439 1865 1673 1920 pugnam
1700 1854 1827 1907 red-

228 1936 405 1990 eundo
473 1947 730 2006 optatam
808 1952 1000 2008 pacem
1048 1951 1474 2009 consequantur.
1525 1941 1581 1996 S.
1629 1942 1827 2000 Petrus

228 2028 640 2084 Alexandrinus
662 2070 680 2093 ,
710 2044 839 2083 can.
875 2028 928 2093 8,
966 2030 1070 2096 eis,
1103 2031 1196 2101 qui
1244 2032 1485 2087 secundo
1513 2033 1724 2102 praelia,
1758 2036 1825 2091 ad

228 2124 371 2191 quod
398 2122 544 2177 ultro
569 2122 926 2191 prodierant,
955 2124 1195 2180 victores
1219 2123 1455 2190 fuerant,
1480 2130 1824 2185 communio-

228 2230 351 2271 nem
380 2215 688 2280 concedit,
719 2228 1029 2285 eorumque
1076 2218 1345 2272 actionem
1386 2220 1823 2289 perfectissimam

224 2310 589 2375 minutiam
633 2325 751 2364 esse
779 2309 1043 2367 declarat.
1086 2308 1342 2366 Testatur
1366 2313 1451 2366 vir
1478 2315 1824 2371 doctissimus

223 2400 491 2455 Eusebius
520 2399 829 2455 Renaudot
856 2398 1066 2464 Perpet.
1097 2402 1193 2469 ﬁd.
1214 2444 1229 2469 ,
1269 2403 1481 2473 tom.V,
1504 2404 1541 2458 Ι.
1572 2421 1660 2471 ιιι,
1688 2422 1737 2460 c.
1766 2406 1821 2468 7,

223 2493 389 2562 lapsis
425 2494 576 2564 apud
620 2494 871 2563 Cophtas
916 2504 969 2549 et
1019 2496 1296 2551 Jacobitas
1341 2498 1619 2567 prmscribi
1664 2508 1723 2553 ut
1758 2500 1825 2555 ad

224 2596 501 2642 certamen
530 2588 792 2642 redeant.
817 2587 1020 2643 Leuius
1049 2598 1278 2660 egerunt
1308 2589 1483 2645 sancti
1506 2589 1696 2645 Patres
1724 2606 1825 2646 nec

224 2680 330 2746 iis,
366 2682 459 2751 qui
499 2681 765 2736 luctuosa
817 2682 1152 2738 infirmitatis
1199 2684 1499 2754 specimiua
1538 2682 1822 2749 dederant,

225 2782 432 2826 tantum
464 2789 618 2829 onus
665 2774 1058 2846 imponendum
1108 2777 1401 2830 duxerunt.
1448 2774 1559 2830 Cur
1602 2776 1821 2844 probari

225 2879 330 2915 non
360 2865 638 2930 solerent,
675 2868 771 2935 qui
808 2882 869 2922 se
899 2867 1044 2922 ultro
1072 2865 1403 2930 oll‘erebant,
1437 2868 1488 2922 in
1523 2884 1687 2923 causa
1722 2867 1824 2921 fuit

227 2953 409 3009 eadem
433 2956 705 3010 humanae
730 2957 1128 3012 imbecillitatis
1145 2958 1532 3026 consideratio,
1552 2974 1671 3028 quae
1688 2974 1823 3013 uou-

227 3062 499 3117 nunquam
536 3049 594 3103 in
630 3050 723 3114 iis,
754 3049 851 3118 qui
884 3061 1075 3122 sponte
1103 3054 1170 3107 ad
1201 3060 1477 3106 certamen
1506 3054 1821 3122 prodibant,

224 3137 466 3195 infelices
497 3142 694 3194 exitus
729 3142 1015 3197 habuerat.
1069 3178 1087 3193 .

293 3228 584 3300 Przrcipue
617 3246 754 3285 vero
779 3232 833 3285 iu
856 3230 1127 3287 Justiuum
1153 3234 1374 3302 iniquus
1401 3245 1486 3290 est
1516 3235 1658 3290 idem
1684 3235 1821 3291 scri-

226 3330 367 3389 ptor,
402 3338 533 3377 cum
578 3339 713 3378 eum
761 3324 816 3378 iu
856 3327 1043 3379 eadem
1076 3326 1361 3397 Apologia,
1392 3344 1447 3386 n.
1489 3327 1547 3393 4,
1582 3328 1820 3383 ethnicis

223 3413 570 3469 Christianos
604 3417 678 3468 ad
714 3426 949 3470 mortem
993 3416 1098 3470 sibi
1146 3418 1276 3486 ipsis
1310 3418 1645 3473 inferendam
1692 3420 1823 3473 hor-

227 3508 462 3561 tantibus
492 3510 566 3560 ita
604 3508 944 3576 respondere
978 3510 1077 3573 ait,
1118 3521 1179 3564 ut
1218 3510 1490 3565 actionem
1530 3511 1678 3565 illam
1711 3527 1817 3567 non

227 3601 521 3667 vituperet.
562 3598 897 3669 Litigiosum
929 3600 1093 3669 hujus
1116 3602 1354 3657 hominis
1382 3604 1621 3657 animum
1653 3619 1822 3672 agno-

227 3701 341 3743 scet
370 3691 630 3759 quisquis
673 3691 854 3744 locum
892 3691 1073 3761 legere
1105 3707 1209 3748 non
1247 3694 1583 3762 gravabitur.
1616 3693 1821 3747 Conce-

229 3783 336 3850 ptis
365 3782 514 3836 enim
544 3782 738 3836 verbis
772 3782 1022 3837 declarat
1045 3781 1300 3839 Justinus
1326 3784 1667 3839 Christianos
1691 3798 1820 3838 con-

230 3885 309 3927 tra
338 3875 432 3928 Dei
461 3875 810 3929 voluntatem
846 3886 1122 3940 venturos,
1147 3876 1191 3930 si
1226 3878 1295 3929 ita
1321 3891 1381 3931 se
1410 3886 1620 3947 gerant.

297 3964 383 4018 lll.
426 3964 539 4019 Sed
582 3966 867 4019 fatendum
915 3977 998 4021 est
1044 3966 1300 4020 nonnulla
1343 3982 1494 4036 esse,
1537 3968 1591 4022 in
1621 3969 1817 4037 quibus

230 4070 413 4110 verum
439 4056 700 4112 Justinus
732 4074 839 4113 non
867 4060 1022 4113 vidit.
1056 4058 1259 4114 Praeter
1288 4075 1513 4129 regnum
1545 4061 1692 4114 mille
1720 4076 1819 4114 au-

231 4167 442 4217 norum,
479 4150 718 4219 angelos
748 4164 872 4204 cum
908 4151 1228 4206 mulieribus
1267 4152 1436 4220 stupri
1466 4151 1819 4205 consuetudi-

230 4260 349 4297 nem
384 4244 673 4307 habuisse,
708 4244 1016 4298 versionem
1048 4243 1194 4298 LXX
1227 4244 1588 4313 interpretum
1617 4243 1817 4298 divini-

228 4347 316 4389 tus
346 4337 682 4405 inspiratam
736 4335 907 4391 fuisse
946 4337 1319 4401 existimavit,
1368 4345 1533 4404 atque
1573 4335 1627 4388 hi
1680 4335 1814 4388 uaevi

229 4442 551 4483 communes
588 4429 639 4482 ei
684 4443 807 4480 cum
836 4427 1083 4497 pluribus
1109 4427 1232 4481 aliis
1265 4429 1546 4481 veteribus
1580 4426 1814 4495 scripto-

3422 358 3527 414 102

2012 462 2163 517 Mirae
2196 464 2446 532 profecto
2494 463 2730 520 hominis
2775 466 2978 521 eruditi
3024 470 3518 532 ratiocinationes!

1943 553 2128 609 Sancti
2156 554 2346 610 Patres
2366 557 2569 610 critica).
2588 557 2839 626 praesidio
2853 560 3094 616 destituti
3119 574 3214 618 aut
3231 568 3386 621 malae
3400 568 3523 638 phi-

1938 648 2201 717 1050phiaa
2224 649 2497 717 mysteriis
2526 649 2722 703 initiati
2744 650 2797 703 in
2826 653 3101 710 nonnullis
3124 657 3284 713 rebus
3300 674 3524 718 errave-

1941 752 2068 795 runt
2101 758 2114 793 :
2145 738 2345 794 nullius
2396 754 2531 809 ergo
2576 740 2835 808 ponderis
2884 742 2935 796 in
2978 744 3098 799 aliis
3130 749 3291 804 rebus
3329 765 3517 807 eorum

1941 848 2241 888 consensus
2268 832 2354 886 vel
2386 833 2620 887 maxime
2650 836 2946 892 unanimis.
2980 836 3118 903 Quid
3148 839 3436 903 absurdius
3463 845 3518 899 in

1940 934 2178 979 mentem
2217 924 2406 979 venire
2444 926 2697 995 poterat?
2739 925 2980 993 Quorum
3023 931 3167 985 enim
3205 933 3515 1005 dogmatqu

1938 1022 2105 1070 testes
2134 1016 2368 1068 citamus
2398 1024 2619 1069 sanctus
2652 1016 2863 1085 Patres,
2899 1020 2967 1073 ab
2998 1021 3084 1076 his
3114 1022 3331 1091 quidem
3360 1041 3519 1082 aver-

1939 1120 2053 1165 tere
2092 1117 2394 1177 potueruut
2425 1110 2635 1164 critica:
2681 1110 2924 1167 defectus
2953 1123 3009 1168 et
3033 1115 3229 1171 vitiosa
3272 1119 3519 1187 philoso-

1936 1197 2062 1265 phia
2101 1218 2113 1251 :
2156 1196 2380 1250 minime
2411 1212 2542 1251 vero
2584 1199 2651 1252 ad
2683 1214 2744 1254 ea
2785 1204 3143 1273 excogitanda
3189 1210 3511 1277 perducere.

1936 1287 2275 1342 Testimouia
2295 1286 2533 1356 petimus
2555 1304 2583 1340 a
2610 1290 2812 1344 sanctis
2844 1290 3117 1361 Patribus,
3137 1304 3195 1349 ut
3224 1298 3515 1365 probemus

1937 1379 2226 1433 materiam
2267 1393 2332 1433 ex
2369 1377 2542 1431 nihilo
2572 1390 2842 1447 creatam,
2868 1400 3036 1438 unum
3083 1402 3204 1443 esse
3250 1389 3303 1443 iu
3341 1391 3514 1446 tribus

1934 1471 2185 1543 personis
2217 1471 2411 1538 Deum,
2435 1486 2625 1527 omnes
2648 1474 2896 1531 homines
2922 1477 3111 1531 Adami
3137 1493 3365 1548 peccato
3386 1498 3513 1537 cou-

1935 1566 2246 1631 demnatos,
2276 1566 2403 1634 quia
2446 1580 2635 1621 omnes
2669 1568 2722 1620 in
2754 1569 2963 1624 Adamo
2993 1585 3388 1639 peccaverunt;
3418 1575 3509 1629 Fi-

1932 1658 2064 1712 lium
2093 1658 2183 1711 Dei
2219 1668 2420 1713 nostra:
2449 1660 2643 1714 salutis
2668 1675 2830 1715 causa
2861 1676 2927 1716 ex
2961 1661 3177 1733 Virgine
3205 1679 3330 1720 vere
3356 1668 3512 1736 geni-

1936 1761 2087 1817 tum,
2132 1766 2431 1821 verumque
2484 1752 2653 1806 Deum
2699 1763 2756 1809 et
2801 1769 2988 1808 verum
3036 1757 3305 1812 hominem
3352 1773 3503 1826 esse;

1932 1847 2206 1900 neminem
2235 1845 2529 1914 justiﬁcari
2563 1862 2743 1917 posse,
2775 1849 2876 1902 nisi
2927 1863 3023 1917 per
3061 1848 3219 1902 fidem
3251 1864 3372 1917 quae
3410 1867 3508 1920 per

1926 1939 2255 1995 charitatem
2288 1940 2343 1993 in
2374 1940 2537 1995 corda
2572 1946 2757 1994 nostra
2796 1955 2825 1992 a
2860 1939 3065 2007 Spiritu
3117 1950 3308 1994 sancto
3345 1940 3506 1996 dili'u-

1927 2045 2044 2084 sam
2068 2040 2330 2099 operatur
2349 2031 2414 2097 ³¹;
2442 2047 2603 2086 uuam
2629 2046 2851 2101 prorsus
2866 2030 3159 2085 Ecclesium
3185 2045 3327 2098 esse,
3348 2032 3507 2101 cujus

1927 2136 2026 2175 nec
2066 2123 2247 2177 unitas
2282 2138 2518 2193 unquam
2550 2123 2746 2191 rumpi,
2782 2137 2884 2176 uec
2914 2122 3049 2175 fides
3078 2123 3319 2191 perverti
3346 2133 3506 2193 pote-

1929 2215 2033 2279 rit;
2062 2224 2216 2269 extra
2246 2230 2410 2284 quam
2438 2214 2675 2284 Spiritus
2703 2224 2927 2268 sanctus
2953 2214 3139 2268 haberi
3173 2231 3277 2269 non
3305 2225 3500 2285 potest.

1927 2305 2055 2362 llmc
2086 2316 2143 2361 et
2185 2306 2291 2361 alia
2332 2305 2595 2374 ejusmodi
2639 2308 2894 2374 dogmata
2940 2320 3007 2360 cx
3048 2306 3321 2361 mentibus
3360 2306 3501 2362 elabi

1927 2407 2206 2468 poterant,
2238 2399 2362 2453 dum
2398 2408 2492 2451 aut
2526 2397 2648 2452 libri
2674 2397 2913 2451 haeretici
2945 2398 3044 2450 sub
3072 2397 3246 2450 sancti
3274 2397 3503 2467 alicujus

1926 2491 2147 2546 nomine
2173 2491 2468 2545 inscienter
2499 2489 2771 2558 leguntur,
2800 2498 2894 2542 aut
2919 2488 3225 2558 philosophi
3265 2490 3499 2543 audiun-

1927 2594 2017 2640 tur
2060 2584 2348 2640 incautius.
2393 2583 2463 2636 At
2508 2582 2629 2651 quis
2657 2595 2894 2650 unquam
2949 2590 3041 2634 aut
3095 2581 3381 2636 haereticos
3424 2581 3502 2635 le-

1926 2676 2125 2747 gendo,
2163 2684 2257 2729 aut
2291 2674 2646 2746 phil050phos
2691 2674 2961 2728 audiendo
2998 2675 3064 2727 ad
3108 2675 3248 2727 hanc
3293 2674 3501 2729 doctri-

1925 2785 2085 2836 nam,
2118 2769 2205 2824 cui
2244 2769 2610 2839 patrocinium
2652 2785 2682 2823 a
2718 2768 2924 2825 sanctis
2958 2767 3208 2823 Patribus
3237 2769 3495 2839 petimus,

1925 2864 2240 2931 pervenisse
2268 2862 2522 2918 dicetur?
2626 2886 2650 2904 ο

1999 2955 2155 3011 Scire
2181 2955 2347 3010 etiam
2378 2956 2537 3011 velim
2577 2970 2826 3024 quaenam
2863 2954 2936 3010 sit
2976 2951 3064 3008 illa
3095 2968 3340 3009 errorqu
3377 2953 3499 3008 inli-

1924 3048 2041 3103 uita
2070 3048 2381 3113 multitudo,
2413 3062 2575 3117 quam
2626 3062 2694 3101 ex
2743 3045 3098 3116 Septuaginta
3136 3046 3496 3115 interpretum

1845 3167 1893 3230 ο
1918 3140 2122 3209 jactata
2168 3138 2528 3209 inspiratione
2569 3154 2669 3209 par
2710 3147 2831 3192 erat
2876 3137 3161 3207 perﬂuere.
3207 3138 3340 3192 Nam
3375 3153 3496 3193 eum

1927 3234 2101 3303 ipsum
2152 3232 2449 3303 Scriptura:
2498 3240 2811 3285 contextum
2862 3230 3127 3284 divinitus
3172 3231 3494 3300 iuspiratum

1925 3339 2046 3380 esse
2093 3325 2242 3379 inter
2285 3337 2479 3378 omnes
2525 3324 2882 3388 conveniret;
2932 3323 3289 3391 periculosius
3327 3323 3497 3377 multo

1923 3433 2033 3473 non
2058 3424 2178 3471 erat
2209 3415 2722 3484 interpretationem
2753 3415 3013 3469 divinitus
3042 3415 3359 3482 inspiratam
3382 3430 3498 3470 cre-

1924 3511 2075 3573 dere,
2109 3522 2270 3576 quam
2310 3516 2567 3561 accurate
2613 3516 2668 3560 et
2715 3505 3006 3573 diligenter
3035 3504 3389 3560 elaboratam.
3436 3506 3492 3559 lu

1926 3609 2161 3666 utraque
2191 3599 2336 3651 enim
2370 3599 2627 3666 Opinione
2669 3610 2883 3660 sensus,
2926 3612 3085 3665 quem
3119 3597 3495 3666 interpretatio

1923 3692 1977 3744 iu
2014 3690 2189 3744 aliena
2236 3689 2415 3760 lingua
2454 3688 2905 3757 reprazsentabat,
2934 3702 3085 3757 aeque
3116 3703 3145 3741 a
3179 3688 3290 3744 Deo
3323 3690 3494 3744 tradi-

1924 3790 2011 3835 tus
2042 3779 2214 3834 videri
2241 3780 2448 3835 debuit.
2471 3777 2587 3833 Non
2621 3780 2794 3849 major
2824 3794 2954 3850 ergo
2976 3782 3194 3834 inducta
3226 3782 3494 3850 pernicies

1920 3874 1990 3926 ab
2019 3872 2104 3927 his
2134 3873 2224 3941 qui
2261 3870 2614 3941 Septuaginta
2649 3872 2976 3940 interpretes
3003 3887 3032 3925 a
3067 3872 3271 3941 Spiritu
3301 3884 3493 3928 sancto

1927 3964 2137 4019 amatos
2162 3965 2329 4020 fuisse
2356 3966 2635 4031 dixerunt,
2667 3983 2829 4036 quam
2858 3968 2928 4021 ab
2960 3966 3044 4019 his
3073 3966 3166 4035 qui
3200 3964 3412 4020 illorum
3438 3966 3491 4021 in

1923 4061 2339 4130 interpretando
2364 4062 2698 4130 diligentiam
2724 4062 3034 4117 laudarunt.

1993 4150 2083 4206 IV.
2125 4152 2272 4206 Citat
2317 4154 2480 4207 etiam
2521 4169 2641 4222 cap.
2677 4155 2729 4219 l,
2763 4154 2900 4207 idem
2945 4155 3180 4223 scriptor
3221 4168 3322 4223 ea,
3371 4171 3492 4225 qua:

1921 4253 2180 4299 auctores
2207 4242 2438 4313 Europae
2465 4246 2684 4299 erudin
2711 4246 2776 4299 ad
2800 4261 2999 4300 annum
3033 4246 3193 4311 l7l8,
3222 4250 3288 4301 de
3323 4262 3492 4319 regno

1927 4337 2072 4390 mille
2107 4352 2376 4389 annorum
2402 4354 2429 4389 a
2461 4337 2706 4406 pluribus
2728 4338 3114 4393 ecclesiasticis
3136 4340 3491 4409 scriptoribus

1919 4431 2173 4500 adoptato
2200 4433 2280 4485 sic
2331 4431 2732 4499 pronuntiant:
2771 4449 2789 4481 ι
2820 4429 3014 4484 Αιιηοη
3059 4430 3174 4484 fieri
3213 4434 3389 4499 potuit
3434 4442 3492 4487 ut

231 4518 376 4574 ribus
416 4521 669 4575 fuerunt.
702 4519 842 4585 Quid
873 4520 997 4573 inde
1022 4520 1244 4589 colliget
1278 4519 1360 4574 Cl.
1402 4517 1816 4589 Barbeyracus?
1847 4504 1892 4559 Ῑ)
1920 4523 2012 4593 qui
2040 4539 2161 4578 cum
2191 4523 2449 4592 apostolis
2480 4524 2747 4587 vixerunt,
2776 4537 2963 4577 eorum
2992 4525 3316 4577 sententiam
3350 4525 3490 4580 male

234 4632 255 4665 ι
294 4614 349 4667 Si
383 4624 493 4666 tam
522 4615 835 4668 oscitanter
857 4612 962 4665 labi
996 4622 1241 4682 potuere,
1273 4612 1466 4681 inquit,
1490 4626 1541 4664 c.
1562 4610 1619 4674 2,
1650 4609 1812 4679 p.14,

231 4707 283 4760 in
312 4706 579 4775 ejusmodi
614 4705 813 4770 rebus;
848 4705 977 4772 quid
1029 4704 1373 4759 auctoritatis
1411 4703 1654 4757 tribuere
1690 4715 1814 4769 pos-

229 4814 409 4853 sumus
430 4813 627 4853 eorum
653 4798 943 4851 consensui
967 4796 1053 4851 vel
1083 4789 1319 4850 maxime
1344 4795 1584 4848 unanimi
1614 4795 1666 4847 in
1692 4794 1813 4847 aliis

230 4893 425 4958 rebus,
458 4893 515 4946 in
548 4891 750 4960 quibus
786 4904 941 4959 teque
984 4888 1176 4943 Saltem
1222 4888 1443 4941 obnoxii
1483 4887 1631 4939 fuere
1663 4887 1814 4939 aber-

230 4990 537 5044 ratiouibus
582 4988 735 5042 falsrc
772 4986 983 5042 criticae
1013 5003 1076 5042 ac
1097 4986 1385 5041 deterioris
1417 4984 1814 5055 philosophia}?

230 5080 325 5137 νει
354 5082 459 5136 boc
492 5097 663 5134 unum
696 5079 1013 5148 exemplum
1048 5078 1423 5147 inspirationis
1457 5077 1811 5145 Septuaginta

226 5175 610 5243 interpretum,
633 5188 755 5243 qua:
778 5171 1085 5242 generatim
1109 5171 1313 5223 credita
1346 5169 1446 5222 fuit
1467 5176 1589 5220 ante
1618 5167 1675 5219 S.
1695 5166 1815 5219 llie—

224 5282 534 5338 rouymum,
562 5268 634 5320 ita
660 5281 860 5320 nexum
892 5271 949 5317 et
972 5262 1280 5331 colligatum
1306 5271 1391 5314 est
1418 5275 1540 5314 cum
1567 5261 1812 5312 innume-

229 5358 492 5412 rabilibus
522 5357 833 5419 erroribus,
871 5369 1015 5423 quos
1044 5354 1167 5407 inde
1200 5350 1529 5406 naturaliter
1551 5350 1810 5417 consequi

227 5469 316 5520 par
346 5462 489 5515 erat,
513 5464 571 5505 ut
591 5452 725 5506 nihil
752 5447 1002 5519 amplius
1032 5448 1342 5517 requiratur
1366 5446 1434 5499 ad
1462 5444 1810 5499 evertendam

228 5547 466 5601 funditus
494 5546 713 5599 Patrum
754 5553 813 5599 et
866 5538 1183 5596 traditionis
1208 5540 1614 5602 auctoritatem,
1650 5549 1808 5605 quam

228 5640 511 5709 Scriptura:
538 5642 736 5696 audent
764 5638 1094 5706 adxquare.

301 5800 339 5829 "
373 5797 524 5855 Rom.
558 5814 606 5865 v,
634 5800 685 5855 5.

1920 4614 2316 4680 intellexerint,
2351 4613 2565 4682 sibique
2598 4614 2697 4668 visi
2741 4615 2852 4669 sint
2881 4617 2948 4668 ab
2977 4614 3058 4669 eis
3091 4615 3367 4684 accepisse
3393 4616 3490 4668 do-

1917 4708 2170 4769 ctrinam,
2204 4721 2324 4774 quae
2373 4712 2555 4758 tamen
2593 4720 2820 4759 errouea
2867 4706 3047 4760 esset?
3092 4704 3206 4759 Hoc
3242 4704 3488 4774 profecto

1916 4800 2032 4854 ﬁeri
2081 4810 2257 4869 potest
2300 4813 2313 4850 :
2358 4812 2465 4850 non
2509 4798 2651 4850 enim
2703 4798 2899 4851 desunt
2936 4797 3184 4864 exempla
3228 4794 3486 4850 similium

1914 4906 2183 4946 errorum.
2220 4889 2443 4944 Dicebat
2478 4889 2671 4957 Papias
2704 4903 2761 4941 se
2803 4889 2870 4941 ab
2914 4889 3172 4956 apostolis
3213 4888 3488 4956 accepisse

1916 4982 2167 5053 (Euseb.,
2201 4981 2372 5047 Hist.,
2406 4997 2457 5049 ν,
2491 4982 2586 5049 59)
2612 5022 2626 5044 ,
2659 4992 2877 5035 sanctos
2906 4980 3197 5048 aliquando
3231 4978 3283 5032 in
3323 4977 3486 5032 terris

1917 5082 2239 5142 regnaturos
2283 5086 2406 5124 cum
2460 5071 2680 5125 Christo
2728 5086 2826 5138 per
2872 5068 3022 5123 mille
3051 5082 3272 5134 annos;
3324 5077 3487 5137 atque

1915 5164 2023 5218 hoc
2059 5165 2275 5233 dogma,
2308 5164 2410 5218 etsi
2441 5163 2658 5227 falsum,
2686 5165 3003 5229 adoptatum
3038 5160 3139 5214 fuit
3167 5175 3196 5213 a
3228 5173 3486 5232 praestan-

1916 5258 2141 5312 tissimis
2174 5256 2579 5312 Cbristianismi
2625 5256 2781 5319 viris,
2823 5252 3056 5315 Justino,
3104 5253 3326 5316 Irenaeo,
3373 5251 3482 5307 Ne-

1914 5360 2066 5421 pote,
2094 5350 2398 5415 Victorino,
2425 5349 2732 5411 Lactantio,
2761 5347 2999 5417 Sulpicio
3030 5345 3261 5411 Severo,
3285 5344 3484 5412 Quinto

1911 5441 2058 5496 Julio
2086 5442 2391 5508 llilarioue,
2422 5441 2833 5507 Commodiano,
2867 5440 2957 5508 qui
2990 5438 3119 5493 lllud
3145 5437 3483 5493 defendendo

1912 5536 2241 5589 videbantur
2265 5534 2368 5589 sibi
2400 5532 2759 5602 apostolicam
2795 5530 3140 5586 traditionem
3169 5528 3477 5583 defendere.

1912 5630 2105 5703 Opera:
2147 5646 2277 5703 ergo
2325 5631 2559 5703 pretium
2605 5636 2753 5685 esset
2804 5628 2961 5684 nobis
3004 5627 3247 5685 indicare
3289 5626 3483 5697 quibus
