3932 6258
455 331 564 388 105

1400 326 1455 381 S.
1492 324 1826 383 JUSTINUS
1859 323 2342 383 PHILOSOPHUS
2366 324 2453 379 ET
2485 323 2794 379 MARTYR.

3611 324 3732 382 101

443 453 589 505 notis
634 447 889 519 cognosci
938 447 1113 517 possit
1155 444 1343 501 Patres
1383 463 1489 501 non
1534 463 1756 512 errare,
1790 464 1913 503 cum
1944 465 2007 503 ea
2039 458 2085 512 Α
2118 447 2360 512 lncarn.,
2391 463 2441 500 c.
2469 446 2518 500 1.
2556 447 2689 513 Quis
2731 460 2837 498 non
2863 444 3010 499 videt
3033 442 3300 511 ejusmodi
3326 442 3725 513 conjecturam

444 554 544 594 nos
570 540 786 604 docent,
806 553 925 608 quae
947 540 1014 592 ab
1039 538 1297 606 apostolis
1322 539 1599 607 accepisse
1621 555 1679 593 se
1710 541 1894 595 dicunt
1925 550 2021 595 aut

440 632 511 685 ab
538 631 846 701 apostolicis
875 631 1029 685 viris.
1057 629 1195 684 Ecce
1225 632 1367 684 enim
1393 630 1584 696 dogma
1610 630 1823 694 falsum,
1852 633 2018 685 tradi-

443 722 587 776 tione
619 722 851 775 maxime
873 721 1168 775 venerabili
1192 720 1499 774 fundatum.
1535 739 1553 772 ι
1578 720 1867 791 Postquam
1901 726 2016 778 bzec

440 811 623 866 retulit
652 810 1036 881 Barbeyracus,
1066 811 1131 866 de
1167 826 1265 865 suo
1308 813 1495 865 addit:
1529 831 1548 864 ‹
1593 813 1688 867 Diu
1731 826 2014 883 exspecta-

438 898 515 953 bit
538 909 727 953 auctor
757 899 929 953 Diarii
961 900 1281 954 solutionem
1325 915 1434 953 suae
1464 900 1814 957 difficultatis.
1847 922 1867 956 ›

518 988 575 1043 Si
619 990 763 1057 quod
804 1004 1040 1057 unquam
1070 990 1280 1043 exstitit
1308 990 1612 1059 sophisma.
1641 994 1754 1048 sive
1781 1003 2013 1062 quatuor

438 1096 507 1136 ex
554 1082 803 1135 terminis
831 1090 1090 1137 constans
1122 1082 1496 1153 syllogismus;
1534 1084 1618 1137 hic
1649 1084 1890 1154 profecto
1915 1102 2010 1140 ex-

445 1182 557 1228 stat
606 1184 661 1228 et
708 1173 994 1227 manifeste
1047 1175 1484 1244 deprehenditur.
1529 1175 1689 1232 Falsa
1737 1180 2008 1246 reperitur

438 1264 644 1334 Opinio,
674 1280 834 1333 quam
868 1265 935 1317 ad
965 1280 1023 1319 se
1047 1281 1187 1321 unus
1210 1266 1405 1336 aliquis
1434 1269 1669 1337 scriptor
1700 1270 1766 1323 ab
1796 1280 2008 1339 aposto-

435 1354 556 1410 licis
578 1356 711 1409 viris
737 1358 1050 1424 pervenisse
1077 1356 1249 1411 dicit:
1279 1374 1407 1426 ergo
1437 1360 1487 1412 in
1514 1361 1878 1429 suspicionem
1912 1378 2004 1416 ve-

434 1446 554 1502 nire
581 1446 741 1500 debet
769 1455 880 1500 tota
909 1445 997 1499 illa
1023 1447 1246 1501 traditio
1272 1457 1327 1502 et
1348 1448 1656 1518 dogmatum
1681 1451 1997 1520 complexio,

436 1554 602 1609 quam
653 1538 883 1608 apostoli
917 1553 946 1591 a
997 1538 1213 1593 Christo
1254 1551 1533 1611 acceptam
1585 1544 1677 1597 toti
1722 1543 1996 1610 Ecclesize,

434 1644 544 1683 non
578 1629 791 1697 privato
820 1628 1005 1691 alicui,
1037 1630 1434 1697 pradicandam
1462 1643 1516 1685 et
1548 1634 1794 1687 omnibus
1826 1649 1996 1689 saecu-

430 1720 499 1775 lis
530 1725 957 1775 conservandam
988 1722 1401 1775 commiserunt.
1437 1721 1586 1778 Unus
1618 1738 1686 1778 ex
1717 1726 1996 1793 scriptori-

428 1812 531 1866 bus
559 1811 945 1866 ecclesiasticis
983 1815 1190 1866 erravit
1231 1823 1287 1869 et
1328 1830 1570 1868 errorem
1602 1816 1720 1870 aliis
1745 1818 2000 1886 propina-

426 1904 525 1966 vit,
555 1903 682 1956 ‘dum
719 1904 975 1957 nonnulla
1018 1919 1079 1958 se
1127 1907 1402 1974 accepisse
1430 1907 1497 1959 ab
1528 1908 1841 1975 apostolicis
1869 1910 2000 1963 viris

427 1993 545 2059 ait;
580 2002 833 2059 suspecta
866 2008 997 2063 ergo
1024 1996 1281 2049 universa
1320 1996 1586 2063 Ecclesia,
1621 1998 1747 2051 dum
1787 2014 1999 2054 summo

425 2099 696 2138 consensu
758 2085 1001 2138 declarat
1060 2101 1119 2139 se
1161 2087 1229 2139 ab
1276 2088 1534 2155 apostolis
1577 2091 1850 2155 accepisse
1898 2091 1996 2143 do-

423 2175 680 2229 ctrinam.
707 2174 897 2229 Plures
924 2175 1287 2230 ecclesiastici
1316 2181 1619 2247 scriptores
1660 2181 1835 2234 minus
1859 2180 1997 2236 belle

423 2270 736 2323 ratiocinati
769 2279 914 2329 sunt,
954 2270 1080 2323 dum
1124 2286 1291 2324 unum
1338 2272 1576 2341 aliquem
1626 2272 1992 2340 antiquiorem

422 2370 727 2429 sequuntur
772 2362 963 2414 ducent
1020 2363 1071 2415 iit
1120 2362 1283 2417 rebus
1328 2364 1581 2418 obscuris
1620 2373 1676 2418 et
1725 2364 1989 2417 incertis:

422 2450 571 2505 nulla
604 2466 736 2520 ergo
768 2452 877 2505 illis
904 2451 1257 2507 attribuenda
1290 2456 1605 2517 auctoritas,
1631 2456 1755 2508 dum
1787 2456 1839 2507 in
1880 2468 1995 2507 ma-

422 2542 642 2595 nifestis
666 2551 721 2596 et
759 2544 1081 2599 certissimis
1123 2558 1222 2614 pro
1271 2548 1539 2600 universa:
1585 2545 1843 2601 Ecclesiae
1887 2546 1992 2601 fide

420 2630 729 2685 decertant.

490 2721 645 2776 Ilaud
674 2723 892 2792 quidem
914 2723 1073 2779 facile
1096 2726 1298 2779 veritas
1324 2727 1680 2794 inveniretur,
1704 2728 1786 2782 vel
1814 2728 1990 2797 potius

420 2812 653 2868 inveniri
700 2815 923 2869 omnino
957 2832 1063 2870 non
1112 2828 1314 2885 posset,
1362 2819 1406 2873 si
1445 2819 1588 2873 illam
1621 2822 1847 2889 apostoli
1875 2822 1989 2889 pri-

416 2907 559 2961 vatis
599 2907 916 2963 hominibus
968 2910 1405 2975 commisissent,
1454 2912 1547 2981 qui
1593 2927 1711 2965 eam
1761 2913 1987 2967 arbitrio

415 3014 517 3053 suo
544 3038 558 3061 ,
602 3008 659 3052 ιιι
709 3001 762 3054 in
806 3001 970 3054 sectis
1015 3003 1459 3071 philosophorum
1485 3041 1501 3067 ,
1556 3013 1856 3058 tractarent
1888 3025 1899 3058 :
1931 3013 1987 3057 at

412 3092 714 3160 pretiosum
763 3092 895 3146 illud
936 3093 1240 3163 depositum
1282 3093 1538 3149 Ecclesia:
1568 3110 1664 3164 per
1692 3103 1860 3149 totum
1887 3111 1980 3149 or-

412 3182 534 3237 bem
565 3183 775 3238 diffusa:
808 3186 1170 3242 tradiderunt.
1197 3190 1328 3243 Illud
1355 3199 1535 3242 autem
1563 3189 1887 3257 depositum,
1912 3189 1980 3245 de

409 3288 524 3344 quo
552 3276 795 3331 Ecclesia
828 3294 928 3333 nec
972 3281 1181 3334 detrahi
1230 3282 1525 3349 quidquam
1556 3297 1656 3336 nec
1687 3282 1976 3350 superaddi

409 3368 635 3435 patitur,
666 3384 772 3423 non
822 3371 890 3424 ita
916 3386 1129 3443 semper
1172 3375 1426 3428 omnibus
1456 3376 1569 3428 suis
1601 3377 1844 3444 partibus
1867 3378 1979 3432 cla-

410 3471 531 3510 rum
574 3470 630 3512 et
672 3461 1015 3529 perspicuum
1045 3474 1147 3529 est,
1182 3465 1311 3531 quin
1344 3463 1590 3519 difficiles
1613 3467 1863 3520 oriantur
1892 3469 1979 3521 in-

408 3550 623 3603 terdum
657 3554 985 3619 quaestiones
1012 3593 1027 3617 ,
1070 3570 1135 3609 ac
1180 3556 1433 3624 dogmata
1487 3559 1745 3612 nonnulla
1789 3560 1857 3614 ab
1893 3562 1977 3616 his

407 3638 564 3707 ipsis,
600 3641 691 3708 qui
728 3645 896 3697 totius
922 3644 1231 3700 traditionis
1260 3650 1658 3703 servantissimi
1691 3661 1842 3715 sunt,
1876 3654 1975 3705 mi-

405 3744 512 3783 nus
538 3731 887 3786 considerate
928 3733 1215 3787 laedantur.
1262 3735 1377 3790 Hoc
1421 3753 1586 3791 unum
1634 3756 1766 3809 ergo
1804 3743 1973 3811 quaeri

404 3820 650 3884 deberet,
678 3822 873 3890 quibus
900 3826 1044 3877 notis
1069 3826 1417 3895 dignoscatur
1457 3831 1676 3898 propria
1711 3833 1975 3901 cujusque

402 3912 684 3980 scriptoris
719 3915 905 3982 opinio
934 3916 1001 3968 ab
1029 3916 1130 3977 bis,
1171 3931 1292 3984 quae
1323 3925 1672 3975 commissam
1715 3924 1974 3979 Ecclesiae

402 4004 754 4058 traditionem
785 4007 1103 4075 pradicant.
1136 4011 1206 4062 At
1236 4011 1379 4065 hunc
1411 4012 1654 4068 laborem
1683 4015 1784 4084 ipsi
1814 4017 1972 4071 nobis

400 4096 579 4148 sancti
612 4094 801 4151 Patres
832 4098 1168 4153 minuerunt.

472 4185 528 4237 1ο
568 4184 742 4254 Ipsam
794 4188 1064 4257 dogmatis
1117 4204 1385 4244 summam
1450 4191 1635 4247 sedulo
1660 4194 1974 4249 discernunt

399 4278 575 4330 sancti
633 4278 823 4332 Patres
860 4279 927 4331 ab
960 4280 1057 4347 iis,
1090 4296 1210 4349 qua:
1239 4294 1332 4335 aut
1364 4285 1429 4336 ad
1460 4284 1784 4353 explicanda
1826 4286 1972 4339 Scri-

394 4377 568 4437 ptura:
588 4370 901 4423 obscuriora
939 4372 1055 4425 loca
1085 4382 1178 4427 aut
1201 4376 1265 4427 ad
1295 4377 1577 4430 solvendas
1596 4378 1969 4430 litereticorum

2122 536 2351 591 eruditis
2396 537 2777 606 scriptoribus,
2818 546 2879 589 ut
2925 544 3011 589 est
3052 535 3334 589 hominum
3372 533 3666 605 ingenium
3695 575 3716 600 ,

2120 627 2266 681 aliud
2321 628 2611 697 agentibus
2664 626 2969 681 excidisse?
3014 625 3326 692 Quinetiam
3378 626 3432 679 in
3462 626 3552 688 iis,
3583 641 3722 693 quas

2119 718 2393 772 traditioni
2426 728 2483 772 et
2514 717 2810 786 Scriptura:
2838 719 3074 772 maxime
3123 728 3488 772 consentanea
3523 718 3716 772 disse-

2118 818 2264 869 runt.
2295 810 2338 862 si
2369 816 2549 876 tamen
2586 824 2673 862 res
2697 809 2805 862 sint
2835 810 3070 862 nondum
3101 811 3168 863 ab
3191 811 3446 865 omnibus
3467 811 3715 879 cognitae

2114 910 2171 953 et
2226 899 2558 967 dijudicatre,
2590 916 2696 953 non
2736 901 2984 955 eamdem
3032 901 3285 955 fiduciam
3340 902 3714 970 praess-ferunt

2112 1005 2175 1046 ac
2209 991 2260 1044 in
2295 994 2456 1045 rebus
2487 992 2743 1045 Ecclesiae
2766 993 2971 1061 judicio
3003 992 3255 1048 firmatis.
3285 993 3578 1049 Consultus
3627 996 3702 1049 ab

2112 1080 2390 1136 llonorato
2421 1083 2674 1151 episcopo
2707 1085 2766 1137 ὃ.
2799 1085 3160 1153 Augustinus,
3198 1101 3322 1137 num
3355 1089 3613 1155 episcopo
3644 1094 3705 1139 et

2109 1170 2327 1226 clericis
2358 1171 2548 1240 fugere
2578 1173 2758 1239 liceat,
2806 1174 3121 1228 imminente
3146 1175 3446 1229 obsidionis
3476 1189 3568 1229 aut
3596 1192 3703 1231 ex-

2106 1263 2232 1317 cidii
2267 1264 2530 1333 periculo,
2566 1266 2780 1334 regulas
2812 1268 3002 1321 statuit
3046 1268 3098 1320 in
3131 1268 3293 1336 epist.
3325 1268 3449 1330 2'28,
3485 1270 3536 1321 in
3573 1269 3697 1337 qui-

2106 1352 2207 1407 bus
2250 1368 2460 1407 summa
2510 1357 2677 1425 ipsius
2712 1358 2976 1425 sapientia
3006 1358 3299 1423 enitescit;
3352 1362 3443 1413 sed
3494 1370 3680 1413 tamen

2108 1444 2189 1499 sic
2228 1446 2427 1499 desinit
2463 1464 2476 1499 :
2514 1464 2532 1497 ε
2564 1446 2689 1503 llaec
2721 1450 2839 1513 tibi,
2868 1451 2993 1518 quia
3021 1464 3105 1502 me
3133 1451 3479 1514 consuluisti,
3511 1451 3690 1507 frater

2102 1536 2481 1603 dilectissime,
2501 1555 2606 1608 qua
2639 1541 2955 1595 existimavi
2987 1542 3217 1596 veritate
3245 1554 3300 1598 et
3331 1556 3481 1599 certa
3507 1547 3694 1598 chari-

2100 1639 2212 1683 tate
2242 1633 2521 1700 rescripsi,
2575 1635 2670 1686 sed
2710 1651 2777 1688 ne
2810 1635 3113 1703 meliorem,
3159 1639 3207 1693 si
3253 1640 3550 1701 inveneris,
3595 1653 3691 1690 se-

2097 1722 2285 1792 quaris
2314 1726 2638 1777 sententiam
2672 1740 2776 1779 non
2805 1730 3134 1799 praescripsi.
3164 1750 3183 1784 ι

2168 1814 2229 1868 2°
2267 1814 2370 1881 Qui
2425 1826 2532 1870 tam
2586 1818 2802 1874 difficile
2845 1836 2969 1893 esse
3006 1832 3201 1892 putant
3230 1839 3393 1877 veras
3422 1832 3478 1879 et
3512 1824 3689 1879 falsas

2103 1906 2417 1961 traditiones
2446 1909 2837 1973 internoscere,
2875 1914 3067 1966 horum
3117 1914 3379 1983 iniquitas
3414 1930 3478 1969 eo
3508 1917 3687 1969 inani-

2099 1997 2312 2063 festior,
2343 2000 2488 2067 quod
2516 2000 2617 2070 ipsi
2663 2002 2959 2069 scriptores
2988 2005 3373 2071 ecclesiastici,
3402 2006 3448 2061 si
3476 2022 3581 2075 qua
3617 2008 3676 2061 in

2099 2102 2159 2141 re
2206 2089 2463 2145 aberrent
2510 2108 2539 2144 a
2584 2108 2736 2159 vero,
2783 2095 3055 2164 Opinionis
3103 2108 3472 2152 commentum
3516 2101 3682 2170 longe

2096 2179 2257 2234 aliter
2283 2181 2577 2237 defendant
2622 2200 2686 2239 ac
2726 2187 3054 2242 catholicam
3091 2190 3443 2245 traditionem
3479 2191 3675 2245 defen-

2096 2271 2226 2326 dere
2256 2274 2451 2327 solent.
2486 2276 2557 2330 Ut
2599 2291 2768 2345 pauca
2799 2280 2865 2333 de
2893 2280 3191 2335 innumeris
3228 2282 3449 2336 afferam
3482 2299 3677 2338 exemo

2095 2362 2221 2431 pla;
2256 2380 2382 2416 num
2418 2363 2663 2419 Justinus
2694 2368 3051 2439 Septuaginta
3086 2373 3442 2441 interpretum
3476 2376 3671 2429 eodem

2094 2454 2253 2509 modo
2281 2471 2345 2509 ac
2369 2457 2759 2525 prophetarum
2796 2460 3207 2529 inspirationem
3255 2466 3551 2532 praedii-at?
3579 2464 3678 2519 Ju-

2091 2545 2237 2601 dzros
2285 2547 2338 2600 in
2388 2548 2490 2602 hoc
2533 2559 2743 2603 tantum
2785 2553 3035 2623 castigat,
3086 2571 3142 2607 n.
3170 2555 3258 2617 68,
3294 2555 3378 2618 7|,
3408 2557 3494 2620 '72,
3528 2560 3677 2627 quod

2091 2634 2425 2691 elaboratam
2456 2640 2597 2707 apud
2646 2639 2998 2695 Ptolemaeum
3030 2645 3533 2713 interpretationem
3563 2652 3674 2700 ini-

2090 2738 2301 2781 mutare
2332 2740 2386 2781 et
2418 2730 2729 2799 vituperare
2765 2733 3039 2799 audeant;
3086 2736 3310 2790 minime
3341 2753 3493 2803 vero,
3522 2742 3671 2807 quod

2091 2820 2353 2874 divinitus
2388 2822 2706 2891 inspiratam
2754 2840 2857 2878 non
2889 2827 3136 2881 credant.
3174 2828 3516 2884 Christianos
3547 2836 3675 2887 esse

2087 2922 2248 2980 negat
2276 2927 2391 2977 eos,
2437 2916 2527 2981 qui
2578 2918 3032 2971 resurrectionem
3063 2934 3167 2972 non
3203 2921 3455 2987 credunt,
3487 2922 3669 2990 Dial.,

2086 3016 2141 3055 n.
2173 3002 2261 3055 80.
2292 3004 2364 3057 At
2420 3003 2619 3059 ibidem
2671 3007 2822 3076 regni
2867 3010 3146 3063 terrestris
3188 3023 3549 3067 commentum
3584 3016 3673 3070 sic

2087 3089 2355 3155 defendit,
2392 3102 2449 3146 ut
2475 3110 2622 3162 pnrte
2654 3106 2708 3150 et
2739 3097 2964 3178 integrae
3010 3098 3127 3152 fidei
3161 3103 3527 3158 testimonium
3559 3107 3664 3160 ad-

2084 3185 2340 3239 versariis
2375 3186 2597 3239 tribuat.
2630 3186 2926 3243 Profitetur
2953 3191 3173 3258 quidem
3206 3208 3264 3246 se
3307 3204 3361 3249 et
3412 3212 3668 3252 resurre-

2084 3275 2319 3327 ctionem
2357 3283 2413 3329 et
2442 3292 2668 3345 regnum
2697 3280 2843 3333 mille
2881 3296 3149 3335 annorum
3176 3300 3495 3355 agnoscere,
3523 3299 3571 3342 et
3606 3292 3669 3344 si

2078 3365 2170 3432 qui
2217 3376 2352 3421 recte
2403 3369 2457 3421 in
2508 3370 2751 3424 omnibus
2783 3374 3020 3427 sentiunt
3050 3376 3367 3442 Christiani,
3401 3380 3451 3433 id
3492 3388 3573 3434 est
3602 3383 3665 3437 in

2081 3457 2149 3511 iis
2168 3458 2357 3523 etiam,
2385 3473 2505 3527 quze
2527 3462 2760 3516 obscura
2785 3473 2840 3516 et
2865 3466 3087 3523 minime
3110 3469 3316 3524 decisa.
3342 3468 3474 3523 Nam
3504 3471 3659 3539 alibi,

2079 3564 2274 3618 nempe
2305 3566 2360 3604 n.
2396 3550 2488 3615 39,
2514 3554 2820 3608 catholicos
2869 3555 3074 3611 fatetur
3124 3560 3291 3613 totius
3337 3564 3595 3617 doctrina:
3622 3580 3659 3619 δ

2076 3636 2294 3692 Christo
2345 3640 2554 3694 tradita:
2603 3642 3060 3702 retinentissimos
3111 3663 3253 3703 esse.
3300 3651 3430 3717 Quis
3479 3653 3659 3707 nescit

2076 3724 2402 3796 Cyprianum
2453 3739 2510 3783 et
2560 3728 2933 3787 Firmilianum
2991 3737 3046 3789 in
3096 3752 3159 3790 ea
3210 3745 3640 3807 concertatione,

2075 3834 2236 3887 quam
2269 3837 2390 3874 cum
2424 3821 2697 3890 Stephano
2741 3824 3072 3893 habuerunt,
3101 3830 3179 3885 sic
3214 3835 3487 3900 propriam
3528 3836 3655 3904 opi-

2076 3909 2294 3964 nionem
2335 3913 2598 3977 tenuisse,
2630 3926 2686 3967 ttt
2732 3916 2895 3971 aliter
2935 3921 3141 3975 sentire
3178 3922 3261 3975 fas
3296 3939 3419 3977 esse
3446 3940 3652 3980 conce—

2074 4002 2285 4065 derent,
2311 4011 2475 4071 atque
2500 4004 2550 4057 id
2579 4022 2742 4059 unum
2771 4011 3080 4066 arctissime
3102 4013 3478 4080 defenderent,
3504 4019 3652 4083 quod

2073 4090 2142 4144 ab
2173 4093 2501 4149 adversariis
2530 4112 2633 4151 non
2666 4100 2848 4167 negari
2881 4101 3120 4170 quidem,
3148 4106 3241 4158 sed
3268 4115 3443 4159 tamen
3467 4108 3653 4177 suspi-

2073 4187 2264 4241 eiendo
2293 4188 2669 4244 haereticorum
2700 4193 3024 4262 baptismate
3053 4197 3172 4251 laedi
3202 4210 3257 4251 et
3287 4200 3456 4253 everti
3489 4210 3645 4268 pnta~

2072 4276 2225 4344 bant,
2254 4293 2447 4349 nempe
2478 4280 2739 4348 Spiritum
2762 4297 3008 4339 sanctum
3036 4298 3191 4341 extra
3215 4287 3516 4344 Ecclesiam
3547 4292 3647 4345 ha-

2072 4367 2188 4422 beri
2222 4384 2327 4422 non
2363 4370 2559 4439 posse?

396 4456 563 4511 tricas
630 4468 685 4511 et
751 4460 1127 4517 cavillationes
1201 4466 1493 4519 disserunt.
1548 4466 1961 4537 Primogenilum

2141 4460 2198 4512 3°
2236 4459 2459 4526 Quoties
2506 4462 2743 4517 Itmreses
2787 4465 3073 4533 prodiere,
3135 4484 3387 4537 magnum
3430 4487 3646 4543 semper

393 4546 565 4598 omnis
592 4557 849 4600 creatura:
879 4548 1075 4604 Filium
1110 4552 1201 4606 Dei
1233 4568 1375 4606 nunc
1406 4554 1476 4607 ob
1504 4564 1751 4607 naturam
1775 4556 1961 4607 huma-

392 4652 543 4700 nam,
581 4653 726 4691 nunc
756 4640 826 4691 ob
855 4640 1093 4694 divinam
1122 4643 1323 4696 dictum
1354 4645 1700 4709 existimant;
1728 4644 1962 4697 Ariano-
1989 4695 1998 4703 ,

389 4745 511 4783 rum
538 4740 595 4783 et
627 4729 1089 4787 Eunomianorum
1116 4738 1456 4805 sophismata
1484 4754 1588 4791 non
1613 4752 1829 4805 semper
1852 4751 1958 4790 uno

388 4832 444 4874 et
490 4822 683 4876 eodem
734 4824 893 4877 modo
944 4825 1011 4879 ab
1062 4827 1314 4880 omnibus
1367 4828 1683 4891 solvuntur;
1737 4828 1803 4881 de
1850 4826 1953 4879 diei

387 4912 728 4981 ignoratione
764 4932 908 4971 nunc
958 4917 1083 4981 hoc,
1132 4934 1274 4971 nunc
1308 4918 1435 4971 illud
1476 4919 1580 4972 dici
1630 4919 1951 4986 patiuntur;

387 5003 550 5056 modo
593 5005 726 5059 nihil
758 5006 975 5062 Christo
1013 5006 1322 5078 afﬁngatur,
1356 5010 1496 5077 quod
1536 5009 1643 5063 Deo
1677 5010 1950 5079 indignum

388 5096 481 5148 sit.
500 5094 637 5150 Num
657 5098 873 5152 difficile
900 5109 984 5153 est
1006 5100 1057 5153 in
1084 5099 1346 5165 ejusmodi
1376 5101 1535 5153 rebus
1559 5101 1729 5169 ipsum
1759 5102 1949 5168 dogma

387 5189 457 5241 ah
484 5190 568 5254 iis,
597 5206 716 5257 quas
744 5192 811 5244 ad
840 5192 986 5247 illius
1008 5191 1376 5246 defensionem
1405 5191 1723 5257 afferuntur,
1757 5192 1950 5245 distin-

383 5282 582 5350 guere?
614 5280 902 5353 Origenes,
949 5286 1073 5339 dum
1106 5284 1443 5352 coujiciendo
1471 5285 1732 5348 luxuriat,
1763 5285 1948 5341 nescio

381 5389 489 5443 quo
519 5385 679 5441 pacto
715 5377 768 5429 in
798 5375 1016 5446 Virgine
1054 5377 1307 5439 Deit‘ara,
1341 5392 1461 5445 qua:
1508 5378 1662 5431 cruci
1700 5386 1808 5431 tam
1857 5392 1948 5447 ge-

379 5485 575 5524 nerose
619 5479 835 5537 tamque
882 5480 1200 5524 constanter
1250 5472 1443 5537 astitit,
1474 5471 1836 5526 constantiam
1882 5487 1946 5525 ac

378 5559 591 5614 firmam
621 5559 755 5615 Filio
799 5562 1037 5629 patiente
1067 5561 1221 5615 fidem
1254 5563 1545 5625 desiderat,
1573 5562 1757 5615 homil.
1788 5562 1857 5614 27
1891 5564 1945 5615 in

377 5647 595 5705 Lucam.
628 5650 919 5718 Origenem
960 5653 1202 5706 imitatus
1242 5651 1500 5716 Basilius,
1534 5654 1692 5721 epist.
1720 5651 1846 5718 260,
1879 5669 1943 5707 ac

380 5740 621 5796 nonnulli
673 5740 790 5809 alii,
818 5756 953 5809 quos
1001 5754 1249 5799 recenset
1283 5743 1559 5811 Petavius,
1602 5744 1693 5799 lib.
1742 5759 1829 5798 xw
1864 5742 1940 5798 De

2064 4550 2281 4603 veritati
2333 4549 2642 4618 przesidium
2708 4552 2760 4603 in
2814 4553 3052 4621 antiquis
3100 4553 3354 4610 Patribus
3403 4560 3639 4626 positum

2061 4638 2191 4701 fuit;
2231 4654 2331 4693 nec
2361 4654 2548 4692 eorum
2591 4641 2899 4694 testimonio
2946 4646 3328 4699 auctoritatem
3376 4647 3635 4716 detraxit,

2058 4730 2104 4783 si
2131 4729 2258 4798 quid
2287 4731 2408 4783 aliis
2442 4733 2493 4784 in
2529 4733 2691 4785 rebus
2735 4745 2827 4785 aut
2871 4734 3051 4789 minus
3085 4736 3366 4800 vidissent,
3405 4750 3500 4793 aut
3535 4744 3640 4795 mi-

2056 4834 2159 4873 nus
2186 4832 2439 4875 accurate
2479 4823 2883 4878 disseruissent.
2918 4824 3185 4877 Nonnulla
3219 4827 3269 4879 in
3299 4829 3534 4896 Origene
3570 4832 3631 4889 S.

2052 4909 2381 4963 Athanasius
2409 4927 2515 4964 non
2553 4914 2845 4981 probabat;
2876 4914 2967 4966 sed
2989 4922 3168 4968 tamen
3202 4916 3345 4971 illius
3378 4922 3630 4977 testiino-

2052 5001 2201 5055 nium
2246 5004 2312 5056 de
2338 5003 2513 5057 Verbo
2546 5004 3019 5070 consubstantiali,
3055 5016 3113 5059 ut
3157 5007 3322 5062 telum
3357 5011 3627 5068 inelucta-

2050 5095 2180 5159 bile,
2230 5096 2280 5149 in
2320 5097 2551 5151 Arianos
2588 5098 2836 5163 vibravit,
2868 5109 2999 5151 tom.
3029 5098 3070 5163 Ι,
3103 5115 3156 5168 p.
3187 5100 3313 5155 252.
3350 5101 3407 5155 S.
3441 5106 3628 5175 Augu-

2048 5190 2224 5242 SLinus
2252 5189 2302 5241 in
2334 5203 2391 5242 re
2421 5190 2650 5242 obscura
2688 5204 2750 5242 ac
2783 5192 3021 5243 nondum
3066 5190 3248 5245 decisa
3276 5208 3378 5247 non
3416 5198 3627 5263 patitur

2046 5278 2173 5342 sibi,
2209 5278 2480 5347 Origenis,
2525 5279 2754 5350 Didymi,
2788 5280 3007 5333 Eusebii
3058 5281 3316 5348 Emiseni,
3349 5285 3623 5343 Theodori

2046 5370 2379 5425 Heracleoue
2410 5381 2465 5424 et
2500 5369 2560 5424 S.
2590 5368 2815 5424 Joannis
2843 5371 3220 5442 Chrysostomi
3264 5378 3619 5446 testimoniis,

2046 5460 2217 5531 legem
2255 5463 2455 5531 imponi
2482 5478 2547 5515 ac
2575 5478 2692 5516 eam
2716 5463 3021 5518 libertatem
3052 5467 3208 5535 eripi,
3240 5482 3361 5536 qua:
3389 5471 3440 5522 in
3470 5470 3620 5538 ejus-

2044 5554 2188 5607 modi
2222 5556 2380 5608 rebus
2404 5556 2748 5610 concedenda
2782 5567 2885 5619 est,
2916 5571 3002 5625 ep.
3037 5559 3125 5623 82,
3163 5575 3217 5611 n.
3257 5559 3291 5612 5
3334 5570 3389 5613 et
3426 5562 3517 5616 ‘25.
3549 5564 3621 5618 At

2044 5647 2097 5700 in
2128 5646 2459 5700 defendenda
2500 5649 2705 5715 peccati
2739 5648 3022 5719 originalis
3065 5661 3119 5705 et
3149 5652 3339 5719 gratia:
3365 5652 3615 5710 doctrina

2041 5741 2361 5813 Pelagianos
2410 5743 2609 5812 premit
2661 5741 2985 5800 testimoniis
3035 5744 3335 5816 Cypriani,
3399 5747 3614 5819 Hilarii,
