3932 6258
191 410 277 467 105

1255 413 1314 470 D.
1348 416 1611 471 MARANI
1637 416 2031 474 ΡΒᾸΞΡΑΤΙΟ.
2071 453 2134 462 -
2168 419 2351 476 PARS
2384 421 2473 478 ΙΙΙ.

3407 439 3509 498 108

198 530 420 601 Gregorii
451 545 509 584 et
542 533 877 600 Ambrosii,
912 550 1126 606 eosque
1168 539 1246 594 sic
1282 540 1580 610 alloquitur
1610 558 1624 595 :
1662 559 1682 594 ι
1716 540 1824 597 No-
1851 548 1899 607 Α
1930 558 2122 599 omnes
2158 545 2210 598 in
2243 547 2562 603 Creatorem
2593 549 2972 608 universorum
3006 555 3175 611 Deum
3208 561 3506 633 credimus,

206 641 289 679 κω
330 625 631 679 haereticos
687 641 799 682 vos
855 630 1095 699 antiqua
1134 631 1395 687 catholica
1453 634 1608 700 fides,
1657 650 1819 704 quam

214 717 356 772 modo
402 733 736 789 oppugnare
803 723 1089 792 cmpistis,
1143 740 1169 777 a
1225 726 1683 796 praeclarissimis,
1725 730 1820 800 qui

213 810 414 865 fuerunt
437 822 566 865 ante
593 828 724 876 nos,
751 815 1086 872 doctoribus
1113 820 1395 890 przedicata
1422 821 1778 876 demonstrat.
1797 841 1814 873 ι

223 901 310 969 ορ.
339 903 551 973 imperf.
590 905 694 959 lib.
729 908 789 975 ξι,
824 925 882 962 ιι.
914 909 968 963 9.
1009 909 1198 980 Neque
1224 926 1351 982 ergo
1380 913 1504 966 nixa
1537 914 1695 968 unius
1727 924 1817 967 aut

218 995 416 1048 alterius
441 998 695 1052 hominis
719 1001 1046 1056 testimonio
1077 1004 1298 1058 traditio
1325 1002 1610 1059 fundatam
1647 1007 1815 1060 totius

218 1088 456 1143 Ecclesia:
513 1106 806 1147 consensu
865 1095 1214 1148 traditionem
1275 1096 1541 1163 debilitat,
1588 1112 1690 1151 nec
1748 1098 1820 1152 de.

214 1195 385 1234 eorum
415 1183 699 1250 pondere,
736 1200 866 1254 qua:
912 1185 978 1238 ad
1008 1185 1292 1241 catholica:
1327 1189 1591 1244 doctrina:
1627 1188 1815 1244 defen-

209 1274 407 1329 sionem
440 1277 663 1345 autiqui
699 1279 1005 1346 scriptores
1030 1279 1355 1344 docuerunt,
1393 1281 1688 1336 detrahere
1720 1283 1812 1336 de-

207 1367 295 1420 bet
320 1366 434 1422 leve
456 1369 688 1438 aliquod
717 1369 772 1422 in
804 1370 966 1425 rebus
1013 1372 1263 1426 obscuris
1287 1382 1551 1438 erratum,
1586 1383 1677 1427 aut
1712 1375 1813 1428 mi-

207 1477 308 1514 nus
323 1466 615 1516 commoda
646 1463 889 1518 difﬁcilis
921 1464 1224 1535 Scriptura:
1261 1463 1364 1519 loci
1401 1464 1807 1537 interpretatio.

275 1555 336 1608 ι’
374 1554 429 1610 Si
454 1557 588 1624 quid
644 1558 827 1612 sancti
861 1558 1054 1615 Patres
1102 1561 1279 1616 minus
1306 1565 1592 1618 commode
1624 1579 1811 1619 sense-

211 1648 316 1702 rint
361 1659 449 1701 aut
479 1649 756 1716 dixerint,
806 1649 861 1704 id
912 1665 1090 1719 neque
1138 1653 1412 1708 hazreticis
1447 1656 1588 1710 tradi
1621 1655 1805 1722 debet,

210 1758 385 1810 neque
435 1743 502 1795 ab
553 1743 840 1799 hmreticis
877 1743 1004 1812 jure
1057 1747 1226 1816 arripi
1278 1756 1476 1816 potest.
1530 1749 1806 1805 Docuerat

209 1833 509 1903 Cyprianus
544 1835 887 1904 baptismum
917 1847 1077 1890 extra
1106 1837 1405 1893 Ecclesiam
1436 1842 1671 1894 validum
1696 1857 1802 1895 non

209 1943 330 1982 esse
365 1945 378 1982 :
407 1931 546 1984 idem
577 1939 883 1984 senserunt
911 1929 1209 1986 Donatista
1237 1942 1288 1987 et
1319 1932 1577 2002 Cypriani
1608 1951 1805 1990 nomen

211 2025 409 2077 erroris
435 2023 520 2076 sui
553 2024 1037 2092 propugnaculum
1075 2039 1198 2079 esse
1227 2026 1537 2081 voluerunt.
1585 2026 1691 2083 Sed
1729 2039 1809 2082 ta-

210 2130 331 2168 meo
388 2114 446 2167 S.
490 2115 762 2184 martyris
814 2115 1190 2169 testimonium
1223 2117 1558 2186 Augustinus
1596 2121 1808 2188 eripere

206 2206 500 2261 Donatistis
549 2225 663 2261 non
715 2210 954 2273 dubitat,
1001 2221 1058 2264 et
1103 2212 1399 2266 secundum
1434 2212 1510 2266 De
1541 2215 1802 2282 baptismo

207 2297 395 2352 librum
423 2300 502 2353 sic.
523 2301 821 2354 exorditur
851 2318 866 2357 :
905 2320 924 2352 ι
950 2304 1224 2369 Quantum
1257 2319 1355 2373 pro
1389 2306 1567 2370 nobis,
1603 2307 1802 2381 inquit.

203 2394 305 2448 huc
332 2407 410 2450 est
430 2412 532 2466 pro
557 2413 697 2467 pace
725 2400 1002 2454 catholica
1031 2399 1238 2455 faciant
1260 2416 1346 2464 ea,
1379 2417 1502 2471 quae
1538 2414 1800 2474 tanquam

200 2507 260 2542 ex
296 2494 623 2546 auctoritate
653 2493 803 2546 beati
842 2493 1099 2564 Cypriani
1130 2495 1393 2549 adversus
1422 2512 1523 2551 nos
1571 2512 1598 2550 a
1643 2509 1802 2566 parte

197 2585 380 2638 [innati
431 2586 829 2655 proferuntur,
863 2598 920 2642 et
955 2598 1220 2657 quantum
1275 2591 1384 2644 sint
1419 2593 1681 2645 adversus
1707 2606 1800 2646 eos

193 2695 223 2727 ει
255 2679 446 2745 quibus
485 2678 884 2748 proferuntur,
922 2681 1215 2749 adjuvante
1267 2683 1520 2746 Domino,
1569 2683 1798 2738 demon-

189 2784 358 2826 strare
403 2774 745 2843 proposui.»
806 2773 862 2827 Si
913 2776 1036 2842 quis
1090 2776 1253 2846 igitur
1303 2782 1488 2844 spreto
1533 2776 1798 2832 Ecclesia:

187 2881 447 2921 consensu
483 2869 540 2921 id
575 2884 731 2923 nunc
759 2867 1061 2924 defendere
1090 2871 1310 2937 audeat,
1355 2873 1502 2942 quod
1534 2871 1660 2926 olim
1701 2870 1796 2926 Ju-

185 2959 352 3012 stinus
405 2959 472 3014 de
522 2975 702 3030 regno
741 2959 890 3012 mille
933 2975 1204 3013 annorum
1235 2963 1490 3031 opinatus
1525 2973 1629 3026 est,
1669 2963 1794 3017 huic

183 3054 415 3106 maxime
445 3051 849 3107 adversabitur
878 3050 1150 3117 JuStinus,
1183 3055 1269 3106 cui
1307 3064 1457 3109 tanto
1510 3055 1562 3108 in
1615 3056 1791 3124 pretio

183 3145 280 3198 fuit
326 3145 594 3201 Ecclesia:
647 3148 978 3202 auctoritas.
1012 3147 1285 3216 Quidquid
1321 3149 1465 3202 enim
1519 3149 1585 3202 de
1631 3149 1791 3203 Chri-

1926 650 2025 706 per
2056 652 2251 693 nomen
2278 641 2627 711 primogeniti
2657 642 2801 698 illius
2827 644 2953 701 Filii
2983 650 3218 706 sordidis
3244 654 3506 722 vestibus,

1925 730 1981 784 id
2032 740 2115 785 est
2141 733 2400 801 peccatis,
2430 736 2580 789 exuti
2609 745 2662 789 et
2689 753 2786 808 per
2816 740 3044 794 verbum
3091 745 3396 800 vocationis
3427 749 3509 804 in-

1923 821 2206 892 flaunnmali,
2248 842 2439 881 verum
2488 843 2662 899 genus
2707 835 3051 889 sacerdOtale
3088 835 3182 891 Dei
3231 854 3440 896 sumus.
3480 863 3501 895 ι

1922 914 2021 970 His
2068 929 2249 972 autem
2299 921 2501 988 verbis,
2531 923 2701 978 instar
2742 926 2899 981 unius
2941 927 3190 996 hominis,
3238 935 3505 991 unitatem

1922 1003 2178 1061 Ecclesia:
2209 1009 2490 1064 catholica:
2517 1013 2790 1083 designari
2816 1031 2938 1070 cum
2975 1033 3072 1086 per
3102 1038 3162 1077 se
3189 1033 3360 1090 patet,
3390 1035 3503 1081 tum

1918 1112 1983 1151 ex
2019 1099 2142 1155 aliis
2179 1101 2316 1157 locis
2362 1106 2682 1160 confirmari
2726 1116 2925 1177 potest.
2953 1112 3069 1178 Ait,
3102 1131 3153 1168 n.
3183 1117 3273 1180 42,
3306 1135 3504 1188 pravos

1917 1190 2168 1247 homines
2199 1204 2484 1263 postquam
2509 1196 2732 1254 Christo
2759 1202 3015 1258 submissi
3053 1215 3110 1260 et
3144 1207 3347 1266 dociles
3373 1212 3504 1270 facti

1914 1295 2063 1350 sunt,
2093 1302 2269 1341 omnes
2297 1290 2468 1344 instar
2492 1295 2647 1348 unius
2667 1296 2832 1364 puelli
2859 1297 3033 1366 factos
3055 1317 3183 1365 esse,
3215 1319 3279 1357 ac
3311 1306 3460 1360 addit
3485 1326 3500 1362 :

1919 1396 1938 1430 ι
1967 1379 2138 1446 Quale
2166 1390 2249 1436 est
2278 1385 2442 1437 etiam
2464 1388 2605 1455 quod
2638 1389 2690 1442 in
2718 1405 2954 1459 corpore
2983 1392 3174 1450 videre
3209 1396 3358 1463 licet,
3379 1415 3502 1456 cum

1913 1471 2080 1523 multa
2126 1478 2371 1527 membra
2409 1488 2784 1544 numerentur,
2814 1483 2995 1538 omnia
3053 1501 3218 1540 unum
3271 1499 3397 1544 sunt
3448 1503 3502 1547 et

1909 1574 2178 1617 vocantur
2203 1581 2426 1634 corpus.
2463 1587 2480 1618 ι
2515 1569 2716 1625 Eadem
2744 1573 2811 1627 de
2848 1589 3038 1640 causa,
3087 1595 3144 1632 n.
3177 1579 3268 1646 65,
3317 1583 3500 1639 Eccle-

1908 1654 2042 1708 siam
2074 1656 2124 1710 in
2153 1657 2362 1726 psalmo
2388 1676 2513 1714 XLIV
2542 1664 2620 1716 sic
2652 1667 2966 1735 compellari
2991 1669 3247 1727 observat
3274 1691 3288 1727 ε
3336 1677 3500 1744 Audi,

1907 1746 2041 1816 ﬁlia,
2083 1759 2130 1802 et
2157 1752 2296 1804 vide.
2333 1754 2483 1807 Adeo
2511 1765 2692 1810 autem
2741 1759 3085 1828 exploratum
3117 1775 3236 1819 erat
3281 1764 3502 1825 Justino

1910 1858 2010 1897 nec
2041 1845 2302 1900 unitatem
2334 1846 2588 1902 Ecclesia:
2616 1853 2790 1920 rumpi
2823 1869 3007 1922 posse,
3037 1873 3136 1914 nec
3163 1863 3416 1918 traditam
3449 1869 3498 1920 ei

1913 1935 2196 1992 veritatem
2233 1940 2301 1993 ab
2337 1955 2529 1995 errore
2558 1945 2825 2012 superari,
2867 1957 2923 2001 ut
2953 1964 3289 2022 quaecunque
3315 1959 3497 2010 orian-

1913 2037 1999 2081 tur
2029 2040 2211 2094 sectw,
2249 2031 2348 2086 has
2380 2033 2667 2087 catholicis
2701 2051 2806 2090 non
2836 2043 3116 2096 metuendi
3147 2056 3202 2099 et
3231 2049 3494 2116 ha:rendi,

1910 2122 2005 2176 sed
2056 2123 2267 2179 firmius
2316 2135 2373 2181 et
2420 2131 2606 2182 acrius
2649 2128 2705 2182 in
2751 2129 2856 2183 fide
2884 2146 2938 2186 et
2971 2135 3182 2192 unitate
3210 2142 3494 2208 perstandi

1907 2217 2253 2272 occasionem
2297 2235 2420 2276 esse
2468 2223 2729 2279 declaret.
2785 2226 2910 2280 «Ex
2979 2244 3043 2283 eo
3085 2231 3268 2295 etiam,
3321 2233 3495 2304 inquit
3577 2278 3588 2283 -

1906 2307 2122 2380 Dialog.
2159 2329 2212 2365 n.
2249 2315 2342 2375 55,
2376 2318 2516 2384 quod
2547 2318 2810 2386 ejusmodi
2844 2332 3062 2377 exstent
3091 2324 3358 2392 homines,
3403 2331 3494 2398 qui

1905 2416 1964 2455 se
1985 2418 2107 2458 esse
2135 2405 2474 2464 Christianos
2514 2412 2894 2480 profiteantur,
2931 2425 2984 2469 et
3010 2413 3220 2482 Jesum,
3247 2422 3338 2488 qui
3366 2436 3491 2476 cru-

1904 2497 2099 2554 ciftxus
2155 2511 2261 2567 est,
2306 2502 2596 2559 Dominum
2646 2519 2701 2561 et
2744 2509 3021 2563 Christum
3070 2513 3346 2579 confiteri,
3393 2533 3494 2573 nec

1905 2596 2086 2642 tamen
2123 2590 2266 2647 illius
2295 2593 2604 2650 doctrinam
2638 2610 2879 2665 teneant,
2905 2603 2999 2656 sed
3033 2618 3180 2669 eam,
3205 2621 3324 2675 quae
3354 2619 3438 2661 est
3459 2625 3491 2664 a

1901 2680 2187 2749 spiritibus
2215 2687 2456 2753 erroris;
2491 2704 2588 2742 nos
2621 2693 2712 2760 qui
2746 2707 2886 2746 vera:
2916 2709 2979 2748 ac
3003 2709 3153 2764 pura:
3175 2695 3302 2752 Jesu
3329 2699 3491 2755 Chri-

1899 2775 1967 2827 sti
1999 2775 2268 2833 doctrina:
2301 2779 2553 2850 discipuli
2600 2800 2810 2851 sumus,
2859 2786 3132 2845 firmiores
3177 2790 3231 2845 in
3281 2791 3390 2848 fide
3435 2807 3488 2850 et

1899 2871 2302 2925 constantiores
2349 2874 2521 2929 simus
2567 2876 2619 2928 in
2674 2892 2768 2946 spe
2813 2880 2881 2933 ab
2932 2895 2998 2935 eo
3054 2885 3326 2939 nuntiata.
3358 2885 3490 2954 Qua:

1897 2961 2042 3014 enim
2073 2963 2124 3015 in
2163 2978 2263 3017 suo
2303 2967 2522 3022 nomine
2546 2979 2809 3025 eventura
2842 2974 3114 3043 pra:dixit,
3147 2991 3211 3030 ea
3229 2980 3402 3034 oculis
3429 2991 3486 3035 et

1895 3053 2088 3110 effectu
2116 3055 2181 3109 ad
2210 3059 2419 3112 exitum
2460 3065 2724 3131 perducta
2757 3067 3057 3124 cernimus.
3104 3069 3254 3124 Dixit
3284 3074 3428 3129 enim
3466 3092 3481 3130 :

1894 3143 2055 3198 Multi
2104 3150 2305 3202 venient
2361 3152 2416 3205 in
2467 3156 2676 3208 nomine
2738 3157 2934 3224 meo",
2986 3170 3097 3218 etc.
3158 3163 3224 3217 Et
3260 3179 3274 3216 ε
3305 3161 3482 3223 Erunt

194 3239 380 3292 stiana:
441 3238 738 3309 religienis
786 3241 1129 3294 ornamentis
1181 3250 1236 3293 et
1292 3240 1450 3294 donis
1505 3239 1784 3309 praedicat,
1817 3243 1861 3304 ο
1891 3237 2176 3294 schismata
2205 3252 2251 3294 et
2281 3248 2506 3298 hatreses
2523 3246 2588 3298 ³³.
2622 3266 2641 3297 ι
2666 3245 2812 3303 Nihil
2846 3250 2995 3305 aliud
3030 3268 3161 3324 ergo
3191 3261 3482 3318 catholicis

182 3329 439 3398 quidquid
469 3332 701 3399 eunrde
723 3332 1084 3385 distinctione
1130 3331 1251 3384 novi
1286 3341 1339 3385 et
1389 3333 1588 3384 veteris
1619 3339 1788 3386 testa—

182 3420 366 3483 menti,
402 3421 681 3489 quidquid
730 3421 803 3475 de
855 3437 998 3474 nova
1053 3421 1145 3475 illa
1192 3421 1496 3487 creatione,
1537 3437 1699 3492 quam
1752 3439 1781 3476 a

183 3509 394 3567 ClariSto
441 3515 784 3581 accipimus,
823 3513 1188 3568 disserentem
1230 3514 1282 3567 in
1333 3515 1570 3568 secunda
1619 3514 1781 3585 hujus

187 3603 512 3670 praefationis
545 3615 708 3672 parte
742 3606 1008 3672 vidimus,
1061 3606 1115 3659 id
1169 3605 1426 3661 Ecclesiae
1472 3607 1779 3670 catholica,

192 3697 416 3752 exclusis
445 3699 713 3753 omnibus
745 3699 936 3764 sectis,
973 3698 1254 3768 pmprium
1283 3714 1406 3754 esse
1432 3702 1684 3754 ducebat.
1722 3700 1780 3754 Id

196 3792 297 3859 ipse
329 3803 559 3848 testatur
611 3795 665 3848 in
709 3792 972 3862 Dialogo,
1017 3809 1076 3846 n.
1106 3793 1227 3857 H6,
1261 3794 1349 3848 ubi
1383 3793 1462 3848 sic
1496 3793 1774 3863 loquitur:

202 3904 217 3932 α
250 3887 347 3941 Nos
389 3890 480 3956 qui
532 3905 632 3958 per
669 3903 877 3943 nomen
930 3885 1066 3942 Jesu
1117 3887 1290 3941 instar
1340 3887 1500 3942 unius
1540 3887 1776 3944 hominis

1893 3329 2133 3386 afferunt
2162 3333 2456 3390 schismata
2487 3343 2541 3390 et
2570 3337 2804 3394 haereses
2824 3379 2841 3403 ,
2875 3342 2978 3396 nisi
3013 3354 3071 3396 nt
3103 3350 3480 3412 praadictiones

1888 3422 2093 3478 Christi
2121 3427 2189 3480 ad
2219 3427 2428 3480 exitum
2478 3430 2706 3496 perduci
2733 3433 3052 3504 intelligant
3085 3447 3142 3491 et
3167 3440 3220 3493 in
3249 3441 3353 3497 fide
3383 3445 3480 3497 lir-

1889 3516 2092 3571 miores
2139 3519 2392 3573 evadant.
2419 3519 2574 3588 Quod
2604 3524 2650 3577 si
2685 3525 2868 3580 unitas
2913 3537 3009 3582 aut
3057 3531 3259 3588 veritas
3288 3533 3341 3588 in
3374 3536 3476 3592 Ec-

1891 3609 2052 3664 clesia
2084 3611 2319 3666 deﬁcere
2351 3625 2595 3683 possent,
2646 3618 2828 3674 nullus
2855 3630 3000 3679 esset
3028 3639 3207 3692 error,
3241 3629 3332 3696 qui
3367 3645 3473 3684 non

1887 3699 2145 3755 Ecclesia:
2174 3703 2476 3758 doctrinam
2505 3705 2557 3759 in
2586 3708 2878 3764 discrimen
2903 3713 3229 3784 adduceret;
3267 3719 3471 3772 nullum

1884 3791 2146 3860 schisma,
2181 3809 2211 3848 a
2240 3810 2348 3865 quo
2397 3811 2504 3852 non
2535 3810 2682 3853 esset
2713 3807 3023 3859 evertenda:
3067 3809 3292 3865 unitatis
3321 3811 3471 3880 peri-

1882 3884 2081 3941 culum.

214 4085 3460 4118 *ψ’-*Μ

1079 4266 1937 4360 PIUEFATIONIS
2011 4225 2301 4365 PARS
2375 4277 2570 4367 IlI.

473 4451 563 4512 De
594 4449 802 4530 gestis
836 4457 896 4511 et
931 4449 1187 4526 scriptis
1220 4451 1484 4526 Justini,
1520 4451 1794 4526 Tatiani,
1832 4453 2253 4536 Athenagorae
2281 4465 2340 4521 et
2371 4460 2711 4540 TheOphili
2748 4466 3157 4533 Antiocheni.

703 4745 936 4801 CAPUT
978 4747 1268 4805 PRIMUM.

271 4851 337 4904 Ile
363 4851 562 4908 Justini
589 4859 772 4924 patria
809 4864 858 4909 et
902 4865 1044 4936 ortu,
1078 4857 1408 4912 institutione
1436 4859 1628 4927 puerili
1656 4869 1705 4914 et

804 4943 1157 4980 conversione.

205 5013 233 5060 Ι.
258 5013 306 5061 S.
326 5016 546 5064 Justinus
568 5018 616 5064 in
643 5014 907 5064 Palaestina
931 5017 1134 5076 gentilis
1152 5023 1314 5067 natus.
1347 5019 1407 5068 Il.
1433 5020 1570 5072 Circa
1591 5035 1772 5071 annum

258 5076 337 5124 fit
357 5086 518 5126 natum
545 5079 852 5137 conﬁcimus.
883 5077 966 5126 ΙΙΙ.
996 5080 1070 5128 De
1095 5079 1200 5189 (aius
1231 5081 1407 5130 studiis
1431 5096 1486 5131 ac
1507 5086 1770 5146 magistris.

258 5139 324 5185 IV.
357 5140 594 5188 litabilis
633 5141 974 5189 conversionis
1017 5153 1098 5188 mo
1136 5156 1206 5189 us.
1257 5142 1318 5189 ν.
1349 5144 1454 5189 Oua
1479 5146 1530 5189 in
1574 5146 1695 5189 urbe
1719 5152 1770 5189 et

253 5139 324 5185 lt’.
357 5140 594 5188 litabilis
633 5141 974 5189 conversionis
1017 5139 1206 5190 modus.
1257 5142 1318 5193 γ.
1349 5144 1454 5202 Qua
1479 5146 1531 5194 in
1574 5139 1695 5195 urbe
1719 5152 1773 5194 et

249 5214 338 5258 quo
357 5216 487 5250 anno
511 5215 800 5250 conversus.

254 5305 292 5359 l.
314 5309 386 5362 De
427 5308 711 5378 plerisque
735 5308 795 5362 S.
828 5305 1027 5363 Justini
1069 5311 1235 5381 gestis
1274 5320 1330 5365 et
1373 5310 1611 5380 scriptis,
1646 5327 1767 5366 cum

198 5410 290 5452 tam
336 5401 519 5455 multa:
579 5401 692 5455 sint
742 5414 967 5471 tamque
1007 5402 1382 5473 discrepantes
1430 5404 1766 5458 eruditorum

193 5492 481 5555 sententiae,
519 5491 686 5547 facile
726 5492 976 5563 intelligo
1005 5509 1092 5548 me
1131 5496 1186 5548 in
1229 5494 1440 5552 lubrico
1470 5504 1526 5551 et
1565 5495 1765 5551 difIit-ili

193 5581 305 5637 loco
333 5585 559 5640 versari.
587 5585 932 5658 Quapmpter
957 5597 1122 5642 totam
1152 5604 1260 5643 rem
1285 5589 1362 5643 sic
1381 5589 1767 5645 administrare

194 5683 241 5727 ct
272 5683 603 5742 pertractare
649 5677 911 5741 conabor,
959 5683 1020 5728 ut
1074 5689 1174 5728 nec
1220 5683 1598 5729 asseveranter
1638 5690 1764 5744 pro-

261 5846 299 5876 ”
324 5845 509 5900 Matth.
542 5863 683 5913 xxiv,
853 5849 898 5879 ³³
929 5847 946 5900 Ι
980 5846 1106 5900 Cor.
1145 5864 1218 5914 st,
1252 5848 1332 5904 f9.

495 5942 750 6008 PATBOL.
786 5946 911 6007 Gn.
966 5941 1074 6002 Vl.

1810 4769 1854 4822 ι)
1884 4769 2082 4824 ponam
2112 4767 2233 4823 quae
2262 4751 2421 4807 dubia
2447 4761 2501 4808 et
2534 4757 2740 4808 incerta
2771 4765 2917 4822 sunt,
2950 4773 3049 4812 nec
3070 4773 3192 4826 qua:
3227 4765 3463 4818 maxime

1879 4844 2186 4916 probabilia
2220 4843 2429 4900 levibus
2479 4846 2800 4902 ratiunculis
2830 4848 3208 4919 posthabeam.
3242 4851 3298 4907 Si
3332 4853 3465 4922 quid

1877 4945 2055 4991 autem
2086 4935 2222 4991 certi
2249 4943 2303 4990 et
2336 4935 2601 5006 explorati
2627 4949 2900 5005 occurrat,
2928 4939 2980 4994 id
3008 4942 3181 4996 instar
3208 4943 3461 5014 principii

1877 5027 2248 5082 adhibendum
2298 5026 2439 5091 erit,
2500 5036 2608 5081 tum
2661 5030 2726 5082 ad
2787 5028 3080 5085 refellenda
3138 5032 3457 5101 opinionqu

1873 5129 2206 5184 commenta,
2243 5127 2371 5182 tum_
2395 5121 2461 5173 ad
2498 5120 2892 5187 confirmanda,
2924 5137 3056 5191 qua:
3096 5123 3277 5180 minus
3317 5125 3459 5180 belle

1874 5210 1927 5264 in
1960 5211 2182 5264 dubium
2217 5219 2407 5266 vocata
2441 5207 2680 5265 fuerant.

1944 5302 2004 5359 S.
2047 5313 2252 5373 martyr
2303 5303 2460 5356 initio
2497 5302 2723 5372 majoris
2769 5303 3042 5372 Apologia:
3080 5307 3314 5376 patriam
3355 5323 3453 5378 ap-

1873 5395 2038 5466 pellat
2069 5393 2315 5448 Flaviam
2351 5393 2633 5465 Neapolim
2674 5394 2846 5466 Syria:
2892 5395 3215 5465 Palaestinae,
3253 5413 3318 5454 ac
3355 5416 3454 5470 pa-

1875 5496 2009 5542 trem
2055 5486 2158 5542 sibi
2201 5487 2451 5542 Priscum
2499 5489 2688 5553 fuisse,
2740 5503 2899 5541 avum
2947 5486 3241 5545 Bacchium
3285 5499 3453 5546 “3518-.

1871 5587 1958 5633 tur
1981 5579 2026 5610 ³⁸
2053 5598 2065 5632 :
2096 5579 2344 5634 Justinus
2377 5580 2549 5635 Prisci
2579 5581 2746 5651 ﬁlius,
2779 5580 3000 5634 Bacchii
3027 5598 3206 5648 nepos,
3245 5581 3448 5635 Flavia:

1873 5672 2125 5744 Neapolis
2167 5675 2222 5730 in
2272 5673 2426 5746 Syria
2480 5675 2782 5732 Pala’stina:
2803 5678 3015 5733 civium.
3045 5677 3193 5748 ,ΙΙωο
3230 5676 3451 5744 civitas,

1410 5849 1454 5879 δι
1489 5849 1678 5918 Antiq.
1712 5848 1805 5904 lib.
1843 5863 1919 5914 xl,
1948 5863 1995 5902 c.
2039 5848 2091 5903 8.

3161 5937 3194 5996 lt
