3932 6258
433 418 545 474 ἨἸ

1328 418 1383 470 s.
1420 415 1759 473 JUSTINUS
1795 416 2276 474 PHILOSOPHUS
2309 420 2395 474 ET
2434 406 2744 476 Mauris.

3612 428 3726 485 108

444 555 563 609 qute
593 538 723 592 olim
765 536 984 593 Sichem
1018 538 1320 604 dicebatur,
1353 546 1430 604 et,
1470 547 1607 593 teste
1636 537 1893 608 Josepho,
1934 555 2028 595 ca-
2057 546 2099 602 Α
2130 543 2287 611 gicis.
2321 542 2726 613 Papebrochius
2760 544 3031 614 duplicem
3074 550 3285 602 nzeva
3313 548 3505 604 tollere
3537 565 3725 604 cona-

442 638 539 699 put
568 629 831 684 Samaria:
856 630 1032 684 fuerat
1060 630 1357 683 Alexandri
1392 630 1569 700 Magni
1607 639 1868 700 tempore,
1901 630 2024 684 Fla-

442 721 544 775 via:
582 717 837 789 Neapolis
878 734 1076 775 nomen
1117 736 1180 775 ac
1214 720 1304 789 jus
1346 722 1590 775 civitatis
1618 722 1833 775 videtur
1863 738 2021 776 acce-

441 811 589 881 pisse
617 827 646 864 a
674 811 865 865 Flavio
892 810 1248 880 Vespasiano.
1272 810 1456 881 Neque
1486 813 1633 865 enim
1658 812 1868 865 colonia
1894 812 2021 867 illnc

440 904 672 958 deducta
710 911 791 957 est
828 905 894 958 ab
921 903 1037 971 ejus
1067 903 1213 967 filiis,
1248 919 1371 958 cum
1396 903 1512 971 jam
1544 903 1797 973 Neapolis
1831 914 2017 958 vocata

440 996 607 1051 fuerit
632 997 793 1066 paulo
843 1006 965 1065 post
991 997 1260 1050 excidium
1277 997 1843 1067 llierosolymitanum,
1868 1006 1926 1050 ut
1950 1011 2019 1050 ex

439 1089 594 1145 libris
646 1088 863 1156 Josephi
930 1091 1000 1142 de
1058 1088 1199 1144 bello
1249 1087 1477 1143 Judaico
1515 1089 1614 1143 sub
1660 1088 1762 1142 hoc
1808 1096 2019 1159 tempus

438 1181 662 1252 scriptis
714 1180 1040 1250 perspicitur
1092 1180 1156 1233 ³⁸.
1209 1179 1358 1234 Unus
1406 1194 1473 1233 ex
1527 1179 1612 1233 his
1663 1180 1870 1235 colonis
1920 1182 2019 1236 fuit

436 1271 724 1338 Bacchius,
767 1272 921 1341 cujus
972 1285 1139 1340 nepos
1181 1270 1455 1326 Justinus.
1498 1270 1873 1326 Samaritanos
1918 1288 2015 1340 po-

434 1366 657 1436 pulares
685 1377 814 1420 suos
845 1364 1102 1435 appellat,
1132 1379 1238 1419 non
1285 1367 1425 1434 quod
1472 1364 1635 1417 ullam
1671 1374 1881 1432 partem
1921 1380 2015 1419 eo-

436 1474 558 1513 rum
615 1458 854 1512 instituti
906 1457 1199 1527 attigisset,
1240 1460 1335 1511 sed
1377 1458 1521 1527 quod
1564 1457 1615 1510 in
1660 1458 1763 1511 hac
1791 1458 1924 1512 urbe
1945 1473 2012 1509 ex

437 1550 643 1606 Griecis
667 1550 873 1605 colonis
903 1560 1062 1605 natus
1091 1558 1255 1604 esset.
1287 1548 1499 1619 Ubique
1540 1550 1683 1603 enim
1715 1565 1836 1605 sese
1871 1550 2013 1604 inter

366 1660 369 1665 ‘
434 1649 683 1703 ethnicos
723 1648 791 1702 ad
838 1647 1119 1701 Christum
1170 1661 1465 1701 conversos
1507 1654 1786 1709 numerat;
1844 1645 2012 1699 incir-

345 1746 368 1786 ‘1'
433 1742 738 1796 cumcisum
781 1755 840 1796 se
884 1753 1004 1795 esse
1047 1738 1291 1793 declarat
1344 1739 1396 1792 in
1457 1738 1677 1807 Dialogo
1725 1754 1842 1791 cum
1880 1737 2011 1808 Try-

430 1833 623 1901 phone.
672 1820 804 1885 (Ne
832 1830 1108 1897 dubitetis,
1164 1831 1361 1899 inquit,
1412 1844 1561 1882 num.
1594 1829 1684 1894 28,
1727 1828 1857 1882 mihi
1908 1829 2007 1882 ho-

2128 641 2247 698 tur;
2275 642 2551 702 postrema
2600 635 2763 689 verba
2807 636 3155 692 librariorum
3206 640 3534 709 negligentia
3585 642 3721 695 loco

2124 738 2224 776 suo
2254 724 2549 791 excidisse,
2587 735 2640 781 et
2680 726 2745 782 ad
2780 730 3192 785 conversionem
3241 731 3438 787 Justini
3482 749 3594 788 non
3636 733 3717 788 ad

2124 816 2450 886 martyrium
2490 818 2679 872 referri
2714 820 2919 875 debere
2952 824 3310 891 pronuntiat;
3350 840 3448 890 pro
3484 840 3550 879 eo
3600 842 3715 878 au-

2124 917 2229 961 tem
2258 910 2403 978 quod
2440 910 2832 979 interpretatur
2864 913 3145 980 Petavius,
3183 917 3277 969 sub
3319 917 3535 971 Rustico
3561 934 3718 986 pm-

2120 999 2277 1068 fecto,
2309 1003 2547 1057 Adriano
2573 1006 2891 1073 imperante,
2926 1008 3040 1075 ipse
3092 1010 3171 1063 sic
3211 1010 3388 1065 reddit
3425 1027 3441 1064 :
3488 1012 3725 1069 Consu-,

2121 1092 2258 1146 libus
2314 1093 2528 1149 Rustico
2582 1106 2629 1149 et
2674 1099 2910 1152 Adriano
2965 1101 3303 1169 imperatore.
3366 1101 3522 1157 Unde
3580 1104 3710 1158 haec

2120 1184 2387 1238 conﬂatur
2417 1189 2687 1241 sententia
2720 1206 2733 1241 :
2769 1189 3019 1245 Justinus
3043 1206 3161 1245 cum
3189 1193 3243 1246 in
3282 1192 3548 1247 Christum
3580 1210 3709 1248 cre-

2116 1273 2335 1330 didisset
2363 1278 2458 1331 sub
2491 1281 2775 1333 consulatu
2812 1280 3016 1335 Rustici
3044 1293 3093 1335 et
3130 1284 3375 1347 Adriani,
3403 1302 3570 1338 annos
3601 1304 3709 1337 na-

2117 1378 2201 1420 tus
2237 1370 2479 1437 triginta,
2524 1382 2677 1424 attate
2698 1373 2878 1441 ﬁrma,
2920 1383 3028 1428 etc.
3069 1373 3328 1443 Sequitur
3360 1391 3426 1429 ex
3456 1378 3560 1431 hac
3606 1381 3701 1431 in-

2117 1462 2451 1526 terpretandi
2498 1474 2552 1515 et
2598 1466 2922 1519 emendandi
2971 1469 3186 1520 ratione
3224 1465 3496 1521 Justinum
3545 1484 3704 1525 auito

2117 1549 2237 1614 119,
2288 1568 2395 1619 quo
2446 1554 2719 1609 Adrianus
2772 1566 2826 1609 et
2867 1557 3123 1612 Rusticus
3159 1559 3408 1614 consules
3449 1559 3698 1622 fuerunt,

2116 1653 2317 1692 annum
2369 1644 2546 1697 relatis
2596 1644 2935 1699 tricesimum
2996 1647 3278 1716 attigisse,
3338 1664 3403 1704 ac
3461 1650 3705 1718 proinde

2114 1744 2257 1785 anno
2285 1730 2355 1787 89
2393 1733 2447 1787 in
2471 1733 2648 1789 lucem
2678 1737 2882 1791 editum
2916 1737 3108 1794 fuisse.

2185 1821 2291 1878 Sed
2326 1827 2582 1880 assentiri
2613 1843 2719 1881 non
2754 1844 2971 1903 possum
3006 1830 3399 1902 Papebrocbio.
3438 1832 3565 1888 Haec
3609 1833 3699 1888 in-

433 1925 563 1979 mini
601 1926 988 1979 incircumciso
1031 1923 1276 1979 credere.
1324 1942 1340 1974 ι
1388 1922 1525 1975 Hinc
1566 1923 1725 1977 etiam
1772 1922 1825 1974 in
1863 1922 2006 1989 Apo-

2118 1917 2448 1983 terpretatio,
2506 1918 2598 1970 ἐπὶ
2621 1917 2934 1973 Ῥουστικοῦ
2971 1924 3239 1993 ἡγεμόνος
3279 1926 3372 1977 καὶ
3412 1924 3698 1997 Ἀδριανοῦ

430 2017 535 2086 tog.
581 2020 633 2083 1,
671 2033 723 2071 n.
751 2017 865 2071 53:
907 2033 927 2067 ι
965 2015 1072 2071 Nos
1122 2016 1269 2085 ipsos
1312 2016 1590 2071 cernimus
1640 2030 1709 2068 ex
1760 2013 2010 2085 gentibus

429 2110 614 2179 plures
655 2123 718 2164 ac
756 2107 1002 2163 veriores
1036 2121 1162 2162 esse
1201 2108 1567 2173 Christianos,
1612 2121 1773 2175 quam
1817 2120 1883 2159 ex
1920 2104 2012 2160 Ju-

430 2202 559 2257 da-is
587 2212 641 2257 et
670 2199 1052 2254 Samaritanis.
1096 2219 1115 2252 ι
1152 2198 1409 2255 Graviter
1438 2214 1569 2270 ergo
1604 2208 1847 2253 errasset
1880 2198 2010 2268 Epi-~

430 2295 686 2365 phanius,
741 2294 787 2349 si
834 2292 1108 2347 Justinum
1157 2307 1186 2346 a
1243 2291 1592 2347 Samaritano
1644 2292 1896 2347 instituto
1942 2292 2011 2346 ad

432 2389 746 2456 religionem
792 2385 1160 2440 Christianam
1205 2400 1530 2439 conversum
1594 2383 1770 2439 fuisse
1815 2384 2009 2438 existi-

429 2487 657 2533 masset.
700 2478 806 2533 Sed
847 2479 992 2533 hanc
1020 2478 1067 2532 ei
1097 2478 1413 2546 opinionem
1446 2476 1721 2530 immerito
1765 2474 2011 2544 Scaliger

429 2582 480 2626 et
539 2571 791 2625 Petavius
838 2570 1189 2624 aiﬂnxerunt.
1244 2568 1334 2624 Sic
1403 2569 1547 2623 enim
1610 2568 1851 2637 loquitur
1889 2568 1934 2599 ³⁸
1992 2581 2007 2619 :

432 2663 691 2716 Tatianus
753 2661 954 2715 Justini
1017 2660 1318 2729 philosOplii
1395 2660 1717 2712 sanctissimi
1770 2674 1832 2710 ac
1882 2658 2008 2711 reli-

428 2755 714 2825 giosissimi
756 2755 859 2807 uiri
897 2753 1276 2807 consuetudine
1302 2769 1429 2807 usus
1469 2762 1566 2818 est,
1596 2753 1683 2822 qui
1712 2769 1739 2805 e
1766 2749 2008 2805 Samari-

429 2850 568 2903 tanis
608 2851 676 2903 ad
719 2847 919 2902 Christi
956 2848 1116 2916 fidem
1163 2848 1473 2901 transierat.
1532 2846 1665 2899 Erat
1708 2847 1848 2899 enim
1906 2844 2003 2898 Ju-

428 2942 595 2997 stinus
623 2956 808 3010 genere
845 2938 1247 2994 Samaritanus.
1289 2936 1549 2993 Numerat
1577 2954 1709 3009 ergo
1731 2936 2006 2992 Justinum

429 3035 574 3088 inter
605 3032 1003 3095 Samaritanos,
1037 3047 1143 3085 non
1173 3032 1316 3100 quod
1340 3043 1529 3084 eorum
1556 3029 1809 3085 instituta
1833 3040 2009 3083 secta-

429 3138 516 3180 tus
546 3134 712 3187 esset,
745 3125 839 3179 sed
875 3125 1002 3194 quia
1036 3125 1090 3179 in
1138 3126 1239 3179 hac
1290 3133 1452 3194 gente
1494 3132 1655 3177 natus
1697 3133 1838 3177 erat.
1891 3122 2008 3188 Quo

430 3234 590 3272 sensu
623 3218 739 3285 ipse
771 3215 1021 3271 Justinus
1062 3214 1440 3270 Samaritanos
1466 3222 1626 3269 vocat
1658 3213 1710 3266 in
1753 3212 2005 3283 Dialogo,

432 3328 485 3364 n.
525 3310 643 3377 120,
669 3324 840 3379 genus
868 3325 1049 3373 suum,
1078 3320 1131 3361 et
1165 3309 1216 3361 in
1252 3308 1405 3376 Apol.
1459 3307 1514 3372 2,
1556 3322 1609 3361 n.
1662 3305 1750 3374 15,
1792 3315 2006 3375 gentem

431 3420 607 3458 suam.

499 3499 564 3556 ll.
607 3498 724 3567 Quo
755 3512 899 3552 anno
947 3503 1109 3549 natus
1163 3494 1235 3547 sit
1277 3490 1523 3547 Justinus
1562 3491 1835 3562 conjicere
1886 3505 2010 3561 pos-

431 3608 642 3655 sumus,
702 3605 807 3644 nou
861 3601 1203 3643 asseverare.
1256 3584 1555 3638 Plurimum
1606 3582 1745 3638 lucis
1792 3580 2010 3636 afferret

432 3684 789 3754 Epiphanius,
842 3683 884 3735 si
913 3682 1029 3750 ejus
1056 3681 1225 3733 verba
1273 3687 1368 3732 aut
1411 3677 1576 3731 nzevis
1615 3685 1892 3739 carerent,
1918 3684 2010 3728 aut

432 3790 554 3848 apte
613 3776 1062 3830 emendarentur.
1116 3774 1209 3827 Sic
1263 3782 1444 3826 autem
1501 3772 1742 3840 loquitur
1796 3772 1846 3825 in
1900 3773 2007 3826 ιιευ-

433 3886 542 3924 res.
564 3869 673 3923 46:
711 3862 875 3929 Οὗτος
925 3866 1033 3935 γὰρ
1082 3865 1110 3915 ὁ
1153 3865 1436 3926 ’ἷουστῖνος
1465 3862 1807 3933 Σαμαρείτης
1835 3859 1900 3933 ἦν
1951 3863 2011 3915 τὸ

430 3963 604 4028 γένος,
643 3962 720 4021 εἰς
754 3958 986 4029 Χριστὸν
1015 3955 1417 4019 πεπιστευκὼς,
1455 3957 1546 4008 καὶ
1577 3955 1826 4025 μεγάλως
1858 3953 2011 4019 ἐξασ-

434 4051 637 4122 κηθεὶς,
682 4049 881 4119 ἀρετῆς
922 4064 981 4099 τε
1024 4046 1134 4117 βίον
1177 4045 1571 4116 ἐνδειξάμενος,
1611 4046 1668 4098 τὸ
1693 4046 1842 4109 τέλος
1870 4048 2009 4117 ὑπὲρ

433 4144 662 4216 Χριστοῦ
698 4144 1047 4213 μαρτυρήσας
1097 4139 1301 4192 τελείου
1355 4142 1615 4209 στεφάνου
1666 4141 2010 4205 καταξιοῦται

434 4234 521 4286 ἐπὶ
533 4232 630 4301 τῆς
646 4231 948 4299 Ῥωμαίων,
969 4230 1059 4281 ἐπὶ
1076 4229 1388 4282 Ῥουστικοῦ
1410 4231 1675 4300 ἡγεμόνος
1693 4232 1786 4284 καὶ
1811 4231 2013 4304 Ἀδρια-

430 4322 522 4375 νοῦ
572 4320 851 4391 βασιλέως,
908 4321 1043 4373 ἐτῶν
1091 4321 1383 4392 τριάκοντα
1441 4322 1701 4391 ὑπάρχων
1754 4325 1810 4376 ὲν
1851 4324 2010 4378 καθε-

433 4411 615 4483 στώςῃ
644 4410 852 4482 ἡλικίᾳ.
892 4430 908 4461 ι
952 4410 1050 4465 Hic
1076 4412 1222 4464 enim
1254 4409 1501 4465 Justinus
1536 4427 1731 4481 genere
1774 4413 2010 4467 Samari-

435 4518 614 4570 tanus,
653 4520 775 4558 cum
807 4505 859 4557 in
894 4504 1173 4559 Christum
1206 4505 1547 4568 credidisset,
1589 4521 1651 4559 ac
1680 4521 2009 4575 magnopere

2118 2007 2399 2077 βασιλέως,
2430 2012 2522 2064 sub
2551 2030 2622 2066 cs.
2685 2011 2904 2067 Rustico
2969 2026 3017 2069 et
3065 2017 3300 2071 Adriano
3354 2020 3692 2088 imperatore,

2111 2102 2330 2170 penitus
2365 2115 2654 2175 repugnat,
2680 2110 2932 2176 quamvis
2966 2108 3174 2163 Grabio
3206 2118 3261 2165 et
3296 2111 3569 2167 Dodwello
3595 2128 3698 2167 ve-

2112 2194 2397 2249 hementer
2443 2198 2726 2263 probetur.
2787 2201 2965 2269 Atque
3011 2201 3225 2256 etiamsi
3282 2216 3389 2271 quo
3441 2204 3697 2273 exemplo

2112 2283 2318 2339 ﬁrmari
2359 2298 2573 2355 posset,
2619 2290 2820 2343 nullum
2848 2306 2980 2345 sane
3012 2290 3199 2346 afferri
3248 2295 3436 2361 possit,
3488 2304 3547 2349 ut
3593 2296 3696 2348 ob.

2112 2386 2294 2429 servat
2338 2376 2737 2442 Tillemontius,
2809 2382 2861 2433 in
2914 2398 3021 2450 quo
3086 2383 3408 2451 imperatori
3478 2384 3693 2437 consuli

2111 2465 2313 2536 collega
2340 2477 2708 2536 prmponatur.
2745 2468 2910 2524 Multa
2937 2472 3045 2525 alia
3074 2482 3418 2526 concurrunt
3442 2487 3561 2539 qua).
3587 2466 3696 2526 l’a-

2112 2557 2390 2627 pebrochii
2438 2559 2752 2627 opinionem
2814 2563 3082 2619 minuant.
3132 2564 3461 2620 Credibilius
3504 2566 3683 2620 multo

2110 2664 2189 2706 est
2218 2647 2417 2706 Justini
2450 2654 2772 2718 martyrium
2813 2654 3053 2724 praefecti
3090 2660 3369 2713 notatione
3399 2670 3697 2731 c0nsigna-

2114 2753 2223 2796 tum
2254 2742 2447 2810 fuisse,
2474 2761 2636 2815 quam
2668 2750 3084 2805 conversionem
3126 2765 3191 2804 ex
3225 2755 3542 2811 consulibus
3582 2773 3693 2811 no-

2114 2846 2300 2889 tatam.
2335 2834 2469 2890 Eum
2503 2850 2652 2892 certe
2680 2842 2778 2895 sub
2815 2840 3038 2897 Rustico
3067 2846 3325 2912 praefecto
3365 2863 3583 2914 passum
3621 2867 3694 2902 ex

2109 2928 2261 2982 Actis
2308 2930 2700 2999 perspicimus;
2763 2934 2865 2987 sub
2913 2949 2990 2988 cs.
3065 2936 3290 2992 Rustico
3337 2949 3392 2992 et
3440 2938 3699 2994 Adriano

2109 3034 2435 3074 conversum
2465 3022 2653 3077 nullibi
2689 3025 2919 3094 legimus
2953 3045 2969 3081 :
3011 3028 3247 3098 denique
3288 3031 3433 3086 illius
3460 3047 3702 3087 conver—

2110 3113 2192 3165 sio
2217 3112 2392 3165 serius
2427 3116 2698 3181 ponenda,
2733 3117 2777 3169 si
2808 3118 2999 3171 ducem
3042 3119 3330 3174 Eusebium
3370 3138 3698 3192 sequamur,

2112 3218 2217 3272 quo
2242 3204 2489 3273 profecto
2530 3206 2617 3262 his
2659 3208 2713 3262 in
2759 3210 2922 3266 rebus
2979 3213 3234 3267 tutiorem
3278 3214 3483 3268 nullum
3517 3215 3697 3271 habe-

2113 3308 2251 3348 IDUS.

2184 3390 2351 3459 Igitur
2383 3392 2554 3448 satius
2581 3402 2664 3448 est
2695 3394 2856 3450 fateri
2891 3396 3252 3466 Epiphanium
3292 3413 3526 3467 errasse,
3555 3404 3697 3458 dum

2110 3482 2308 3538 Justini
2363 3488 2682 3556 martyrium
2747 3490 2850 3542 sub
2903 3489 3144 3545 Adriano
3192 3492 3457 3557 collocat,
3519 3510 3695 3563 quam

2111 3577 2256 3633 illius
2284 3580 2444 3633 verba
2475 3581 2710 3635 absurde
2754 3582 3131 3651 interpretari.
3174 3585 3489 3641 Sanabilior
3540 3588 3699 3643 vide-

2115 3679 2199 3724 tur
2223 3671 2363 3725 alter
2396 3687 2577 3727 naevus
2604 3691 2617 3739 ;
2646 3689 2745 3728 nec
2771 3685 2950 3729 tamen
2986 3692 3211 3731 necesse
3242 3688 3325 3732 est
3354 3680 3468 3733 haec
3498 3680 3696 3748 verba,

2110 3765 2265 3832 ﬁrma
2294 3778 2341 3820 et
2382 3770 2645 3822 constanti
2676 3778 2852 3833 aetate,
2898 3787 3035 3824 anno
3078 3773 3248 3826 trtatis
3296 3774 3577 3839 tricesimo,
3607 3778 3699 3829 al-

2116 3858 2221 3912 tius
2255 3860 2577 3927 transferre,
2602 3863 2759 3931 quasi
2800 3863 2867 3916 ad
2898 3866 3314 3921 conversionem
3354 3870 3692 3938 pertineant,

2113 3959 2164 4002 et
2195 3950 2311 4004 loco
2342 3967 2440 4004 suo
2477 3968 2507 4005 a
2548 3953 2789 4009 librariis
2824 3956 3033 4025 dejecta
3078 3955 3304 4013 fuerint.
3356 3959 3503 4015 Nihil
3551 3976 3696 4019 sane

2112 4042 2385 4108 prohibet,
2422 4046 2714 4111 quominus
2742 4046 2991 4102 Justinus
3016 4060 3178 4104 tetate
3208 4052 3387 4107 adhuc
3413 4053 3566 4107 firma
3605 4056 3699 4109 vi-

2115 4142 2223 4185 tant
2266 4147 2363 4201 pro
2413 4134 2627 4192 Christo
2686 4139 2992 4207 profudisse
3048 4144 3293 4211 dicatur;
3337 4160 3511 4215 neque
3561 4134 3697 4205 huic

2112 4224 2405 4293 Epiphanii
2436 4229 2748 4284 testimonio
2801 4232 3095 4302 quidquam
3148 4235 3288 4290 inest
3318 4237 3645 4294 incommodi
3677 4259 3692 4295 :

2116 4318 2168 4373 id
2200 4328 2411 4372 tantum
2440 4320 2558 4373 vitii
2587 4324 2831 4377 occurrit
2871 4324 2922 4377 in
2958 4327 3074 4395 ejus
3108 4328 3310 4396 verbis,
3346 4331 3488 4398 quod
3517 4329 3701 4387 Justi-

2116 4426 2219 4465 nus
2252 4427 2396 4467 anno
2420 4417 2596 4469 aetatis
2633 4418 2905 4471 tricesimo
2943 4434 3136 4486 passus
3168 4422 3402 4479 dicatur.
3426 4423 3497 4477 At
3528 4422 3698 4481 facile

2116 4502 2219 4557 fuit
2261 4505 2500 4561 librariis
2527 4523 2712 4562 errare
2755 4509 2806 4561 in
2860 4513 3006 4565 notis
3052 4515 3442 4579 numeralibus,
3488 4524 3542 4570 et
3593 4519 3698 4572 tri-

433 4597 767 4651 exercitatus
816 4606 870 4649 et
921 4596 1253 4650 sanctiorem
1298 4595 1465 4649 vitam
1513 4597 1793 4666 professus
1841 4609 2005 4662 esset,
2040 4601 2083 4654 D
2114 4595 2259 4662 ginta
2293 4612 2390 4664 pro
2414 4600 2809 4670 quinquaginta
2843 4616 3078 4671 ponere;
3122 4620 3243 4660 cum
3274 4608 3577 4676 prtesertim
3603 4609 3699 4663 lit-

436 4692 651 4743 tandem
683 4705 780 4756 pro
802 4688 1022 4742 Christo
1056 4689 1320 4758 martyrio
1343 4688 1679 4757 perfunctus,
1711 4691 2005 4759 perfectam

436 4798 691 4836 coronam
730 4781 955 4849 adeptus
993 4792 1078 4837 est
1108 4781 1293 4837 Romae
1328 4783 1427 4837 sub
1458 4780 1686 4838 Rustico
1727 4786 2001 4853 praefecto,

435 4876 673 4927 Adriano
706 4874 1032 4941 imperante,
1071 4875 1223 4928 firma
1261 4886 1315 4929 ct
1347 4878 1613 4929 constanti
1645 4886 1823 4940 aetate,
1866 4894 2008 4931 anno

439 4971 695 5024 videlicet
733 4970 1032 5025 tricesimo.
1090 4990 1108 5021 ι
1169 4972 1283 5025 Duo
1324 4970 1414 5024 hic
1459 4982 1755 5026 occurrunt
1804 4974 1941 5026 naevi
1992 4993 2003 5025 :

436 5062 647 5130 primus
683 5064 825 5131 quod
864 5064 964 5118 sub
993 5062 1269 5127 Adriano;
1305 5062 1443 5117 alter
1486 5065 1629 5132 quod
1662 5079 1805 5118 anno
1834 5066 2010 5119 mtatis

441 5152 719 5207 tricesimo
754 5167 948 5222 passus
985 5153 1187 5207 dicitur
1229 5153 1497 5208 Justinus.
1547 5154 1852 5210 Verisimile
1903 5172 2005 5210 non

440 5251 524 5297 est
568 5253 627 5296 ut
665 5243 935 5298 Justinum
967 5245 1300 5312 Epiphanius
1328 5262 1471 5299 anno
1516 5249 1695 5301 aetatis
1730 5248 2007 5303 tricesimo

442 5348 658 5401 passum
689 5334 942 5402 Opinatus
966 5336 1059 5401 sit,
1100 5352 1223 5390 cum
1271 5345 1349 5391 tot
1382 5338 1551 5392 libros
1576 5340 1642 5392 ab
1682 5356 1747 5394 eo
1777 5342 2010 5411 scriptos

445 5424 584 5477 haud
619 5425 922 5494 ignoraret,
965 5442 1199 5496 eumque
1248 5445 1354 5483 non
1406 5432 1649 5486 obscure
1695 5432 1898 5488 indicet
1955 5436 2009 5487 in

442 5515 715 5567 sanctiore
756 5516 863 5568 vita
907 5518 997 5570 diu
1032 5520 1369 5590 multumque
1409 5523 1792 5576 exercitatum.
1831 5522 2009 5578 Minus

444 5602 638 5655 mirum
670 5604 811 5670 quod
836 5605 977 5661 illius
1000 5614 1319 5679 martyrium
1346 5612 1446 5665 sub
1470 5613 1707 5667 Adriano
1736 5615 1968 5668 collucet
1993 5631 2007 5679 ;

445 5708 550 5747 non
582 5694 721 5748 enim
752 5709 964 5764 semper
997 5713 1281 5755 accuratus
1316 5713 1395 5757 cst
1428 5705 1479 5757 in
1520 5706 1678 5759 rebus
1720 5706 2012 5761 chronolo-

514 5866 556 5895 ³⁸
591 5865 704 5921 Lib.
740 5883 791 5935 γ,
819 5881 868 5923 c.
896 5866 948 5924 4.
1030 5870 1069 5900 ³⁶
1107 5870 1305 5925 lintres.
1339 5872 1422 5926 46.

2114 4697 2350 4743 terarum
2376 4691 2421 4742 Λ
2445 4700 2498 4744 et
2522 4692 2569 4743 N
2599 4709 2720 4762 quae
2755 4694 2842 4749 his
2885 4699 3123 4752 numeris
3149 4699 3496 4769 designandis
3528 4701 3697 4755 adhi-

2112 4778 2329 4840 bent-ur,
2379 4780 2767 4838 dissimilitudo
2827 4787 3016 4841 oculos
3071 4802 3178 4841 non
3234 4789 3392 4843 valde
3450 4800 3695 4846 attentos

2113 4870 2283 4924 latere
2317 4874 2575 4937 potuerit.
2606 4875 2661 4927 Si
2694 4890 2824 4944 ergo
2872 4875 3119 4933 Justinus
3147 4894 3291 4933 anno
3317 4881 3492 4935 aetatis
3525 4881 3692 4938 circi-

2115 4971 2193 5012 ter
2219 4960 2287 5013 50
2315 4962 2517 5021 aut,54
2547 4979 2741 5033 passus
2784 4976 2867 5022 est
2900 4970 3103 5038 (neque
3134 4972 3279 5025 enim
3307 4973 3423 5027 hazc
3452 4973 3697 5043 Epipha-

2113 5053 2235 5105 nius
2286 5053 2513 5107 nimium
2556 5056 2751 5112 stricte
2789 5059 2854 5111 ad
2911 5061 3156 5117 calculos
3208 5065 3526 5135 revocabat)
3566 5080 3695 5135 cum

2112 5139 2277 5195 facile
2328 5142 2717 5214 intelligemus,
2772 5164 2871 5202 cur
2919 5160 3082 5205 aetate
3126 5152 3279 5206 firma
3321 5162 3375 5207 et
3413 5160 3695 5211 constanti

2112 5248 2307 5301 passus
2341 5234 2579 5303 dicatur,
2629 5240 2679 5293 id
2728 5250 2811 5295 est
2858 5244 3096 5298 nondum
3143 5260 3333 5312 senex,
3380 5254 3492 5300 tum
3526 5249 3692 5303 etiam

2113 5344 2221 5395 quo
2262 5345 2407 5384 anno
2458 5340 2617 5387 natus
2657 5334 2748 5401 sit,
2789 5335 3046 5391 nimirum
3086 5355 3193 5395 non
3226 5341 3397 5396 multo
3434 5352 3557 5412 post
3595 5359 3696 5396 an-

2114 5438 2243 5475 num
2277 5423 2398 5477 114.
2437 5424 2572 5479 Nam
2625 5427 2771 5483 illius
2821 5432 3149 5498 martyrium
3194 5434 3365 5487 multa
3418 5434 3693 5489 rationum

2120 5527 2397 5571 momenta
2441 5519 2701 5573 addicunt
2730 5535 2869 5574 anno
2901 5523 3123 5577 circiter
3153 5526 3275 5581 168.

2186 5606 2272 5660 ΙΙΙ.
2317 5608 2587 5664 Traduxit
2618 5612 3043 5668 adolescentiam
3078 5615 3327 5672 Justinus
3380 5618 3431 5671 in
3481 5618 3696 5671 littera-

2116 5715 2231 5753 rum
2258 5702 2483 5769 studiis;
2528 5720 2591 5759 ac
2618 5707 2814 5775 poetis,
2847 5710 3162 5768 oratoribus
3197 5721 3260 5769 et
3296 5713 3599 5780 historicis,
3639 5725 3697 5768 ut
