3932 6258
178 439 267 494 109

1206 437 1267 497 D.
1308 435 1571 494 MARANI
1608 428 2000 490 PREFATIO.
2034 462 2105 475 —-
2137 424 2314 488 PARS
2352 422 2439 487 lll.

3380 428 3486 483 HO

182 566 448 623 moserat,
482 572 728 627 operam
764 560 933 616 dedit
965 561 1169 616 utilem
1199 561 1491 630 aliquando
1523 559 1591 614 ad
1633 558 1809 615 ethni-
1836 569 1884 625 Α
1910 569 2100 618 senex,
2126 554 2197 608 ita
2234 548 2661 622 contempleris?
2700 568 2719 604 ι
2754 548 2946 606 Mirari
2993 565 3052 608 se
3083 547 3364 621 respondit
3385 549 3475 606 Juv

185 667 266 706 cos
299 648 647 706 refellendos
671 648 970 706 futuram.
1001 653 1317 707 Rhetorica!
1350 652 1487 706 artis
1513 667 1618 707 non
1642 650 1802 705 valde

189 745 474 798 studiosum
510 742 694 797 fuisse
744 746 939 809 dicas,
993 746 1041 799 si
1091 745 1347 814 pleraque
1401 744 1548 799 illius
1593 744 1798 812 scripta

192 837 517 899 consideres,
571 838 632 889 in
692 838 915 905 quibus
962 840 1250 892 veritatem
1291 854 1397 891 non
1433 839 1523 891 ille
1579 838 1798 906 quidem

198 931 301 984 sine
324 930 537 993 nervis,
577 944 689 984 nec
742 933 875 985 sine
915 948 1134 985 summa
1179 932 1227 985 vi
1275 931 1477 999 ingenii
1521 929 1796 994 defendit;

203 1032 249 1076 at
273 1022 413 1076 nulla
449 1038 702 1091 prorsus
744 1027 1031 1079 orationis
1065 1031 1393 1079 'ornamenta
1425 1025 1492 1078 ad
1531 1022 1676 1077 illius
1708 1024 1798 1076 de-

203 1115 483 1169 fensionem
538 1115 881 1172 adhibenda
917 1120 1277 1174 existimavit.
1317 1118 1460 1184 Quid
1511 1124 1692 1170 tamen
1742 1116 1793 1169 in

204 1209 291 1261 hoc
312 1222 511 1278 genere
532 1219 767 1276 posset,
796 1210 1004 1263 indicio
1026 1220 1111 1265 est
1133 1208 1439 1263 Cohortatio
1464 1212 1533 1262 ad
1560 1208 1793 1273 Graecos,

202 1316 307 1369 qua:
335 1300 703 1370 elegantiori,
736 1316 912 1370 quam
937 1302 1045 1355 alia
1092 1301 1209 1369 ejus
1237 1315 1421 1370 opera,
1457 1302 1668 1357 dicendi
1707 1316 1797 1371 ge-

200 1407 324 1446 nere
356 1394 727 1462 splendescit.
781 1395 854 1448 At
903 1396 1110 1450 nullius
1153 1395 1456 1465 disciplina:
1508 1395 1797 1450 vehemen-

203 1488 307 1539 tius
329 1502 485 1555 quam
513 1487 905 1557 philosophiae
926 1488 1125 1543 studiis
1149 1488 1357 1542 exarsit
1385 1501 1402 1542 :
1433 1495 1489 1540 et
1518 1502 1640 1541 cum
1686 1490 1796 1541 exi-

206 1582 365 1631 mium
400 1593 655 1632 amorem
701 1579 961 1633 veritatis
994 1578 1305 1644 considero,
1355 1593 1515 1648 quem
1573 1578 1795 1647 pericli-

210 1672 379 1725 tandis
408 1671 882 1740 philosophorum
938 1672 1109 1726 sectis
1168 1670 1504 1736 declaravit,
1555 1671 1793 1725 divinam

214 1758 615 1815 Providentiam
647 1762 921 1826 admiror,
969 1776 1091 1830 qua!
1132 1763 1209 1817 sic
1262 1760 1405 1815 illius
1454 1762 1695 1815 animum
1725 1762 1792 1816 ad

212 1855 487 1906 amandam
528 1855 831 1910 veritatem
884 1856 1208 1918 inclinabat,
1248 1863 1309 1908 ut
1358 1870 1481 1909 cum
1518 1870 1637 1909 eam
1680 1856 1795 1907 fru-

1904 646 2098 708 Stinus,
2127 644 2270 712 quod
2304 643 2375 697 ibi
2399 643 2741 713 potissimum
2776 642 2878 698 sibi
2918 641 3268 705 occurrisset,
3292 640 3384 695 ubi
3422 656 3486 698 se

1903 748 1931 787 a
1958 735 2175 788 nemine
2196 734 2371 788 visum
2407 734 2476 787 iri
2514 734 2788 803 sperabat.
2827 751 2847 785 ι
2883 732 3161 789 Sollicitus
3207 747 3350 798 sum,
3393 734 3484 788 in-

1902 826 2021 892 quit
2044 840 2231 891 senex,
2262 828 2329 881 de
2352 840 2597 880 meorum
2631 825 2911 879 nonnullis
2941 841 2955 875 :
2984 824 3037 877 hi
3068 838 3299 894 peregre
3343 824 3481 879 mihi

1902 915 2192 980 abierunt;
2225 915 2580 984 quamobrem
2611 924 2917 984 spectatum
2952 916 3073 968 veni
3099 930 3167 969 an
3194 928 3318 972 sese
3342 916 3478 972 mihi

1900 1006 2152 1061 alicunde
2182 1009 2457 1062 ostensuri
2484 1009 2614 1062 sint.
2642 1008 2719 1063 Tu
2750 1023 2879 1063 vero
2908 1009 3166 1078 quidnam
3194 1011 3282 1063 bic
3301 1024 3483 1064 rerum

1903 1099 2092 1167 geris?
2131 1118 2149 1151 ι
2188 1099 2486 1169 Postquam
2520 1098 2920 1155 demonstravit
2950 1100 3199 1156 Justinus
3228 1116 3288 1155 se
3308 1102 3487 1171 philo-

1900 1190 2106 1258 sophia:
2138 1192 2448 1247 studiosum
2482 1206 2605 1247 esse
2630 1208 2695 1246 ac
2726 1189 3019 1247 meditandi
3049 1206 3212 1247 causa
3246 1184 3375 1249 illuc
3394 1209 3486 1249 ve-

1899 1283 2088 1347 nisse;
2121 1294 2233 1336 tum
2265 1298 2430 1338 senex
2465 1283 2646 1337 oblata
2674 1284 2965 1338 occasione
2991 1298 3054 1338 ea
3086 1284 3326 1349 disserit,
3364 1298 3487 1353 quae

1899 1391 1965 1429 ex
1999 1390 2065 1429 eo
2096 1375 2279 1429 audita
2313 1375 2492 1431 retulit
2514 1375 2762 1431 Justinus
2790 1375 2945 1430 initio
2963 1374 3181 1443 Dialogi
3208 1390 3327 1428 cum
3351 1374 3488 1445 Try-

1897 1467 2088 1535 phone.
2118 1466 2360 1537 Longius
2403 1468 2732 1537 colloquium
2765 1483 2927 1537 quant
2957 1475 3016 1521 ut
3060 1467 3191 1521 illud
3225 1467 3329 1522 hoc
3365 1466 3488 1523 loco

1899 1557 2154 1612 referam.
2200 1557 2346 1613 Satis
2392 1568 2475 1613 est
2526 1560 2821 1615 observare
2853 1559 3113 1613 eximiam
3156 1561 3306 1612 senis
3349 1573 3485 1628 pru-

1897 1651 2159 1715 dentiam,
2200 1651 2295 1719 qui
2336 1666 2458 1704 cum
2486 1630 2760 1705 Justinun:
2794 1652 3006 1707 videret
3048 1654 3114 1707 de
3146 1652 3486 1723 philosophis

1897 1741 2134 1797 inflatius
2165 1742 2514 1807 sentientem,
2553 1743 2634 1797 sic
2658 1742 2778 1810 ejus
2802 1744 3041 1797 animum
3081 1745 3484 1813 pertractavit,

1899 1841 1957 1885 ut
1980 1833 2161 1902 primo
2192 1834 2336 1888 illius
2360 1834 2623 1898 scientiae,
2649 1835 2715 1888 de
2737 1848 2843 1902 qua
2881 1842 3164 1903 tantopere
3211 1834 3486 1904 gloriaba-

215 1956 321 1999 stra
364 1948 505 2014 apud
557 1948 929 2017 philosophos
974 1948 1301 2015 quaesiisset,
1358 1946 1598 2016 gratuito
1641 1946 1798 2001 Chri-

1904 1937 2007 1992 tur,
2037 1927 2356 1981 inanitatem
2390 1928 2735 1991 ostenderet;
2767 1925 2964 1981 deinde
3005 1926 3205 1995 quibus
3239 1941 3309 1981 ex
3357 1924 3484 1982 lon-

214 2039 282 2091 sti
327 2038 464 2091 dono
519 2043 592 2094 ad
641 2040 823 2108 ipsius
870 2039 1063 2093 oculos
1126 2038 1476 2108 affulgentem
1531 2038 1802 2107 arriperet

214 2131 386 2193 avide,
414 2142 749 2187 constanter
784 2132 1131 2185 defenderet.

282 2222 519 2276 Primum
568 2224 936 2291 philosophia!
972 2224 1296 2293 magistrum
1340 2221 1798 2278 habuitStoicum

213 2318 521 2381 quemdam,
585 2332 651 2369 ac
704 2317 843 2370 satis
889 2317 981 2369 diu
1014 2332 1136 2369 cum
1165 2331 1230 2371 eo
1255 2326 1505 2370 versatus
1543 2326 1650 2371 est.
1691 2316 1797 2372 Sed

210 2422 330 2461 cum
371 2423 429 2463 se
466 2408 645 2463 nihilo
697 2410 855 2479 plura
899 2410 965 2461 de
1000 2408 1112 2462 Deo
1147 2408 1292 2462 scire
1334 2408 1799 2462 animadverteret

208 2513 355 2566 (nam
382 2518 487 2557 nec
519 2503 741 2556 sciebat
792 2502 911 2569 ipse
950 2501 1188 2565 Stoicus,
1226 2515 1401 2569 neque
1443 2501 1585 2554 hanc
1622 2501 1800 2554 scien-

206 2597 335 2647 tiam
382 2597 768 2649 necessariam
819 2594 1176 2664 pulztbal),ab
1220 2608 1284 2647 eo
1316 2593 1605 2657 discessit,
1634 2605 1799 2661 seque

204 2688 273 2736 ad
310 2687 477 2739 alium
532 2687 805 2749 contulit,
860 2701 1022 2753 quem
1064 2684 1486 2754 Peripateticum
1520 2683 1795 2750 dicebant,

204 2781 505 2845 hominem,
547 2790 611 2833 ut
648 2779 758 2834 sibi
796 2781 917 2847 ipse
953 2776 1265 2843 videbatur,
1301 2788 1646 2846 peracutum.
1689 2778 1796 2833 Sed

201 2887 321 2926 cum
364 2872 562 2941 paucis
607 2883 736 2939 post
773 2870 968 2924 diebus
995 2870 1062 2922 de
1097 2869 1343 2923 mercede
1387 2879 1635 2937 agentem
1668 2872 1798 2925 mis-

204 2978 323 3016 sum
367 2963 534 3029 fecit,
602 2978 675 3017 ne
736 2962 1123 3031 phil050pltutn
1180 2960 1398 3028 quidem
1448 2959 1791 3018 existimans.

203 3054 318 3108 Non
347 3067 535 3110 tamen
578 3054 912 3116 deterritus,
946 3051 1091 3120 quod
1136 3051 1238 3105 sibi
1273 3054 1327 3103 in
1376 3050 1588 3105 duobus
1632 3054 1798 3121 magi—

204 3149 330 3201 stris
358 3147 643 3202 adeundis
680 3162 873 3216 parum
916 3144 1300 3205 successisset,
1329 3140 1578 3213 confugit
1612 3145 1679 3199 ad
1706 3161 1798 3200 ce-

204 3242 557 3296 leberrimum
608 3240 1045 3309 Pythagoreum,
1102 3237 1374 3291 hominem
1420 3237 1486 3289 de
1530 3238 1794 3305 sapientia

205 3334 358 3389 valde
389 3333 745 3404 gloriantem.
779 3330 886 3385 Sed
919 3331 966 3384 is
1006 3331 1146 3384 hanc
1178 3330 1541 3386 conditionem
1577 3329 1790 3385 Justino

206 3425 349 3489 tulit,
382 3437 438 3478 ut
468 3436 772 3493 antequam
806 3425 875 3477 ad
909 3424 1082 3493 ipsius
1107 3424 1252 3489 boni,
1279 3439 1344 3478 ac
1376 3424 1545 3493 ipsius
1578 3424 1788 3492 pulchri

205 3518 713 3573 considerationem
760 3525 1099 3585 assurgeret,
1145 3518 1388 3582 musicae,
1444 3517 1791 3570 astronomia:

205 3622 258 3667 et
280 3612 603 3682 geometria:
641 3612 800 3665 daret
843 3626 1093 3679 operam.
1130 3609 1524 3667 Permolestum
1562 3612 1612 3665 id
1654 3612 1794 3665 acci—

206 3702 282 3759 dit
307 3704 551 3771 Ju5tino,
581 3707 675 3773 qui
716 3720 840 3759 cum
874 3714 1089 3774 tempus
1121 3705 1172 3758 in
1215 3705 1303 3758 his
1339 3703 1643 3772 disciplinis
1669 3719 1796 3757 con-

210 3810 383 3851 terere
406 3798 600 3862 nollet,
631 3796 942 3850 Platonicos
972 3797 1126 3860 adiit,
1166 3812 1332 3866 seque
1369 3798 1485 3851 viro
1519 3796 1794 3866 prudenti,

210 3893 296 3959 qui
328 3909 534 3957 recens,
578 3893 786 3960 inquit,
820 3892 877 3944 in
916 3889 1100 3944 urbem
1140 3900 1374 3943 nostram
1407 3889 1713 3956 advenerat,
1743 3890 1797 3944 in

214 3984 556 4054 disciplinam
589 3983 841 4036 tradidit.

279 4075 365 4129 IV.
400 4076 719 4130 Plurimum
768 4073 1097 4143 proﬁciebat
1122 4075 1175 4127 in
1220 4075 1322 4129 hoc
1350 4074 1608 4130 instituto
1631 4073 1802 4129 Justi-

218 4184 351 4233 nus;
380 4170 473 4224 sed
504 4170 655 4221 illius
687 4169 741 4221 in
774 4165 1207 4235 contemplandis
1254 4165 1416 4220 rebus
1467 4164 1803 4234 incorporeis

216 4276 536 4331 progressus
568 4277 637 4315 eo
678 4259 961 4321 redibant,
991 4267 1053 4310 ut
1076 4257 1293 4325 sapiens
1318 4259 1420 4313 sibi
1449 4258 1563 4326 ipse
1592 4258 1805 4312 videre-

222 4366 305 4409 tur
328 4356 599 4418 evasisse,
636 4370 700 4408 ac
725 4370 837 4424 prae
866 4353 1161 4407 stoliditate
1189 4351 1240 4404 in
1271 4365 1420 4420 spem
1444 4350 1657 4403 videndi
1678 4364 1803 4417 pro-

220 4448 358 4502 tinus
398 4448 493 4501 Dei
529 4448 765 4500 veniret.
809 4446 923 4499 Non
962 4446 1011 4499 ei
1041 4443 1284 4514 profecto
1322 4443 1493 4511 magis
1526 4439 1800 4495 Platonica

220 4542 432 4594 decreta
461 4581 475 4603 ,
523 4555 693 4609 quam
736 4537 966 4592 aliorum
1028 4536 1477 4607 philosophorum
1526 4543 1686 4587 sectae
1734 4534 1800 4587 ad

1906 2020 2050 2074 tibus
2094 2018 2397 2073 haurienda
2449 2018 2521 2073 sit
2588 2020 2791 2073 veritas
2856 2018 3135 2073 edoceret.
3190 2017 3487 2089 Postquam

1901 2111 2047 2165 enim
2088 2110 2336 2166 Justinus
2375 2125 2475 2166 nec
2526 2109 2890 2182 Pythagoram
2941 2126 3043 2167 nec
3092 2110 3373 2167 Platonem
3416 2113 3487 2168 ad

1903 2207 2013 2260 veri
2062 2206 2422 2274 cognitionem
2466 2205 2783 2275 pervenisse
2823 2206 3098 2276 cognovit,
3129 2205 3382 2275 quaesivit
3416 2219 3487 2260 ex

1902 2314 2034 2353 sene
2064 2298 2263 2367 quibus
2311 2298 2528 2352 tandem
2566 2297 2842 2364 magistris
2880 2298 3134 2352 utendum
3182 2297 3273 2362 sit,
3302 2296 3347 2351 si
3388 2312 3486 2352 ve-

1902 2408 2021 2445 rum
2049 2406 2117 2445 ne
2148 2390 2237 2444 isti
2275 2390 2491 2455 quidem
2533 2388 2789 2465 viderint.
2833 2386 3014 2453 Quare
3047 2402 3217 2443 senex
3259 2388 3486 2456 praecla-

1901 2498 2019 2536 rum
2053 2483 2264 2537 dicendi
2307 2495 2561 2551 campum
2611 2479 2913 2549 ingressus,
2952 2479 3241 2557 veritatem
3291 2468 3332 2533 θ’
3357 2494 3491 2549 pro-

1899 2573 2077 2642 phetis
2107 2571 2393 2641 petendam
2419 2585 2541 2626 esse
2584 2570 2940 2634 demonstrat,
2984 2584 3186 2638 eosque
3216 2569 3403 2625 laudat
3428 2581 3486 2627 et

1900 2666 2337 2721 contuiendatab
2387 2665 2715 2734 antiquitate
2762 2678 2868 2733 qua
2919 2662 3273 2733 philosophos
3320 2663 3487 2734 longe

1898 2769 2180 2828 superant,
2215 2772 2245 2811 a
2274 2757 2488 2828 Spiritu
2533 2766 2726 2811 sancto
2772 2770 2881 2824 quo
2929 2753 3154 2810 aﬂlante
3197 2754 3485 2812 vaticinati

1900 2860 2045 2916 sunt,
2091 2851 2159 2905 ab
2201 2860 2395 2905 eventu
2431 2848 2816 2918 praedictarum
2858 2861 3059 2911 rerum,
3102 2861 3133 2901 a
3182 2861 3392 2901 summa
3429 2846 3485 2901 in

1899 2945 2128 2999 edendis
2152 2944 2390 2999 oraculis
2415 2943 2671 3000 libertate
2700 2951 2757 2997 et
2779 2941 3112 3004 constantia,
3146 2955 3177 2995 a
3203 2940 3485 2995 miraculis

1899 3036 2095 3103 quibus
2134 3036 2393 3090 vaticinia
2427 3051 2522 3091 sua
2563 3034 2976 3097 conﬁrmarunt,
3007 3033 3077 3086 ab
3108 3031 3226 3101 ipsa
3251 3030 3487 3101 denique

1900 3127 2245 3183 oraculorum
2270 3127 2569 3182 sanctitate
2598 3124 2770 3179 Deum
2801 3122 2987 3177 mundi
3019 3130 3321 3177 creatorem
3349 3120 3488 3187 ejus-

1899 3234 2004 3289 que
2035 3219 2312 3274 Cltristum
2362 3218 2525 3273 unice
2563 3215 2985 3272 celebrantium.
3025 3213 3266 3267 Tandem
3311 3212 3488 3266 disce-

1897 3313 2034 3366 dens
2062 3312 2335 3366 Justinum
2382 3312 2654 3373 hortatur,
2692 3317 2751 3361 ut
2791 3309 2905 3362 haec
2947 3305 3260 3361 meditando
3309 3319 3490 3373 perse-

1891 3415 2109 3473 quatur,
2143 3418 2443 3472 eorumque
2466 3402 2882 3473 intelligentiam
2913 3416 2942 3452 a
2982 3400 3089 3454 Deo
3128 3398 3370 3468 postulet
3400 3415 3416 3464 ;
3454 3416 3489 3455 a

1893 3498 2110 3551 nemine
2131 3497 2277 3551 enim
2298 3495 2533 3565 perspici
2556 3504 2611 3548 et
2636 3492 2858 3563 intelligi
2893 3506 3077 3561 posse,
3106 3490 3212 3545 nisi
3233 3490 3324 3545 cui
3342 3489 3488 3548 Deus

1893 3588 2203 3659 intelligere
2228 3587 2440 3641 dederit
2469 3596 2526 3641 et
2549 3586 2806 3640 Christus
2834 3584 2975 3654 ejus.

1974 3680 2095 3735 Non
2134 3679 2367 3748 amplius
2399 3678 2534 3733 vidit
2561 3679 2705 3733 hunc
2737 3693 2924 3733 senem
2968 3676 3215 3734 Justinus
3238 3719 3252 3743 ,
3297 3676 3393 3733 sed
3427 3688 3490 3732 se

1894 3775 2012 3843 ejus
2033 3773 2304 3843 colloquio
2336 3774 2633 3828 adductum
2667 3773 2893 3837 fatetur,
2924 3783 2984 3827 ut
3014 3773 3341 3830 Christiana:
3366 3772 3493 3842 phi-

1897 3869 2157 3937 losophiae
2179 3880 2379 3921 nomen
2412 3867 2585 3921 daret.
2623 3883 2642 3916 ι
2675 3865 2800 3920 [lare
2824 3864 2934 3931 ille,
2964 3866 3140 3935 inquit
3161 3866 3214 3919 in
3237 3864 3488 3933 Dialogo,

1898 3973 1956 4016 et
1981 3962 2147 4015 multa
2185 3959 2289 4014 alia
2315 3975 2439 4013 cum
2472 3959 2724 4023 dixisset,
2750 3974 2871 4028 quae
2905 3958 3112 4013 referre
3146 3973 3255 4013 non
3281 3967 3363 4012 est
3387 3958 3495 4011 liu-

1895 4057 1984 4125 jns
2015 4053 2294 4124 temporis,
2319 4053 2509 4107 abiens
2544 4052 2802 4121 praecepit
2830 4062 2889 4103 ut
2923 4066 2985 4105 ea
3021 4050 3331 4106 meditando
3355 4064 3486 4120 per-

1903 4162 2167 4216 sequerer
2190 4163 2204 4211 ;
2231 4160 2408 4215 neque
2432 4144 2584 4198 illum
2622 4144 2860 4214 amplius
2894 4142 3025 4197 vidi.
3059 4142 3191 4196 Mihi
3222 4156 3353 4199 vero
3376 4153 3492 4198 sta-

1907 4241 1999 4293 tim
2031 4241 2084 4293 in
2112 4240 2293 4292 anima
2326 4238 2467 4307 ignis
2497 4235 2728 4301 exarsit,
2761 4248 2954 4304 meque
2995 4249 3151 4289 amor
3197 4238 3493 4305 propheta-

1905 4347 2023 4385 rum
2069 4343 2123 4385 et
2167 4330 2372 4385 Christi
2430 4329 2731 4383 amicorum
2782 4327 3005 4381 invasit.
3054 4325 3303 4394 Cumque
3346 4326 3493 4383 illius

1907 4439 2188 4478 sermones
2233 4422 2375 4493 apud
2418 4420 2661 4474 animum
2702 4432 3092 4488 proponerem,
3129 4418 3272 4473 hanc
3317 4417 3491 4472 solam

1909 4517 2245 4585 reperiebam
2271 4514 2694 4584 philosophiam,
2730 4526 2850 4581 quae
2881 4510 3100 4579 quidem
3136 4518 3251 4564 tuta
3297 4520 3351 4566 et
3394 4511 3496 4564 uti-

222 4634 493 4686 interioris
542 4602 887 4701 -corruptel;e
947 4602 1311 4699 cognitionem
1335 4665 1350 4691 ,
1412 4626 1478 4679 ad
1546 4624 1797 4677 vitiorum
1832 4630 1877 4685 D
1908 4610 1972 4663 "3
1998 4610 2158 4662 ίοτθῑο
2193 4608 2273 4663 Ad
2302 4608 2445 4701 ίιυιξξῖ
2481 4620 2601 4701 ςεο,
2629 4605 3041 4701 ιξιοάυηξμίέιίξξιθ
3072 4602 3177 4656 hac
3222 4602 3289 4656 de
3324 4616 3495 4656 causa

224 4726 656 4779 emendationem
711 4722 1083 4792 profuissent,
1138 4719 1239 4773 nisi
1284 4733 1405 4772 eum
1447 4716 1701 4772 Christus
1732 4715 1799 4769 ad

224 4819 491 4872 saniorem
519 4814 921 4886 philosophiam
952 4821 1220 4868 vocasset.
1268 4810 1550 4876 Quomodo
1582 4807 1636 4860 id
1665 4821 1798 4860 con-

228 4911 400 4979 tigerit
434 4925 505 4964 ex
555 4909 712 4963 initio
736 4904 975 4977 Dialogi,
1007 4904 1465 4975 quemadmodum
1488 4910 1542 4955 et
1577 4915 1640 4954 ea
1679 4912 1799 4967 qua:

228 5002 377 5055 modo
399 5000 649 5060 narravi,
678 4999 1077 5068 cognoscimus.

290 5093 479 5148 Elatus
530 5093 781 5146 idearum
836 5088 1295 5157 contemplatione
1332 5085 1600 5150 Justinus,
1652 5093 1805 5137 ’com-

229 5185 498 5240 mentandi
526 5199 690 5238 causa
716 5183 769 5236 in
800 5196 993 5251 agrum
1023 5196 1128 5233 non
1163 5188 1429 5234 remotum
1459 5194 1489 5231 a
1516 5176 1654 5230 mari
1677 5190 1799 5244 pro-

230 5274 389 5329 fectus
445 5287 571 5337 est;
623 5288 858 5341 cumque
898 5271 1113 5340 fugiens
1161 5271 1440 5325 hominum
1481 5267 1705 5336 vestigia
1751 5265 1801 5319 ei

232 5371 339 5423 loco
368 5368 793 5438 propinquaret,
824 5364 917 5417 ubi
954 5378 1138 5417 secum
1184 5364 1300 5431 ipse
1331 5361 1447 5416 sine
1494 5357 1802 5428 interpella-

231 5462 367 5515 tione
390 5469 709 5514 versaturus
728 5470 872 5513 esset
898 5476 913 5523 ;
945 5469 1141 5528 prazter
1170 5455 1314 5510 illius
1337 5453 1801 5523 exspectationem

232 5554 467 5622 contigit,
500 5554 559 5607 ut
588 5568 714 5607 eum
741 5550 959 5605 modico
1010 5547 1297 5605 intervallo
1326 5552 1694 5599 assectaretur
1719 5557 1805 5597 se-

232 5661 327 5700 nex
353 5646 599 5715 quidam,
634 5644 790 5713 cujus
819 5644 872 5696 in
911 5641 1065 5696 vultu
1089 5640 1262 5694 comis
1308 5635 1579 5692 residebat
1621 5634 1803 5705 gravi-

235 5752 329 5793 tas.
370 5740 679 5793 Conversus
708 5734 961 5791 Justinus
988 5734 1249 5798 substitit,
1284 5726 1346 5785 ac
1384 5733 1435 5784 in
1460 5742 1582 5783 eum
1614 5729 1804 5783 oculos

236 5832 407 5885 acrius
443 5833 651 5885 deﬁxit.
684 5829 820 5883 Tum
852 5842 1023 5883 senex
1052 5842 1065 5877 :
1099 5845 1117 5877 ι
1148 5824 1319 5889 Mene,
1352 5821 1563 5891 inquit,
1604 5834 1804 5889 cogno-

238 5926 373 5981 scis?
416 5945 437 5979 ι
488 5924 709 5994 Negavit
752 5923 1029 5980 Justinus.
1073 5939 1091 5973 ι
1123 5918 1259 5985 Quid
1286 5933 1388 5995 _mc.
1416 5916 1600 5987 igitur,
1625 5914 1803 5981 inquit

1905 4702 2285 4772 philosophus.
2318 4717 2337 4750 ι
2387 4698 2553 4752 Multa
2588 4696 2751 4767 igitur
2797 4695 2899 4748 alia
2931 4692 3264 4749 disseruerat
3302 4707 3493 4758 senex,

1905 4809 2028 4864 quae
2055 4791 2303 4847 Justinus
2347 4791 2451 4844 hoc
2491 4789 2612 4843 loco
2646 4786 2929 4842 referenda
2971 4800 3080 4840 non
3120 4785 3329 4854 judicat
3353 4800 3369 4849 ;
3394 4799 3496 4839 nec

1905 4885 2213 4957 generatim
2245 4893 2303 4937 et
2324 4882 2683 4944 subobscure,
2705 4889 2763 4933 ut
2788 4879 3066 4934 existimat
3087 4877 3493 4944 Tillemontius,

1907 4981 1973 5034 de
2012 4979 2235 5033 Christo
2287 4976 2504 5031 locutus
2551 4974 2769 5039 fuerat;
2809 4974 2904 5027 sed
2949 4974 3015 5025 ad
3039 4980 3356 5027 accuratam
3400 4972 3496 5026 de-

1905 5072 2199 5126 scenderat
2224 5068 2506 5139 religionis
2532 5067 2960 5137 expositionem,
2991 5065 3064 5119 ita
3093 5072 3149 5117 ut
3170 5060 3422 5118 Justinus
3440 5061 3494 5117 ei

1905 5171 2185 5230 acceptum
2219 5161 2424 5214 referre
2461 5175 2568 5213 non
2612 5159 2843 5222 dubitet,
2870 5156 3018 5225 quod
3045 5156 3101 5209 in
3130 5153 3355 5223 Dialogo
3398 5166 3497 5207 ex-

1904 5256 2122 5323 quisitis
2152 5253 2453 5308 rationibus
2477 5253 2829 5313 demonstrat,
2869 5263 2978 5302 non
3010 5248 3079 5301 ab
3108 5248 3368 5316 operibus
3405 5246 3498 5300 le-

1906 5350 2008 5417 gis,
2046 5355 2138 5401 sed
2164 5347 2232 5401 ab
2262 5345 2533 5401 incarnati
2567 5343 2691 5399 Filii
2726 5344 2820 5398 Dei
2862 5343 3037 5412 gratia
3064 5341 3293 5397 salutem
3327 5340 3495 5410 proﬁ-

1906 5442 2061 5508 cisci,
2097 5438 2311 5509 Dialog.
2345 5456 2400 5493 n.
2427 5438 2519 5491 23.

1978 5533 2298 5604 Suspicatus
2317 5543 2398 5589 est
2436 5531 2736 5585 llalloixius
2763 5526 3083 5599 angelorum
3114 5525 3350 5595 aliquem
3390 5523 3493 5578 sub

1908 5626 2088 5681 forma
2122 5627 2272 5681 senis
2302 5624 2517 5679 Justino
2548 5625 2723 5677 visum
2769 5620 2959 5676 fuisse.
3008 5617 3065 5672 ld
3093 5632 3227 5672 vero
3275 5612 3492 5669 similli-

1910 5739 2059 5777 mum
2088 5721 2259 5775 videri
2292 5720 2493 5775 debere
2519 5710 3259 5788 prouuntiatTillemontius,
3293 5708 3338 5762 si
3362 5722 3497 5762 cou-

1912 5818 2184 5872 sideretur
2213 5815 2427 5870 subitus
2459 5814 2548 5867 ille
2579 5820 2634 5867 et
2657 5810 2984 5880 improvisus
3020 5806 3257 5861 hominis
3300 5816 3497 5857 occur-

1913 5926 2005 5967 sus
2028 5911 2079 5964 in
2102 5910 2223 5964 loco
2247 5908 2408 5962 nullis
2430 5907 2708 5962 hominum
2730 5902 2976 5971 vestigiis
2997 5901 3149 5961 trito.
3167 5895 3499 5965 colloqui-unt
