3932 6258
453 366 550 423 Ill

1337 362 1394 419 S.
1430 361 1763 418 JUSTINUS
1797 362 2280 420 PHILOSOPHUS
2310 364 2399 420 ET
2427 367 2741 423 MARTYR.

3648 385 3769 440 ΗΞ

448 486 514 537 de
542 486 703 540 rebus
732 483 1092 554 gravissimis,
1118 483 1262 553 quod
1307 497 1417 570 non
1447 492 1558 538 tam
1589 499 1718 538 casu
1751 485 2016 551 oblatum,
2049 491 2095 548 Α
2127 487 2223 540 vit.
2266 485 2382 541 Jam
2420 490 2564 544 enim
2617 490 2816 546 multos
2868 491 2922 546 in
2976 493 3315 566 philosophia
3374 515 3765 570 progressus

449 591 616 645 quam
657 574 887 630 consilio
930 585 1241 644 susceptum
1294 568 1350 629 et
1399 575 1687 644 quaesitum
1740 576 2020 643 videatur,

447 673 829 742 optatissimus
863 672 1096 740 denique
1130 672 1309 726 exitus
1328 671 1603 742 colloquii,
1635 671 1849 726 Justino
1872 688 1902 726 a
1934 689 2026 727 su-

445 766 765 836 perstitione
815 766 880 818 ad
927 780 1114 819 veram
1171 764 1487 833 religionem
1516 803 1532 828 ,
1583 779 1612 817 a
1667 765 2024 834 philoSOphire

442 860 813 913 admiratione
869 860 934 911 ad
994 857 1197 911 (Ihristi
1248 871 1488 911 amorem
1549 857 1813 912 traducto.
1870 857 2022 923 Quod

442 960 624 1003 autem
671 951 851 1003 aiebat
899 964 1064 1002 senex
1107 947 1397 1003 sollicitum
1449 962 1508 1002 se
1549 963 1670 1002 esse
1697 952 1761 1002 de
1802 962 2022 1002 suorum

442 1044 741 1107 nonnullis,
793 1044 883 1112 qui
935 1057 1163 1112 peregre
1195 1042 1485 1106 abierant,
1520 1039 1798 1108 designari
1839 1039 2024 1092 existi-

442 1143 556 1188 mat
586 1135 728 1188 idem
778 1133 1156 1187 Tillemontius
1192 1132 1567 1186 ministrorum
1599 1146 1628 1184 a
1663 1129 1774 1185 Deo
1823 1129 2018 1184 misso-

440 1242 558 1280 rum
587 1225 1034 1289 sollicitudinem,
1068 1232 1128 1278 ut
1166 1224 1414 1278 homines
1439 1238 1469 1276 a
1518 1222 1633 1276 Deo
1660 1221 2022 1290 peregrinan-

441 1325 522 1370 tes
554 1325 608 1369 et
651 1315 928 1384 fugitivos,
977 1330 1046 1369 ex
1083 1314 1251 1368 variis
1289 1315 1518 1379 semitis,
1548 1315 1600 1368 in
1643 1315 1844 1383 quibus
1870 1329 2022 1368 erra-

437 1407 601 1460 bundi
640 1416 940 1476 vagantur,
984 1407 1049 1460 ad
1079 1408 1361 1461 veritatem
1405 1416 1459 1461 et
1493 1406 1556 1459 ad
1594 1406 1826 1478 patriam
1861 1405 2022 1457 redu-

440 1507 588 1552 cant.
642 1497 772 1552 Illud
817 1496 1068 1567 profecto
1105 1497 1279 1551 videri
1314 1512 1420 1552 non
1456 1496 1616 1551 debet
1654 1494 1978 1548 incredibile
2002 1541 2016 1566 ,

438 1591 713 1646 Justinum
757 1589 1024 1644 miraculo
1055 1588 1292 1658 quodam
1320 1589 1387 1642 ad
1427 1588 1711 1658 religionis
1746 1588 2012 1657 cognitio-

435 1700 561 1742 nem
587 1685 909 1756 pervenisse
934 1724 950 1750 ,
985 1699 1112 1739 cum
1147 1683 1231 1736 his
1266 1682 1600 1750 temporibus
1640 1681 1780 1734 idem
1831 1681 2018 1735 multis

435 1779 557 1831 aliis
581 1777 850 1831 evenerit.

503 1867 724 1920 Minime
759 1865 979 1921 dubium
1017 1873 1119 1929 est,
1163 1864 1294 1934 quin
1345 1862 1592 1916 Justinus
1638 1862 1769 1915 illud
1807 1862 1862 1916 in
1904 1863 2017 1931 pri-

434 1960 537 2016 mis
570 1959 876 2013 faciendum
932 1959 1032 2012 sibi
1068 1958 1316 2016 duxerit,
1344 1956 1487 2024 quod
1522 1956 1569 2009 ei
1615 1969 1778 2009 senex
1815 1970 2017 2024 praece-

431 2061 606 2122 perat,
633 2062 691 2105 ut
714 2065 772 2105 se
793 2051 1045 2119 precibus
1069 2065 1132 2102 ac
1159 2048 1485 2102 meditandis
1510 2047 1811 2115 Scripturis
1842 2056 2012 2100 totum

431 2149 603 2202 daret.
634 2143 1036 2198 lnﬂammatum
1086 2142 1233 2195 illius
1274 2140 1517 2204 animum
1554 2139 1661 2192 alia
1690 2154 1778 2193 res
1810 2139 2012 2193 contir-

431 2238 622 2302 rnavil,
659 2237 1024 2292 consideratio
1079 2234 1404 2288 constantia:
1457 2232 1893 2287 Christianorum
1946 2233 2002 2286 in

429 2331 765 2386 cruciatibus
803 2328 1172 2399 perferendis;
1219 2328 1333 2381 sive
1364 2340 1528 2381 senex
1581 2324 1685 2378 hoc
1729 2324 2008 2393 religionis

426 2429 803 2491 argumentum
833 2421 973 2474 inter
999 2419 1105 2473 alia
1138 2419 1447 2488 prouder-it,
1473 2419 1587 2472 sive
1614 2419 1727 2486 ipse
1752 2415 2004 2471 Justinus

423 2523 547 2582 post
597 2513 742 2568 senis
789 2512 1087 2567 discessum
1133 2528 1251 2566 rem
1291 2511 1462 2566 oculis
1501 2511 1612 2565 suis
1656 2511 1998 2580 spectaverit.

431 2629 450 2659 ι
490 2607 625 2660 Nam
651 2617 704 2662 et
729 2609 844 2677 ipse
873 2623 994 2676 ego,
1027 2606 1205 2676 inquit
1236 2608 1290 2660 in
1320 2607 1578 2676 Apologia
1598 2606 1652 2670 ἓ,
1677 2623 1734 2660 n.
1771 2606 1857 2670 12,
1880 2619 2003 2659 cum

423 2700 668 2764 Platonis
713 2699 961 2754 doctrina
1008 2697 1337 2768 delectarer,
1371 2714 1434 2752 ac
1483 2701 1549 2753 de
1582 2699 1903 2752 criminibus
1944 2697 1998 2750 in

423 2792 764 2846 Christianos
807 2791 1072 2860 conjectis
1117 2792 1388 2854 audirem,
1423 2807 1517 2844 eos
1540 2801 1717 2844 autem
1747 2791 1812 2844 ad
1856 2805 2002 2844 mor-

423 2895 532 2941 tem
564 2895 618 2938 et
640 2884 708 2937 ad
753 2899 815 2938 ea
845 2885 1062 2949 omnia,
1105 2900 1226 2953 qua:
1275 2885 1543 2938 terribilia
1584 2884 1994 2948 existimantur,

422 2977 721 3049 impavidos
769 2977 1040 3042 viderem;
1092 2977 1206 3030 fieri
1248 2991 1354 3030 non
1397 2990 1557 3044 posse
1607 2975 1996 3044 intelligebam,

420 3080 479 3124 ut
513 3072 567 3123 in
591 3068 832 3137 nequitia
869 3075 926 3122 et
956 3068 1297 3136 voluptatum
1325 3081 1511 3120 amore
1549 3066 1817 3122 viverent.
1864 3065 1996 3132 Quis

2132 577 2385 643 habebat,
2425 588 2478 634 et
2521 595 2642 634 cum
2685 581 2868 650 plures
2913 584 3354 656 philosophorum
3387 603 3608 647 sectas
3651 611 3764 663 gu-

2131 675 2349 733 stasset,
2389 671 2566 722 Studia
2629 685 2722 725 sua
2775 671 2827 726 in
2860 673 3132 730 Platonica
3167 678 3378 733 ﬁxerat.
3437 681 3605 734 Eum
3644 685 3760 738 sub

2124 756 2365 811 Adriano
2392 774 2717 815 conversum
2750 763 2919 818 fuisse
2944 776 3175 822 testatur
3195 770 3444 824 Zonaras
3477 789 3494 825 :
3529 774 3611 826 de
3647 775 3761 827 hac

2125 851 2485 905 conversione
2517 853 2786 908 Eusebius
2817 858 2915 911 sub
2945 859 3134 912 eodem
3163 861 3510 930 imperatore
3549 864 3757 932 loqui-

2129 947 2238 1002 tur,
2274 944 2520 1011 satisque
2547 960 2609 998 ea
2649 946 2714 1000 de
2739 962 2796 1002 re
2829 949 2970 1003 inter
3006 952 3253 1007 eruditus
3278 957 3582 1009 convenit.
3619 958 3755 1022 Quo

2126 1039 2303 1084 autem
2335 1031 2560 1088 Adriani
2591 1052 2732 1093 anno
2762 1040 2812 1093 id
2845 1042 3158 1112 contigerit,
3190 1060 3295 1098 non
3328 1063 3434 1101 una
3477 1058 3578 1102 est
3609 1063 3756 1103 sen-

2127 1121 2315 1175 tentia.

2193 1214 2349 1270 Hunc
2393 1230 2650 1274 eventum
2686 1225 2952 1292 nonnulli,
2988 1226 3040 1280 in
3089 1227 3174 1283 his
3218 1231 3476 1285 eruditus
3523 1241 3751 1286 auctor

2124 1308 2523 1367 dissertationis
2558 1313 2716 1370 modo
2754 1317 3002 1382 laudatae,
3035 1322 3277 1377 referunt
3327 1324 3393 1378 ad
3446 1340 3746 1394 persecu-

2125 1401 2324 1454 tionum
2355 1404 2601 1470 Adriani,
2636 1407 2688 1459 id
2722 1418 2807 1462 est
2833 1412 2901 1463 ad
2927 1426 3014 1464 an.
3056 1411 3178 1466 126.
3212 1413 3318 1468 Sed
3353 1430 3565 1468 eorum
3604 1415 3744 1484 opi-

2122 1495 2336 1547 nionem
2368 1500 2582 1563 penitus
2614 1501 2809 1554 evertit
2840 1501 3103 1559 Eusebius
3125 1544 3138 1570 ,
3182 1507 3272 1574 qui
3303 1517 3619 1577 postquam
3663 1509 3738 1562 de

2118 1583 2338 1639 Antinoi
2365 1593 2778 1646 consecratione
2814 1592 3024 1647 locutus
3059 1605 3181 1660 est,
3214 1599 3395 1652 statim
3432 1600 3610 1653 addit
3663 1601 3738 1653 de

2119 1675 2331 1733 Justino
2366 1699 2378 1734 :
2411 1682 2566 1736 Κατὰ
2599 1684 2788 1738 τοῦτον
2820 1687 2876 1739 δὲ
2907 1690 2999 1741 καὶ
3039 1689 3317 1754 Ίουστῖνος
3345 1693 3590 1763 γνήσιος
3623 1693 3735 1764 τῆς

2119 1771 2349 1842 ἀληθοῦς
2381 1774 2693 1844 φιλοσοφίας
2741 1781 2973 1852 ἐραστὴς
3018 1782 3099 1835 ἔτι
3140 1787 3253 1848 τοῖς
3299 1786 3428 1857 παρ’
3486 1786 3734 1856 ἓλλησιν

2117 1863 2450 1935 ἀσκούμενος
2491 1868 2782 1940 ἐνδιέτριϐε
2809 1872 3004 1941 λόγοις.
3041 1894 3059 1926 ‹
3095 1876 3293 1930 Eodem
3329 1889 3592 1947 tempore
3623 1877 3731 1934 Ju-

2119 1958 2315 2026 stinus,
2342 1975 2480 2014 verte
2513 1963 2870 2032 philoSOphize
2891 1976 3100 2023 amator
3127 1969 3544 2025 sincerissimus
3569 2011 3584 2035 ,
3623 1973 3730 2024 ad-

2115 2051 2222 2104 huc
2247 2051 2300 2104 in
2333 2052 2615 2120 gentilium
2636 2053 2830 2108 litteris
2858 2058 3237 2113 exercebatur.
3267 2079 3284 2110 ι
3319 2060 3549 2115 Diserte
3580 2077 3724 2132 ergo

2113 2144 2430 2210 pronuntiat
2456 2144 2724 2200 Eusebius
2762 2147 3032 2203 Justinmn
3077 2151 3320 2221 religioni
3366 2153 3723 2216 Christianae

2112 2249 2309 2288 nomen
2336 2250 2442 2288 non
2471 2236 2706 2301 dedisse,
2742 2249 3034 2308 antequam
3083 2243 3376 2298 Antinoum
3413 2246 3719 2299 Adrianus

2109 2326 2392 2380 ordinibus
2421 2327 2643 2381 deorum
2685 2331 3003 2388 ascriberet.
3052 2333 3350 2388 Antinoum
3393 2351 3553 2391 anno
3606 2339 3717 2391 13:7.

2109 2430 2497 2473 consecratum
2540 2419 2708 2475 fuisse
2738 2422 2919 2478 multis
2950 2425 3254 2482 rationibus
3297 2428 3497 2497 probat
3530 2430 3712 2484 Tillc-

2107 2509 2370 2574 montius,
2400 2521 2513 2566 not.
2549 2512 2581 2566 9
2609 2514 2662 2566 in
2696 2514 2855 2579 Adr.;
2898 2518 3252 2584 quamobrem
3309 2519 3516 2574 Justini
3571 2537 3711 2574 con-

2105 2604 2324 2667 versio,
2357 2619 2476 2672 quae
2522 2605 2661 2662 hanc
2706 2611 3180 2665 consecrationem
3225 2615 3524 2668 subsecuta
3575 2625 3707 2680 est,

2105 2692 2244 2746 male
2269 2693 2570 2749 collocatur
2601 2707 2726 2752 ante
2754 2713 2956 2754 annum
2985 2701 3105 2755 126.

2173 2784 2286 2838 lloc
2335 2787 2645 2840 testimonio
2689 2789 2957 2844 adductus
3007 2803 3090 2846 est
3144 2791 3581 2860 Tillemontius,
3638 2807 3702 2852 ut

2101 2878 2513 2932 conversionem
2533 2877 2732 2934 Justini
2757 2897 2928 2950 usque
2951 2884 3016 2936 ad
3045 2901 3248 2938 annum
3285 2887 3387 2940 155
3411 2889 3697 2945 differret.

2102 2967 2204 3024 Sed
2237 2972 2396 3038 paulo
2427 2972 2658 3042 amplius
2693 2974 2907 3027 videtur
2931 2974 3249 3042 dilIerenda,
3275 2994 3474 3047 nempe
3514 2997 3700 3050 usque

2097 3061 2164 3112 ad
2201 3078 2400 3115 annum
2447 3063 2670 3119 circiter
2714 3065 2834 3119 157.
2881 3066 3012 3120 Nam
3042 3067 3288 3124 Justinus
3320 3073 3570 3125 nondum
3612 3089 3696 3126 se-

420 3159 564 3214 enim
591 3159 916 3215 libidinosus
949 3168 1005 3215 et
1048 3161 1437 3230 intemperans,
1471 3167 1527 3214 et
1551 3159 1797 3212 humana}
1816 3160 1995 3215 carnis
2023 3183 2064 3240 ο
2099 3164 2224 3214 "ex,
2257 3161 2313 3205 ιιι
2339 3167 2504 3219 supra
2535 3154 2794 3222 ἀίκίηιυεν
2828 3172 2928 3226 ι)το
2975 3159 3191 3215 (ὶίιΐίδιυ
3242 3176 3435 3230 Passus
3490 3175 3602 3230 εει»
3635 3166 3691 3219 in

415 3254 600 3324 epulas
635 3253 688 3305 in
720 3252 878 3308 bonis
903 3266 1222 3314 numerans,
1260 3261 1489 3304 mortem
1518 3250 1767 3319 amplecti
1795 3252 1989 3319 possit,

412 3359 471 3403 ut
507 3344 666 3399 bonis
694 3345 806 3399 suis
841 3352 1047 3408 careat,
1085 3360 1149 3396 ac
1183 3358 1287 3396 non
1323 3344 1504 3412 potius
1550 3358 1762 3412 semper
1808 3344 1860 3396 in
1891 3345 1992 3400 hac

417 3439 524 3490 vita
563 3438 770 3491 versari
823 3447 880 3490 et
909 3436 1261 3504 magistratus
1296 3435 1467 3489 latere
1507 3444 1756 3500 conetur,
1793 3435 1988 3490 nedum

413 3545 472 3585 se
503 3531 615 3599 ipse
648 3537 823 3582 morte
854 3529 1220 3582 damnandum
1245 3527 1488 3582 deferat?
1518 3546 1536 3580 ι

483 3621 550 3676 V.
588 3619 830 3686 Quanam
879 3621 933 3674 in
978 3620 1113 3674 urbe
1153 3617 1435 3684 Justinus,
1472 3619 1599 3673 dum
1637 3618 1814 3673 locum
1849 3619 1986 3674 mari

411 3711 724 3782 proximum
748 3710 906 3780 petit,
935 3725 965 3764 a
990 3709 1333 3778 philosophia
1359 3711 1425 3764 ad
1457 3710 1732 3765 Christum
1769 3725 1987 3765 conver-

414 3821 509 3861 sus
537 3804 629 3867 sit,
671 3814 763 3856 aut
795 3817 902 3870 quo
936 3816 1079 3856 anno
1119 3811 1267 3854 tanta
1305 3801 1382 3856 illi
1432 3801 1663 3857 felicitas
1707 3802 1982 3872 obtigerit,

413 3915 520 3954 non
567 3897 728 3952 facile
760 3897 1040 3951 statuitur.
1075 3894 1226 3960 Quod
1262 3897 1338 3948 ait
1383 3895 1451 3949 de
1494 3897 1754 3964 magistro
1801 3895 1983 3951 Plato-

413 3992 535 4044 nico
565 4007 582 4044 ;
620 3989 722 4055 Qui
747 4004 922 4041 recens
960 3988 1012 4039 in
1045 3986 1222 4039 urbem
1253 3997 1486 4039 nostram
1525 3988 1828 4051 advenerat,
1859 4003 1982 4055 per--

410 4082 582 4136 suasit
611 4081 888 4142 omnibus,
922 4095 1060 4150 quos
1091 4079 1309 4148 quidem
1341 4079 1508 4133 sciam
1537 4080 1603 4132 de
1639 4079 1782 4132 illius
1816 4081 1979 4133 rebus

408 4179 804 4239 pertractasse,
840 4182 965 4222 eum
1010 4169 1062 4221 in
1108 4169 1283 4235 patria
1319 4182 1437 4232 sua,
1473 4168 1523 4221 id
1558 4177 1640 4221 est
1673 4168 1892 4236 Neapoli
1925 4169 1976 4222 in

411 4262 568 4333 Syria
605 4259 906 4314 Palzestinae
941 4261 1217 4316 studuisse
1251 4261 1609 4330 philosophiae
1640 4270 1692 4316 et
1717 4261 1978 4317 Christia-

407 4369 533 4408 nam
571 4351 887 4424 religionem
917 4354 1223 4423 amplexum
1256 4370 1396 4410 esse.
1433 4354 1536 4410 Sed
1565 4369 1685 4408 cum
1711 4355 1973 4410 deambuo

407 4447 537 4502 latio
569 4448 622 4501 in
652 4446 774 4503 loco
803 4448 938 4502 mari
973 4449 1218 4517 proximo
1249 4448 1592 4503 occasionem
1620 4446 1818 4504 Justini
1847 4465 1976 4505 con-

2096 3255 2254 3309 quem
2281 3253 2440 3297 aetate
2477 3245 2592 3312 jam
2626 3257 2834 3301 matura
2865 3251 3188 3306 crediderat.
3237 3256 3413 3322 Quare
3447 3274 3564 3313 non
3606 3269 3689 3313 tot

2095 3334 2220 3385 anni
2246 3334 2387 3387 inter
2415 3338 2825 3392 conversionem
2859 3350 2910 3394 et
2947 3345 3260 3412 martyrium
3292 3348 3554 3401 videntur
3583 3365 3688 3401 nu-

2093 3424 2361 3489 merandi,
2386 3434 2518 3494 quot
2559 3442 2586 3479 a
2618 3427 2965 3484 Tillemontio
3003 3449 3378 3503 numerantur,
3413 3442 3508 3508 qui
3542 3456 3682 3495 con-

2092 3516 2396 3570 versionem
2433 3517 2600 3571 refert
2630 3522 2696 3573 ad
2723 3536 2923 3574 annum
2960 3524 3082 3588 153,
3107 3530 3423 3597 martyrium
3446 3533 3514 3584 ad
3555 3547 3666 3584 an-

2090 3623 2215 3661 num
2260 3610 2383 3666 168.
2429 3609 2700 3665 Praeterea
2756 3615 2959 3667 nullum
3009 3629 3188 3672 exstat
3232 3619 3429 3675 Justini
3481 3638 3680 3676 monu-

2091 3714 2360 3769 mentum,
2407 3704 2551 3773 quod
2599 3719 2721 3758 eum
2778 3715 2884 3758 tam
2933 3709 3038 3760 cito
3089 3725 3415 3767 conversum
3451 3719 3673 3784 probet.

2089 3796 2400 3850 Cohortatio
2426 3798 2495 3850 ad
2530 3796 2763 3863 ercos,
2802 3816 2922 3868 qua:
2971 3805 3342 3860 conversionis
3369 3807 3670 3875 primordia

2088 3891 2317 3956 redolet,
2348 3899 2469 3958 post
2502 3892 2800 3944 Adrianum
2833 3883 3146 3948 collocanda
3169 3935 3184 3960 ,
3224 3908 3281 3950 ut
3309 3901 3467 3954 modo
3514 3900 3670 3955 vide-

2085 3982 2283 4035 bimus.
2318 3982 2558 4049 Denique
2585 3982 2853 4036 Eusebius
2883 3992 3007 4036 ante
3039 3985 3103 4038 de
3149 3987 3288 4040 bello
3318 3986 3549 4044 Judaico
3578 3991 3667 4060 ³⁸⁸,

2080 4073 2222 4142 quod
2250 4073 2392 4126 circa
2421 4088 2623 4125 annum
2655 4074 2756 4128 156
2787 4076 3095 4144 confectum
3125 4089 3230 4142 est,
3260 4095 3424 4148 quam
3457 4086 3525 4136 de
3555 4081 3656 4136 Ju-

2082 4161 2214 4215 Stini
2239 4163 2612 4228 conversione,
2640 4165 2907 4233 loquitur;
2938 4177 2991 4220 et
3021 4178 3309 4237 postquam
3336 4173 3470 4224 dixit
3501 4172 3669 4227 Justi-

2077 4267 2204 4306 num
2239 4253 2426 4307 eodem
2465 4262 2707 4323 tempore
2754 4258 3038 4322 gentilium
3090 4261 3391 4328 disciplinis
3437 4279 3660 4332 operam

2077 4344 2311 4409 dedisse,
2333 4360 2441 4414 quo
2468 4348 2736 4401 Antinous
2764 4363 3150 4418 consecratus;
3180 4361 3289 4405 tum
3324 4358 3659 4409 mentionem

2077 4437 2255 4506 injicit
2286 4440 2352 4492 de
2383 4440 2523 4494 bello
2554 4439 2803 4508 Judaico,
2841 4445 2984 4512 quod
3016 4455 3138 4498 tum:
3177 4448 3425 4516 temporis
3457 4461 3658 4517 gestum

406 4538 644 4593 versioni
678 4539 918 4607 dederit;
955 4556 1186 4610 cumque
1219 4540 1402 4595 Flavia
1437 4541 1687 4610 Neapolis
1719 4542 1772 4595 in
1808 4542 1979 4596 medi-
2012 4535 2055 4590 D
2086 4531 2252 4600 fuisse
2293 4534 2458 4599 dicit,
2505 4535 2557 4588 id
2605 4545 2688 4589 est
2735 4551 2859 4589 cum
2891 4537 3139 4594 Justinus
3171 4541 3349 4594 adhuc
3372 4541 3655 4611 gentilium

409 4631 563 4686 tullio
596 4629 894 4686 Palaestinae
925 4633 1050 4696 sita,
1077 4643 1136 4686 ut
1156 4632 1413 4687 observat
1436 4633 1787 4688 doctissimus
1811 4634 1980 4688 abbas

405 4726 473 4780 de
523 4724 844 4793 Longuerue
893 4727 947 4779 in
995 4726 1215 4780 dissert.
1269 4740 1369 4778 ms.
1418 4725 1482 4778 de
1535 4724 1715 4779 Gestis
1758 4722 1977 4792 Justini,

405 4819 670 4885 ejusmodi
706 4818 1236 4872 deambulationibus
1271 4831 1524 4881 careret;
1573 4819 1730 4888 longe
1781 4819 1979 4888 proba-

403 4911 567 4966 bilius
615 4921 700 4966 est
753 4910 1025 4966 Justinum
1074 4911 1127 4964 in
1180 4911 1447 4981 insignem
1506 4911 1740 4982 aliquam
1791 4912 1977 4968 urbem

404 5005 712 5058 studiorum
739 5017 901 5056 causa
934 5003 1180 5070 venisse,
1212 5004 1394 5071 ibique
1427 5002 1629 5056 factum
1675 5018 1796 5057 esse
1823 5003 1979 5057 Chri-

404 5096 660 5149 stianum.
701 5093 757 5146 In
809 5093 1186 5147 Cohortatione
1230 5096 1298 5147 ad
1347 5092 1600 5159 Gra’cos,
1652 5095 1792 5162 quod
1841 5109 1976 5162 opus

403 5186 622 5255 scripsit
675 5199 778 5237 non
825 5182 995 5235 multo
1045 5193 1164 5250 post
1221 5184 1674 5247 conversionem,
1729 5185 1974 5236 meminit

402 5293 593 5330 eorum
637 5292 756 5342 qua:
798 5275 1139 5329 Alexandriae
1186 5277 1435 5339 viderat,
1487 5292 1585 5328 nec
1617 5276 1973 5344 improbabile

401 5378 484 5422 cst
511 5383 631 5420 eum
666 5367 717 5418 in
754 5367 853 5419 hac
889 5369 1022 5420 urbe
1050 5366 1351 5420 litterarum
1384 5367 1577 5419 studiis
1625 5382 1844 5432 Operam
1879 5367 1971 5420 de-

403 5460 566 5513 disse.

475 5549 700 5603 Videtur
723 5557 937 5603 aztatem
967 5550 1179 5603 virilem
1211 5547 1721 5618 attigisseJustinus
1751 5551 1968 5604 autsal-

401 5651 508 5697 tem
529 5643 595 5697 ad
624 5657 743 5696 eam
778 5657 943 5712 prope
977 5645 1294 5709 accessisse,
1325 5660 1444 5698 cum
1471 5644 1745 5698 Christum
1771 5657 1969 5712 cogno-

469 5798 532 5831 ³⁸·
560 5797 679 5854 Lib.
713 5816 786 5866 IV,
807 5815 857 5854 c.
880 5799 933 5856 8.

2085 4625 2390 4692 disciplinis
2414 4629 2773 4681 detineretur.

2152 4717 2353 4771 Justini
2393 4722 2800 4776 conversionen't
2835 4721 3038 4776 idcirco
3075 4734 3201 4776 ante
3230 4722 3428 4777 bellum
3459 4723 3650 4778 Judai-

2082 4824 2206 4864 cum
2246 4811 2485 4865 collocat
2532 4812 2934 4879 Tillemontius,
2977 4816 3106 4884 quia
3157 4824 3287 4870 tunc
3334 4817 3650 4885 suppetebat

2081 4905 2249 4955 Otium
2296 4905 2515 4958 assidue
2549 4907 2979 4970 commentandi,
3011 4917 3065 4960 et
3095 4909 3340 4975 quaedam
3391 4910 3648 4963 deambu-

2081 4998 2226 5051 landi
2260 4998 2509 5063 libertas,
2538 5014 2660 5068 qua:
2693 5000 2814 5054 belli
2848 5001 3166 5055 tumultibus
3197 5018 3259 5055 ac
3286 5004 3529 5056 omnium
3563 5017 3646 5056 re-

2079 5107 2198 5144 rmn
2259 5093 2653 5160 perturbationi
2727 5093 2948 5146 minime
3014 5094 3378 5162 congruisset.
3439 5093 3544 5149 Sed
3591 5103 3645 5147 ut

2079 5184 2324 5235 omittam
2349 5182 2620 5237 Justinum
2654 5183 2877 5253 Neapoli
2906 5184 3166 5252 abfuisse,
3193 5202 3314 5239 cum
3345 5202 3642 5241 conversus

2077 5287 2193 5341 est;
2232 5287 2379 5330 certe
2413 5277 2745 5331 Tillemontii
2798 5277 2934 5328 ratio
2976 5277 3181 5345 pariter
3229 5277 3387 5342 valet,
3421 5288 3478 5330 ut
3510 5293 3638 5331 con-

2075 5371 2250 5421 versio
2282 5377 2400 5437 post
2435 5367 2636 5422 bellum
2670 5366 2970 5423 ditferatur.

2145 5461 2244 5526 Qui
2298 5459 2577 5513 Justinum
2632 5459 2683 5512 in
2736 5459 3119 5527 persecutione
3166 5457 3418 5520 Adriani,
3454 5457 3506 5512 id
3558 5464 3636 5510 est

2073 5565 2198 5608 ante
2247 5569 2446 5606 annum
2501 5552 2624 5615 126,
2663 5566 2993 5605 conversum
3047 5549 3216 5603 fuisse
3271 5548 3489 5614 volunt,
3539 5549 3630 5602 hoc

2074 5655 2298 5702 utuntur
2346 5657 2694 5714 argumento,
2745 5645 2885 5713 quod
2937 5641 3190 5698 Justinus
3265 5641 3630 5698 innocentiam
