3932 6258
234 408 326 464 113

1268 407 1331 463 D.
1370 406 1635 463 MARANI
1668 406 2043 463 ΡΒΑΞῈΑΤΙΟ
2070 438 2140 448 —
2173 406 2354 464 PARS
2387 406 2473 463 HI.

3420 413 3526 469 1η

232 527 670 584 Christianorum
731 528 1054 597 agnovisse
1125 544 1185 586 se
1236 530 1413 595 dicat,
1473 548 1590 585 cum
1643 548 1730 586 eos
1774 533 1842 584 ad

1959 531 2199 601 μεγάλως
2250 530 2601 603 ὲξασκηθεὶς,
2653 544 2777 586 eum
2824 546 2894 587 ex
2948 530 3253 588 ascetarum
3299 537 3525 590 numero

236 632 433 675 mortem
461 632 507 674 et
536 621 609 674 ad
639 622 836 675 omnia
869 639 999 692 qua:
1034 623 1297 677 terribilia
1324 625 1717 690 existimantur,
1748 627 1847 677 im-

240 712 437 780 pavidos
470 712 702 765 videret.

300 806 399 859 Sed
436 807 484 857 ι·
530 805 640 859 etsi
681 806 1023 874 persecutio
1055 803 1266 859 resedit
1288 818 1431 857 anno
1456 802 1582 866 126,
1613 804 1731 858 ﬁeri
1765 816 1848 858 ta-

244 913 351 952 men
379 897 582 966 potuit,
621 898 783 966 quod
817 912 972 967 saepe
1022 897 1161 953 alias
1205 896 1406 953 factum
1441 908 1556 962 est,
1604 908 1664 952 ut
1706 914 1847 967 prae-

247 992 373 1045 sides
401 990 487 1044 vel
526 990 730 1058 populi
764 989 1117 1044 clamoribus
1144 990 1385 1056 adducti,
1414 989 1500 1043 vel
1528 990 1656 1044 odio
1685 990 1846 1045 Chri-

253 1085 428 1137 stianae
477 1082 789 1153 religionis
839 1082 1104 1147 incitati,
1150 1081 1205 1135 in
1254 1081 1593 1137 Christianos
1637 1082 1849 1152 injussu

254 1176 594 1242 imperatoris
623 1175 925 1230 saevirent.
978 1174 1039 1227 2ο
1092 1175 1322 1229 Etiamsi
1366 1175 1577 1229 nullum
1625 1189 1848 1245 prorsus

254 1269 536 1321 exstitisset
573 1268 942 1338 martyrium,
970 1282 1096 1322 cum
1129 1267 1377 1322 Justinus
1407 1283 1707 1322 conversus
1738 1277 1843 1334 est,

257 1361 693 1416 Christianorum
746 1361 1124 1415 constantiam
1175 1360 1229 1413 in
1284 1360 1623 1415 cruciatibus
1672 1374 1844 1428 agno-

260 1466 404 1506 scere
427 1463 480 1505 et
508 1451 753 1506 laudare
789 1452 989 1519 potuit,
1016 1466 1123 1505 non
1156 1450 1330 1505 solum
1358 1452 1483 1519 quia
1516 1466 1708 1505 recens
1738 1464 1848 1504 mo-

264 1543 425 1597 moria
464 1556 701 1607 eorum,
745 1556 870 1610 quae
915 1542 969 1594 in
1007 1542 1390 1609 persecutione
1422 1542 1567 1612 passi
1604 1541 1842 1607 fuerant,

266 1633 397 1686 banc
440 1632 521 1686 eis
568 1633 797 1685 laudem
844 1633 1092 1685 omnium
1135 1629 1346 1699 judicio
1391 1631 1708 1695 tribuebat;
1749 1632 1841 1685 sed

266 1728 417 1781 etiam
445 1728 572 1796 quia
604 1728 661 1781 in
695 1729 812 1798 ipsa
840 1742 979 1797 pace
1008 1728 1338 1798 impavidum
1365 1742 1478 1798 prae
1509 1741 1568 1781 se
1600 1727 1842 1780 animum

267 1812 523 1878 ferebant,
558 1814 895 1884 religionem
926 1816 1076 1869 illam
1110 1819 1455 1886 proﬁtentes,
1482 1831 1603 1885 qua:
1632 1816 1843 1885 gravis-

1950 622 2145 687 fuisse,
2195 623 2285 691 qui
2338 622 2720 677 communibus
2775 623 3214 678 Christianorum
3278 626 3523 689 omnium

1950 714 2237 779 praeceptis
2274 713 2495 782 prppria
2538 714 2783 781 quaedam
2832 715 3161 771 austerioris
3192 716 3318 771 vita:
3367 717 3521 773 insti-

1950 812 2062 856 tuta
2091 804 2475 875 adjungebant,
2502 817 2561 859 ut
2586 816 2816 861 testatur
2844 806 3131 877 Origenes,
3158 809 3255 864 lib.
3280 825 3313 860 v
3340 821 3522 866 contra

1950 893 2178 948 Celsum.
2206 893 2339 949 Cum
2372 894 2658 965 Epiplianii
2708 899 3025 954 testimonio
3063 902 3199 955 satis
3245 902 3522 956 consentit

1949 990 2061 1038 tota
2090 982 2289 1039 Justini
2319 987 2453 1052 vita,
2494 1001 2616 1055 qua:
2647 988 2699 1041 in
2734 989 3029 1043 scribendo
3074 999 3130 1044 et
3178 990 3429 1046 docendo
3461 1007 3525 1047 ac

1949 1075 2208 1143 augendis
2236 1074 2496 1131 Ecclesiae
2528 1077 2857 1132 utilitatibus
2890 1090 3218 1151 consumpta
3261 1083 3515 1138 civilibus

1947 1166 2108 1220 undis
2144 1169 2371 1222 mersari
2400 1183 2506 1223 non
2541 1172 2738 1239 potuit.
2770 1172 2935 1227 Forte
2970 1174 3135 1243 hujus
3168 1176 3296 1228 vitae
3338 1187 3522 1232 auste-

1949 1256 2112 1312 rioris
2142 1258 2350 1329 insigne
2384 1260 2485 1315 fuit
2514 1262 2737 1331 pallium
2777 1265 2930 1332 illud,
2962 1268 3108 1334 quod
3145 1266 3396 1324 Justinus
3437 1284 3523 1339 ge-

1950 1351 2122 1405 rebat.
2148 1348 2301 1406 Illum
2328 1354 2473 1407 enim
2504 1356 2659 1409 annis
2694 1367 2815 1425 post
2846 1357 3263 1413 conversionem
3298 1360 3524 1415 circiter

1946 1443 2137 1512 viginti
2181 1445 2234 1497 in
2280 1445 2537 1513 Ephesini
2585 1448 2738 1518 Xyin
2790 1452 2986 1519 spatiis
3034 1452 3408 1507 ambulantem
3455 1469 3521 1507 ex

1948 1535 2051 1589 hoc
2079 1546 2279 1590 ornatu
2315 1538 2693 1608 philosopbmn
2721 1558 2847 1597 esse
2880 1543 3098 1615 Trypho
3125 1553 3180 1599 et
3210 1546 3303 1599 alii
3349 1545 3520 1600 Judaei

1942 1626 2280 1709 jndiearunt.
2330 1628 2597 1684 Observat
2646 1630 3031 1690 Tillemontius
3092 1653 3195 1690 non
3248 1638 3521 1692 insuetum

1954 1716 2125 1773 fuisse
2161 1718 2379 1788 pallium
2418 1725 2773 1778 austeriorem
2809 1727 2975 1780 vitam
3028 1729 3432 1796 proﬁtentibus,
3466 1746 3525 1787 ut

1948 1808 2305 1875 Tertulliano,
2334 1822 2394 1866 ut
2430 1817 2658 1885 martyri
2691 1816 3002 1888 Porphyrio
3046 1822 3187 1888 apud
3229 1820 3521 1878 Eusebium

267 1906 409 1959 simis
449 1921 672 1975 semper
705 1908 924 1973 objecta
952 1916 1075 1961 erat
1106 1908 1381 1977 procellis.
1414 1908 1553 1962 liinc
1590 1907 1845 1963 Justinus
1876 1944 1918 1997 Β
1948 1899 2023 1953 De
2052 1912 2211 1956 mari.
2242 1900 2493 1970 Palmm,
2522 1921 2643 1975 cap.
2673 1909 2759 1961 ll.
2790 1910 2845 1963 Si
2881 1909 3008 1977 quis
3040 1919 3221 1965 tamen
3250 1910 3521 1967 Justinum

268 1999 319 2051 in
364 1998 610 2067 Dialogo,
644 2013 810 2069 quem
858 2016 980 2055 cum
1020 2000 1224 2056 Judmis
1262 2001 1451 2056 habuit
1505 2003 1657 2071 pacis
1712 2013 1846 2055 tem-

268 2104 411 2157 pore,
434 2092 815 2144 constantiam
857 2092 1297 2146 Christianorum
1346 2095 1398 2146 in
1441 2103 1617 2146 morte
1664 2092 1845 2161 perfe-

269 2182 424 2235 renda
464 2193 737 2251 perpetuo
765 2183 971 2249 laudat,
1003 2200 1104 2237 nec
1130 2184 1373 2238 futurum
1402 2194 1586 2252 sperat
1616 2175 1673 2237 u°t
1705 2186 1848 2238 hanc

266 2275 579 2343 religionem
634 2276 919 2344 principes
966 2276 1261 2345 aliquando
1310 2291 1516 2331 vexare
1561 2277 1843 2336 desinant,

268 2365 425 2419 p.30.
462 2365 587 2434 Ipse
619 2367 878 2436 Tryphon
925 2356 1099 2421 fateri.
1135 2369 1369 2437 cogitur,
1407 2368 1576 2432 η.15,
1622 2368 1844 2421 mirabi-

270 2458 367 2512 lem
394 2474 514 2512 esse
564 2459 715 2513 hanc
755 2456 1191 2513 Christianorum
1237 2460 1640 2525 constantiam;
1684 2458 1849 2529 quin-

269 2550 422 2603 etiam
454 2552 507 2603 in
554 2566 655 2605 eos
687 2551 929 2620 jocatur,
962 2568 1021 2604 n.
1050 2551 1101 2613 7,
1132 2552 1273 2620 quod
1316 2552 1521 2607 Christi
1551 2568 1715 2605 causa
1749 2552 1845 2606 mis

267 2658 381 2697 sere
426 2653 683 2712 pereant.
731 2642 928 2696 Mirum
977 2658 1113 2712 ergo
1146 2642 1320 2697 videri
1366 2658 1475 2697 non
1508 2644 1762 2709 deberet,
1798 2645 1845 2699 si

268 2735 504 2790 Justinus
550 2738 711 2806 pacis
744 2747 992 2807 tempore
1028 2737 1170 2791 hanc
1214 2737 1266 2791 in
1298 2736 1627 2792 Christianis
1670 2740 1848 2791 virtu-

272 2838 368 2883 tem
407 2829 757 2897 agnovisset.
943 2811 952 2822 ’

900 2945 1128 3002 CAPUT
1168 2944 1233 3003 ll.

270 3036 338 3091 De
361 3037 565 3093 Justini
610 3039 824 3093 vivendi
853 3055 1063 3107 genere,
1109 3041 1404 3093 sacerdotio
1444 3049 1492 3092 et
1528 3040 1714 3109 primis
1752 3039 1849 3091 ad-

723 3126 899 3163 versus
930 3110 1146 3179 gentiles
1173 3111 1402 3178 scriptis.

259 3212 295 3263 Ι,
330 3216 537 3266 Videtur
559 3220 797 3267 Justinus
820 3224 986 3269 asceta
1012 3227 1067 3268 et
1084 3220 1350 3281 presbyter
1390 3220 1560 3281 fuisse,
1582 3220 1644 3269 ll.
1672 3222 1851 3270 Astru-

1952 1994 2053 2047 llOC
2100 1994 2442 2062 indumento,
2483 2003 2542 2050 ut
2596 1997 2953 2068 philosophia:
2999 2002 3138 2072 signi
3190 2017 3351 2056 usum
3404 2018 3526 2058 esse

1948 2086 2110 2151 velit;
2144 2096 2305 2151 negat
2332 2088 2475 2142 idem
2507 2089 2745 2159 scriptor
2790 2093 2841 2146 id
2878 2107 3037 2162 posse
3079 2094 3429 2161 reprehendi,
3461 2110 3525 2149 ac

1949 2175 2150 2231 Justini
2180 2179 2285 2234 hac
2313 2180 2366 2235 in
2407 2196 2468 2235 re
2499 2182 2835 2240 imitatorem
2884 2185 3091 2254 profert
3128 2202 3386 2257 magnum
3418 2187 3524 2242 He-

1951 2270 2178 2332 raclam,
2226 2272 2662 2327 Alexandrinum
2695 2277 3103 2345 patriarcbam,
3147 2279 3239 2347 qui
3284 2278 3525 2347 philoso-

1950 2362 2168 2430 phicqu
2232 2362 2451 2431 pallium
2499 2380 2623 2419 cum
2674 2367 2878 2422 Christi
2928 2370 3237 2424 sacerdotio
3298 2370 3526 2437 conjun-

1950 2456 2128 2523 gebat.
2174 2455 2320 2510 idem
2369 2467 2494 2513 ante
2539 2456 2815 2513 Justinum
2857 2475 2885 2513 a
2929 2460 2989 2515 S.
3017 2462 3255 2516 Aristide
3319 2461 3523 2515 factum

1952 2554 2185 2599 testatur
2215 2547 2583 2621 Hieronymus
2611 2552 2671 2606 in
2696 2551 2840 2606 libro
2871 2551 2946 2606 De
2983 2554 3332 2623 scriptoribus
3363 2556 3526 2608 eccle—

1951 2649 2200 2693 810511628.

2020 2730 2407 2803 Presbyterum
2441 2735 2609 2789 fuisse
2638 2735 2914 2791 Justinum
2951 2736 3207 2804 opinatur
3232 2734 3527 2791 Tillemon-

1954 2824 2082 2891 tius,
2115 2837 2405 2896 propterea
2449 2827 2590 2895 quod
2638 2828 2892 2896 baptismi
2937 2830 3295 2883 czeremonias
3323 2830 3402 2884 sic
3429 2832 3522 2884 de-

1952 2918 2178 2982 scribit,
2215 2928 2274 2972 ut
2307 2919 2453 2973 illius
2502 2920 2920 2975 administrandi
2959 2936 3159 2977 munus
3201 2922 3525 2977 sustinuisse

1952 3010 2218 3064 videatur.
2252 3029 2270 3062 ι
2302 3010 2409 3067 Nos
2440 3022 2642 3077 autem,
2670 3014 2844 3082 inquit
2877 3013 3031 3081 Apol.
3056 3013 3111 3079 i,
3145 3029 3201 3067 η.
3237 3012 3341 3079 65,
3376 3024 3526 3084 post—

1954 3118 2115 3170 quam
2145 3118 2292 3167 eum,
2326 3106 2418 3173 qui
2454 3105 2682 3160 credidit
2708 3116 2763 3160 et
2798 3120 3053 3160 assensus
3091 3114 3193 3168 est,
3226 3106 3304 3160 sic
3348 3107 3526 3162 ablui—

1954 3209 2096 3259 mus,
2122 3195 2189 3248 ad
2215 3211 2309 3250 eos
2332 3198 2428 3266 qui
2453 3197 2707 3251 dicuntur
2733 3197 2960 3263 fratres,
2988 3198 3041 3251 in
3073 3198 3253 3253 locum
3284 3200 3372 3253 ubi
3405 3214 3529 3253 con-

320 3288 466 3327 antur
496 3282 573 3352 illi
599 3282 721 3358 dua:
735 3282 974 3358 adversus
992 3271 1186 3358 Graecos
1204 3271 1469 3358 orationes.
1489 3271 1585 3354 lli,
1601 3282 1854 3358 Quontem-

1959 3286 2162 3355 gregali
2207 3297 2358 3353 sunt,
2402 3289 2741 3352 adducimus,
2783 3304 3099 3345 communes
3128 3305 3315 3358 preces
3346 3292 3528 3349 animo

322 3354 439 3401 pore
464 3344 652 3403 scripta
686 3340 984 3392 Cohortatio.
1017 3343 1097 3393 iV.
1128 3343 1393 3392 Befellitur
1415 3340 1676 3393 Casimirus
1700 3344 1855 3393 Oudi-

320 3416 431 3450 nus.
457 3403 516 3450 ν.
546 3406 658 3453 Alia
688 3404 849 3452 oratio
873 3407 1035 3452 minus
1078 3405 1215 3453 belle
1261 3406 1455 3454 Justino
1481 3406 1675 3453 videtur
1718 3406 1859 3453 attri-

320 3464 455 3512 buta.
480 3466 568 3513 Π.
599 3466 757 3513 Liber
787 3468 852 3515 De
874 3464 1154 3515 monarchia
1174 3468 1372 3515 minime
1396 3468 1613 3516 mutilus.
1662 3465 1860 3515 Eusebii

322 3527 479 3590 locus,
499 3529 589 3590 qui
624 3530 864 3575 mutilum
890 3540 1003 3576 esse
1029 3536 1362 3590 persuaserat,
1390 3543 1517 3578 nova
1557 3531 1859 3590 interpreta-

318 3588 452 3636 tione
473 3588 782 3650 explicatur.

335 3668 375 3723 Ι.
406 3672 715 3739 Postquam
747 3670 808 3725 S.
851 3680 1061 3742 martyr
1098 3671 1538 3728 Christianorum
1575 3672 1856 3744 mysteriis

271 3762 514 3818 initiatus
544 3774 634 3818 est
657 3804 674 3827 ,
720 3779 832 3818 non
880 3780 1099 3836 segnem
1130 3782 1351 3835 operam
1406 3770 1586 3837 posuit
1622 3769 1674 3821 in
1708 3766 1859 3820 evol—

273 3856 455 3911 vendis
486 3856 802 3925 Scripturis
830 3859 1029 3923 sacris,
1055 3866 1111 3912 et
1139 3873 1203 3913 ea
1229 3858 1562 3913 Christianae
1595 3861 1857 3913 doctrinae

273 3952 583 4020 cognitione
607 3952 1008 4020 comparanda,
1035 3966 1158 4019 quae
1186 3967 1295 4007 non
1326 3953 1502 4007 cuivis
1526 3969 1556 4008 e
1586 3952 1858 4007 Christia-

275 4058 465 4096 norum
503 4043 693 4114 vulgo,
740 4043 836 4098 sed
882 4044 1089 4097 homini
1132 4046 1348 4098 erudito
1390 4055 1445 4099 et
1479 4047 1544 4098 ad
1580 4045 1858 4115 religionis

281 4134 656 4189 defensionem
708 4144 842 4188 nato
881 4144 1227 4204 congrueret.
1273 4136 1548 4201 Quantum
1601 4136 1859 4190 habuerit

282 4245 429 4283 nam
464 4227 777 4298 Scripturae
811 4244 1002 4294 sacrte,
1034 4228 1277 4283 declarat
1316 4229 1465 4283 illius
1509 4245 1635 4283 cum
1670 4229 1859 4284 Judan

282 4322 571 4394 Tryphone
609 4322 899 4392 Dialogus,
946 4323 1000 4376 in
1046 4337 1153 4391 quo
1201 4332 1255 4377 et
1293 4323 1613 4376 immensam
1666 4336 1862 4392 prope-

282 4418 497 4469 modum
527 4417 971 4469 testimoniorum
1004 4414 1197 4468 silvam
1228 4413 1518 4482 depromit,
1548 4429 1710 4480 quam
1740 4413 1863 4483 qui-

283 4509 399 4561 dem
429 4507 759 4563 memoriter
798 4506 853 4560 in
891 4506 1008 4575 ipso
1035 4520 1332 4575 congressu
1371 4514 1427 4559 et
1460 4504 1733 4574 colloquio
1765 4521 1861 4560 ne-

286 4615 435 4654 eesse
470 4600 575 4652 fuit
611 4597 861 4662 recitari,
884 4607 939 4651 et
968 4595 1309 4665 Scripturam
1341 4598 1511 4667 ipsam
1561 4598 1640 4650 sic
1688 4598 1860 4649 inter-
1894 4623 1939 4677 Ι)

287 4703 551 4759 pretatur,
584 4701 646 4745 ut
684 4689 972 4744 Judaicam
1002 4689 1358 4760 pertinaciam
1386 4689 1709 4758 perfringat.
1741 4688 1860 4742 Non

289 4784 480 4837 desunt
510 4794 697 4837 tamen
728 4782 816 4849 qui
845 4790 1091 4835 sanctum
1122 4788 1415 4848 martyrem
1445 4779 1498 4832 in
1534 4780 1638 4834 hoc
1664 4794 1864 4849 genere

290 4878 435 4946 parvi
468 4878 703 4937 faciant,
730 4885 784 4929 et
821 4873 1117 4943 Scriptura:
1148 4872 1556 4941 intelligentiam
1588 4871 1642 4925 in
1679 4888 1743 4926 eo
1772 4873 1865 4925 de-

291 4974 551 5037 siderent,
590 4979 879 5038 propterea
921 4968 1062 5036 quod
1118 4966 1419 5033 allegoricis
1462 4964 1867 5033 interpretatio-

295 5064 446 5117 nibus
477 5062 731 5123 nimium,
774 5070 834 5112 ut
865 5059 963 5129 ipsi
999 5059 1338 5121 existimant,
1376 5057 1676 5125 indulgeat.
1712 5055 1865 5109 [laud

292 5158 538 5225 equidem
581 5168 855 5224 negavero
892 5152 1151 5206 nonnulla
1194 5150 1335 5219 apud
1372 5150 1645 5204 Justinum
1674 5165 1867 5204 occur-

296 5264 434 5311 rere,
461 5263 588 5316 qua:
626 5246 846 5315 longius
890 5253 1065 5298 tracta
1111 5242 1425 5308 videantur;
1466 5243 1561 5297 sed
1596 5244 1739 5296 inter
1767 5243 1867 5297 has

296 5341 514 5394 umbras
537 5340 793 5393 eminent
822 5347 984 5405 atque
1011 5337 1317 5391 euitescunt
1339 5335 1442 5389 alia
1475 5334 1730 5403 plurima,
1748 5349 1868 5402 qua:

299 5430 938 5500 iuiriﬁce,comprobant,
986 5430 1263 5483 hominum
1297 5427 1737 5481 doctissimorum
1775 5426 1867 5495 ju-

300 5523 455 5588 dicio,
483 5524 537 5577 id
563 5522 709 5592 quod
741 5521 801 5576 S.
829 5531 1039 5591 martyr
1065 5521 1203 5590 grati
1230 5520 1395 5573 animi
1423 5536 1587 5574 causa
1618 5528 1866 5581 testatur,

300 5616 429 5669 hanc
473 5617 703 5684 gratiam
749 5614 851 5668 sibi
894 5631 927 5666 a
958 5615 1071 5665 Deo
1112 5628 1425 5686 concessam_
1455 5628 1593 5675 esse,
1627 5622 1682 5664 ut
1727 5611 1869 5664 illius

302 5707 598 5773 bcripturas
628 5705 966 5776 intelligeret,
993 5703 1203 5771 Dialog.
1236 5720 1289 5755 n.
1318 5704 1406 5757 58.

371 5798 487 5853 Non
518 5801 695 5855 minus
727 5800 848 5853 vita:
891 5798 1188 5853 sanctitate
1222 5810 1379 5863 quam
1412 5795 1654 5849 doctrina
1687 5794 1873 5847 micuit

304 5892 569 5951 Justinus.
615 5894 726 5951 Non
763 5895 1005 5951 obscure
1048 5888 1292 5945 indicant
1342 5888 1625 5960 Epipbauii
1658 5887 1867 5961 everba,

1960 3378 2168 3434 intento
2194 3378 2412 3435 facturi.
2438 3401 2463 3435 ι
2494 3382 2625 3436 Erat
2665 3398 2794 3452 ergo
2828 3382 3076 3439 Justinus
3107 3399 3173 3437 ex
3204 3397 3392 3437 eorum
3427 3401 3530 3439 nu-

1960 3487 2113 3526 mero
2153 3473 2243 3541 qui
2275 3473 2657 3541 baptizabant,
2705 3484 2757 3528 et
2801 3474 3137 3543 baptizatum
3185 3474 3529 3532 deducebant

1961 3566 2027 3617 ad
2060 3567 2234 3620 locum
2268 3566 2356 3621 ubi
2393 3566 2588 3621 fratres
2613 3569 2929 3638 congregati
2965 3578 3148 3624 erant.
3178 3568 3295 3622 Alio
3325 3569 3377 3621 in
3410 3568 3529 3625 loco

1960 3668 2211 3711 recenset
2233 3673 2292 3712 se
2318 3659 2463 3713 inter
2491 3660 2768 3729 principes
2798 3660 2980 3729 populi
3007 3661 3326 3728 Christiani,
3357 3676 3523 3731 seque

1961 3750 2013 3803 in
2060 3751 2162 3804 hoc
2207 3750 2579 3820 perfungendo
2627 3767 2852 3807 munere
2898 3767 2929 3806 a
2970 3753 3305 3822 principibus
3346 3752 3529 3823 populi

1960 3841 2169 3897 Judaici
2211 3842 2368 3911 longe
2400 3844 2716 3913 discrepare
2749 3845 3052 3913 proﬁtetur.
3098 3862 3117 3896 ι
3146 3846 3212 3899 Ει
3239 3862 3339 3901 nos
3366 3846 3532 3914 igitur

1963 3935 2156 3989 timore
2185 3935 2423 3998 adducti,
2453 3936 2627 4005 inquit
2664 3936 2875 4007 Dialog.
2904 3953 2959 3991 n.
3002 3938 3092 4004 82,
3135 3953 3415 3995 sermones
3445 3954 3533 3994 se-

1960 4030 2196 4083 cundum
2230 4028 2544 4099 Scripturas
2574 4026 2826 4085 conferre
2850 4032 3152 4098 studemus,
3182 4033 3405 4088 minime
3435 4047 3531 4089 au-

1962 4130 2069 4176 tem
2105 4123 2349 4189 pecunize
2383 4131 2473 4175 aut
2505 4122 2689 4193 gloriae
2718 4124 3035 4190 cupiditate,
3070 4137 3164 4178 aut
3204 4141 3394 4181 amore
3440 4142 3535 4181 vo-

1961 4214 2201 4281 luptatis.
2242 4213 2456 4268 Nullum
2500 4217 2645 4269 enim
2684 4232 2751 4271 ex
2788 4216 2872 4271 bis
2916 4226 3000 4271 est
3030 4216 3202 4284 vitiis,
3231 4217 3388 4286 cujus
3436 4235 3533 4274 nos

1962 4309 2249 4377 quisquam
2280 4323 2509 4376 arguere
2540 4311 2734 4378 possit.
2773 4308 2957 4379 Neque
2987 4312 3134 4366 enim
3183 4312 3437 4368 similiter
3468 4327 3534 4367 ac

1963 4402 2229 4472 principes
2256 4403 2433 4472 populi
2464 4403 2629 4457 vestri
2656 4403 2839 4458 vivere
2862 4404 3133 4470 volumus,
3160 4394 3357 4474 quibus
3385 4405 3533 4459 Deus

1962 4494 2067 4549 hoc
2107 4497 2364 4563 probrum
2393 4496 2620 4565 objicit:
2662 4495 2935 4567 Principes
2970 4499 3129 4552 vestri
3176 4498 3307 4551 socii
3332 4496 3533 4566 furum,

1963 4587 2241 4657 diligentes
2272 4605 2513 4654 munera,
2542 4600 2902 4659 persequentes
2930 4591 3345 4646 retributionem.
3369 4609 3390 4642 ι
3434 4590 3537 4644 Sa-

1968 4681 2273 4733 cerdotium
2312 4678 2514 4736 Justini
2554 4698 2622 4735 ex
2654 4683 2772 4749 ejus
2794 4683 2948 4737 Actis
2973 4682 3284 4737 conﬁrmari
3335 4690 3536 4751 potest.

1967 4789 2032 4859 ρ)
2076 4773 2274 4842 quibus
2309 4774 2436 4827 illud
2487 4775 2679 4829 saltem
2729 4776 3001 4846 colligitur
3044 4775 3328 4830 ecclesiam
3374 4775 3425 4828 in
3474 4787 3538 4827 ea

1967 4868 2151 4931 domo,
2195 4867 2249 4920 in
2291 4882 2398 4945 qua
2430 4868 2685 4937 degebat,
2728 4869 2916 4931 fuisse,
2960 4884 3059 4924 nec
3104 4884 3252 4934 eum,
3299 4867 3539 4936 quandiu
3590 4896 3595 4899 ι

1968 4959 2153 5015 Romae
2183 4960 2300 5024 fuit,
2346 4962 2508 5015 alimn
2554 4972 2852 5017 conventus
2897 4964 3070 5017 locum
3118 4962 3273 5016 obire
3321 4960 3538 5015 solitum

1969 5053 2159 5107 fuisse.
2205 5053 2477 5118 Quaerenti
2535 5056 2677 5108 enim
2728 5054 2983 5122 prmfecto
3035 5069 3195 5122 quem
3247 5054 3296 5106 in
3361 5053 3537 5106 locum

1970 5146 2266 5201 Christiani
2298 5147 2675 5209 convenirent,
2708 5160 2762 5201 ct
2794 5163 2922 5204 suos
2954 5146 3200 5203 Justinus
3247 5146 3542 5214 discipulos

1970 5249 2351 5309 congregaret,
2402 5240 2688 5306 respondet
2736 5239 2981 5293 Justinus
3024 5255 3083 5293 se
3124 5237 3328 5292 nullum
3371 5238 3540 5292 alium

1970 5340 2246 5384 conventus
2291 5331 2462 5383 locant
2500 5345 2826 5399 cognoscere
2862 5339 3059 5399 praeter
3092 5330 3311 5384 domum
3340 5329 3395 5383 in
3435 5343 3542 5398 qua

1974 5424 2252 5478 manebat.
2297 5424 2517 5477 Videtur
2558 5424 2673 5492 ipse
2713 5422 2998 5490 praefectus
3049 5422 3441 5477 sacerdotalem
3488 5423 3542 5476 in

1971 5516 2185 5571 Justino
2214 5518 2530 5585 dignitatem
2576 5530 2893 5585 agnoscere,
2928 5515 3055 5568 dum
3091 5517 3208 5585 ejus
3250 5518 3428 5571 socios
3463 5515 3543 5570 sic

1961 5606 2272 5681 interrogat
2299 5629 2309 5662 :
2351 5610 2680 5663 Christianos
2714 5626 2798 5663 ros
2828 5610 2949 5675 fecit
2979 5608 3267 5663 Justinus?
3295 5607 3547 5663 Gratiam

1974 5702 2265 5756 sacerdotii
2298 5703 2349 5756 in
2393 5701 2609 5756 Justino
2644 5717 2869 5755 vacuam
2907 5716 3011 5753 non
3060 5700 3229 5755 fuisse
3269 5700 3548 5753 declarant

1975 5794 2174 5848 eximia
2221 5794 2273 5847 in
2323 5792 2621 5848 Ecclesium
2652 5793 2869 5858 merita,
2906 5808 3068 5861 quam
3120 5808 3224 5845 non
3278 5790 3451 5846 solum
3495 5798 3555 5842 et

1977 5888 2098 5943 viva
2126 5869 2257 5944 voce
2284 5896 2337 5944 ct
2366 5887 2581 5957 scriptis
2613 5887 2867 5959 pietatem
2902 5884 3257 5954 spirantibus,
3297 5891 3356 5938 ut
3388 5879 3565 5936 multi.
