3932 6258
362 378 367 381 Δ
446 413 550 469 us

1339 402 1395 459 S.
1429 399 1764 461 JUSTINUS
1798 398 2280 456 PHILOSOPHUS
2314 398 2400 456 ET
2434 400 2744 457 MARTYR.

3660 407 3769 462 “li

446 535 539 590 alii
572 532 784 596 Patres,
827 528 1069 586 defendit
1111 535 1166 582 et
1194 527 1435 593 ornavit,
1459 526 1555 583 sed
1586 527 1775 593 etiam,
1807 526 1859 581 id
1889 527 2032 596 quod
2063 531 2109 586 Α
2138 527 2297 579 detur
2328 523 2711 593 abjudicanda.
2735 522 3009 593 Scriptam
3047 522 3221 579 fuisse
3254 540 3365 581 non
3399 524 3601 580 multo
3629 538 3766 597 post

446 624 736 699 perpaucis
769 622 1030 693 contigit,
1067 619 1452 676 molestissimo
1500 630 1743 689 tempore
1773 618 2026 674 atl‘lictam

446 728 505 775 et
535 725 827 781 vastatam,
860 728 925 769 ex
962 727 1176 768 summa
1205 726 1388 767 rerum
1434 711 1869 781 perturbatione,
1900 712 2027 765 dum

447 809 836 882 imperatorem
897 806 1082 863 oblata
1150 805 1394 876 apologia
1450 803 1647 874 placat,
1707 805 1760 859 in
1808 814 2028 873 portum

450 902 1016 973 tranquillitatemque
1076 914 1177 969 pro
1235 914 1332 953 sua
1387 907 1543 967 parte
1601 897 1865 953 restituit.
1919 896 2028 953 Sed

448 993 575 1065 quia
616 993 683 1047 de
732 992 1009 1062 plerisque
1062 990 1208 1045 illius
1254 990 1513 1058 operibus
1558 990 1741 1044 multte
1786 1005 2025 1060 magme-

449 1098 557 1155 que
597 1092 722 1139 sunt
745 1083 1096 1152 quaestiones,
1128 1095 1195 1135 an
1233 1080 1506 1149 genuinus
1549 1080 1660 1135 sint
1688 1079 1833 1134 illius
1862 1078 2023 1146 fetus,

447 1193 517 1233 an
553 1177 763 1247 integra
813 1176 881 1231 ad
932 1190 1032 1231 nos
1080 1174 1470 1244 pervenerint,
1513 1182 1569 1229 et
1618 1188 1724 1242 quo
1781 1181 2027 1241 tempore

449 1272 504 1327 in
531 1270 707 1327 lucem
740 1271 917 1336 edita;
947 1284 1127 1339 operte
1170 1268 1406 1338 pretium
1435 1275 1520 1323 est
1564 1268 1617 1322 in
1654 1268 1737 1321 his
1768 1268 1950 1332 rebus,
1979 1264 2024 1319 si

448 1377 557 1432 qua
604 1363 815 1418 ratione
881 1361 1121 1434 possim,
1176 1360 1518 1431 explicandis
1577 1366 1634 1415 et
1684 1358 2024 1414 illustrandis

449 1456 783 1529 immorariJ~

522 1544 588 1603 ll.
622 1545 824 1600 Praeter
851 1545 986 1599 duas
1026 1543 1335 1614 Apologias,
1366 1544 1433 1600 de
1474 1544 1673 1614 quibus
1710 1543 1868 1598 modo
1898 1556 2026 1612 age-

449 1652 595 1706 mus,
621 1638 741 1693 dua:
779 1637 897 1692 alia:
920 1646 1137 1693 exstant
1169 1638 1225 1690 S.
1258 1637 1515 1706 martyris
1542 1638 1805 1690 adversus
1840 1635 2024 1690 ethni-

446 1744 545 1785 cos
583 1729 1055 1793 elucubrationes,
1100 1744 1332 1797 quarum
1376 1729 1545 1783 altera
1587 1743 1760 1798 eaque
1807 1729 2021 1785 brevis-

447 1824 585 1878 sima
638 1822 960 1878 inscribitur
998 1822 1185 1878 Oratio
1232 1826 1485 1876 adversus
1542 1822 1799 1887 Graecos;
1850 1823 2021 1877 altera

445 1916 620 1969 multo
663 1914 897 1985 longior,
927 1913 1239 1969 Cohortatio
1274 1916 1343 1968 ad
1376 1914 1611 1970 Graecos.
1647 1916 1895 1971 Totidem
1931 1915 2025 1971 Ju-

446 2004 591 2059 stino
632 2005 896 2062 adversus
941 2006 1195 2061 ethnicos
1227 2005 1375 2071 libri,
1416 2015 1615 2077 praeter
1644 2008 1778 2062 duas
1818 2007 2020 2077 Apolo-

445 2097 583 2167 gias,
618 2098 929 2153 tribuuntur
957 2098 1025 2152 ab
1055 2098 1309 2163 Eusebio,
1346 2098 1673 2169 Hieronymo
1704 2109 1758 2153 et
1792 2099 2016 2163 Photio;

444 2188 543 2245 sed
591 2198 774 2245 utrum
819 2190 987 2244 iidem
1033 2190 1195 2245 hodie
1233 2198 1476 2255 exstent,
1511 2193 1598 2261 qui
1641 2191 1768 2245 olim
1809 2206 1838 2245 a
1868 2201 2021 2246 vete-

444 2281 600 2336 ribus
640 2283 1047 2338 commemorati
1086 2292 1251 2349 sunt,
1296 2282 1744 2338 examinandum.
1796 2283 1889 2337 Sic
1934 2284 2019 2338 lo-

440 2376 630 2444 quitur
660 2375 925 2432 Eusebius
952 2377 1018 2431 de
1049 2378 1134 2431 his
1163 2377 1371 2431 duobus
1416 2377 1569 2431 libris
1597 2396 1610 2432 :
1646 2378 1756 2431 Καὶ
1790 2376 1947 2440 ἄλλος
1991 2378 2018 2429 ὁ

445 2466 585 2539 πρὸς
600 2466 863 2538 Ἕλληνας
881 2472 939 2525 ὲν
957 2467 1001 2542 ᾧ
1018 2469 1226 2541 μακρὸν
1238 2470 1364 2542 περὶ
1384 2470 1650 2523 πλείστων
1670 2470 1799 2541 παρ’
1814 2471 1944 2541 ἡμῖν
1960 2486 2019 2522 τε

444 2560 539 2614 καὶ
567 2562 678 2622 τοῖς
711 2559 977 2631 Ἑλλήνων
1000 2560 1308 2631 φιλοσόφοις
1330 2562 1674 2633 ζητουμένων
1697 2562 2020 2625 κατατείνας

443 2653 620 2721 λόγον,
653 2653 781 2725 περὶ
808 2653 909 2723 τῆς
938 2653 1045 2706 τῶν
1086 2654 1355 2725 δαιμόνων
1395 2654 1745 2725 διαλαμϐάνει
1783 2654 2015 2722 φύσεως,

440 2746 655 2799 ἃοὺδὲν
698 2745 765 2799 ἂν
795 2747 1001 2814 ἐπείγοι
1044 2746 1208 2799 τανῦν
1240 2747 1655 2818 παρατίθεσθαι.
1700 2747 1808 2800 Καὶ
1863 2743 2020 2813 αὖθις

441 2836 631 2908 ἕτερον
661 2838 797 2909 πρὸς
820 2838 1083 2910 Ἕλληνας
1115 2840 1194 2902 εἰς
1229 2840 1374 2910 ἡμᾶς
1412 2838 1669 2910 ἐλήλυθεν
1701 2838 1864 2892 αὑτοῦ
1890 2839 2019 2907 σύγ-

442 2947 698 3002 γραμμα,
743 2930 771 2984 ὂ
818 2932 912 2984 καὶ
945 2932 1254 3003 ἐπέγραψεν
1277 2934 1553 3003 Ἔλεγχον.
1595 2953 1613 2985 ‹
1646 2935 1743 2987 Est
1785 2942 1840 2988 el
1881 2934 2020 2989 alius

440 3026 557 3093 ejus
589 3025 726 3081 liber
769 3028 1033 3082 adversus
1080 3028 1332 3098 gentiles,
1375 3030 1428 3083 in
1474 3044 1581 3098 quo
1624 3039 1907 3098 postquam
1950 3031 2019 3085 de

442 3117 697 3187 plurimis
718 3118 1125 3187 quaestionibus,
1163 3134 1283 3189 quae
1316 3128 1421 3172 tam
1455 3134 1483 3172 a
1516 3120 1745 3184 nostris,
1792 3133 1966 3190 quam'
1987 3134 2017 3173 a

442 3210 727 3278 gentilium
761 3211 1097 3282 philosophis
1130 3211 1324 3281 agitari
1370 3210 1567 3279 solent,
1600 3213 1882 3267 uberrime
1912 3213 2015 3269 dis.
2041 3223 2084 3279 (ς

443 3303 691 3372 putavit,
722 3317 876 3357 suam
910 3304 978 3358 de
1008 3312 1204 3358 natura
1231 3305 1536 3359 daemonum
1568 3304 1891 3358 sententiam
1924 3319 2019 3358 ex-

441 3396 615 3465 ponit,
643 3410 803 3465 quam
847 3395 1062 3464 quidem
1096 3395 1186 3450 hic
1215 3396 1461 3451 inserere
1490 3395 1628 3451 nihil
1653 3410 1877 3452 necesse
1906 3409 2012 3453 est.

438 3487 593 3542 Alius
623 3497 884 3558 praeterea
929 3487 1172 3555 ejusdem
1206 3489 1343 3545 liber
1369 3489 1628 3544 adversus
1672 3490 1905 3558 gentiles
1948 3490 2015 3545 ad

440 3595 544 3635 nos
587 3582 857 3650 pervenit,
891 3596 1050 3650 quem
1086 3582 1175 3636 ille
1207 3582 1635 3650 Confutatiouem
1666 3581 1963 3651 inscripsit.
1990 3602 2010 3636 ι

443 3670 707 3726 Similiter
746 3672 1114 3746 Hieronymus
1156 3674 1211 3728 in
1252 3674 1395 3728 libro
1426 3673 1503 3727 De
1551 3674 1897 3742 scriptoribus
1935 3690 2017 3729 ec-

441 3764 750 3819 clesiasticis
773 3782 793 3820 :
830 3786 849 3818 ε
877 3766 1066 3822 Exstat
1091 3768 1208 3838 ejus
1246 3777 1302 3822 et
1344 3767 1490 3821 aliud
1533 3766 1783 3822 volumen
1826 3777 2012 3823 contra

438 3864 651 3923 gentes,
680 3856 771 3911 ubi
806 3858 872 3912 de
902 3858 1210 3913 dzemonum
1252 3872 1469 3926 quoque
1515 3866 1709 3911 natura
1738 3857 2012 3926 disputat;

437 3954 495 3999 et
521 3956 772 4015 quartum
802 3950 1066 4005 adversus
1097 3958 1307 4020 gentes,
1334 3950 1424 4003 cui
1454 3949 1667 4003 titulum
1693 3948 2017 4019 prsenotavit

441 4037 754 4108 Ἔλεγχος.
783 4058 801 4091 ›
858 4041 923 4094 Ει
970 4041 1217 4107 Photius,
1264 4042 1386 4098 cod.
1434 4040 1538 4095 125
1577 4057 1590 4094 :
1634 4040 1920 4112 Τέσσαρας
1958 4039 2016 4092 δὲ

437 4130 820 4200 πραγματείας
853 4133 994 4186 κατὰ
1024 4134 1132 4187 τῶν
1180 4133 1348 4188 ἐθνῶν
1382 4132 1727 4199 συνέταξε....
1765 4135 1823 4185 ἐν
1853 4132 1909 4185 δὲ
1947 4135 2013 4203 τῇ

434 4221 597 4295 τρίτῃ
624 4223 751 4295 περὶ
779 4223 991 4293 φύσεως
1018 4227 1286 4296 δαιμόνων
1313 4226 1621 4279 διείλεκται.
1660 4227 1717 4279 '0
1738 4226 1795 4279 δὲ
1825 4227 2016 4298 τέταρ-

434 4330 527 4376 τος
558 4314 706 4385 αὐτῷ
734 4315 889 4385 λόγος
913 4319 1114 4388 ὁμοίως
1142 4318 1281 4372 κατὰ
1311 4319 1418 4372 τῶν
1446 4318 1615 4373 ὲθνῶν
1638 4319 2011 4389 συγκείμενος,

438 4403 735 4475 Ἔλεγχος
756 4409 1067 4481 ἐπιγραφὴν
1085 4410 1217 4481 ἔχει.
1250 4430 1269 4463 ‹
1297 4412 1468 4466 Porro
1491 4420 1724 4480 quatuor
1752 4412 2013 4467 adversus

435 4508 627 4568 gentes
659 4508 921 4557 tractatus
968 4504 1364 4573 composuit....
1394 4505 1447 4558 in
1494 4505 1656 4559 tertio
1698 4504 1767 4560 de
1807 4505 2007 4559 daemo-

434 4610 566 4648 num
598 4604 793 4649 natura
825 4597 1107 4652 disseruit.
1133 4596 1373 4663 Quartus
1394 4597 1560 4651 etiam
1589 4606 1781 4651 contra
1814 4606 2006 4667 gentes
2042 4575 2085 4629 D

434 4687 505 4749 ab
532 4702 597 4743 eo
627 4691 959 4758 compositus
989 4691 1310 4748 inscribitur
1341 4690 1670 4760 Confutatio.
1697 4711 1717 4745 ι

508 4779 584 4837 Ex
624 4782 836 4837 duabus
873 4782 1074 4838 Justini
1108 4785 1371 4839 adversus
1408 4791 1596 4853 gentes
1636 4784 2004 4851 orationibus,

435 4885 559 4937 qua:
584 4872 651 4925 ad
698 4887 797 4927 nos
825 4884 1227 4941 pervenerunt,
1261 4882 1456 4929 neutra
1506 4874 1827 4930 inscribitur
1865 4875 2005 4929 Con-

432 4962 664 5026 ]utatio,
701 4971 894 5016 neutra
926 4964 1149 5018 disserit
1176 4965 1242 5019 de
1277 4974 1471 5017 natura
1516 4965 1842 5020 daemonum.
1876 4966 2009 5033 Quae

433 5054 655 5109 brevior
683 5064 787 5122 est,
809 5055 1046 5111 Eusebio
1070 5064 1194 5111 nota
1222 5066 1315 5111 aut
1343 5056 1535 5112 saltem
1575 5067 1869 5112 memorata
1896 5073 2005 5113 non

432 5146 538 5200 fuit
569 5164 585 5199 :
620 5162 744 5201 nam
792 5162 969 5217 neque
1007 5150 1073 5203 de
1102 5159 1300 5203 natura
1342 5150 1685 5214 daemonum',
1724 5165 1900 5219 neque
1938 5152 2006 5205 de

432 5238 555 5293 aliis
605 5238 1001 5309 qutestionibus
1053 5238 1121 5293 ab
1181 5239 1415 5295 Eusebio
1462 5241 1715 5296 indicatis
1777 5251 2001 5296 tractat.

431 5329 577 5386 neos
600 5329 883 5400 gentilium
909 5340 1066 5385 acute
1086 5334 1355 5403 exagitat;
1380 5331 1473 5387 sed
1500 5346 1690 5387 eorum
1719 5332 2003 5401 opiniones

432 5422 559 5473 data
633 5433 799 5489 Opera
859 5434 967 5474 non
1023 5422 1289 5476 confutet.
1352 5422 1535 5489 Quare
1586 5438 1715 5491 ,non
1768 5435 1854 5479 est
1914 5425 2006 5480 ille

434 5513 722 5581 Ἔλεγχος
762 5510 832 5566 ab
862 5510 1096 5568 Eusebio
1130 5513 1397 5570 laudatus.
1452 5514 1645 5569 Mirum
1680 5525 1857 5571 autem
1895 5518 2001 5572 no'n

432 5614 540 5668 est,
574 5604 620 5659 si
657 5602 801 5659 illius
826 5603 1157 5675 diligentiam
1194 5606 1349 5677 fugit,
1383 5623 1505 5663 cum
1543 5608 1617 5663 sit
1645 5610 1998 5665 brevissima.

431 5695 606 5759 Nemo
635 5695 779 5753 illam
818 5696 1091 5768 abjudicat
1123 5699 1181 5756 S.
1216 5701 1476 5770 martyri;
1509 5715 1609 5757 nec
1641 5701 1887 5771 profecto
1924 5704 2003 5758 vi-

504 5852 593 5894 ³⁵⁹⁶
624 5852 755 5917 Cod.
780 5854 907 5917 252.

2054 1882 2096 1938 Β

2138 618 2550 673 conversionem
2585 616 2784 673 Justiui
2824 617 3113 687 conjicitur
3138 632 3203 672 ex
3233 618 3351 687 ipso
3390 618 3763 687 primordio,

2136 711 2283 779 quod
2318 711 2399 765 sic
2429 712 2593 766 habet
2625 729 2637 765 :
2677 728 2695 762 t
2727 711 2805 765 Ne
2835 711 3164 777 existimate,
3193 710 3372 767 Graeci
3401 753 3419 778 ,
3460 710 3632 765 nulla
3669 727 3763 766 me

2131 818 2252 858 cum
2284 805 2497 859 ratione
2527 813 2621 859 aut
2652 804 2801 859 nullo
2828 820 2951 859 cum
2976 803 3185 873 judicio
3214 820 3243 859 a
3276 806 3501 861 vestris
3541 805 3760 860 ritibus

2132 896 2447 952 descivisse.
2487 916 2505 949 ι

2206 989 2356 1056 Quod
2406 998 2587 1044 autem
2638 998 2849 1060 spectat
2896 990 2959 1046 ad
3018 990 3316 1063 longiorem
3368 992 3754 1059 orationem,

2130 1096 2250 1150 quae
2280 1095 2424 1135 nunc
2455 1080 2811 1149 inscribitur,
2852 1081 3161 1138 Cohortatio
3202 1084 3271 1137 ad
3303 1081 3583 1148 Graecos,
3622 1099 3751 1139 eam

2130 1173 2442 1242 etantiquis
2469 1184 2653 1228 notam
2681 1174 2852 1229 fuisse
2876 1184 2931 1229 ct
2960 1178 3012 1229 in
3042 1177 3504 1247 germanissimis
3531 1178 3751 1232 Justini

2129 1266 2348 1335 scriptis
2380 1267 2771 1322 numerandam
2802 1267 2988 1323 multis
3026 1269 3335 1325 rationibus
3365 1269 3752 1325 demonstra-

2131 1366 2236 1411 tur.
2267 1355 2412 1411 Nihil
2448 1358 2499 1411 in
2539 1357 2628 1412 illa
2675 1359 2893 1428 quidem
2924 1360 3123 1429 legitur
3153 1362 3219 1415 de
3256 1360 3599 1417 daemonum
3642 1378 3748 1416 na-

2130 1459 2271 1514 tura,
2293 1450 2427 1504 nihil
2459 1450 2523 1504 de
2548 1451 2949 1520 quaestionibus
2977 1461 3084 1506 tam
3117 1454 3258 1523 apud
3283 1464 3548 1521 nostros,
3574 1470 3746 1523 quam

2127 1544 2267 1611 apud
2315 1543 2545 1613 gentiles
2596 1544 2953 1614 philosophos
3019 1544 3216 1615 agitari
3273 1547 3489 1603 solitis.
3555 1548 3748 1615 Quare

2127 1635 2313 1689 eadem
2344 1649 2465 1690 esse
2493 1650 2600 1690 non
2648 1645 2827 1705 potest
2850 1652 2912 1691 ac
2941 1636 3031 1691 illa
3056 1641 3453 1709 pertractatio,
3493 1656 3631 1710 qua:
3675 1640 3745 1695 de

2128 1729 2427 1782 daemonum
2461 1737 2657 1783 natura
2694 1728 3021 1785 disserebat.
3067 1732 3137 1785 At
3184 1733 3319 1786 nihil
3364 1744 3534 1788 vetat
3592 1750 3747 1788 eam-

2128 1819 2247 1873 dem
2278 1835 2501 1890 prorsus
2527 1836 2648 1877 esse
2688 1837 2753 1877 ac
2797 1837 2917 1875 cam
2938 1862 2953 1887 ,
2983 1838 3103 1893 qua:
3137 1823 3405 1879 Elenchus
3442 1826 3575 1880 sive
3606 1825 3744 1879 Con-

2126 1910 2317 1980 futatio
2352 1912 2775 1968 inscribebatur.
2828 1914 3201 1985 Praeterquam
3253 1918 3401 1985 quod
3452 1917 3738 1972 librorum

2129 2002 2270 2057 tituli
2326 2012 2405 2058 tot
2450 2007 2783 2063 mutationes
2836 2006 3188 2063 librariorum
3235 2009 3470 2065 licentia
3515 2020 3738 2080 experti

2126 2104 2288 2164 sunt,
2339 2106 2399 2151 ut
2426 2113 2491 2152 ex
2524 2100 2667 2153 tituli
2711 2101 2983 2156 varietate
3027 2101 3160 2156 nihil
3209 2102 3476 2157 concludi
3515 2104 3733 2172 possit;

2124 2197 2275 2254 certe
2310 2203 2377 2244 ex
2428 2191 2592 2246 rebus
2641 2193 2694 2246 in
2742 2193 2848 2249 hac
2899 2196 3152 2250 oratione
3183 2197 3564 2265 pertractatis
3609 2212 3737 2267 per-

2126 2281 2356 2349 spicitur
2410 2299 2530 2338 eam
2582 2288 2790 2354 optime
2831 2288 3059 2343 inscribi
3112 2290 3360 2358 potuisse
3419 2289 3731 2344 Eleus/tum

2123 2374 2240 2428 sive
2283 2371 2738 2443 Confutationem.
2774 2378 2925 2434 Nihil
2964 2380 3109 2434 enim
3140 2380 3285 2435 aliud
3319 2381 3481 2452 agit,
3518 2381 3629 2436 nisi
3675 2390 3733 2435 ut

2123 2465 2356 2534 gentiles
2386 2468 2703 2526 domesticis
2733 2473 3074 2543 argumentis
3114 2471 3388 2542 proﬂiget,
3425 2484 3485 2529 et
3525 2490 3597 2530 ex
3628 2490 3725 2530 eo-

2123 2572 2241 2611 rum
2276 2560 2636 2630 scriptoribus
2690 2565 3011 2622 inanitatem
3064 2575 3119 2621 et
3168 2568 3448 2622 insaniam
3484 2569 3727 2623 etltnicte

2124 2652 2554 2719 superstitionis,
2584 2657 2967 2726 antiquitatem
2994 2674 3139 2713 verae
3171 2660 3465 2727 religionis
3492 2660 3721 2715 demon-

2121 2751 2277 2797 stret.
2324 2742 2495 2800 Nemo
2545 2762 2650 2801 non
2684 2748 2830 2804 videt
2880 2766 3043 2819 quam
3095 2759 3218 2819 apte
3259 2762 3549 2821 congruat
3592 2752 3724 2806 ltuic

2122 2833 2427 2890 disserendi
2465 2839 2664 2893 rationi
2705 2839 2926 2895 Elenchi
2968 2843 3082 2897 sive
3127 2841 3545 2913 Confutationis
3589 2846 3719 2899 titu-

2121 2923 2224 2979 lus.
2269 2925 2407 2981 llinc
2459 2944 2579 2983 cum
2630 2931 2942 3000 Stephanus
2991 2935 3242 2989 Gobarus
3271 2934 3594 3000 Tritlteita,
3623 2936 3718 3004 qui

2118 3020 2320 3073 satculo
2350 3030 2506 3077 sexto
2535 3024 2835 3092 scribebat,
2867 3042 3030 3079 unam
3062 3027 3295 3096 aliquam
3350 3028 3410 3082 S.
3450 3027 3717 3098 martyris

2121 3115 2447 3169 sententiam
2484 3118 2746 3181 citasset,
2788 3134 2909 3189 quae
2959 3121 3012 3173 in
3047 3121 3149 3175 hac
3179 3120 3437 3175 oratione
3486 3120 3711 3191 legitur,

2117 3220 2293 3275 eaque
2346 3209 2543 3261 mirum
2597 3212 2649 3264 in
2699 3213 2916 3266 modum
2954 3212 3295 3279 abuteretur,
3335 3214 3547 3269 refellit
3586 3228 3711 3268 eum

2123 3298 2350 3354 Pltolius
2370 3301 2461 3331 3°"
2493 3317 2557 3355 ex
2593 3304 2875 3372 proposito
2907 3303 2966 3361 S.
2999 3302 3225 3369 Justini,
3264 3321 3429 3375 quem
3462 3308 3570 3361 hoc
3589 3306 3709 3361 loco

2120 3392 2409 3447 Elencltum
2460 3396 2577 3449 sive
2616 3394 3050 3465 Confutationem
3095 3397 3370 3462 Platonis,
3406 3396 3708 3450 Elencltum

2118 3486 2463 3540 ethnicorum
2495 3488 2719 3559 aggredi
2769 3491 3130 3545 demonstrat.
3163 3489 3395 3545 Videtur
3420 3505 3558 3561 ergo
3590 3490 3705 3542 ltazc

2119 3580 2235 3650 ipsa
2266 3595 2387 3635 esse
2417 3583 2596 3635 oratio
2626 3597 2788 3651 quam
2819 3583 3034 3651 antiqui
3066 3581 3359 3637 Elenchum
3388 3584 3700 3655 appellant,

2117 3684 2167 3727 et
2199 3682 2397 3743 quarto
2430 3671 2550 3728 loco
2577 3674 2719 3729 inter
2749 3673 2950 3731 Justini
2979 3685 3168 3731 contra
3211 3676 3468 3732 ethnicos
3495 3675 3698 3743 scripta

2117 3756 2571 3821 commemorant.

2189 3855 2370 3911 Testis
2419 3867 2600 3913 autem
2652 3868 2736 3914 est
2780 3860 3088 3930 Stephanus
3122 3862 3213 3917 ille
3257 3861 3515 3917 Gobarus
3556 3860 3696 3913 hanc

2119 3948 2419 4001 orationem
2450 3956 2604 4003 sexto
2632 3950 2833 4004 sacculo
2874 3954 3019 4007 inter
3058 3954 3298 4024 genuina
3334 3954 3395 4008 S.
3438 3950 3696 4021 martyris

2119 4054 2283 4107 opera
2310 4052 2651 4097 numeratam
2685 4042 2870 4098 fuisse.
2903 4045 3009 4102 Sed
3043 4048 3188 4116 quod
3219 4061 3339 4101 rem
3360 4056 3695 4112 causamque

2119 4131 2356 4185 maxime
2388 4133 2654 4197 continet,
2688 4134 2801 4204 ipsa
2835 4136 3011 4191 oratio
3040 4150 3146 4189 non
3180 4150 3350 4206 pauca
3381 4133 3692 4202 suppeditat

2115 4238 2181 4277 ex
2211 4225 2406 4292 quibus
2429 4237 2708 4295 parentem
2739 4227 3013 4284 Justinum
3043 4244 3330 4300 agnoscas.
3365 4229 3584 4297 Scripta
3610 4232 3693 4278 est

2118 4317 2187 4371 ab
2246 4317 2467 4372 homine
2525 4318 2591 4372 ab
2657 4321 3005 4376 ethnicorum
3074 4321 3555 4391 superstitionibus
3625 4316 3691 4370 ad

2117 4408 2485 4462 Christianam
2541 4412 2863 4481 religionem
2916 4426 3218 4479 converso;
3295 4412 3485 4481 objicit
3543 4410 3685 4464 enim

2116 4500 2383 4563 ethnicis,
2422 4517 2542 4571 qua:
2581 4504 2733 4572 prius
2774 4504 3079 4573 didicerat,
3107 4522 3233 4559 cum
3271 4506 3413 4560 inter
3441 4520 3535 4559 eos
3562 4517 3684 4555 ver-

2117 4602 2354 4647 saretur.
2426 4614 2443 4646 t
2472 4584 2908 4651 Consentaneum
2958 4600 3228 4665 arbitror,
3278 4600 3455 4669 inquit
3496 4612 3552 4653 n.
3597 4596 3679 4659 Η,

2115 4700 2237 4753 quae
2272 4688 2422 4755 prius
2454 4689 2596 4758 apud
2631 4705 2730 4744 vos
2762 4690 2845 4745 his
2877 4692 2942 4745 de
2988 4690 3153 4746 rebus
3191 4692 3371 4745 audivi
3400 4734 3413 4756 ,
3448 4706 3511 4745 ca
3543 4702 3683 4742 nunc

2111 4778 2164 4831 iu
2205 4789 2450 4849 tempore
2501 4792 2694 4837 contra
2740 4798 2842 4839 vos
2874 4785 3220 4853 depromere.
3260 4803 3278 4835 ι
3316 4783 3469 4850 Quod
3500 4791 3679 4836 autem

2110 4871 2178 4926 de
2193 4873 2438 4945 Moyscet
2467 4876 2749 4945 prophetis
2771 4878 2978 4931 dictum
3009 4878 3212 4947 legitur
3245 4878 3299 4929 in
3328 4877 3491 4944 Langi
3520 4876 3679 4927 inter—

2108 4965 2448 5033 pretatione,
2497 4982 2552 5022 η.
2594 4968 2664 5021 1:
2698 4966 2933 5036 Majores
2977 4969 3144 5021 nostri
3201 4968 3364 5021 divini
3420 4965 3673 5025 homines,

2109 5062 2439 5125 persuadere
2494 5061 2769 5115 nonnullis
2802 5071 2983 5130 posset
3030 5070 3311 5115 auctorem
3347 5060 3505 5127 hujus
3552 5072 3672 5110 ora-

2111 5152 2273 5206 tionis
2318 5162 2498 5206 ortum
2541 5168 2609 5207 ex
2650 5153 2851 5209 Judaeis
2914 5168 3059 5208 esse.
3112 5154 3218 5208 Sed
3273 5154 3458 5209 Graeca
3511 5149 3673 5203 verba

2108 5246 2156 5296 οἱ
2188 5244 2446 5316 ἡμέτεροι
2482 5246 2621 5299 κατὰ
2647 5245 2781 5299 Θεὸν
2816 5247 3099 5317 πρόγονοι,
3132 5246 3217 5300 sic
3249 5246 3399 5299 reddi
3430 5245 3623 5299 debent
3652 5254 3666 5291 :

2111 5337 2303 5393 Nostri
2345 5341 2399 5392 in
2434 5341 2586 5393 rebus
2629 5340 2819 5394 diuinis
2851 5341 3115 5409 majores;
3156 5340 3357 5408 quibus
3396 5354 3463 5392 ex
3496 5332 3668 5388 verbis

2106 5432 2433 5502 perspicitur
2460 5433 2756 5501 prophetas
2796 5449 2902 5488 non
2942 5433 3150 5488 idcirco
3182 5432 3250 5485 ab
3275 5433 3377 5486 hoc
3408 5428 3665 5497 scriptore

2105 5523 2186 5577 sic
2223 5524 2504 5592 appellari,
2534 5524 2681 5594 quod
2707 5540 2775 5579 ex
2809 5540 3001 5579 eorum
3029 5534 3191 5594 gente
3216 5532 3370 5578 ortus
3394 5527 3555 5580 esset,
3576 5514 3665 5569 sed

2105 5618 2249 5687 quod
2297 5618 2574 5687 religionis
2618 5626 2859 5687 nostraz,
2926 5628 2986 5673 ut
3034 5619 3151 5688 ipse
3191 5633 3248 5673 n.
3305 5615 3372 5670 10
3421 5618 3658 5669 testatur,

2106 5709 2349 5781 magistri
2380 5709 2602 5767 fuerint.
