3932 6258
390 374 495 431 “9

1289 376 1344 430 S.
1383 375 1721 433 JUSTINUS
1753 375 2237 433 PHILOSOPHUS
2270 376 2357 429 ET
2396 373 2707 430 MARTYR.

3553 380 3665 432 1‘10

386 512 534 553 nem.
564 499 667 553 Sed
694 499 837 565 quod
868 500 945 553 ait
979 500 1033 554 in
1061 500 1441 554 Cohortatione
1469 499 1750 555 Platonem
1782 517 1965 557 secum
1998 509 2043 563 Α
2074 510 2350 554 numerat.
2400 497 2608 552 Natalis
2666 497 2981 552 Alexander
3024 496 3243 553 Justino
3294 499 3363 553 ab
3420 500 3671 555 eruditis

386 606 631 661 pugnare
657 607 758 647 nec
786 592 930 648 belle
961 594 1261 664 accepisse,
1282 607 1404 661 quae
1432 609 1496 648 ex
1516 593 1966 666 Moysisfontihus

388 683 678 749 hauserat,
731 685 872 740 idem
914 685 1073 741 docet
1121 689 1173 742 in
1220 687 1375 758 Apol.
1426 704 1480 744 n.
1512 689 1623 743 8et
1666 692 1756 745 60.
1799 690 1968 757 Quin-

392 777 560 828 etiam
600 775 803 832 fatetur
833 779 992 833 initio
1023 778 1261 851 Dialogi,
1297 782 1430 835 nihil
1460 781 1777 848 Platonem,
1834 784 1970 837 nihil

390 866 763 937 Pythagoram
815 870 1023 927 vidisse
1064 872 1115 926 in
1152 874 1219 927 iis
1267 873 1466 938 rebus,
1498 874 1563 927 de
1606 874 1801 942 quibus
1843 885 1971 929 tunc

389 958 638 1015 Justinus
667 978 789 1015 cum
836 978 964 1018 sene
1005 964 1339 1034 disputabat.
1373 965 1448 1019 De
1498 965 1779 1037 Sibyllinis
1817 967 1971 1021 libris

391 1050 623 1106 miriﬁce
674 1055 951 1108 consentit
1017 1052 1324 1110 Cohortatio
1384 1072 1507 1109 cum
1567 1057 1841 1127 Apologia.
1911 1057 1969 1111 ln

392 1144 567 1212 prima
596 1145 742 1200 enim
788 1144 1040 1203 Justinus
1086 1150 1187 1205 hos
1220 1150 1392 1205 libros
1433 1159 1545 1207 toto
1574 1150 1707 1206 orbe
1740 1151 1970 1215 servari,

392 1253 420 1287 ει
451 1236 783 1295 Christianis
809 1241 1099 1307 videlicet;
1140 1243 1194 1297 in
1221 1243 1481 1313 Apologia
1512 1251 1692 1298 autem
1714 1254 1972 1299 constan-

397 1338 477 1383 tcr
508 1344 538 1383 a
564 1329 897 1388 Christianis
928 1334 1033 1404 legi
1067 1343 1328 1391 testatur.

464 1419 667 1487 Quinto
703 1424 937 1494 denique
981 1425 1101 1481 loco
1140 1427 1221 1482 sic
1265 1430 1667 1483 ratiocinatur:
1712 1446 1731 1479 ι
1766 1426 1970 1483 Obser-

392 1520 525 1566 vant
572 1511 873 1577 Tatiauus,
921 1516 1221 1586 Eusebius,
1257 1520 1622 1592 Hieronymus
1656 1528 1709 1575 et
1744 1518 1972 1574 Photius

394 1600 673 1659 Iustinum
735 1607 789 1660 in
846 1605 1102 1663 Oratione
1142 1613 1470 1679 parametica
1512 1612 1580 1667 ad
1635 1610 1866 1684 gentiles
1908 1610 1975 1664 de

395 1695 700 1748 daemonum
744 1705 940 1751 natura
971 1700 1351 1768 ‘disseruisse;
1402 1704 1559 1775 cuius
1587 1711 1766 1757 tamen
1809 1718 1973 1774 argn—

397 1786 564 1839 menti
596 1786 737 1841 nulla
773 1787 827 1842 in
861 1791 963 1844 hoc
992 1806 1249 1847 sermone
1287 1795 1521 1865 vestigia
1553 1804 1792 1849 exstant.
1831 1814 1848 1847 ι

2073 596 2355 651 existimat
2402 593 2741 661 abjudicari;
2791 591 3218 657 Tillemontins,
3273 607 3434 662 quem
3481 593 3668 664 pleri—

2073 706 2178 760 que
2203 688 2291 742 alii
2326 688 2496 742 secuti
2526 694 2680 748 sunt,
2726 695 2820 738 aut
2850 686 3018 739 alium
3049 699 3277 754 prorsus
3312 686 3379 739 ab
3412 699 3477 739 eo
3507 702 3666 747 esse,

2073 797 2233 851 quem
2290 780 2560 835 Eusebius
2607 794 2674 833 ex
2731 778 2907 832 sacris
2948 787 3003 831 et
3047 776 3293 847 profanis
3327 776 3672 831 testimoniis

2073 882 2326 925 constare
2358 868 2647 934 declarat,
2680 876 2783 922 aut
2825 869 2870 923 si
2914 867 3057 921 idem
3116 868 3219 930 sit,
3260 867 3452 921 saltem
3504 867 3668 919 illam

2074 974 2304 1032 partem,
2335 978 2455 1031 quae
2480 963 2784 1031 Scripturae
2814 960 3125 1015 testimonia
3158 959 3453 1024 referebat,
3478 968 3667 1013 totam

2072 1056 2320 1124 periisse,
2338 1071 2456 1109 cum
2474 1054 2675 1107 nullum
2693 1053 2834 1107 illius
2846 1062 3022 1108 exstet
3038 1052 3341 1123 vestigium.
3360 1051 3504 1107 Satis
3522 1052 3672 1119 lepi-

2074 1148 2141 1201 de
2158 1147 2458 1201 Halloixius
2502 1148 2788 1201 Eusebium
2818 1147 2868 1199 in
2891 1147 2992 1199 hoc
3015 1144 3151 1199 libro
3176 1124 3467 1213 Scriptura“:
3491 1144 3669 1196 testi—

2075 1241 2256 1295 monia
2288 1240 2628 1307 nonvidisse,
2658 1241 2752 1294 sed
2782 1240 2967 1293 videre
2995 1252 3053 1292 se
3076 1246 3294 1306 putasse
3324 1237 3667 1303 suspicatur.

2146 1334 2408 1402 Quamvis
2447 1334 2717 1388 Eusebius
2762 1334 3009 1388 eruditos
3032 1332 3179 1385 viros
3210 1331 3261 1383 in
3304 1331 3443 1385 hanc
3469 1331 3671 1383 varie-

2078 1435 2248 1479 tatem
2280 1426 2673 1481 sententiarum
2703 1424 3035 1492 coniecerit;
3069 1423 3111 1477 si
3141 1432 3321 1475 tamen
3356 1421 3501 1475 illius
3528 1435 3671 1474 ver-

2076 1516 2167 1579 ba,
2195 1523 2255 1569 ut
2278 1530 2378 1585 par
2412 1525 2536 1580 est,
2571 1517 3027 1585 interpretemur,
3056 1521 3228 1569 totum
3272 1514 3416 1567 hunc
3447 1512 3664 1566 librum

2074 1607 2289 1664 Justino
2336 1610 2622 1675 vindicat,
2676 1624 2777 1662 nec
2824 1608 2972 1662 illius
3018 1608 3385 1677 integritatem
3446 1606 3500 1660 in
3552 1606 3671 1659 du—

2077 1703 2225 1757 bium
2253 1702 2436 1755 venire
2465 1702 2693 1769 patitur.
2733 1700 2824 1754 Sic
2860 1700 3106 1768 loquitur
3148 1700 3242 1753 lib.
3287 1714 3362 1767 tv,
3391 1714 3512 1766 cap.
3550 1699 3623 1752 18
3650 1716 3667 1751 :

2080 1793 2239 1866 Παρὰ
2260 1793 2481 1857 τούτους
2503 1793 2658 1856 ἄλλος
2680 1794 2807 1864 περὶ
2820 1792 2954 1846 Θεοῦ
2975 1792 3272 1865 μοναρχίας
3296 1793 3380 1861 ’ἣν
3406 1791 3465 1843 οὐ
3496 1792 3675 1861 μόνον

466 1876 610 1931 Citat
640 1876 903 1934 Tatianus
942 1896 1107 1934 unum
1159 1883 1381 1951 aliquod
1421 1881 1618 1937 Justini
1663 1884 1730 1938 de
1767 1883 1969 1937 daemo-

2087 1888 2139 1939 ὲκ
2170 1886 2281 1940 τῶν
2316 1888 2447 1958 παρ’
2479 1888 2609 1957 ἡμῖν
2633 1885 2887 1957 Γραφῶν,
2915 1884 3053 1940 ἀλλὰ
3086 1887 3179 1939 καὶ
3202 1888 3267 1937 ἐκ
3299 1884 3404 1937 τῶν
3421 1884 3675 1955 Ἐλληνι-

397 1974 556 2028 nibus
583 1974 821 2037 dietum;
853 1984 907 2029 at
936 1988 1214 2047 sumptum
1238 1994 1358 2033 esse
1383 1995 1447 2033 ex
1482 1979 1821 2032 Parwnetica
1850 1996 1972 2032 ora-

396 2066 536 2119 tione
566 2081 673 2120 non
702 2067 861 2122 dicit.
888 2069 1076 2138 Neque
1098 2072 1262 2124 etiam
1290 2070 1578 2135 Eusebius,
1608 2071 1973 2142 Hieronymus

395 2166 451 2209 et
482 2157 733 2225 Photius,
754 2174 875 2214 cum
901 2159 1175 2215 Justinum
1207 2162 1275 2216 de
1302 2172 1496 2216 natura
1525 2164 1829 2216 diemonum
1862 2162 1973 2218 dis-

397 2252 637 2306 seruisse
668 2254 935 2319 dicerent,
966 2256 1032 2309 de
1058 2271 1143 2318 ea,
1180 2270 1298 2324 qum
1324 2270 1467 2309 nunc
1502 2256 1553 2309 in
1589 2257 1843 2310 manibus
1868 2264 1973 2322 est,

396 2343 647 2398 oratione
671 2345 1061 2415 loquebantur,
1086 2347 1182 2402 sed
1213 2348 1278 2403 de
1307 2347 1433 2415 alia,
1455 2348 1520 2402 de
1548 2364 1652 2417 qua
1682 2364 1825 2403 nunc
1849 2364 1975 2419 pau-

397 2434 478 2489 cis
504 2436 772 2504 agendum
802 2438 958 2493 nobis
988 2448 1095 2494 est.

469 2526 534 2579 ν.
568 2527 756 2584 Oratio
784 2530 897 2599 illa,
925 2531 979 2585 in
1025 2548 1132 2602 qua
1164 2533 1442 2588 Iustinum
1473 2533 1748 2589 Eusebius
1779 2534 1845 2587 de
1877 2548 1975 2586 na-

400 2628 521 2674 tura
555 2621 859 2677 daemonum
914 2624 1199 2695 disputare
1243 2634 1474 2680 testatur
1516 2636 1572 2679 et
1615 2627 1682 2680 de
1731 2625 1975 2695 pluribus

399 2713 566 2769 rebus
588 2725 700 2768 tum
735 2717 876 2785 apud
904 2732 1024 2781 nos,
1048 2727 1162 2773 tum
1196 2720 1336 2788 apud
1364 2719 1595 2788 gentiles
1628 2718 1976 2788 philosophos

401 2807 597 2875 agitari
626 2808 823 2874 solitis,
869 2810 1005 2864 nihil
1031 2809 1179 2865 aliud
1215 2811 1431 2865 videtur
1465 2825 1585 2865 esse
1607 2850 1622 2875 ,
1646 2826 1807 2880 quam
1842 2810 1978 2864 liber

398 2898 478 2953 De
510 2902 774 2966 universo,
808 2917 969 2971 quem
992 2902 1218 2957 Photius
1249 2902 1382 2958 Caio
1414 2903 1632 2973 quidem
1660 2903 1978 2972 presbytero

398 2993 681 3062 proprium
718 2996 907 3062 tradit,
927 2996 1019 3052 sed
1054 3007 1235 3052 tamen
1261 2998 1478 3052 Justino
1509 2998 1577 3051 ab
1606 2997 1748 3057 aliis,
1775 2998 1978 3051 Irenaeo

401 3092 455 3136 et
481 3081 715 3154 Josepho
744 3103 772 3140 a
816 3088 1094 3142 nonnullis
1130 3089 1296 3143 tribui
1350 3090 1576 3145 fatetur.
1604 3089 1658 3141 1ο
1696 3086 1861 3143 Liber
1891 3089 1979 3142 ille

404 3176 481 3231 De
505 3180 774 3245 universo,
809 3182 996 3235 itidem
1029 3190 1087 3235 ut
1130 3182 1353 3250 Oratio,
1385 3199 1550 3251 quam
1576 3183 1846 3238 Eusebius
1885 3182 1980 3237 Ju-

402 3269 551 3322 stino
582 3270 794 3331 tribuit,
832 3281 1025 3325 contra
1057 3270 1277 3327 Graecos
1306 3274 1543 3342 scriptus
1570 3283 1709 3340 erat,
1747 3283 1806 3329 ut
1833 3286 1982 3344 patet

402 3370 469 3411 ex
508 3357 812 3429 fragmento
836 3363 977 3431 quod
1004 3362 1059 3416 in
1108 3364 1253 3417 notis
1293 3364 1589 3420 lloeschelii
1633 3366 1715 3421 sic
1750 3366 1978 3435 incipit:

414 3449 678 3522 ’ῑωσήπου
726 3455 790 3507 ἐκ
834 3454 928 3507 τοῦ
970 3454 1107 3525 πρὸς
1154 3455 1417 3528 Ἕλληνας
1458 3456 1614 3526 λόγου
1664 3457 1758 3511 τοῦ
1795 3459 1982 3526 ἐπιγε-

401 3544 722 3615 γραμμένου
782 3546 924 3599 κατὰ
984 3547 1244 3602 Πλάτωνα
1311 3550 1439 3620 περὶ
1487 3550 1585 3618 τῆς
1631 3549 1725 3602 τοῦ
1784 3550 1983 3613 παντὸς

403 3636 603 3699 αἰτίας.
637 3655 654 3687 ι
684 3637 761 3691 Ex
790 3635 1008 3706 Joscphi
1044 3640 1097 3693 in
1134 3639 1355 3695 Grmcos
1413 3644 1694 3706 oratione,
1749 3657 1869 3709 qua:
1904 3642 1985 3694 in-

404 3730 668 3783 scribitur
721 3741 913 3784 contra
978 3731 1264 3787 Platonem
1314 3733 1381 3787 de
1437 3735 1676 3788 universi
1728 3749 1917 3788 causa.
1958 3754 1976 3785 ι

402 3821 462 3873 2ο
490 3822 697 3877 Auctor
742 3821 868 3876 libri
919 3823 994 3876 De
1026 3826 1270 3878 universo
1323 3825 1633 3879 disserebat
1682 3825 1748 3879 de
1788 3834 1982 3878 natura

405 3913 749 3978 daemonum,
789 3922 849 3967 ut
892 3924 1041 3982 patet
1072 3930 1141 3967 ex
1186 3914 1344 3968 initio
1382 3915 1675 3985 fragmcuti
1724 3915 1984 3969 Htesche-

406 4002 536 4057 liani
563 4026 573 4059 :
600 4006 710 4059 Καὶ
734 4006 906 4070 οὕτως
935 4006 1033 4078 μὲν
1056 4010 1083 4061 ὁ
1114 4009 1242 4081 περὶ
1262 4008 1529 4080 δαιμόνων
1557 4007 1740 4073 τόπος,
1770 4027 1786 4059 t
1809 4009 1984 4077 Atque

406 4098 495 4151 hic
527 4098 748 4166 quidem
781 4099 845 4153 de
877 4100 1215 4155 daemonibus
1252 4100 1427 4165 locus,
1459 4120 1477 4152 ι
1512 4102 1563 4154 id
1603 4110 1687 4154 est
1720 4101 1984 4155 hactenus

407 4189 473 4241 de
504 4188 842 4246 daemonibus
867 4200 1279 4260 pertractatum.
1296 4191 1354 4244 3°
1374 4191 1447 4245 De
1469 4191 1636 4244 variis
1656 4191 1820 4244 etiam
1840 4206 1985 4260 quae-

408 4282 681 4335 stionibus
736 4292 848 4337 tum
910 4285 1050 4351 apud
1099 4300 1234 4349 nos,
1271 4293 1388 4338 tum
1441 4285 1583 4354 apud
1632 4283 1985 4353 pliilOSOphos

405 4375 539 4444 puni
570 4375 747 4429 solitis
770 4377 1104 4446 disputabat,
1137 4379 1285 4433 velut
1315 4379 1382 4431 de
1430 4378 1628 4431 animae
1660 4387 1881 4441 natura,
1918 4377 1986 4431 de

409 4470 716 4523 animarum
753 4481 876 4541 post
924 4482 1153 4527 mortem
1181 4477 1311 4527 sede
1346 4480 1402 4525 et
1432 4480 1598 4537 statu,
1644 4472 1803 4539 idque
1834 4482 1985 4540 patet

2008 3235 2054 3298 C

2078 1978 2190 2033 κῶν
2218 1979 2497 2050 συνίστησι
2524 1977 2765 2050 βιϐλίων.
2785 1978 2876 2033 Sic
2896 1979 3131 2033 reddidit
3156 1977 3439 2031 Valesius:
3470 1996 3486 2026 ‹
3511 1977 3675 2030 Prac-

2077 2082 2160 2127 ter
2190 2072 2287 2126 hos
2303 2072 2475 2126 libros
2500 2071 2757 2126 estetiam
2782 2070 2918 2125 alius
2936 2070 3012 2124 De
3035 2071 3338 2124 manare/tia
3359 2070 3475 2135 Dei,
3491 2086 3675 2141 quam

2076 2165 2296 2235 quidem
2322 2180 2429 2218 non
2466 2164 2638 2219 solum
2677 2164 3008 2218 auctoritate
3038 2178 3321 2218 sacrorum
3368 2164 3510 2232 apud
3545 2178 3664 2216 nos

2077 2258 2437 2318 voluminum,
2470 2259 2564 2313 sed
2588 2256 2870 2325 gentilium
2914 2257 3080 2310 etiam
3120 2256 3445 2324 scriptorum
3494 2257 3669 2309 testi-

2080 2349 2279 2403 moniis
2339 2348 2558 2401 asserit.
2620 2366 2639 2400 ι
2704 2347 2812 2402 Sed
2879 2347 2958 2401 sic
3012 2347 3484 2416 interpretandum
3532 2362 3673 2400 esse

2078 2442 2268 2495 multis
2304 2441 2613 2495 rationibus
2662 2449 2717 2495 et
2755 2440 3020 2510 exemplis
3069 2439 3334 2493 adductus
3366 2439 3678 2493 contendo:

2089 2552 2107 2583 (
2146 2532 2350 2586 Prmtcr
2378 2532 2477 2585 hos
2521 2530 2713 2595 libros,
2741 2539 2824 2586 est
2858 2532 3021 2585 etiam
3056 2530 3197 2585 alius
3231 2529 3308 2583 De
3350 2528 3674 2584 manare/ria

2078 2622 2213 2685 Dei,
2250 2638 2410 2691 quam
2460 2622 2680 2691 quidem
2717 2637 2819 2675 non
2873 2621 3033 2675 modo
3064 2636 3171 2675 non
3213 2636 3281 2674 ex
3309 2620 3479 2674 sacris
3510 2620 3671 2688 apud

2079 2729 2180 2767 nos
2213 2712 2515 2781 Scripturis
2540 2752 2555 2779 ,
2587 2712 2683 2767 sed
2712 2712 2878 2766 etiam
2926 2726 2990 2766 ex
3019 2712 3151 2781 ipsis
3184 2711 3466 2781 gentilium
3500 2708 3675 2764 libris

2081 2806 2302 2860 asserit.
2327 2824 2345 2858 ι

2152 2894 2204 2945 1·
2253 2891 2539 2947 Sententia
2593 2893 2647 2947 in
2696 2894 2801 2947 hac
2840 2893 3297 2962 interpretatione
3349 2890 3676 2961 praeclarior

2080 3000 2245 3055 quam
2279 2985 2333 3039 in
2378 2986 2574 3055 prima.
2612 2984 2827 3039 Laudat
2872 2986 3018 3038 enim
3071 2983 3340 3037 Eusebius
3382 2982 3675 3052 singulare

2083 3077 2291 3148 aliquid
2338 3092 2403 3131 ac
2443 3076 2668 3131 minime
2699 3076 3102 3146 quotidianum.
3137 3075 3291 3141 Quod
3339 3076 3384 3128 si
3431 3076 3675 3143 gentiles

2083 3167 2333 3225 Justinus
2379 3168 2677 3237 Scriptura:
2707 3178 2762 3221 et
2805 3169 3165 3236 profanorum
3200 3167 3525 3235 scriptorum
3564 3181 3677 3219 au—

2085 3263 2344 3315 ctoritate
2399 3268 2807 3330 oppugnasset,
2858 3259 2995 3313 nihil
3053 3258 3275 3312 fecisset
3318 3259 3460 3327 quod
3504 3258 3675 3312 valde

2085 3353 2439 3415 miraremur,
2469 3353 2602 3406 nihil
2649 3364 2850 3419 praeter
2885 3367 3040 3405 suam
3073 3360 3128 3405 et
3160 3352 3395 3404 aliorum
3431 3364 3676 3405 consue-

2088 3445 2350 3501 tudinem.
2405 3445 2513 3499 Sed
2560 3447 2605 3499 si
2646 3446 2852 3500 omissa
2894 3444 3182 3513 Scriptura
3209 3484 3224 3507 ,
3259 3445 3373 3498 suis
3427 3442 3674 3512 gentiles

2087 3539 2255 3593 armis
2293 3539 2361 3592 ab
2393 3552 2458 3592 eo
2491 3537 2801 3608 proﬂigati,
2853 3538 2907 3592 in
2965 3539 3067 3592 hoc
3100 3538 3345 3592 victoria:
3378 3536 3570 3590 fiducia
3608 3547 3675 3591 et

2086 3632 2270 3701 operis
2300 3632 2514 3687 novitas
2546 3632 2741 3685 merito
2769 3631 3158 3687 laudabuntur.

2156 3725 2216 3778 2·
2247 3723 2624 3780 Observarunt
2648 3725 2951 3779 doctissimi
2976 3725 3318 3795 grammatici
3352 3738 3496 3792 saepe
3521 3722 3675 3791 apud

2093 3825 2308 3870 veteres
2340 3832 2443 3869 non
2467 3816 2619 3869 modo
2654 3816 2795 3870 idem
2838 3814 3018 3869 valere
3049 3830 3112 3867 ac
3139 3831 3240 3867 non
3270 3816 3422 3866 modo
3445 3830 3567 3874 non,
3608 3821 3676 3867 ut

2088 3910 2141 3960 in
2193 3909 2295 3962 hoc
2337 3908 2587 3976 exemplo
2628 3923 2695 3963 ex
2758 3908 3044 3961 Ciceronis
3086 3907 3182 3961 lib.
3224 3922 3262 3961 ιι
3316 3905 3393 3959 De
3444 3904 3672 3973 ofﬁciis:

2098 4018 2118 4052 ι
2153 4000 2216 4054 Hi
2245 4001 2406 4054 simul
2448 4016 2511 4054 ac
2550 4001 2779 4068 juvenes
2823 4015 2943 4054 esse
2974 4010 3280 4069 cmperunt,
3306 4014 3502 4069 magna
3540 4011 3675 4066 spe-

2089 4101 2237 4147 ctare
2259 4106 2311 4147 et
2338 4094 2404 4147 ad
2433 4110 2495 4148 ea
2525 4094 2686 4149 rectis
2707 4094 2902 4149 studiis
2921 4094 3119 4147 debent
3140 4094 3489 4148 contendere.
3511 4092 3675 4158 Quod

2090 4199 2155 4240 eo
2187 4186 2428 4241 ﬁrmiore
2453 4187 2636 4241 animo
2662 4186 2888 4250 facient,
2916 4185 3043 4253 quia
3078 4200 3186 4238 non
3208 4185 3367 4237 modo
3392 4183 3675 4236 invidetur

2091 4278 2166 4332 illi
2201 4280 2344 4331 artati
2375 4318 2389 4344 ,
2447 4292 2636 4331 verum
2687 4279 2854 4332 etiam
2893 4278 3131 4331 favetur.
3162 4295 3180 4328 ι
3242 4275 3357 4329 Alia
3394 4275 3674 4344 ejusmodi

2091 4372 2341 4440 exempla
2376 4370 2584 4441 colligit
2615 4370 2857 4427 Muretus
2904 4371 3035 4425 Var.
3068 4373 3210 4436 lect.,
3241 4372 3337 4427 lib.
3366 4384 3418 4433 ι,
3451 4384 3570 4437 cap.
3607 4367 3672 4423 7.

2092 4463 2218 4517 Haec
2246 4473 2429 4517 autem
2462 4464 2687 4520 Latinos
2719 4467 2782 4519 de
2812 4465 3015 4519 Graacis
3048 4464 3348 4518 verisimile
3389 4472 3471 4516 est
3514 4476 3675 4514 sum-

413 4570 524 4612 tqu
559 4576 625 4613 ex
658 4561 741 4613 his
764 4601 778 4621 ,
805 4577 922 4625 quae
966 4561 1133 4617 refert
1183 4563 1412 4618 Photius
1460 4562 1583 4618 eod.
1616 4562 1719 4626 48,
1763 4571 1875 4614 tum
1917 4578 1985 4617 ex
2016 4576 2062 4632 Ι)
2093 4561 2293 4627 psisse,
2330 4559 2472 4628 apud
2501 4574 2637 4627 quos
2674 4568 2893 4612 constat
2926 4559 3025 4627 οὐχ
3056 4552 3165 4610 οἷον
3198 4558 3340 4610 idem
3374 4556 3557 4608 valere
3602 4570 3674 4608 ac

412 4650 725 4721 fragmento
763 4650 1160 4708 llmscheliano.
1195 4655 1525 4710 Coutinebat
1565 4670 1695 4724 ergo
1722 4655 1862 4709 liber
1897 4655 1987 4709 ille

410 4743 487 4796 De
508 4746 748 4798 universo
780 4748 1040 4816 quidquid
1066 4748 1331 4803 Eusebius
1355 4750 1406 4802 in
1439 4764 1503 4803 ea
1530 4751 1801 4811 oratione,
1822 4763 1984 4817 quam

409 4834 627 4891 Justino
658 4839 929 4902 attribuit,
964 4840 1467 4895 animadverterat:
1504 4849 1704 4894 etcum
1737 4840 1875 4893 liber
1898 4842 1987 4896 ille

410 4928 612 4983 Justini
653 4944 846 5011 nomen
875 4931 927 4983 in
972 4933 1249 4987 nonnullis
1279 4933 1685 5002 exemplaribus
1722 4932 1982 4995 haberet,

414 5022 706 5087 Eusebius,
743 5012 803 5077 ut
846 5020 1151 5080 verisimile
1191 5036 1310 5091 est,
1349 5027 1464 5081 viso
1502 5026 1688 5095 aliquo
1718 5027 1984 5093 ejusmodi

387 5116 717 5184 ,cxemplari
766 5119 1027 5186 deceptus
1067 5126 1181 5182 est,
1224 5134 1288 5172 ac
1324 5118 1651 5188 Hieronymo
1694 5129 1749 5172 et
1792 5117 1987 5173 Photio

416 5208 692 5274 persuasit
751 5223 888 5277 opus
939 5209 1156 5279 aliquod
1206 5225 1234 5261 τι
1275 5207 1492 5263 Justino
1549 5210 1816 5279 scriptum
1865 5226 1987 5264 esse

421 5307 615 5351 contra
651 5299 904 5369 gentiles,
937 5300 989 5354 in
1018 5316 1124 5370 quo
1154 5300 1222 5355 de
1250 5308 1445 5354 natura
1478 5302 1781 5355 diemonum
1815 5302 1989 5357 disse-

413 5392 594 5444 rebat.

489 5484 575 5538 Vl.
616 5485 745 5540 Post
777 5487 914 5541 duas
940 5487 993 5541 in
1022 5486 1244 5543 Grarcos
1269 5488 1552 5543 orationes
1577 5497 1895 5544 recensetur
1921 5489 1990 5542 ab

415 5579 674 5641 Eusebio,
711 5578 1043 5649 Hieronymo
1073 5590 1127 5633 et
1158 5579 1356 5634 Photio
1388 5580 1527 5634 liber
1559 5579 1635 5633 De
1659 5581 1985 5646 monarchia,

415 5674 531 5728 sive
563 5672 637 5725 De
663 5674 1031 5743 singularitate
1064 5673 1181 5739 Dei,
1210 5674 1276 5726 de
1299 5689 1406 5741 quo
1433 5673 1574 5728 libro
1599 5690 1707 5727 non
1745 5676 1876 5727 levis
1906 5683 1991 5727 est

417 5768 559 5823 inter
591 5768 925 5822 recentiores
966 5769 1367 5833 controversia,
1416 5768 1672 5837 quamvis
1712 5766 1857 5821 nulla
1918 5768 1990 5820 sit

418 5860 561 5921 inter
588 5860 858 5934 antiquos.
883 5861 1037 5919 Hunc
1062 5860 1299 5919 libellum
1322 5861 1603 5919 Scultetus
1630 5860 1771 5917 inter
1797 5861 1989 5918 dubios

2093 4670 2196 4707 non
2228 4656 2381 4707 modo
2417 4668 2543 4707 non.
2588 4652 2692 4706 Sed
2722 4651 2847 4720 quia
2879 4651 3113 4705 fortasse
3147 4666 3253 4703 non
3297 4650 3525 4702 deerunt
3567 4650 3667 4714 qui

2090 4749 2143 4800 in
2170 4747 2411 4801 animum
2450 4760 2554 4799 non
2592 4744 2753 4799 facile
2787 4743 3048 4796 inducant
3074 4742 3133 4793 οὐ
3162 4740 3319 4811 μόνον
3348 4740 3488 4807 apud
3514 4737 3672 4791 Grae-

2088 4859 2184 4898 cos
2217 4843 2487 4896 interdum
2522 4843 2663 4895 idem
2710 4854 2907 4893 sonare
2943 4853 3007 4892 ac
3036 4837 3098 4889 οὐ
3137 4835 3293 4906 μόνον
3320 4833 3403 4897 οὐ,
3447 4830 3671 4885 videtur

2089 4938 2465 5006 exemplorum
2503 4934 2844 5004 appositione
2882 4948 2970 4986 res
3009 4930 3355 4984 illustrauda.
3386 4926 3525 4980 Huic
3556 4924 3671 4977 Eu-

2090 5033 2227 5088 sebii
2277 5032 2398 5085 loco
2432 5028 2694 5099 gemellus
2730 5026 2974 5081 occurrit
3006 5023 3146 5090 apud
3180 5022 3353 5090 ipsum
3386 5017 3667 5071 Justinum

2092 5126 2144 5180 in
2190 5123 2431 5188 Cohort.,
2466 5138 2523 5175 n.
2554 5120 2621 5185 9,
2671 5119 2762 5173 ubi
2809 5117 3195 5185 antiquitatem
3219 5112 3416 5183 Moysis
3436 5114 3668 5164 demon—

2092 5229 2266 5273 strare
2319 5216 2611 5270 instituens
2663 5213 2746 5266 sic
2793 5210 3076 5278 loquitur:
3127 5206 3202 5259 Οὐ
3246 5204 3353 5277 γὰρ
3404 5202 3513 5257 ἀπὸ
3558 5202 3669 5255 τῶν

2091 5304 2249 5357 θείων
2283 5304 2376 5356 καὶ
2406 5301 2533 5372 παρ’
2565 5302 2693 5370 ἡμῖν
2727 5296 2977 5369 ἱστοριῶν
3014 5297 3170 5367 μόνον
3196 5293 3366 5347 ταῦτα
3387 5289 3671 5357 ἀποδεῖξαι

2092 5394 2465 5466 πειρῶμαι....
2507 5392 2644 5446 Ἀλλ’
2674 5391 2783 5445 ἀπὸ
2811 5389 2918 5443 τῶν
2951 5388 3231 5459 ὑμετέρων
3269 5388 3363 5438 καὶ
3402 5384 3569 5456 μηδὲν
3600 5386 3668 5453 τῇ

2094 5489 2339 5559 ἡμετέρᾳ
2386 5485 2654 5558 Θρησκείᾳ
2686 5482 3058 5556 διαφερουσῶν
3089 5479 3361 5552 ἱστοριῶν.
3399 5478 3533 5534 Cum
3572 5478 3669 5531 Ju-

2093 5583 2269 5635 stinus
2297 5580 2686 5650 antiquitatem
2707 5578 2907 5647 Moysis
2926 5589 3031 5631 non
3072 5590 3139 5629 ex
3169 5575 3341 5629 sacris
3380 5573 3668 5641 scriptori-

2094 5674 2217 5739 bus,
2257 5673 2351 5727 sed
2394 5687 2463 5725 ex
2494 5669 2743 5741 profanis
2790 5670 3158 5732 demonstret,
3198 5668 3345 5722 illius
3376 5665 3543 5718 verba
3586 5664 3665 5720 sic

2096 5764 2322 5819 reddere
2368 5779 2476 5817 non
2521 5763 2803 5819 dubitavi:
2835 5780 2853 5813 ι
2886 5761 3019 5815 Nam
3075 5777 3180 5814 non
3236 5760 3395 5814 modo
3424 5760 3541 5811 haec
3595 5772 3664 5812 ex

2095 5861 2295 5917 divinis
2327 5860 2466 5932 apud
2498 5874 2599 5915 nos
2633 5857 2878 5915 historiis
2912 5857 3287 5913 demonstrare
3327 5869 3432 5911 non
3470 5866 3661 5923 δεξιον
