3932 6258
239 385 333 443 49.!

246 602 368 657 nihil
398 598 833 669 pertinentibus.
867 616 887 649 ι
919 597 1032 652 Cur
1057 597 1363 653 Eusebium
1396 598 1450 652 in
1484 614 1545 653 re
1566 609 1621 653 et
1651 598 1839 653 verbis

243 695 528 752 simillimis
561 696 763 747 eodem
805 694 970 746 modo
1006 692 1362 760 interpretari
1394 692 1751 745 dubitemus?
1778 692 1837 745 Si

242 790 535 856 Scriptura:
568 786 901 840 testimonia
937 786 989 837 in
1019 784 1168 838 libro
1197 784 1271 838 De
1298 785 1603 837 manare/tia
1626 785 1839 838 deside-

241 897 412 937 remus
437 922 453 945 ,
490 881 697 935 similis
724 882 985 947 fingenda
1007 879 1119 933 erit
1151 879 1344 933 lacuna
1378 880 1430 933 in
1457 879 1837 933 Cohortatione

241 976 304 1029 ad
352 973 612 1039 Cmcos;
651 975 803 1044 quod
852 990 993 1044 opus
1043 986 1298 1025 mancum
1346 980 1400 1027 et
1448 972 1835 1043 imperfectum

246 1086 348 1123 esse
381 1084 544 1122 nemo
575 1069 813 1125 dixerit.

307 1184 357 1236 In
394 1182 628 1251 Dialogo
671 1181 734 1236 S.
792 1181 994 1238 Justini
1026 1225 1040 1249 ,
1068 1201 1220 1239 num.
1249 1186 1335 1250 l7,
1370 1183 1657 1254 legendum
1711 1195 1834 1235 esse

242 1279 295 1330 ob
333 1276 487 1347 μόνω
545 1278 958 1347 μετενοήσατε,
1016 1293 1117 1346 pro
1160 1280 1222 1331 οὐ
1275 1278 1432 1350 μόνον
1464 1278 1548 1341 οὺ,
1601 1276 1835 1345 probant

246 1370 601 1423 vetustissimi
659 1369 885 1424 codices
931 1368 1192 1424 Historia:
1242 1370 1499 1431 Eusebii,
1545 1368 1637 1438 qui
1686 1368 1835 1421 hunc

241 1462 429 1517 lustiui
460 1465 646 1514 locum
680 1462 876 1515 citavit
910 1461 1004 1516 lib.
1050 1477 1128 1525 tv,
1156 1478 1280 1531 cap.
1308 1462 1395 1516 l8.
1422 1462 1830 1528 Athenagoras,

248 1554 415 1623 Legat.
463 1570 520 1607 ιι.
559 1553 585 1605 1
615 1594 630 1614 ,
673 1552 741 1606 de
776 1552 1112 1608 Christianis
1139 1554 1217 1608 sic
1249 1554 1524 1622 loquitur:
1564 1554 1638 1606 Οὺ
1672 1552 1832 1622 μόνον

246 1648 299 1699 τὸ
330 1646 636 1699 ἁντιπαίειν
658 1684 673 1708 ,
701 1645 825 1697 οὐδὲ
872 1646 978 1716 μὴν
1019 1644 1335 1709 δικάζεσθαι
1371 1648 1483 1707 τοῖς
1510 1644 1699 1703 ἄγουσι
1739 1644 1833 1696 καὶ

248 1738 572 1805 ἁρπάζωςιν
588 1739 766 1809 ἡμᾶς,
799 1737 1198 1808 μεμαθηκότες·
1224 1738 1379 1803 ἀλλὰ,
1417 1741 1526 1801 τοῖς
1571 1739 1689 1810 μὲν,
1726 1738 1831 1791 κᾶν

250 1831 379 1883 κατὰ
410 1832 619 1901 κὸῥρης
687 1830 1165 1901 προπηλακίζωσι,
1193 1832 1285 1885 καὶ
1325 1832 1384 1885 τὸ
1424 1831 1609 1903 ἕτερον
1650 1831 1775 1884 παίε

250 1923 493 1992 παρέχειν
526 1922 635 1991 τῆς
666 1921 939 1993 κεφαλῆς·
979 1925 1091 1985 τοῖς
1112 1922 1190 1986 δὲ,
1232 1924 1279 1975 εὶ
1312 1922 1403 1976 τὸν
1432 1922 1636 1992 χιτῶνα
1668 1923 1833 1992 ἀφαί-

249 2032 431 2084 ponto,
470 2014 777 2068 ἐπιδιδόναι
813 2016 908 2067 καὶ
953 2015 1013 2068 τὸ
1044 2016 1277 2087 ἱμάτιον.
1326 2035 1343 2067 ι
1372 2016 1474 2082 Qui
1516 2032 1621 2071 non
1674 2018 1835 2073 modo

248 2122 346 2160 non
392 2118 793 2177 repercutere,
846 2123 949 2162 nec
998 2109 1386 2166 invadentibus
1410 2120 1465 2165 et
1496 2112 1834 2179 rapientibus

245 2196 376 2249 diem
402 2198 616 2264 dicere,
644 2202 745 2253 sed
774 2201 918 2263 istis,
945 2199 1163 2255 etiamsi
1192 2201 1479 2271 colaphum
1511 2201 1831 2263 inﬂixerint,

245 2290 464 2345 alteram
500 2293 711 2362 capitis
736 2304 949 2362 partem
979 2295 1390 2363 percutiendam
1414 2297 1708 2365 'praabere;
1746 2298 1834 2353 his

242 2396 437 2459 autem,
462 2386 508 2440 si
546 2388 796 2440 tunicam
827 2388 1179 2454 abstulerint,
1213 2388 1433 2456 pallium
1466 2390 1832 2457 superaddere

240 2474 547 2531 didicimus.
586 2497 607 2529 ι
650 2478 941 2539 Tatianus.
977 2495 1034 2532 n.
1068 2478 1140 2533 56
1172 2499 1185 2534 :
1224 2479 1369 2550 Πλὴν
1413 2482 1662 2552 Ὅμηρος
1692 2481 1833 2534 ἔστω

240 2570 309 2637 μὴ
343 2570 502 2638 μόνον
555 2570 792 2642 autem»;
844 2572 954 2625 τῶν
992 2573 1236 2627 Ἰλιακῶν
1257 2614 1270 2635 ,
1314 2574 1450 2627 ἀλλὰ
1479 2575 1597 2627 κατ’
1626 2576 1831 2629 ἐκεῖνον

237 2660 385 2713 sit?”
419 2662 752 2733 ὑπειλήφθω
792 2663 883 2717 τὸν
913 2663 1008 2718 τοῦ
1036 2664 1271 2735 πολέμου
1307 2666 1515 2736 καιρόν.
1555 2684 1572 2716 ι
1600 2668 1831 2723 Sitsauc

240 2749 497 2807 Homerus
533 2771 647 2809 non
686 2755 857 2810 modo
909 2772 1018 2811 non
1064 2758 1251 2827 jttnior
1281 2758 1459 2812 Iliacis
1504 2760 1699 2825 rebus,
1732 2761 1828 2814 sed

239 2844 333 2911 ipsi
399 2846 547 2900 bello
602 2848 862 2917 zequalis.
899 2867 918 2901 ι
994 2847 1053 2903 S.
1110 2849 1416 2919 Cyprianus
1466 2860 1745 2919 acceptam
1798 2867 1829 2906 a

243 2936 300 2994 S.
341 2937 669 2995 Firmiliano
715 2940 1007 3008 epistolam
1037 2981 1053 3007 ,
1086 2957 1207 3010 qua:
1253 2953 1333 2996 est
1366 2942 1512 2995 inter
1542 2940 1827 3012 Cypriani-

242 3048 321 3085 cas
360 3032 457 3097 7S,
495 3034 711 3087 nemini
759 3033 959 3088 Latine
1009 3036 1340 3091 reddendam
1386 3037 1698 3101 commisit,
1730 3038 1824 3092 sed

242 3124 349 3192 ipse
402 3125 550 3179 hunc
604 3124 881 3187 laborem,
920 3134 978 3179 ut
1031 3140 1101 3179 ex
1135 3127 1277 3194 stylo
1321 3127 1561 3195 perspici
1615 3137 1823 3194 potest,

243 3220 494 3287 suscepit.
531 3220 912 3273 Hellenismos
949 3227 1136 3272 autem
1171 3236 1276 3274 non
1310 3236 1514 3291 paucos
1557 3220 1697 3274 ﬁdus
1735 3220 1821 3273 in-

243 3318 442 3379 tc.pres
494 3312 780 3374 retinuit,
821 3326 889 3365 ex
921 3312 1121 3381 quibus
1152 3327 1319 3366 unum
1351 3312 1418 3366 ad
1458 3313 1509 3366 id
1540 3353 1555 3379 ,
1591 3314 1735 3381 quod
1768 3313 1823 3365 in

242 3405 486 3459 lucibus
537 3414 647 3471 est,
691 3404 935 3458 maxime
988 3404 1246 3458 idoneum
1294 3419 1583 3474 apponam.
1616 3403 1709 3458 Sic
1742 3402 1825 3457 lo-

244 3496 418 3564 quitur
469 3498 540 3553 de
574 3499 794 3569 angelis
847 3500 906 3555 S.
941 3501 1339 3558 Firmilianus:
1388 3523 1407 3555 ι
1439 3503 1640 3574 Utique
1691 3518 1826 3557 con-

247 3588 575 3657 tristantur,
640 3593 864 3661 quando
920 3594 1111 3649 vident
1169 3596 1417 3649 diversas
1461 3596 1824 3663 quorumdam

249 3694 449 3737 mentes
485 3695 543 3739 et
602 3686 816 3740 scissas
846 3686 1162 3742 voluntates
1192 3728 1208 3754 ,
1259 3689 1413 3758 quasi
1453 3704 1561 3742 non
1614 3696 1824 3743 tantum

248 3790 401 3829 unum
449 3790 507 3832 et
548 3780 807 3834 eumdem
838 3779 1127 3835 Dominum
1189 3782 1351 3836 simul
1398 3781 1689 3846 invocent,
1731 3782 1825 3837 sed

246 3868 505 3935 separatis
534 3878 593 3922 et
621 3870 816 3925 divisis
845 3870 915 3924 ab
941 3870 1176 3925 invicem
1198 3886 1298 3926 nec
1319 3870 1692 3926 confabulatio
1711 3871 1825 3941 jam

249 3962 404 4025 possit
429 3975 577 4025 esse,
605 3977 710 4016 nec
739 3977 921 4017 sermo
948 3963 1274 4018 communis.
1310 3982 1327 4015 ι
1361 3961 1566 4017 Sensus
1593 3971 1670 4017 est
1699 3978 1712 4014 :
1740 3962 1827 4015 Ita

247 4060 295 4102 ιι
326 4069 426 4105 non
465 4056 627 4107 modo
676 4072 781 4108 non
825 4072 989 4109 unum
1011 4065 1061 4110 et
1091 4056 1328 4110 eumdem
1351 4055 1641 4109 Dominum
1666 4055 1827 4109 simul

258 4145 486 4199 inrocent
515 4187 530 4211 ,
587 4150 685 4201 sed
714 4188 732 4211 ,
768 4158 877 4202 etc.
922 4146 1153 4203 Videtur
1211 4149 1263 4201 in
1327 4148 1517 4203 Graeco
1566 4157 1825 4203 contextu

252 4232 424 4301 fuisse,
456 4238 534 4301 ὡς
565 4239 631 4291 θὺ
670 4243 852 4310 μόνον.
881 4297 897 4315 ο

316 4351 369 4403 ὃς
400 4350 594 4421 Neque
616 4354 670 4406 in
703 4354 939 4409 exordio
969 4369 1148 4424 neque
1173 4356 1225 4409 in
1252 4354 1499 4411 clausula
1532 4356 1826 4411 consilium

257 4457 339 4496 aut
359 4444 616 4499 voluntas
648 4445 759 4499 ulla
787 4447 1222 4515 deprehenditur
1240 4448 1565 4515 objiciendee
1592 4448 1830 4505 ethnicis

1254 384 1313 439 D.
1349 380 1611 438 MARANI
1650 374 2044 437 PREFATlO.
2086 372 2154 423 4'-
2191 380 2373 437 PARS
2405 382 2492 438 lll'.

242 512 380 570 dior,
404 507 495 562 sed
522 505 697 561 etiam
726 520 796 560 ex
832 506 1038 562 vestris
1060 514 1124 562 et
1155 506 1221 561 ad
1256 508 1570 576 religionem
1598 514 1841 560 nostram
1872 507 1919 563 Α

3430 382 3533 438 1‘29.

2564 522 2792 579 CAPUT
2832 522 2915 578 Ill.

1983 638 2059 693 De
2111 638 2314 694 Justini
2362 640 2602 694 veritatis
2644 638 3004 708 propaganda:
3053 638 3233 693 studio
3282 639 3496 709 ejusque

2311 712 2562 765 adversus
2604 709 2883 763 htereticos
2924 710 3152 778 scriptis.

1941 824 1979 871 Ῐ.
2012 823 2237 871 Justinus
2255 823 2424 870 Romze
2446 826 2714 883 occupatur
2736 823 2784 869 in
2811 822 3049 869 docendo.
3079 820 3141 869 Il.
3168 822 3348 869 Amore
3399 824 3524 871 veri-

2007 887 2121 933 tatis
2144 888 2377 933 incensus
2403 890 2497 931 est.
2524 884 2605 932 lll.
2635 884 2818 932 Scribit
2836 891 3001 932 contra
3046 883 3339 931 Marcionem
3366 892 3418 932 et
3444 886 3530 933 ad-

2007 960 2179 995 versus
2202 960 2375 994 omnes
2418 947 2654 993 haereses.
2680 944 2763 995 ιν.
2794 946 2869 995 De
2891 945 3127 1008 operibus
3147 946 3443 1008 dcpcrditis.
3469 946 3525 995 ν.

2000 1009 2075 1058 De
2104 1010 2315 1071 epistola
2336 1008 2395 1056 ad
2421 1009 2738 1068 Diognetum.

2010 1112 2052 1171 Ι.
2093 1112 2227 1168 Cum
2265 1114 2531 1181 temporis
2567 1112 2832 1180 spatium,
2868 1121 2925 1166 ut
2967 1110 3078 1180 jam
3113 1112 3376 1177 diximus,
3415 1128 3525 1166 non

1939 1205 2216 1259 modicum
2248 1221 2278 1259 a
2312 1203 2513 1259 Justini
2560 1203 2941 1258 Coltortatione
2966 1221 3157 1275 .usque
3195 1206 3263 1260 ad
3296 1206 3526 1275 primam

1940 1296 2256 1367 Apologiam
2301 1295 2610 1361 efﬂuxerit,
2668 1302 2835 1349 totum
2895 1296 3025 1349 illud
3076 1307 3288 1368 tempus
3340 1298 3527 1352 Romae

1938 1391 2198 1458 traduxit,
2219 1391 2338 1446 etin
2364 1390 2610 1444 docendo
2636 1404 2699 1443 ac
2717 1390 3008 1444 scribendo
3035 1392 3343 1463 insmnpsit.
3371 1393 3527 1448 Unde

1934 1491 2203 1548 Eusebius
2230 1493 2295 1546 de
2323 1492 2380 1546 S.
2409 1500 2648 1561 martyre
2683 1488 2828 1544 Hist.
2863 1489 2961 1542 lib.
2996 1504 3074 1551 tv,
3115 1502 3235 1555 cap.
3268 1487 3326 1539 ll
3357 1504 3369 1539 :
3408 1487 3523 1539 Καὶ

1934 1580 2042 1652 γὰρ
2083 1582 2178 1635 ἐπὶ
2216 1581 2314 1651 τῆς
2348 1578 2566 1651 Ῥώμης
2594 1579 2694 1643 τὰς
2730 1578 3014 1650 διατριϐὰς
3042 1580 3297 1631 ἐποιεῖτο.
3328 1598 3345 1628 ι
3390 1577 3523 1631 Nam

1935 1677 1987 1729 in
2019 1676 2153 1729 urbe
2182 1673 2355 1728 Roma
2390 1674 2728 1728 domicilium
2760 1673 3018 1727 habebat.
3040 1692 3060 1725 ι
3090 1670 3324 1726 Ubinam
3358 1674 3527 1725 cuba-

1935 1778 2041 1836 ret,
2080 1769 2288 1838 etquid
2328 1768 2473 1823 domi
2521 1777 2733 1838 ageret,
2780 1782 2848 1822 ex
2880 1766 3050 1835 ipsius
3091 1766 3335 1835 martyrii
3368 1766 3515 1819 Actis

1786 1850 1831 1930 ‘_"
1865 1855 1906 1909 Β
1938 1860 2229 1914 discimus.
2285 1876 2304 1909 ι
2340 1858 2449 1930 Ego
2478 1898 2493 1924 ,
2546 1859 2769 1929 inquit,
2804 1872 2976 1926 prope
3025 1858 3245 1910 domum
3307 1856 3525 1911 Martini

1938 1954 2228 2023 cujusdam
2280 1954 2347 2007 ad
2414 1952 2670 2008 balneum
2726 1959 3098 2024 cognomento
3170 1949 3524 2003 Timiotinum

1940 2045 2211 2099 hactenus
2276 2045 2473 2098 mansi.
2526 2044 2659 2098 Veni
2709 2054 2888 2099 autem
2950 2046 3002 2098 in
3052 2044 3243 2098 urbem
3290 2043 3521 2096 Romam

1934 2137 2195 2192 secundo.
2226 2136 2412 2205 Neque
2441 2136 2604 2189 alium
2632 2137 2949 2205 quempiam
2981 2144 3288 2190 conventus
3314 2134 3522 2196 locum,

1938 2226 2042 2281 nisi
2088 2243 2248 2297 quem
2274 2228 2411 2292 dixi,
2444 2241 2752 2296 cognosco;
2785 2242 2849 2281 ac
2882 2228 2928 2282 si
2964 2227 3086 2296 quis
3121 2226 3185 2279 ad
3218 2241 3303 2279 me
3330 2226 3519 2279 venire

1937 2320 2132 2383 voluit,
2158 2320 2563 2375 communicavi
2596 2335 2720 2374 cum
2753 2320 2843 2373 illo
2869 2319 3123 2374 veritatis
3155 2318 3517 2372 doctrinam.»

1936 2411 2091 2467 Unus
2121 2426 2187 2465 ex
2222 2411 2328 2464 illis
2350 2452 2364 2476 ,
2403 2413 2495 2480 qui
2527 2427 2652 2465 cum
2698 2410 2921 2466 Justino
2953 2410 3100 2481 passi
3132 2418 3279 2476 sunt,
3308 2408 3523 2478 Evelpi-

1936 2514 2055 2559 stus
2104 2504 2347 2568 nomine,
2386 2512 2623 2558 testatur
2663 2520 2725 2559 se
2774 2503 2978 2557 Justini
3028 2518 3293 2555 sermones
3331 2517 3523 2570 magna

1938 2614 2059 2651 cum
2098 2596 2366 2667 voluptate
2397 2598 2681 2650 audivisse.
2712 2596 2817 2664 Ipsi
2848 2584 3014 2649 eliam
3041 2593 3300 2662 pra-lecto
3334 2604 3520 2646 uotum

1933 2699 2053 2744 erat
2074 2688 2277 2744 Justini
2308 2690 2549 2744 studium
2582 2690 2633 2743 in
2663 2688 2943 2757 discipulis
2967 2687 3290 2741 edocendis.
3313 2687 3521 2752 Quaerit

1939 2782 2085 2837 enim
2118 2798 2268 2853 quem
2296 2783 2351 2835 in
2398 2782 2570 2834 locum
2602 2782 2914 2834 conveniant
2958 2787 3007 2832 et
3056 2778 3345 2848 discipulos
3394 2795 3521 2831 suos

1932 2887 2212 2945 congreget
2236 2872 2508 2929 Justinus.
2545 2873 2754 2928 Deinde
2782 2887 3084 2928 conversus
3117 2873 3183 2925 ad
3211 2871 3359 2924 illius
3390 2887 3524 2925 cou-

1931 2966 2187 3020 fessiouis
2219 2976 2271 3020 et
2293 2966 2543 3037 martyrii
2578 2966 2757 3020 socios
2784 2982 2797 3018 :
2825 2964 2928 3030 An,
2961 2963 3156 3033 inquit,
3178 2961 3519 3017 Christianos

1932 3070 2019 3108 vos
2048 3053 2168 3123 fecit
2199 3053 2497 3107 Justinus?

2001 3146 2064 3199 ll.
2098 3146 2213 3201 lloc
2251 3164 2448 3201 munus
2485 3147 2544 3203 S.
2574 3160 2802 3217 martyr,
2830 3157 2944 3201 uta
2981 3148 3093 3203 Deo
3124 3148 3510 3215 commissum,

1932 3246 2081 3292 tanto
2113 3237 2277 3291 animi
2314 3239 2534 3302 ardore,
2568 3247 2716 3290 tanta
2737 3238 3122 3292 observatione
3145 3247 3200 3291 et
3224 3238 3513 3308 diligentia

1929 3332 2171 3399 gerebat,
2206 3339 2264 3384 ut
2303 3332 2527 3400 grandis
2568 3331 2778 3398 peccati
2814 3344 2965 3382 reum
3015 3344 3075 3384 se
3111 3331 3163 3383 in
3198 3330 3409 3396 judicio
3436 3331 3520 3384 fu-

1932 3434 2113 3478 turum
2133 3431 2370 3492 putaret,
2391 3424 2435 3476 si
2463 3436 2624 3491 quam
2648 3422 2874 3476 docendi
2899 3419 3137 3475 oblatam
3164 3424 3516 3477 occasionem

1928 3515 2387 3585 praitcrmisissct,
2418 3520 2465 3568 sl
2497 3514 2671 3584 ipsius
2700 3514 2860 3582 culpa
2894 3514 3240 3585 contigisset,
3275 3525 3333 3569 ut
3375 3517 3519 3570 veri-

1931 3609 2058 3661 tatis
2086 3607 2207 3662 lucc
2230 3607 2427 3677 aliquis
2458 3614 2696 3660 careret.
2721 3606 2874 3661 Hanc
2910 3608 3055 3661 illius
3084 3608 3268 3662 animo
3294 3619 3520 3663 senten-

1933 3701 2065 3755 tiam
2096 3700 2366 3755 insedisse
2394 3700 2757 3770 perspicimus
2784 3715 2852 3753 ex
2878 3700 3128 3770 pluribus
3161 3702 3316 3756 locis.
3350 3720 3369 3752 ι
3409 3701 3518 3756 No-

1932 3803 2105 3850 strum
2147 3793 2316 3861 igitur
2364 3808 2562 3847 munus
2601 3803 2707 3861 est,
2752 3794 2930 3863 inquit
2990 3794 3144 3863 Apol.
3192 3796 3245 3859 l,
3280 3812 3334 3848 n.
3372 3796 3427 3861 5,
3463 3806 3521 3849 ιιι

1930 3888 2055 3939 vita:
2085 3894 2139 3939 ct
2170 3885 2433 3939 doctrina:
2466 3896 2665 3940 nostra:
2702 3886 3063 3954 inSpiciendre
3090 3888 3300 3955 copiam
3339 3887 3518 3941 omni-

1930 3981 2031 4034 bus
2062 3977 2349 4043 faciamus,
2380 3994 2447 4032 ne
2475 3993 2572 4047 pro
2602 3979 2687 4043 iis,
2711 3980 2804 4048 qui
2831 3994 2917 4033 res
2946 3991 3169 4033 nostras
3194 3981 3297 4033 sibi
3330 3980 3519 4034 viden-

1934 4081 2024 4127 tur
2051 4073 2325 4142 ignorare,
2350 4086 2567 4141 poenam
2599 4085 2813 4135 eorum,
2858 4087 2978 4140 qntc
3005 4072 3359 4126 czecutientes
3389 4088 3517 4141 pec-

1932 4165 2202 4230 caverint,
2244 4164 2349 4233 ipsi
2380 4162 2705 4218 debeamus.
2744 4182 2761 4214 ι
2797 4162 3154 4231 Perspectum
3186 4164 3290 4217 sibi
3325 4176 3379 4217 ct
3411 4180 3514 4218 ex-

1932 4257 2210 4327 ploratum
2250 4270 2373 4311 esse
2417 4256 2551 4309 dicit
2578 4254 2792 4325 Dialog.
2831 4271 2885 4310 n.
2926 4255 3039 4309 82:
3079 4254 3395 4325 Quicunque
3424 4271 3512 4308 ve-

1934 4367 2053 4404 rum
2090 4349 2253 4417 possit
2295 4350 2469 4402 dicere
2507 4364 2599 4401 nec
2644 4348 2806 4410 dicat,
2852 4364 2971 4402 eum
3003 4365 3035 4400 a
3076 4347 3184 4401 Deo
3206 4348 3515 4417 judicatum

1932 4443 2021 4494 iri.
2045 4439 2171 4501 “id.
2198 4455 2350 4495 num.
2374 4437 2444 4495 ’58
2465 4448 2519 4494 et
2548 4439 2635 4494 44.
2676 4438 2767 4494 Sic
2793 4440 3036 4509 loquitur
3074 4456 3127 4493 ιι.
3159 4440 3228 4493 58
3262 4454 3276 4493 :
3316 4459 3335 4491 ι
3367 4440 3517 4494 Scri-

258 4551 416 4591 sacra:
446 4538 771 4606 Scripturae.
806 4538 1122 4603 Quinetiam
1149 4539 1388 4596 libellum
1423 4542 1505 4597 sic
1532 4541 1592 4596 S.
1618 4551 1829 4611 martyr
1863 4545 1907 4599 D
1939 4544 2129 4604 pturas
2154 4534 2308 4588 vobis
2340 4533 2602 4601 referam,
2642 4547 2742 4587 nec
2774 4542 3091 4602 apparatum
3118 4534 3415 4585 verborum
3449 4534 3517 4587 ad

260 4633 479 4694 orditur,
510 4640 571 4686 ut
599 4647 660 4685 se
685 4633 1016 4701 argumentis
1045 4635 1258 4687 omnino
1291 4650 1516 4687 usurum
1540 4636 1831 4703 promittat

261 4739 318 4776 es
350 4734 543 4779 vetusta
591 4723 906 4780 Gra'corum
960 4728 1199 4782 historia:
1238 4730 1383 4799 poesi
1430 4729 1705 4799 repetitis:
1753 4728 1833 4784 sic

264 4828 461 4885 perorat
502 4831 563 4875 ut
590 4819 817 4875 Grazcos
861 4821 1221 4885 adhortetur,
1251 4823 1317 4876 ad
1348 4822 1829 4893 complectendum

265 4926 416 4963 rerum
448 4912 582 4965 illud
607 4922 659 4967 et
678 4912 1021 4966 immutabile
1044 4928 1233 4966 nomen
1264 4929 1367 4967 non
1391 4929 1490 4966 sua
1517 4913 1686 4966 solum
1712 4930 1832 4967 voce

264 5003 621 5069 praedicatum,
656 5004 753 5057 sed
788 5002 953 5055 etiam
986 5017 1174 5055 eorum
1201 5003 1291 5063 qui
1330 5002 1386 5054 in
1424 5002 1596 5069 prima
1628 5002 1834 5054 littera-

262 5110 357 5147 ntrt
379 5096 639 5150 elementa
669 5096 1055 5148 introducunt.
1087 5092 1227 5159 Quid
1265 5094 1461 5148 mirum
1490 5108 1625 5165 ergo
1657 5095 1701 5148 si
1729 5095 1832 5149 hoc

256 5191 550 5259 opusculum
608 5206 677 5245 ex
733 5189 1036 5255 versibus,
1086 5204 1225 5257 quos
1260 5198 1473 5243 vetusta
1514 5190 1832 5245 Grzecurum

250 5286 475 5354 historia,
516 5286 573 5341 id
607 5295 696 5341 est
740 5293 986 5339 vetusta:
1032 5281 1349 5337 Graecorum
1399 5282 1594 5337 litteras
1635 5299 1831 5354 suppe-

244 5380 496 5447 diarum,
556 5391 739 5436 totum
782 5387 879 5435 est
936 5376 1299 5431 intertextum
1328 5414 1343 5443 ,
1386 5390 1486 5432 nec
1533 5377 1830 5447 quidquam

238 5471 418 5530 delibat
448 5476 519 5531 de
548 5473 768 5530 sanctis
804 5467 1173 5537 Scripturis?

1937 4625 2110 4680 solam
2151 4634 2323 4679 artem
2352 4633 2636 4680 ostentare
2662 4624 2823 4691 volo;
2861 4641 3039 4695 neque
3068 4625 3212 4678 enim
3252 4637 3338 4679 est
3386 4625 3516 4677 mihi

1935 4717 2206 4787 ejusmodi
2241 4716 2501 4785 facultas;
2555 4717 2650 4772 sed
2703 4724 2911 4770 tantum
2946 4717 3123 4787 gratia
3172 4715 3304 4769 mihi
3339 4732 3367 4768 a
3409 4714 3519 4768 Deo

1936 4824 2241 4875 concessa,
2290 4820 2348 4862 ut
2400 4808 2521 4876 ejus
2571 4808 2891 4879 Scripturas
2948 4808 3245 4878 intelligam
3292 4821 3306 4859 :
3360 4807 3519 4874 cujus

1936 4903 2125 4972 gratiae
2155 4916 2347 4956 omnes
2379 4901 2647 4956 adhortor
2696 4911 2757 4955 ut
2789 4902 2961 4967 gratis
2993 4908 3049 4955 et
3098 4900 3316 4968 copiose
3349 4898 3516 4966 parti-
3602 4906 3609 4915 '

1936 4998 2085 5066 cipes
2120 4994 2275 5061 fiant,
2304 5009 2374 5048 ne
2400 4994 2485 5049 vel
2515 4994 2620 5047 hac
2643 4994 2711 5048 de
2737 5008 2899 5048 causa
2926 4992 3262 5055 condemncr
3295 4991 3348 5043 in
3372 4991 3517 5058 judi-

1937 5090 2045 5143 cio.
2079 5107 2099 5141 ι
2130 5086 2424 5143 Latissime
2457 5086 2719 5142 nimirum
2751 5087 2973 5155 patebat
3004 5082 3206 5141 Justini
3230 5084 3473 5136 charitas
3501 5104 3512 5137 :

1946 5195 2167 5249 semper
2193 5188 2420 5249 paratus
2449 5181 2515 5233 ad
2561 5179 2864 5234 docendum
2913 5186 3052 5242 erat,
3098 5190 3328 5245 sperans
3377 5176 3519 5230 inter

1937 5287 2034 5327 eos
2065 5288 2207 5344 quos
2251 5272 2637 5342 alloquebatur
2681 5271 2917 5339 aliquem
2966 5284 3032 5323 ex
3086 5268 3385 5323 electorum
3418 5283 3519 5321 nu-

1939 5380 2092 5419 mero
2122 5365 2405 5419 inventum
2432 5364 2534 5430 iri;
2568 5373 2624 5417 et
2654 5364 2799 5432 quod
2821 5362 2871 5415 ei
2907 5360 3137 5431 contigit
3168 5359 3366 5430 Ephesi
3393 5376 3516 5414 cum

1936 5456 2142 5511 Iudaeis
2170 5456 2496 5525 disputanti,
2531 5464 2591 5508 ut
2616 5470 2713 5524 per
2743 5453 2964 5508 biduum
2995 5468 3185 5507 eorum
3218 5453 3271 5508 in
3297 5460 3518 5508 contra-

1936 5549 2170 5604 dicendo
2208 5558 2263 5603 et
2308 5549 2398 5611 iis,
2439 5564 2560 5618 quae
2600 5549 2752 5618 prius
2788 5558 3201 5613 concesserant,
3248 5546 3517 5615 negandis

1940 5640 2298 5710 pertinaciam
2332 5640 2522 5706 ferret,
2559 5640 2748 5694 eadem
2787 5655 2847 5695 se
2888 5639 3111 5695 lenitate
3166 5650 3219 5695 et
3252 5640 3515 5709 patientia

1939 5734 1993 5783 in
2016 5747 2190 5787 omnes
2218 5734 2430 5786 omnino
2461 5748 2526 5785 ea:
2551 5733 2691 5787 omni
2726 5731 2995 5786 hominum
3026 5748 3212 5802 genere
3237 5731 3315 5785 uti
3339 5729 3518 5785 decla-

1943 5833 2049 5892 rat,
2100 5840 2152 5877 n.
2199 5822 2290 5880 64.
2340 5824 2409 5882 Ut
2454 5824 2651 5883 Justini
2700 5824 3022 5895 patientiam
3075 5832 3130 5879 et
3186 5822 3516 5878 charitatcm
