3932 6258
479 335 583 391 I25

1378 344 1434 400 S.
1470 345 1804 404 JUSTINUS
1834 349 2313 408 PHILOSOPHUS
2345 353 2433 408 ET
2471 355 2781 421 MAR'FYB.

3702 367 3807 424 ω

479 459 628 512 nulla
670 460 953 515 hominum
993 461 1382 532 importunitas
1420 469 1764 536 retardabat,
1815 473 1890 526 ita
1924 488 2057 527 con-
2086 481 2134 536 Α
2163 491 2310 531 reses
2359 486 2538 530 utrum
2567 489 2695 531 ante
2716 478 2922 532 librum
2953 479 3625 545 adversusllarcianem
3657 488 3800 540 scri-

478 554 744 608 stantiam
777 563 832 608 et
865 555 1035 609 animi
1077 556 1453 613 fortitudinem
1503 562 1647 614 nulla
1679 565 1921 632 pericula
1966 567 2052 619 in-

479 645 796 717 fringebant
816 663 829 700 :
850 650 997 716 quod
1025 649 1240 717 quidem
1271 652 1405 705 satis
1433 653 1712 707 declarant
1735 655 1928 711 oblata1
1953 673 2057 726 pa-

479 737 586 791 lam
626 747 681 792 et
716 749 926 806 aperte,
967 750 1025 795 ut
1072 743 1232 797 modo
1273 743 1606 810 videbimus,
1655 748 2056 806 molestissimis

479 830 821 898 temporibus
861 831 1154 901 Apologice.
1201 832 1474 890 Prmclare
1526 839 1766 906 seipsum
1811 841 2056 911 depingit

478 921 565 975 his
597 921 807 986 verbis,
854 923 1062 993 Dial‘og.
1110 941 1164 980 η.
1213 925 1362 983 128ς
1402 946 1420 979 ‹
1464 929 1640 998 Atque
1681 931 1796 984 haec
1834 934 2050 1000 quidem

479 1018 616 1080 dixi,
643 1019 770 1087 quia
804 1020 874 1073 ita
909 1036 1029 1075 sum
1057 1021 1286 1078 affectus
1317 1024 1523 1091 animo,
1563 1036 1622 1080 ut
1653 1027 1788 1081 nihil
1834 1043 2055 1096 prorsus

478 1109 738 1176 dixerim,
783 1111 834 1165 in
861 1127 970 1180 quo
995 1112 1142 1167 aliud
1178 1130 1386 1182 curem,
1418 1131 1583 1185 quam
1631 1127 1692 1170 ut
1732 1132 1920 1172 verum
1970 1119 2055 1172 di-

478 1216 624 1268 cam,
655 1203 932 1259 neminem
968 1207 1330 1273 reverituras,
1374 1209 1591 1263 etiamsi
1626 1225 1656 1264 e
1685 1211 1916 1279 vestigio
1965 1210 2050 1264 di-

476 1296 652 1365 scerpi
683 1311 713 1351 a
741 1298 897 1352 vobis
925 1307 1192 1367 oporteat.
1227 1320 1246 1353 ι

547 1384 636 1440 Ill.
659 1385 775 1440 Non
804 1386 1006 1443 Judzeis
1029 1389 1159 1444 solis
1181 1392 1354 1463 atque}
1371 1393 1603 1449 ethnicis
1640 1411 1861 1465 operam
1894 1412 2050 1451 suam

477 1481 759 1536 dicaverat
785 1481 1055 1550 Justinus,
1095 1487 1190 1539 sed
1223 1486 1366 1541 illius
1404 1489 1652 1543 laborum
1695 1507 1887 1559 magna
1927 1508 2054 1560 pars

479 1573 726 1629 haeretici
777 1575 1022 1630 fuerunt.
1081 1576 1189 1632 Hos
1242 1595 1346 1632 non
1409 1582 1585 1635 solum
1636 1582 1926 1651 colloquiis
1985 1585 2054 1638 ab

473 1679 665 1721 errore
697 1669 983 1722 retrahere
1001 1671 1325 1734 conabatur,
1358 1683 1416 1725 ut
1447 1674 1558 1742 ipse
1582 1685 1812 1730 testatur
1839 1677 2051 1746 Dialog.

473 1774 531 1814 η.
560 1756 653 1834 84.
688 1759 785 1814 sed
826 1759 989 1814 etiam
1030 1763 1263 1817 eruditis
1313 1765 1533 1835 scriptis
1577 1782 1770 1822 omnes
1817 1770 2052 1824 haereses

2159 577 2305 634 ptum
2345 584 2513 622 necne
2541 569 2726 635 fuerit,
2755 579 3000 624 statuere
3027 587 3131 625 non
3163 587 3410 640 possum
3439 593 3457 634 :
3497 581 3607 631 sed
3639 591 3802 632 certe

2159 667 2452 730 utrumque
2482 676 2622 728 opus
2651 661 2921 730 Apologiis
2953 664 3251 732 antiquius.

2228 751 2315 805 ιν.
2343 753 2498 806 Aliud
2523 753 2726 807 Justini
2755 769 2892 821 OplIS
2925 765 3174 810 recenset
3208 756 3543 820 Eusebius,
3577 760 3651 814 de
3683 775 3798 829 quo

2158 842 2239 894 sic
2283 843 2567 910 loquitur:
2601 847 2709 898 Kal.
2752 846 2878 898 ἄλλο
2919 847 3163 916 σχολικὸν
3203 851 3345 920 περὶ
3380 850 3612 921 ψυχῆς,
3663 856 3724 906 ἐν
3752 849 3796 921 ᾧ

2158 929 2443 1003 διαφόρους
2468 934 2685 998 πεύσεις
2723 936 3008 1006 προτείνας
3040 939 3179 992 κατὰ
3203 941 3302 993 τοῦ
3340 943 3490 1013 περὶ
3525 944 3634 1014 τὴν
3659 946 3794 998 ὑπό-

2159 1022 2306 1075 θεσιν
2330 1025 2534 1096 προϐλή
2545 1044 2731 1096 ματος,
2756 1027 2863 1080 τῶν
2895 1031 3023 1098 παρ’
3052 1030 3276 1101 Ἕλλησι
3307 1033 3654 1103 φιλοσόφων
3686 1055 3794 1090 πα-

2160 1118 2437 1188 ρατίθεται
2467 1121 2564 1184 τὰς
2589 1121 2764 1188 δόξας·
2799 1117 2887 1185 αἷς
2924 1125 3016 1175 καὶ
3054 1125 3362 1192 ἀντιλέξειν
3394 1129 3784 1201 ὑπισχνεῖται,

2158 1211 2259 1280 τήν
2287 1228 2344 1262 τε
2364 1211 2526 1274 αὐτὸς
2553 1213 2717 1266 αὑτοῦ
2741 1213 2895 1280 δόξαν
2909 1215 2966 1266 ὲν
2994 1216 3162 1287 ἑτέρῳ
3187 1220 3648 1290 παραϐήσεσθαι
3666 1243 3789 1293 συγ-

2157 1300 2465 1371 γράμματι.
2499 1321 2517 1352 t
2553 1303 2705 1356 Alius
2741 1305 2869 1357 item
2893 1318 3280 1376 excerptorum
3337 1311 3496 1365 liber
3541 1314 3615 1366 de
3663 1316 3783 1368 ani-

2157 1409 2267 1456 ma,
2305 1395 2482 1462 inqua
2508 1398 2799 1464 propositis
2837 1400 3006 1453 variis
3038 1401 3782 1474 interrogationibus,qu:e

2158 1487 2222 1538 ad
2253 1485 2380 1537 illud
2410 1501 2790 1555 argumentum
2825 1493 3120 1559 pertinent,
3153 1496 3466 1564 gentilium
3520 1500 3776 1568 philoso-

2160 1575 2389 1643 phorum
2425 1577 2582 1629 affert
2614 1582 2916 1636 sententias
2949 1600 2965 1639 :
3007 1587 3206 1653 quibus
3228 1588 3412 1642 etiam
3451 1605 3520 1644 se
3551 1605 3778 1646 contra-

2163 1667 2458 1734 dicturum,
2487 1686 2751 1739 suamque
2784 1674 2850 1726 de
2886 1675 2968 1728 liis
3001 1679 3340 1732 sententiam
3381 1681 3440 1733 i'n
3471 1681 3588 1737 alio
3610 1699 3775 1754 opere

2155 1759 2498 1826 prolaturum
2531 1777 2652 1817 esse
2691 1764 3000 1833 pollicetur.
3036 1786 3055 1819 ι
3089 1767 3288 1823 Utrum
3325 1773 3644 1839 promissis
3667 1786 3776 1830 ste-

473 1829 804 1916 confntavit,
835 1866 900 1906 ac
942 1852 1208 1922 singulari
1255 1829 1747 1928 Opere-aggressus
1784 1870 1868 1915 est
1912 1860 2054 1914 Mar-
2083 1890 2126 1944 B
2157 1850 2282 1902 terit
2304 1849 2552 1905 Justinus
2583 1868 2680 1908 nec
2708 1857 2972 1912 certiores
3013 1875 3108 1914 nos
3141 1860 3277 1915 facit
3315 1864 3634 1932 Eusebius,
3668 1885 3768 1924 nec

471 1942 710 2002 cionem,
757 1942 872 2010 qui,
921 1942 1136 1999 Justino
1175 1945 1361 2001 Romae
1396 1949 1630 2020 degente
1679 1967 1743 2006 ac
1777 1963 1950 2006 totum
1993 1969 2052 2008 se

471 2035 736 2103 augendis
775 2035 1035 2093 Ecclesiae
1081 2039 1416 2096 utilitatibus
1468 2045 1738 2110 tradente,
1793 2046 2052 2100 haeresim

469 2140 627 2180 suam
680 2129 1076 2183 architectatus
1117 2139 1200 2186 est
1237 2133 1385 2186 circa
1433 2150 1634 2189 annum
1671 2137 1796 2192 145.
1840 2137 1899 2192 S.
1941 2137 2054 2192 Ire-

469 2229 620 2269 natus
653 2231 718 2271 ex
743 2215 942 2273 Justini
976 2219 1225 2275 adversus
1271 2221 1597 2278 Marcionem
1624 2225 1764 2282 libro
1803 2229 2051 2283 testimo-

467 2305 620 2362 nium
652 2310 784 2380 citat
803 2314 944 2381 qnod
969 2317 1320 2385 apposuimus
1346 2319 1398 2371 in
1414 2319 1746 2386 Appendice.
1776 2320 1893 2377 Hoc
1915 2337 2053 2392 opus

465 2413 693 2456 vocatur
723 2405 792 2460 ab
826 2406 1185 2480 Hieronymo,
1227 2422 1412 2466 contra
1443 2412 1773 2468 Marcionem
1820 2417 2051 2488 insignia
2091 2481 2094 2484 _

463 2493 766 2561 volumina;
798 2514 827 2553 a
854 2499 1074 2568 Pbotio,
1107 2503 1373 2570 cod.125,
1402 2507 1686 2576 ἀναγκαῖοι
1713 2508 1879 2578 λόγοι.
1898 2511 2050 2568 Hanc

467 2596 651 2642 autem
709 2590 1179 2650 elucubrationem
1234 2596 1486 2654 Justinus
1532 2601 1863 2670 perfecerat,
1921 2620 2045 2660 cum

462 2679 772 2750 Apologiam
813 2686 1044 2753 primam
1083 2689 1282 2744 obtulit
1328 2692 1683 2761 imperatori;
1725 2695 1888 2764 idque
1935 2713 2042 2751 non

466 2773 700 2829 obscure
741 2777 986 2834 declarat
1026 2779 1320 2847 Eusebius,
1361 2785 1452 2854 qui
1503 2785 1570 2840 de
1609 2787 1824 2841 Justino
1856 2789 1935 2842 sic
1965 2789 2044 2843 lo-

464 2865 653 2931 quitur
705 2868 779 2922 lib
822 2885 897 2933 tv,
942 2887 1066 2941 cap.
1111 2875 1220 2930 H:
1273 2877 1368 2940 Ὃς
1402 2877 1464 2948 δὴ
1518 2879 1610 2930 κα)⁸
1647 2880 1862 2950 γράψας
1906 2883 2046 2936 κατὰ

459 2957 788 3028 Μαρκίωνος
815 2961 1153 3035 σύγγραμμα
1186 2970 1511 3038 μνημονεύει
1538 2971 1613 3034 ὡς
1649 2972 1770 3025 καθ’
1803 2974 1861 3026 ὃν
1893 2975 2046 3028 συνέ-

458 3065 622 3102 ταττε
661 3053 850 3123 καιρὸν
895 3057 1292 3129 γνωριζομένου
1333 3060 1412 3131 τῷ
1468 3062 1568 3132 βίῳ
1607 3065 1850 3133 τάνδρός.
1890 3085 1907 3116 ι
1940 3066 2042 3131 Qui

459 3139 680 3208 quidem
712 3159 834 3197 cum
860 3146 1026 3200 etiam
1064 3164 1199 3218 opus
1224 3153 1486 3208 adversus
1528 3153 1862 3211 Marcioncm
1902 3159 2042 3212 scri-

458 3230 679 3300 psisset,
711 3237 961 3292 meminit
983 3240 1250 3308 hominis,
1285 3254 1342 3298 ut
1379 3246 1556 3300 adhuc
1589 3247 1732 3302 inter
1757 3248 1909 3304 vivos
1939 3265 2039 3303 ex-
2069 3239 2111 3296 C

459 3327 656 3382 stantis
686 3343 809 3383 cum
841 3333 1129 3390 scriberet.
1161 3355 1180 3388 ι
1212 3336 1351 3390 Tum
1387 3339 1879 3406 profertEusebius
1909 3342 2042 3398 illud

459 3414 660 3474 Justini
709 3435 776 3476 ex
806 3423 830 3475 1
874 3425 1051 3492 ΑροΙ.,
1083 3443 1140 3484 n.
1176 3427 1248 3482 26
1281 3451 1292 3484 ε
1333 3448 1351 3480 ι
1387 3430 1660 3486 Praeterea
1710 3433 2040 3488 Marcionem

457 3512 747 3578 quemdam
771 3513 1056 3572 Ponticum
1090 3521 1362 3586 novimus,
1387 3525 1478 3592 qui
1514 3526 1812 3578 etiamnum
1843 3541 2040 3596 supcr-

455 3611 560 3660 est.
597 3621 616 3655 ι
662 3603 854 3660 Priora
901 3608 988 3662 illa
1035 3612 1218 3678 verba,
1247 3613 1307 3677 ὃς
1337 3615 1400 3686 δὴ
1430 3615 1522 3668 καὶ
1558 3617 1884 3688 γράψας,εἰο
1920 3619 2040 3672 red-

458 3693 598 3748 didit
638 3695 930 3758 Valesius:
974 3701 1078 3767 Qui
1114 3705 1171 3757 in
1205 3704 1339 3759 libro
1377 3708 1630 3762 adversus
1676 3709 2036 3776 Marcionem,

457 3792 590 3850 etc.,
623 3803 798 3858 neque
819 3791 982 3847 aliter
1004 3807 1068 3848 ea
1094 3795 1364 3850 intellexit
1382 3796 1744 3868 Nicephorus,
1767 3802 2038 3872 quiztesti-

453 3881 700 3932 monium
738 3880 937 3937 Justini
962 3886 1031 3939 ab
1063 3887 1297 3942 Eusebio
1319 3889 1544 3944 citatum
1583 3906 1650 3944 ex
1681 3891 1822 3946 libro
1853 3903 2037 3949 contra

459 3969 788 4027 Marcionem
820 3977 1200 4047 depromptum
1239 3994 1360 4036 esse
1391 3993 1564 4052 putat.
1625 3983 1779 4038 Unde
1811 3986 1901 4038 alii
1929 3986 2036 4040 Eu-

455 4063 607 4119 sebio
639 4069 954 4123 memoriam
988 4071 1280 4138 eﬂluxisse,
1309 4075 1402 4129 alii
1443 4074 1716 4130 Justinum
1745 4077 1934 4131 eadem
1969 4080 2035 4133 de

459 4150 738 4211 Marciane
783 4170 840 4213 et
873 4162 928 4216 in
983 4163 1241 4235 Apologia
1268 4177 1324 4222 et
1355 4168 1408 4222 in
1443 4168 1584 4224 libro
1608 4171 1856 4226 adversus
1883 4171 2034 4252 Myrr-

454 4247 659 4301 cionem
695 4251 904 4306 dixisse
934 4257 1257 4327 conjiciunt.
1285 4258 1391 4314 Sed
1424 4261 1695 4319 Eusebius
1721 4247 2030 4332 librum,ex

453 4356 562 4409 quo
591 4341 721 4397 illud
752 4346 1122 4403 testimonium
1150 4351 1503 4423 deprompsit,
1525 4356 1816 4412 manifeste
1838 4359 2034 4413 distin-

455 4433 656 4499 guitab
683 4450 848 4504 opere
878 4439 1140 4496 adversus
1159 4441 1509 4500 Marcionem.
1537 4447 1670 4501 Illud
1699 4450 1944 4514 enim,6g
1964 4451 2028 4524 δὴ

452 4525 547 4578 καὶ
576 4527 814 4598 γράψας,
857 4547 963 4585 non
997 4532 1138 4594 idem
1168 4535 1313 4590 valet
1354 4553 1420 4592 ac
1458 4540 1708 4604 scribens,
1755 4543 1848 4597 sed
1884 4545 2024 4598 idem
2062 4576 2106 4630 Β

453 4633 519 4672 ac
555 4637 568 4672 :
614 4618 866 4684 Quicum
901 4626 1057 4678 etiam
1087 4628 1378 4694 scripsisset
1426 4646 1553 4700 opus
1595 4635 1847 4688 adversus
1885 4635 2031 4689 Mar-

453 4710 674 4773 cionem,
709 4712 1112 4786 vel,postquam
1154 4720 1313 4773 etiam
1359 4739 1490 4782 opus
1522 4725 1733 4793 scripsit
1777 4729 2028 4782 adversus

451 4799 810 4858 Marcionem:
840 4822 904 4860 ac
936 4811 1158 4876 proinde
1181 4811 1686 4886 dquustiniopera
1707 4819 1797 4874 hic
1825 4821 2027 4876 distin-

453 4894 571 4962 guit
598 4893 900 4962 Eusebius;
931 4900 1165 4956 alterum
1193 4917 1379 4959 contra
1403 4906 1756 4975 Marcionem,
1791 4911 2025 4968 alterum

456 4985 512 5038 in
551 5003 661 5054 quo
680 4985 927 5044 Justinus
949 4995 1014 5046 de
1039 4993 1153 5060 illo,
1179 5005 1236 5050 ut
1257 4999 1436 5052 adhuc
1459 5010 1733 5069 exstante,
1759 5004 2025 5074 loqueba—

458 5089 568 5132 tur.
599 5077 719 5148 Ipsa
750 5081 838 5134 illa
872 5086 1059 5148 verba,
1106 5085 1373 5144 Prwterea
1399 5091 1722 5149 Marciouem
1742 5100 2021 5166 quemdam

455 5174 720 5239 novimus,
758 5177 993 5236 hominis
1033 5193 1160 5238 sunt
1202 5183 1540 5250 hlarcionem
1573 5203 1681 5242 non
1723 5198 1838 5246 toto
1882 5191 2025 5249 libro

454 5265 782 5334 refellentis,
813 5275 910 5328 sed
955 5275 1132 5331 obiter
1164 5281 1424 5337 notantis.
1467 5280 1620 5348 Quod
1653 5293 1839 5338 autem
1875 5287 2026 5342 addit

452 5356 726 5415 Eusebius
755 5362 1030 5421 Justinum
1066 5369 1258 5438 paucis
1294 5373 1596 5443 interiectis
1638 5377 1970 5447 subjungere
2008 5396 2020 5431 :

450 5448 550 5503 Est
574 5452 732 5506 etiam
759 5455 890 5510 liber
923 5476 956 5512 a
987 5463 1135 5517 nobis
1171 5466 1491 5534 compositus
1530 5468 1781 5523 adversus
1816 5486 2019 5534 omnes,

449 5563 568 5615 qua:
600 5565 832 5618 unquam
870 5551 1103 5620 fuerunt,
1145 5557 1391 5622 hwreses,
1433 5576 1586 5628 quem
1633 5562 1826 5616 librum
1852 5565 2018 5628 vobis,

453 5639 499 5690 si
535 5638 610 5692 ita
639 5641 923 5708 videbitur,
955 5645 1228 5714 legendum
1271 5651 1568 5716 trademus,
1616 5653 1738 5708 inde
1787 5655 2022 5710 manife-

450 5742 594 5782 stum
617 5743 697 5785 est
729 5733 798 5787 ab
825 5735 1058 5793 Eusebio
1086 5741 1315 5796 indicari
1340 5758 1500 5810 opus,
1518 5745 1571 5796 in
1597 5759 1704 5813 quo
1727 5745 2025 5815 imperato-

453 5838 543 5882 res
571 5825 952 5900 alloquebatur
979 5830 1262 5912 Justinus.
1282 5835 1417 5894 illud
1440 5853 1575 5910 opus
1605 5839 1869 5898 adversus
1907 5842 2023 5899 hac-

2158 1943 2270 2013 ipse
2306 1945 2525 1998 videtur
2557 1960 2898 2016 perspectum
2939 1951 3214 2007 habuisse.
3259 1957 3536 2011 Incertus
3587 1961 3772 2015 haireo

2157 2044 2343 2088 utrum
2375 2037 2476 2091 hoc
2504 2053 2640 2106 opus
2675 2040 2726 2092 in
2765 2042 3083 2108 primordiis
3114 2050 3521 2105 conversionis
3551 2067 3625 2105 an
3663 2056 3766 2108 sub

2159 2124 2280 2178 vita:
2317 2125 2480 2181 finem
2527 2127 2910 2184 elucubratum
2959 2141 3165 2201 putem.
3221 2134 3564 2208 Utrumque
3615 2141 3764 2195 enim

2157 2216 2291 2273 illud
2333 2228 2543 2290 tempus
2566 2221 2765 2277 Justini
2797 2224 3060 2279 adversus
3104 2227 3485 2298 philosophos
3513 2233 3762 2302 disputa-

2157 2308 2393 2364 tionibus
2420 2311 2631 2380 insigne
2668 2315 2899 2370 exstitit.
2943 2315 3059 2370 Non
3090 2319 3468 2379 incommode
3501 2325 3573 2378 ad
3606 2327 3758 2380 initia

2154 2399 2460 2456 referretur
2485 2404 2572 2459 hic
2598 2405 2755 2471 liber,
2783 2411 2874 2478 qui
2915 2412 3134 2467 videtur
3169 2414 3315 2470 levis
3337 2419 3538 2486 potius
3564 2432 3754 2474 contra

2151 2491 2505 2562 philosophos
2527 2500 2854 2556 exercitatio
2892 2501 3090 2570 fuisse,
3117 2522 3288 2576 quam
3322 2525 3472 2578 opus
3516 2526 3548 2566 e
3577 2512 3751 2566 media

2152 2587 2419 2655 religione
2459 2592 2773 2658 repetitum.
2820 2593 2927 2649 Sed
2975 2601 3104 2665 quia
3149 2609 3457 2670 postquam
3503 2602 3751 2658 Justinus

2149 2677 2382 2734 Romam
2429 2684 2622 2748 rediit,
2661 2689 3048 2757 gravissimum
3081 2709 3205 2748 cum
3249 2697 3614 2768 philosophis
3635 2699 3746 2753 hel-

2150 2771 2262 2825 lum
2315 2773 2536 2843 habuit;
2585 2776 2728 2832 forte
2766 2794 2831 2834 eo
2887 2792 3129 2852 tempore
3192 2787 3302 2842 hoc
3333 2805 3476 2857 opus
3527 2806 3747 2860 compo-

2148 2867 2282 2926 suit.
2311 2867 2550 2937 illudque
2583 2887 2728 2926 mors
2770 2875 3051 2931 absolvere
3075 2879 3382 2946 prohibuit.

2222 2958 2360 3012 Ante
2387 2961 2528 3014 hunc
2553 2963 2751 3018 librum
2791 2980 3106 3024 rccensetur
3135 2973 3202 3026 ab
3235 2973 3490 3029 Eusebio
3516 2975 3739 3041 Psalm,

2147 3047 2258 3102 alia
2288 3047 2489 3103 Justini
2513 3051 2877 3120 elucubratio,
2910 3057 2978 3113 de
3007 3074 3111 3128 qua
3145 3062 3284 3116 nihil
3311 3066 3540 3119 videtur
3569 3069 3734 3121 statui

2147 3151 2328 3206 posse.
2358 3137 2434 3193 De
2461 3144 2757 3211 suppositis
2805 3149 3013 3203 nomini
3059 3151 3264 3207 Justini
3303 3158 3592 3224 operibus,
3623 3171 3738 3226 qua:

2149 3233 2200 3284 in
2229 3233 2596 3303 Appendicem
2622 3237 2821 3304 rejecta
2869 3252 3016 3310 sunt,
3054 3245 3281 3312 praeﬁxa
3310 3249 3614 3317 unicuique
3637 3249 3730 3302 ad-

2150 3324 2376 3378 monitio
2405 3327 2534 3395 quid
2572 3330 2805 3382 sentiam
2825 3335 3070 3401 exponit.
3104 3336 3210 3390 Sed
3239 3338 3468 3394 Eusebii
3495 3351 3734 3409 tempore

2149 3416 2320 3469 multa
2353 3419 2585 3487 genuina
2619 3423 2935 3490 exstabant,
2969 3442 3090 3495 qua:
3121 3443 3221 3483 nec
3253 3432 3328 3486 ab
3359 3432 3603 3487 Eusebio
3641 3448 3726 3486 re—

2145 3521 2466 3578 censentur,
2512 3528 2690 3582 neque
2739 3514 2805 3567 ad
2850 3533 2948 3572 nos
2988 3533 3393 3588 pervenerunt.
3440 3526 3536 3580 Sic
3585 3528 3724 3580 enim

2145 3600 2388 3669 loquitur
2413 3623 2426 3657 :
2454 3605 2688 3659 Πλείστα
2719 3607 2775 3660 δὲ
2809 3611 2901 3662 καὶ
2931 3611 3093 3683 ἕτερα
3125 3616 3280 3686 παρὰ
3325 3618 3545 3682 πολλοῖς
3572 3619 3725 3688 φέρε-

2142 3709 2231 3745 ται
2283 3694 2535 3765 ἀδελφοῖς
2569 3699 2676 3753 τῶν
2723 3701 2889 3754 αὐτοῦ
2930 3704 3129 3759 πόνων.
3169 3726 3188 3757 ι
3228 3710 3472 3765 Exstant
3508 3721 3564 3766 et
3615 3710 3719 3764 alia

2142 3785 2375 3852 plurima
2414 3791 2556 3858 apud
2605 3792 2811 3848 multos
2861 3796 3060 3852 fratres
3091 3799 3237 3855 illius
3285 3803 3496 3858 laboris
3533 3818 3718 3857 monu-

2141 3889 2349 3933 menta.
2388 3900 2406 3933 ι
2440 3880 2497 3934 in
2529 3883 2614 3937 bis
2642 3899 2745 3938 nec
2781 3887 3144 3960 Apocalypsis
3177 3895 3602 3962 explicationem
3628 3909 3717 3948 nu-

2141 3973 2458 4028 merandam
2487 3976 2736 4030 duxerim
2773 3978 2939 4049 (hanc
2963 3982 3382 4042 enimJustinus
3415 3999 3468 4042 et
3493 3987 3714 4041 Irenaaus

2141 4064 2488 4131 interpretati
2525 4067 2805 4134 dicuntur,
2833 4071 2960 4139 quia
2987 4075 3252 4130 nonnulla
3280 4077 3401 4133 loca
3430 4078 3712 4132 occasione

2139 4153 2264 4208 data
2287 4156 2698 4229 explanarunt),
2736 4178 2839 4217 nec
2869 4169 3321 4222 commentarium
3342 4170 3396 4223 in
3427 4169 3709 4223 Hexaeme-

2137 4261 2254 4312 ron,
2286 4263 2388 4304 nec
2421 4248 2616 4306 librum
2646 4253 2724 4307 De
2755 4260 3156 4323 resurrectione,
3192 4261 3260 4314 de
3297 4263 3499 4331 quibus
3524 4263 3573 4314 in
3604 4261 3706 4324 Ap-

2137 4342 2383 4410 pendicis
2415 4346 2650 4399 secunda
2695 4359 2850 4416 parte
2875 4351 3108 4418 egimus,
3165 4369 3264 4408 nec
3311 4355 3534 4408 citatum
3575 4370 3603 4406 a
3646 4353 3701 4404 S.

2136 4432 2390 4501 Maximo,
2407 4435 2617 4501 tom.ll,
2647 4454 2768 4506 pag.
2799 4441 2922 4506 154,
2955 4442 3257 4498 Tractatum
3283 4447 3346 4499 de
3370 4444 3700 4498 Providentia

2135 4537 2181 4580 et
2214 4528 2318 4594 ﬁde
2337 4530 2587 4584 adversus
2615 4530 2974 4599 Euplirasium
3007 4537 3318 4605 sophistam.

2213 4642 2278 4697 V.
2307 4643 2379 4698 At
2427 4645 2568 4699 idetn
2607 4645 2712 4700 dici
2769 4664 2876 4702 non
2922 4660 3105 4718 potest
3154 4655 3220 4706 de
3257 4652 3692 4721 praestantissima

2135 4736 2200 4789 ad
2228 4736 2542 4808 Diognetum
2574 4742 2819 4810 epistola,
2854 4758 3014 4810 quam
3051 4742 3267 4798 Justino
3314 4744 3553 4798 tributtnt
3577 4757 3692 4795 eru-

2133 4828 2232 4881 diti
2264 4846 2369 4884 non
2401 4834 2578 4900 pauci,
2607 4833 2734 4888 aliis
2780 4833 3190 4904 refragantibus
3221 4848 3278 4891 et
3307 4837 3430 4908 styli
3471 4851 3532 4888 ac
3562 4842 3688 4886 tem-

2132 4936 2324 4989 porum
2368 4923 2662 4978 discrimen
2705 4926 3109 4992 objicientibns.
3157 4929 3416 4998 Equidem
3463 4927 3566 4981 etsi
3598 4940 3686 4978 ne-

2112 4999 2262 5066 lntini
2294 5016 2550 5082 concedo,
2582 5019 2674 5086 qui
2709 5026 2880 5087 magis
2899 5033 3054 5074 aveat
3075 5021 3272 5076 Justini
3298 5019 3503 5076 nomini
3528 5022 3679 5073 decus

2132 5108 2235 5160 hoc
2259 5108 2462 5163 eximio
2479 5125 2646 5179 opere
2673 5113 2896 5179 addere,
2931 5129 3036 5168 non
3083 5116 3135 5169 ei
3166 5125 3272 5169 tam
3313 5119 3679 5169 asseveranter

2130 5198 2258 5252 illud
2293 5199 2594 5265 tribuerim,
2625 5215 2785 5269 quam
2804 5202 2913 5256 alia
2934 5215 3262 5274 opera,‘qua2
3282 5217 3338 5260 et
3358 5207 3426 5259 ab
3453 5199 3675 5267 antiquis

2130 5302 2431 5347 memorata
2479 5304 2626 5357 sunt,
2670 5303 2726 5347 et
2768 5310 2868 5348 sua
2907 5308 3103 5364 sponte
3142 5299 3406 5367 plurimas
3449 5290 3674 5363 parentis

2127 5381 2210 5434 sui
2243 5381 2706 5441 notas_referunt.
2745 5382 2930 5454 Neque
2959 5387 3132 5441 etiam
3163 5389 3273 5443 illis
3302 5383 3561 5441 assentiar
3583 5379 3666 5439 aui

2128 5472 2268 5525 hanc
2290 5473 2568 5542 epistolam
2592 5473 2826 5542 Justino,
2860 5487 2919 5531 ut
2955 5481 3099 5533 artati
3135 5479 3436 5549 apostolicae
3465 5471 3668 5544 propio-

2131 5579 2266 5627 rem,
2301 5567 2514 5634 penitus
2539 5567 2871 5638 abjudicant.
2893 5571 2949 5624 Si
2979 5573 3103 5642 styli
3136 5570 3509 5627 dissimilitudo
3527 5563 3662 5617 exci-

2126 5658 2271 5724 piatu
2282 5671 2525 5720 r,czetera
2539 5663 2670 5714 satis
2689 5675 3011 5732 congruent,
3025 5674 3080 5717 et
3091 5664 3368 5720 sententia:
3380 5672 3430 5714 et
3444 5667 3658 5724 tempus.

2197 5750 2312 5802 Non
2344 5751 2518 5805 solum
2554 5753 2794 5822 epistola:
2825 5755 2890 5808 ad
2933 5757 3250 5825 Diognetnm
3286 5757 3416 5809 idem
3455 5750 3558 5801 fere
3581 5752 3656 5797 est

2127 5845 2407 5901 exordium
2449 5859 2510 5900 ac
2556 5845 2950 5906 Coltortationis
2994 5852 3062 5905 ad
3108 5850 3338 5910 (ἰητροί.
3376 5844 3463 5901 sed
3503 5839 3654 5895 etiam
