  <div class='ocr_page' id='page_1' title='image "/cluster/home/n/w/nwhite01/storage/ocr_20150623/6/mdp.39015004289917/070.png"; bbox 0 0 3932 6258; ppageno 0'>
   <div class='ocr_carea' id='block_1_1' title="bbox 287 365 1836 428">
    <p class='ocr_par' dir='ltr' id='par_1_1' title="bbox 287 365 1836 428">
     <span class='ocr_line' id='line_1_1' title="bbox 287 365 1836 428; baseline 0.001 -5"><span class='ocrx_word' id='word_1_1' title='bbox 287 365 377 423; x_wconf 68' lang='grc'><strong>115</strong></span> <span class='ocrx_word' id='word_1_2' title='bbox 1302 370 1363 428; x_wconf 88' lang='grc'><strong>1).</strong></span> <span class='ocrx_word' id='word_1_3' title='bbox 1403 367 1667 425; x_wconf 77' lang='lat' dir='ltr'><strong>MARANI</strong></span> <span class='ocrx_word' id='word_1_4' title='bbox 1701 367 1836 424; x_wconf 79' lang='lat' dir='ltr'><strong>PRA</strong></span> 
     </span>
    </p>
   </div>
   <div class='ocr_carea' id='block_1_2' title="bbox 1951 365 2531 428">
    <p class='ocr_par' dir='ltr' id='par_1_2' title="bbox 1951 368 2531 428">
     <span class='ocr_line' id='line_1_2' title="bbox 1951 368 2531 428; baseline 0.01 -7"><span class='ocrx_word' id='word_1_5' title='bbox 1951 368 2095 428; x_wconf 84' lang='lat' dir='ltr'><strong>.TlO.</strong></span> <span class='ocrx_word' id='word_1_6' title='bbox 2132 402 2202 411; x_wconf 90' lang='lat'><em>—</em></span> <span class='ocrx_word' id='word_1_7' title='bbox 2230 370 2410 426; x_wconf 82' lang='lat' dir='ltr'><strong>PARS</strong></span> <span class='ocrx_word' id='word_1_8' title='bbox 2444 371 2531 428; x_wconf 87' lang='grc'><strong>111.</strong></span> 
     </span>
    </p>
   </div>
   <div class='ocr_carea' id='block_1_3' title="bbox 3467 370 3566 424">
    <p class='ocr_par' dir='ltr' id='par_1_3' title="bbox 3467 370 3566 424">
     <span class='ocr_line' id='line_1_3' title="bbox 3467 370 3566 424; baseline 0 0"><span class='ocrx_word' id='word_1_9' title='bbox 3467 370 3566 424; x_wconf 70' lang='grc'><strong>126</strong></span> 
     </span>
    </p>
   </div>
   <div class='ocr_carea' id='block_1_4' title="bbox 298 490 3562 564">
    <p class='ocr_par' dir='ltr' id='par_1_4' title="bbox 298 490 3562 564">
     <span class='ocr_line' id='line_1_4' title="bbox 298 490 3562 564; baseline -0 -18"><span class='ocrx_word' id='word_1_10' title='bbox 298 491 529 546; x_wconf 80' lang='lat' dir='ltr'><strong>nonnulla</strong></span> <span class='ocrx_word' id='word_1_11' title='bbox 560 490 666 545; x_wconf 84' lang='lat' dir='ltr'><strong>alia</strong></span> <span class='ocrx_word' id='word_1_12' title='bbox 697 500 1022 547; x_wconf 88' lang='lat' dir='ltr'><strong>occurrunt</strong></span> <span class='ocrx_word' id='word_1_13' title='bbox 1049 508 1215 548; x_wconf 87' lang='lat' dir='ltr'><strong>num.</strong></span> <span class='ocrx_word' id='word_1_14' title='bbox 1244 492 1277 547; x_wconf 87' lang='grc'><strong>6</strong></span> <span class='ocrx_word' id='word_1_15' title='bbox 1305 504 1357 548; x_wconf 89' lang='lat' dir='ltr'><strong>et</strong></span> <span class='ocrx_word' id='word_1_16' title='bbox 1379 493 1650 564; x_wconf 90' lang='lat' dir='ltr'><strong>7,quibus</strong></span> <span class='ocrx_word' id='word_1_17' title='bbox 1678 493 1877 549; x_wconf 81' lang='lat' dir='ltr'><strong>similia</strong></span> <span class='ocrx_word' id='word_1_18' title='bbox 1908 496 1955 552; x_wconf 76' lang='grc' dir='ltr'><strong>Α</strong></span> <span class='ocrx_word' id='word_1_19' title='bbox 1984 494 2130 547; x_wconf 92' lang='lat' dir='ltr'><strong>stino</strong></span> <span class='ocrx_word' id='word_1_20' title='bbox 2146 494 2492 563; x_wconf 87' lang='lat' dir='ltr'><strong>antiquioris.</strong></span> <span class='ocrx_word' id='word_1_21' title='bbox 2516 492 2848 547; x_wconf 78' lang='lat' dir='ltr'><strong>Accuratior</strong></span> <span class='ocrx_word' id='word_1_22' title='bbox 2879 490 3405 561; x_wconf 85' lang='lat' dir='ltr'><strong>eritimerpretatlo,</strong></span> <span class='ocrx_word' id='word_1_23' title='bbox 3425 491 3467 542; x_wconf 85' lang='lat' dir='ltr'><strong>si</strong></span> <span class='ocrx_word' id='word_1_24' title='bbox 3490 493 3562 546; x_wconf 82' lang='lat' dir='ltr'><strong>ita</strong></span> 
     </span>
    </p>
   </div>
   <div class='ocr_carea' id='block_1_5' title="bbox 295 584 1049 641">
    <p class='ocr_par' dir='ltr' id='par_1_5' title="bbox 295 584 1049 641">
     <span class='ocr_line' id='line_1_5' title="bbox 295 584 1049 641; baseline 0.003 -2"><span class='ocrx_word' id='word_1_25' title='bbox 295 585 631 639; x_wconf 71' lang='lat' dir='ltr'><strong>indicavimus</strong></span> <span class='ocrx_word' id='word_1_26' title='bbox 653 584 863 638; x_wconf 78' lang='lat' dir='ltr'><strong>Justini</strong></span> <span class='ocrx_word' id='word_1_27' title='bbox 890 585 1049 641; x_wconf 86' lang='lat' dir='ltr'><strong>loca.</strong></span> 
     </span>
    </p>
   </div>
   <div class='ocr_carea' id='block_1_6' title="bbox 355 679 1873 751">
    <p class='ocr_par' dir='ltr' id='par_1_6' title="bbox 355 679 1873 751">
     <span class='ocr_line' id='line_1_6' title="bbox 355 679 1873 751; baseline 0.003 -22"><span class='ocrx_word' id='word_1_28' title='bbox 355 679 775 747; x_wconf 79' lang='lat' dir='ltr'><strong>Tillemontium,</strong></span> <span class='ocrx_word' id='word_1_29' title='bbox 806 679 903 749; x_wconf 88' lang='lat' dir='ltr'><strong>qui</strong></span> <span class='ocrx_word' id='word_1_30' title='bbox 936 680 1163 751; x_wconf 86' lang='lat' dir='ltr'><strong>primus</strong></span> <span class='ocrx_word' id='word_1_31' title='bbox 1187 682 1325 736; x_wconf 90' lang='lat' dir='ltr'><strong>hanc</strong></span> <span class='ocrx_word' id='word_1_32' title='bbox 1351 681 1634 751; x_wconf 81' lang='lat' dir='ltr'><strong>epistolam</strong></span> <span class='ocrx_word' id='word_1_33' title='bbox 1656 679 1873 733; x_wconf 79' lang='lat' dir='ltr'><strong>Justino</strong></span> 
     </span>
    </p>
   </div>
   <div class='ocr_carea' id='block_1_7' title="bbox 285 770 1872 843">
    <p class='ocr_par' dir='ltr' id='par_1_7' title="bbox 285 770 1872 843">
     <span class='ocr_line' id='line_1_7' title="bbox 285 770 1872 843; baseline 0.003 -21"><span class='ocrx_word' id='word_1_34' title='bbox 285 770 623 839; x_wconf 77' lang='lat' dir='ltr'><strong>abjudicavit,</strong></span> <span class='ocrx_word' id='word_1_35' title='bbox 654 771 711 824; x_wconf 92' lang='lat' dir='ltr'><strong>in</strong></span> <span class='ocrx_word' id='word_1_36' title='bbox 744 774 901 827; x_wconf 89' lang='lat' dir='ltr'><strong>hanc</strong></span> <span class='ocrx_word' id='word_1_37' title='bbox 923 774 1269 828; x_wconf 89' lang='lat' dir='ltr'><strong>sententiam</strong></span> <span class='ocrx_word' id='word_1_38' title='bbox 1304 772 1648 828; x_wconf 84' lang='lat' dir='ltr'><strong>adduxerunt</strong></span> <span class='ocrx_word' id='word_1_39' title='bbox 1674 781 1872 843; x_wconf 65' lang='lat' dir='ltr'><strong>printer</strong></span> 
     </span>
    </p>
   </div>
   <div class='ocr_carea' id='block_1_8' title="bbox 282 862 1868 932">
    <p class='ocr_par' dir='ltr' id='par_1_8' title="bbox 282 862 1868 932">
     <span class='ocr_line' id='line_1_8' title="bbox 282 862 1868 932; baseline 0.001 -16"><span class='ocrx_word' id='word_1_40' title='bbox 282 862 397 932; x_wconf 71' lang='lat' dir='ltr'><strong>styli</strong></span> <span class='ocrx_word' id='word_1_41' title='bbox 422 862 973 929; x_wconf 71' lang='lat' dir='ltr'><strong>dissimilitudinem,</strong></span> <span class='ocrx_word' id='word_1_42' title='bbox 1020 866 1303 920; x_wconf 85' lang='lat' dir='ltr'><strong>nonnullae</strong></span> <span class='ocrx_word' id='word_1_43' title='bbox 1330 866 1507 920; x_wconf 57' lang='lat' dir='ltr'><strong>relatis</strong></span> <span class='ocrx_word' id='word_1_44' title='bbox 1538 864 1750 919; x_wconf 72' lang='grc'><strong>¹1111111110</strong></span> <span class='ocrx_word' id='word_1_45' title='bbox 1774 881 1868 917; x_wconf 63' lang='grc' dir='ltr'><strong>8οη</strong></span> 
     </span>
    </p>
   </div>
   <div class='ocr_carea' id='block_1_9' title="bbox 278 953 1863 1028">
    <p class='ocr_par' dir='ltr' id='par_1_9' title="bbox 278 953 1863 1028">
     <span class='ocr_line' id='line_1_9' title="bbox 278 953 1863 1028; baseline 0.003 -24"><span class='ocrx_word' id='word_1_46' title='bbox 278 953 495 1021; x_wconf 78' lang='lat' dir='ltr'><strong>perieris</strong></span> <span class='ocrx_word' id='word_1_47' title='bbox 519 957 714 1019; x_wconf 71' lang='lat' dir='ltr'><strong>tnotaz,</strong></span> <span class='ocrx_word' id='word_1_48' title='bbox 784 956 941 1011; x_wconf 87' lang='lat' dir='ltr'><strong>velut</strong></span> <span class='ocrx_word' id='word_1_49' title='bbox 994 957 1088 1011; x_wconf 89' lang='lat' dir='ltr'><strong>illa</strong></span> <span class='ocrx_word' id='word_1_50' title='bbox 1120 958 1371 1028; x_wconf 89' lang='lat' dir='ltr'><strong>Diogneti</strong></span> <span class='ocrx_word' id='word_1_51' title='bbox 1405 958 1660 1027; x_wconf 69' lang='lat' dir='ltr'><strong>quaestio,</strong></span> <span class='ocrx_word' id='word_1_52' title='bbox 1698 958 1809 1013; x_wconf 80' lang='lat' dir='ltr'><strong>n.i</strong></span> <span class='ocrx_word' id='word_1_53' title='bbox 1850 974 1863 1009; x_wconf 92' lang='lat'>:</span> 
     </span>
    </p>
   </div>
   <div class='ocr_carea' id='block_1_10' title="bbox 280 1042 1864 1115">
    <p class='ocr_par' dir='ltr' id='par_1_10' title="bbox 280 1042 1864 1115">
     <span class='ocr_line' id='line_1_10' title="bbox 280 1042 1864 1115; baseline 0.001 -20"><span class='ocrx_word' id='word_1_54' title='bbox 280 1042 376 1095; x_wconf 78' lang='lat' dir='ltr'><strong>Cur</strong></span> <span class='ocrx_word' id='word_1_55' title='bbox 398 1058 590 1095; x_wconf 71' lang='lat' dir='ltr'><strong>nonum</strong></span> <span class='ocrx_word' id='word_1_56' title='bbox 622 1042 725 1096; x_wconf 84' lang='lat' dir='ltr'><strong>hoc</strong></span> <span class='ocrx_word' id='word_1_57' title='bbox 756 1061 929 1115; x_wconf 86' lang='lat' dir='ltr'><strong>genus</strong></span> <span class='ocrx_word' id='word_1_58' title='bbox 961 1054 1059 1099; x_wconf 87' lang='lat' dir='ltr'><strong>aut</strong></span> <span class='ocrx_word' id='word_1_59' title='bbox 1095 1048 1405 1101; x_wconf 85' lang='lat' dir='ltr'><strong>institutum</strong></span> <span class='ocrx_word' id='word_1_60' title='bbox 1427 1045 1864 1100; x_wconf 89' lang='lat' dir='ltr'><strong>Christianorum</strong></span> 
     </span>
    </p>
   </div>
   <div class='ocr_carea' id='block_1_11' title="bbox 275 1136 1864 1205">
    <p class='ocr_par' dir='ltr' id='par_1_11' title="bbox 275 1136 1864 1205">
     <span class='ocr_line' id='line_1_11' title="bbox 275 1136 1864 1205; baseline 0.002 -21"><span class='ocrx_word' id='word_1_61' title='bbox 275 1136 786 1188; x_wconf 73' lang='lat' dir='ltr'><strong>inconsuetudinem</strong></span> <span class='ocrx_word' id='word_1_62' title='bbox 814 1139 987 1190; x_wconf 79' lang='lat' dir='ltr'><strong>venire</strong></span> <span class='ocrx_word' id='word_1_63' title='bbox 1011 1154 1155 1191; x_wconf 88' lang='lat' dir='ltr'><strong>nunc</strong></span> <span class='ocrx_word' id='word_1_64' title='bbox 1195 1137 1407 1205; x_wconf 66' lang='lat' dir='ltr'><strong>coeperit</strong></span> <span class='ocrx_word' id='word_1_65' title='bbox 1431 1150 1494 1188; x_wconf 85' lang='lat' dir='ltr'><strong>ac</strong></span> <span class='ocrx_word' id='word_1_66' title='bbox 1527 1152 1633 1188; x_wconf 87' lang='lat' dir='ltr'><strong>non</strong></span> <span class='ocrx_word' id='word_1_67' title='bbox 1665 1136 1812 1205; x_wconf 85' lang='lat' dir='ltr'><strong>prius</strong></span> <span class='ocrx_word' id='word_1_68' title='bbox 1845 1151 1864 1187; x_wconf 88' lang='lat'><strong><em>:</em></strong></span> 
     </span>
    </p>
   </div>
   <div class='ocr_carea' id='block_1_12' title="bbox 270 1223 1860 1294">
    <p class='ocr_par' dir='ltr' id='par_1_12' title="bbox 270 1223 1860 1294">
     <span class='ocr_line' id='line_1_12' title="bbox 270 1223 1860 1294; baseline 0.003 -18"><span class='ocrx_word' id='word_1_69' title='bbox 270 1223 456 1278; x_wconf 85' lang='lat' dir='ltr'><strong>deinde</strong></span> <span class='ocrx_word' id='word_1_70' title='bbox 485 1226 660 1278; x_wconf 88' lang='lat' dir='ltr'><strong>etiam</strong></span> <span class='ocrx_word' id='word_1_71' title='bbox 687 1227 841 1294; x_wconf 92' lang='lat' dir='ltr'><strong>quod</strong></span> <span class='ocrx_word' id='word_1_72' title='bbox 873 1228 1195 1282; x_wconf 80' lang='lat' dir='ltr'><strong>existimare</strong></span> <span class='ocrx_word' id='word_1_73' title='bbox 1219 1225 1391 1281; x_wconf 69' lang='lat' dir='ltr'><strong>Judaei</strong></span> <span class='ocrx_word' id='word_1_74' title='bbox 1414 1226 1697 1291; x_wconf 90' lang='lat' dir='ltr'><strong>dicuntur,</strong></span> <span class='ocrx_word' id='word_1_75' title='bbox 1724 1243 1777 1280; x_wconf 94' lang='lat' dir='ltr'><strong>n.</strong></span> <span class='ocrx_word' id='word_1_76' title='bbox 1805 1227 1860 1292; x_wconf 81' lang='grc'><strong>5,</strong></span> 
     </span>
    </p>
   </div>
   <div class='ocr_carea' id='block_1_13' title="bbox 266 1320 1861 1389">
    <p class='ocr_par' dir='ltr' id='par_1_13' title="bbox 266 1320 1861 1389">
     <span class='ocr_line' id='line_1_13' title="bbox 266 1320 1861 1389; baseline 0.003 -20"><span class='ocrx_word' id='word_1_77' title='bbox 266 1334 319 1369; x_wconf 83' lang='lat' dir='ltr'><strong>se</strong></span> <span class='ocrx_word' id='word_1_78' title='bbox 340 1334 427 1383; x_wconf 72' lang='lat' dir='ltr'><strong>per</strong></span> <span class='ocrx_word' id='word_1_79' title='bbox 447 1322 776 1387; x_wconf 82' lang='lat' dir='ltr'><strong>sanguinem</strong></span> <span class='ocrx_word' id='word_1_80' title='bbox 806 1329 855 1373; x_wconf 85' lang='lat' dir='ltr'><strong>et</strong></span> <span class='ocrx_word' id='word_1_81' title='bbox 874 1320 1113 1373; x_wconf 84' lang='lat' dir='ltr'><strong>nidorem</strong></span> <span class='ocrx_word' id='word_1_82' title='bbox 1136 1329 1184 1374; x_wconf 84' lang='lat' dir='ltr'><strong>et</strong></span> <span class='ocrx_word' id='word_1_83' title='bbox 1218 1321 1528 1375; x_wconf 72' lang='lat' dir='ltr'><strong>holocausta</strong></span> <span class='ocrx_word' id='word_1_84' title='bbox 1556 1321 1734 1389; x_wconf 79' lang='lat' dir='ltr'><strong>facere</strong></span> <span class='ocrx_word' id='word_1_85' title='bbox 1754 1320 1861 1374; x_wconf 88' lang='lat' dir='ltr'><strong>Deo</strong></span> 
     </span>
    </p>
   </div>
   <div class='ocr_carea' id='block_1_14' title="bbox 266 1407 1860 1479">
    <p class='ocr_par' dir='ltr' id='par_1_14' title="bbox 266 1407 1860 1479">
     <span class='ocr_line' id='line_1_14' title="bbox 266 1407 1860 1479; baseline 0.003 -19"><span class='ocrx_word' id='word_1_86' title='bbox 266 1407 524 1474; x_wconf 76' lang='lat' dir='ltr'><strong>sacriﬁcia</strong></span> <span class='ocrx_word' id='word_1_87' title='bbox 547 1418 599 1460; x_wconf 86' lang='lat' dir='ltr'><strong>et</strong></span> <span class='ocrx_word' id='word_1_88' title='bbox 634 1408 723 1461; x_wconf 86' lang='lat' dir='ltr'><strong>his</strong></span> <span class='ocrx_word' id='word_1_89' title='bbox 755 1425 878 1461; x_wconf 83' lang='lat' dir='ltr'><strong>eum</strong></span> <span class='ocrx_word' id='word_1_90' title='bbox 903 1410 1195 1464; x_wconf 84' lang='lat' dir='ltr'><strong>honoribus</strong></span> <span class='ocrx_word' id='word_1_91' title='bbox 1218 1426 1411 1463; x_wconf 88' lang='lat' dir='ltr'><strong>ornare</strong></span> <span class='ocrx_word' id='word_1_92' title='bbox 1434 1427 1452 1465; x_wconf 92' lang='lat'><strong><em>:</em></strong></span> <span class='ocrx_word' id='word_1_93' title='bbox 1480 1410 1597 1479; x_wconf 86' lang='lat' dir='ltr'><strong>ipse</strong></span> <span class='ocrx_word' id='word_1_94' title='bbox 1624 1409 1860 1479; x_wconf 77' lang='lat' dir='ltr'><strong>denique</strong></span> 
     </span>
    </p>
   </div>
   <div class='ocr_carea' id='block_1_15' title="bbox 263 1497 1858 1571">
    <p class='ocr_par' dir='ltr' id='par_1_15' title="bbox 263 1497 1858 1571">
     <span class='ocr_line' id='line_1_15' title="bbox 263 1497 1858 1571; baseline 0.005 -22"><span class='ocrx_word' id='word_1_95' title='bbox 263 1497 625 1565; x_wconf 75' lang='lat' dir='ltr'><strong>apostolorum</strong></span> <span class='ocrx_word' id='word_1_96' title='bbox 655 1498 920 1566; x_wconf 78' lang='lat' dir='ltr'><strong>discipuli</strong></span> <span class='ocrx_word' id='word_1_97' title='bbox 948 1500 1167 1567; x_wconf 76' lang='lat' dir='ltr'><strong>titulus,</strong></span> <span class='ocrx_word' id='word_1_98' title='bbox 1202 1515 1365 1570; x_wconf 90' lang='lat' dir='ltr'><strong>quem</strong></span> <span class='ocrx_word' id='word_1_99' title='bbox 1384 1501 1487 1556; x_wconf 86' lang='lat' dir='ltr'><strong>sibi</strong></span> <span class='ocrx_word' id='word_1_100' title='bbox 1516 1510 1714 1556; x_wconf 90' lang='lat' dir='ltr'><strong>auctor</strong></span> <span class='ocrx_word' id='word_1_101' title='bbox 1744 1503 1858 1571; x_wconf 88' lang='lat' dir='ltr'><strong>cpi-</strong></span> 
     </span>
    </p>
   </div>
   <div class='ocr_carea' id='block_1_16' title="bbox 261 1589 855 1654">
    <p class='ocr_par' dir='ltr' id='par_1_16' title="bbox 261 1589 855 1654">
     <span class='ocr_line' id='line_1_16' title="bbox 261 1589 855 1654; baseline 0.008 -11"><span class='ocrx_word' id='word_1_102' title='bbox 261 1589 416 1643; x_wconf 68' lang='lat' dir='ltr'><strong>Stola</strong></span> <span class='ocrx_word' id='word_1_103' title='bbox 444 1593 641 1654; x_wconf 81' lang='lat' dir='ltr'><strong>sumit,</strong></span> <span class='ocrx_word' id='word_1_104' title='bbox 673 1606 733 1644; x_wconf 91' lang='lat' dir='ltr'><strong>n.</strong></span> <span class='ocrx_word' id='word_1_105' title='bbox 765 1591 855 1648; x_wconf 81' lang='grc'><strong>11.</strong></span> 
     </span>
    </p>
   </div>
   <div class='ocr_carea' id='block_1_17' title="bbox 330 1680 1855 1757">
    <p class='ocr_par' dir='ltr' id='par_1_17' title="bbox 330 1680 1855 1757">
     <span class='ocr_line' id='line_1_17' title="bbox 330 1680 1855 1757; baseline 0.007 -24"><span class='ocrx_word' id='word_1_106' title='bbox 330 1680 446 1735; x_wconf 78' lang='lat' dir='ltr'><strong>Non</strong></span> <span class='ocrx_word' id='word_1_107' title='bbox 469 1680 725 1735; x_wconf 82' lang='lat' dir='ltr'><strong>diﬂicilia</strong></span> <span class='ocrx_word' id='word_1_108' title='bbox 752 1690 885 1736; x_wconf 87' lang='lat' dir='ltr'><strong>sunt</strong></span> <span class='ocrx_word' id='word_1_109' title='bbox 922 1684 989 1737; x_wconf 90' lang='lat' dir='ltr'><strong>ad</strong></span> <span class='ocrx_word' id='word_1_110' title='bbox 1030 1684 1357 1739; x_wconf 87' lang='lat' dir='ltr'><strong>solvendum</strong></span> <span class='ocrx_word' id='word_1_111' title='bbox 1386 1703 1507 1757; x_wconf 72' lang='lat' dir='ltr'><strong>qua:</strong></span> <span class='ocrx_word' id='word_1_112' title='bbox 1541 1690 1623 1743; x_wconf 88' lang='lat' dir='ltr'><strong>vir</strong></span> <span class='ocrx_word' id='word_1_113' title='bbox 1648 1691 1855 1745; x_wconf 86' lang='lat' dir='ltr'><strong>doctis-</strong></span> 
     </span>
    </p>
   </div>
   <div class='ocr_carea' id='block_1_18' title="bbox 256 1772 1854 1853">
    <p class='ocr_par' dir='ltr' id='par_1_18' title="bbox 256 1772 1854 1853">
     <span class='ocr_line' id='line_1_18' title="bbox 256 1772 1854 1853; baseline 0.006 -27"><span class='ocrx_word' id='word_1_114' title='bbox 256 1772 426 1827; x_wconf 78' lang='lat' dir='ltr'><strong>simus</strong></span> <span class='ocrx_word' id='word_1_115' title='bbox 459 1773 684 1840; x_wconf 83' lang='lat' dir='ltr'><strong>objicit,</strong></span> <span class='ocrx_word' id='word_1_116' title='bbox 724 1785 786 1828; x_wconf 92' lang='lat' dir='ltr'><strong>ut</strong></span> <span class='ocrx_word' id='word_1_117' title='bbox 814 1775 956 1830; x_wconf 90' lang='lat' dir='ltr'><strong>hanc</strong></span> <span class='ocrx_word' id='word_1_118' title='bbox 992 1778 1288 1846; x_wconf 86' lang='lat' dir='ltr'><strong>epistolam</strong></span> <span class='ocrx_word' id='word_1_119' title='bbox 1316 1778 1530 1837; x_wconf 80' lang='lat' dir='ltr'><strong>Justino</strong></span> <span class='ocrx_word' id='word_1_120' title='bbox 1577 1783 1854 1853; x_wconf 90' lang='lat' dir='ltr'><strong>antiquio-</strong></span> 
     </span>
    </p>
   </div>
   <div class='ocr_carea' id='block_1_19' title="bbox 255 1868 1852 1944">
    <p class='ocr_par' dir='ltr' id='par_1_19' title="bbox 255 1868 1852 1944">
     <span class='ocr_line' id='line_1_19' title="bbox 255 1868 1852 1944; baseline 0.006 -25"><span class='ocrx_word' id='word_1_121' title='bbox 255 1880 370 1919; x_wconf 87' lang='lat' dir='ltr'><strong>rem</strong></span> <span class='ocrx_word' id='word_1_122' title='bbox 400 1881 521 1920; x_wconf 81' lang='lat' dir='ltr'><strong>esse</strong></span> <span class='ocrx_word' id='word_1_123' title='bbox 548 1868 777 1936; x_wconf 90' lang='lat' dir='ltr'><strong>probet.</strong></span> <span class='ocrx_word' id='word_1_124' title='bbox 808 1868 917 1922; x_wconf 87' lang='lat' dir='ltr'><strong>Cur</strong></span> <span class='ocrx_word' id='word_1_125' title='bbox 943 1870 1089 1923; x_wconf 90' lang='lat' dir='ltr'><strong>enim</strong></span> <span class='ocrx_word' id='word_1_126' title='bbox 1116 1868 1316 1927; x_wconf 84' lang='lat' dir='ltr'><strong>Justini</strong></span> <span class='ocrx_word' id='word_1_127' title='bbox 1335 1889 1449 1928; x_wconf 64' lang='lat' dir='ltr'><strong>aevo</strong></span> <span class='ocrx_word' id='word_1_128' title='bbox 1474 1875 1664 1944; x_wconf 82' lang='lat' dir='ltr'><strong>religio</strong></span> <span class='ocrx_word' id='word_1_129' title='bbox 1694 1877 1852 1929; x_wconf 78' lang='lat' dir='ltr'><strong>Chri-</strong></span> 
     </span>
    </p>
   </div>
   <div class='ocr_carea' id='block_1_20' title="bbox 251 1958 1851 2030">
    <p class='ocr_par' dir='ltr' id='par_1_20' title="bbox 251 1958 1851 2030">
     <span class='ocr_line' id='line_1_20' title="bbox 251 1958 1851 2030; baseline 0.008 -21"><span class='ocrx_word' id='word_1_130' title='bbox 251 1958 426 2010; x_wconf 85' lang='lat' dir='ltr'><strong>stiana</strong></span> <span class='ocrx_word' id='word_1_131' title='bbox 459 1973 571 2012; x_wconf 91' lang='lat' dir='ltr'><strong>non</strong></span> <span class='ocrx_word' id='word_1_132' title='bbox 607 1960 907 2013; x_wconf 84' lang='lat' dir='ltr'><strong>admodum</strong></span> <span class='ocrx_word' id='word_1_133' title='bbox 940 1964 1440 2030; x_wconf 89' lang='lat' dir='ltr'><strong>recensvideretur,</strong></span> <span class='ocrx_word' id='word_1_134' title='bbox 1470 1981 1596 2020; x_wconf 89' lang='lat' dir='ltr'><strong>cmn</strong></span> <span class='ocrx_word' id='word_1_135' title='bbox 1639 1967 1851 2023; x_wconf 89' lang='lat' dir='ltr'><strong>Tertul-</strong></span> 
     </span>
    </p>
   </div>
   <div class='ocr_carea' id='block_1_21' title="bbox 248 2046 1851 2131">
    <p class='ocr_par' dir='ltr' id='par_1_21' title="bbox 248 2046 1851 2131">
     <span class='ocr_line' id='line_1_21' title="bbox 248 2046 1851 2131; baseline 0.01 -32"><span class='ocrx_word' id='word_1_136' title='bbox 248 2046 425 2103; x_wconf 83' lang='lat' dir='ltr'><strong>lianus</strong></span> <span class='ocrx_word' id='word_1_137' title='bbox 453 2050 694 2115; x_wconf 77' lang='lat' dir='ltr'><strong>dixerit,</strong></span> <span class='ocrx_word' id='word_1_138' title='bbox 740 2049 994 2106; x_wconf 76' lang='lat' dir='ltr'><strong>Hesterni</strong></span> <span class='ocrx_word' id='word_1_139' title='bbox 1029 2070 1215 2109; x_wconf 86' lang='lat' dir='ltr'><strong>sumus</strong></span> <span class='ocrx_word' id='word_1_140' title='bbox 1256 2054 1428 2126; x_wconf 80' lang='lat' dir='ltr'><strong>(Apol.</strong></span> <span class='ocrx_word' id='word_1_141' title='bbox 1459 2072 1579 2127; x_wconf 86' lang='lat' dir='ltr'><strong>cap.</strong></span> <span class='ocrx_word' id='word_1_142' title='bbox 1605 2058 1851 2131; x_wconf 81' lang='lat' dir='ltr'><strong>&#39;57)?Ju-</strong></span> 
     </span>
    </p>
   </div>
   <div class='ocr_carea' id='block_1_22' title="bbox 248 2139 1848 2219">
    <p class='ocr_par' dir='ltr' id='par_1_22' title="bbox 248 2139 1848 2219">
     <span class='ocr_line' id='line_1_22' title="bbox 248 2139 1848 2219; baseline 0.008 -27"><span class='ocrx_word' id='word_1_143' title='bbox 248 2139 419 2193; x_wconf 77' lang='lat' dir='ltr'><strong>stinus</strong></span> <span class='ocrx_word' id='word_1_144' title='bbox 460 2142 585 2211; x_wconf 90' lang='lat' dir='ltr'><strong>ipse</strong></span> <span class='ocrx_word' id='word_1_145' title='bbox 624 2142 682 2195; x_wconf 90' lang='lat' dir='ltr'><strong>in</strong></span> <span class='ocrx_word' id='word_1_146' title='bbox 716 2144 874 2209; x_wconf 79' lang='lat' dir='ltr'><strong>Apol.</strong></span> <span class='ocrx_word' id='word_1_147' title='bbox 926 2146 978 2213; x_wconf 83' lang='lat' dir='ltr'><strong>i,</strong></span> <span class='ocrx_word' id='word_1_148' title='bbox 1010 2162 1067 2201; x_wconf 93' lang='lat' dir='ltr'><strong>n.</strong></span> <span class='ocrx_word' id='word_1_149' title='bbox 1101 2147 1196 2212; x_wconf 77' lang='lat'><strong>65,</strong></span> <span class='ocrx_word' id='word_1_150' title='bbox 1233 2148 1422 2203; x_wconf 88' lang='lat' dir='ltr'><strong>eadem</strong></span> <span class='ocrx_word' id='word_1_151' title='bbox 1454 2150 1707 2219; x_wconf 83' lang='lat' dir='ltr'><strong>loquendi</strong></span> <span class='ocrx_word' id='word_1_152' title='bbox 1763 2170 1848 2207; x_wconf 86' lang='lat' dir='ltr'><strong>ra-</strong></span> 
     </span>
    </p>
   </div>
   <div class='ocr_carea' id='block_1_23' title="bbox 251 2231 1847 2302">
    <p class='ocr_par' dir='ltr' id='par_1_23' title="bbox 251 2231 1847 2302">
     <span class='ocr_line' id='line_1_23' title="bbox 251 2231 1847 2302; baseline 0.008 -19"><span class='ocrx_word' id='word_1_153' title='bbox 251 2231 396 2285; x_wconf 87' lang='lat' dir='ltr'><strong>tione</strong></span> <span class='ocrx_word' id='word_1_154' title='bbox 425 2232 631 2287; x_wconf 84' lang='lat' dir='ltr'><strong>utitur.</strong></span> <span class='ocrx_word' id='word_1_155' title='bbox 683 2232 781 2285; x_wconf 85' lang='lat' dir='ltr'><strong>Ait</strong></span> <span class='ocrx_word' id='word_1_156' title='bbox 810 2234 956 2287; x_wconf 89' lang='lat' dir='ltr'><strong>enim</strong></span> <span class='ocrx_word' id='word_1_157' title='bbox 995 2234 1183 2289; x_wconf 83' lang='lat' dir='ltr'><strong>Jesum</strong></span> <span class='ocrx_word' id='word_1_158' title='bbox 1224 2236 1513 2302; x_wconf 84' lang='lat' dir='ltr'><strong>Christum,</strong></span> <span class='ocrx_word' id='word_1_159' title='bbox 1548 2256 1665 2291; x_wconf 89' lang='lat' dir='ltr'><strong>cum</strong></span> <span class='ocrx_word' id='word_1_160' title='bbox 1690 2250 1847 2296; x_wconf 76' lang='lat' dir='ltr'><strong>antea</strong></span> 
     </span>
    </p>
   </div>
   <div class='ocr_carea' id='block_1_24' title="bbox 260 2322 1843 2398">
    <p class='ocr_par' dir='ltr' id='par_1_24' title="bbox 260 2322 1843 2398">
     <span class='ocr_line' id='line_1_24' title="bbox 260 2322 1843 2398; baseline 0.007 -23"><span class='ocrx_word' id='word_1_161' title='bbox 260 2322 481 2378; x_wconf 69' lang='lat' dir='ltr'><strong>Verbum</strong></span> <span class='ocrx_word' id='word_1_162' title='bbox 499 2336 666 2392; x_wconf 82' lang='lat' dir='ltr'><strong>esset,</strong></span> <span class='ocrx_word' id='word_1_163' title='bbox 701 2344 770 2382; x_wconf 85' lang='lat' dir='ltr'><strong>ac</strong></span> <span class='ocrx_word' id='word_1_164' title='bbox 795 2329 951 2382; x_wconf 85' lang='lat' dir='ltr'><strong>modo</strong></span> <span class='ocrx_word' id='word_1_165' title='bbox 974 2329 1028 2383; x_wconf 89' lang='lat' dir='ltr'><strong>in</strong></span> <span class='ocrx_word' id='word_1_166' title='bbox 1048 2331 1221 2397; x_wconf 80' lang='lat' dir='ltr'><strong>specie</strong></span> <span class='ocrx_word' id='word_1_167' title='bbox 1257 2330 1414 2398; x_wconf 89' lang='lat' dir='ltr'><strong>ignis,</strong></span> <span class='ocrx_word' id='word_1_168' title='bbox 1442 2331 1596 2383; x_wconf 89' lang='lat' dir='ltr'><strong>modo</strong></span> <span class='ocrx_word' id='word_1_169' title='bbox 1620 2332 1675 2384; x_wconf 89' lang='lat' dir='ltr'><strong>in</strong></span> <span class='ocrx_word' id='word_1_170' title='bbox 1703 2334 1843 2386; x_wconf 88' lang='lat' dir='ltr'><strong>ima-</strong></span> 
     </span>
    </p>
   </div>
   <div class='ocr_carea' id='block_1_25' title="bbox 245 2417 1845 2487">
    <p class='ocr_par' dir='ltr' id='par_1_25' title="bbox 245 2417 1845 2487">
     <span class='ocr_line' id='line_1_25' title="bbox 245 2417 1845 2487; baseline 0.007 -18"><span class='ocrx_word' id='word_1_171' title='bbox 245 2420 359 2483; x_wconf 74' lang='lat' dir='ltr'><strong>gine</strong></span> <span class='ocrx_word' id='word_1_172' title='bbox 382 2417 723 2487; x_wconf 80' lang='lat' dir='ltr'><strong>incorporea</strong></span> <span class='ocrx_word' id='word_1_173' title='bbox 766 2420 913 2473; x_wconf 76' lang='lat' dir='ltr'><strong>visus</strong></span> <span class='ocrx_word' id='word_1_174' title='bbox 933 2430 1065 2473; x_wconf 89' lang='lat' dir='ltr'><strong>esset</strong></span> <span class='ocrx_word' id='word_1_175' title='bbox 1094 2436 1151 2472; x_wconf 81' lang='lat' dir='ltr'><strong>:t</strong></span> <span class='ocrx_word' id='word_1_176' title='bbox 1191 2436 1331 2474; x_wconf 90' lang='lat' dir='ltr'><strong>nunc</strong></span> <span class='ocrx_word' id='word_1_177' title='bbox 1356 2421 1639 2477; x_wconf 87' lang='lat' dir='ltr'><strong>voluntate</strong></span> <span class='ocrx_word' id='word_1_178' title='bbox 1666 2422 1845 2480; x_wconf 90' lang='lat' dir='ltr'><strong>Patris</strong></span> 
     </span>
    </p>
   </div>
   <div class='ocr_carea' id='block_1_26' title="bbox 244 2511 1843 2580">
    <p class='ocr_par' dir='ltr' id='par_1_26' title="bbox 244 2511 1843 2580">
     <span class='ocr_line' id='line_1_26' title="bbox 244 2511 1843 2580; baseline 0.004 -17"><span class='ocrx_word' id='word_1_179' title='bbox 244 2525 341 2578; x_wconf 86' lang='lat' dir='ltr'><strong>pro</strong></span> <span class='ocrx_word' id='word_1_180' title='bbox 366 2511 659 2564; x_wconf 83' lang='lat' dir='ltr'><strong>hominum</strong></span> <span class='ocrx_word' id='word_1_181' title='bbox 689 2525 896 2580; x_wconf 79' lang='lat' dir='ltr'><strong>genere</strong></span> <span class='ocrx_word' id='word_1_182' title='bbox 926 2512 1204 2565; x_wconf 86' lang='lat' dir='ltr'><strong>hominem</strong></span> <span class='ocrx_word' id='word_1_183' title='bbox 1235 2512 1459 2578; x_wconf 81' lang='lat' dir='ltr'><strong>factum,</strong></span> <span class='ocrx_word' id='word_1_184' title='bbox 1500 2531 1517 2564; x_wconf 86' lang='grc'><strong>1</strong></span> <span class='ocrx_word' id='word_1_185' title='bbox 1550 2513 1645 2567; x_wconf 80' lang='grc' dir='ltr'><strong>νῦν</strong></span> <span class='ocrx_word' id='word_1_186' title='bbox 1676 2515 1731 2568; x_wconf 86' lang='grc' dir='ltr'><strong>δὲ</strong></span> <span class='ocrx_word' id='word_1_187' title='bbox 1753 2516 1843 2569; x_wconf 77' lang='grc' dir='ltr'>διὰ</span> 
     </span>
    </p>
   </div>
   <div class='ocr_carea' id='block_1_27' title="bbox 247 2602 1841 2678">
    <p class='ocr_par' dir='ltr' id='par_1_27' title="bbox 247 2602 1841 2678">
     <span class='ocr_line' id='line_1_27' title="bbox 247 2602 1841 2678; baseline 0.004 -24"><span class='ocrx_word' id='word_1_188' title='bbox 247 2603 548 2673; x_wconf 66' lang='grc' dir='ltr'><strong>θελήματος</strong></span> <span class='ocrx_word' id='word_1_189' title='bbox 585 2602 731 2656; x_wconf 74' lang='grc' dir='ltr'>Θεοῦ</span> <span class='ocrx_word' id='word_1_190' title='bbox 764 2603 906 2675; x_wconf 76' lang='grc' dir='ltr'><strong>ὑπὲρ</strong></span> <span class='ocrx_word' id='word_1_191' title='bbox 930 2603 1023 2656; x_wconf 82' lang='grc' dir='ltr'><strong>τοῦ</strong></span> <span class='ocrx_word' id='word_1_192' title='bbox 1045 2603 1385 2674; x_wconf 72' lang='grc' dir='ltr'>ἀνθρωπείου</span> <span class='ocrx_word' id='word_1_193' title='bbox 1418 2606 1608 2673; x_wconf 77' lang='grc' dir='ltr'>γένους</span> <span class='ocrx_word' id='word_1_194' title='bbox 1627 2606 1841 2678; x_wconf 78' lang='grc' dir='ltr'><strong>ἄνθρω-</strong></span> 
     </span>
    </p>
   </div>
   <div class='ocr_carea' id='block_1_28' title="bbox 248 2697 695 2765">
    <p class='ocr_par' dir='ltr' id='par_1_28' title="bbox 248 2697 695 2765">
     <span class='ocr_line' id='line_1_28' title="bbox 248 2697 695 2765; baseline 0.002 -7"><span class='ocrx_word' id='word_1_195' title='bbox 248 2713 342 2758; x_wconf 75' lang='grc' dir='ltr'><strong>πος</strong></span> <span class='ocrx_word' id='word_1_196' title='bbox 370 2697 695 2765; x_wconf 71' lang='grc' dir='ltr'><strong>γενόμενος.</strong></span> 
     </span>
    </p>
   </div>
   <div class='ocr_carea' id='block_1_29' title="bbox 313 2783 1840 2860">
    <p class='ocr_par' dir='ltr' id='par_1_29' title="bbox 313 2783 1840 2860">
     <span class='ocr_line' id='line_1_29' title="bbox 313 2783 1840 2860; baseline 0.003 -19"><span class='ocrx_word' id='word_1_197' title='bbox 313 2786 599 2841; x_wconf 81' lang='lat' dir='ltr'><strong>Sacriﬁcia</strong></span> <span class='ocrx_word' id='word_1_198' title='bbox 621 2787 846 2856; x_wconf 84' lang='lat' dir='ltr'><strong>quidem</strong></span> <span class='ocrx_word' id='word_1_199' title='bbox 864 2783 1033 2841; x_wconf 77' lang='lat' dir='ltr'><strong>Judzei</strong></span> <span class='ocrx_word' id='word_1_200' title='bbox 1059 2787 1253 2843; x_wconf 82' lang='lat' dir='ltr'><strong>oﬂ&#39;erre</strong></span> <span class='ocrx_word' id='word_1_201' title='bbox 1283 2790 1562 2844; x_wconf 89' lang='lat' dir='ltr'><strong>desierunt</strong></span> <span class='ocrx_word' id='word_1_202' title='bbox 1596 2800 1717 2860; x_wconf 90' lang='lat' dir='ltr'><strong>post</strong></span> <span class='ocrx_word' id='word_1_203' title='bbox 1748 2808 1840 2845; x_wconf 92' lang='lat' dir='ltr'><strong>ur-</strong></span> 
     </span>
    </p>
   </div>
   <div class='ocr_carea' id='block_1_30' title="bbox 255 2880 1839 2949">
    <p class='ocr_par' dir='ltr' id='par_1_30' title="bbox 255 2880 1839 2949">
     <span class='ocr_line' id='line_1_30' title="bbox 255 2880 1839 2949; baseline 0.003 -16"><span class='ocrx_word' id='word_1_204' title='bbox 255 2880 331 2934; x_wconf 89' lang='lat' dir='ltr'><strong>bis</strong></span> <span class='ocrx_word' id='word_1_205' title='bbox 351 2888 400 2934; x_wconf 91' lang='lat' dir='ltr'><strong>et</strong></span> <span class='ocrx_word' id='word_1_206' title='bbox 419 2880 612 2949; x_wconf 83' lang='lat' dir='ltr'><strong>templi</strong></span> <span class='ocrx_word' id='word_1_207' title='bbox 635 2896 785 2934; x_wconf 86' lang='lat' dir='ltr'><strong>anno</strong></span> <span class='ocrx_word' id='word_1_208' title='bbox 803 2880 872 2934; x_wconf 86' lang='lat'><strong>70</strong></span> <span class='ocrx_word' id='word_1_209' title='bbox 888 2881 1121 2935; x_wconf 79' lang='lat' dir='ltr'><strong>excidia.</strong></span> <span class='ocrx_word' id='word_1_210' title='bbox 1154 2881 1259 2935; x_wconf 82' lang='lat' dir='ltr'><strong>Sed</strong></span> <span class='ocrx_word' id='word_1_211' title='bbox 1291 2892 1472 2935; x_wconf 90' lang='lat' dir='ltr'><strong>tamen</strong></span> <span class='ocrx_word' id='word_1_212' title='bbox 1505 2898 1626 2936; x_wconf 92' lang='lat' dir='ltr'><strong>cum</strong></span> <span class='ocrx_word' id='word_1_213' title='bbox 1647 2894 1839 2938; x_wconf 88' lang='lat' dir='ltr'><strong>auctor</strong></span> 
     </span>
    </p>
   </div>
   <div class='ocr_carea' id='block_1_31' title="bbox 252 2971 1836 3041">
    <p class='ocr_par' dir='ltr' id='par_1_31' title="bbox 252 2971 1836 3041">
     <span class='ocr_line' id='line_1_31' title="bbox 252 2971 1836 3041; baseline 0.003 -16"><span class='ocrx_word' id='word_1_214' title='bbox 252 2973 478 3040; x_wconf 78' lang='lat' dir='ltr'><strong>epistola:</strong></span> <span class='ocrx_word' id='word_1_215' title='bbox 509 2971 648 3041; x_wconf 84' lang='lat' dir='ltr'><strong>quid</strong></span> <span class='ocrx_word' id='word_1_216' title='bbox 698 2972 1165 3029; x_wconf 70' lang='lat' dir='ltr'><strong>intersitJudreos</strong></span> <span class='ocrx_word' id='word_1_217' title='bbox 1214 2974 1355 3029; x_wconf 91' lang='lat' dir='ltr'><strong>inter</strong></span> <span class='ocrx_word' id='word_1_218' title='bbox 1406 2983 1459 3028; x_wconf 85' lang='lat' dir='ltr'><strong>et</strong></span> <span class='ocrx_word' id='word_1_219' title='bbox 1495 2976 1836 3030; x_wconf 87' lang='lat' dir='ltr'><strong>Christianos</strong></span> 
     </span>
    </p>
   </div>
   <div class='ocr_carea' id='block_1_32' title="bbox 250 3062 1833 3133">
    <p class='ocr_par' dir='ltr' id='par_1_32' title="bbox 250 3062 1833 3133">
     <span class='ocr_line' id='line_1_32' title="bbox 250 3062 1833 3133; baseline 0.002 -18"><span class='ocrx_word' id='word_1_220' title='bbox 250 3074 494 3131; x_wconf 69' lang='lat' dir='ltr'><strong>exponat,</strong></span> <span class='ocrx_word' id='word_1_221' title='bbox 521 3078 631 3117; x_wconf 90' lang='lat' dir='ltr'><strong>non</strong></span> <span class='ocrx_word' id='word_1_222' title='bbox 657 3063 935 3117; x_wconf 88' lang='lat' dir='ltr'><strong>immerito</strong></span> <span class='ocrx_word' id='word_1_223' title='bbox 957 3064 1010 3116; x_wconf 91' lang='lat' dir='ltr'><strong>in</strong></span> <span class='ocrx_word' id='word_1_224' title='bbox 1037 3062 1237 3118; x_wconf 67' lang='lat' dir='ltr'><strong>Iudaeis</strong></span> <span class='ocrx_word' id='word_1_225' title='bbox 1261 3074 1587 3133; x_wconf 90' lang='lat' dir='ltr'><strong>aspernatur</strong></span> <span class='ocrx_word' id='word_1_226' title='bbox 1610 3075 1833 3119; x_wconf 89' lang='lat' dir='ltr'><strong>cruenta</strong></span> 
     </span>
    </p>
   </div>
   <div class='ocr_carea' id='block_1_33' title="bbox 252 3153 1903 3238">
    <p class='ocr_par' dir='ltr' id='par_1_33' title="bbox 252 3153 1903 3238">
     <span class='ocr_line' id='line_1_33' title="bbox 252 3153 1903 3238; baseline 0.002 -32"><span class='ocrx_word' id='word_1_227' title='bbox 252 3153 334 3207; x_wconf 82' lang='lat' dir='ltr'><strong>illa</strong></span> <span class='ocrx_word' id='word_1_228' title='bbox 390 3153 718 3207; x_wconf 81' lang='lat' dir='ltr'><strong>animalium</strong></span> <span class='ocrx_word' id='word_1_229' title='bbox 767 3154 1073 3218; x_wconf 85' lang='lat' dir='ltr'><strong>sacriﬁcia,</strong></span> <span class='ocrx_word' id='word_1_230' title='bbox 1118 3169 1237 3223; x_wconf 62' lang='lat' dir='ltr'><strong>quae</strong></span> <span class='ocrx_word' id='word_1_231' title='bbox 1283 3164 1338 3209; x_wconf 94' lang='lat' dir='ltr'><strong>et</strong></span> <span class='ocrx_word' id='word_1_232' title='bbox 1382 3153 1594 3210; x_wconf 83' lang='lat' dir='ltr'><strong>Judaiei</strong></span> <span class='ocrx_word' id='word_1_233' title='bbox 1652 3157 1830 3211; x_wconf 90' lang='lat' dir='ltr'><strong>cultus</strong></span> <span class='ocrx_word' id='word_1_234' title='bbox 1858 3178 1903 3238; x_wconf 71' lang='grc' dir='ltr'><strong>ο</strong></span> 
     </span>
    </p>
   </div>
   <div class='ocr_carea' id='block_1_34' title="bbox 251 3244 1829 3317">
    <p class='ocr_par' dir='ltr' id='par_1_34' title="bbox 251 3244 1829 3317">
     <span class='ocr_line' id='line_1_34' title="bbox 251 3244 1829 3317; baseline 0.003 -19"><span class='ocrx_word' id='word_1_235' title='bbox 251 3260 368 3314; x_wconf 86' lang='lat' dir='ltr'><strong>pars</strong></span> <span class='ocrx_word' id='word_1_236' title='bbox 403 3256 565 3299; x_wconf 88' lang='lat' dir='ltr'><strong>erant</strong></span> <span class='ocrx_word' id='word_1_237' title='bbox 608 3244 866 3312; x_wconf 76' lang='lat' dir='ltr'><strong>insignis,</strong></span> <span class='ocrx_word' id='word_1_238' title='bbox 898 3254 953 3299; x_wconf 91' lang='lat' dir='ltr'><strong>et</strong></span> <span class='ocrx_word' id='word_1_239' title='bbox 1001 3246 1103 3299; x_wconf 84' lang='lat' dir='ltr'><strong>sibi</strong></span> <span class='ocrx_word' id='word_1_240' title='bbox 1135 3258 1231 3314; x_wconf 88' lang='lat' dir='ltr'><strong>per</strong></span> <span class='ocrx_word' id='word_1_241' title='bbox 1267 3249 1374 3300; x_wconf 92' lang='lat' dir='ltr'><strong>vim</strong></span> <span class='ocrx_word' id='word_1_242' title='bbox 1416 3256 1600 3317; x_wconf 78' lang='lat' dir='ltr'><strong>erepta</strong></span> <span class='ocrx_word' id='word_1_243' title='bbox 1635 3248 1829 3313; x_wconf 84' lang='lat' dir='ltr'><strong>Judaei,</strong></span> 
     </span>
    </p>
   </div>
   <div class='ocr_carea' id='block_1_35' title="bbox 250 3337 1828 3403">
    <p class='ocr_par' dir='ltr' id='par_1_35' title="bbox 250 3337 1828 3403">
     <span class='ocr_line' id='line_1_35' title="bbox 250 3337 1828 3403; baseline 0.004 -13"><span class='ocrx_word' id='word_1_244' title='bbox 250 3337 293 3390; x_wconf 89' lang='lat' dir='ltr'><strong>si</strong></span> <span class='ocrx_word' id='word_1_245' title='bbox 315 3338 493 3393; x_wconf 88' lang='lat' dir='ltr'><strong>minus</strong></span> <span class='ocrx_word' id='word_1_246' title='bbox 526 3353 652 3403; x_wconf 90' lang='lat' dir='ltr'><strong>usu,</strong></span> <span class='ocrx_word' id='word_1_247' title='bbox 683 3338 875 3392; x_wconf 86' lang='lat' dir='ltr'><strong>saltem</strong></span> <span class='ocrx_word' id='word_1_248' title='bbox 906 3338 1087 3392; x_wconf 90' lang='lat' dir='ltr'><strong>animo</strong></span> <span class='ocrx_word' id='word_1_249' title='bbox 1113 3349 1168 3392; x_wconf 90' lang='lat' dir='ltr'><strong>et</strong></span> <span class='ocrx_word' id='word_1_250' title='bbox 1197 3339 1472 3395; x_wconf 83' lang='lat' dir='ltr'><strong>voluntate</strong></span> <span class='ocrx_word' id='word_1_251' title='bbox 1504 3340 1828 3397; x_wconf 87' lang='lat' dir='ltr'><strong>retinebant.</strong></span> 
     </span>
    </p>
   </div>
   <div class='ocr_carea' id='block_1_36' title="bbox 247 3427 1829 3499">
    <p class='ocr_par' dir='ltr' id='par_1_36' title="bbox 247 3427 1829 3499">
     <span class='ocr_line' id='line_1_36' title="bbox 247 3427 1829 3499; baseline 0.001 -16"><span class='ocrx_word' id='word_1_252' title='bbox 247 3427 494 3484; x_wconf 77' lang='lat' dir='ltr'><strong>Pluribus</strong></span> <span class='ocrx_word' id='word_1_253' title='bbox 532 3430 662 3484; x_wconf 87' lang='lat' dir='ltr'><strong>aliis</strong></span> <span class='ocrx_word' id='word_1_254' title='bbox 701 3430 932 3498; x_wconf 83' lang='lat' dir='ltr'><strong>contigit</strong></span> <span class='ocrx_word' id='word_1_255' title='bbox 970 3428 1192 3484; x_wconf 65' lang='lat' dir='ltr'><strong>Judaeos</strong></span> <span class='ocrx_word' id='word_1_256' title='bbox 1233 3430 1424 3486; x_wconf 85' lang='lat' dir='ltr'><strong>eodem</strong></span> <span class='ocrx_word' id='word_1_257' title='bbox 1458 3432 1617 3485; x_wconf 92' lang='lat' dir='ltr'><strong>modo</strong></span> <span class='ocrx_word' id='word_1_258' title='bbox 1648 3432 1829 3499; x_wconf 78' lang='lat' dir='ltr'><strong>exagi-</strong></span> 
     </span>
    </p>
   </div>
   <div class='ocr_carea' id='block_1_37' title="bbox 250 3521 1828 3592">
    <p class='ocr_par' dir='ltr' id='par_1_37' title="bbox 250 3521 1828 3592">
     <span class='ocr_line' id='line_1_37' title="bbox 250 3521 1828 3592; baseline 0.001 -17"><span class='ocrx_word' id='word_1_259' title='bbox 250 3532 382 3577; x_wconf 87' lang='lat' dir='ltr'><strong>tare.</strong></span> <span class='ocrx_word' id='word_1_260' title='bbox 414 3524 473 3577; x_wconf 71' lang='grc' dir='ltr'><strong>ὃ.</strong></span> <span class='ocrx_word' id='word_1_261' title='bbox 511 3522 734 3576; x_wconf 85' lang='lat' dir='ltr'><strong>Phileas</strong></span> <span class='ocrx_word' id='word_1_262' title='bbox 761 3532 971 3592; x_wconf 82' lang='lat' dir='ltr'><strong>martyr</strong></span> <span class='ocrx_word' id='word_1_263' title='bbox 1003 3523 1069 3577; x_wconf 89' lang='lat' dir='ltr'><strong>de</strong></span> <span class='ocrx_word' id='word_1_264' title='bbox 1096 3521 1295 3577; x_wconf 68' lang='lat' dir='ltr'><strong>Judaeis</strong></span> <span class='ocrx_word' id='word_1_265' title='bbox 1317 3523 1397 3578; x_wconf 91' lang='lat' dir='ltr'><strong>sic</strong></span> <span class='ocrx_word' id='word_1_266' title='bbox 1426 3523 1688 3592; x_wconf 90' lang='lat' dir='ltr'><strong>loquitur,</strong></span> <span class='ocrx_word' id='word_1_267' title='bbox 1712 3525 1828 3578; x_wconf 82' lang='lat' dir='ltr'><strong>Act.</strong></span> 
     </span>
    </p>
   </div>
   <div class='ocr_carea' id='block_1_38' title="bbox 248 3610 1832 3682">
    <p class='ocr_par' dir='ltr' id='par_1_38' title="bbox 248 3610 1832 3682">
     <span class='ocr_line' id='line_1_38' title="bbox 248 3610 1832 3682; baseline 0.003 -18"><span class='ocrx_word' id='word_1_268' title='bbox 248 3624 437 3679; x_wconf 66' lang='lat' dir='ltr'><strong>nam,</strong></span> <span class='ocrx_word' id='word_1_269' title='bbox 483 3628 540 3682; x_wconf 87' lang='lat' dir='ltr'><strong>p.</strong></span> <span class='ocrx_word' id='word_1_270' title='bbox 586 3610 697 3665; x_wconf 70' lang='grc'><strong>444</strong></span> <span class='ocrx_word' id='word_1_271' title='bbox 730 3630 743 3665; x_wconf 88' lang='lat'>:</span> <span class='ocrx_word' id='word_1_272' title='bbox 782 3630 800 3662; x_wconf 83' lang='grc'><strong>1</strong></span> <span class='ocrx_word' id='word_1_273' title='bbox 842 3611 986 3667; x_wconf 89' lang='lat' dir='ltr'><strong>Solis</strong></span> <span class='ocrx_word' id='word_1_274' title='bbox 1034 3612 1238 3667; x_wconf 72' lang='lat' dir='ltr'><strong>Judaeis</strong></span> <span class='ocrx_word' id='word_1_275' title='bbox 1283 3622 1611 3681; x_wconf 63' lang='lat' dir='ltr'><strong>prmeeptum</strong></span> <span class='ocrx_word' id='word_1_276' title='bbox 1656 3614 1832 3668; x_wconf 80' lang='lat' dir='ltr'><strong>fuerat</strong></span> 
     </span>
    </p>
   </div>
   <div class='ocr_carea' id='block_1_39' title="bbox 248 3704 1827 3777">
    <p class='ocr_par' dir='ltr' id='par_1_39' title="bbox 248 3704 1827 3777">
     <span class='ocr_line' id='line_1_39' title="bbox 248 3704 1827 3777; baseline 0.004 -21"><span class='ocrx_word' id='word_1_277' title='bbox 248 3705 552 3759; x_wconf 85' lang='lat' dir='ltr'><strong>sacriﬁcare</strong></span> <span class='ocrx_word' id='word_1_278' title='bbox 608 3706 722 3759; x_wconf 88' lang='lat' dir='ltr'><strong>Deo</strong></span> <span class='ocrx_word' id='word_1_279' title='bbox 768 3704 868 3758; x_wconf 90' lang='lat' dir='ltr'><strong>soli</strong></span> <span class='ocrx_word' id='word_1_280' title='bbox 920 3704 972 3758; x_wconf 93' lang='lat' dir='ltr'><strong>in</strong></span> <span class='ocrx_word' id='word_1_281' title='bbox 1006 3704 1393 3777; x_wconf 84' lang='lat' dir='ltr'><strong>Hierosolyma.</strong></span> <span class='ocrx_word' id='word_1_282' title='bbox 1439 3705 1592 3761; x_wconf 85' lang='lat' dir='ltr'><strong>Nunc</strong></span> <span class='ocrx_word' id='word_1_283' title='bbox 1645 3717 1827 3761; x_wconf 90' lang='lat' dir='ltr'><strong>autem</strong></span> 
     </span>
    </p>
   </div>
   <div class='ocr_carea' id='block_1_40' title="bbox 246 3794 1830 3864">
    <p class='ocr_par' dir='ltr' id='par_1_40' title="bbox 246 3794 1830 3864">
     <span class='ocr_line' id='line_1_40' title="bbox 246 3794 1830 3864; baseline 0 -14"><span class='ocrx_word' id='word_1_284' title='bbox 246 3805 466 3864; x_wconf 84' lang='lat' dir='ltr'><strong>peccant</strong></span> <span class='ocrx_word' id='word_1_285' title='bbox 489 3794 666 3850; x_wconf 64' lang='lat' dir='ltr'><strong>Judaei</strong></span> <span class='ocrx_word' id='word_1_286' title='bbox 697 3797 751 3849; x_wconf 89' lang='lat' dir='ltr'><strong>in</strong></span> <span class='ocrx_word' id='word_1_287' title='bbox 785 3795 920 3850; x_wconf 90' lang='lat' dir='ltr'><strong>locis</strong></span> <span class='ocrx_word' id='word_1_288' title='bbox 950 3795 1075 3850; x_wconf 89' lang='lat' dir='ltr'><strong>aliis</strong></span> <span class='ocrx_word' id='word_1_289' title='bbox 1117 3796 1382 3851; x_wconf 89' lang='lat' dir='ltr'><strong>solemnia</strong></span> <span class='ocrx_word' id='word_1_290' title='bbox 1419 3812 1516 3851; x_wconf 87' lang='lat' dir='ltr'><strong>sua</strong></span> <span class='ocrx_word' id='word_1_291' title='bbox 1548 3797 1830 3853; x_wconf 88' lang='lat' dir='ltr'><strong>celebran-</strong></span> 
     </span>
    </p>
   </div>
   <div class='ocr_carea' id='block_1_41' title="bbox 248 3887 1826 3957">
    <p class='ocr_par' dir='ltr' id='par_1_41' title="bbox 248 3887 1826 3957">
     <span class='ocr_line' id='line_1_41' title="bbox 248 3887 1826 3957; baseline -0.001 -14"><span class='ocrx_word' id='word_1_292' title='bbox 248 3897 339 3943; x_wconf 81' lang='lat' dir='ltr'><strong>tes.</strong></span> <span class='ocrx_word' id='word_1_293' title='bbox 376 3907 395 3939; x_wconf 83' lang='grc'><strong>1</strong></span> <span class='ocrx_word' id='word_1_294' title='bbox 430 3887 706 3942; x_wconf 79' lang='lat' dir='ltr'><strong>Eusebius</strong></span> <span class='ocrx_word' id='word_1_295' title='bbox 776 3888 827 3941; x_wconf 90' lang='lat' dir='ltr'><strong>in</strong></span> <span class='ocrx_word' id='word_1_296' title='bbox 863 3887 1057 3957; x_wconf 89' lang='lat' dir='ltr'><strong>psalm.</strong></span> <span class='ocrx_word' id='word_1_297' title='bbox 1098 3903 1221 3952; x_wconf 82' lang='lat' dir='ltr'><strong>va,</strong></span> <span class='ocrx_word' id='word_1_298' title='bbox 1271 3904 1325 3942; x_wconf 93' lang='lat' dir='ltr'><strong>n.</strong></span> <span class='ocrx_word' id='word_1_299' title='bbox 1368 3889 1472 3954; x_wconf 75' lang='lat'><strong>15,</strong></span> <span class='ocrx_word' id='word_1_300' title='bbox 1518 3888 1826 3944; x_wconf 72' lang='lat' dir='ltr'><strong>Judaeorum</strong></span> 
     </span>
    </p>
   </div>
   <div class='ocr_carea' id='block_1_42' title="bbox 246 3975 1824 4047">
    <p class='ocr_par' dir='ltr' id='par_1_42' title="bbox 246 3975 1824 4047">
     <span class='ocr_line' id='line_1_42' title="bbox 246 3975 1824 4047; baseline 0.004 -20"><span class='ocrx_word' id='word_1_301' title='bbox 246 3975 425 4030; x_wconf 81' lang='lat' dir='ltr'><strong>irridet</strong></span> <span class='ocrx_word' id='word_1_302' title='bbox 474 3977 691 4045; x_wconf 89' lang='lat' dir='ltr'><strong>ineptas</strong></span> <span class='ocrx_word' id='word_1_303' title='bbox 736 3975 967 4042; x_wconf 81' lang='lat' dir='ltr'><strong>fabulas,</strong></span> <span class='ocrx_word' id='word_1_304' title='bbox 1024 3977 1191 4030; x_wconf 87' lang='lat' dir='ltr'><strong>Deum</strong></span> <span class='ocrx_word' id='word_1_305' title='bbox 1233 3979 1433 4031; x_wconf 83' lang='lat' dir='ltr'><strong>scilicet</strong></span> <span class='ocrx_word' id='word_1_306' title='bbox 1480 3979 1824 4047; x_wconf 83' lang='lat' dir='ltr'><strong>holocaustis,</strong></span> 
     </span>
    </p>
   </div>
   <div class='ocr_carea' id='block_1_43' title="bbox 246 4066 1826 4137">
    <p class='ocr_par' dir='ltr' id='par_1_43' title="bbox 246 4066 1826 4137">
     <span class='ocr_line' id='line_1_43' title="bbox 246 4066 1826 4137; baseline 0.004 -19"><span class='ocrx_word' id='word_1_307' title='bbox 246 4066 600 4135; x_wconf 67' lang='lat' dir='ltr'><strong>thymiamatis</strong></span> <span class='ocrx_word' id='word_1_308' title='bbox 629 4085 842 4122; x_wconf 81' lang='lat' dir='ltr'><strong>sensum</strong></span> <span class='ocrx_word' id='word_1_309' title='bbox 878 4069 1222 4131; x_wconf 88' lang='lat' dir='ltr'><strong>moventibus,</strong></span> <span class='ocrx_word' id='word_1_310' title='bbox 1252 4080 1341 4122; x_wconf 90' lang='lat' dir='ltr'><strong>aut</strong></span> <span class='ocrx_word' id='word_1_311' title='bbox 1386 4071 1634 4137; x_wconf 87' lang='lat' dir='ltr'><strong>arietum,</strong></span> <span class='ocrx_word' id='word_1_312' title='bbox 1671 4072 1826 4125; x_wconf 88' lang='lat' dir='ltr'><strong>boum</strong></span> 
     </span>
    </p>
   </div>
   <div class='ocr_carea' id='block_1_44' title="bbox 243 4160 1822 4231">
    <p class='ocr_par' dir='ltr' id='par_1_44' title="bbox 243 4160 1822 4231">
     <span class='ocr_line' id='line_1_44' title="bbox 243 4160 1822 4231; baseline 0.004 -20"><span class='ocrx_word' id='word_1_313' title='bbox 243 4170 289 4211; x_wconf 84' lang='lat' dir='ltr'><strong>et</strong></span> <span class='ocrx_word' id='word_1_314' title='bbox 331 4161 606 4211; x_wconf 80' lang='lat' dir='ltr'><strong>hircorum</strong></span> <span class='ocrx_word' id='word_1_315' title='bbox 656 4160 916 4228; x_wconf 85' lang='lat' dir='ltr'><strong>sanguine</strong></span> <span class='ocrx_word' id='word_1_316' title='bbox 957 4160 1229 4215; x_wconf 82' lang='lat' dir='ltr'><strong>delectari.</strong></span> <span class='ocrx_word' id='word_1_317' title='bbox 1275 4160 1518 4215; x_wconf 83' lang='lat' dir='ltr'><strong>Julianus</strong></span> <span class='ocrx_word' id='word_1_318' title='bbox 1572 4163 1713 4231; x_wconf 92' lang='lat' dir='ltr'><strong>apud</strong></span> <span class='ocrx_word' id='word_1_319' title='bbox 1764 4162 1822 4217; x_wconf 92' lang='lat' dir='ltr'><strong>S.</strong></span> 
     </span>
    </p>
   </div>
   <div class='ocr_carea' id='block_1_45' title="bbox 244 4248 1825 4321">
    <p class='ocr_par' dir='ltr' id='par_1_45' title="bbox 244 4248 1825 4321">
     <span class='ocr_line' id='line_1_45' title="bbox 244 4248 1825 4321; baseline 0.003 -19"><span class='ocrx_word' id='word_1_320' title='bbox 244 4248 495 4318; x_wconf 76' lang='lat' dir='ltr'><strong>Cyrillum</strong></span> <span class='ocrx_word' id='word_1_321' title='bbox 542 4250 730 4313; x_wconf 83' lang='lat' dir='ltr'><strong>Alex.,</strong></span> <span class='ocrx_word' id='word_1_322' title='bbox 766 4250 862 4309; x_wconf 89' lang='lat' dir='ltr'><strong>lib.</strong></span> <span class='ocrx_word' id='word_1_323' title='bbox 910 4266 992 4315; x_wconf 77' lang='lat' dir='ltr'><strong>tx,</strong></span> <span class='ocrx_word' id='word_1_324' title='bbox 1037 4266 1091 4319; x_wconf 91' lang='lat' dir='ltr'><strong>p.</strong></span> <span class='ocrx_word' id='word_1_325' title='bbox 1125 4252 1250 4317; x_wconf 82' lang='grc'><strong>⁵505,</strong></span> <span class='ocrx_word' id='word_1_326' title='bbox 1290 4253 1491 4321; x_wconf 60' lang='lat' dir='ltr'><strong>quaerit</strong></span> <span class='ocrx_word' id='word_1_327' title='bbox 1529 4268 1627 4305; x_wconf 86' lang='lat' dir='ltr'><strong>cur</strong></span> <span class='ocrx_word' id='word_1_328' title='bbox 1664 4252 1825 4307; x_wconf 84' lang='lat' dir='ltr'><strong>Chri-</strong></span> 
     </span>
    </p>
   </div>
   <div class='ocr_carea' id='block_1_46' title="bbox 244 4341 1824 4399">
    <p class='ocr_par' dir='ltr' id='par_1_46' title="bbox 244 4341 1824 4399">
     <span class='ocr_line' id='line_1_46' title="bbox 244 4341 1824 4399; baseline 0.004 -6"><span class='ocrx_word' id='word_1_329' title='bbox 244 4342 398 4395; x_wconf 84' lang='lat' dir='ltr'><strong>stiani</strong></span> <span class='ocrx_word' id='word_1_330' title='bbox 427 4358 535 4397; x_wconf 90' lang='lat' dir='ltr'><strong>non</strong></span> <span class='ocrx_word' id='word_1_331' title='bbox 561 4341 757 4395; x_wconf 83' lang='lat' dir='ltr'><strong>saltem</strong></span> <span class='ocrx_word' id='word_1_332' title='bbox 790 4341 904 4397; x_wconf 87' lang='lat' dir='ltr'><strong>Deo</strong></span> <span class='ocrx_word' id='word_1_333' title='bbox 929 4343 1263 4398; x_wconf 89' lang='lat' dir='ltr'><strong>sacriﬁcent.</strong></span> <span class='ocrx_word' id='word_1_334' title='bbox 1292 4344 1583 4398; x_wconf 87' lang='lat' dir='ltr'><strong>Contendit</strong></span> <span class='ocrx_word' id='word_1_335' title='bbox 1607 4343 1824 4399; x_wconf 73' lang='lat' dir='ltr'><strong>Judmos</strong></span> 
     </span>
    </p>
   </div>
   <div class='ocr_carea' id='block_1_47' title="bbox 244 4434 1825 4506">
    <p class='ocr_par' dir='ltr' id='par_1_47' title="bbox 244 4434 1825 4506">
     <span class='ocr_line' id='line_1_47' title="bbox 244 4434 1825 4506; baseline 0.004 -21"><span class='ocrx_word' id='word_1_336' title='bbox 244 4434 536 4487; x_wconf 87' lang='lat' dir='ltr'><strong>etiamnum</strong></span> <span class='ocrx_word' id='word_1_337' title='bbox 563 4434 883 4489; x_wconf 81' lang='lat' dir='ltr'><strong>sacriﬁcare</strong></span> <span class='ocrx_word' id='word_1_338' title='bbox 908 4436 961 4487; x_wconf 93' lang='lat' dir='ltr'><strong>in</strong></span> <span class='ocrx_word' id='word_1_339' title='bbox 992 4436 1243 4490; x_wconf 89' lang='lat' dir='ltr'><strong>domibus</strong></span> <span class='ocrx_word' id='word_1_340' title='bbox 1268 4438 1382 4491; x_wconf 91' lang='lat' dir='ltr'><strong>suis</strong></span> <span class='ocrx_word' id='word_1_341' title='bbox 1404 4446 1457 4491; x_wconf 89' lang='lat' dir='ltr'><strong>et</strong></span> <span class='ocrx_word' id='word_1_342' title='bbox 1479 4438 1693 4506; x_wconf 89' lang='lat' dir='ltr'><strong>precari</strong></span> <span class='ocrx_word' id='word_1_343' title='bbox 1724 4452 1825 4491; x_wconf 88' lang='lat' dir='ltr'><strong>an-</strong></span> 
     </span>
    </p>
   </div>
   <div class='ocr_carea' id='block_1_48' title="bbox 247 4508 2343 4599">
    <p class='ocr_par' dir='ltr' id='par_1_48' title="bbox 247 4508 2343 4599">
     <span class='ocr_line' id='line_1_48' title="bbox 247 4508 2343 4599; baseline -0 -19"><span class='ocrx_word' id='word_1_344' title='bbox 247 4536 453 4593; x_wconf 82' lang='lat' dir='ltr'><strong>tequam</strong></span> <span class='ocrx_word' id='word_1_345' title='bbox 494 4526 845 4590; x_wconf 83' lang='lat' dir='ltr'><strong>sacriﬁcent,</strong></span> <span class='ocrx_word' id='word_1_346' title='bbox 891 4538 946 4582; x_wconf 89' lang='lat' dir='ltr'><strong>et</strong></span> <span class='ocrx_word' id='word_1_347' title='bbox 1002 4528 1250 4582; x_wconf 81' lang='lat' dir='ltr'><strong>dextrum</strong></span> <span class='ocrx_word' id='word_1_348' title='bbox 1295 4545 1506 4583; x_wconf 90' lang='lat' dir='ltr'><strong>armum</strong></span> <span class='ocrx_word' id='word_1_349' title='bbox 1554 4531 1824 4599; x_wconf 79' lang='lat' dir='ltr'><strong>primitias</strong></span> <span class='ocrx_word' id='word_1_350' title='bbox 1857 4523 1901 4577; x_wconf 84' lang='grc' dir='ltr'><strong>Ι)</strong></span> <span class='ocrx_word' id='word_1_351' title='bbox 1934 4508 2050 4556; x_wconf 64' lang='lat' dir='ltr'><strong>mre</strong></span> <span class='ocrx_word' id='word_1_352' title='bbox 2080 4518 2209 4557; x_wconf 70' lang='lat' dir='ltr'><strong>usus</strong></span> <span class='ocrx_word' id='word_1_353' title='bbox 2239 4510 2343 4559; x_wconf 63' lang='grc' dir='ltr'><strong>θεία</strong></span> 
     </span>
    </p>
   </div>
   <div class='ocr_carea' id='block_1_49' title="bbox 247 4617 1824 4688">
    <p class='ocr_par' dir='ltr' id='par_1_49' title="bbox 247 4617 1824 4688">
     <span class='ocr_line' id='line_1_49' title="bbox 247 4617 1824 4688; baseline 0.003 -17"><span class='ocrx_word' id='word_1_354' title='bbox 247 4617 370 4671; x_wconf 83' lang='lat' dir='ltr'><strong>dare</strong></span> <span class='ocrx_word' id='word_1_355' title='bbox 414 4621 827 4683; x_wconf 86' lang='lat' dir='ltr'><strong>sacerdotibus;</strong></span> <span class='ocrx_word' id='word_1_356' title='bbox 874 4621 969 4674; x_wconf 83' lang='lat' dir='ltr'><strong>sed</strong></span> <span class='ocrx_word' id='word_1_357' title='bbox 1015 4622 1236 4674; x_wconf 88' lang='lat' dir='ltr'><strong>orbatos</strong></span> <span class='ocrx_word' id='word_1_358' title='bbox 1287 4622 1486 4688; x_wconf 91' lang='lat' dir='ltr'><strong>templo</strong></span> <span class='ocrx_word' id='word_1_359' title='bbox 1533 4633 1589 4676; x_wconf 91' lang='lat' dir='ltr'><strong>et</strong></span> <span class='ocrx_word' id='word_1_360' title='bbox 1637 4623 1824 4687; x_wconf 89' lang='lat' dir='ltr'><strong>altari,</strong></span> 
     </span>
    </p>
   </div>
   <div class='ocr_carea' id='block_1_50' title="bbox 246 4711 1823 4784">
    <p class='ocr_par' dir='ltr' id='par_1_50' title="bbox 246 4711 1823 4784">
     <span class='ocr_line' id='line_1_50' title="bbox 246 4711 1823 4784; baseline 0.004 -21"><span class='ocrx_word' id='word_1_361' title='bbox 246 4721 351 4775; x_wconf 87' lang='lat' dir='ltr'><strong>aut,</strong></span> <span class='ocrx_word' id='word_1_362' title='bbox 390 4722 447 4765; x_wconf 91' lang='lat' dir='ltr'><strong>ut</strong></span> <span class='ocrx_word' id='word_1_363' title='bbox 475 4711 645 4781; x_wconf 86' lang='lat' dir='ltr'><strong>vulgo</strong></span> <span class='ocrx_word' id='word_1_364' title='bbox 691 4712 995 4781; x_wconf 87' lang='lat' dir='ltr'><strong>appellant,</strong></span> <span class='ocrx_word' id='word_1_365' title='bbox 1035 4716 1367 4776; x_wconf 89' lang='lat' dir='ltr'><strong>sanctuario,</strong></span> <span class='ocrx_word' id='word_1_366' title='bbox 1405 4715 1649 4783; x_wconf 91' lang='lat' dir='ltr'><strong>impediri</strong></span> <span class='ocrx_word' id='word_1_367' title='bbox 1689 4730 1823 4784; x_wconf 60' lang='lat' dir='ltr'><strong>quo.</strong></span> 
     </span>
    </p>
   </div>
   <div class='ocr_carea' id='block_1_51' title="bbox 245 4802 1821 4872">
    <p class='ocr_par' dir='ltr' id='par_1_51' title="bbox 245 4802 1821 4872">
     <span class='ocr_line' id='line_1_51' title="bbox 245 4802 1821 4872; baseline 0.004 -17"><span class='ocrx_word' id='word_1_368' title='bbox 245 4805 412 4857; x_wconf 85' lang='lat' dir='ltr'><strong>minus</strong></span> <span class='ocrx_word' id='word_1_369' title='bbox 444 4802 560 4857; x_wconf 89' lang='lat' dir='ltr'><strong>Deo</strong></span> <span class='ocrx_word' id='word_1_370' title='bbox 588 4804 934 4857; x_wconf 78' lang='lat' dir='ltr'><strong>victimarum</strong></span> <span class='ocrx_word' id='word_1_371' title='bbox 976 4805 1247 4872; x_wconf 89' lang='lat' dir='ltr'><strong>primitias</strong></span> <span class='ocrx_word' id='word_1_372' title='bbox 1288 4805 1538 4858; x_wconf 83' lang='lat' dir='ltr'><strong>oiIerant.</strong></span> <span class='ocrx_word' id='word_1_373' title='bbox 1586 4805 1821 4862; x_wconf 89' lang='lat' dir='ltr'><strong>Hilarius</strong></span> 
     </span>
    </p>
   </div>
   <div class='ocr_carea' id='block_1_52' title="bbox 246 4892 1817 4963">
    <p class='ocr_par' dir='ltr' id='par_1_52' title="bbox 246 4892 1817 4963">
     <span class='ocr_line' id='line_1_52' title="bbox 246 4892 1817 4963; baseline 0.003 -16"><span class='ocrx_word' id='word_1_374' title='bbox 246 4895 319 4947; x_wconf 81' lang='lat' dir='ltr'><strong>sic</strong></span> <span class='ocrx_word' id='word_1_375' title='bbox 350 4895 415 4948; x_wconf 89' lang='lat' dir='ltr'><strong>de</strong></span> <span class='ocrx_word' id='word_1_376' title='bbox 443 4894 643 4949; x_wconf 90' lang='lat' dir='ltr'><strong>iisdem</strong></span> <span class='ocrx_word' id='word_1_377' title='bbox 672 4894 725 4948; x_wconf 93' lang='lat' dir='ltr'><strong>in</strong></span> <span class='ocrx_word' id='word_1_378' title='bbox 742 4892 1110 4963; x_wconf 83' lang='lat' dir='ltr'><strong>psalm.t.vm,</strong></span> <span class='ocrx_word' id='word_1_379' title='bbox 1159 4911 1213 4947; x_wconf 93' lang='lat' dir='ltr'><strong>n.</strong></span> <span class='ocrx_word' id='word_1_380' title='bbox 1263 4896 1329 4950; x_wconf 70' lang='grc'><strong>12</strong></span> <span class='ocrx_word' id='word_1_381' title='bbox 1360 4914 1373 4949; x_wconf 91' lang='lat'>:</span> <span class='ocrx_word' id='word_1_382' title='bbox 1414 4914 1432 4949; x_wconf 81' lang='grc'><strong>1</strong></span> <span class='ocrx_word' id='word_1_383' title='bbox 1468 4897 1569 4950; x_wconf 82' lang='lat' dir='ltr'><strong>Per</strong></span> <span class='ocrx_word' id='word_1_384' title='bbox 1607 4899 1817 4953; x_wconf 88' lang='lat' dir='ltr'><strong>diversa</strong></span> 
     </span>
    </p>
   </div>
   <div class='ocr_carea' id='block_1_53' title="bbox 246 4986 1820 5053">
    <p class='ocr_par' dir='ltr' id='par_1_53' title="bbox 246 4986 1820 5053">
     <span class='ocr_line' id='line_1_53' title="bbox 246 4986 1820 5053; baseline 0.002 -13"><span class='ocrx_word' id='word_1_385' title='bbox 246 4988 469 5053; x_wconf 82' lang='lat' dir='ltr'><strong>speciem</strong></span> <span class='ocrx_word' id='word_1_386' title='bbox 511 4986 809 5041; x_wconf 86' lang='lat' dir='ltr'><strong>sacerdotii</strong></span> <span class='ocrx_word' id='word_1_387' title='bbox 857 4986 1004 5043; x_wconf 81' lang='lat' dir='ltr'><strong>illius</strong></span> <span class='ocrx_word' id='word_1_388' title='bbox 1047 4988 1276 5053; x_wconf 81' lang='lat' dir='ltr'><strong>legitimi</strong></span> <span class='ocrx_word' id='word_1_389' title='bbox 1318 4998 1374 5042; x_wconf 91' lang='lat' dir='ltr'><strong>et</strong></span> <span class='ocrx_word' id='word_1_390' title='bbox 1425 4990 1721 5044; x_wconf 81' lang='lat' dir='ltr'><strong>liolocausti</strong></span> <span class='ocrx_word' id='word_1_391' title='bbox 1767 5001 1820 5045; x_wconf 89' lang='lat' dir='ltr'><strong>et</strong></span> 
     </span>
    </p>
   </div>
   <div class='ocr_carea' id='block_1_54' title="bbox 245 5078 1817 5155">
    <p class='ocr_par' dir='ltr' id='par_1_54' title="bbox 245 5078 1817 5155">
     <span class='ocr_line' id='line_1_54' title="bbox 245 5078 1817 5155; baseline 0.003 -23"><span class='ocrx_word' id='word_1_392' title='bbox 245 5080 671 5133; x_wconf 87' lang='lat' dir='ltr'><strong>circumcisionis</strong></span> <span class='ocrx_word' id='word_1_393' title='bbox 701 5078 1029 5133; x_wconf 81' lang='lat' dir='ltr'><strong>imitantur:</strong></span> <span class='ocrx_word' id='word_1_394' title='bbox 1065 5096 1187 5135; x_wconf 90' lang='lat' dir='ltr'><strong>cum</strong></span> <span class='ocrx_word' id='word_1_395' title='bbox 1239 5083 1355 5135; x_wconf 59' lang='lat' dir='ltr'><strong>haec</strong></span> <span class='ocrx_word' id='word_1_396' title='bbox 1391 5091 1595 5135; x_wconf 90' lang='lat' dir='ltr'><strong>tantum</strong></span> <span class='ocrx_word' id='word_1_397' title='bbox 1627 5082 1693 5155; x_wconf 81' lang='grc' dir='ltr'><strong>[Ῑ.</strong></span> <span class='ocrx_word' id='word_1_398' title='bbox 1734 5093 1817 5137; x_wconf 84' lang='lat' dir='ltr'><strong>ta-</strong></span> 
     </span>
    </p>
   </div>
   <div class='ocr_carea' id='block_1_55' title="bbox 243 5172 1814 5246">
    <p class='ocr_par' dir='ltr' id='par_1_55' title="bbox 243 5172 1814 5246">
     <span class='ocr_line' id='line_1_55' title="bbox 243 5172 1814 5246; baseline 0.001 -19"><span class='ocrx_word' id='word_1_399' title='bbox 243 5172 381 5244; x_wconf 78' lang='lat' dir='ltr'><strong>men]</strong></span> <span class='ocrx_word' id='word_1_400' title='bbox 411 5172 636 5227; x_wconf 87' lang='lat' dir='ltr'><strong>nonnisi</strong></span> <span class='ocrx_word' id='word_1_401' title='bbox 662 5173 809 5227; x_wconf 90' lang='lat' dir='ltr'><strong>intra</strong></span> <span class='ocrx_word' id='word_1_402' title='bbox 828 5174 1253 5246; x_wconf 82' lang='lat' dir='ltr'><strong>Hierosolymam</strong></span> <span class='ocrx_word' id='word_1_403' title='bbox 1266 5175 1376 5231; x_wconf 86' lang='lat' dir='ltr'><strong>sint</strong></span> <span class='ocrx_word' id='word_1_404' title='bbox 1413 5173 1651 5244; x_wconf 72' lang='lat' dir='ltr'><strong>legitima</strong></span> <span class='ocrx_word' id='word_1_405' title='bbox 1682 5191 1814 5231; x_wconf 86' lang='lat' dir='ltr'><strong>con-</strong></span> 
     </span>
    </p>
   </div>
   <div class='ocr_carea' id='block_1_56' title="bbox 244 5266 497 5323">
    <p class='ocr_par' dir='ltr' id='par_1_56' title="bbox 244 5266 497 5323">
     <span class='ocr_line' id='line_1_56' title="bbox 244 5266 497 5323; baseline -0.004 -5"><span class='ocrx_word' id='word_1_406' title='bbox 244 5266 442 5323; x_wconf 86' lang='lat' dir='ltr'><strong>stitnta.</strong></span> <span class='ocrx_word' id='word_1_407' title='bbox 477 5284 497 5317; x_wconf 82' lang='grc'><strong>1</strong></span> 
     </span>
    </p>
   </div>
   <div class='ocr_carea' id='block_1_57' title="bbox 305 5357 1815 5426">
    <p class='ocr_par' dir='ltr' id='par_1_57' title="bbox 305 5357 1815 5426">
     <span class='ocr_line' id='line_1_57' title="bbox 305 5357 1815 5426; baseline 0.003 -15"><span class='ocrx_word' id='word_1_408' title='bbox 305 5357 579 5413; x_wconf 89' lang='lat' dir='ltr'><strong>Immerito</strong></span> <span class='ocrx_word' id='word_1_409' title='bbox 607 5358 988 5413; x_wconf 85' lang='lat' dir='ltr'><strong>&#39;l&#39;illcmontius</strong></span> <span class='ocrx_word' id='word_1_410' title='bbox 1017 5358 1132 5411; x_wconf 66' lang='lat' dir='ltr'><strong>haec</strong></span> <span class='ocrx_word' id='word_1_411' title='bbox 1157 5357 1398 5426; x_wconf 61' lang='lat' dir='ltr'><strong>epistola</strong></span> <span class='ocrx_word' id='word_1_412' title='bbox 1430 5360 1595 5414; x_wconf 88' lang='lat' dir='ltr'><strong>verba</strong></span> <span class='ocrx_word' id='word_1_413' title='bbox 1626 5379 1638 5413; x_wconf 91' lang='lat'><strong>:</strong></span> <span class='ocrx_word' id='word_1_414' title='bbox 1684 5359 1815 5416; x_wconf 84' lang='lat' dir='ltr'><strong>Cum</strong></span> 
     </span>
    </p>
   </div>
   <div class='ocr_carea' id='block_1_58' title="bbox 242 5451 1811 5521">
    <p class='ocr_par' dir='ltr' id='par_1_58' title="bbox 242 5451 1811 5521">
     <span class='ocr_line' id='line_1_58' title="bbox 242 5451 1811 5521; baseline 0.002 -20"><span class='ocrx_word' id='word_1_415' title='bbox 242 5451 590 5514; x_wconf 81' lang='lat' dir='ltr'><strong>apostolorum</strong></span> <span class='ocrx_word' id='word_1_416' title='bbox 631 5451 829 5517; x_wconf 83' lang='lat' dir='ltr'><strong>fuerim</strong></span> <span class='ocrx_word' id='word_1_417' title='bbox 875 5451 1190 5518; x_wconf 84' lang='lat' dir='ltr'><strong>discipulus,</strong></span> <span class='ocrx_word' id='word_1_418' title='bbox 1221 5452 1293 5519; x_wconf 75' lang='lat' dir='ltr'><strong>ﬁo</strong></span> <span class='ocrx_word' id='word_1_419' title='bbox 1332 5455 1563 5521; x_wconf 83' lang='lat' dir='ltr'><strong>gentium</strong></span> <span class='ocrx_word' id='word_1_420' title='bbox 1607 5454 1811 5521; x_wconf 84' lang='lat' dir='ltr'><strong>doctor,</strong></span> 
     </span>
    </p>
   </div>
   <div class='ocr_carea' id='block_1_59' title="bbox 243 5541 1814 5612">
    <p class='ocr_par' dir='ltr' id='par_1_59' title="bbox 243 5541 1814 5612">
     <span class='ocr_line' id='line_1_59' title="bbox 243 5541 1814 5612; baseline 0.008 -20"><span class='ocrx_word' id='word_1_421' title='bbox 243 5541 467 5596; x_wconf 85' lang='lat' dir='ltr'><strong>hominis</strong></span> <span class='ocrx_word' id='word_1_422' title='bbox 491 5558 615 5596; x_wconf 80' lang='lat' dir='ltr'><strong>esse</strong></span> <span class='ocrx_word' id='word_1_423' title='bbox 644 5552 803 5610; x_wconf 82' lang='lat' dir='ltr'><strong>putat</strong></span> <span class='ocrx_word' id='word_1_424' title='bbox 824 5546 892 5598; x_wconf 90' lang='lat' dir='ltr'><strong>ab</strong></span> <span class='ocrx_word' id='word_1_425' title='bbox 922 5543 1057 5611; x_wconf 86' lang='lat' dir='ltr'><strong>ipsis</strong></span> <span class='ocrx_word' id='word_1_426' title='bbox 1084 5544 1342 5612; x_wconf 89' lang='lat' dir='ltr'><strong>apostolis</strong></span> <span class='ocrx_word' id='word_1_427' title='bbox 1370 5545 1600 5601; x_wconf 85' lang='lat' dir='ltr'><strong>instituti</strong></span> <span class='ocrx_word' id='word_1_428' title='bbox 1631 5564 1695 5603; x_wconf 90' lang='lat' dir='ltr'><strong>ac</strong></span> <span class='ocrx_word' id='word_1_429' title='bbox 1722 5548 1814 5604; x_wconf 84' lang='lat' dir='ltr'><strong>Ju-</strong></span> 
     </span>
    </p>
   </div>
   <div class='ocr_carea' id='block_1_60' title="bbox 303 5654 1814 5731">
    <p class='ocr_par' dir='ltr' id='par_1_60' title="bbox 303 5654 1814 5731">
     <span class='ocr_line' id='line_1_60' title="bbox 303 5654 1814 5731; baseline 0.007 -26"><span class='ocrx_word' id='word_1_430' title='bbox 303 5654 376 5731; x_wconf 76' lang='lat' dir='ltr'><strong>(l)</strong></span> <span class='ocrx_word' id='word_1_431' title='bbox 409 5654 601 5731; x_wconf 59' lang='lat' dir='ltr'><strong>ﬁeipsa</strong></span> <span class='ocrx_word' id='word_1_432' title='bbox 634 5657 1005 5731; x_wconf 80' lang='lat' dir='ltr'><strong>certissimum</strong></span> <span class='ocrx_word' id='word_1_433' title='bbox 1041 5672 1145 5731; x_wconf 82' lang='lat' dir='ltr'><strong>non</strong></span> <span class='ocrx_word' id='word_1_434' title='bbox 1184 5666 1265 5709; x_wconf 74' lang='lat' dir='ltr'><strong>est</strong></span> <span class='ocrx_word' id='word_1_435' title='bbox 1293 5657 1485 5713; x_wconf 86' lang='lat' dir='ltr'><strong>Justini</strong></span> <span class='ocrx_word' id='word_1_436' title='bbox 1519 5677 1673 5731; x_wconf 89' lang='lat' dir='ltr'><strong>opus,</strong></span> <span class='ocrx_word' id='word_1_437' title='bbox 1707 5662 1814 5717; x_wconf 90' lang='lat' dir='ltr'><strong>imo</strong></span> 
     </span>
    </p>
   </div>
   <div class='ocr_carea' id='block_1_61' title="bbox 237 5726 1811 5801">
    <p class='ocr_par' dir='ltr' id='par_1_61' title="bbox 237 5726 1811 5801">
     <span class='ocr_line' id='line_1_61' title="bbox 237 5726 1811 5801; baseline 0.008 -26"><span class='ocrx_word' id='word_1_438' title='bbox 237 5726 549 5801; x_wconf 59' lang='lat' dir='ltr'><strong>gertissime,</strong></span> <span class='ocrx_word' id='word_1_439' title='bbox 570 5730 817 5801; x_wconf 85' lang='lat' dir='ltr'><strong>unanimi</strong></span> <span class='ocrx_word' id='word_1_440' title='bbox 846 5730 975 5801; x_wconf 70' lang='lat' dir='ltr'><strong>fere</strong></span> <span class='ocrx_word' id='word_1_441' title='bbox 996 5730 1263 5782; x_wconf 87' lang='lat' dir='ltr'><strong>editorum</strong></span> <span class='ocrx_word' id='word_1_442' title='bbox 1288 5726 1667 5801; x_wconf 53' lang='lat' dir='ltr'><strong>consensu&#39;qui</strong></span> <span class='ocrx_word' id='word_1_443' title='bbox 1692 5744 1811 5801; x_wconf 89' lang='lat' dir='ltr'><strong>post</strong></span> 
     </span>
    </p>
   </div>
   <div class='ocr_carea' id='block_1_62' title="bbox 240 5793 1811 5867">
    <p class='ocr_par' dir='ltr' id='par_1_62' title="bbox 240 5793 1811 5867">
     <span class='ocr_line' id='line_1_62' title="bbox 240 5793 1811 5867; baseline 0.007 -20"><span class='ocrx_word' id='word_1_444' title='bbox 240 5793 293 5848; x_wconf 90' lang='lat' dir='ltr'><strong>D.</strong></span> <span class='ocrx_word' id='word_1_445' title='bbox 316 5794 589 5867; x_wconf 64' lang='lat' dir='ltr'><strong>Harannm</strong></span> <span class='ocrx_word' id='word_1_446' title='bbox 618 5799 722 5851; x_wconf 91' lang='lat' dir='ltr'><strong>hoc</strong></span> <span class='ocrx_word' id='word_1_447' title='bbox 744 5798 1074 5867; x_wconf 84' lang='lat' dir='ltr'><strong>opusculum</strong></span> <span class='ocrx_word' id='word_1_448' title='bbox 1102 5801 1390 5864; x_wconf 81' lang='lat' dir='ltr'><strong>recudendi</strong></span> <span class='ocrx_word' id='word_1_449' title='bbox 1417 5793 1606 5855; x_wconf 71' lang='lat' dir='ltr'><strong>curaui</strong></span> <span class='ocrx_word' id='word_1_450' title='bbox 1631 5793 1811 5858; x_wconf 66' lang='lat' dir='ltr'><strong>susce«</strong></span> 
     </span>
    </p>
   </div>
   <div class='ocr_carea' id='block_1_63' title="bbox 235 5865 1807 5944">
    <p class='ocr_par' dir='ltr' id='par_1_63' title="bbox 235 5865 1807 5944">
     <span class='ocr_line' id='line_1_63' title="bbox 235 5865 1807 5944; baseline 0.007 -25"><span class='ocrx_word' id='word_1_451' title='bbox 235 5877 443 5935; x_wconf 77' lang='lat' dir='ltr'><strong>perunt,</strong></span> <span class='ocrx_word' id='word_1_452' title='bbox 471 5865 540 5918; x_wconf 88' lang='lat' dir='ltr'><strong>ab</strong></span> <span class='ocrx_word' id='word_1_453' title='bbox 583 5867 700 5938; x_wconf 84' lang='lat' dir='ltr'><strong>ipso</strong></span> <span class='ocrx_word' id='word_1_454' title='bbox 750 5865 1203 5938; x_wconf 74' lang='lat' dir='ltr'><strong>abjudicaudum.</strong></span> <span class='ocrx_word' id='word_1_455' title='bbox 1241 5867 1371 5926; x_wconf 76' lang='lat' dir='ltr'><strong>Vide</strong></span> <span class='ocrx_word' id='word_1_456' title='bbox 1420 5870 1807 5944; x_wconf 79' lang='lat' dir='ltr'><strong>Prolegomcna</strong></span> 
     </span>
    </p>
   </div>
   <div class='ocr_carea' id='block_1_64' title="bbox 1977 582 3560 651">
    <p class='ocr_par' dir='ltr' id='par_1_64' title="bbox 1977 582 3560 651">
     <span class='ocr_line' id='line_1_64' title="bbox 1977 582 3560 651; baseline -0.001 -15"><span class='ocrx_word' id='word_1_457' title='bbox 1977 584 2301 639; x_wconf 85' lang='lat' dir='ltr'><strong>reddamus:</strong></span> <span class='ocrx_word' id='word_1_458' title='bbox 2324 583 2525 637; x_wconf 88' lang='lat' dir='ltr'><strong>Factus</strong></span> <span class='ocrx_word' id='word_1_459' title='bbox 2544 584 2904 649; x_wconf 85' lang='lat' dir='ltr'><strong>apostolorum</strong></span> <span class='ocrx_word' id='word_1_460' title='bbox 2927 582 3313 651; x_wconf 84' lang='lat' dir='ltr'><strong>discipulus,ﬁo</strong></span> <span class='ocrx_word' id='word_1_461' title='bbox 3330 584 3560 650; x_wconf 81' lang='lat' dir='ltr'><strong>gentium</strong></span> 
     </span>
    </p>
   </div>
   <div class='ocr_carea' id='block_1_65' title="bbox 1973 674 3560 745">
    <p class='ocr_par' dir='ltr' id='par_1_65' title="bbox 1973 674 3560 745">
     <span class='ocr_line' id='line_1_65' title="bbox 1973 674 3560 745; baseline -0.001 -16"><span class='ocrx_word' id='word_1_462' title='bbox 1973 679 2177 730; x_wconf 85' lang='lat' dir='ltr'><strong>doctor.</strong></span> <span class='ocrx_word' id='word_1_463' title='bbox 2208 675 2275 731; x_wconf 91' lang='lat' dir='ltr'><strong>Ut</strong></span> <span class='ocrx_word' id='word_1_464' title='bbox 2303 675 2538 732; x_wconf 88' lang='lat' dir='ltr'><strong>doctoris</strong></span> <span class='ocrx_word' id='word_1_465' title='bbox 2566 676 2801 745; x_wconf 85' lang='lat' dir='ltr'><strong>gentium</strong></span> <span class='ocrx_word' id='word_1_466' title='bbox 2828 677 2899 729; x_wconf 91' lang='lat' dir='ltr'><strong>ita</strong></span> <span class='ocrx_word' id='word_1_467' title='bbox 2932 688 2986 730; x_wconf 91' lang='lat' dir='ltr'><strong>et</strong></span> <span class='ocrx_word' id='word_1_468' title='bbox 3008 674 3257 744; x_wconf 83' lang='lat' dir='ltr'><strong>discipuli</strong></span> <span class='ocrx_word' id='word_1_469' title='bbox 3286 674 3560 741; x_wconf 88' lang='lat' dir='ltr'><strong>apostolo-</strong></span> 
     </span>
    </p>
   </div>
   <div class='ocr_carea' id='block_1_66' title="bbox 1973 765 3556 836">
    <p class='ocr_par' dir='ltr' id='par_1_66' title="bbox 1973 765 3556 836">
     <span class='ocr_line' id='line_1_66' title="bbox 1973 765 3556 836; baseline -0.002 -16"><span class='ocrx_word' id='word_1_470' title='bbox 1973 783 2091 820; x_wconf 89' lang='lat' dir='ltr'><strong>rum</strong></span> <span class='ocrx_word' id='word_1_471' title='bbox 2130 766 2323 822; x_wconf 89' lang='lat' dir='ltr'><strong>titulus</strong></span> <span class='ocrx_word' id='word_1_472' title='bbox 2354 769 2541 822; x_wconf 91' lang='lat' dir='ltr'><strong>stricte</strong></span> <span class='ocrx_word' id='word_1_473' title='bbox 2578 767 2801 836; x_wconf 82' lang='lat' dir='ltr'><strong>intelligi</strong></span> <span class='ocrx_word' id='word_1_474' title='bbox 2836 782 2940 820; x_wconf 93' lang='lat' dir='ltr'><strong>non</strong></span> <span class='ocrx_word' id='word_1_475' title='bbox 2980 766 3157 819; x_wconf 75' lang='lat' dir='ltr'><strong>debet.</strong></span> <span class='ocrx_word' id='word_1_476' title='bbox 3199 765 3556 821; x_wconf 88' lang='lat' dir='ltr'><strong>Utdoctorem</strong></span> 
     </span>
    </p>
   </div>
   <div class='ocr_carea' id='block_1_67' title="bbox 1970 857 3556 929">
    <p class='ocr_par' dir='ltr' id='par_1_67' title="bbox 1970 857 3556 929">
     <span class='ocr_line' id='line_1_67' title="bbox 1970 857 3556 929; baseline -0.003 -15"><span class='ocrx_word' id='word_1_477' title='bbox 1970 875 2027 914; x_wconf 90' lang='lat' dir='ltr'><strong>se</strong></span> <span class='ocrx_word' id='word_1_478' title='bbox 2054 861 2291 929; x_wconf 85' lang='lat' dir='ltr'><strong>gentium</strong></span> <span class='ocrx_word' id='word_1_479' title='bbox 2317 876 2420 914; x_wconf 90' lang='lat' dir='ltr'><strong>non</strong></span> <span class='ocrx_word' id='word_1_480' title='bbox 2446 860 2576 915; x_wconf 92' lang='lat' dir='ltr'><strong>dicit</strong></span> <span class='ocrx_word' id='word_1_481' title='bbox 2600 860 2669 913; x_wconf 92' lang='lat' dir='ltr'><strong>ob</strong></span> <span class='ocrx_word' id='word_1_482' title='bbox 2694 860 2935 913; x_wconf 91' lang='lat' dir='ltr'><strong>muneris</strong></span> <span class='ocrx_word' id='word_1_483' title='bbox 2969 858 3314 927; x_wconf 86' lang='lat' dir='ltr'><strong>dignitatem,</strong></span> <span class='ocrx_word' id='word_1_484' title='bbox 3357 857 3450 911; x_wconf 90' lang='lat' dir='ltr'><strong>sed</strong></span> <span class='ocrx_word' id='word_1_485' title='bbox 3487 858 3556 909; x_wconf 88' lang='lat' dir='ltr'><strong>ob</strong></span> 
     </span>
    </p>
   </div>
   <div class='ocr_carea' id='block_1_68' title="bbox 1969 950 3551 1021">
    <p class='ocr_par' dir='ltr' id='par_1_68' title="bbox 1969 950 3551 1021">
     <span class='ocr_line' id='line_1_68' title="bbox 1969 950 3551 1021; baseline -0.005 -13"><span class='ocrx_word' id='word_1_486' title='bbox 1969 952 2206 1008; x_wconf 89' lang='lat' dir='ltr'><strong>studium</strong></span> <span class='ocrx_word' id='word_1_487' title='bbox 2242 953 2602 1021; x_wconf 65' lang='lat' dir='ltr'><strong>prmdicandre</strong></span> <span class='ocrx_word' id='word_1_488' title='bbox 2632 950 2929 1013; x_wconf 78' lang='lat' dir='ltr'><strong>doctrinae,</strong></span> <span class='ocrx_word' id='word_1_489' title='bbox 2960 951 3030 1003; x_wconf 86' lang='lat' dir='ltr'><strong>ita</strong></span> <span class='ocrx_word' id='word_1_490' title='bbox 3068 961 3290 1017; x_wconf 89' lang='lat' dir='ltr'><strong>accepta</strong></span> <span class='ocrx_word' id='word_1_491' title='bbox 3325 950 3391 1002; x_wconf 91' lang='lat' dir='ltr'><strong>ab</strong></span> <span class='ocrx_word' id='word_1_492' title='bbox 3418 964 3551 1017; x_wconf 89' lang='lat' dir='ltr'><strong>apo-</strong></span> 
     </span>
    </p>
   </div>
   <div class='ocr_carea' id='block_1_69' title="bbox 1966 1042 3554 1114">
    <p class='ocr_par' dir='ltr' id='par_1_69' title="bbox 1966 1042 3554 1114">
     <span class='ocr_line' id='line_1_69' title="bbox 1966 1042 3554 1114; baseline -0.004 -14"><span class='ocrx_word' id='word_1_493' title='bbox 1966 1046 2119 1100; x_wconf 91' lang='lat' dir='ltr'><strong>stolis</strong></span> <span class='ocrx_word' id='word_1_494' title='bbox 2150 1044 2461 1114; x_wconf 76' lang='lat' dir='ltr'><strong>disciplina,</strong></span> <span class='ocrx_word' id='word_1_495' title='bbox 2495 1060 2598 1097; x_wconf 90' lang='lat' dir='ltr'><strong>non</strong></span> <span class='ocrx_word' id='word_1_496' title='bbox 2635 1044 2785 1097; x_wconf 90' lang='lat' dir='ltr'><strong>illum</strong></span> <span class='ocrx_word' id='word_1_497' title='bbox 2819 1044 3043 1099; x_wconf 91' lang='lat' dir='ltr'><strong>honoris</strong></span> <span class='ocrx_word' id='word_1_498' title='bbox 3098 1042 3312 1096; x_wconf 89' lang='lat' dir='ltr'><strong>titulum</strong></span> <span class='ocrx_word' id='word_1_499' title='bbox 3345 1042 3554 1110; x_wconf 81' lang='lat' dir='ltr'><strong>signiti-</strong></span> 
     </span>
    </p>
   </div>
   <div class='ocr_carea' id='block_1_70' title="bbox 1967 1130 3551 1203">
    <p class='ocr_par' dir='ltr' id='par_1_70' title="bbox 1967 1130 3551 1203">
     <span class='ocr_line' id='line_1_70' title="bbox 1967 1130 3551 1203; baseline -0.003 -15"><span class='ocrx_word' id='word_1_500' title='bbox 1967 1142 2075 1198; x_wconf 90' lang='lat' dir='ltr'><strong>cat,</strong></span> <span class='ocrx_word' id='word_1_501' title='bbox 2110 1135 2199 1203; x_wconf 90' lang='lat' dir='ltr'><strong>qui</strong></span> <span class='ocrx_word' id='word_1_502' title='bbox 2248 1144 2376 1188; x_wconf 91' lang='lat' dir='ltr'><strong>tunc</strong></span> <span class='ocrx_word' id='word_1_503' title='bbox 2429 1148 2628 1203; x_wconf 87' lang='lat' dir='ltr'><strong>magno</strong></span> <span class='ocrx_word' id='word_1_504' title='bbox 2669 1133 2720 1185; x_wconf 93' lang='lat' dir='ltr'><strong>in</strong></span> <span class='ocrx_word' id='word_1_505' title='bbox 2757 1133 2929 1201; x_wconf 90' lang='lat' dir='ltr'><strong>pretio</strong></span> <span class='ocrx_word' id='word_1_506' title='bbox 2974 1144 3114 1195; x_wconf 90' lang='lat' dir='ltr'><strong>erat,</strong></span> <span class='ocrx_word' id='word_1_507' title='bbox 3166 1132 3256 1185; x_wconf 88' lang='lat' dir='ltr'><strong>sed</strong></span> <span class='ocrx_word' id='word_1_508' title='bbox 3297 1130 3551 1184; x_wconf 86' lang='lat' dir='ltr'><strong>omnibus</strong></span> 
     </span>
    </p>
   </div>
   <div class='ocr_carea' id='block_1_71' title="bbox 1963 1224 3551 1294">
    <p class='ocr_par' dir='ltr' id='par_1_71' title="bbox 1963 1224 3551 1294">
     <span class='ocr_line' id='line_1_71' title="bbox 1963 1224 3551 1294; baseline -0.002 -14"><span class='ocrx_word' id='word_1_509' title='bbox 1963 1226 2267 1280; x_wconf 85' lang='lat' dir='ltr'><strong>communis</strong></span> <span class='ocrx_word' id='word_1_510' title='bbox 2300 1234 2381 1279; x_wconf 90' lang='lat' dir='ltr'><strong>est</strong></span> <span class='ocrx_word' id='word_1_511' title='bbox 2425 1225 2735 1294; x_wconf 84' lang='lat' dir='ltr'><strong>quicunque</strong></span> <span class='ocrx_word' id='word_1_512' title='bbox 2786 1225 2984 1294; x_wconf 88' lang='lat' dir='ltr'><strong>spretis</strong></span> <span class='ocrx_word' id='word_1_513' title='bbox 3037 1224 3376 1293; x_wconf 83' lang='lat' dir='ltr'><strong>phiI050phis</strong></span> <span class='ocrx_word' id='word_1_514' title='bbox 3417 1240 3551 1293; x_wconf 70' lang='lat' dir='ltr'><strong>prte-</strong></span> 
     </span>
    </p>
   </div>
   <div class='ocr_carea' id='block_1_72' title="bbox 1963 1316 3549 1387">
    <p class='ocr_par' dir='ltr' id='par_1_72' title="bbox 1963 1316 3549 1387">
     <span class='ocr_line' id='line_1_72' title="bbox 1963 1316 3549 1387; baseline -0.001 -16"><span class='ocrx_word' id='word_1_515' title='bbox 1963 1319 2194 1371; x_wconf 89' lang='lat' dir='ltr'><strong>dicatam</strong></span> <span class='ocrx_word' id='word_1_516' title='bbox 2246 1318 2314 1371; x_wconf 87' lang='lat' dir='ltr'><strong>ab</strong></span> <span class='ocrx_word' id='word_1_517' title='bbox 2368 1318 2625 1387; x_wconf 89' lang='lat' dir='ltr'><strong>apostolis</strong></span> <span class='ocrx_word' id='word_1_518' title='bbox 2672 1318 2831 1371; x_wconf 90' lang='lat' dir='ltr'><strong>ﬁdem</strong></span> <span class='ocrx_word' id='word_1_519' title='bbox 2885 1317 3124 1385; x_wconf 83' lang='lat' dir='ltr'><strong>amplexi</strong></span> <span class='ocrx_word' id='word_1_520' title='bbox 3162 1326 3310 1373; x_wconf 90' lang='lat' dir='ltr'><strong>sunt.</strong></span> <span class='ocrx_word' id='word_1_521' title='bbox 3347 1316 3549 1371; x_wconf 81' lang='lat' dir='ltr'><strong>Omnes</strong></span> 
     </span>
    </p>
   </div>
   <div class='ocr_carea' id='block_1_73' title="bbox 1960 1409 3544 1479">
    <p class='ocr_par' dir='ltr' id='par_1_73' title="bbox 1960 1409 3544 1479">
     <span class='ocr_line' id='line_1_73' title="bbox 1960 1409 3544 1479; baseline -0.002 -16"><span class='ocrx_word' id='word_1_522' title='bbox 1960 1410 2104 1463; x_wconf 89' lang='lat' dir='ltr'><strong>enim</strong></span> <span class='ocrx_word' id='word_1_523' title='bbox 2153 1410 2349 1463; x_wconf 90' lang='lat' dir='ltr'><strong>invitat</strong></span> <span class='ocrx_word' id='word_1_524' title='bbox 2383 1419 2571 1464; x_wconf 88' lang='lat' dir='ltr'><strong>auctor</strong></span> <span class='ocrx_word' id='word_1_525' title='bbox 2609 1409 2873 1479; x_wconf 74' lang='lat' dir='ltr'><strong>epistolm,</strong></span> <span class='ocrx_word' id='word_1_526' title='bbox 2920 1418 2979 1463; x_wconf 92' lang='lat' dir='ltr'><strong>ut</strong></span> <span class='ocrx_word' id='word_1_527' title='bbox 3027 1409 3167 1462; x_wconf 91' lang='lat' dir='ltr'><strong>idem</strong></span> <span class='ocrx_word' id='word_1_528' title='bbox 3219 1409 3544 1463; x_wconf 87' lang='lat' dir='ltr'><strong>beneﬁcium</strong></span> 
     </span>
    </p>
   </div>
   <div class='ocr_carea' id='block_1_74' title="bbox 1959 1499 3543 1569">
    <p class='ocr_par' dir='ltr' id='par_1_74' title="bbox 1959 1499 3543 1569">
     <span class='ocr_line' id='line_1_74' title="bbox 1959 1499 3543 1569; baseline 0 -16"><span class='ocrx_word' id='word_1_529' title='bbox 1959 1509 2014 1553; x_wconf 91' lang='lat' dir='ltr'><strong>et</strong></span> <span class='ocrx_word' id='word_1_530' title='bbox 2040 1500 2302 1554; x_wconf 89' lang='lat' dir='ltr'><strong>honorem</strong></span> <span class='ocrx_word' id='word_1_531' title='bbox 2337 1510 2768 1569; x_wconf 87' lang='lat' dir='ltr'><strong>consequantur.</strong></span> <span class='ocrx_word' id='word_1_532' title='bbox 2809 1518 2827 1550; x_wconf 82' lang='grc'><strong>1</strong></span> <span class='ocrx_word' id='word_1_533' title='bbox 2862 1499 2991 1566; x_wconf 85' lang='lat' dir='ltr'><strong>Quae</strong></span> <span class='ocrx_word' id='word_1_534' title='bbox 3025 1501 3221 1553; x_wconf 88' lang='lat' dir='ltr'><strong>tradita</strong></span> <span class='ocrx_word' id='word_1_535' title='bbox 3251 1508 3377 1554; x_wconf 86' lang='lat' dir='ltr'><strong>sunt</strong></span> <span class='ocrx_word' id='word_1_536' title='bbox 3414 1501 3543 1553; x_wconf 90' lang='lat' dir='ltr'><strong>mihi</strong></span> 
     </span>
    </p>
   </div>
   <div class='ocr_carea' id='block_1_75' title="bbox 1958 1592 3539 1662">
    <p class='ocr_par' dir='ltr' id='par_1_75' title="bbox 1958 1592 3539 1662">
     <span class='ocr_line' id='line_1_75' title="bbox 1958 1592 3539 1662; baseline 0 -17"><span class='ocrx_word' id='word_1_537' title='bbox 1958 1592 2307 1646; x_wconf 82' lang='lat' dir='ltr'><strong>subministro</strong></span> <span class='ocrx_word' id='word_1_538' title='bbox 2341 1592 2405 1646; x_wconf 90' lang='lat' dir='ltr'><strong>iis</strong></span> <span class='ocrx_word' id='word_1_539' title='bbox 2453 1592 2545 1662; x_wconf 89' lang='lat' dir='ltr'><strong>qui</strong></span> <span class='ocrx_word' id='word_1_540' title='bbox 2595 1592 2839 1661; x_wconf 89' lang='lat' dir='ltr'><strong>discipuli</strong></span> <span class='ocrx_word' id='word_1_541' title='bbox 2874 1592 3007 1644; x_wconf 90' lang='lat' dir='ltr'><strong>ﬁunt</strong></span> <span class='ocrx_word' id='word_1_542' title='bbox 3045 1592 3190 1661; x_wconf 84' lang='lat' dir='ltr'><strong>digni</strong></span> <span class='ocrx_word' id='word_1_543' title='bbox 3228 1594 3479 1645; x_wconf 90' lang='lat' dir='ltr'><strong>veritate.</strong></span> <span class='ocrx_word' id='word_1_544' title='bbox 3519 1612 3539 1644; x_wconf 82' lang='grc'><strong>1</strong></span> 
     </span>
    </p>
   </div>
   <div class='ocr_carea' id='block_1_76' title="bbox 1956 1682 3545 1754">
    <p class='ocr_par' dir='ltr' id='par_1_76' title="bbox 1956 1682 3545 1754">
     <span class='ocr_line' id='line_1_76' title="bbox 1956 1682 3545 1754; baseline 0.001 -19"><span class='ocrx_word' id='word_1_545' title='bbox 1956 1682 2072 1737; x_wconf 85' lang='lat' dir='ltr'><strong>Non</strong></span> <span class='ocrx_word' id='word_1_546' title='bbox 2106 1684 2214 1737; x_wconf 93' lang='lat' dir='ltr'><strong>alio</strong></span> <span class='ocrx_word' id='word_1_547' title='bbox 2263 1698 2425 1738; x_wconf 91' lang='lat' dir='ltr'><strong>sensu</strong></span> <span class='ocrx_word' id='word_1_548' title='bbox 2469 1684 2710 1754; x_wconf 67' lang='lat' dir='ltr'><strong>epistola:</strong></span> <span class='ocrx_word' id='word_1_549' title='bbox 2747 1684 2931 1737; x_wconf 87' lang='lat' dir='ltr'><strong>Basilii</strong></span> <span class='ocrx_word' id='word_1_550' title='bbox 2981 1684 3088 1738; x_wconf 80' lang='grc'><strong>555</strong></span> <span class='ocrx_word' id='word_1_551' title='bbox 3129 1696 3342 1747; x_wconf 88' lang='lat' dir='ltr'><strong>auctor,</strong></span> <span class='ocrx_word' id='word_1_552' title='bbox 3383 1700 3545 1754; x_wconf 89' lang='lat' dir='ltr'><strong>quem</strong></span> 
     </span>
    </p>
   </div>
   <div class='ocr_carea' id='block_1_77' title="bbox 1955 1771 3546 1841">
    <p class='ocr_par' dir='ltr' id='par_1_77' title="bbox 1955 1771 3546 1841">
     <span class='ocr_line' id='line_1_77' title="bbox 1955 1771 3546 1841; baseline 0.003 -17"><span class='ocrx_word' id='word_1_553' title='bbox 1955 1771 2212 1826; x_wconf 85' lang='lat' dir='ltr'><strong>Basilium</strong></span> <span class='ocrx_word' id='word_1_554' title='bbox 2247 1788 2371 1828; x_wconf 86' lang='lat' dir='ltr'><strong>esse</strong></span> <span class='ocrx_word' id='word_1_555' title='bbox 2419 1790 2521 1828; x_wconf 92' lang='lat' dir='ltr'><strong>non</strong></span> <span class='ocrx_word' id='word_1_556' title='bbox 2564 1783 2714 1841; x_wconf 90' lang='lat' dir='ltr'><strong>puto,</strong></span> <span class='ocrx_word' id='word_1_557' title='bbox 2764 1775 3090 1841; x_wconf 85' lang='lat' dir='ltr'><strong>piscatorum</strong></span> <span class='ocrx_word' id='word_1_558' title='bbox 3126 1775 3447 1841; x_wconf 86' lang='lat' dir='ltr'><strong>discipulum</strong></span> <span class='ocrx_word' id='word_1_559' title='bbox 3486 1791 3546 1829; x_wconf 89' lang='lat' dir='ltr'><strong>se</strong></span> 
     </span>
    </p>
   </div>
   <div class='ocr_carea' id='block_1_78' title="bbox 1885 1839 3543 1934">
    <p class='ocr_par' dir='ltr' id='par_1_78' title="bbox 1885 1839 3543 1934">
     <span class='ocr_line' id='line_1_78' title="bbox 1885 1839 3543 1934; baseline 0.001 -17"><span class='ocrx_word' id='word_1_560' title='bbox 1885 1839 1927 1892; x_wconf 77' lang='grc' dir='ltr'><strong>Β</strong></span> <span class='ocrx_word' id='word_1_561' title='bbox 1960 1878 2084 1917; x_wconf 92' lang='lat' dir='ltr'><strong>esse</strong></span> <span class='ocrx_word' id='word_1_562' title='bbox 2132 1864 2438 1932; x_wconf 87' lang='lat' dir='ltr'><strong>proﬁtetur.</strong></span> <span class='ocrx_word' id='word_1_563' title='bbox 2500 1839 2640 1919; x_wconf 83' lang='lat' dir='ltr'><strong>Idem</strong></span> <span class='ocrx_word' id='word_1_564' title='bbox 2682 1839 2924 1934; x_wconf 87' lang='lat' dir='ltr'><strong>proﬁteri</strong></span> <span class='ocrx_word' id='word_1_565' title='bbox 2978 1865 3132 1918; x_wconf 91' lang='lat' dir='ltr'><strong>licuit</strong></span> <span class='ocrx_word' id='word_1_566' title='bbox 3172 1839 3410 1921; x_wconf 77' lang='lat' dir='ltr'><strong>.Iustino.</strong></span> <span class='ocrx_word' id='word_1_567' title='bbox 3447 1865 3543 1919; x_wconf 86' lang='lat' dir='ltr'><strong>Ni-</strong></span> 
     </span>
    </p>
   </div>
   <div class='ocr_carea' id='block_1_79' title="bbox 1956 1953 3540 2025">
    <p class='ocr_par' dir='ltr' id='par_1_79' title="bbox 1956 1953 3540 2025">
     <span class='ocr_line' id='line_1_79' title="bbox 1956 1953 3540 2025; baseline 0 -16"><span class='ocrx_word' id='word_1_568' title='bbox 1956 1954 2032 2009; x_wconf 87' lang='lat' dir='ltr'><strong>hil</strong></span> <span class='ocrx_word' id='word_1_569' title='bbox 2082 1969 2213 2025; x_wconf 86' lang='lat' dir='ltr'><strong>ergo</strong></span> <span class='ocrx_word' id='word_1_570' title='bbox 2260 1954 2312 2008; x_wconf 93' lang='lat' dir='ltr'><strong>in</strong></span> <span class='ocrx_word' id='word_1_571' title='bbox 2362 1958 2464 2009; x_wconf 89' lang='lat' dir='ltr'><strong>bac</strong></span> <span class='ocrx_word' id='word_1_572' title='bbox 2514 1954 2764 2023; x_wconf 78' lang='lat' dir='ltr'><strong>epistola,</strong></span> <span class='ocrx_word' id='word_1_573' title='bbox 2806 1954 2953 2023; x_wconf 89' lang='lat' dir='ltr'><strong>quod</strong></span> <span class='ocrx_word' id='word_1_574' title='bbox 2990 1969 3115 2006; x_wconf 92' lang='lat' dir='ltr'><strong>cum</strong></span> <span class='ocrx_word' id='word_1_575' title='bbox 3156 1963 3312 2008; x_wconf 61' lang='lat' dir='ltr'><strong>celate</strong></span> <span class='ocrx_word' id='word_1_576' title='bbox 3343 1953 3540 2009; x_wconf 85' lang='lat' dir='ltr'><strong>Justini</strong></span> 
     </span>
    </p>
   </div>
   <div class='ocr_carea' id='block_1_80' title="bbox 1952 2046 3540 2117">
    <p class='ocr_par' dir='ltr' id='par_1_80' title="bbox 1952 2046 3540 2117">
     <span class='ocr_line' id='line_1_80' title="bbox 1952 2046 3540 2117; baseline 0.002 -17"><span class='ocrx_word' id='word_1_577' title='bbox 1952 2063 2061 2102; x_wconf 82' lang='lat' dir='ltr'><strong>non</strong></span> <span class='ocrx_word' id='word_1_578' title='bbox 2085 2050 2349 2117; x_wconf 87' lang='lat' dir='ltr'><strong>quadret;</strong></span> <span class='ocrx_word' id='word_1_579' title='bbox 2399 2049 2509 2103; x_wconf 91' lang='lat' dir='ltr'><strong>imo</strong></span> <span class='ocrx_word' id='word_1_580' title='bbox 2560 2048 2625 2100; x_wconf 90' lang='lat' dir='ltr'><strong>ad</strong></span> <span class='ocrx_word' id='word_1_581' title='bbox 2677 2046 3029 2116; x_wconf 85' lang='lat' dir='ltr'><strong>apostolicam</strong></span> <span class='ocrx_word' id='word_1_582' title='bbox 3078 2056 3293 2101; x_wconf 76' lang='lat' dir='ltr'><strong>aetatem</strong></span> <span class='ocrx_word' id='word_1_583' title='bbox 3350 2047 3540 2103; x_wconf 80' lang='lat' dir='ltr'><strong>referri</strong></span> 
     </span>
    </p>
   </div>
   <div class='ocr_carea' id='block_1_81' title="bbox 1951 2138 3541 2209">
    <p class='ocr_par' dir='ltr' id='par_1_81' title="bbox 1951 2138 3541 2209">
     <span class='ocr_line' id='line_1_81' title="bbox 1951 2138 3541 2209; baseline 0.001 -19"><span class='ocrx_word' id='word_1_584' title='bbox 1951 2154 2054 2191; x_wconf 92' lang='lat' dir='ltr'><strong>non</strong></span> <span class='ocrx_word' id='word_1_585' title='bbox 2088 2148 2269 2207; x_wconf 88' lang='lat' dir='ltr'><strong>potest</strong></span> <span class='ocrx_word' id='word_1_586' title='bbox 2290 2140 2520 2209; x_wconf 85' lang='lat' dir='ltr'><strong>apostoli</strong></span> <span class='ocrx_word' id='word_1_587' title='bbox 2560 2139 2769 2205; x_wconf 90' lang='lat' dir='ltr'><strong>titulus,</strong></span> <span class='ocrx_word' id='word_1_588' title='bbox 2802 2138 2905 2193; x_wconf 88' lang='lat' dir='ltr'><strong>sub</strong></span> <span class='ocrx_word' id='word_1_589' title='bbox 2944 2154 3052 2209; x_wconf 93' lang='lat' dir='ltr'><strong>quo</strong></span> <span class='ocrx_word' id='word_1_590' title='bbox 3082 2139 3284 2193; x_wconf 90' lang='lat' dir='ltr'><strong>Paulus</strong></span> <span class='ocrx_word' id='word_1_591' title='bbox 3321 2140 3541 2192; x_wconf 90' lang='lat' dir='ltr'><strong>nomine</strong></span> 
     </span>
    </p>
   </div>
   <div class='ocr_carea' id='block_1_82' title="bbox 1950 2231 3540 2300">
    <p class='ocr_par' dir='ltr' id='par_1_82' title="bbox 1950 2231 3540 2300">
     <span class='ocr_line' id='line_1_82' title="bbox 1950 2231 3540 2300; baseline 0.001 -16"><span class='ocrx_word' id='word_1_592' title='bbox 1950 2232 2115 2284; x_wconf 89' lang='lat' dir='ltr'><strong>tacito</strong></span> <span class='ocrx_word' id='word_1_593' title='bbox 2151 2231 2466 2300; x_wconf 83' lang='lat' dir='ltr'><strong>designatur</strong></span> <span class='ocrx_word' id='word_1_594' title='bbox 2535 2247 2683 2284; x_wconf 91' lang='lat' dir='ltr'><strong>num.</strong></span> <span class='ocrx_word' id='word_1_595' title='bbox 2726 2232 2812 2285; x_wconf 70' lang='lat'><strong>12.</strong></span> <span class='ocrx_word' id='word_1_596' title='bbox 2866 2231 2995 2285; x_wconf 91' lang='lat' dir='ltr'><strong>Siue</strong></span> <span class='ocrx_word' id='word_1_597' title='bbox 3021 2231 3128 2284; x_wconf 90' lang='lat' dir='ltr'><strong>ulla</strong></span> <span class='ocrx_word' id='word_1_598' title='bbox 3181 2247 3402 2298; x_wconf 89' lang='lat' dir='ltr'><strong>prorsus</strong></span> <span class='ocrx_word' id='word_1_599' title='bbox 3448 2248 3540 2285; x_wconf 80' lang='lat' dir='ltr'><strong>ra-</strong></span> 
     </span>
    </p>
   </div>
   <div class='ocr_carea' id='block_1_83' title="bbox 1950 2316 3537 2393">
    <p class='ocr_par' dir='ltr' id='par_1_83' title="bbox 1950 2316 3537 2393">
     <span class='ocr_line' id='line_1_83' title="bbox 1950 2316 3537 2393; baseline 0.001 -18"><span class='ocrx_word' id='word_1_600' title='bbox 1950 2323 2097 2376; x_wconf 89' lang='lat' dir='ltr'><strong>tione</strong></span> <span class='ocrx_word' id='word_1_601' title='bbox 2146 2322 2289 2375; x_wconf 91' lang='lat' dir='ltr'><strong>hunc</strong></span> <span class='ocrx_word' id='word_1_602' title='bbox 2329 2322 2529 2384; x_wconf 75' lang='lat' dir='ltr'><strong>lorum,</strong></span> <span class='ocrx_word' id='word_1_603' title='bbox 2564 2325 2670 2375; x_wconf 88' lang='lat' dir='ltr'><strong>imo</strong></span> <span class='ocrx_word' id='word_1_604' title='bbox 2699 2316 3000 2376; x_wconf 80' lang='lat' dir='ltr'><strong>extremam</strong></span> <span class='ocrx_word' id='word_1_605' title='bbox 3054 2326 3296 2393; x_wconf 63' lang='lat' dir='ltr'><strong>epistolae</strong></span> <span class='ocrx_word' id='word_1_606' title='bbox 3330 2335 3537 2393; x_wconf 84' lang='lat' dir='ltr'><strong>partem</strong></span> 
     </span>
    </p>
   </div>
   <div class='ocr_carea' id='block_1_84' title="bbox 1947 2408 3539 2484">
    <p class='ocr_par' dir='ltr' id='par_1_84' title="bbox 1947 2408 3539 2484">
     <span class='ocr_line' id='line_1_84' title="bbox 1947 2408 3539 2484; baseline 0.002 -19"><span class='ocrx_word' id='word_1_607' title='bbox 1947 2413 2015 2465; x_wconf 91' lang='lat' dir='ltr'><strong>ab</strong></span> <span class='ocrx_word' id='word_1_608' title='bbox 2035 2414 2118 2467; x_wconf 90' lang='lat' dir='ltr'><strong>his</strong></span> <span class='ocrx_word' id='word_1_609' title='bbox 2136 2414 2311 2467; x_wconf 84' lang='lat' dir='ltr'><strong>verbis</strong></span> <span class='ocrx_word' id='word_1_610' title='bbox 2334 2408 2487 2477; x_wconf 77' lang='grc' dir='ltr'>οὗτος</span> <span class='ocrx_word' id='word_1_611' title='bbox 2508 2417 2535 2467; x_wconf 89' lang='grc' dir='ltr'>ὁ</span> <span class='ocrx_word' id='word_1_612' title='bbox 2557 2416 2650 2469; x_wconf 84' lang='grc' dir='ltr'><strong>ἀπ’</strong></span> <span class='ocrx_word' id='word_1_613' title='bbox 2668 2414 2864 2484; x_wconf 78' lang='grc' dir='ltr'><strong>ἀρχῆς,</strong></span> <span class='ocrx_word' id='word_1_614' title='bbox 2886 2415 2952 2467; x_wconf 87' lang='lat' dir='ltr'><strong>ab</strong></span> <span class='ocrx_word' id='word_1_615' title='bbox 2976 2412 3080 2468; x_wconf 86' lang='lat' dir='ltr'><strong>alio</strong></span> <span class='ocrx_word' id='word_1_616' title='bbox 3100 2427 3337 2469; x_wconf 84' lang='lat' dir='ltr'><strong>assutam</strong></span> <span class='ocrx_word' id='word_1_617' title='bbox 3361 2414 3539 2483; x_wconf 86' lang='lat' dir='ltr'><strong>suspi-</strong></span> 
     </span>
    </p>
   </div>
   <div class='ocr_carea' id='block_1_85' title="bbox 1945 2504 3528 2577">
    <p class='ocr_par' dir='ltr' id='par_1_85' title="bbox 1945 2504 3528 2577">
     <span class='ocr_line' id='line_1_85' title="bbox 1945 2504 3528 2577; baseline 0 -19"><span class='ocrx_word' id='word_1_618' title='bbox 1945 2517 2102 2558; x_wconf 87' lang='lat' dir='ltr'><strong>catur</strong></span> <span class='ocrx_word' id='word_1_619' title='bbox 2146 2505 2561 2569; x_wconf 89' lang='lat' dir='ltr'><strong>Tillemontius;</strong></span> <span class='ocrx_word' id='word_1_620' title='bbox 2603 2521 2914 2577; x_wconf 84' lang='lat' dir='ltr'><strong>quanquam</strong></span> <span class='ocrx_word' id='word_1_621' title='bbox 2966 2504 3102 2559; x_wconf 77' lang='lat' dir='ltr'><strong>hunc</strong></span> <span class='ocrx_word' id='word_1_622' title='bbox 3153 2506 3528 2574; x_wconf 83' lang='lat' dir='ltr'><strong>conjecturam</strong></span> 
     </span>
    </p>
   </div>
   <div class='ocr_carea' id='block_1_86' title="bbox 1944 2594 3534 2663">
    <p class='ocr_par' dir='ltr' id='par_1_86' title="bbox 1944 2594 3534 2663">
     <span class='ocr_line' id='line_1_86' title="bbox 1944 2594 3534 2663; baseline -0.002 -13"><span class='ocrx_word' id='word_1_623' title='bbox 1944 2612 2051 2650; x_wconf 89' lang='lat' dir='ltr'><strong>non</strong></span> <span class='ocrx_word' id='word_1_624' title='bbox 2088 2612 2239 2651; x_wconf 89' lang='lat' dir='ltr'><strong>suam</strong></span> <span class='ocrx_word' id='word_1_625' title='bbox 2274 2596 2421 2659; x_wconf 83' lang='lat' dir='ltr'><strong>facit,</strong></span> <span class='ocrx_word' id='word_1_626' title='bbox 2450 2597 2543 2649; x_wconf 85' lang='lat' dir='ltr'><strong>sed</strong></span> <span class='ocrx_word' id='word_1_627' title='bbox 2581 2596 2793 2648; x_wconf 90' lang='lat' dir='ltr'><strong>erudito</strong></span> <span class='ocrx_word' id='word_1_628' title='bbox 2824 2596 2960 2661; x_wconf 86' lang='lat' dir='ltr'><strong>viro,</strong></span> <span class='ocrx_word' id='word_1_629' title='bbox 2998 2611 3156 2663; x_wconf 81' lang='lat' dir='ltr'><strong>quem</strong></span> <span class='ocrx_word' id='word_1_630' title='bbox 3208 2610 3313 2649; x_wconf 91' lang='lat' dir='ltr'><strong>non</strong></span> <span class='ocrx_word' id='word_1_631' title='bbox 3348 2594 3534 2663; x_wconf 83' lang='lat' dir='ltr'><strong>appel-</strong></span> 
     </span>
    </p>
   </div>
   <div class='ocr_carea' id='block_1_87' title="bbox 1946 2688 2581 2758">
    <p class='ocr_par' dir='ltr' id='par_1_87' title="bbox 1946 2688 2581 2758">
     <span class='ocr_line' id='line_1_87' title="bbox 1946 2688 2581 2758; baseline -0.003 -15"><span class='ocrx_word' id='word_1_632' title='bbox 1946 2692 2044 2752; x_wconf 87' lang='lat' dir='ltr'><strong>lat,</strong></span> <span class='ocrx_word' id='word_1_633' title='bbox 2074 2699 2357 2758; x_wconf 83' lang='lat' dir='ltr'><strong>acceptam</strong></span> <span class='ocrx_word' id='word_1_634' title='bbox 2396 2688 2581 2741; x_wconf 78' lang='lat' dir='ltr'><strong>refert.</strong></span> 
     </span>
    </p>
   </div>
   <div class='ocr_carea' id='block_1_88' title="bbox 2018 2778 3529 2846">
    <p class='ocr_par' dir='ltr' id='par_1_88' title="bbox 2018 2778 3529 2846">
     <span class='ocr_line' id='line_1_88' title="bbox 2018 2778 3529 2846; baseline -0.001 -13"><span class='ocrx_word' id='word_1_635' title='bbox 2018 2781 2306 2835; x_wconf 76' lang='lat' dir='ltr'><strong>Existimat</strong></span> <span class='ocrx_word' id='word_1_636' title='bbox 2340 2780 2476 2833; x_wconf 85' lang='lat' dir='ltr'><strong>idem</strong></span> <span class='ocrx_word' id='word_1_637' title='bbox 2512 2778 2860 2834; x_wconf 80' lang='lat' dir='ltr'><strong>doctissimus</strong></span> <span class='ocrx_word' id='word_1_638' title='bbox 2906 2779 3160 2846; x_wconf 83' lang='lat' dir='ltr'><strong>scriptor,</strong></span> <span class='ocrx_word' id='word_1_639' title='bbox 3207 2779 3421 2833; x_wconf 88' lang='lat' dir='ltr'><strong>etiamsi</strong></span> <span class='ocrx_word' id='word_1_640' title='bbox 3463 2793 3529 2832; x_wconf 86' lang='lat' dir='ltr'><strong>ea</strong></span> 
     </span>
    </p>
   </div>
   <div class='ocr_carea' id='block_1_89' title="bbox 1941 2867 3527 2939">
    <p class='ocr_par' dir='ltr' id='par_1_89' title="bbox 1941 2867 3527 2939">
     <span class='ocr_line' id='line_1_89' title="bbox 1941 2867 3527 2939; baseline 0.001 -18"><span class='ocrx_word' id='word_1_641' title='bbox 1941 2868 2225 2921; x_wconf 85' lang='lat' dir='ltr'><strong>solvantur</strong></span> <span class='ocrx_word' id='word_1_642' title='bbox 2269 2883 2389 2935; x_wconf 72' lang='lat' dir='ltr'><strong>qua:</strong></span> <span class='ocrx_word' id='word_1_643' title='bbox 2439 2867 2655 2933; x_wconf 71' lang='lat' dir='ltr'><strong>OhjCl‘ll,</strong></span> <span class='ocrx_word' id='word_1_644' title='bbox 2712 2868 2886 2936; x_wconf 81' lang='lat' dir='ltr'><strong>ipsam</strong></span> <span class='ocrx_word' id='word_1_645' title='bbox 2926 2869 3059 2939; x_wconf 74' lang='lat' dir='ltr'><strong>‘styii</strong></span> <span class='ocrx_word' id='word_1_646' title='bbox 3108 2867 3527 2929; x_wconf 85' lang='lat' dir='ltr'><strong>discrepantiam</strong></span> 
     </span>
    </p>
   </div>
   <div class='ocr_carea' id='block_1_90' title="bbox 1939 2956 3529 3025">
    <p class='ocr_par' dir='ltr' id='par_1_90' title="bbox 1939 2956 3529 3025">
     <span class='ocr_line' id='line_1_90' title="bbox 1939 2956 3529 3025; baseline -0.002 -11"><span class='ocrx_word' id='word_1_647' title='bbox 1939 2959 2073 3015; x_wconf 85' lang='lat' dir='ltr'><strong>satis</strong></span> <span class='ocrx_word' id='word_1_648' title='bbox 2103 2958 2405 3025; x_wconf 71' lang='lat' dir='ltr'><strong>argumenti</strong></span> <span class='ocrx_word' id='word_1_649' title='bbox 2443 2957 2703 3019; x_wconf 77' lang='lat' dir='ltr'><strong>futuram,</strong></span> <span class='ocrx_word' id='word_1_650' title='bbox 2739 2974 2835 3011; x_wconf 88' lang='lat' dir='ltr'><strong>cur</strong></span> <span class='ocrx_word' id='word_1_651' title='bbox 2870 2958 2973 3011; x_wconf 84' lang='lat' dir='ltr'><strong>hoc</strong></span> <span class='ocrx_word' id='word_1_652' title='bbox 3006 2973 3143 3025; x_wconf 90' lang='lat' dir='ltr'><strong>opus</strong></span> <span class='ocrx_word' id='word_1_653' title='bbox 3170 2956 3387 3011; x_wconf 71' lang='lat' dir='ltr'><strong>JUSlllIO</strong></span> <span class='ocrx_word' id='word_1_654' title='bbox 3423 2973 3529 3011; x_wconf 93' lang='lat' dir='ltr'><strong>non</strong></span> 
     </span>
    </p>
   </div>
   <div class='ocr_carea' id='block_1_91' title="bbox 1941 3048 3532 3116">
    <p class='ocr_par' dir='ltr' id='par_1_91' title="bbox 1941 3048 3532 3116">
     <span class='ocr_line' id='line_1_91' title="bbox 1941 3048 3532 3116; baseline 0.002 -15"><span class='ocrx_word' id='word_1_655' title='bbox 1941 3050 2229 3102; x_wconf 83' lang='lat' dir='ltr'><strong>tribuatur.</strong></span> <span class='ocrx_word' id='word_1_656' title='bbox 2271 3048 2420 3102; x_wconf 85' lang='lat' dir='ltr'><strong>llaud</strong></span> <span class='ocrx_word' id='word_1_657' title='bbox 2450 3051 2628 3101; x_wconf 74' lang='lat' dir='ltr'><strong>dicam</strong></span> <span class='ocrx_word' id='word_1_658' title='bbox 2661 3048 2915 3116; x_wconf 86' lang='lat' dir='ltr'><strong>equidem</strong></span> <span class='ocrx_word' id='word_1_659' title='bbox 2946 3063 3030 3103; x_wconf 91' lang='lat' dir='ltr'><strong>me</strong></span> <span class='ocrx_word' id='word_1_660' title='bbox 3073 3049 3179 3102; x_wconf 86' lang='lat' dir='ltr'><strong>hac</strong></span> <span class='ocrx_word' id='word_1_661' title='bbox 3213 3048 3532 3104; x_wconf 69' lang='lat' dir='ltr'><strong>diﬁicultate</strong></span> 
     </span>
    </p>
   </div>
   <div class='ocr_carea' id='block_1_92' title="bbox 1938 3141 3524 3205">
    <p class='ocr_par' dir='ltr' id='par_1_92' title="bbox 1938 3141 3524 3205">
     <span class='ocr_line' id='line_1_92' title="bbox 1938 3141 3524 3205; baseline -0.001 -11"><span class='ocrx_word' id='word_1_662' title='bbox 1938 3141 2127 3195; x_wconf 79' lang='lat' dir='ltr'><strong>leviter</strong></span> <span class='ocrx_word' id='word_1_663' title='bbox 2166 3141 2370 3194; x_wconf 85' lang='lat' dir='ltr'><strong>moveri</strong></span> <span class='ocrx_word' id='word_1_664' title='bbox 2400 3160 2413 3194; x_wconf 90' lang='lat'><strong>:</strong></span> <span class='ocrx_word' id='word_1_665' title='bbox 2448 3150 2501 3192; x_wconf 88' lang='lat' dir='ltr'><strong>et</strong></span> <span class='ocrx_word' id='word_1_666' title='bbox 2534 3141 2736 3193; x_wconf 80' lang='lat' dir='ltr'><strong>idcirco</strong></span> <span class='ocrx_word' id='word_1_667' title='bbox 2782 3156 2903 3192; x_wconf 89' lang='lat' dir='ltr'><strong>cum</strong></span> <span class='ocrx_word' id='word_1_668' title='bbox 2960 3141 3199 3195; x_wconf 87' lang='lat' dir='ltr'><strong>incertus</strong></span> <span class='ocrx_word' id='word_1_669' title='bbox 3230 3141 3524 3205; x_wconf 60' lang='lat' dir='ltr'><strong>haererem,</strong></span> 
     </span>
    </p>
   </div>
   <div class='ocr_carea' id='block_1_93' title="bbox 1940 3229 3530 3301">
    <p class='ocr_par' dir='ltr' id='par_1_93' title="bbox 1940 3229 3530 3301">
     <span class='ocr_line' id='line_1_93' title="bbox 1940 3229 3530 3301; baseline -0.001 -15"><span class='ocrx_word' id='word_1_670' title='bbox 1940 3248 2117 3300; x_wconf 89' lang='lat' dir='ltr'><strong>neque</strong></span> <span class='ocrx_word' id='word_1_671' title='bbox 2160 3233 2225 3286; x_wconf 91' lang='lat' dir='ltr'><strong>de</strong></span> <span class='ocrx_word' id='word_1_672' title='bbox 2259 3232 2511 3301; x_wconf 88' lang='lat' dir='ltr'><strong>operibus</strong></span> <span class='ocrx_word' id='word_1_673' title='bbox 2555 3229 2749 3284; x_wconf 86' lang='lat' dir='ltr'><strong>Justini</strong></span> <span class='ocrx_word' id='word_1_674' title='bbox 2785 3231 3067 3300; x_wconf 85' lang='lat' dir='ltr'><strong>epistolam</strong></span> <span class='ocrx_word' id='word_1_675' title='bbox 3112 3232 3373 3301; x_wconf 84' lang='lat' dir='ltr'><strong>disjunxi,</strong></span> <span class='ocrx_word' id='word_1_676' title='bbox 3432 3246 3530 3285; x_wconf 90' lang='lat' dir='ltr'><strong>ne-</strong></span> 
     </span>
    </p>
   </div>
   <div class='ocr_carea' id='block_1_94' title="bbox 1938 3324 3525 3393">
    <p class='ocr_par' dir='ltr' id='par_1_94' title="bbox 1938 3324 3525 3393">
     <span class='ocr_line' id='line_1_94' title="bbox 1938 3324 3525 3393; baseline 0.002 -18"><span class='ocrx_word' id='word_1_677' title='bbox 1938 3340 2043 3393; x_wconf 89' lang='lat' dir='ltr'><strong>que</strong></span> <span class='ocrx_word' id='word_1_678' title='bbox 2094 3339 2159 3379; x_wconf 90' lang='lat' dir='ltr'><strong>eo</strong></span> <span class='ocrx_word' id='word_1_679' title='bbox 2217 3325 2333 3378; x_wconf 88' lang='lat' dir='ltr'><strong>loco</strong></span> <span class='ocrx_word' id='word_1_680' title='bbox 2377 3324 2659 3390; x_wconf 81' lang='lat' dir='ltr'><strong>collocavi,</strong></span> <span class='ocrx_word' id='word_1_681' title='bbox 2692 3327 2781 3393; x_wconf 89' lang='lat' dir='ltr'><strong>qui</strong></span> <span class='ocrx_word' id='word_1_682' title='bbox 2819 3326 2867 3378; x_wconf 90' lang='lat' dir='ltr'><strong>ei</strong></span> <span class='ocrx_word' id='word_1_683' title='bbox 2928 3325 3245 3378; x_wconf 88' lang='lat' dir='ltr'><strong>tribuendus</strong></span> <span class='ocrx_word' id='word_1_684' title='bbox 3300 3324 3525 3386; x_wconf 84' lang='lat' dir='ltr'><strong>fuisset,</strong></span> 
     </span>
    </p>
   </div>
   <div class='ocr_carea' id='block_1_95' title="bbox 1938 3414 3520 3485">
    <p class='ocr_par' dir='ltr' id='par_1_95' title="bbox 1938 3414 3520 3485">
     <span class='ocr_line' id='line_1_95' title="bbox 1938 3414 3520 3485; baseline -0.001 -15"><span class='ocrx_word' id='word_1_685' title='bbox 1938 3419 1982 3471; x_wconf 91' lang='lat' dir='ltr'><strong>si</strong></span> <span class='ocrx_word' id='word_1_686' title='bbox 2017 3416 2386 3470; x_wconf 90' lang='lat' dir='ltr'><strong>certissimum</strong></span> <span class='ocrx_word' id='word_1_687' title='bbox 2418 3426 2563 3469; x_wconf 87' lang='lat' dir='ltr'><strong>esset</strong></span> <span class='ocrx_word' id='word_1_688' title='bbox 2598 3414 2795 3468; x_wconf 86' lang='lat' dir='ltr'><strong>Justiui</strong></span> <span class='ocrx_word' id='word_1_689' title='bbox 2823 3430 2957 3483; x_wconf 92' lang='lat' dir='ltr'><strong>opus</strong></span> <span class='ocrx_word' id='word_1_690' title='bbox 2994 3415 3092 3485; x_wconf 92' lang='lat' dir='ltr'><strong>(l).</strong></span> <span class='ocrx_word' id='word_1_691' title='bbox 3129 3415 3183 3468; x_wconf 89' lang='lat' dir='ltr'><strong>Si</strong></span> <span class='ocrx_word' id='word_1_692' title='bbox 3225 3417 3347 3483; x_wconf 89' lang='lat' dir='ltr'><strong>quis</strong></span> <span class='ocrx_word' id='word_1_693' title='bbox 3377 3417 3520 3469; x_wconf 91' lang='lat' dir='ltr'><strong>enim</strong></span> 
     </span>
    </p>
   </div>
   <div class='ocr_carea' id='block_1_96' title="bbox 1936 3504 3519 3576">
    <p class='ocr_par' dir='ltr' id='par_1_96' title="bbox 1936 3504 3519 3576">
     <span class='ocr_line' id='line_1_96' title="bbox 1936 3504 3519 3576; baseline 0 -16"><span class='ocrx_word' id='word_1_694' title='bbox 1936 3505 2231 3569; x_wconf 86' lang='lat' dir='ltr'><strong>Justinum,</strong></span> <span class='ocrx_word' id='word_1_695' title='bbox 2267 3512 2325 3558; x_wconf 94' lang='lat' dir='ltr'><strong>ut</strong></span> <span class='ocrx_word' id='word_1_696' title='bbox 2360 3509 2413 3559; x_wconf 91' lang='lat' dir='ltr'><strong>in</strong></span> <span class='ocrx_word' id='word_1_697' title='bbox 2444 3504 2816 3559; x_wconf 86' lang='lat' dir='ltr'><strong>Cohortatione</strong></span> <span class='ocrx_word' id='word_1_698' title='bbox 2855 3506 3026 3574; x_wconf 81' lang='lat' dir='ltr'><strong>magis</strong></span> <span class='ocrx_word' id='word_1_699' title='bbox 3057 3506 3276 3576; x_wconf 87' lang='lat' dir='ltr'><strong>elegans</strong></span> <span class='ocrx_word' id='word_1_700' title='bbox 3307 3506 3519 3560; x_wconf 89' lang='lat' dir='ltr'><strong>dicendi</strong></span> 
     </span>
    </p>
   </div>
   <div class='ocr_carea' id='block_1_97' title="bbox 1936 3592 3522 3665">
    <p class='ocr_par' dir='ltr' id='par_1_97' title="bbox 1936 3592 3522 3665">
     <span class='ocr_line' id='line_1_97' title="bbox 1936 3592 3522 3665; baseline -0.003 -16"><span class='ocrx_word' id='word_1_701' title='bbox 1936 3610 2130 3665; x_wconf 87' lang='lat' dir='ltr'><strong>genus,</strong></span> <span class='ocrx_word' id='word_1_702' title='bbox 2161 3610 2325 3664; x_wconf 91' lang='lat' dir='ltr'><strong>quam</strong></span> <span class='ocrx_word' id='word_1_703' title='bbox 2382 3595 2433 3648; x_wconf 90' lang='lat' dir='ltr'><strong>in</strong></span> <span class='ocrx_word' id='word_1_704' title='bbox 2481 3593 2602 3647; x_wconf 88' lang='lat' dir='ltr'><strong>aliis</strong></span> <span class='ocrx_word' id='word_1_705' title='bbox 2646 3594 2920 3661; x_wconf 88' lang='lat' dir='ltr'><strong>operibus,</strong></span> <span class='ocrx_word' id='word_1_706' title='bbox 2953 3602 3174 3646; x_wconf 91' lang='lat' dir='ltr'><strong>secutus</strong></span> <span class='ocrx_word' id='word_1_707' title='bbox 3218 3601 3321 3657; x_wconf 91' lang='lat' dir='ltr'><strong>est,</strong></span> <span class='ocrx_word' id='word_1_708' title='bbox 3358 3592 3431 3645; x_wconf 87' lang='lat' dir='ltr'><strong>ita</strong></span> <span class='ocrx_word' id='word_1_709' title='bbox 3466 3592 3522 3645; x_wconf 94' lang='lat' dir='ltr'><strong>in</strong></span> 
     </span>
    </p>
   </div>
   <div class='ocr_carea' id='block_1_98' title="bbox 1934 3681 3525 3755">
    <p class='ocr_par' dir='ltr' id='par_1_98' title="bbox 1934 3681 3525 3755">
     <span class='ocr_line' id='line_1_98' title="bbox 1934 3681 3525 3755; baseline -0.004 -15"><span class='ocrx_word' id='word_1_710' title='bbox 1934 3688 2035 3741; x_wconf 88' lang='lat' dir='ltr'><strong>hac</strong></span> <span class='ocrx_word' id='word_1_711' title='bbox 2064 3686 2292 3755; x_wconf 91' lang='lat' dir='ltr'><strong>epistola</strong></span> <span class='ocrx_word' id='word_1_712' title='bbox 2322 3686 2557 3739; x_wconf 85' lang='lat' dir='ltr'><strong>maxime</strong></span> <span class='ocrx_word' id='word_1_713' title='bbox 2604 3684 2825 3753; x_wconf 83' lang='lat' dir='ltr'><strong>elegans</strong></span> <span class='ocrx_word' id='word_1_714' title='bbox 2874 3698 2939 3738; x_wconf 91' lang='lat' dir='ltr'><strong>ac</strong></span> <span class='ocrx_word' id='word_1_715' title='bbox 2999 3684 3237 3737; x_wconf 79' lang='lat' dir='ltr'><strong>maxime</strong></span> <span class='ocrx_word' id='word_1_716' title='bbox 3290 3681 3525 3736; x_wconf 87' lang='lat' dir='ltr'><strong>sublime</strong></span> 
     </span>
    </p>
   </div>
   <div class='ocr_carea' id='block_1_99' title="bbox 1934 3771 3520 3842">
    <p class='ocr_par' dir='ltr' id='par_1_99' title="bbox 1934 3771 3520 3842">
     <span class='ocr_line' id='line_1_99' title="bbox 1934 3771 3520 3842; baseline -0.004 -11"><span class='ocrx_word' id='word_1_717' title='bbox 1934 3786 2179 3831; x_wconf 89' lang='lat' dir='ltr'><strong>secutum</strong></span> <span class='ocrx_word' id='word_1_718' title='bbox 2224 3790 2349 3830; x_wconf 83' lang='lat' dir='ltr'><strong>esse</strong></span> <span class='ocrx_word' id='word_1_719' title='bbox 2396 3774 2561 3841; x_wconf 87' lang='lat' dir='ltr'><strong>velit;</strong></span> <span class='ocrx_word' id='word_1_720' title='bbox 2618 3772 2902 3828; x_wconf 79' lang='lat' dir='ltr'><strong>referenda</strong></span> <span class='ocrx_word' id='word_1_721' title='bbox 2966 3773 3074 3827; x_wconf 92' lang='lat' dir='ltr'><strong>erit</strong></span> <span class='ocrx_word' id='word_1_722' title='bbox 3112 3773 3178 3826; x_wconf 83' lang='lat' dir='ltr'><strong>ad</strong></span> <span class='ocrx_word' id='word_1_723' title='bbox 3226 3771 3520 3842; x_wconf 87' lang='lat' dir='ltr'><strong>primordia</strong></span> 
     </span>
    </p>
   </div>
   <div class='ocr_carea' id='block_1_100' title="bbox 1932 3863 3520 3934">
    <p class='ocr_par' dir='ltr' id='par_1_100' title="bbox 1932 3863 3520 3934">
     <span class='ocr_line' id='line_1_100' title="bbox 1932 3863 3520 3934; baseline -0.004 -11"><span class='ocrx_word' id='word_1_724' title='bbox 1932 3868 2328 3931; x_wconf 86' lang='lat' dir='ltr'><strong>conversionis,</strong></span> <span class='ocrx_word' id='word_1_725' title='bbox 2359 3876 2415 3920; x_wconf 93' lang='lat' dir='ltr'><strong>et</strong></span> <span class='ocrx_word' id='word_1_726' title='bbox 2454 3866 2730 3934; x_wconf 89' lang='lat' dir='ltr'><strong>antiquior</strong></span> <span class='ocrx_word' id='word_1_727' title='bbox 2779 3864 3138 3919; x_wconf 83' lang='lat' dir='ltr'><strong>existimanda</strong></span> <span class='ocrx_word' id='word_1_728' title='bbox 3165 3880 3326 3933; x_wconf 89' lang='lat' dir='ltr'><strong>quam</strong></span> <span class='ocrx_word' id='word_1_729' title='bbox 3374 3863 3520 3932; x_wconf 82' lang='lat' dir='ltr'><strong>Apo-</strong></span> 
     </span>
    </p>
   </div>
   <div class='ocr_carea' id='block_1_101' title="bbox 1930 3955 3519 4029">
    <p class='ocr_par' dir='ltr' id='par_1_101' title="bbox 1930 3955 3519 4029">
     <span class='ocr_line' id='line_1_101' title="bbox 1930 3955 3519 4029; baseline -0.003 -16"><span class='ocrx_word' id='word_1_730' title='bbox 1930 3962 2105 4029; x_wconf 75' lang='lat' dir='ltr'><strong>logitc,</strong></span> <span class='ocrx_word' id='word_1_731' title='bbox 2150 3961 2204 4014; x_wconf 91' lang='lat' dir='ltr'><strong>in</strong></span> <span class='ocrx_word' id='word_1_732' title='bbox 2257 3962 2454 4029; x_wconf 90' lang='lat' dir='ltr'><strong>quibus</strong></span> <span class='ocrx_word' id='word_1_733' title='bbox 2498 3960 2675 4013; x_wconf 85' lang='lat' dir='ltr'><strong>studio</strong></span> <span class='ocrx_word' id='word_1_734' title='bbox 2711 3958 2993 4027; x_wconf 75' lang='lat' dir='ltr'><strong>religioais</strong></span> <span class='ocrx_word' id='word_1_735' title='bbox 3036 3955 3383 4011; x_wconf 63' lang='lat' dir='ltr'><strong>defendenda:</strong></span> <span class='ocrx_word' id='word_1_736' title='bbox 3434 3956 3519 4008; x_wconf 90' lang='lat' dir='ltr'><strong>in—</strong></span> 
     </span>
    </p>
   </div>
   <div class='ocr_carea' id='block_1_102' title="bbox 1928 4050 3515 4119">
    <p class='ocr_par' dir='ltr' id='par_1_102' title="bbox 1928 4050 3515 4119">
     <span class='ocr_line' id='line_1_102' title="bbox 1928 4050 3515 4119; baseline -0.004 -13"><span class='ocrx_word' id='word_1_737' title='bbox 1928 4052 2234 4109; x_wconf 86' lang='lat' dir='ltr'><strong>ﬂammatus</strong></span> <span class='ocrx_word' id='word_1_738' title='bbox 2300 4063 2618 4108; x_wconf 88' lang='lat' dir='ltr'><strong>ornamenta</strong></span> <span class='ocrx_word' id='word_1_739' title='bbox 2660 4051 2889 4119; x_wconf 76' lang='lat' dir='ltr'><strong>idicendi</strong></span> <span class='ocrx_word' id='word_1_740' title='bbox 2958 4050 3182 4104; x_wconf 90' lang='lat' dir='ltr'><strong>minime</strong></span> <span class='ocrx_word' id='word_1_741' title='bbox 3250 4057 3515 4102; x_wconf 82' lang='lat' dir='ltr'><strong>sectatur.</strong></span> 
     </span>
    </p>
   </div>
   <div class='ocr_carea' id='block_1_103' title="bbox 1928 4139 3517 4210">
    <p class='ocr_par' dir='ltr' id='par_1_103' title="bbox 1928 4139 3517 4210">
     <span class='ocr_line' id='line_1_103' title="bbox 1928 4139 3517 4210; baseline -0.003 -14"><span class='ocrx_word' id='word_1_742' title='bbox 1928 4141 2181 4197; x_wconf 90' lang='lat' dir='ltr'><strong>Pluribus</strong></span> <span class='ocrx_word' id='word_1_743' title='bbox 2211 4141 2440 4196; x_wconf 88' lang='lat' dir='ltr'><strong>eruditis</strong></span> <span class='ocrx_word' id='word_1_744' title='bbox 2492 4141 2717 4210; x_wconf 85' lang='lat' dir='ltr'><strong>probata</strong></span> <span class='ocrx_word' id='word_1_745' title='bbox 2757 4139 3013 4194; x_wconf 78' lang='lat' dir='ltr'><strong>Halloixii</strong></span> <span class='ocrx_word' id='word_1_746' title='bbox 3053 4139 3387 4203; x_wconf 79' lang='lat' dir='ltr'><strong>coniectura,</strong></span> <span class='ocrx_word' id='word_1_747' title='bbox 3425 4140 3517 4207; x_wconf 74' lang='lat' dir='ltr'><strong>q-ui</strong></span> 
     </span>
    </p>
   </div>
   <div class='ocr_carea' id='block_1_104' title="bbox 1933 4230 3521 4303">
    <p class='ocr_par' dir='ltr' id='par_1_104' title="bbox 1933 4230 3521 4303">
     <span class='ocr_line' id='line_1_104' title="bbox 1933 4230 3521 4303; baseline -0.004 -15"><span class='ocrx_word' id='word_1_748' title='bbox 1933 4235 2280 4303; x_wconf 85' lang='lat' dir='ltr'><strong>Diognetum,</strong></span> <span class='ocrx_word' id='word_1_749' title='bbox 2310 4236 2375 4287; x_wconf 90' lang='lat' dir='ltr'><strong>ad</strong></span> <span class='ocrx_word' id='word_1_750' title='bbox 2406 4249 2569 4303; x_wconf 85' lang='lat' dir='ltr'><strong>quem</strong></span> <span class='ocrx_word' id='word_1_751' title='bbox 2609 4232 2810 4301; x_wconf 88' lang='lat' dir='ltr'><strong>scripta</strong></span> <span class='ocrx_word' id='word_1_752' title='bbox 2853 4244 2935 4285; x_wconf 92' lang='lat' dir='ltr'><strong>est</strong></span> <span class='ocrx_word' id='word_1_753' title='bbox 2958 4231 3205 4300; x_wconf 88' lang='lat' dir='ltr'><strong>epistola,</strong></span> <span class='ocrx_word' id='word_1_754' title='bbox 3253 4231 3429 4300; x_wconf 91' lang='lat' dir='ltr'><strong>ipsum</strong></span> <span class='ocrx_word' id='word_1_755' title='bbox 3457 4230 3521 4282; x_wconf 88' lang='lat' dir='ltr'><strong>il-</strong></span> 
     </span>
    </p>
   </div>
   <div class='ocr_carea' id='block_1_105' title="bbox 1928 4319 3515 4388">
    <p class='ocr_par' dir='ltr' id='par_1_105' title="bbox 1928 4319 3515 4388">
     <span class='ocr_line' id='line_1_105' title="bbox 1928 4319 3515 4388; baseline 0 -15"><span class='ocrx_word' id='word_1_756' title='bbox 1928 4320 2037 4373; x_wconf 90' lang='lat' dir='ltr'><strong>lum</strong></span> <span class='ocrx_word' id='word_1_757' title='bbox 2075 4335 2196 4375; x_wconf 92' lang='lat' dir='ltr'><strong>esse</strong></span> <span class='ocrx_word' id='word_1_758' title='bbox 2242 4320 2608 4381; x_wconf 83' lang='lat' dir='ltr'><strong>existimavit,</strong></span> <span class='ocrx_word' id='word_1_759' title='bbox 2653 4334 2760 4388; x_wconf 88' lang='lat' dir='ltr'><strong>quo</strong></span> <span class='ocrx_word' id='word_1_760' title='bbox 2801 4319 2870 4372; x_wconf 85' lang='grc' dir='ltr'><strong>Μ.</strong></span> <span class='ocrx_word' id='word_1_761' title='bbox 2899 4320 3151 4373; x_wconf 82' lang='lat' dir='ltr'><strong>Aurelius</strong></span> <span class='ocrx_word' id='word_1_762' title='bbox 3183 4320 3515 4388; x_wconf 86' lang='lat' dir='ltr'><strong>etpingendi</strong></span> 
     </span>
    </p>
   </div>
   <div class='ocr_carea' id='block_1_106' title="bbox 1930 4409 3515 4479">
    <p class='ocr_par' dir='ltr' id='par_1_106' title="bbox 1930 4409 3515 4479">
     <span class='ocr_line' id='line_1_106' title="bbox 1930 4409 3515 4479; baseline 0.001 -17"><span class='ocrx_word' id='word_1_763' title='bbox 1930 4410 2192 4475; x_wconf 80' lang='lat' dir='ltr'><strong>magistro</strong></span> <span class='ocrx_word' id='word_1_764' title='bbox 2222 4419 2277 4464; x_wconf 91' lang='lat' dir='ltr'><strong>et</strong></span> <span class='ocrx_word' id='word_1_765' title='bbox 2308 4411 2534 4463; x_wconf 86' lang='lat' dir='ltr'><strong>aliarum</strong></span> <span class='ocrx_word' id='word_1_766' title='bbox 2588 4426 2767 4465; x_wconf 84' lang='lat' dir='ltr'><strong>rerum</strong></span> <span class='ocrx_word' id='word_1_767' title='bbox 2819 4410 2975 4479; x_wconf 83' lang='lat' dir='ltr'><strong>longe</strong></span> <span class='ocrx_word' id='word_1_768' title='bbox 3010 4409 3296 4463; x_wconf 89' lang='lat' dir='ltr'><strong>meliorum</strong></span> <span class='ocrx_word' id='word_1_769' title='bbox 3326 4410 3515 4463; x_wconf 84' lang='lat' dir='ltr'><strong>horta-</strong></span> 
     </span>
    </p>
   </div>
   <div class='ocr_carea' id='block_1_107' title="bbox 2489 4558 2909 4629">
    <p class='ocr_par' dir='ltr' id='par_1_107' title="bbox 2489 4558 2909 4629">
     <span class='ocr_line' id='line_1_107' title="bbox 2489 4558 2909 4629; baseline 0.005 -2"><span class='ocrx_word' id='word_1_770' title='bbox 2489 4558 2493 4562; x_wconf 87' lang='grc'><em>’</em></span> <span class='ocrx_word' id='word_1_771' title='bbox 2534 4572 2764 4629; x_wconf 82' lang='lat' dir='ltr'><strong>CAPUT</strong></span> <span class='ocrx_word' id='word_1_772' title='bbox 2820 4571 2909 4629; x_wconf 78' lang='grc' dir='ltr'><strong>ιν.</strong></span> 
     </span>
    </p>
   </div>
   <div class='ocr_carea' id='block_1_108' title="bbox 1933 4660 3513 4736">
    <p class='ocr_par' dir='ltr' id='par_1_108' title="bbox 1933 4660 3513 4736">
     <span class='ocr_line' id='line_1_108' title="bbox 1933 4660 3513 4736; baseline 0.001 -21"><span class='ocrx_word' id='word_1_773' title='bbox 1933 4660 2009 4716; x_wconf 85' lang='lat' dir='ltr'><strong>De</strong></span> <span class='ocrx_word' id='word_1_774' title='bbox 2050 4662 2222 4730; x_wconf 85' lang='lat' dir='ltr'><strong>prima</strong></span> <span class='ocrx_word' id='word_1_775' title='bbox 2274 4662 2335 4736; x_wconf 69' lang='lat'><strong>§.</strong></span> <span class='ocrx_word' id='word_1_776' title='bbox 2392 4662 2592 4718; x_wconf 81' lang='lat' dir='ltr'><strong>Justim‘</strong></span> <span class='ocrx_word' id='word_1_777' title='bbox 2638 4666 2893 4736; x_wconf 82' lang='lat' dir='ltr'><strong>Apologia</strong></span> <span class='ocrx_word' id='word_1_778' title='bbox 2943 4679 2990 4720; x_wconf 87' lang='lat' dir='ltr'><strong>et</strong></span> <span class='ocrx_word' id='word_1_779' title='bbox 3035 4668 3194 4719; x_wconf 88' lang='lat' dir='ltr'><strong>trium</strong></span> <span class='ocrx_word' id='word_1_780' title='bbox 3235 4664 3513 4718; x_wconf 84' lang='lat' dir='ltr'><strong>criminum</strong></span> 
     </span>
    </p>
   </div>
   <div class='ocr_carea' id='block_1_109' title="bbox 2269 4732 3173 4807">
    <p class='ocr_par' dir='ltr' id='par_1_109' title="bbox 2269 4732 3173 4807">
     <span class='ocr_line' id='line_1_109' title="bbox 2269 4732 3173 4807; baseline 0.002 -20"><span class='ocrx_word' id='word_1_781' title='bbox 2269 4732 2587 4790; x_wconf 82' lang='lat' dir='ltr'><strong>Christianis</strong></span> <span class='ocrx_word' id='word_1_782' title='bbox 2618 4732 2907 4807; x_wconf 67' lang='lat' dir='ltr'><strong>aﬁictorum</strong></span> <span class='ocrx_word' id='word_1_783' title='bbox 2951 4738 3173 4806; x_wconf 85' lang='lat' dir='ltr'><strong>origine.</strong></span> 
     </span>
    </p>
   </div>
   <div class='ocr_carea' id='block_1_110' title="bbox 1930 4822 3507 4885">
    <p class='ocr_par' dir='ltr' id='par_1_110' title="bbox 1930 4822 3507 4885">
     <span class='ocr_line' id='line_1_110' title="bbox 1930 4822 3507 4885; baseline 0.003 -14"><span class='ocrx_word' id='word_1_784' title='bbox 1930 4822 1966 4871; x_wconf 92' lang='grc' dir='ltr'><strong>Ι.</strong></span> <span class='ocrx_word' id='word_1_785' title='bbox 1998 4823 2074 4872; x_wconf 92' lang='lat' dir='ltr'><strong>De</strong></span> <span class='ocrx_word' id='word_1_786' title='bbox 2098 4826 2357 4885; x_wconf 66' lang='lat' dir='ltr'><strong>praecipuis</strong></span> <span class='ocrx_word' id='word_1_787' title='bbox 2380 4825 2654 4875; x_wconf 84' lang='lat' dir='ltr'><strong>Christiano</strong></span> <span class='ocrx_word' id='word_1_788' title='bbox 2699 4825 2885 4875; x_wconf 87' lang='lat' dir='ltr'><strong>nomini</strong></span> <span class='ocrx_word' id='word_1_789' title='bbox 2923 4825 3094 4875; x_wconf 80' lang='lat' dir='ltr'><strong>aﬁictis</strong></span> <span class='ocrx_word' id='word_1_790' title='bbox 3116 4822 3417 4873; x_wconf 86' lang='lat' dir='ltr'><strong>criminibus.</strong></span> <span class='ocrx_word' id='word_1_791' title='bbox 3447 4826 3507 4875; x_wconf 91' lang='lat' dir='ltr'><strong>Il.</strong></span> 
     </span>
    </p>
   </div>
   <div class='ocr_carea' id='block_1_111' title="bbox 1992 4887 3514 4949">
    <p class='ocr_par' dir='ltr' id='par_1_111' title="bbox 1992 4887 3514 4949">
     <span class='ocr_line' id='line_1_111' title="bbox 1992 4887 3514 4949; baseline 0.001 -15"><span class='ocrx_word' id='word_1_792' title='bbox 1992 4887 2215 4934; x_wconf 84' lang='lat' dir='ltr'><strong>Justinus</strong></span> <span class='ocrx_word' id='word_1_793' title='bbox 2238 4888 2412 4935; x_wconf 78' lang='lat' dir='ltr'><strong>missos</strong></span> <span class='ocrx_word' id='word_1_794' title='bbox 2460 4889 2615 4936; x_wconf 83' lang='lat' dir='ltr'><strong>refert</strong></span> <span class='ocrx_word' id='word_1_795' title='bbox 2638 4903 2663 4936; x_wconf 90' lang='lat' dir='ltr'><strong>a</strong></span> <span class='ocrx_word' id='word_1_796' title='bbox 2688 4890 2873 4937; x_wconf 71' lang='lat' dir='ltr'><strong>Judaais</strong></span> <span class='ocrx_word' id='word_1_797' title='bbox 2900 4894 3012 4949; x_wconf 87' lang='lat' dir='ltr'><strong>post</strong></span> <span class='ocrx_word' id='word_1_798' title='bbox 3034 4889 3374 4949; x_wconf 68' lang='lat' dir='ltr'><strong>ascensionem</strong></span> <span class='ocrx_word' id='word_1_799' title='bbox 3413 4887 3514 4935; x_wconf 61' lang='lat' dir='ltr'><strong>Do.</strong></span> 
     </span>
    </p>
   </div>
   <div class='ocr_carea' id='block_1_112' title="bbox 1991 4947 3511 5011">
    <p class='ocr_par' dir='ltr' id='par_1_112' title="bbox 1991 4947 3511 5011">
     <span class='ocr_line' id='line_1_112' title="bbox 1991 4947 3511 5011; baseline 0.002 -17"><span class='ocrx_word' id='word_1_800' title='bbox 1991 4949 2110 4995; x_wconf 91' lang='lat' dir='ltr'><strong>mini</strong></span> <span class='ocrx_word' id='word_1_801' title='bbox 2132 4950 2341 5008; x_wconf 85' lang='lat' dir='ltr'><strong>legatos,</strong></span> <span class='ocrx_word' id='word_1_802' title='bbox 2365 4951 2447 5009; x_wconf 90' lang='lat' dir='ltr'><strong>qui</strong></span> <span class='ocrx_word' id='word_1_803' title='bbox 2474 4951 2562 4998; x_wconf 89' lang='lat' dir='ltr'><strong>hos</strong></span> <span class='ocrx_word' id='word_1_804' title='bbox 2588 4964 2813 4998; x_wconf 87' lang='lat' dir='ltr'><strong>rumores</strong></span> <span class='ocrx_word' id='word_1_805' title='bbox 2853 4947 3165 5011; x_wconf 75' lang='lat' dir='ltr'><strong>spargerent.</strong></span> <span class='ocrx_word' id='word_1_806' title='bbox 3210 4947 3291 4996; x_wconf 90' lang='lat' dir='ltr'><strong>Ill.</strong></span> <span class='ocrx_word' id='word_1_807' title='bbox 3334 4950 3430 4996; x_wconf 79' lang='lat' dir='ltr'><strong>Alii</strong></span> <span class='ocrx_word' id='word_1_808' title='bbox 3462 4952 3511 4997; x_wconf 89' lang='lat' dir='ltr'><strong>id</strong></span> 
     </span>
    </p>
   </div>
   <div class='ocr_carea' id='block_1_113' title="bbox 1989 5011 3512 5074">
    <p class='ocr_par' dir='ltr' id='par_1_113' title="bbox 1989 5011 3512 5074">
     <span class='ocr_line' id='line_1_113' title="bbox 1989 5011 3512 5074; baseline 0.002 -18"><span class='ocrx_word' id='word_1_809' title='bbox 1989 5017 2149 5074; x_wconf 79' lang='lat' dir='ltr'><strong>ortum</strong></span> <span class='ocrx_word' id='word_1_810' title='bbox 2176 5023 2289 5074; x_wconf 84' lang='lat' dir='ltr'><strong>esse</strong></span> <span class='ocrx_word' id='word_1_811' title='bbox 2333 5012 2504 5058; x_wconf 87' lang='lat' dir='ltr'><strong>dicunt</strong></span> <span class='ocrx_word' id='word_1_812' title='bbox 2526 5025 2590 5060; x_wconf 81' lang='lat' dir='ltr'><strong>ex</strong></span> <span class='ocrx_word' id='word_1_813' title='bbox 2614 5013 2854 5074; x_wconf 81' lang='lat' dir='ltr'><strong>ﬂagitiosa</strong></span> <span class='ocrx_word' id='word_1_814' title='bbox 2878 5011 3222 5060; x_wconf 74' lang='lat' dir='ltr'><strong>haereticorum</strong></span> <span class='ocrx_word' id='word_1_815' title='bbox 3243 5011 3360 5074; x_wconf 72' lang='lat' dir='ltr'><strong>vita.</strong></span> <span class='ocrx_word' id='word_1_816' title='bbox 3385 5012 3512 5061; x_wconf 84' lang='lat' dir='ltr'><strong>Con-</strong></span> 
     </span>
    </p>
   </div>
   <div class='ocr_carea' id='block_1_114' title="bbox 1990 5070 3509 5135">
    <p class='ocr_par' dir='ltr' id='par_1_114' title="bbox 1990 5070 3509 5135">
     <span class='ocr_line' id='line_1_114' title="bbox 1990 5070 3509 5135; baseline 0.002 -17"><span class='ocrx_word' id='word_1_817' title='bbox 1990 5070 2229 5135; x_wconf 17' lang='lat' dir='ltr'><strong>ciliantur,</strong></span> <span class='ocrx_word' id='word_1_818' title='bbox 2248 5073 2550 5121; x_wconf 78' lang='lat' dir='ltr'><strong>dissidentes</strong></span> <span class='ocrx_word' id='word_1_819' title='bbox 2599 5074 2651 5121; x_wconf 91' lang='lat' dir='ltr'><strong>in</strong></span> <span class='ocrx_word' id='word_1_820' title='bbox 2681 5070 2914 5135; x_wconf 61' lang='lat' dir='ltr'><strong>&#39;speeiem</strong></span> <span class='ocrx_word' id='word_1_821' title='bbox 2956 5075 3239 5121; x_wconf 70' lang='lat' dir='ltr'><strong>sententiae.</strong></span> <span class='ocrx_word' id='word_1_822' title='bbox 3267 5070 3348 5120; x_wconf 84' lang='lat' dir='ltr'><strong>IV.</strong></span> <span class='ocrx_word' id='word_1_823' title='bbox 3377 5073 3509 5135; x_wconf 84' lang='lat' dir='ltr'><strong>Ante</strong></span> 
     </span>
    </p>
   </div>
   <div class='ocr_carea' id='block_1_115' title="bbox 1984 5134 3506 5196">
    <p class='ocr_par' dir='ltr' id='par_1_115' title="bbox 1984 5134 3506 5196">
     <span class='ocr_line' id='line_1_115' title="bbox 1984 5134 3506 5196; baseline 0.003 -16"><span class='ocrx_word' id='word_1_824' title='bbox 1984 5140 2174 5194; x_wconf 88' lang='lat' dir='ltr'><strong>captam</strong></span> <span class='ocrx_word' id='word_1_825' title='bbox 2209 5134 2563 5195; x_wconf 79' lang='lat' dir='ltr'><strong>Jerosolymam</strong></span> <span class='ocrx_word' id='word_1_826' title='bbox 2614 5134 2891 5184; x_wconf 75' lang='lat' dir='ltr'><strong>collucanda</strong></span> <span class='ocrx_word' id='word_1_827' title='bbox 2941 5135 3199 5182; x_wconf 87' lang='lat' dir='ltr'><strong>criminum</strong></span> <span class='ocrx_word' id='word_1_828' title='bbox 3241 5135 3399 5196; x_wconf 84' lang='lat' dir='ltr'><strong>origo.</strong></span> <span class='ocrx_word' id='word_1_829' title='bbox 3447 5134 3506 5185; x_wconf 82' lang='lat' dir='ltr'><strong>V.</strong></span> 
     </span>
    </p>
   </div>
   <div class='ocr_carea' id='block_1_116' title="bbox 1988 5196 3072 5259">
    <p class='ocr_par' dir='ltr' id='par_1_116' title="bbox 1988 5196 3072 5259">
     <span class='ocr_line' id='line_1_116' title="bbox 1988 5196 3072 5259; baseline 0.001 -18"><span class='ocrx_word' id='word_1_830' title='bbox 1988 5196 2305 5253; x_wconf 83' lang='lat' dir='ltr'><strong>Quandonam</strong></span> <span class='ocrx_word' id='word_1_831' title='bbox 2321 5197 2426 5245; x_wconf 64' lang='lat' dir='ltr'><strong>haec</strong></span> <span class='ocrx_word' id='word_1_832' title='bbox 2438 5199 2641 5245; x_wconf 89' lang='lat' dir='ltr'><strong>crimina</strong></span> <span class='ocrx_word' id='word_1_833' title='bbox 2662 5198 2862 5245; x_wconf 89' lang='lat' dir='ltr'><strong>desiere</strong></span> <span class='ocrx_word' id='word_1_834' title='bbox 2881 5196 3072 5259; x_wconf 88' lang='lat' dir='ltr'><strong>jactari.</strong></span> 
     </span>
    </p>
   </div>
   <div class='ocr_carea' id='block_1_117' title="bbox 1991 5276 3504 5349">
    <p class='ocr_par' dir='ltr' id='par_1_117' title="bbox 1991 5276 3504 5349">
     <span class='ocr_line' id='line_1_117' title="bbox 1991 5276 3504 5349; baseline 0.002 -19"><span class='ocrx_word' id='word_1_835' title='bbox 1991 5278 2030 5331; x_wconf 91' lang='grc'><strong>1.</strong></span> <span class='ocrx_word' id='word_1_836' title='bbox 2068 5278 2261 5332; x_wconf 89' lang='lat' dir='ltr'><strong>Odium</strong></span> <span class='ocrx_word' id='word_1_837' title='bbox 2286 5277 2610 5334; x_wconf 72' lang='lat' dir='ltr'><strong>Christiana:</strong></span> <span class='ocrx_word' id='word_1_838' title='bbox 2635 5280 2914 5349; x_wconf 81' lang='lat' dir='ltr'><strong>religionis</strong></span> <span class='ocrx_word' id='word_1_839' title='bbox 2941 5281 3041 5332; x_wconf 88' lang='lat' dir='ltr'><strong>sub</strong></span> <span class='ocrx_word' id='word_1_840' title='bbox 3068 5276 3312 5333; x_wconf 84' lang='lat' dir='ltr'><strong>Adriano</strong></span> <span class='ocrx_word' id='word_1_841' title='bbox 3342 5278 3504 5333; x_wconf 88' lang='lat' dir='ltr'><strong>Chri—</strong></span> 
     </span>
    </p>
   </div>
   <div class='ocr_carea' id='block_1_118' title="bbox 1920 5368 3575 5439">
    <p class='ocr_par' dir='ltr' id='par_1_118' title="bbox 1920 5368 3575 5439">
     <span class='ocr_line' id='line_1_118' title="bbox 1920 5368 3575 5439; baseline 0.001 -17"><span class='ocrx_word' id='word_1_842' title='bbox 1920 5369 2112 5423; x_wconf 88' lang='lat' dir='ltr'><strong>stianis</strong></span> <span class='ocrx_word' id='word_1_843' title='bbox 2147 5368 2360 5424; x_wconf 84' lang='lat' dir='ltr'><strong>favente</strong></span> <span class='ocrx_word' id='word_1_844' title='bbox 2381 5386 2780 5439; x_wconf 91' lang='lat' dir='ltr'><strong>compressum,</strong></span> <span class='ocrx_word' id='word_1_845' title='bbox 2822 5384 3033 5438; x_wconf 87' lang='lat' dir='ltr'><strong>semper</strong></span> <span class='ocrx_word' id='word_1_846' title='bbox 3066 5370 3117 5423; x_wconf 92' lang='lat' dir='ltr'><strong>in</strong></span> <span class='ocrx_word' id='word_1_847' title='bbox 3144 5370 3343 5425; x_wconf 90' lang='lat' dir='ltr'><strong>animis</strong></span> <span class='ocrx_word' id='word_1_848' title='bbox 3376 5371 3502 5425; x_wconf 89' lang='lat' dir='ltr'><strong>eth-</strong></span> <span class='ocrx_word' id='word_1_849' title='bbox 3572 5396 3575 5399; x_wconf 58' lang='grc' dir='ltr'><strong><em>λ</em></strong></span> 
     </span>
    </p>
   </div>
   <div class='ocr_carea' id='block_1_119' title="bbox 1924 5464 3502 5531">
    <p class='ocr_par' dir='ltr' id='par_1_119' title="bbox 1924 5464 3502 5531">
     <span class='ocr_line' id='line_1_119' title="bbox 1924 5464 3502 5531; baseline 0.003 -17"><span class='ocrx_word' id='word_1_850' title='bbox 1924 5464 2166 5515; x_wconf 90' lang='lat' dir='ltr'><strong>uicorum</strong></span> <span class='ocrx_word' id='word_1_851' title='bbox 2207 5464 2501 5526; x_wconf 88' lang='lat' dir='ltr'><strong>residebat,</strong></span> <span class='ocrx_word' id='word_1_852' title='bbox 2533 5480 2596 5517; x_wconf 85' lang='lat' dir='ltr'><strong>ac</strong></span> <span class='ocrx_word' id='word_1_853' title='bbox 2640 5464 2909 5517; x_wconf 90' lang='lat' dir='ltr'><strong>violenter</strong></span> <span class='ocrx_word' id='word_1_854' title='bbox 2956 5464 3139 5531; x_wconf 90' lang='lat' dir='ltr'><strong>erupit</strong></span> <span class='ocrx_word' id='word_1_855' title='bbox 3180 5464 3282 5518; x_wconf 92' lang='lat' dir='ltr'><strong>sub</strong></span> <span class='ocrx_word' id='word_1_856' title='bbox 3329 5464 3502 5518; x_wconf 83' lang='lat' dir='ltr'><strong>Anto—</strong></span> 
     </span>
    </p>
   </div>
   <div class='ocr_carea' id='block_1_120' title="bbox 1918 5551 3501 5623">
    <p class='ocr_par' dir='ltr' id='par_1_120' title="bbox 1918 5551 3501 5623">
     <span class='ocr_line' id='line_1_120' title="bbox 1918 5551 3501 5623; baseline 0.003 -18"><span class='ocrx_word' id='word_1_857' title='bbox 1918 5553 2066 5605; x_wconf 91' lang='lat' dir='ltr'><strong>nino.</strong></span> <span class='ocrx_word' id='word_1_858' title='bbox 2119 5551 2276 5606; x_wconf 85' lang='lat' dir='ltr'><strong>Nullo</strong></span> <span class='ocrx_word' id='word_1_859' title='bbox 2320 5569 2450 5608; x_wconf 88' lang='lat' dir='ltr'><strong>sane</strong></span> <span class='ocrx_word' id='word_1_860' title='bbox 2493 5555 2685 5623; x_wconf 85' lang='lat' dir='ltr'><strong>optimi</strong></span> <span class='ocrx_word' id='word_1_861' title='bbox 2729 5554 3069 5623; x_wconf 90' lang='lat' dir='ltr'><strong>imperatoris</strong></span> <span class='ocrx_word' id='word_1_862' title='bbox 3098 5554 3280 5609; x_wconf 89' lang='lat' dir='ltr'><strong>edicto</strong></span> <span class='ocrx_word' id='word_1_863' title='bbox 3327 5554 3501 5610; x_wconf 66' lang='lat' dir='ltr'><strong>saeviit</strong></span> 
     </span>
    </p>
   </div>
   <div class='ocr_carea' id='block_1_121' title="bbox 1916 5665 3500 5736">
    <p class='ocr_par' dir='ltr' id='par_1_121' title="bbox 1916 5665 3500 5736">
     <span class='ocr_line' id='line_1_121' title="bbox 1916 5665 3500 5736; baseline 0.004 -19"><span class='ocrx_word' id='word_1_864' title='bbox 1916 5668 1982 5718; x_wconf 85' lang='lat' dir='ltr'><strong>ad</strong></span> <span class='ocrx_word' id='word_1_865' title='bbox 2030 5665 2329 5721; x_wconf 89' lang='lat' dir='ltr'><strong>editionem</strong></span> <span class='ocrx_word' id='word_1_866' title='bbox 2384 5676 2623 5722; x_wconf 90' lang='lat' dir='ltr'><strong>nostram</strong></span> <span class='ocrx_word' id='word_1_867' title='bbox 2666 5668 2828 5736; x_wconf 87' lang='lat' dir='ltr'><strong>hujus</strong></span> <span class='ocrx_word' id='word_1_868' title='bbox 2870 5668 3146 5736; x_wconf 76' lang='lat' dir='ltr'><strong>Epistolaz,</strong></span> <span class='ocrx_word' id='word_1_869' title='bbox 3192 5668 3278 5722; x_wconf 91' lang='lat' dir='ltr'><strong>cui</strong></span> <span class='ocrx_word' id='word_1_870' title='bbox 3322 5668 3500 5723; x_wconf 84' lang='lat' dir='ltr'><strong>locum</strong></span> 
     </span>
    </p>
   </div>
   <div class='ocr_carea' id='block_1_122' title="bbox 1918 5737 3499 5809">
    <p class='ocr_par' dir='ltr' id='par_1_122' title="bbox 1918 5737 3499 5809">
     <span class='ocr_line' id='line_1_122' title="bbox 1918 5737 3499 5809; baseline 0.002 -20"><span class='ocrx_word' id='word_1_871' title='bbox 1918 5752 2073 5789; x_wconf 85' lang='lat' dir='ltr'><strong>suum</strong></span> <span class='ocrx_word' id='word_1_872' title='bbox 2120 5737 2515 5809; x_wconf 81' lang='lat' dir='ltr'><strong>assignavimus</strong></span> <span class='ocrx_word' id='word_1_873' title='bbox 2561 5740 2700 5793; x_wconf 87' lang='lat' dir='ltr'><strong>inter</strong></span> <span class='ocrx_word' id='word_1_874' title='bbox 2740 5739 2940 5809; x_wconf 90' lang='lat' dir='ltr'><strong>scripta</strong></span> <span class='ocrx_word' id='word_1_875' title='bbox 2976 5737 3196 5791; x_wconf 90' lang='lat' dir='ltr'><strong>Patrum</strong></span> <span class='ocrx_word' id='word_1_876' title='bbox 3244 5739 3427 5791; x_wconf 64' lang='lat' dir='ltr'><strong>sarculi</strong></span> <span class='ocrx_word' id='word_1_877' title='bbox 3455 5754 3499 5804; x_wconf 84' lang='grc'><strong>1,</strong></span> 
     </span>
    </p>
   </div>
   <div class='ocr_carea' id='block_1_123' title="bbox 1965 5808 3498 5935">
    <p class='ocr_par' dir='ltr' id='par_1_123' title="bbox 1965 5808 3498 5935">
     <span class='ocr_line' id='line_1_123' title="bbox 1967 5808 3498 5875; baseline 0.006 -20"><span class='ocrx_word' id='word_1_878' title='bbox 1967 5823 2064 5859; x_wconf 87' lang='lat' dir='ltr'><strong>nos</strong></span> <span class='ocrx_word' id='word_1_879' title='bbox 2096 5808 2477 5875; x_wconf 83' lang='lat' dir='ltr'><strong>complectitur</strong></span> <span class='ocrx_word' id='word_1_880' title='bbox 2506 5808 3067 5866; x_wconf 36' lang='lat' dir='ltr'><strong>collectioms&#39;nostrte</strong></span> <span class='ocrx_word' id='word_1_881' title='bbox 3095 5819 3273 5865; x_wconf 90' lang='lat' dir='ltr'><strong>tomus</strong></span> <span class='ocrx_word' id='word_1_882' title='bbox 3301 5823 3498 5864; x_wconf 86' lang='lat' dir='ltr'><strong>secun-</strong></span> 
     </span>
     <span class='ocr_line' id='line_1_124' title="bbox 1965 5877 2457 5935; baseline 0.006 -6"><span class='ocrx_word' id='word_1_883' title='bbox 1965 5892 2045 5931; x_wconf 85' lang='lat' dir='ltr'><strong>us.</strong></span> <span class='ocrx_word' id='word_1_884' title='bbox 2085 5877 2243 5933; x_wconf 76' lang='grc' dir='ltr'><strong>Εο11.</strong></span> <span class='ocrx_word' id='word_1_885' title='bbox 2290 5877 2457 5935; x_wconf 76' lang='lat' dir='ltr'><strong>Pun.</strong></span> 
     </span>
    </p>
   </div>
  </div>
