3932 6258
415 349 520 407 I27

1351 347 1411 405 S.
1443 348 1780 407 JUSTINL'S
1813 349 2291 407 PHILOSOPHUS
2328 351 2415 407 ET
2452 350 2764 407 MARTYR.

3574 361 3691 419 £28

410 475 746 542 persecutio,
776 474 870 528 sed
902 487 1022 527 eam
1071 471 1320 526 videntur
1367 471 1671 526 incendisse
1718 474 1981 542 populare

2107 494 2257 529 καιον
2291 475 2594 547 ἄνθρωπον,
2626 477 2692 528 δι’
2728 470 2788 530 οὗ
2834 473 2941 528 τῶν
2987 476 3268 546 μωλώπων
3296 477 3438 542 ἴασις
3466 479 3692 548 γίνεται

411 569 696 630 tumultus,
727 574 784 619 ut
814 565 976 618 modo
997 563 1296 617 videbimus
1319 578 1382 616 ex
1411 563 1606 616 litteris
1630 565 1904 627 Antonini,
1930 567 1982 616 in

409 641 602 731 primis
631 673 761 713 vero
791 667 994 712 exortae
1025 657 1076 709 in
1115 656 1285 708 variis
1319 656 1530 724 imperii
1559 657 1801 724 partibus
1835 658 1982 711 cala-

409 753 653 812 mitates,
679 763 819 817 quas
855 745 1024 800 stulte
1057 744 1493 798 Christianorum
1521 747 1782 815 sanguine
1814 749 1982 802 averti

407 858 572 913 posse
601 841 914 910 Sperabam.
951 839 1206 893 Pluribus
1226 853 1292 891 ex
1326 837 1458 891 locis
1498 838 1689 892 delatae
1717 839 1985 893 Antonino

409 950 438 987 a
480 933 811 988 Christianis
843 932 1110 1000 qnerehe;
1162 946 1259 985 nec
1309 928 1540 984 dillicilis
1585 929 1688 982 fuit
1732 931 1796 983 ad
1842 929 1984 982 illius

406 1041 572 1081 aures
613 1035 720 1079 tam
761 1025 919 1092 justze
959 1037 1137 1078 causai
1181 1024 1381 1076 aditus.
1428 1023 1638 1076 Enituit
1677 1024 1781 1076 hac
1829 1023 1880 1076 in
1925 1037 1986 1078 re

409 1118 647 1172 studium
679 1116 898 1181 Justini,
930 1117 1017 1185 qui
1049 1130 1172 1168 cum
1223 1115 1406 1169 Roma:
1445 1115 1782 1169 domicilium
1817 1113 1985 1168 habe-

405 1221 510 1274 ret,
545 1212 864 1279 imperatori
912 1209 1138 1277 ejusque
1186 1209 1312 1262 filiis
1358 1208 1728 1276 adoptivis,et
1772 1207 1983 1260 senatui

405 1304 714 1373 populoque
745 1303 992 1357 Romano
1021 1297 1286 1374 insignem
1308 1317 1408 1372 pro
1432 1301 1682 1356 omnibus
1721 1299 1986 1356 Christia-

405 1396 490 1449 nis
518 1395 827 1463 Apologiam
855 1397 1069 1449 obtulit.

479 1486 585 1540 Sed
619 1497 913 1554 antequam
942 1489 1317 1541 examinemus
1339 1501 1448 1555 quo
1495 1501 1639 1539 anno
1663 1487 1775 1539 lucc
1803 1485 1983 1540 oblata

404 1577 683 1647 Apologia,
709 1594 873 1633 morae
899 1579 1131 1646 pretium
1158 1579 1372 1632 videtur
1397 1579 1464 1631 de
1487 1577 1772 1632 calumniis
1795 1589 1984 1632 contra

402 1667 742 1724 Christianos
772 1669 1096 1739 excogitatis
1119 1684 1291 1737 pauca
1323 1670 1614 1731 disserere,
1643 1679 1698 1722 et
1727 1684 1754 1721 ,ιι
1788 1671 1984 1737 quibus

404 1761 719 1815 auctoribus
757 1769 811 1815 et
853 1775 882 1813 a
907 1776 1015 1830 quo
1051 1771 1294 1829 tempore
1328 1756 1534 1830 sparsae
1572 1761 1773 1814 fuerint
1802 1760 1983 1828 inqui-

2086 570 2195 629 τοῖς
2221 567 2286 618 δι’
2315 567 2475 619 αὑτοῦ
2508 567 2599 619 ἐπὶ
2641 567 2730 619 τὸν
2765 567 2984 638 Πατέρα
3029 567 3456 641 προσχωροῦσιν,
3490 571 3694 642 ἐπειδὴ

2086 657 2358 726 ἐγνώκατε
2399 660 2558 712 αὐτὸν
2596 660 2902 714 ἀναστάντα
2936 663 2999 713 ὲκ
3024 661 3252 732 νεκρῶν,
3283 663 3373 715 καὶ
3397 664 3695 716 ἀναϐάντα

2084 754 2163 815 εἰς
2196 751 2285 804 τὸν
2321 751 2565 821 οὐρανὸν,
2589 751 2663 814 ὡς
2694 754 2747 804 αἱ
2787 754 3106 825 προφητεῖαι
3135 755 3470 826 προεμήνυον
3509 774 3696 825 γενη-

2089 839 2334 910 σόμενον,
2367 842 2428 894 ού
2464 843 2622 912 μόνον
2667 843 2725 895 οὐ
2775 845 3130 914 μετενοήσατε
3168 845 3251 912 ἐφ’
3286 840 3365 908 οἷς
3401 849 3696 918 ἐπράξατε

2085 930 2290 995 κακῶς,
2322 932 2454 985 ἀλλά
2495 933 2693 1004 ἄνδρας
2726 933 3014 996 ἐκλεκτοὺς
3052 935 3158 987 ἀπὸ
3194 935 3551 1007 Ἰερουσαλὴμ
3583 942 3694 990 ὲκ-

2084 1019 2366 1091 λεξάμενοι
2399 1024 2520 1076 τότε
2565 1024 2904 1094 ἐξεπέμψατε
2946 1027 3024 1087 εἰς
3059 1027 3237 1077 πᾶσαν
3278 1025 3373 1096 τὴν
3411 1027 3535 1095 γῆν,
3587 1027 3693 1079 λέ-

2083 1128 2294 1180 γοντες,
2325 1113 2541 1184 αἵρεσιν
2574 1113 2732 1166 ἄθεον
2768 1115 3108 1185 Χριστιανῶν
3150 1115 3465 1186 πεφηνέναι,
3506 1134 3698 1169 κατα.-

2086 1204 2336 1272 λέγοντές
2356 1224 2424 1258 τε·
2443 1206 2614 1260 ταῦτα
2638 1208 2778 1278 ἅπερ
2803 1208 2921 1261 καθ’
2941 1210 2972 1278 ή
2982 1208 3094 1278 μῶν
3113 1211 3159 1260 οἱ
3175 1207 3494 1276 ἀγνοοῦντες
3522 1213 3693 1280 ἡμᾶς

2087 1298 2287 1360 πάντες
2316 1298 2582 1364 λέγουσιν.
2614 1300 2774 1351 Ὥστε
2813 1300 2872 1352 οὐ
2904 1300 3061 1369 μόνον
3101 1301 3311 1362 ἑαυτοῖς
3347 1301 3557 1364 ἀδικίας
3594 1303 3694 1355 αἴ-

2085 1407 2191 1442 τιοι
2227 1389 2520 1460 ὑπάρχετε,
2554 1390 2687 1444 ἀλλὰ
2734 1391 2826 1444 καὶ
2873 1394 2982 1454 τοῖς
3028 1390 3206 1454 ἄλλοις
3253 1393 3452 1445 ἅπασιν
3485 1393 3693 1456 ἁπλῶς

2084 1480 2408 1552 ἀνθρώποις.
2450 1521 2462 1534 .
2541 1520 2556 1535 .
2635 1521 2652 1537 .
2733 1523 2744 1536 .
2821 1482 2976 1536 Κατά
3008 1479 3100 1536 οῦν
3126 1482 3217 1536 τοῦ
3253 1482 3411 1554 μόνου
3437 1485 3689 1554 ἀμώμου

2086 1575 2177 1626 καὶ
2216 1573 2421 1626 δικαίου
2454 1575 2627 1642 φωτὸς
2661 1576 2771 1638 τοῖς
2803 1573 3107 1646 ἀνθρώποις
3151 1575 3487 1645 πεμφθέντος
3517 1578 3692 1649 παρὰ

2085 1664 2178 1717 τοῦ
2209 1665 2364 1729 Θεοῦ,
2398 1665 2466 1718 τὰ
2516 1666 2691 1737 πικρά
2735 1667 2828 1720 καὶ
2868 1666 3115 1720 σκοτεινά
3164 1668 3256 1719 καὶ
3307 1667 3464 1721 ἄδικα
3504 1687 3694 1723 κατα-

2084 1757 2338 1828 λεχθῆναι
2379 1761 2436 1812 ὲν
2477 1759 2623 1829 πάσῃ
2661 1761 2728 1830 τῇ
2765 1761 2834 1829 γῇ
2886 1758 3272 1812 ἐσπουδάσατε.
3318 1777 3336 1809 ι
3373 1759 3488 1813 Non
3524 1761 3692 1814 enim

402 1867 544 1905 rere.
580 1854 670 1907 Sic
695 1854 838 1907 enim
864 1853 1122 1908 nonnulla
1147 1852 1205 1907 S.
1232 1853 1491 1923 martyris
1529 1851 1836 1906 testimonia
1862 1851 1983 1905 illu-
2014 1831 2061 1890 Β
2088 1847 2300 1916 injuriae
2332 1849 2486 1903 nobis
2516 1858 2572 1902 et
2599 1850 2820 1904 Christo
2844 1848 3008 1902 illatae
3039 1858 3188 1902 tanta
3235 1851 3288 1902 in
3341 1850 3462 1903 aliis
3490 1852 3694 1918 genti-

402 1944 732 2002 strabimus,
765 1959 885 2013 qua:
935 1955 1185 1998 notarum
1233 1943 1498 2014 angustiae
1543 1943 1835 2010 explanare
1875 1957 1983 1995 non

401 2035 666 2088 siverunt.
703 2035 828 2088 Tria
864 2037 1209 2106 potissimum
1253 2037 1484 2089 crimina
1513 2035 1838 2089 Christianis
1872 2034 1983 2087 alli-

400 2133 490 2178 cla
527 2141 539 2178 :
585 2128 726 2195 quod
772 2127 919 2181 athei
968 2137 1169 2186 essent,
1200 2127 1344 2195 quod
1395 2126 1719 2194 promiscuis
1765 2125 1984 2196 ﬂagitiis

402 2215 768 2284 indulgerent,
809 2221 951 2287 quod
993 2219 1221 2272 infantis
1264 2219 1429 2272 occisi
1478 2233 1670 2295 carnes
1700 2218 1749 2271 in
1785 2228 1985 2289 myste-

401 2313 504 2368 riis
529 2315 641 2367 suis
668 2322 944 2367 vorarent.
984 2311 1174 2381 Magna
1201 2321 1285 2365 est
1330 2312 1494 2365 trium
1541 2312 1754 2365 illormn
1796 2312 1985 2364 crimi-

401 2422 529 2461 num
563 2406 852 2460 celebritas
883 2415 993 2458 tum
1019 2404 1159 2474 apud
1187 2404 1425 2466 Grtecos,
1452 2417 1561 2457 tum
1592 2404 1730 2471 apud
1761 2403 1982 2458 Latinos

400 2498 685 2567 religionis
729 2497 1072 2561 defensores,
1115 2497 1251 2551 adeo
1299 2497 1523 2551 utnulla
1567 2512 1788 2566 prorsus
1834 2497 1981 2567 regio

402 2589 489 2644 his
529 2591 850 2643 commentis
891 2605 998 2643 non
1031 2590 1384 2658 personuisse
1430 2590 1705 2643 videatur.
1750 2591 1829 2644 Ad
1883 2592 1981 2654 has

399 2679 751 2749 pervulgatas
778 2680 1084 2734 calumnias
1117 2680 1235 2734 aliae
1281 2681 1552 2735 nonnulla:
1589 2682 1858 2736 interdum
1890 2697 1980 2736 ae-

399 2781 702 2826 cesserunt.
736 2770 890 2836 Nam,
921 2780 980 2824 ut
1001 2773 1252 2845 omittam
1281 2772 1532 2840 magiam,
1576 2771 1733 2840 cujus
1762 2773 1979 2825 nomine

398 2861 740 2917 Christianos
780 2873 1000 2916 accusat
1031 2863 1220 2918 Celsus
1258 2866 1397 2933 apud
1423 2864 1738 2933 Origenem,
1769 2863 1867 2921 lib.
1900 2880 1977 2929 vn,

378 2951 457 3024 'p.
490 2955 613 3019 50l,
640 2969 855 3008 crucem
899 2954 985 3007 vel
1022 2955 1189 3008 etiam
1223 2955 1360 3009 asini
1394 2965 1553 3024 caput
1597 2970 1692 3024 pro
1730 2956 1842 3009 Deo
1885 2971 1977 3009 co-

402 3045 516 3101 lere
545 3045 875 3110 ferebantur,
911 3046 1103 3100 saltem
1147 3047 1202 3100 in
1242 3047 1447 3113 Africa,
1479 3059 1534 3101 ut
1563 3065 1629 3103 ex
1662 3048 1976 3103 Tertulliani

2085 1942 2186 1994 bus
2212 1941 2368 2008 culpa
2411 1943 2638 2006 residet,
2667 1953 2868 2010 quanta
2914 1942 2968 1995 in
3016 1942 3192 2007 vobis,
3235 1942 3326 2010 qui
3369 1941 3474 1995 illis
3503 1942 3688 1995 etiam

2084 2032 2394 2102 anticipata:
2435 2035 2502 2088 de
2531 2033 2680 2101 justo
2722 2043 2776 2087 et
2817 2035 2880 2085 de
2920 2032 3093 2093 nobis,
3125 2033 3214 2099 qui
3258 2034 3326 2086 ab
3355 2048 3419 2086 eo
3448 2033 3552 2086 orti
3580 2048 3688 2086 su—

2090 2141 2227 2187 mus,
2257 2127 2408 2180 malm
2430 2126 2703 2194 opinionis
2727 2135 2978 2179 auctores
3011 2126 3166 2178 estis.
3198 2123 3490 2194 Postquam
3521 2128 3686 2181 enim

2084 2219 2254 2273 solum
2291 2219 2439 2272 illum
2483 2219 2815 2286 inculpatum
2863 2217 3145 2284 etjnstmn
3185 2218 3480 2281 hominem,
3515 2217 3688 2284 cujus

2082 2311 2394 2366 vulneribus
2435 2320 2704 2365 sanantur
2747 2311 2964 2379 qui‘per
2993 2324 3115 2362 eum
3146 2310 3211 2363 ad
3253 2310 3468 2364 Patrem
3493 2311 3679 2377 facce-

2083 2406 2239 2466 dunt,
2281 2404 2427 2458 cruci
2465 2402 2747 2466 allixistis;
2778 2418 2898 2456 cum
2940 2415 3060 2454 eum
3095 2401 3312 2455 sciretis
3338 2417 3404 2455 ex
3437 2403 3683 2457 mortuis

2083 2498 2448 2553 resurrexisse
2492 2507 2544 2551 et
2591 2496 2642 2550 in
2681 2495 2878 2550 cmlum
2909 2493 3241 2558 ascendisse,
3275 2503 3333 2546 ut
3366 2493 3683 2561 prophetia:

2084 2588 2320 2642 futurum
2359 2588 2746 2657 prmdicebaut,
2795 2600 2901 2640 non
2949 2586 3107 2638 modo
3152 2581 3529 2652 paenitentiam
3570 2583 3682 2636 ad-

2082 2681 2372 2734 missorum
2398 2679 2666 2734 scelerum
2703 2693 2808 2731 non
2840 2676 3061 2747 egistis;
3100 2675 3194 2729 sed
3237 2675 3401 2729 etiam
3430 2674 3680 2729 selectos

2082 2774 2226 2827 viros
2258 2781 2384 2826 tunc
2408 2770 2871 2843 Hicrosolymisin
2921 2769 3235 2823 universum
3284 2766 3470 2820 orbem
3516 2765 3678 2819 misi—

2082 2866 2202 2930 stis,
2235 2866 2450 2934 impiam
2496 2863 2935 2918 Christianorum
2979 2860 3228 2914 licercsim
3277 2859 3540 2928 prodiisse
3586 2858 3678 2912 di-

2082 2966 2288 3022 centes,
2317 2971 2489 3025 eaque
2526 2965 2867 3025 spargentes,
2899 2969 3016 3023 quae
3056 2955 3107 3006 in
3142 2969 3240 3006 nos
3268 2953 3333 3005 ab
3377 2953 3442 3006 iis
3485 2952 3676 3004 omni-

2082 3050 2184 3105 bus
2215 3050 2412 3119 quibus
2449 3049 2560 3102 noti
2606 3063 2712 3102 non
2764 3062 2971 3111 sumus,
3021 3047 3297 3100 dicuntur.
3346 3043 3671 3111 ltaquenon

401 3136 695 3205 Apologet.,
733 3150 782 3188 c.
823 3137 891 3201 7,
926 3145 980 3190 et
1028 3137 1122 3190 lib.
1171 3152 1187 3190 ι
1227 3137 1294 3189 ad
1335 3134 1492 3202 Nat.,
1535 3147 1590 3191 et
1631 3153 1696 3192 ex
1745 3138 1981 3193 Minucio
2013 3171 2055 3228 α
2088 3145 2240 3198 vobis
2263 3142 2437 3198 solum
2477 3141 2781 3208 iniquitatis
2809 3155 2974 3195 causa
3009 3139 3172 3203 estis,
3218 3137 3311 3192 sed
3351 3136 3471 3190 aliis
3497 3137 3674 3191 etiam

399 3226 582 3281 Felice
611 3227 887 3281 discimus.
925 3225 1133 3280 Novum
1162 3227 1444 3281 calumnia:
1475 3242 1647 3296 genus
1681 3228 1986 3284 indicarent

400 3320 520 3375 haec
567 3319 885 3372 Tertulliani
916 3320 1104 3382 verba,
1139 3319 1184 3373 si
1237 3333 1369 3373 sana
1415 3329 1597 3374 essent
1635 3330 1688 3375 et
1733 3321 1982 3392 integra:

409 3431 429 3464 ι
476 3411 662 3479 Igitur,
718 3412 893 3481 inquit
943 3410 1040 3468 lib.
1086 3428 1102 3465 1
1149 3412 1218 3464 ad
1274 3410 1431 3476 Nan,
1485 3428 1536 3467 c.
1587 3414 1642 3479 7,
1697 3416 1841 3468 :ctati
1887 3430 1985 3469 no-

401 3512 533 3560 strae
573 3504 835 3569 nondum,
874 3519 964 3557 an.
997 3502 1127 3570 950,
1161 3513 1238 3557 tot
1265 3504 1437 3571 iniqui
1481 3505 1708 3569 interea,
1745 3515 1824 3560 tot
1858 3519 1984 3559 cru-

401 3609 495 3649 ces
525 3596 864 3648 divinitatem
910 3605 1235 3661 consecutaa,
1262 3607 1367 3651 etc.
1410 3615 1429 3649 ι
1464 3597 1572 3651 Sed
1610 3598 1697 3652 his
1734 3599 1982 3666 vocibus,

400 3695 474 3738 tot
508 3685 696 3754 iniqui,
733 3685 922 3738 vitium
955 3687 1096 3740 inest
1125 3696 1179 3741 et
1219 3687 1526 3755 coruptela,
1566 3704 1667 3743 nec
1705 3690 1865 3760 hujus
1894 3707 1987 3746 ac-

407 3777 706 3831 cusationis
729 3777 893 3830 ullum
920 3788 1098 3833 exstat
1122 3781 1428 3849 vestigium.
1449 3782 1945 3853 Quarejegendum
1968 3802 1983 3840 ξ

407 3867 507 3921 Tot
535 3870 720 3938 onagri
751 3871 971 3935 interea,
999 3882 1072 3924 tot
1110 3889 1288 3926 cruces
1320 3873 1648 3928 divinitatem
1675 3885 1983 3940 consecutae,

401 3968 535 4026 etc.,
578 3961 739 4030 idque
787 3963 1111 4031 perSpicitur
1163 3981 1231 4019 ex
1275 3965 1518 4033 ejusdem
1563 3967 1684 4023 libri
1727 3983 1846 4038 cap.
1896 3969 1984 4032 ll,

406 4052 498 4106 ubi
533 4053 834 4107 divinitatis
866 4054 1122 4108 crucibus
1157 4057 1431 4111 attributae
1463 4067 1826 4112 commentum
1855 4074 1988 4128 pra:-

396 4144 546 4199 cedit
589 4144 786 4197 asinini
821 4145 914 4201 Dei
947 4147 1278 4215 criminatio,
1309 4163 1466 4217 quam
1502 4149 1718 4218 quidem
1759 4166 1825 4204 ex
1850 4151 1984 4204 Cor-

401 4235 547 4290 nelio
577 4235 767 4290 Tacito
809 4248 981 4292 ortam
1040 4241 1316 4294 existimat
1358 4239 1740 4296 Tertulliauus.
1767 4261 1786 4293 ‹
1815 4243 1983 4307 lianc,

402 4326 618 4396 inquit,
691 4328 976 4384 Cornelius
1033 4332 1251 4386 Tacitus
1307 4333 1677 4401 suspicionem
1743 4334 1889 4389 fecit.
1936 4335 1986 4391 ls

401 4420 618 4474 enim...
654 4419 867 4476 Judazos
908 4421 1077 4476 refert
1109 4424 1160 4476 in
1193 4423 1541 4493 expeditione
1569 4427 1740 4480 vastis
1772 4426 1825 4479 in
1853 4426 1986 4482 locis

2087 3234 2340 3290 omnibus
2385 3247 2611 3302 prorsus
2663 3231 2998 3286 hominibus.
3077 3267 3093 3283 .
3172 3266 3187 3282 .
3267 3266 3282 3282 .
3363 3265 3379 3282 .
3455 3265 3469 3281 .
3550 3255 3672 3288 με.

2085 3327 2273 3395 Itaque
2300 3324 2355 3380 id
2393 3325 2550 3379 vobis
2592 3324 2773 3378 studio
2805 3320 3100 3385 habuistis,
3127 3328 3187 3373 ut
3215 3319 3269 3373 in
3297 3318 3467 3373 solam
3513 3317 3672 3372 illam

2089 3419 2428 3488 inculpatam
2483 3427 2539 3471 et
2592 3416 2796 3484 justam
2854 3417 3069 3476 lucem,
3109 3429 3232 3482 qutc
3290 3412 3673 3467 hominibusa

2089 3511 2200 3565 Deo
2236 3510 2401 3565 missa
2445 3509 2643 3572 fuerat,
2684 3508 2884 3562 acerba
2924 3514 2980 3560 et
3013 3506 3354 3560 tenebricosa
3380 3514 3433 3560 et
3461 3503 3672 3570 injusta

2088 3603 2141 3658 in
2173 3612 2284 3658 toto
2308 3611 2582 3657 terrarum
2613 3601 2745 3655 orbe
2771 3599 3114 3666 jactarentur
3142 3597 3430 3652 crimina.»
3463 3597 3670 3650 Eadem

2087 3695 2353 3764 postridie
2392 3693 2609 3763 repetiit
2658 3692 2717 3748 S.
2751 3701 2956 3762 martyr
2989 3692 3041 3744 in
3077 3689 3306 3760 gratiam
3345 3704 3534 3744 corum
3567 3693 3670 3757 qui

2087 3783 2264 3853 pridie
2304 3797 2409 3836 non
2474 3781 2784 3835 adfuerant.
2817 3781 2927 3834 Καὶ
2993 3781 3053 3832 οὐ
3113 3780 3270 3850 μόνον
3312 3779 3373 3832 οὺ
3404 3781 3672 3850 μετενοή-

2089 3893 2285 3929 σατε...
2336 3874 2449 3928 ἀλλ’
2474 3875 2549 3938 ὡς
2604 3877 2883 3945 προεῖπον,
2933 3873 3132 3944 ἄνδρας
3192 3874 3672 3944 χειροτονήσαντες

2087 3969 2408 4031 ἐκλεκτοὺς,
2457 3970 2536 4030 εἰς
2582 3969 2763 4021 πᾶσαν
2815 3967 2913 4038 τὴν
2960 3966 3283 4036 οἰκουμένην
3345 3966 3668 4036 ἐπέμψατε,

2087 4060 2463 4131 κηρύσσοντας
2516 4061 2599 4111 ὅτι
2653 4059 2864 4130 αἵρεσίς
2891 4076 2974 4121 τις
3008 4058 3164 4121 ἄθεος
3188 4059 3281 4112 καὶ⁸
3314 4059 3509 4129 ἄνομος
3535 4059 3671 4130 ἐγή-

2086 4169 2278 4222 γερται
2311 4151 2418 4204 ἀπὸ
2455 4150 2627 4220 Ἰησοῦ
2652 4168 2797 4213 τινος
2826 4149 3106 4203 Γαλιλαίου
3151 4149 3353 4202 πλάνου
3373 4167 3385 4179 ο
3415 4149 3472 4201 ὃν
3507 4165 3673 4201 σταυ-

2091 4241 2377 4313 ρωσάντων
2402 4241 2580 4312 ήμῶν,
2607 4242 2656 4293 οἱ
2691 4239 2928 4311 μαθηταὶ
2971 4239 3133 4293 αὑτοῦ
3180 4238 3472 4308 κλέψαντες
3497 4238 3670 4293 αὐτὸν

2085 4334 2194 4387 ἀπὸ
2219 4333 2312 4386 τοῦ
2355 4336 2634 4405 μνήματος
2679 4333 2889 4398 νυκτὸς,
2919 4332 3110 4386 ὁπόθεν
3139 4331 3401 4401 κατετέθη
3437 4331 3664 4400 ἀφηλω-

2087 4425 2198 4489 θεὶς
2219 4426 2327 4479 ἀπὸ
2358 4426 2453 4480 τοῦ
2489 4426 2746 4497 σταυροῦ,
2799 4424 3040 4479 πλανῶσι
3066 4425 3192 4487 τοὺς
3223 4423 3540 4494 ἀνθρώπους
3566 4424 3663 4477 λέ-

403 4525 557 4578 aquae
610 4512 787 4581 inopia
835 4513 1182 4578 laborantes,
1251 4517 1493 4586 onagris,
1551 4519 1640 4586 qui
1697 4518 1762 4572 de
1823 4529 1980 4586 pastu

2085 4534 2272 4586 γοντες
2311 4517 2605 4587 ὲγηγέρθαι
2637 4516 2796 4570 αὑτὸν
2829 4518 2894 4568 ὲκ
2921 4515 3149 4586 νεκρῶν,
3178 4517 3271 4568 καὶ
3320 4516 3398 4576 εἰς
3430 4513 3664 4584 οὐρανὸν

401 4618 600 4672 aquam
643 4605 862 4673 petituri
913 4609 1347 4674 aestimabantur,
1395 4611 1701 4674 indicibus,
1743 4611 1979 4668 fontibus

402 4712 529 4752 usos
558 4699 838 4763 evasisse;
874 4701 946 4753 ita
975 4703 1046 4755 ob
1069 4717 1186 4755 eam
1211 4704 1442 4768 gratiam
1474 4704 1774 4759 consimilis
1795 4704 1981 4760 bestia:

401 4789 743 4856 superﬁciem
769 4807 796 4843 a
819 4791 1019 4848 Judmis
1038 4793 1162 4847 coli.
1187 4793 1314 4846 lndc
1339 4795 1578 4848 arbitror
1598 4807 1978 4865 praesumptum

402 4898 504 4937 nos
534 4898 768 4952 quoque,
823 4895 880 4938 ut
909 4884 1146 4945 Judaica:
1196 4886 1474 4956 religionis
1519 4888 1849 4957 propinquos
1896 4889 1979 4942 ei-

405 4973 526 5027 dem
559 4974 848 5029 simulacro
877 4977 1101 5031 initiari.
1139 4997 1157 5029 ι
1633 5035 1638 5038 ,
1839 4971 1843 4978 ’

475 5063 539 5117 ll.
573 5064 801 5128 Quinam
829 5078 1080 5122 auctores
1110 5072 1403 5126 teterrima:
1427 5071 1621 5126 fabula:
1644 5072 1976 5137 exstiterint,

403 5165 460 5211 et
493 5172 600 5226 quo
629 5167 870 5228 tempore
919 5170 1126 5216 tantum
1175 5165 1328 5218 nefas
1359 5165 1596 5235 aggressi
1633 5165 1870 5230 fuerint,
1913 5181 1978 5220 ex

407 5249 615 5304 duobus
663 5251 876 5322 Dialogi
917 5270 1035 5306 cum
1096 5253 1370 5324 Tryphone
1421 5258 1551 5312 locis
1595 5259 1975 5328 perspicimus.

407 5345 500 5400 Sic
528 5345 670 5399 enim
705 5343 919 5400 Iuda-os
949 5346 1240 5416 alloquitur
1285 5349 1341 5403 S.
1382 5362 1609 5421 martyr,
1635 5368 1688 5404 ιι.
1729 5351 1792 5404 l7
1821 5370 1833 5405 :
1867 5354 1978 5423 Ούχ

405 5433 578 5497 οὕτως
605 5433 713 5505 γὰρ
737 5435 806 5488 τὰ
831 5435 966 5489 ἄλλα
995 5435 1121 5507 ἔθνη
1157 5441 1235 5501 εἰς
1267 5439 1468 5510 ταύτην
1511 5440 1608 5506 τὴν
1638 5441 1848 5494 ἀδικίαν
1883 5440 1978 5510 τὴν

406 5529 646 5599 εἶςήμᾶς
672 5526 866 5581 καὶτὸν
883 5527 1113 5596 Χριστὸν
1141 5529 1431 5600 ἐνέχονται,
1463 5531 1583 5583 ὅσον
1610 5532 1784 5601 ὑμεῖς,
1814 5532 1861 5584 οἳ
1883 5535 1978 5585 κά-

408 5620 603 5682 κείνοις
632 5619 731 5689 τῆς
766 5619 904 5672 κατὰ
927 5619 1018 5673 τοῦ
1053 5621 1258 5673 δικαίου
1285 5622 1376 5674 καὶ
1405 5621 1560 5691 ἡμῶν
1589 5621 1693 5673 τῶν
1716 5623 1808 5675 ἀπ’
1833 5622 1976 5675 ὲκεί-

406 5729 498 5764 νου
541 5712 714 5781 κακῆς
738 5711 1055 5782 προλήψεως
1081 5712 1242 5767 αἴτιοι
1271 5715 1564 5783 ὑπάρχετε.
1598 5714 1748 5767 Μετὰ
1775 5714 1882 5785 γὰρ
1916 5716 1974 5766 τὸ

409 5806 713 5878 σταυρῶσαι
763 5809 902 5880 ὑμᾶς
938 5812 1137 5865 ἐκεῖνον
1177 5809 1264 5862 τὸν
1307 5809 1463 5877 μόνον
1504 5807 1728 5877 ἄμωμον
1776 5809 1867 5861 καὶ
1901 5808 1974 5862 δί-

2081 4609 2492 4681 ἀνεληλυθέναι·
2564 4609 2913 4670 κατειπόντες
2953 4607 3281 4678 δεδιδαχέναι
3338 4610 3433 4662 καὶ
3483 4607 3663 4662 ταῦτα

2083 4703 2226 4774 ἅπερ
2259 4701 2398 4756 κατά
2419 4702 2525 4754 τῶν
2549 4699 2948 4772 ὁμολογούντων
2997 4701 3230 4770 Χριστὸν
3269 4703 3362 4756 καὶ
3404 4700 3667 4754 διδάσκα-

2081 4796 2171 4849 λον
2201 4797 2293 4850 καὶ
2319 4797 2448 4850 Υἱὸν
2472 4796 2605 4848 Θεοῦ
2633 4791 2790 4861 εἶναι,
2823 4796 2982 4850 παντὶ
3012 4796 3158 4864 γένει
3181 4794 3477 4866 ἀνθρώπων
3522 4793 3660 4848 ἄθεα

2081 4890 2176 4942 καὶ
2212 4890 2388 4957 ἄνομα,
2437 4889 2530 4941 καὶ
2570 4887 2757 4940 ἀνόσια
2791 4887 2995 4955 λέγετε.
3051 4887 3196 4957 Πρὸς
3249 4886 3490 4950 τούτοις,
3559 4886 3660 4938 καὶ

2083 4980 2312 5051 ἁλούσης
2341 4978 2490 5050 ὑμῶν
2521 4980 2620 5048 τῆς
2652 4979 2876 5042 πόλεως,
2933 4979 3026 5031 καὶ
3052 4979 3152 5048 τῆς
3189 4979 3293 5048 γῆς
3350 4977 3659 5049 ἐρημωθεί-

2081 5089 2199 5142 σης,
2232 5074 2292 5125 οὐ
2324 5075 2648 5143 μετανοεῖτε,
2683 5071 2818 5124 ἀλλὰ
2849 5073 2940 5124 καὶ
2986 5071 3322 5142 καταρᾶσθαι
3364 5070 3526 5124 αὐτοῦ
3559 5072 3657 5124 καὶ

2079 5165 2187 5218 τῶν
2239 5165 2596 5217 πιστευόντων
2641 5166 2720 5228 εἰς
2767 5164 2930 5217 αὑτὸν
2975 5163 3190 5216 πάντων
3238 5163 3491 5232 τολμᾶτε.
3542 5163 3659 5216 Καὶ

2081 5259 2240 5326 ἡμεῖς
2272 5257 2414 5326 ὑμᾶς
2446 5258 2539 5309 καὶ
2589 5256 2714 5317 τοὺς
2768 5255 2833 5308 δι’
2862 5256 3005 5326 ὑμᾶς
3055 5253 3278 5307 τοιαῦτα
3327 5253 3447 5307 καθ’
3493 5253 3656 5323 ήμῶν

2080 5346 2441 5417 ὑπειληφότας
2482 5347 2542 5399 ού
2603 5347 2886 5418 μισοῦμεν,
2935 5347 3048 5400 ἀλλ’
3083 5344 3354 5416 εὐχόμεθα
3408 5345 3511 5399 κᾶν
3556 5344 3655 5399 νῦν

2083 5441 2516 5509 μετανοήσαντας
2579 5439 2786 5501 πάντας
2865 5438 3046 5501 ἐλέους
3103 5441 3285 5507 τυχεῖν
3345 5436 3493 5508 παρά
3553 5435 3652 5490 τοῦ

2080 5527 2450 5597 εύσπλάγχνου
2517 5529 2608 5581 καὶ
2681 5526 2966 5580 πολυελέου
3031 5527 3242 5597 [ἰατρὸς
3327 5527 3434 5578 τῶν
3513 5525 3656 5580 ὅλων

2079 5621 2233 5673 Θεοῦ.
2293 5641 2308 5672 ι
2347 5621 2460 5675 Non
2490 5621 2647 5675 modo
2677 5621 3048 5688 pmuitentiam
3080 5636 3184 5674 non
3220 5619 3428 5689 egistis,
3467 5618 3651 5686 inquit

2085 5729 2135 5765 n.
2170 5710 2292 5773 103,
2330 5713 2422 5765 scd
2459 5713 2620 5767 etiam
2678 5712 2917 5766 delectos
2949 5705 3215 5767 'homines
3258 5711 3648 5777 constituistis,

2079 5823 2140 5863 ac
2167 5823 2260 5877 per
2292 5822 2384 5862 eos
2420 5808 2471 5861 in
2532 5817 2702 5862 totum
2751 5806 2938 5862 orbem
2984 5816 3249 5862 terrarum
3281 5805 3474 5863 missos
3504 5821 3647 5876 prae-
