3932 6258
200 407 281 464 129

1242 421 1302 476 D.
1331 421 1590 479 MARANI
1631 423 2026 484 PR/EFATIO.
2067 459 2137 468 -—
2171 423 2351 485 PARS
2386 425 2474 486 IlI.

3410 440 3514 496 130

199 534 399 590 dicastis
447 532 686 603 impiam
742 539 1080 605 quamdam
1145 554 1199 620 et
1253 545 1496 618 exlegem
1557 560 1767 604 sectam
1802 567 1829 604 a
1862 557 1904 612 Α
1937 553 2091 618 pueri
2136 552 2391 607 carnibus
2423 563 2728 618 sumerent,
2761 564 2814 610 et
2840 557 3125 612 tenebrosa
3154 556 3354 628 ﬂagitia
3391 576 3514 629 per-

195 627 334 698 plano
360 627 602 694 quodam
629 626 769 682 Iesu
806 627 1073 687 Galilmo
1098 636 1393 691 excitatam
1440 655 1582 704 esse,
1612 650 1809 695 etcum

195 720 321 774 illam
354 734 382 771 a
407 720 570 772 nobis
600 721 968 777 cruciﬁxum
1029 727 1289 798 discipuli
1324 746 1386 784 ex
1431 746 1809 798 monumento,

195 813 240 865 in
269 828 387 879 quo,
412 811 624 865 reﬁxus
687 829 721 866 e
782 830 1003 881 cruce,
1065 819 1355 889 depositus
1412 824 1617 891 fuerat,
1647 835 1812 880 noctu

196 904 577 972 subripuerint,
610 903 806 972 decipi
839 906 920 961 ab
956 909 1075 963 illis
1098 911 1372 979 homines,
1418 915 1545 968 dum
1578 933 1701 970 eum
1744 935 1810 972 ex

194 997 394 1049 mortuis
424 1003 836 1056 resurrexisse
901 1014 963 1056 et
1015 1003 1068 1057 in
1127 1005 1326 1058 cmlum
1381 1009 1692 1063 ascendisse
1724 1012 1808 1063 di-

193 1091 379 1140 ditant.
411 1088 757 1154 Quinetiam
793 1093 1082 1150 docuisse
1142 1096 1294 1149 illum
1327 1098 1616 1154 addidistis
1640 1101 1806 1169 impia

188 1182 260 1233 iiL-t
285 1190 331 1233 et
359 1179 607 1234 nefanda
637 1198 709 1237 ac
747 1185 1126 1242 detestabilia
1164 1188 1428 1254 facinora,
1459 1207 1578 1260 qua:
1611 1195 1809 1245 adver-

185 1290 264 1326 sus
296 1287 404 1332 eos,
435 1274 533 1341 qui
569 1273 744 1328 illum
781 1277 1080 1333 Christum
1114 1293 1170 1335 et
1217 1284 1490 1338 doctorem
1524 1297 1580 1338 et
1609 1284 1802 1338 Filium

183 1366 267 1419 Dei
297 1365 664 1433 proﬁtentur,
706 1370 869 1437 apud
901 1385 1070 1426 omne
1107 1373 1390 1427 hominum
1422 1391 1596 1442 genus
1647 1392 1806 1446 spar-

181 1460 324 1528 gitis.
351 1462 426 1513 Ad
457 1461 582 1514 hazc
647 1473 835 1532 capta
895 1465 1034 1519 urbe
1086 1475 1290 1529 vestra,
1331 1475 1384 1519 et
1418 1476 1561 1521 terra
1593 1477 1804 1522 vastata

181 1554 558 1619 penitentiam
630 1573 756 1611 non
811 1558 1024 1627 agitis:
1087 1560 1186 1612 sed
1226 1558 1381 1612 illum
1413 1561 1576 1614 etiam
1604 1577 1664 1615 ac
1691 1577 1808 1617 om-

182 1664 295 1710 nes,
329 1649 420 1715 qui
456 1650 511 1702 in
541 1649 720 1703 illum
757 1652 1027 1717 credunt,
1061 1651 1197 1705 diris
1251 1653 1524 1707 devovere
1572 1656 1801 1710 audetis.

176 1738 288 1793 Nos
319 1752 501 1795 autem
535 1759 648 1797 nec
689 1759 800 1798 vos
831 1745 1074 1808 odimus,
1112 1759 1211 1799 nec
1239 1760 1334 1799 eos
1382 1746 1476 1816 qui
1539 1748 1698 1802 talem
1735 1750 1802 1803 de

179 1835 332 1887 nobis
353 1836 696 1903 opinionem
736 1852 766 1891 a
804 1836 966 1891 vobis
1015 1851 1317 1906 acet-perc;
1375 1841 1468 1892 sed
1516 1856 1804 1909 precamur

177 1937 237 1980 ut
283 1943 427 1982 nunc
492 1928 712 1983 saltem
779 1928 1170 1998 pcenitentiam
1215 1939 1456 1997 agentes,
1493 1931 1804 1986 misericor-

175 2019 320 2073 diam
351 2034 552 2075 omnes
606 2020 1052 2088 consequamini
1084 2035 1113 2072 a
1161 2022 1498 2091 perbenigno
1523 2031 1577 2073 et
1602 2023 1797 2075 mirum

178 2114 230 2167 in
265 2116 488 2168 modum
517 2116 910 2169 misericorde
946 2119 1326 2168 universorum
1365 2125 1592 2183 parente
1629 2117 1794 2171 Deo.»

177 2205 458 2262 Habemus
488 2209 547 2261 in
577 2209 672 2262 bis
703 2208 932 2262 duobus
969 2207 1297 2261 testimoniis
1334 2208 1514 2262 stultae
1536 2217 1590 2262 et
1621 2209 1800 2277 impia:

182 2299 382 2356 fabula:
429 2301 730 2355 evolutam
779 2301 1076 2370 originem.
1122 2300 1178 2354 In
1214 2309 1446 2369 utroque
1497 2301 1618 2355 loco
1649 2313 1796 2356 secta

181 2393 635 2447 Christianorum
694 2391 867 2455 ἄθεος
928 2393 1174 2457 dicitur;
1235 2393 1284 2446 in
1348 2401 1578 2461 utroque
1615 2393 1794 2465 Thye-

184 2498 327 2539 steas
349 2502 548 2541 ctenas
606 2495 668 2540 et
729 2484 1088 2554 OEdipodeos
1126 2487 1450 2540 concubitus
1509 2486 1798 2555 designant

183 2581 379 2634 acerba
417 2579 508 2632 illa
535 2589 596 2632 et
623 2577 960 2639 tenebrosa,
993 2578 1160 2646 impia
1190 2587 1244 2632 et
1272 2577 1503 2632 nefanda
1530 2578 1792 2645 facinora,

185 2687 301 2736 qua
351 2672 650 2727 Christum
709 2672 898 2740 ipsum
956 2672 1211 2726 docuisse
1269 2671 1437 2726 Judaei
1496 2674 1792 2742 fingebant.

188 2758 306 2812 lno
330 2762 500 2815 verbo
554 2760 890 2815 Iudaeorum
946 2762 1208 2830 nequitiae
1253 2764 1506 2817 attribuit
1550 2764 1793 2819 Justinus

196 2855 453 2923 quidquid
491 2857 560 2908 de
598 2854 955 2910 Christianis
988 2854 1312 2909 dictitabant
1356 2855 1418 2921 ii,
1445 2856 1645 2927 quibus
1680 2858 1793 2913 haec

195 2947 376 3017 religio
401 2949 624 3017 Cognita
660 2964 776 3001 non
811 2957 954 3001 erat.

262 3041 318 3094 S.
355 3043 624 3111 martyris
666 3042 988 3100 testimonia
1047 3043 1341 3098 confirmat
1398 3043 1790 3101 Tcrtullianus.

197 3133 284 3188 Sic
311 3137 450 3189 enim
477 3136 546 3188 de
584 3135 788 3190 .Indmo
819 3136 1094 3204 loquitur,
1144 3153 1173 3191 a
1219 3155 1325 3206 quo
1349 3138 1786 3193 Christianorum

1924 655 2146 711 petrare
2213 643 2485 706 volentes,
2541 643 2721 700 lumen
2780 650 3216 719 exstinguerent,
3283 659 3338 705 et
3386 669 3509 707 cum

1922 735 2088 789 obvia
2134 750 2351 804 quaque
2406 738 2782 806 unusquisque
2841 743 3190 796 misceretur.
3222 744 3351 811 Qua:
3386 748 3510 815 qui-

1917 829 2038 882 dem
2077 828 2311 883 absurda
2365 831 2677 884 criminatio
2733 833 2864 887 olim
2911 835 3342 905 quamplurimas
3369 840 3508 894 deti-

1915 921 2101 984 nebat,
2127 921 2407 975 extraneis
2442 925 2780 989 persuadens
2805 927 2941 980 tales
2973 943 3094 981 esse
3121 927 3499 996 Christianos;

1914 1028 2056 1066 nunc
2083 1029 2215 1067 vero
2242 1017 2537 1070 nonnullos
2568 1019 2742 1072 adimo
2797 1019 3017 1088 decipit,
3051 1022 3318 1090 ejusmodi
3355 1039 3504 1077 com-

1916 1106 2118 1160 mentis
2171 1107 2477 1174 deterrens,
2530 1111 2821 1178 quominus
2865 1129 2987 1166 cum
3030 1114 3360 1170 Christianis
3415 1118 3502 1172 vel

1914 1197 2184 1266 simplicis
2212 1199 2472 1268 colloquii
2507 1206 2946 1263 communionem
2984 1209 3194 1262 ineant.
3230 1231 3247 1263 ι

1985 1290 2090 1345 Sed
2118 1290 2316 1346 Justini
2365 1296 2655 1349 sententiae
2713 1299 3044 1366 praecipuum
3093 1303 3305 1369 pondus
3355 1305 3502 1357 addit

1909 1380 2201 1445 Eusebius,
2227 1385 2321 1453 qui
2352 1402 2458 1439 non
2489 1387 2664 1441 solum
2712 1387 2916 1442 Justini
2969 1393 3136 1445 verba
3171 1409 3235 1446 ex
3272 1393 3500 1464 Dialogo
3527 1462 3531 1466 _

1910 1484 2166 1542 excerpta
2203 1476 2368 1528 refert
2418 1477 2558 1531 Hist.
2614 1479 2687 1532 lib
2735 1496 2810 1544 tv,
2850 1482 3025 1541 c.18,
3091 1484 3184 1535 sed
3235 1485 3400 1537 etiam
3437 1486 3500 1538 il-

1913 1562 2005 1615 lud
2038 1564 2190 1618 Isaia:
2221 1567 2520 1633 explanatis
2548 1587 2559 1621 :
2594 1569 2697 1634 Qui
2749 1571 2911 1622 mittit
2947 1573 2997 1623 in
3040 1590 3184 1625 mare
3207 1574 3413 1628 obsides
3447 1589 3496 1628 et

1912 1655 2167 1719 epistolas
2206 1657 2433 1711 biblinas
2469 1677 2631 1728 super
2651 1678 2841 1729 aquam
2870 1663 2935 1727 ³³,
2969 1664 3048 1717 sic
3083 1664 3354 1734 loquitur:
3385 1667 3492 1720 Εὖ-

1911 1763 2077 1816 ρομεν
2111 1749 2168 1799 ὲν
2193 1751 2303 1812 τοῖς
2326 1749 2433 1802 τῶν
2464 1750 2707 1804 παλαιῶν
2736 1756 3181 1825 συγγράμμασιν,
3212 1757 3287 1821 ὡς
3315 1760 3363 1811 οἱ
3397 1760 3493 1830 τὴν

1920 1838 2270 1910 Ἰερουσαλὴμ
2320 1842 2594 1906 οἰκοῦντες
2622 1844 2715 1896 τοῦ
2755 1844 2861 1897 τῶν
2905 1847 3169 1902 Ἰουδαίων
3202 1847 3387 1912 ἔθνους
3417 1852 3494 1903 ίε-

1908 1932 2021 1998 ρεῖς
2055 1930 2153 1982 καὶ
2200 1932 2565 2004 πρεσϐύτεροι
2612 1936 2914 2007 γράμματα
2957 1939 3380 2009 διαχαράξαντες
3413 1945 3493 2005 είς

1905 2023 2086 2075 πάντα
2115 2023 2483 2093 διεπέμψαντο
2533 2028 2600 2081 τὰ
2658 2028 2785 2098 ἔθνη
2832 2033 2944 2093 τοῖς
3003 2033 3314 2103 ἁπανταχοῦ
3363 2035 3492 2086 Ἰου-

1900 2110 2072 2175 δαίοις
2123 2113 2506 2181 διαϐάλλοντες
2557 2117 2652 2188 τὴν
2705 2121 2942 2192 Χριστοῦ
3003 2123 3370 2191 διδασκαλίαν,
3414 2127 3490 2190 ὡς

1907 2201 2118 2271 αἵρεσιν
2149 2204 2360 2275 καινὴν,
2405 2208 2502 2260 καὶ
2533 2208 2820 2280 ἀλλοτρίαν
2852 2212 2944 2265 τοῦ
2981 2212 3138 2278 Θεοῦ,
3173 2217 3487 2288 παρήγγελ-

1915 2290 2004 2346 λόν
2035 2311 2092 2346 τε
2139 2295 2205 2346 δι’
2261 2298 2558 2352 ἐπιστολῶν
2595 2301 2668 2372 μὴ
2711 2303 3116 2374 παραδέξασθαι
3151 2308 3320 2378 αὑτήν
3353 2348 3364 2362 .
3409 2351 3423 2364 .
3468 2349 3484 2364 .

1904 2384 2043 2436 οἵτε
2080 2387 2370 2440 ἀπόστολοι
2429 2391 2609 2445 αὐτῶν
2643 2394 2934 2459 ἐπιστολὰς
2976 2397 3219 2468 βιϐλίνας
3268 2400 3489 2470 κομιζό-

1902 2495 2052 2547 μενοι
2087 2479 2341 2552 ὑπεράνω
2375 2501 2431 2535 τε
2461 2483 2568 2536 τῶν
2598 2487 2804 2540 ὑδάτων
2838 2489 3242 2560 ναυτιλλόμενοι
3272 2493 3365 2544 καὶ
3388 2493 3486 2564 τὴν

1898 2569 2173 2626 θάλασσαν
2207 2575 2536 2644 ἐμπλέοντες
2591 2579 2905 2651 ἁπανταχοῦ
2940 2583 3046 2652 γῆς
3071 2583 3364 2657 διέτρεχον,
3393 2586 3483 2640 τὸν

1897 2662 2024 2732 περὶ
2050 2661 2142 2714 τοῦ
2170 2665 2424 2734 Σωτῆρος
2454 2666 2609 2735 ἡμῶν
2651 2669 3083 2736 ἐνδιαϐάλλοντες
3113 2674 3290 2742 λόγον.
3325 2677 3484 2730 Ἀπο-

1896 2751 2117 2816 στὸλους
2149 2754 2204 2806 δὲ
2235 2756 2401 2807 εἰσέτι
2438 2756 2532 2808 καὶ
2559 2756 2653 2809 νῦν
2702 2758 2822 2823 ἔθος
2857 2762 3006 2815 ἐστὶν
3054 2762 3334 2828 Ἰουδαίοις
3363 2766 3484 2819 ὀνο-

1897 2841 2090 2914 μάζειν
2122 2847 2248 2910 τοὺς
2292 2848 2566 2914 ἐγκύκλια
2618 2853 2919 2923 γράμματα
2967 2857 3115 2926 παρὰ
3149 2857 3256 2910 τῶν
3287 2860 3484 2929 ἀρχόν-

1893 2952 2000 2988 των
2055 2936 2234 2990 αὐτῶν
2281 2941 2796 3012 ἐπικομιζομένους.
2840 2962 2859 2994 t
2894 2945 2948 2999 In
2985 2961 3225 3002 veterum
3258 2953 3478 3020 scriptis
3545 2971 3560 3012 ,λ

1899 3031 2206 3098 reperimus
2233 3033 2753 3111 llierosolymitanos
2773 3037 3018 3095 Judaicm
3071 3044 3248 3109 gentis
3293 3059 3480 3097 sacer-

1897 3121 2055 3177 d0tes
2083 3134 2136 3178 et
2166 3125 2414 3181 seniores
2446 3127 2660 3182 litteras
2711 3133 2762 3183 in
2818 3148 3008 3186 omnes
3039 3144 3226 3202 gentes
3264 3135 3478 3189 misisse

203 3225 337 3279 Deus
369 3228 590 3294 publice
639 3228 974 3297 propositus
1035 3228 1213 3282 fuerat
1244 3245 1365 3283 cum
1401 3231 1621 3284 (mn-bu,
1663 3249 1788 3286 εση,
1818 3254 1863 3316 C
1895 3213 1961 3268 ad
1991 3230 2180 3316 omnes
2211 3218 2411 3286 ubique
2449 3218 2687 3281 .Indzeos,
2743 3237 2862 3316 qua:
2887 3222 3120 3316 Christi
3171 3225 3474 3280 doctrinam

201 3319 462 3384 :criontm,
495 3328 545 3372 et
572 3321 630 3372 in
661 3328 812 3388 toga,
846 3336 967 3372 cum
992 3319 1154 3380 libro.
1186 3321 1352 3374 altera
1381 3323 1509 3389 pede
1533 3323 1787 3393 angulata

201 3412 443 3476 depictus.
489 3431 505 3463 ι
539 3412 1014 3480 Crediditvulgus
1060 3411 1268 3479 Judaeo,
1317 3413 1495 3484 inquit
1527 3414 1618 3468 lib.
1667 3416 1790 3471 tad

209 3501 352 3562 Ναί..
389 3521 508 3572 cap.
545 3506 614 3558 Η
644 3523 659 3557 :
695 3504 857 3570 Quod
885 3505 1030 3558 enim
1060 3505 1204 3559 aliud
1237 3522 1406 3574 genus
1434 3507 1787 3561 seminarium

208 3604 278 3647 est
318 3597 552 3651 infamia:
578 3599 821 3651 nostrae!
873 3617 891 3648 ι
925 3597 1071 3650 Idem
1101 3597 1263 3650 docet
1294 3598 1388 3653 lib.
1436 3615 1498 3652 ιιι
1539 3599 1596 3652 in
1637 3599 1788 3653 Mar-

208 3686 416 3752 tionem,
440 3704 565 3758 cap.
590 3689 665 3741 25
686 3705 700 3743 :
723 3707 745 3741 ι
781 3690 992 3744 Dehinc
1011 3705 1136 3744 cum
1168 3706 1234 3743 ex
1267 3693 1672 3759 perseverantia
1700 3693 1788 3746 [ιι-

209 3780 337 3831 roris
376 3791 426 3834 et
459 3797 662 3834 nomen
701 3781 922 3835 Domini
976 3794 1073 3850 per
1119 3781 1265 3850 ipsos
1305 3782 1786 3850 blasphemaretur

207 3873 340 3927 εἱειιι
369 3875 636 3943 scriptum
663 3885 787 3930 est:
834 3875 1066 3943 Propter
1105 3891 1190 3928 vos
1227 3892 1414 3929 nomen
1456 3893 1630 3930 meum
1666 3877 1783 3931 bla—

207 3966 497 4028 sphematur
524 3968 578 4018 in
610 3967 920 4018 nationibus
953 3967 996 3996 ³⁷
1028 3965 1120 4032 (ab
1147 3966 1250 4020 illis
1282 3967 1427 4020 enim
1452 3969 1618 4037 coepit
1644 3968 1785 4021 infa-

210 4059 328 4126 ntia)
354 4070 404 4112 et
434 4071 652 4130 tempus
676 4061 918 4114 medium
950 4074 978 4111 a
1006 4058 1230 4114 Tiberio
1278 4075 1450 4130 usque
1481 4061 1548 4113 ad
1580 4061 1786 4130 Vespa-

209 4150 430 4218 sianum,
463 4171 569 4208 non
598 4154 993 4225 paenitentiam
1041 4152 1469 4220 intellexissent,
1503 4153 1648 4232 facta
1700 4162 1784 4208 est

212 4253 340 4297 terra
365 4262 550 4298 eorum
582 4250 823 4300 deserta.
839 4265 858 4297 ι

271 4337 353 4390 Sic
387 4339 552 4390 etiam
589 4337 881 4406 Origenes,
920 4337 1017 4392 lib.
1044 4352 1096 4390 vr
1129 4346 1314 4391 contra
1340 4336 1568 4399 Celsum,
1610 4353 1664 4391 ιι.
1689 4337 1776 4390 27:

205 4426 468 4480 Καὶὼκεῖ
523 4445 616 4497 μοι
652 4428 1041 4498 παραπλήσιον
1095 4427 1372 4491 Ἰουδαίοις
1422 4427 1778 4497 πεποιηκέναι

207 4522 305 4581 τοῖς
353 4522 491 4573 κατὰ
525 4521 625 4591 τὴν
677 4520 856 4593 ἀρχὴν
905 4519 1005 4589 τῆς
1063 4520 1156 4572 τοῦ
1218 4519 1646 4592 Χριστιανισμοῦ
1696 4519 1776 4571 δι·-

1897 3309 2268 3373 tradueerent,
2301 3319 2358 3363 ut
2390 3326 2587 3365 novam
2641 3322 2694 3368 et
2743 3314 3022 3367 inimicam
3077 3315 3189 3368 Deo
3243 3326 3470 3384 sectam,

1893 3413 1957 3453 ac
1987 3401 2235 3470 epistolis
2291 3404 2569 3456 monuisse
2625 3422 2694 3460 ne
2746 3406 2893 3458 illam
2954 3407 3279 3476 reciperent.
3313 3447 3327 3461 .
3361 3446 3376 3462 .
3403 3447 3420 3464 .
3453 3447 3468 3461 .

1891 3491 2233 3559 apostolique
2260 3507 2447 3545 eorum
2477 3495 2738 3562 epistolas
2773 3497 3019 3551 biblinas
3059 3497 3366 3554 deterentes
3391 3515 3468 3564 ac

1889 3595 2055 3649 supra
2090 3584 2310 3636 dorsum
2343 3600 2606 3652 aquarum
2637 3597 2690 3638 et
2722 3587 2773 3639 in
2805 3589 2942 3641 tuari
2973 3591 3314 3660 navigantes,
3349 3592 3472 3645 ubi-

1888 3688 1994 3743 que
2030 3687 2301 3730 terrarum
2332 3679 2738 3745 discurrebant,
2793 3681 2988 3734 fatuam
3023 3681 3333 3738 Servatoris
3369 3701 3466 3738 no-

1888 3767 1983 3819 stri
2034 3768 2330 3821 calumniis
2383 3769 2722 3825 vellicantes.
2777 3773 3067 3842 Apostolus
3121 3791 3252 3830 vero
3300 3778 3466 3832 etiam

1887 3873 2032 3912 nunc
2056 3858 2225 3912 Judaei
2268 3877 2586 3932 nuncupare
2642 3864 2815 3918 solent
2865 3880 2982 3930 eos,
3020 3867 3111 3934 qui
3163 3869 3467 3925 circulares

1886 3951 2188 4019 principum
2227 3968 2451 4008 suorum
2509 3954 2725 4010 litteras
2789 3958 3217 4029 circumquaque
3265 3960 3464 4031 depor~

1887 4050 2026 4098 lant.
2056 4063 2075 4094 ι

1952 4135 2038 4191 Ill.
2066 4137 2290 4192 Eusebii
2338 4139 2711 4194 testimonium
2752 4156 2816 4194 eo
2854 4139 3078 4209 majoris
3115 4153 3201 4197 est
3248 4145 3459 4214 ponde-

1885 4228 1984 4292 ris,
2012 4232 2154 4298 quod
2212 4233 2456 4286 eamdem
2502 4234 2786 4287 historiam
2851 4251 2955 4288 non
3011 4237 3150 4304 apud
3183 4236 3456 4293 Justinum

1889 4331 2104 4375 tantum
2155 4323 2353 4395 legisse
2406 4326 2678 4392 videatur,
2745 4327 2839 4380 sed
2898 4327 3061 4381 etiam
3124 4331 3262 4395 apud
3320 4329 3458 4384 alios

1885 4415 2206 4484 scriptorcs,
2241 4431 2269 4468 a
2300 4418 2495 4486 quibus
2527 4419 2736 4486 accepit
2777 4419 2847 4477 id,
2876 4421 3019 4487 quod
3054 4434 3081 4470 a
3108 4418 3325 4474 Justino
3351 4438 3456 4476 non

1887 4512 2243 4570 memoratur,
2275 4505 2495 4562 Judmos
2552 4507 2765 4562 litteras
2826 4509 2892 4562 iis
2932 4509 3167 4572 dedisse,
3234 4526 3370 4578 quos
3400 4513 3453 4564 in

205 4610 482 4676 δατιαλὶας
539 4615 985 4669 κατασκεδάσασι
1019 4613 1330 4684 δυσφημίαν
1362 4611 1453 4664 τοῦ
1487 4611 1666 4678 λόγου·
1703 4609 1778 4672 ὡς

1899 4595 2195 4651 miversum
2231 4598 2417 4652 orbem
2475 4601 2783 4656 mittebant.
2835 4601 2941 4655 Sed
2981 4604 3230 4671 quamvis
3259 4619 3456 4672 magna

209 4705 300 4775 ἄρα
353 4707 763 4770 καταθύσαντες
814 4708 1029 4761 παιδίον
1065 4704 1572 4777 μεταλαμϐάνουσιν
1608 4700 1773 4755 αὐτοῦ

207 4797 296 4847 τῶν
327 4799 566 4869 σαρκῶν
602 4799 699 4851 καὶ
729 4798 892 4852 πάλιν
923 4800 1006 4852 ὅτι
1040 4800 1088 4851 οἱ
1129 4797 1237 4851 ἀπὸ
1268 4796 1361 4849 τοῦ
1388 4797 1547 4864 λόγου
1582 4794 1648 4848 τὰ
1680 4791 1771 4846 τοῦ

207 4891 407 4954 πότους
436 4892 706 4963 πράττειν
742 4891 1054 4961 βουλόμενοι
1081 4889 1393 4942 σϐεννύουσι
1429 4888 1526 4958 μὲν
1545 4885 1606 4939 τὸ
1635 4885 1770 4954 φῶς,

204 4982 408 5046 ἕκαστος
442 4985 500 5037 δὲ
531 4988 599 5055 τῇ
633 4985 1026 5056 παρατυχούσῃ
1062 4983 1336 5054 μίγνυται.
1387 4981 1542 5041 Ἤτις
1569 4978 1772 5046 δυσιεη-

205 5074 289 5142 μία
319 5076 643 5146 παραλόγως
690 5075 857 5128 πάλαι
917 5076 1015 5144 μὲν
1066 5073 1332 5126 πλείστων
1366 5072 1505 5124 ὅσων
1549 5069 1769 5139 ἐκράτει

202 5166 440 5219 πείθουσα
497 5171 628 5230 τοὺς
669 5168 990 5238 ἀλλοτρίους
1043 5165 1351 5232 τοῦλόγου,
1413 5165 1495 5216 ὅτι
1539 5161 1770 5215 τοιοῦτοί

200 5258 290 5308 εἱσι
331 5259 672 5329 Χριστιανοίσ
709 5259 806 5311 καὶ
859 5257 955 5310 νῦν
997 5257 1054 5309 δὲ
1110 5256 1190 5308 ἔτι
1220 5255 1404 5323 ἀπατᾷ
1435 5270 1605 5315 τινας,
1641 5254 1770 5306 ἀπο-

200 5351 548 5418 τρεπομένους
573 5351 664 5404 διὰ
687 5351 755 5404 τὰ
790 5349 1015 5403 τοιαῦτα
1038 5347 1139 5401 κᾶν
1154 5350 1233 5411 είς
1263 5345 1543 5399 κοινωνίαν
1569 5343 1769 5397 ἁπλου-

201 5445 370 5512 στεραν
432 5443 612 5509 λόγων
671 5445 830 5512 ἥκειν
887 5443 1024 5513 πρὸς
1077 5439 1461 5512 Χριστιανούς.
1495 5457 1512 5488 t
1545 5440 1768 5493 Videtur

199 5538 310 5588 mihi
337 5537 525 5591 Celsus
548 5539 693 5592 idem
750 5539 954 5593 iecisse
984 5553 1049 5592 ac
1072 5536 1269 5600 Judaei,
1302 5537 1391 5605 qui
1425 5536 1581 5589 initio
1609 5533 1766 5588 Chri-

200 5629 362 5683 stiana:
403 5631 817 5699 praalicationis
875 5631 1052 5684 malos
1109 5645 1359 5705 rumores
1401 5630 1468 5684 tle
1501 5627 1765 5682 Christia-

198 5735 366 5776 norum
418 5726 668 5780 doctrina
729 5732 1102 5796 sparserunt,
1156 5723 1310 5792 quasi
1371 5722 1436 5778 tle
1497 5719 1761 5776 immolati

252 5882 402 5937 "La.
436 5900 530 5948 Lit,
566 5886 620 5941 5.
708 5883 880 5940 "Isa.
919 5897 1078 5947 svnt,
1109 5885 1159 5936 2.

1878 4690 1950 4743 sit
1982 4689 2144 4757 hujus
2185 4690 2432 4746 historiae
2455 4695 2790 4758 auctoritas;
2851 4694 2977 4762 quia
3009 4703 3190 4750 tamen
3223 4713 3329 4749 non
3361 4699 3452 4751 tle-

1877 4791 2001 4834 snnt
2032 4782 2331 4851 scriptores
2365 4784 2576 4852 antiqui
2622 4801 2686 4838 ac
2721 4795 2994 4849 recentes,
3031 4788 3119 4854 qui
3150 4788 3347 4856 triplex
3385 4789 3450 4842 il-

1875 4871 1962 4925 lud
1990 4873 2197 4927 crimen
2254 4889 2360 4928 non
2393 4891 2421 4927 a
2470 4876 2787 4944 primordiis
2846 4876 3152 4945 religionis,
3200 4879 3292 4932 sed
3349 4879 3450 4932 sub

1872 4961 2118 5014 Adriano
2155 4971 2362 5024 natum,
2399 4973 2564 5030 atque
2594 4979 2657 5016 ex
2694 4966 2875 5031 pravis
2911 4967 3293 5021 haereticorum
3329 4984 3446 5022 mo-

1871 5053 2046 5116 ribus,
2089 5054 2179 5121 qui
2209 5054 2309 5106 sub
2347 5056 2450 5108 hoc
2493 5057 2825 5124 imperatore
2861 5060 3202 5126 prodierunt,
3236 5059 3290 5113 in
3324 5061 3445 5113 uni-

1871 5159 2060 5199 versos
2091 5144 2439 5223 Christianos
2478 5151 2809 5203 redundasse
2845 5151 3046 5216 velint;
3080 5151 3243 5218 paulo
3285 5167 3445 5206 accu-

1868 5235 2041 5288 ratius
2072 5237 2432 5291 examinanda
2463 5255 2551 5293 res
2576 5251 2680 5294 est.

1940 5325 2232 5395 Conceptis
2279 5331 2459 5384 verbis
2524 5332 2766 5386 declarat
2817 5333 3108 5395 Eusebius,
3147 5332 3243 5387 lib.
3280 5347 3354 5398 tv,
3388 5348 3438 5388 c.

1867 5417 1921 5481 7,
1975 5420 2216 5473 nefarios
2277 5421 2592 5487 haereticos,
2657 5422 2982 5487 Basiliden),
3060 5424 3438 5486 Saturninum,

1866 5510 2254 5580 Carpocratem
2287 5524 2342 5567 et
2374 5515 2508 5569 alios
2544 5515 2807 5584 ejusmodi
2849 5516 3077 5584 amplam
3112 5517 3439 5568 obtrectandi

1865 5610 1913 5656 et
1947 5602 2312 5655 calumniandi
2347 5603 2619 5673 Evangelii
2659 5604 2938 5656 materiam
2987 5604 3435 5665 subministrasse,

1865 5708 2019 5764 atque
2055 5697 2176 5751 hinc
2201 5696 2397 5764 factum
2431 5712 2540 5750 esse
2566 5707 2618 5748 ut
2660 5697 2887 5750 absurda
2915 5697 3154 5769 qua'dant
3196 5707 3242 5750 et
3272 5697 3434 5764 impia
