3932 6258
466 370 563 431 151

1450 358 1783 424 JUSTINUS
1815 359 2301 420 PHILOSOPHUS
2331 362 2416 417 ET
2448 350 2760 418 MARTYR.

3644 356 3743 413 132

464 502 529 550 de
550 494 695 550 nobis
723 491 897 564 opinio
934 491 1073 561 apud
1124 490 1361 560 inﬁdeles
1412 503 1535 544 tunc
1584 492 1829 558 temporis
1881 505 2040 557 spar-
2070 493 2118 545 Α
2148 488 2383 541 Cornelii
2419 487 2614 541 Taciti.
2638 485 2747 541 Cur
2781 484 2926 540 enim
2954 484 3160 540 Plinius
3188 484 3241 538 in
3277 478 3551 553 epistola,
3580 496 3742 551 quam

464 598 693 658 geretur,
724 586 877 656 quasi
934 585 1140 653 nefario
1195 584 1473 637 concubitu
1518 600 1636 635 cum
1687 582 1954 635 sororibus
1992 590 2041 633 et

462 682 723 733 matribus
748 680 980 740 misceri,
1007 688 1053 730 et
1086 676 1422 730 exsecrandis
1459 676 1682 740 dapibus
1741 676 1875 727 vesci
1906 672 2043 725 sole-

464 790 662 826 remus.
698 772 844 828 Idem
883 778 1153 824 testantur
1183 768 1441 831 Irenrcus,
1493 768 1587 823 lib.
1623 784 1664 830 ι,
1698 781 1748 820 c.
1781 766 1888 832 25;
1920 765 2042 820 Cle-

460 880 615 919 mens
649 863 1072 925 Alexandrinus,
1136 862 1358 926 Strom.,
1411 878 1485 923 Iv,
1518 877 1639 931 pag.
1672 861 1813 925 428;
1851 859 2042 929 Orige-

462 975 583 1019 nes,
608 968 743 1010 tom.
774 950 842 1010 Ill
872 958 925 1009 in
961 955 1228 1024 Epistolas
1262 954 1451 1019 Pauli;
1478 954 1816 1022 Epiphanius
1849 954 1900 1007 in
1931 954 2040 1007 bte-

460 1050 567 1103 resi
596 1048 1170 1117 Carpocratianorum.
1200 1044 1469 1099 Videntur
1501 1047 1613 1099 haec
1650 1046 1825 1113 prima
1858 1048 2039 1114 specie

458 1154 705 1209 pugnare
729 1154 849 1192 cum
876 1136 1116 1199 Justino,
1148 1152 1249 1191 nec
1282 1138 1476 1190 mirum
1511 1136 1556 1191 si
1590 1136 1912 1199 Dodwellus,
1945 1154 2036 1190 as-

459 1233 733 1287 sentiente
766 1229 1141 1295 Tillemontio,
1176 1240 1306 1285 tom.
1343 1228 1409 1294 ll,
1442 1246 1495 1299 p.
1522 1231 1648 1292 245,
1674 1249 1701 1285 a
1733 1230 2037 1299 Carpocra-

458 1325 623 1377 tianis
653 1334 707 1377 et
739 1321 862 1376 aliis
894 1318 1158 1391 ejusmodi
1194 1323 1491 1386 haereticis,
1539 1325 1628 1392 qui
1662 1326 1762 1377 sub
1794 1324 2034 1376 Adriano

454 1425 778 1482 eruperunt,
833 1424 1112 1483 aspersam
1170 1416 1375 1469 nomini
1411 1415 1721 1472 Christiano
1751 1427 1829 1471 tot
1859 1417 2035 1472 scele-

453 1522 572 1561 rum
610 1506 891 1560 infamiam
933 1506 1273 1575 pronuntiat.

526 1598 637 1650 Sed
693 1592 973 1650 conciliari
1026 1604 1261 1665 possunt
1302 1596 1636 1651 dissidentes
1685 1597 1739 1651 in
1788 1599 2028 1667 speciem

453 1686 742 1741 sententia:
774 1696 1045 1754 veterum,
1084 1689 1157 1742 ita
1194 1698 1255 1741 ut
1288 1688 1690 1744 calumniarum
1724 1692 1876 1759 origo
1909 1708 2032 1760 par-

452 1780 546 1831 tim
588 1795 651 1832 ex
683 1776 993 1833 Judaaorum
1026 1780 1406 1848 improbitate,
1433 1782 1632 1850 partim
1688 1797 1754 1835 ex
1782 1781 2022 1852 ﬂagitio-

450 1873 527 1925 sis
564 1872 945 1925 hzereticorum
974 1871 1219 1926 moribus
1262 1882 1560 1941 repetatur.
1622 1872 1854 1941 Utrique
1913 1888 2024 1926 rem

450 1962 876 2032 iniquissimam,
940 1963 1187 2017 hmretici
1251 1976 1304 2017 et
1354 1962 1548 2027 Judaei,
1597 1973 2022 2033 promoverunt;

449 2054 693 2108 haeretici
720 2052 1017 2109 deterrime
1052 2054 1316 2118 vivendo;
1367 2052 1538 2107 Judaei
1571 2068 1638 2108 ex
1680 2069 1871 2108 eorum
1906 2068 2026 2108 sce-

448 2146 651 2200 leribus
675 2161 862 2199 ansam
893 2144 1207 2213 arripiendo
1236 2160 1298 2198 ea
1332 2145 1382 2197 in
1411 2144 1616 2199 Christi
1647 2145 1946 2199 doctrinam
1970 2154 2025 2198 et

447 2236 797 2291 Christianos
856 2234 1126 2305 fingendi,
1177 2252 1297 2303 quas
1350 2237 1569 2302 quidem
1631 2236 1885 2305 ignorare
1916 2252 2021 2291 non

448 2337 702 2396 poterant
753 2327 1008 2381 omnibus
1066 2327 1119 2379 in
1179 2328 1526 2381 sanctissima
1591 2327 1796 2381 Christi
1860 2329 2023 2383 disci-

446 2420 589 2488 plina
621 2419 934 2473 viventibus
981 2419 1246 2472 detestata
1301 2434 1443 2472 esse.
1486 2420 1599 2473 lmo
1663 2419 1785 2488 plus
1838 2419 2023 2473 nocuit

445 2510 756 2565 Iudaeorum
811 2508 1069 2576 perfidia,
1120 2524 1282 2578 quam
1339 2508 1542 2578 flagitia
1610 2509 2018 2564 haereticorum.

443 2600 580 2656 Nam
636 2610 695 2655 ut
735 2599 954 2654 diliicile
1016 2611 1101 2653 est
1157 2601 1444 2654 hasreticos
1500 2600 1792 2655 nonnullos
1837 2617 1864 2653 a
1897 2616 2022 2670 pro-

444 2693 657 2748 miscuo
707 2693 1001 2747 concubitu
1035 2706 1295 2760 purgare;
1333 2693 1403 2744 ita
1435 2692 1519 2745 vix
1546 2694 1810 2747 credibile
1836 2693 2019 2747 infan-

445 2786 715 2839 ticidium.
780 2783 1046 2838 Atheismi
1110 2784 1315 2836 crimen
1356 2785 1632 2838 roboravit
1676 2770 2021 2855 contemptus

445 2876 715 2939 deorum,
804 2872 965 2943 queui
1054 2875 1345 2929 Christiani
1414 2875 1848 2943 prasscferebant.
1928 2876 2019 2931 Sic

443 2970 609 3023 etiam
642 2966 863 3021 invidia:
896 2966 1330 3020 Christianorum
1384 2982 1576 3020 novam
1612 2967 1882 3020 ﬂalnmam
1921 2970 2018 3021 ad-

439 3063 694 3130 jecerunt
724 3062 981 3126 luereses,
1029 3076 1148 3127 qua:
1182 3060 1279 3112 sub
1330 3059 1571 3111 Adriano
1611 3059 1879 3126 prodiere,
1923 3060 2019 3113 sed

2146 579 2380 647 Trajano
2419 578 2659 647 scripsit,
2709 575 2952 639 an.104,
2986 586 3093 629 tam
3129 587 3394 631 accurate
3435 577 3733 639 describit,

2145 674 2279 743 quid
2324 673 2621 729 Christiani
2671 671 2726 725 in
2775 671 3006 726 canibus
3037 673 3150 724 suis
3192 681 3462 740 agerent;
3515 685 3619 723 cur
3663 673 3737 724 ait

2146 782 2351 821 morem
2408 765 2516 819 illis
2557 764 2723 818 fuisse
2759 763 2990 818 toeundi
3040 763 3108 815 ad
3161 763 3487 831 capiendum
3547 762 3737 826 cibum,

2142 860 2503 925 promiscuum
2550 868 2723 910 tamen
2773 867 2819 909 et
2864 856 3161 918 innoxium,
3193 854 3293 907 nisi
3324 854 3462 922 quia
3492 854 3608 922 jam
3650 854 3741 907 11.ι-

2144 954 2377 1021 grabant
2406 965 2593 1003 eorum
2619 963 2802 1018 agapa:
2834 947 2990 1001 malis
3015 945 3337 1000 infanticidii
3374 944 3739 998 rumoribus?

2142 1042 2428 1097 Cornelius
2459 1042 2684 1095 Tacitus
2706 1039 2751 1079 ⁸ο
2780 1038 2947 1093 etiam
2989 1038 3089 1091 sub
3123 1035 3336 1091 Nerone
3381 1035 3737 1089 Christianos

2141 1132 2194 1186 in
2233 1133 2348 1185 hazc
2397 1131 2631 1185 crimina
2659 1138 2884 1182 vocatos
2929 1125 3104 1181 fuisse
3130 1126 3516 1180 existimabat.
3547 1144 3567 1175 ‹
3600 1125 3737 1191 Ergo

2140 1223 2404 1278 abolendo
2463 1222 2691 1283 rumori,
2746 1219 2942 1288 inquit,
2995 1217 3138 1272 Nero
3198 1216 3446 1270 subdidit
3495 1229 3643 1279 reos,
3683 1226 3734 1269 et

2138 1314 2538 1383 quaesitissimis
2567 1313 2742 1381 poenis
2768 1310 2963 1377 affecit,
2984 1325 3120 1379 quos
3143 1324 3240 1378 per
3277 1308 3493 1377 ﬂagitia
3532 1308 3732 1361 invisos

2139 1406 2328 1474 vulgus
2371 1403 2712 1457 Christianos
2768 1404 3099 1471 appellabat.
3150 1401 3475 1455 Exitiabilis
3537 1416 3729 1468 super-

2136 1496 2288 1548 stitio
2330 1510 2517 1548 rursus
2545 1495 2865 1563 erumpebat
2895 1510 3002 1548 non
3035 1494 3192 1547 modo
3220 1508 3315 1562 per
3338 1492 3592 1548 Iudaeam
3622 1493 3730 1548 ori-

2135 1591 2312 1660 ginem
2343 1589 2459 1659 ejus
2491 1592 2638 1656 mali,
2666 1592 2759 1646 sed
2807 1606 2904 1660 per
2941 1590 3142 1648 Urbem
3174 1593 3355 1654 etiam,
3390 1606 3506 1661 quo
3529 1600 3723 1645 cuncta

2134 1684 2375 1752 undique
2421 1684 2628 1738 atrocia
2678 1693 2772 1738 aut
2818 1684 3068 1753 pudenda
3116 1684 3398 1737 confluunt
3445 1683 3726 1738 celebran-

2142 1786 2362 1844 turque.
2400 1794 2418 1827 ι
2460 1775 2519 1831 S.
2555 1775 2740 1831 Melito
2788 1778 2841 1831 in
2876 1777 3133 1847 Apologia
3163 1777 3233 1832 M.
3266 1778 3502 1832 Aurelio
3534 1778 3721 1833 oblata

2138 1870 2392 1923 observat
2432 1867 2701 1923 Neronem
2740 1878 2795 1923 et
2820 1869 3187 1923 Domitianum
3214 1870 3458 1924 voluisse
3500 1869 3721 1939 religio-

2131 1975 2252 2013 nem
2284 1959 2662 2014 Christianam
2694 1962 2988 2014 criminum
3016 1962 3163 2015 notis
3194 1962 3419 2015 inurere
3451 1970 3509 2015 et
3545 1961 3610 2012 ab
3640 1960 3722 2012 his

2127 2060 2298 2102 ortum
2335 2067 2445 2104 esse
2475 2063 2531 2103 ut
2576 2053 2853 2105 calumnia:
2882 2061 3064 2105 contra
3106 2050 3444 2106 Christianos
3500 2050 3716 2104 menda-

2125 2140 2265 2193 cium
2317 2144 2691 2194 consuetudine
2749 2158 2780 2193 a
2828 2142 3032 2195 ratione
3077 2142 3252 2195 aliena
3286 2142 3713 2210 cli/funderetur.

2140 2232 2255 2299 Ἀφ’
2280 2229 2357 2282 ὧν
2386 2232 2479 2284 καὶ
2502 2232 2561 2283 τὸ
2584 2232 2681 2302 τῆς
2704 2233 3063 2302 συκοφαντίας
3082 2233 3259 2304 ἀλόγῳ
3302 2232 3569 2304 συνηθείᾳ
3595 2229 3718 2300 περὶ

2124 2324 2249 2385 τοὺς
2267 2323 2541 2385 τοιούτους
2566 2324 2757 2393 ῥυῆναι
2788 2324 3121 2396 συμϐέϐηκε,
3142 2327 3283 2394 apud
3306 2324 3609 2386 Euscb.,tv,
3625 2322 3712 2374 26.

2195 2416 2578 2470 Collocandum
2628 2432 2760 2484 ergo
2802 2428 2930 2471 ante
2978 2419 3315 2472 obsidionem
3348 2421 3714 2477 Hierosolimi-

2125 2515 2301 2560 lanam
2351 2508 2562 2561 facinus
2610 2506 2947 2573 Judworum;
3003 2510 3095 2564 sed
3147 2519 3327 2565 tamen
3378 2527 3491 2565 non
3538 2520 3703 2568 multo

2123 2611 2249 2654 ante
2279 2602 2672 2668 collocandum,
2707 2604 2751 2657 si
2786 2602 2942 2657 fateri
2996 2604 3245 2659 volumus
3282 2607 3580 2663 hareticos
3621 2608 3704 2662 bis

2124 2695 2447 2747 crimiuilms
2506 2695 2789 2747 materiam
2830 2696 3065 2751 dedisse.
3098 2698 3352 2752 Testatur
3401 2702 3551 2754 enim
3608 2701 3708 2755 He-

2122 2789 2372 2856 gesippus
2422 2790 2562 2855 apud
2614 2788 2927 2854 Eusebium,
2974 2788 3143 2854 Hist,
3195 2808 3268 2856 IV,
3313 2793 3410 2857 22,
3468 2792 3703 2848 nefarias

2122 2877 2240 2931 illas
2272 2880 2523 2939 luereSes,
2552 2892 2617 2931 ex
2648 2880 2843 2948 quibus
2872 2880 2991 2935 alite
3033 2882 3284 2950 deinceps
3310 2884 3698 2952 proseminatae

2122 2970 2844 3041 sunt,Hierosolymisuasci
2890 2975 3139 3042 cmpisse,
3187 2991 3310 3029 cum
3379 2977 3438 3032 S.
3484 2977 3699 3031 Simeon

2121 3062 2404 3129 episcopus
2428 3059 2927 3130 Hierosolymorum
2957 3064 3159 3121 electus
3208 3066 3329 3121 fuit.
3358 3068 3477 3123 Non
3504 3071 3689 3123 stricte

440 3166 506 3205 ex
571 3149 966 3205 vetustioribus
1006 3150 1278 3204 haereticis
1318 3149 1658 3203 occasionem
1720 3161 2013 3219 rapuerunt
2044 3158 2087 3215 (ζ
2121 3148 2437 3201 sumendum
2463 3149 2602 3216 quod
2634 3155 2709 3202 ait
2731 3146 2975 3205 Justinus
3007 3152 3214 3222 legatos
3262 3170 3291 3208 a
3324 3155 3530 3213 Judazis
3573 3159 3697 3211 mis-

440 3242 636 3306 Judaei,
667 3245 969 3310 praesertim
1015 3259 1082 3297 ex
1120 3240 1400 3296 Nicolaitis
1448 3251 1502 3295 et
1536 3240 1815 3295 Menandri
1847 3243 2013 3297 disci-

442 3335 606 3405 pulis,
634 3352 867 3404 quorum
900 3336 1058 3406 primi
1117 3338 1373 3391 videntur
1405 3334 1843 3403 promiscuorum
1887 3351 2017 3390 con-

441 3432 725 3486 cubituum
766 3431 970 3483 rumori
1026 3432 1310 3485 materiam
1345 3434 1592 3499 dedisse;
1648 3432 1807 3486 alteri
1838 3439 2016 3485 autem

441 3538 565 3577 cum
596 3523 788 3590 magiae
827 3532 1014 3575 essent
1041 3522 1234 3586 dediti,
1277 3523 1436 3593 hujus
1482 3523 1706 3578 sceleris
1732 3523 2014 3589 invidiam,

440 3627 510 3665 ex
568 3628 676 3681 quo
724 3611 968 3680 proclive
1026 3612 1132 3665 fuit
1189 3614 1588 3669 inl'anticidium
1637 3615 1925 3683 suspicari,
1962 3615 2015 3668 in

440 3718 632 3758 omnes
685 3702 1053 3770 Christianos,
1090 3715 1227 3759 teste
1261 3703 1518 3771 Eusebio,
1584 3705 1754 3770 Hist.,
1783 3722 1867 3768 ιιι,
1924 3706 2015 3772 26,

442 3793 782 3845 derivarunt.
818 3790 1007 3860 itaque
1056 3793 1102 3845 si
1136 3808 1165 3845 a
1199 3793 1391 3861 primis
1440 3796 1715 3849 haereticis
1751 3796 2015 3864 originem

445 3883 598 3947 mali,
634 3899 662 3935 a
712 3885 1112 3950 posterioribus
1162 3885 1499 3937 incrementa
1553 3894 1887 3951 repetantur,
1923 3900 2019 3937 ex-

443 3974 774 4041 plicabimus
811 3976 1084 4043 quomodo
1115 3975 1288 4029 Judmi
1321 3984 1374 4029 et
1405 3977 1646 4030 btet-elici
1682 3977 1750 4030 ad
1780 3977 2016 4032 dedecus

443 4067 740 4121 Christiani
773 4069 1009 4122 nominis
1038 4069 1440 4122 concurrerint.
1556 4130 1557 4133 η

512 4158 603 4213 ιν.
651 4158 935 4214 Postulant
977 4159 1178 4214 Justini
1220 4161 1405 4223 verba,
1452 4170 1511 4213 ut
1556 4160 1829 4228 apostolos
1860 4175 1889 4213 a
1916 4159 2015 4213 Ju-

442 4252 573 4305 daeis
616 4260 739 4304 ante
773 4261 986 4320 captam
1022 4267 1051 4304 a
1089 4252 1211 4305 Tito
1242 4252 1427 4306 urbem
1460 4253 1651 4307 missos
1676 4252 1841 4307 fuisse
1865 4254 2013 4307 dica—

443 4355 583 4393 mus.
609 4340 724 4392 Duo
749 4339 893 4393 enim
925 4338 1127 4393 Judaais
1156 4339 1541 4409 exprobrat,et
1574 4339 1717 4408 quod
1742 4341 2015 4406 apostolos

443 4432 507 4484 ad
528 4433 861 4500 spargendas
888 4432 1189 4485 calumnias
1214 4431 1483 4496 miserint,
1509 4432 1723 4502 etquod
1746 4443 2012 4502 praetcrea

2120 3250 2210 3292 sos
2236 3238 2421 3305 fuisse,
2455 3252 2733 3310 postquam
2757 3241 2938 3297 Jesum
2964 3260 3028 3297 ex
3070 3248 3296 3302 mortuis
3337 3252 3698 3306 resurrexisse

2118 3340 2173 3383 et
2202 3331 2252 3382 in
2284 3334 2451 3386 caelos
2498 3334 2804 3388 ascendisse
2862 3349 3255 3405 cognoverunt.
3289 3338 3384 3394 Sic
3429 3343 3572 3395 enim
3624 3341 3695 3393 ait

2119 3424 2174 3478 in
2204 3425 2356 3493 Apol.
2392 3426 2444 3491 l,
2470 3442 2620 3480 num.
2645 3428 2735 3495 29,
2761 3438 2877 3496 post
2897 3430 3094 3485 Christi
3123 3434 3173 3485 in
3205 3433 3389 3489 calum
3430 3449 3692 3491 ascensum

2120 3516 2391 3571 immissos
2444 3518 2611 3573 fuisse
2654 3535 2683 3573 a
2740 3522 3072 3579 daemonibus
3121 3523 3426 3594 Simonem,
3477 3527 3690 3582 Menam

2118 3610 2270 3664 drum
2305 3618 2358 3662 et
2416 3608 2769 3665 Marciouem.

2192 3699 2253 3754 ν.
2312 3702 2653 3757 Incredibilia
2714 3706 2963 3759 omnibus
3021 3706 3257 3761 cordatis
3309 3724 3528 3776 semper
3573 3709 3680 3763 visa

2118 3801 2244 3846 sunt
2293 3793 2408 3846 haec
2455 3804 2760 3849 commenta
2796 3814 2808 3847 :
2844 3797 3043 3850 fatetur
3067 3814 3130 3851 ea
3155 3815 3182 3851 a
3218 3814 3347 3853 vero
3392 3800 3681 3854 abhorrere

2118 3881 2337 3952 Trypho
2384 3881 2604 3939 Iudaeus
2653 3885 2892 3956 Dialog.,
2940 3904 2995 3941 n.
3031 3889 3115 3941 10.
3194 3908 3211 3939 t
3250 3890 3505 3961 Plerique
3535 3886 3688 3942 fidem

2116 3972 2303 4026 talium
2346 3982 2662 4043 temperant,
2688 3995 2707 4028 ι
2734 3978 2907 4046 inquit
2949 3978 3313 4035 Tertullianus
3370 3998 3386 4035 1
3423 3982 3494 4034 ad
3535 3977 3681 4039 Nat.,

2116 4077 2168 4116 c.
2199 4062 2253 4118 2.
2284 4062 2390 4117 Sed
2425 4073 2600 4118 tamen
2647 4067 2999 4135 jactationem
3055 4069 3361 4133 habebant,
3412 4070 3460 4124 si
3512 4067 3684 4121 minus

2115 4153 2303 4218 fidem;
2328 4163 2381 4208 et
2405 4156 2610 4209 centies
2636 4157 2865 4211 refutatu
2885 4160 3205 4227 exprobrari
3228 4176 3331 4213 non
3353 4160 3678 4216 desinebant.

2118 4242 2388 4313 Tempore
2440 4244 2717 4317 Origenis,
2754 4260 2811 4302 ut
2858 4260 3003 4317 patet
3053 4265 3120 4304 ex
3162 4251 3473 4305 testimonio
3519 4261 3677 4315 supra

2116 4337 2301 4402 allato,
2344 4356 2449 4393 non
2490 4341 2603 4409 jam
2645 4342 2860 4409 quidem
2898 4344 3158 4411 plurimos
3190 4352 3248 4397 ut
3275 4342 3425 4407 olim,
3468 4342 3559 4396 sed
3598 4349 3677 4393 ta-

2118 4446 2243 4484 men
2300 4432 2585 4486 nonnullos
2638 4434 2815 4487 adhuc
2863 4434 3241 4502 decipiebant;
3292 4449 3391 4488 nec
3441 4434 3679 4487 videntur

445 4526 579 4577 urbe
637 4535 794 4592 capta
849 4522 1198 4577 Christianos
1254 4524 1387 4578 diris
1425 4525 1694 4579 devovere
1726 4526 2011 4591 coeperint.
2046 4499 2089 4553 θ
2119 4524 2360 4587 omnino,
2400 4523 2445 4579 si
2504 4523 2784 4579 Lactantio
2818 4527 3115 4592 credimus,
3143 4526 3413 4580 oblivione
3446 4536 3497 4580 et
3523 4524 3678 4577 sileua

442 4614 646 4668 Deinde
677 4630 805 4667 vero
833 4630 957 4668 cum
985 4616 1133 4668 missi
1168 4600 1377 4668 fuerint
1404 4631 1430 4667 a
1465 4616 2025 4672 sacerdotibusllicro-

440 4707 821 4777 solymitauis,
880 4706 930 4759 id
991 4719 1311 4775 argumento
1369 4718 1451 4761 est
1510 4708 1744 4761 nondum
1796 4706 2012 4762 Judaeos

442 4798 731 4851 sacerdotii
767 4798 1109 4865 splendorem
1150 4807 1201 4850 et
1236 4799 1422 4850 urbem
1458 4798 1726 4850 amisisse.
1750 4798 2014 4853 Eusebius

444 4890 585 4941 idem
616 4889 826 4941 facinus
851 4889 1100 4940 attribuit
1131 4887 2043 4955 sacerdotibusllicrosolymitanis.

441 4978 814 5033 Tertullianus
840 4980 1000 5033 modo
1018 4979 1217 5032 citatus
1244 4979 1521 5047 infamiam
1545 4996 1575 5030 a
1606 4974 1815 5031 Judazis
1841 4990 2009 5031 ortam

442 5072 571 5123 dicit
607 5080 731 5124 ante
757 5083 969 5139 captam
1002 5067 1446 5137 Hierosolymam.

512 5160 641 5225 Qme
692 5175 721 5212 a
775 5158 2008 5227 sacerdotibusllierosolymitanisacceperant

444 5250 636 5313 Judaai,
663 5266 726 5303 ea
755 5265 1013 5317 spargere
1063 5249 1115 5301 in
1171 5264 1329 5300 omne
1356 5249 1647 5301 lmmanum
1676 5264 1848 5319 genus
1897 5265 2003 5304 non

443 5342 743 5404 desierunt,
788 5351 845 5393 ut
888 5351 1114 5394 testatur
1153 5338 1425 5403 Justinus;
1468 5354 1530 5392 ac
1564 5340 1840 5410 gentilium
1889 5342 2005 5394 ani-

444 5450 561 5487 mos
588 5434 670 5486 his
691 5434 753 5486 de
783 5434 1092 5487 Christiana
1131 5433 1391 5503 religione
1426 5436 1610 5501 pravis
1651 5435 2001 5503 opinionibus

437 5526 548 5595 jam
605 5524 803 5577 dudum
852 5536 977 5580 ante
1033 5536 1249 5581 exortos
1292 5527 1391 5579 sub
1440 5527 1682 5581 Adriano
1715 5529 2001 5583 haereticos

444 5628 971 5685 przeorcupaverant,
998 5628 1055 5670 ut
1100 5627 1247 5685 patet
1292 5634 1357 5673 ex
1392 5619 1715 5685 testimoniis
1757 5619 1917 5676 Plinii
1949 5632 2002 5678 et

519 5756 558 5789 ³⁹
586 5754 781 5810 Annal.
814 5754 905 5810 lib.
941 5770 1022 5810 xv.

2121 4616 2194 4669 tio
2242 4616 2453 4685 sepulta
2493 4615 2684 4684 fuisse,
2712 4618 2813 4673 nisi
2838 4628 3123 4687 postquam
3156 4620 3539 4674 Constantinus
3577 4618 3700 4685 im-I

2115 4708 2248 4774 perii
2308 4708 2670 4775 gubernacula
2733 4709 2928 4763 tenuit.
2966 4710 3058 4763 Sic
3104 4711 3251 4764 enim
3289 4711 3397 4777 ille,
3447 4711 3538 4764 lib.
3570 4722 3672 4765 vu.

2114 4814 2163 4853 c.
2196 4799 2265 4852 26
2305 4819 2316 4853 :
2355 4819 2371 4851 ι
2409 4801 2608 4854 Verum
2642 4800 2714 4854 illi
2746 4802 2886 4857 hanc
2941 4803 3366 4857 taciturnitatem
3414 4810 3667 4859 nostram,

2113 4888 2278 4943 veluti
2332 4891 2529 4944 malam
2576 4893 2995 4957 conscientiam.
3052 4895 3416 4949 criminantur
3472 4912 3484 4947 :
3538 4889 3672 4944 unde

2114 4981 2279 5034 etiam
2312 4984 2569 5052 quasdam
2605 4985 2968 5039 exsecrabilcs
2990 4986 3272 5053 opiniones
3300 4987 3366 5041 de
3392 4982 3595 5056 pudicis
3621 4989 3669 5032 et

2113 5074 2494 5131 innocentibus
2531 5076 2762 5148 lingunt,
2793 5087 2847 5132 et
2875 5078 3109 5134 libenter
3140 5079 3225 5135 bis
3249 5095 3371 5149 quae
3410 5080 3668 5133 ﬁnxerunt

2111 5166 2363 5221 credunt.
2416 5167 2520 5222 Sed
2574 5169 2755 5222 omnia
2810 5172 2942 5240 jam,
2973 5171 3318 5225 sanctissime
3362 5172 3665 5239 imperator,

2111 5260 2362 5329 ﬁgmenta
2423 5262 2600 5330 sopita
2648 5272 2798 5327 sunt,
2852 5278 2916 5315 ex
2949 5277 3056 5330 quo
3094 5272 3144 5315 te
3180 5262 3321 5317 Deus
3343 5272 3577 5317 summus
3604 5252 3665 5306 ad

2114 5352 2509 5407 restituendum
2557 5352 2784 5422 justitiae
2838 5354 3171 5408 domicilium
3234 5365 3289 5408 et
3340 5353 3406 5407 ad
3456 5349 3659 5405 tutelam

2109 5446 2323 5512 generis
2368 5447 2590 5500 humani
2632 5447 2913 5501 excitavit.
2948 5466 2966 5500 ι
3003 5445 3228 5501 Videtur
3270 5446 3530 5501 Eusebius
3553 5438 3661 5492 cxi-

2108 5537 2329 5592 stimare
2352 5539 2448 5592 has
2477 5537 2779 5594 calumnias
2809 5547 2933 5593 ante
2957 5537 3375 5592 Constantinum
3399 5532 3661 5592 exaruisse

2108 5630 2267 5701 idque
2288 5645 2379 5705 “ex
2425 5630 2510 5687 bis
2535 5629 2809 5712 colligitur
2847 5645 2963 5701 quae
2998 5629 3256 5699 leguntur
3296 5630 3387 5686 lib.
3422 5644 3490 5695 tv,
3513 5640 3563 5679 c.
3588 5622 3654 5673 7³
