3932 6258
167 352 249 420 ut
1224 358 1284 420 ι),
1322 345 1581 418 usum
1616 354 2007 415 PREFATIO.
2046 388 2115 397 —
2145 338 2328 409 Mus
2365 350 2452 408 ut.

3408 340 3511 398 153

174 502 188 531 ι
214 482 482 537 Exstiucta
536 493 639 538 est
667 526 683 545 ,
724 484 979 554 inquit,
1045 487 1303 554 temporis
1353 486 1506 553 lapsu
1564 481 1837 536 calumnia
1870 486 1916 539 Α
1946 480 2115 532 nium.
2146 476 2308 531 Solus
2353 475 2498 528 enim
2542 469 2784 525 Justinus
2810 465 3120 537 Apologiam
3151 461 3369 526 obtulit,
3394 476 3508 531 quae

175 574 263 633 illa,
303 589 417 640 qute
478 576 809 629 universa:
876 578 1159 646 religioni
1224 587 1421 633 nostra:
1493 576 1669 630 aliicta
1725 577 1837 627 fue-

180 679 329 721 1-21....
385 666 537 721 adeo
577 676 655 721 ut
699 671 948 725 exinde
977 686 1151 725 nemo
1182 672 1246 723 ad
1291 681 1473 723 nostra
1500 684 1667 736 usque
1704 682 1838 721 tem-

188 774 297 829 pora
342 774 512 811 ausus
571 761 657 812 sit
693 761 901 814 ullam
956 763 1212 815 infamiae
1253 762 1425 814 labem
1467 761 1588 813 fidei
1638 769 1838 813 nostra:

197 871 448 923 aspergere
473 857 580 925 (ὡς
624 858 873 927 μηδένα.
904 860 1030 914 τῶν
1061 865 1142 924 εἰς
1162 860 1255 913 νῦν
1292 860 1522 930 αἰσχρὰν
1560 860 1839 931 ἐπιφέρειν

394 950 543 1002 κατὰ
568 950 683 1018 τῆς
726 952 1010 1015 πίστεως
1073 952 1231 1023 ἡμῶν
1262 952 1589 1022 δυσφημίαν)
1615 964 1708 1006 aut
1744 954 1841 1006 ali-

217 1058 345 1111 quam
372 1042 665 1110 ejusmodi
695 1043 1082 1097 calumniam
1132 1044 1355 1108 inferre,
1377 1045 1589 1112 qualem
1626 1056 1841 1099 veteres

226 1136 284 1187 illi
307 1143 497 1188 nostra:
554 1134 878 1205 religionis
913 1137 1112 1190 hostes
1136 1134 1338 1203 jactare
1366 1146 1777 1191 consueverant.
1819 1155 1837 1187 ι

872 1246 1123 1302 CAPUT
1160 1245 1227 1300 V.

233 1337 488 1401 Quomodo
516 1345 569 1389 et
601 1354 720 1405 quo
772 1355 1041 1419 successu
1074 1339 1249 1405 prima
1288 1337 1548 1408 Apologia
1580 1336 1757 1392 oblata
1785 1346 1834 1391 et

650 1424 767 1474 quo
805 1419 1159 1474 potissimum
1190 1420 1442 1477 tempore.

239 1521 275 1569 Ι.
296 1524 503 1572 Justinus
528 1523 848 1584 Apologiam
877 1525 1014 1586 apud
1036 1524 1158 1573 Acta
1170 1526 1351 1587 deponi
1392 1526 1629 1587 postulat:
1651 1524 1852 1575 ILCon-

298 1601 463 1634 sensus
484 1588 638 1634 edicti
670 1588 1016 1647 imperatoris
1039 1600 1149 1634 eum
1174 1586 1265 1635 hac
1286 1586 1567 1649 Apelogia.
1612 1586 1698 1635 ΙΙΙ.
1730 1589 1851 1637 Vin—

298 1649 476 1697 dicatur
503 1651 774 1696 Antonino
800 1650 901 1695 hoc
930 1650 1211 1695 decretum.
1239 1648 1314 1696 IV.
1346 1648 1551 1697 Videtur
1593 1651 1719 1698 circa
1764 1662 1852 1698 an-

300 1724 408 1757 num
436 1711 521 1758 150
544 1714 765 1771 scripta.
791 1712 855 1757 γ.
872 1711 949 1758 De
978 1712 1191 1770 epistola
1218 1708 1279 1758 Μ.
1302 1711 1514 1759 Aurelii.

316 1816 351 1868 Ι.
404 1817 673 1886 Apologia
742 1816 1023 1886 prolixior
1076 1814 1445 1886 Justini,quai
1492 1817 1547 1871 in
1599 1818 1849 1871 omnibus
1881 1821 1968 1886 Βἶ

247 1908 596 1973 editionibus,
658 1920 901 1977 excepta
984 1911 1324 1972 Londinensi,
1376 1920 1496 1977 post
1540 1912 1841 1965 breviorem

248 2000 499 2062 volvitur,
528 2002 792 2053 omnium
826 2017 1098 2055 consensu
1131 2002 1299 2068 prima
1334 2002 1669 2071 agnoscitur.
1694 2002 1842 2055 Hanc

246 2090 511 2156 Justinus,
544 2101 610 2145 ut
677 2093 801 2161 ipse
856 2100 1094 2145 testatur
1141 2094 1192 2146 iu
1243 2093 1486 2162 Dialogo,
1524 2109 1579 2146 n.
1628 2095 1750 2157 1‘20,
1780 2095 1847 2149 ad

248 2182 378 2234 Acta
401 2182 628 2244 obtulit,
662 2196 731 2234 ac
782 2183 940 2248 petiit
969 2192 1030 2235 ut
1061 2184 1470 2237 commentariis
1499 2183 1729 2252 publicis
1761 2185 1848 2236 in-

250 2280 618 2335 scriberetur.
667 2281 768 2334 Ait
819 2281 967 2333 enim
1010 2297 1068 2334 se
1112 2282 1400 2353 ἐγγράφως
1437 2284 1639 2336 adiisse
1669 2282 1853 2337 Casa—

254 2386 391 2424 rem.
418 2372 586 2426 Vocis
619 2374 925 2443 ἐγγράφως
963 2374 1105 2426 hanc
1150 2374 1255 2425 vim
1298 2383 1351 2425 et
1380 2375 1705 2427 sententiam
1731 2389 1854 2429 esse

251 2462 585 2527 observavi;
620 2467 718 2517 sed
752 2474 1022 2530 prieterea
1046 2474 1105 2515 ut
1136 2465 1208 2516 ita
1234 2465 1634 2533 interpretarer
1667 2478 1856 2520 auctor

254 2550 383 2618 ipse
412 2551 670 2607 Justinus
711 2552 841 2617 fuit,
874 2554 964 2622 qui
1011 2556 1113 2607 hoc
1157 2553 1378 2619 factum,
1421 2565 1481 2609 ut
1538 2558 1700 2611 animi
1750 2574 1855 2612 non

259 2646 435 2700 timidi
461 2647 753 2715 specimen
789 2646 1041 2713 exhibet;
1082 2647 1223 2714 quod
1256 2648 1507 2702 nimirum
1532 2666 1692 2703 ausus
1717 2660 1861 2704 esset

256 2738 649 2792 Samaritanus
702 2740 757 2791 in
803 2741 1009 2807 scripto
1052 2739 1118 2793 ad
1162 2741 1293 2793 Acta
1329 2741 1509 2794 oblato
1544 2750 1599 2794 et
1646 2740 1859 2808 publice

256 2839 547 2884 assignato
575 2846 807 2889 summa:
833 2831 1148 2898 impietatis,
1182 2847 1287 2885 non
1317 2831 1607 2886 formidata
1648 2834 1858 2889 illorum

266 2920 575 2987 iracundia,
622 2936 909 2976 accusare.
942 2920 999 2973 In
1053 2922 1169 2989 ipsa
1213 2922 1500 2993 Apologia,
1528 2941 1584 2977 n.
1635 2925 1733 2988 26,
1767 2941 1861 2994 po-

267 3013 437 3065 smlat
485 3016 555 3067 ab
599 3016 940 3083 imperatore
971 3024 1029 3067 ut
1074 3024 1323 3069 senatum
1357 3018 1718 3086 populumque
1750 3017 1862 3070 lto-

272 3122 492 3159 manum
535 3106 700 3174 hujus
744 3106 910 3161 libelli
963 3106 1221 3175 supplicis
1262 3109 1566 3177 cognitores
1609 3111 1861 3165 asciscat.

268 3198 327 3249 ln
358 3200 609 3253 secunda
658 3198 946 3267 Apologia,
975 3208 1037 3251 ut
1082 3198 1223 3253 infra
1271 3200 1593 3265 videbimus,
1631 3204 1859 3270 primam

272 3299 330 3341 ut
368 3302 552 3343 notam
614 3299 673 3345 et
719 3291 937 3359 publice
987 3301 1320 3345 asservatam
1370 3293 1705 3363 citat;quod
1736 3298 1859 3365 qui-

271 3382 396 3435 dem
447 3392 771 3452 argumento
801 3394 885 3437 est
909 3381 1074 3450 justte
1132 3384 1374 3454 petitioni
1406 3386 1606 3440 nullam
1651 3404 1860 3443 moram

274 3476 525 3530 attulisse
553 3476 919 3533 Antoninum.

347 3573 482 3639 Qua:
510 3576 561 3627 in
595 3575 699 3627 hac
726 3574 985 3641 Apologia
1018 3573 1290 3643 leguntur,
1335 3588 1441 3627 non
1469 3574 1646 3629 minus
1667 3572 1865 3628 Justini

272 3666 649 3719 constantiam
680 3672 737 3717 et
762 3665 931 3717 animi
980 3665 1249 3719 charitate
1279 3665 1467 3719 fervidi
1495 3665 1864 3720 fortitudinem

274 3756 590 3819 declarant,
623 3772 791 3826 quam
850 3756 964 3825 ipsa
1017 3756 1276 3810 olTereudi
1311 3758 1471 3811 ratio.
1515 3758 1735 3812 Monere
1759 3774 1864 3811 non

274 3848 497 3901 dubitat
526 3849 921 3918 imperatorem
955 3848 1178 3917 ejusque
1212 3848 1359 3902 ﬁlios
1388 3866 1451 3903 ex
1476 3850 1700 3919 judicio,
1724 3850 1869 3921 quod

273 3940 349 3989 de
368 3939 703 3993 Christianis
726 3938 872 3992 lecta
897 3938 1001 3991 hac
1028 3939 1283 4007 Apologia
1310 3938 1503 4001 ferent,
1531 3950 1712 3993 utrum
1744 3956 1870 3995 vere

277 4032 356 4094 pii
380 4032 747 4099 etphilosOplti
778 4042 829 4084 et
851 4031 1075 4099 justitia:
1097 4033 1335 4083 custodes
1363 4042 1409 4084 et
1439 4036 1693 4087 doctrina:
1723 4052 1872 4088 anta-

281 4131 430 4175 tores
480 4124 617 4186 sint,
646 4124 979 4177 aestimatum
1029 4123 1117 4176 iri.
1152 4123 1411 4188 Quamvis
1437 4138 1543 4176 non
1593 4125 1872 4194 ignoraret

280 4228 453 4281 quam
497 4213 900 4267 immoderatus
926 4211 1121 4266 luisset
1150 4212 1455 4267 Antoninus
1484 4213 1537 4267 in
1575 4214 1711 4282 grati
1744 4228 1868 4279 erga

282 4306 597 4359 Adrianutn
658 4305 831 4359 animi
890 4304 1411 4373 significationibus;
1454 4304 1643 4372 objicit
1694 4315 1870 4361 tamen

286 4398 586 4465 gentilibus
618 4398 674 4452 id
698 4398 841 4467 quod
856 4398 1077 4450 Adriani
1109 4396 1310 4449 nomini
1332 4396 1716 4464 sempiternam
1737 4396 1874 4450 infa-

1937 572 2003 625 de
2032 570 2470 623 Christianorum
2506 564 2668 618 rebus
2709 561 3098 628 imperatorem
3136 557 3365 611 edocere
3392 571 3509 624 pos-

1938 671 2038 716 set.
2069 660 2318 713 Nonnulli
2353 658 2569 727 quidem
2601 669 2667 707 cx
2710 652 2835 705 Asia
2885 650 3077 703 fratres
3104 647 3357 717 querelas
3389 664 3513 702 suas

1940 754 2080 820 apud
2131 751 2463 804 Antoninum
2511 740 2918 805 detulerunt";
2978 743 3072 794 sed
3120 754 3187 792 ex
3252 738 3514 805 ejusmodi

1941 842 2180 911 querelis
2231 855 2339 893 non
2395 838 2607 890 videtur
2649 843 2795 886 tanta
2851 828 3136 899 religionis
3186 827 3515 881 Christianm

1947 935 2187 1005 cognitio
2222 930 2424 1002 percipi
2474 943 2653 997 posse,
2688 932 2891 995 quanta
2923 924 2974 975 in
3006 921 3207 975 litteris
3258 917 3517 974 Antonini

1944 1029 2139 1083 elucet.
2171 1027 2279 1080 Soli
2316 1024 2532 1077 Justino
2581 1027 2917 1074 reservatum
2954 1016 3053 1070 fuit
3100 1014 3355 1070 Ecclesire
3392 1029 3518 1067 cau-

1945 1132 2058 1173 sam
2105 1115 2449 1186 dogmatibus
2479 1122 2533 1166 et
2558 1110 2819 1166 institutis
2878 1114 3133 1162 accurate
3184 1103 3519 1173 exponendis

1947 1225 2129 1281 agere.
2188 1207 2497 1275 Quinetiam
2550 1212 2731 1257 tantus
2771 1209 2856 1255 est
2908 1198 3114 1253 decreti
3177 1194 3520 1265 imperatoris

1948 1318 2070 1357 cum
2124 1300 2321 1353 Justiul
2369 1296 2625 1365 Apologia
2658 1306 2981 1357 consensus,
3018 1298 3075 1343 ut
3105 1288 3156 1343 in
3196 1286 3520 1341 sententiam
3560 1336 3568 1349 ,

1951 1395 2009 1447 S.
2075 1392 2324 1462 martyris
2394 1396 2771 1443 constructum
2842 1384 3117 1436 videatur.
3172 1380 3523 1433 Demonstrat

1950 1484 2197 1539 Justinus
2248 1482 2435 1535 atheos
2496 1495 2601 1531 non
2649 1492 2772 1530 esse
2818 1475 3189 1538 Christianos,
3221 1483 3321 1523 nec
3353 1467 3521 1521 ullum

1954 1576 2232 1632 hominum
2302 1587 2471 1641 genus
2534 1570 2601 1622 ab
2643 1568 2766 1621 aliis
2820 1565 3163 1628 criminibus,
3216 1575 3337 1630 qua;
3393 1557 3524 1623 ipsis

1954 1666 2377 1734 allingebantur,
2410 1660 2581 1729 magis
2608 1673 2729 1712 esse
2757 1657 3015 1709 alienum.
3044 1654 3136 1707 Sic
3160 1653 3322 1706 etiam
3355 1650 3527 1718 impe—

1955 1768 2109 1810 rator
2133 1754 2184 1808 in
2215 1753 2410 1807 litteris
2443 1752 2509 1805 ad
2536 1761 2825 1804 commune
2850 1748 2996 1799 Asiae
3017 1745 3159 1798 datis
3187 1741 3527 1797 Christianos

1957 1849 2234 1904 immerito
2264 1846 2460 1899 atbeos
2502 1842 2679 1897 vocari
2713 1839 3046 1909 pronuntiat,
3082 1845 3138 1890 et
3175 1835 3298 1888 aliis
3339 1832 3525 1888 crimi-

1946 1942 2131 2002 nibus,
2159 1954 2277 2006 qua'
2315 1936 2535 2005 probari
2593 1950 2697 1987 non
2749 1939 3005 1998 possunt,
3040 1930 3090 1983 in
3127 1927 3385 1982 invidiam
3438 1923 3529 1978 ad-

1952 2032 2097 2085 duci.
2131 2031 2261 2084 Orat
2314 2027 2560 2082 Justinus
2594 2036 2647 2079 ut
2691 2027 2742 2077 in
2776 2023 3121 2077 Christianos
3152 2024 3338 2075 eadem
3379 2017 3527 2087 judi-

1948 2123 2153 2176 ciorum
2209 2120 2381 2175 forma
2443 2135 2507 2173 ac
2550 2119 2603 2171 in
2650 2118 2783 2169 alios
2827 2115 3075 2168 homines
3124 2119 3395 2168 servetur.
3438 2110 3529 2165 Sic

1951 2215 2114 2268 etiam
2166 2212 2470 2265 Antoninus
2508 2210 2701 2263 statuit
2766 2206 2897 2259 nihil
2942 2205 3137 2275 negotii
3180 2204 3529 2257 exhibendum

1952 2324 2061 2360 esse
2100 2306 2294 2359 talibus
2321 2304 2639 2366 hominibus,
2667 2302 2769 2354 nisi
2805 2300 2932 2367 quid
2967 2298 3218 2351 adversus
3244 2297 3530 2366 imperium

1955 2397 2253 2449 Romanum
2276 2394 2449 2461 moliri
2486 2391 2967 2461 deprehendantur.
2997 2388 3337 2457 Apposuerat
3360 2385 3533 2441 Justi-

1960 2503 2064 2541 nus
2095 2488 2361 2555 Apologia:
2407 2501 2517 2540 suae
2545 2484 2828 2553 epistolam
2857 2482 3080 2536 Adriani
3117 2483 3185 2534 ad
3232 2480 3529 2535 Minucium

1964 2578 2291 2631 Fundanum
2328 2595 2339 2629 :
2379 2576 2686 2629 Antoninus
2729 2574 3008 2627 decretum
3035 2570 3261 2625 Adriani
3290 2585 3533 2625 comme-

1972 2678 2176 2731 mOral,
2234 2682 2399 2735 seque
2459 2666 2603 2719 illius
2666 2664 2894 2733 vestigia
2957 2677 3204 2730 premere
3242 2661 3532 2731 gloriatur.

1974 2761 2222 2817 Declarat
2242 2759 2487 2813 Justinus
2506 2760 2548 2789 δ¹
2570 2757 2909 2812 Christianos
2925 2755 3097 2811 occidi
3117 2756 3332 2823 quidem
3352 2768 3533 2823 posse,

1967 2853 2086 2908 ltedi
2140 2868 2269 2906 vero
2318 2865 2691 2920 nequaquam;
2755 2846 2993 2917 optabile
3046 2847 3191 2900 enim
3251 2845 3357 2900 illis
3417 2860 3539 2901 esse

1966 2951 2193 2997 mortem
2241 2952 2592 3013 oppetere,ut
2613 2956 2675 2996 ea
2708 2957 2828 3011 qua:
2860 2951 3079 3010 sperant
3114 2950 3535 3007 consequantur.

1964 3034 2107 3088 Idem
2138 3033 2242 3087 illis
2267 3032 2632 3087 testimonium
2675 3033 2865 3085 tribuit
2902 3031 3231 3085 Antoninus.
3283 3030 3402 3084 Non
3436 3044 3536 3097 po-

1966 3124 2132 3178 stulat
2179 3120 2511 3187 Justinus“,
2540 3130 2599 3175 ut
2645 3119 2911 3175 delatores
2945 3120 3379 3175 Christianorum
3428 3135 3532 3188 pu-

1966 3217 2305 3285 niantur,vel
2336 3216 2516 3284 potius
2547 3230 2762 3285 poenam
2792 3214 2898 3268 illis
2923 3214 3320 3285 quodammodo
3351 3213 3540 3281 depre-

1965 3319 2139 3364 catur.
2178 3310 2249 3363 At
2284 3309 2598 3376 imperator,
2630 3304 2756 3359 dum
2801 3320 2896 3358 eos
2944 3303 3123 3372 puniri
3167 3301 3342 3370 jubet,
3368 3302 3540 3370 magis

1966 3402 2204 3462 videtur,
2238 3398 2419 3452 itidem
2452 3405 2512 3449 ut
2544 3395 2837 3459 Adrianus,
2868 3393 3245 3449 considerasse
3281 3394 3422 3459 quod
3451 3391 3541 3460 ju-

1967 3494 2113 3547 stitia
2164 3491 2218 3544 in
2263 3488 2508 3542 homines
2563 3485 2802 3540 nefarios
2854 3484 3072 3539 decerni
3128 3483 3336 3553 jubeat,
3371 3497 3536 3551 quam

1966 3584 2100 3655 quid
2137 3580 2437 3637 Christiani
2488 3577 2723 3632 inimicis
2772 3577 2887 3631 suis
2914 3583 3165 3646 peterent
3211 3572 3537 3629 condonari.

1968 3676 2121 3743 Quod
2155 3684 2336 3727 autem
2368 3673 2444 3725 ait
2470 3670 2699 3741 gentiles
2725 3668 2821 3722 Dei
2851 3668 3061 3722 colendi
3094 3667 3352 3719 rationem
3388 3667 3541 3736 igno-

1972 3784 2112 3830 rare,
2172 3774 2221 3819 et
2262 3765 2464 3817 idcirco
2495 3765 2582 3828 iis,
2608 3764 2700 3829 qui
2738 3762 2889 3817 illum
2912 3760 3110 3822 colunt,
3134 3759 3362 3812 invidere
3395 3768 3442 3811 et
3470 3758 3541 3809 ad

1968 3864 2183 3910 mortem
2212 3870 2373 3923 usque
2396 3855 2639 3906 insectari
2678 3892 2694 3917 ,
2725 3852 2880 3905 facile
2896 3860 2973 3905 est
3000 3865 3163 3920 quam
3182 3857 3540 3903 consentanea

1971 3948 2085 4001 hate
2108 3948 2215 3999 sint
2241 3945 2437 3999 Justini
2465 3944 2732 4014 Apologia:
2764 3943 3215 3997 animadvertere.
3241 3939 3364 3994 Htec
3399 3939 3543 3993 enim

1982 4039 2129 4092 illius
2161 4052 2338 4105 operte
2367 4051 2471 4090 non
2506 4035 2731 4088 minima
2766 4049 2889 4103 pars
2910 4033 3138 4098 exstitit,
3172 4040 3232 4085 ut
3258 4031 3529 4086 Christia-

1974 4147 2072 4185 nos
2109 4132 2177 4183 ob
2206 4131 2316 4182 veri
2356 4129 2447 4181 Dci
2477 4127 2703 4189 cultum,
2725 4128 3026 4180 dtemonum
3053 4122 3543 4189 machinatione,in

1978 4223 2239 4275 invidiam
2277 4221 2461 4274 vocari
2495 4221 2919 4273 demonstraret.
2954 4216 3077 4271 Vid.
3111 4231 3167 4269 n.
3202 4215 3270 4269 12
3298 4214 3463 4270 €146.

2049 4311 2223 4367 Unum
2258 4321 2340 4366 est
2379 4312 2430 4365 in
2460 4312 2655 4365 litteris
2682 4309 3046 4377 imperatoris,
3076 4309 3143 4362 de
3172 4322 3278 4377 quo
3309 4322 3413 4362 non
3456 4308 3540 4360 vi-

1978 4406 2172 4460 deatur
2204 4404 2384 4473 egisse
2418 4401 2697 4467 Justinus,
2726 4400 2980 4453 nimirum
3012 4406 3375 4460 terraemotus,
3407 4412 3547 4466 quo-

285 4493 458 4545 miam
494 4491 734 4555 inussit,
765 4489 988 4543 Antinoi
1036 4491 1176 4543 inter
1214 4490 1343 4543 deos
1379 4493 1870 4545 consecrationem.
1909 4534 1948 4586 Β
1980 4515 2097 4551 rum
2149 4512 2366 4551 causam
2417 4497 2736 4565 repetebam
2777 4492 3008 4562 gentiles
3051 4505 3119 4545 ex
3149 4498 3463 4558 contempto
3516 4505 3548 4542 α

290 4582 405 4635 Sed
435 4600 541 4638 non
575 4585 622 4636 is
649 4581 1114 4645 eratAutoninus,
1142 4596 1300 4649 quem
1356 4580 1616 4651 ejusmodi
1649 4580 1871 4634 libertas

292 4676 622 4729 oﬂ'enderel.
651 4675 795 4740 Quin
817 4675 1013 4741 potius,
1047 4684 1105 4725 ut
1128 4673 1195 4726 de
1225 4673 1545 4727 Christianis
1570 4688 1717 4742 aequa
1748 4687 1874 4726 sen-

300 4774 447 4835 tiret,
492 4790 557 4827 ac
610 4788 803 4826 eorum
844 4772 1097 4840 pietatem
1131 4772 1325 4826 debitis
1352 4772 1600 4825 laudibus
1630 4780 1873 4834 ornaret,

300 4865 591 4918 adduxisse
614 4880 741 4918 eum
776 4864 1045 4927 videntur,
1072 4864 1300 4915 eximius
1330 4863 1493 4916 animi
1526 4863 1750 4927 candor,
1780 4864 1871 4932 qui

306 4957 357 5007 in
384 4968 493 5011 toto
522 4958 703 5011 elucet
731 4972 912 5024 opere,
939 4972 1006 5011 ae
1034 4962 1343 5023 dogmatum
1366 4952 1691 5008 Christiana
1744 4956 1875 5008 reli—

307 5050 508 5113 gionis,
556 5059 953 5118 praeceptorum
994 5046 1238 5109 Christi,
1296 5046 1701 5114 prophetiarum
1744 5060 1879 5113 quas

308 5152 524 5193 eventus
545 5140 993 5203 coollrmarerat,
1025 5139 1279 5189 virtutum
1305 5152 1439 5204 quas
1459 5134 1757 5189 Christiani
1782 5151 1878 5189 co-

311 5231 500 5296 kbant,
532 5233 730 5287 rituum
743 5228 1519 5303 deniqueetcmremoniarum,
1540 5243 1673 5295 quas
1693 5228 1744 5280 in
1766 5241 1882 5297 my-

310 5326 474 5379 steriis
484 5328 593 5381 suis
604 5329 835 5383 observa
847 5324 1229 5388 bant,siucera
1244 5331 1295 5374 et
1314 5335 1442 5374 accu
1452 5337 1506 5372 ra
1518 5330 1565 5372 la
1588 5334 1650 5372 ex
1660 5320 1878 5387 positio.

364 5422 419 5475 ll.
442 5422 690 5477 Testatur
717 5422 984 5475 Zonaras
1010 5416 1159 5467 hunc
1178 5412 1445 5481 Apoloyiw
1468 5411 1523 5465 S.
1544 5410 1737 5465 Justiui
1761 5410 1875 5463 fru-

295 5528 419 5573 ctum
448 5518 635 5583 fuisse,
666 5528 728 5570 ut
759 5505 1231 5584 persecutionem
1276 5503 1581 5556 Antoninus
1626 5500 1868 5568 compri-

276 5628 440 5673 ωειρι,
484 5615 755 5672 pluribus
817 5605 999 5661 rebus
1053 5595 1412 5652 confirmatur
1477 5595 1578 5648 hoc
1630 5593 1873 5646 testimo-

242 5805 425 5863 “Viue
446 5806 666 5859 Anton.
710 5807 771 5862 p.
804 5780 950 5839 206.
1040 5778 1081 5803 δ’
1130 5771 1193 5825 Ν.
1236 5769 1290 5839 εὶ,

1351 5780 1399 5841 9,
1470 5768 1553 5833 ll,
1594 5766 1798 5835 12,17.
1865 5765 1907 5798 δ’
1936 5764 2003 5821 Ν.
2042 5764 2097 5818 7.

1977 4592 2304 4646 Christianis
2334 4591 2556 4643 deorum
2596 4586 2764 4642 cultu.
2800 4586 2906 4640 Sed
2948 4600 3072 4640 cum
3120 4584 3236 4637 brec
3282 4581 3552 4637 scriberet

1978 4684 2248 4749 Justinus,
2283 4684 2520 4737 nondum
2556 4680 2813 4734 videntur
2857 4680 2939 4733 hae
2970 4676 3311 4733 calamitates
3344 4685 3552 4728 exortae

1984 4777 2167 4827 fuisse.

2059 4867 2142 4918 lll.
2197 4864 2311 4917 Non
2360 4862 2807 4917 dissimulandum
2858 4869 2942 4914 est
2990 4859 3091 4912 has
3142 4858 3210 4911 ad
3260 4870 3553 4910 commune

1983 4956 2128 5009 Asiae
2158 4955 2369 5008 litteras
2399 4954 2566 5006 videri
2600 4953 2846 5021 pluribus
2875 4949 3103 5003 eruditis
3148 4946 3512 5016 scriptoribus
3533 4988 3549 5012 ,
3576 4988 3583 4998 .

1985 5058 2045 5098 ut
2075 5043 2380 5113 Scaligero,
2423 5041 2659 5105 Valesio,
2684 5040 2888 5095 Grabio
2911 5049 2965 5093 et
2990 5037 3136 5101 aliis,
3166 5052 3271 5090 non
3295 5035 3552 5089 Antonini

1988 5153 2125 5199 esse,
2177 5137 2270 5191 sed
2301 5134 2472 5189 Marci
2523 5132 2755 5187 Aurelii.
2791 5132 2899 5187 Sed
2945 5145 3135 5184 eorum
3176 5127 3555 5197 improbabilis

1987 5243 2215 5299 prorsus
2246 5228 2448 5296 opinio.
2483 5225 2617 5280 Nam
2648 5236 2707 5279 ut
2736 5222 3088 5287 Tillemontii,
3124 5221 3220 5291 qui
3261 5237 3355 5275 eas
3386 5224 3558 5274 Anto-

1991 5317 2119 5369 nino
2150 5316 2408 5373 vindicat.
2439 5313 2707 5368 rationum
2732 5319 3005 5366 momenta
3034 5309 3272 5365 breviter
3296 5309 3552 5365 referam.

1987 5408 2040 5463 1ο
2064 5406 2278 5462 Eusebii
2305 5407 2604 5461 auctoritas
2629 5405 2704 5469 ",
2727 5404 2820 5473 qui
2870 5418 2964 5459 eas
3002 5402 3275 5457 Antonino
3323 5402 3554 5470 tribuit,

1981 5497 2201 5553 maximi
2245 5496 2406 5552 debet
2437 5512 2559 5551 esse
2590 5494 2870 5566 ponderis.
2894 5495 2953 5549 2ο
2986 5493 3098 5549 Soli
3130 5492 3409 5549 Antonino
3433 5508 3558 5547 coo-

1984 5594 2237 5657 veniunt,
2268 5591 2362 5659 qui
2394 5590 2693 5644 Adrianunt
2739 5589 2886 5648 solus
2927 5587 3202 5660 appellare
3246 5587 3422 5658 potuit
3460 5602 3559 5656 pa-

2186 5763 2229 5794 “
2273 5760 2410 5817 Hist.
2448 5776 2521 5830 tv,
2558 5760 2650 5815 ‘26.
