3932 6258
450 370 571 427 155.

1332 362 1387 417 S.
1423 308 1758 417 JOUSTINUS
1796 352 2281 417 PHILOSOPHUS
2324 360 2410 415 ET
2463 359 2775 415 MARTYR.

3674 352 3779 406 156

458 500 668 546 rentem
704 503 887 552 suum,
938 503 1003 543 ac
1047 486 1197 542 solus
1241 496 1365 557 post
1403 488 1702 540 Adrianum
1742 486 1832 539 illa
1868 494 2033 539 aetate
2061 500 2109 555 Α
2137 486 2229 539 nio
2258 495 2312 541 et
2344 485 2513 538 Sexto
2545 486 2784 538 deditum
2814 482 2988 537 fuisse
3024 491 3251 537 testatur
3278 481 3490 537 Julius
3530 480 3775 551 Capito-

453 584 586 636 favit
614 582 963 636 Christianis.
998 580 1152 634 IIunc
1182 580 1327 633 enim
1357 589 1574 633 constat
1602 593 1663 631 ea
1698 579 1765 632 ad
1799 580 2035 632 civitates

450 694 513 729 ac
541 678 854 729 nominatim
884 676 952 727 ad
983 672 1293 733 Larisaeos,
1323 674 1390 726 ad
1425 672 1939 735 Thessalonicenses,
1966 674 2035 724 ad

450 772 814 833 Athenienses,
844 769 913 821 ad
940 770 1209 822 universos
1233 766 1452 835 denique
1483 764 1695 818 θνητος
1723 766 2031 834 scripsisse,

452 878 572 931 quae
607 863 658 915 in
692 862 890 915 litteris
924 862 991 914 ad
1022 876 1313 915 commune
1342 859 1484 912 Asite
1520 858 1795 927 leguntur,
1840 874 2035 926 nempe

454 969 517 1005 ne
561 954 687 1022 quid
735 953 851 1006 novi
893 954 1142 1005 adversus
1191 950 1523 1004 Christianos
1578 949 1912 1002 molirentur.
1966 951 2037 1001 At

453 1042 669 1095 Marcus
702 1056 920 1110 semper
947 1041 1284 1095 Christianis
1316 1040 1537 1107 iniquus
1569 1040 1690 1093 fuit.

522 1135 748 1203 Legitur
777 1137 999 1204 quidem
1046 1137 1098 1189 in
1149 1135 1307 1189 titulo
1341 1136 1587 1204 epistolae
1632 1136 1699 1189 ad
1742 1149 2035 1189 commune

450 1228 593 1280 Asia:
624 1227 850 1298 Μάρκος
878 1225 1169 1296 Αὐρήλιος,
1186 1227 1278 1278 sed
1312 1240 1495 1279 naevus
1520 1234 1625 1287 est,
1658 1225 1921 1293 antiquus
1946 1224 2035 1277 ille

451 1318 695 1385 quidem,
719 1334 841 1371 cum
868 1320 947 1372 sic
972 1320 1171 1372 haheat
1198 1315 1465 1379 Buﬂinus,
1495 1319 1587 1372 sed
1616 1326 1795 1370 tamen
1826 1333 2032 1383 nievus;

452 1408 763 1476 υνθΑἴλιος,
809 1421 865 1461 ιιι
896 1411 1036 1478 apud
1063 1408 1360 1464 Iustinum.
1390 1409 1636 1463 Proclive
1658 1408 1764 1461 fuit
1792 1410 2033 1465 librariis

451 1500 504 1553 in
540 1502 768 1555 vocibus
794 1504 931 1555 adeo
961 1503 1234 1556 similibus
1256 1516 1464 1555 errare.

520 1590 745 1645 Frustra
799 1593 1057 1661 objicitnr
1100 1593 1382 1647 silentium
1428 1592 1723 1647 Melitonis.
1762 1592 1812 1646 Is
1850 1595 2032 1655 enim,

451 1682 552 1735 etsi
604 1682 748 1737 inter
797 1685 1062 1751 epistolas
1116 1685 1185 1738 ab
1233 1686 1510 1739 Antonino
1557 1701 1655 1755 pro
1700 1686 2032 1741 Christianis

452 1773 718 1843 scriptas,
769 1791 875 1827 non
922 1791 1015 1829 eas
1067 1777 1391 1830 nominatim
1452 1787 1737 1843 recenset,
1796 1794 1917 1846 quae
1964 1779 2034 1832 ad

2141 579 2303 631 linus.
2334 578 2468 631 Illud
2495 588 2704 641 autem,
2735 578 2941 647 ἐραστῇ
2973 576 3242 642 παιδείας,
3270 575 3573 630 doctrina:
3618 592 3775 628 ama-

2140 672 2263 732 tori,
2291 670 2433 738 quod
2464 685 2585 723 cum
2620 669 2933 738 philosophi
2978 669 3133 723 titulo
3160 683 3500 737 congruere
3532 680 3773 736 negant,

2139 764 2272 817 satis
2317 778 2622 832 congruere
2670 764 3091 817 observavimus
3143 764 3193 815 in
3243 762 3653 817 adnatatione
3710 764 3779 817 ad

2107 854 2288 911 .hunc
2346 854 2561 921 locum;
2622 864 2788 923 atque
2842 854 3060 908 etiamsi
3116 856 3519 909 eruditionem
3583 856 3775 924 potius

2138 960 2303 1013 quam
2333 945 2729 1014 philosOphiam
2798 946 3142 1013 designaret;
3184 962 3376 1001 annon
3417 947 3621 1016 potuit
3650 946 3777 1000 Jus-

2139 1036 2286 1091 tinus
2318 1046 2607 1105 utramque
2639 1036 2850 1091 laudem
2878 1036 3047 1091 Lucio
3074 1037 3335 1091 deferre?
3552 1038 3555 1041 ⁷

2208 1130 2407 1183 Natum
2463 1131 2749 1184 Dominum
2796 1131 2930 1184 dicit
2982 1129 3231 1185 Justinus
3263 1131 3307 1162 ’⁸⁸
3379 1140 3529 1185 ante
3589 1146 3771 1188 annos

2140 1223 2265 1288 150,
2297 1226 2383 1277 cui
2416 1225 2636 1293 quidem
2666 1224 2872 1279 calculo
2920 1224 3127 1292 aliquid
3173 1224 3373 1279 deesse
3421 1235 3527 1279 aut
3564 1240 3764 1294 super-

2138 1332 2259 1372 esse
2290 1316 2499 1385 potest,’
2527 1330 2633 1369 non
2680 1316 2752 1368 ita
2788 1326 2967 1368 tamen
3001 1324 3059 1367 ut
3089 1316 3347 1368 undecim
3404 1326 3516 1369 aut
3548 1318 3766 1371 duode-

2137 1408 2242 1460 cim
2283 1407 2443 1459 annis
2477 1407 2794 1460 decurtatus
2825 1408 2931 1470 sit;
2984 1420 3089 1459 non
3135 1408 3280 1461 enim
3339 1407 3530 1475 hujus
3586 1412 3760 1462 errati

2138 1506 2349 1567 turpem
2386 1508 2569 1551 notam
2608 1497 2875 1568 effugeret
2904 1496 3177 1563 Justinus,
3232 1499 3279 1553 si
3333 1514 3439 1551 an.
3502 1499 3615 1553 153
3668 1509 3763 1553 aut

2138 1592 2240 1646 159
2269 1590 2601 1659 scripsisset.

2206 1684 2413 1750 Quibus
2460 1682 2800 1751 argumentis
2845 1682 3087 1736 ostendit
3118 1682 3532 1739 Tillemontius
3578 1685 3760 1739 haere-

2137 1778 2237 1831 sim
2270 1776 2566 1831 Marcionis
2594 1776 2759 1829 citius
2792 1790 2883 1829 an.
2922 1775 3026 1827 142
3048 1778 3269 1844 prodire
3304 1794 3424 1831 non
3476 1780 3757 1847 potuisse,

450 1880 739 1920 commune
770 1867 912 1922 Asia}
946 1869 1085 1921 (Ialm
1124 1881 1275 1935 sunt,
1303 1872 1369 1923 ab
1400 1871 1631 1926 Eusebio
1662 1881 1846 1927 tamen
1880 1874 2035 1929 testis
2066 1860 2110 1918 Β
2140 1867 2327 1920 iisdem
2380 1876 2638 1919 constare
2694 1866 2856 1919 debet
2893 1867 3165 1936 Apologia:
3213 1868 3431 1923 Justini
3503 1879 3753 1939 tempus.

450 1956 649 2008 citatur
679 1959 871 2010 harttm
903 1959 1165 2013 Antonini
1196 1960 1523 2015 litterarum.
1564 1963 1863 2030 Postquam
1885 1966 2030 2018 enim

450 2048 547 2100 has
598 2048 806 2101 litteras
840 2053 1125 2119 apposuit,
1163 2053 1349 2107 statim
1398 2054 1659 2108 addit“:
1701 2074 1719 2105 ι
1781 2055 1905 2110 Ηιιξς
1958 2056 2029 2109 ita

450 2152 601 2208 gesta
634 2156 756 2196 esse
784 2141 965 2197 Melito
996 2144 1290 2199 Sardensis
1316 2145 1577 2200 Ecclesia:
1599 2148 1908 2217 episc0pus,
1935 2150 2027 2217 qui

452 2230 646 2284 iisdem
694 2234 1032 2299 temporibus
1082 2234 1297 2301 floruit,
1354 2238 1638 2307 perspicue
1694 2247 1928 2292 testatur
1972 2241 2024 2292 in

450 2322 793 2391 Apotoyelico
834 2325 928 2379 illo
960 2325 1119 2397 longe
1151 2327 1463 2395 utilissimo,
1493 2346 1653 2398 quem
1701 2334 1767 2385 ad
1797 2333 2030 2402 impera-

452 2423 626 2467 torem
663 2414 866 2469 V'erum
920 2434 1018 2485 pro
1067 2428 1255 2473 nostra
1309 2422 1569 2489 religione
1614 2426 1965 2494 conscripsit.
2006 2446 2024 2477 ι

448 2506 733 2572 Quomodo
767 2509 819 2561 id
855 2511 1093 2564 tacuisse
1123 2512 1325 2565 dicitur
1355 2513 1560 2577 Mclito,
1588 2518 1731 2583 quod
1758 2532 1881 2569 enm
1909 2533 2031 2587 per-

450 2599 635 2665 Spicue
668 2609 924 2654 testatum
959 2617 1081 2656 esse
1111 2616 1393 2659 asseverat
1439 2606 1743 2662 Eusebius?
1777 2610 1869 2663 Vel
1899 2627 2030 2680 ergo

450 2691 598 2745 illam
652 2693 719 2746 ad
772 2709 1062 2747 commune
1110 2696 1255 2749 Asia:
1304 2698 1589 2765 epistolam
1628 2701 1750 2754 aliis
1798 2701 1852 2754 in
1899 2704 2033 2759 locis

448 2788 907 2839 commemoravit
938 2786 1146 2853 Melito,
1176 2791 1288 2854 Vel,
1322 2794 1467 2858 quod
1508 2792 1713 2858 malint,
1748 2795 1895 2848 i!lam
1928 2798 2034 2850 Eu-

448 2877 634 2929 sebius
683 2878 773 2939 iis,
805 2894 927 2946 quae
960 2882 1028 2934 ad
1074 2881 1331 2935 civitates
1359 2890 1414 2935 et
1448 2884 1515 2937 ad
1564 2886 1853 2940 universos
1880 2885 2032 2940 Grae-

450 2982 545 3021 cos
589 2968 771 3023 missae
799 2969 1035 3035 fuerant,
1072 2975 1374 3041 generatim
1418 2977 1808 3043 comprehendi
1839 2978 2034 3032 existi-

450 3060 643 3124 mavit,
677 3063 877 3131 quippe
911 3078 1035 3117 cum
1084 3068 1136 3116 in
1179 3067 1427 3118 eamdem
1477 3082 1664 3122 omnes
1701 3070 2032 3121 sententiam

450 3152 668 3218 scripta:
722 3152 948 3218 fuerint,
1000 3168 1102 3208 nec
1150 3155 1217 3209 ad
1269 3156 1418 3209 aliud
1469 3166 1682 3226 tempus
1729 3169 1821 3210 aut
1863 3159 2031 3212 alium

449 3254 705 3297 eventum
759 3260 846 3311 ea,
889 3260 1011 3314 qua:
1055 3257 1139 3301 est
1182 3248 1248 3301 ad
1284 3264 1575 3303 commune
1621 3251 1792 3316 ASILE,
1840 3251 2034 3306 referri

448 3337 645 3403 passit.

520 3424 611 3482 IV.
636 3426 755 3491 Quo
786 3435 968 3480 autem
1006 3442 1153 3483 anno
1192 3430 1397 3498 scripta
1432 3432 1504 3485 sit
1533 3430 1797 3503 Apologia
1830 3433 2031 3489 Justini

448 3530 557 3569 non
588 3532 695 3569 una
730 3518 1067 3572 eruditorum
1098 3521 1284 3587 opinio
1311 3533 1414 3576 est.
1450 3524 1721 3595 Scriptam
1756 3543 1899 3582 anno
1932 3529 2035 3583 I38

449 3608 772 3660 existimant
800 3610 1104 3665 Dodwellus
1123 3622 1179 3666 et
1207 3615 1436 3683 Pagius;
1471 3618 1730 3673 Petavius
1756 3632 1882 3677 ante
1916 3626 2034 3678 exi-

450 3707 563 3749 tum
598 3698 723 3749 anni
762 3700 894 3765 LS9;
955 3702 1044 3756 alii
1080 3720 1225 3757 anno
1272 3707 1410 3773 I45;
1478 3708 1855 3769 Tillentontius
1885 3717 2029 3771 circa

448 3802 653 3839 annum
684 3789 805 3842 150.

518 3880 653 3942 Quae
678 3880 745 3933 de
772 3880 1152 3939 Cohortatione
1195 3885 1393 3942 Justini
1429 3890 1671 3950 diximus
1694 3910 1898 3952 annum
1927 3900 2031 3956 159

448 3974 675 4025 omnino
708 3972 932 4042 rejicere
966 3989 1185 4047 cogunt.
1226 3980 1657 4039 Cohortationem
1701 3990 1879 4055 enim,
1911 4008 2031 4061 quae

448 4064 614 4117 scribi
648 4080 754 4119 non
789 4071 966 4136 potuit
1011 4072 1114 4125 nisi
1156 4087 1279 4141 post
1312 4092 1403 4131 an.
1433 4079 1558 4145 140,
1586 4082 1754 4137 multa
1782 4086 1885 4139 alia
1916 4105 2031 4143 ma-

449 4154 538 4222 gni
574 4159 831 4210 momenti
861 4173 1027 4225 opera
1064 4164 1357 4218 subsecuta
1394 4178 1546 4234 sunt,
1610 4180 1905 4241 antequam
1933 4175 2030 4231 Ju-

448 4246 629 4300 stinus
656 4247 964 4317 Apologiam
998 4256 1229 4321 primam
1258 4258 1541 4315 scriberet.
1578 4262 1833 4321 Petavius
1853 4278 1908 4321 et
1936 4270 2027 4337 qui

449 4340 499 4391 ei
544 4342 935 4409 astipulantur,
981 4347 1163 4401 minus
1212 4352 1586 4421 attenderunt,
1620 4371 1783 4423 quam
1824 4359 2027 4413 incom-

448 4434 609 4487 mode
650 4433 850 4491 Lucius
896 4439 1092 4505 Verus,
1128 4444 1217 4509 qui
1270 4458 1409 4499 anno
1451 4446 1553 4500 159
1595 4464 1731 4517 puer
1776 4454 2026 4507 octennis

449 4536 594 4591 erat,
626 4544 654 4581 a
680 4525 902 4585 Justino
929 4534 1287 4603 philosOphus
1310 4546 1365 4591 et
1393 4541 1655 4597 doctrinae
1686 4555 1904 4599 amator
1927 4563 2023 4602 vo-
2060 4568 2105 4624 ι)

448 4627 628 4672 cetur.
669 4620 761 4673 Sic
788 4622 933 4676 enim
970 4624 1022 4678 in
1052 4627 1413 4697 inscriptione
1446 4633 1645 4703 legitur
1673 4650 1687 4687 :
1717 4635 1883 4691 Lucio
1913 4641 2027 4708 phi-

448 4707 690 4777 losopho,
730 4711 959 4768 Ca'saris
1005 4728 1195 4771 natura
1234 4720 1373 4787 ﬁlio,
1406 4722 1494 4777 Pii
1527 4735 1703 4779 autem
1747 4707 2027 4799 adoptivo,

446 4801 709 4855 doctrina:
736 4809 987 4860 amatori.
1024 4808 1253 4864 Frustra
1284 4812 1553 4881 objiciunt
1589 4818 1877 4889 legendum
1910 4840 2031 4881 esse

448 4892 739 4964 φιλοσόφου
772 4914 875 4951 non
903 4899 1198 4973 φιλοσόφῳ,
1233 4904 1305 4958 ita
1336 4917 1395 4959 ut
1426 4923 1532 4962 non
1560 4909 1765 4968 Lucius
1792 4916 2031 4983 philoso-

446 4990 588 5053 phus
610 4990 846 5057 dicatur,
863 4994 958 5045 sed
990 4994 1159 5061 ipsius
1178 5001 1468 5069 pater,.qui
1495 5002 1679 5057 Caesar
1702 5007 1768 5060 ab
1787 5007 2029 5064 Adriano

448 5091 666 5136 creatus
691 5083 811 5139 fuit.
851 5084 921 5139 At
949 5086 1158 5145 Lucius
1190 5090 1365 5146 Verus
1396 5104 1453 5149 et
1483 5100 1625 5165 apud
1655 5097 1933 5156 Iustinum
1972 5105 2029 5158 in

486 5178 679 5239 traque
721 5174 979 5245 Apologia
1018 5188 1073 5233 et
1108 5182 1253 5249 apud
1285 5181 1561 5238 Rultinum
1607 5199 1660 5243 et
1704 5190 1761 5245 in
1793 5203 2031 5262 quatuor

448 5276 585 5315 mss.
648 5266 931 5324 codicibus
984 5270 1203 5328 Eusebii
1260 5276 1627 5348 philosophus
1692 5286 2025 5353 appellatur.

446 5356 699 5415 Przeferri
725 5379 854 5433 ergo
884 5382 990 5421 non
1020 5368 1221 5426 debent
1247 5375 1521 5431 editiones
1552 5376 1797 5447 Eusebii,
1827 5383 2026 5451 quibus

450 5454 764 5547 tam-multa
797 5455 1165 5528 refragantur.
1220 5463 1436 5521 Titulus
1478 5469 1828 5542 phil050phi,
1863 5490 2023 5543 quem

448 5537 867 5600 Lucio'Czesari
921 5549 1160 5605 delatum
1207 5553 1377 5613 fuisse
1434 5575 1542 5613 non
1601 5537 1869 5631 videmus,
1919 5581 2027 5620 non

448 5635 587 5690 male
614 5637 877 5692 tribuitur
906 5640 1024 5711 ejus
1054 5646 1185 5712 tilio,
1218 5663 1380 5717 quem
1421 5654 1764 5726 philosophis
1799 5660 2016 5729 Apollo-

2064 3219 2105 3275 C

518 5812 562 5843 “
597 5811 730 5870 llist.
764 5830 838 5883 iv,
875 5816 959 5871 15.
1039 5820 1081 5851 ⁸⁸
1116 5820 1179 5876 Ν.
1210 5821 1334 5884 iiii.
1382 5826 1440 5901 f‘
1475 5826 1537 5883 N.
1577 5830 1664 5885 ‘26.

2137 1957 2383 2023 Quantos
2432 1958 2575 2011 enim
2628 1971 2954 2028 progressus
3011 1958 3242 2014 haberet
3289 1962 3416 2016 huic
3476 1964 3755 2029 lueresis,

2134 2066 2255 2105 cum
2293 2050 2541 2104 Justinus
2570 2050 2882 2120 Apologiam
2924 2053 3215 2121 scriberet,
3250 2054 3648 2125 intelligimus
3684 2072 3749 2109 ex

2136 2146 2219 2199 his
2254 2146 2436 2199 verbis
2458 2144 2544 2196 ⁵⁶ε
2582 2161 2599 2194 ι
2633 2143 2970 2199 Marcionem
3001 2147 3168 2200 etiam
3200 2149 3515 2217 quemdam
3554 2147 3752 2202 Ponti-

2135 2252 2258 2291 cum
2292 2237 2564 2299 n0vimus,
2600 2236 2693 2305 qui
2725 2237 3026 2290 etiamnum
3060 2248 3307 2306 superest
3329 2255 3401 2296 ac
3433 2242 3750 2310 discipulos

2134 2336 2293 2387 docet
2339 2331 2509 2385 alium
2558 2329 2849 2399 quemdam
2900 2346 3199 2400 agnoscere
3231 2334 3513 2401 majorem
3563 2336 3749 2387 mundi

2134 2426 2329 2494 opifice
2381 2424 2577 2478 Deum.
2612 2423 2713 2477 IIic
2762 2424 2999 2477 inomni
3054 2425 3335 2479 hominum
3380 2442 3598 2496 genere
3641 2430 3747 2481 ἀω-

2140 2531 2359 2570 monnm
2415 2518 2730 2587 adjnmcnto
2779 2519 3029 2587 perfecit,
3083 2527 3139 2570 ut
3182 2518 3337 2573 multi
3384 2520 3440 2572 in
3490 2520 3747 2590 blasphe-

2138 2605 2275 2659 mias
2322 2619 2713 2676 erumperent,
2768 2626 2831 2663 ac
2888 2611 3127 2664 universi
3181 2612 3520 2666 Creatorem
3575 2614 3741 2666 Deum

2136 2696 2339 2751 Christi
2388 2697 2609 2752 Patrem
2640 2714 2762 2755 esse
2796 2711 3081 2769 negarent,
3114 2712 3170 2755 et
3204 2703 3372 2756 alium
3417 2705 3741 2771 quemdam,

2138 2800 2327 2860 utpote
2352 2793 2638 2861 maiorem,
2666 2794 2875 2864 majora
2905 2809 3065 2864 quam
3097 2795 3247 2849 illum
3270 2796 3591 2865 perfecisse
3616 2811 3739 2864 pro-

2141 2882 2449 2938 fiterentur.
2487 2904 2505 2937 ι

2206 2974 2430 3031 Litterm
2476 2976 2544 3031 ad
2576 2992 2866 3033 commune
2910 2977 3078 3043 Asire,
3116 2980 3316 3049 quibus
3370 2998 3500 3035 cum
3544 2980 3737 3047 Apolo-

2136 3069 2221 3137 gia
2268 3067 2465 3123 Justini
2508 3085 2755 3139 magnam
2794 3070 3111 3125 afﬁnitatem
3141 3086 3264 3126 esse
3314 3072 3457 3132 dizi.
3499 3074 3733 3141 probant

2137 3159 2449 3228 Apologiam
2487 3161 2631 3215 circa
2675 3176 2877 3214 annum
2913 3162 3015 3215 150
3049 3162 3311 3231 scriptam
3367 3163 3567 3217 fuisse.
3602 3163 3734 3215 Sunt

2140 3252 2285 3305 enim
2316 3252 2647 3322 consignatae
2678 3268 2822 3307 anno
2856 3269 2925 3307 xv
2956 3256 3255 3309 tribunitiae
3285 3258 3591 3325 potestatis
3621 3254 3733 3307 An-

2142 3344 2336 3408 tonini,
2368 3346 2459 3413 qni
2493 3346 2711 3413 quidem
2745 3349 3003 3415 congruit
3047 3363 3170 3402 cum
3210 3364 3301 3403 an.
3339 3350 3481 3412 152,
3536 3350 3732 3416 quippe

2141 3450 2266 3488 cum
2316 3438 2598 3491 Antonino
2649 3437 2830 3492 delata
2876 3440 3043 3494 fuerit
3082 3452 3323 3510 potestas
3376 3444 3467 3497 die
3518 3442 3588 3495 ‘25
3632 3440 3733 3494 Fc-

2139 3529 2343 3583 bruarii
2374 3545 2519 3584 anno
2558 3532 2679 3587 158.
2715 3532 2820 3587 Sed
2852 3543 3036 3588 tamen
3071 3536 3245 3590 fateor
3270 3552 3358 3592 me
3394 3537 3651 3591 numeris
3677 3536 3728 3587 in

2139 3619 2496 3688 inscriptione
2542 3622 2700 3689 hujus
2744 3625 2991 3693 epistola:
3027 3628 3229 3681 aetatis
3266 3643 3374 3681 non
3430 3628 3724 3699 plurimum

2138 3713 2435 3767 confidere.
2460 3714 2632 3769 Erant
2658 3715 2804 3769 enim
2831 3718 3228 3785 perversissimi
3255 3720 3401 3788 apud
3425 3719 3723 3780 Justinum,

2138 3804 2224 3857 ubi
2251 3807 2332 3859 sic
2359 3806 2637 3875 legebatur
2668 3825 2681 3861 :
2715 3804 3074 3881 Δήμαρχικῆς
3104 3812 3355 3879 ἐξουσίας
3386 3815 3597 3876 ὕπατος
3620 3812 3719 3877 τπδ’,

2136 3896 2238 3967 (ex
2302 3914 2411 3968 quo
2475 3900 2603 3956 fecit
2663 3904 2994 3975 Sylburgius
3057 3907 3117 3959 τὸ
3170 3908 3239 3979 δ’)
3275 3910 3465 3982 πατὴρ
3528 3906 3722 3979 πατρί-

2132 3991 2219 4055 δος
2249 3994 2309 4046 τὸ
2352 4002 2457 4048 κα.’.
2492 3995 2684 4067 Itaque
2714 4014 2834 4053 cum
2862 4000 3083 4055 Eusebii
3115 4004 3335 4057 codices
3370 4021 3506 4059 mss.
3540 4006 3591 4057 in
3636 4003 3717 4056 his

2135 4089 2377 4142 numeris
2414 4092 2817 4157 consentirent,
2850 4095 3248 4165 prmi’erendam
3289 4098 3419 4151 duxi
3452 4100 3595 4151 hanc
3619 4111 3715 4148 an-

2140 4183 2456 4237 ctoritatem
2490 4186 2555 4238 iis
2584 4201 2705 4254 qua:
2734 4196 2842 4241 tam
2876 4201 3133 4260 corrupta
3167 4203 3329 4245 erant
3370 4193 3513 4263 apud
3550 4189 3712 4245 Justi-

2135 4289 2286 4327 num.
2320 4274 2426 4329 Sed
2472 4287 2653 4333 tamen
2691 4280 2743 4333 in
2779 4281 2883 4335 hoc
2929 4285 3072 4351 apud
3113 4284 3407 4339 Eusebium
3457 4298 3713 4346 numero,

2134 4367 2337 4432 ὕπατος
2354 4371 2415 4422 τὸ
2434 4377 2503 4440 γ’,
2535 4374 2886 4428 manifestum
2916 4387 2998 4429 est
3029 4388 3297 4443 erratum,
3324 4383 3470 4447 quod
3497 4377 3709 4447 quidem

2130 4476 2240 4515 non
2272 4464 2484 4518 videtur
2508 4465 2719 4519 incuria
2746 4467 3031 4521 inductum
3048 4468 3237 4534 fuisse,
3255 4473 3348 4525 sed
3372 4471 3500 4524 data
3524 4482 3707 4537 opera.

2136 4565 2341 4609 utcum
2374 4554 2557 4611 Marco
2587 4558 2834 4623 Aurelio,
2868 4560 3025 4629 cui-us
3061 4578 3260 4616 nomen
3303 4570 3485 4618 exstat
3537 4563 3589 4615 in
3630 4561 3708 4612 in-

2136 4652 2440 4721 scriptione
2468 4654 2611 4721 apud
2648 4654 2961 4717 Eusebium,
2997 4656 3085 4710 hic
3114 4672 3376 4713 numerus
3399 4657 3705 4728 quadraret.

2133 4742 2181 4797 Is
2210 4747 2356 4799 enim
2391 4748 2605 4800 tertium
2661 4750 3037 4803 tantummodo
3092 4750 3283 4804 habuit
3333 4752 3697 4806 consulatum.

2136 4834 2246 4890 Sed
2273 4853 2397 4891 cum
2430 4839 2765 4906 Antoninus,
2790 4842 2879 4896 cui
2921 4843 3062 4896 hanc
3094 4844 3378 4913 epistolam
3411 4855 3517 4898 tam
3545 4840 3703 4896 multa

2136 4930 2454 4997 vindicant,
2488 4933 2681 4987 consul
2710 4949 2762 4987 tv
2797 4934 2848 4987 in
2876 4935 3335 5004 ginscriptionibus
3373 4938 3475 4992 dici
3513 4935 3697 4994 soleat.

2132 5020 2422 5091 legendum
2463 5025 2517 5078 in
2551 5025 2913 5096 inscriptione
2953 5030 3113 5098 hujus
3145 5030 3390 5100 epistolm
3418 5030 3617 5089 ὕπατος
3643 5024 3701 5075 τὸ

2130 5112 2193 5167 δ’.
2233 5114 2341 5169 Sed
2374 5115 2483 5171 alia
2518 5119 2776 5188 suspicio
2817 5121 2868 5173 in
2902 5135 3077 5177 annos
3130 5123 3426 5178 tribunitia:
3467 5129 3698 5192 potesta-

2130 5207 2199 5260 tis
2241 5210 2488 5263 exoritur
2529 5226 2543 5263 :
2593 5225 2789 5266 vereor
2825 5215 2971 5267 enim
3028 5229 3097 5268 ne
3156 5216 3224 5269 de
3268 5216 3531 5270 industria
3602 5227 3685 5264 no-

2130 5299 2262 5353 mini
2324 5300 2395 5356 M.
2430 5304 2637 5358 Aurelii
2686 5304 2891 5363 fuerint
2928 5310 3120 5377 aptati.
3154 5310 3559 5381 Peropportune
3606 5320 3693 5356 ca-

2130 5392 2267 5446 dunt
2298 5394 2351 5447 in
2380 5395 2618 5464 primum
2651 5398 2799 5455 illius
2842 5401 3060 5471 imperii
3094 5419 3319 5471 annum,
3353 5416 3540 5472 nempe
3576 5397 3686 5451 161·

2128 5480 2267 5537 Huic
2313 5486 2459 5539 enim
2514 5487 2693 5541 delata
2750 5500 2995 5559 potestas
3051 5493 3335 5549 tribunitia
3387 5511 3528 5549 anno
3576 5488 3685 5544 H7-

2128 5575 2307 5642 Quare
2333 5579 2379 5632 si
2408 5579 2678 5649 scriptum
2714 5580 2912 5639 fuisset
2944 5591 3036 5655 ιγ’,
3069 5597 3164 5640 aut
3194 5586 3287 5653 t6’,
3337 5586 3473 5642 nihil
3513 5585 3562 5637 id
3592 5596 3680 5633 ttu-

2128 5669 2335 5725 cuisset
2366 5672 2573 5730 nomini
2602 5674 2861 5733 Antonini
2896 5695 2911 5745 ;
2956 5688 3012 5734 at
3047 5694 3277 5737 necesse
3311 5679 3413 5737 fuit
3455 5678 3687 5736 scribere
