3932 6258
196 418 296 473 £31

1248 410 1309 468 ι).
1346 411 1614 467 uanam
1642 388 2035 468 ΡΒΑΞῈΑΤΙΟ.
2065 443 2133 452 -
2173 407 2355 468 psus
2388 409 2479 468 ιιι.

3400 417 3499 475 158

194 554 237 590 ιι
274 577 292 602 ,
320 543 374 589 ιιι
400 533 619 589 larens
676 533 959 590 Aurelius
987 533 1241 603 epistolae
1269 544 1463 589 auctor
1496 535 1801 590 videretur.
1839 544 1883 599 Α
1913 536 2139 606 spersit,
2173 536 2384 606 adjecta
2429 534 2596 590 etiam
2631 531 3050 590 accusatoribus
3101 534 3495 607 damnatione,

258 630 311 681 Si
334 638 540 681 tantum
573 626 936 682 tribueretur
963 622 1248 679 Chronicis
1274 626 1513 690 Eusebii,
1532 636 1796 696 quantum

194 720 333 775 illius
360 717 621 772 Historia:
649 758 665 781 ,
702 734 822 771 non
870 720 1022 773 levis
1052 717 1336 773 diﬂicultas
1362 718 1628 784 obstaret,
1667 733 1801 787 quo-

193 813 362 865 minus
384 808 649 878 Apologia
680 811 807 864 haec
843 812 919 864 ad
952 826 1164 865 annum
1191 810 1415 865 circiter
1447 810 1551 865 150
1590 809 1804 878 rejicia-

196 912 294 957 tur.
339 900 471 953 Nam
508 902 561 954 in
592 900 898 955 Chronicis
943 904 1133 957 oblata
1176 904 1376 958 dicitur
1403 918 1492 957 an.
1526 902 1650 957 141.
1695 902 1802 958 Sed

198 995 462 1061 antiquior
494 991 811 1047 Harciouis
857 994 1064 1048 haeresi
1092 993 1254 1057 foret,
1286 1009 1448 1063 quam
1483 1004 1661 1048 tamen
1697 993 1803 1047 Eu-

201 1087 319 1141 sebii
350 1084 600 1139 Historia
632 1096 778 1141 ante
802 1100 1017 1140 annum
1052 1086 1157 1141 142
1200 1087 1473 1141 collocare
1510 1101 1617 1139 non
1650 1086 1800 1140 sinit.

268 1177 462 1245 Objicit
492 1178 780 1234 Petavius
810 1178 1065 1236 Marcum
1102 1179 1385 1235 Aurelium
1427 1180 1482 1234 in
1520 1181 1627 1235 hac
1662 1179 1805 1248 Apo-

205 1270 332 1338 logia
356 1268 742 1324 Verissimuin
780 1271 997 1333 vocari,
1031 1271 1180 1340 quod
1220 1286 1437 1335 nomen,
1471 1280 1606 1327 teste
1635 1270 1803 1341 Capi-

206 1362 387 1427 tolino,
418 1372 548 1430 post
582 1364 820 1418 virilem
854 1374 1037 1431 togam
1076 1364 1365 1433 deposuit;
1398 1364 1670 1418 Ctesarem
1711 1379 1809 1417 au-

207 1466 311 1508 tem
338 1470 440 1507 non
473 1455 701 1517 vocari,
760 1457 911 1525 quod
946 1465 1280 1525 argumento
1324 1464 1411 1509 est
1439 1456 1584 1509 hanc
1616 1453 1808 1522 Apolo-

206 1549 338 1615 giam
363 1562 507 1602 anno
539 1548 649 1602 159
685 1549 985 1615 scriptam,
1023 1557 1321 1616 antequam
1354 1546 1573 1602 Marcus
1600 1548 1667 1601 ab
1694 1544 1808 1599 An-

213 1639 391 1693 toniuo
417 1638 611 1693 Cmsar
647 1640 967 1709 appellatus
995 1640 1212 1694 fuisset.

278 1729 561 1786 Verissimi
594 1732 800 1786 titulus
832 1732 971 1785 nihil
1003 1732 1071 1786 ad
1103 1746 1215 1787 rem
1239 1731 1389 1785 facit.
1424 1728 1560 1784 Nam
1590 1729 1807 1785 Marcus

212 1825 456 1879 Aurelius
508 1826 737 1878 virilem
801 1836 986 1892 togam
1048 1832 1362 1894 sumpserat
1417 1832 1545 1877 ante
1606 1838 1808 1877 annum

1905 637 1963 682 et
1989 627 2209 695 quidem
2242 628 2493 681 tetriore.
2535 645 2554 679 ι

1978 717 2076 771 llis
2112 718 2293 771 verbis
2318 716 2446 771 freti
2500 716 2747 787 Scaliger
2775 726 2829 769 et
2857 715 3254 777 Tillcmontius,
3291 716 3503 789 primus

1905 811 2127 881 quidem
2160 819 2322 879 negat
2350 808 2746 863 Tertullianum
2786 811 2887 864 has
2920 809 3133 863 litteras
3165 809 3395 876 vidisse,
3426 808 3505 862 al—

1908 911 1991 958 ter
2019 902 2179 970 longe
2210 902 2407 971 potiori
2436 900 2559 969 jure
2587 912 2889 956 asseverat.
2925 901 3208 969 Quomodo
3246 902 3394 957 enim
3429 907 3499 957 ad

1907 996 2007 1050 has
2060 995 2273 1048 litteras
2318 1002 2673 1064 provocasset
2706 994 2957 1049 inimicos
2990 994 3288 1050 Christiani
3322 993 3502 1048 nomi-

1906 1090 2017 1155 nis,
2049 1089 2157 1143 nisi
2194 1101 2307 1144 rem
2344 1086 2685 1155 exploratam
2717 1087 3039 1143 habuisset?
3070 1085 3355 1155 Quomodo
3389 1095 3499 1140 tam

1906 1191 2166 1237 accurate
2197 1182 2326 1251 quid
2382 1182 2468 1237 his
2515 1182 2715 1238 litteris
2745 1181 3097 1237 contineatur
3125 1178 3498 1236 edissereret?

1908 1275 2041 1342 Qua:
2100 1285 2223 1345 post
2259 1271 2458 1329 Justini
2506 1274 2821 1345 Apologiam
2875 1274 3129 1344 leguntur
3175 1273 3371 1326 littera:
3424 1271 3496 1326 Μ.

1907 1366 2142 1431 Aurelii,
2172 1382 2283 1421 non
2316 1383 2397 1423 eae
2430 1377 2558 1422 sunt
2582 1368 2647 1422 de
2669 1366 2871 1436 quibus
2900 1363 3271 1419 Tertullianus
3293 1373 3347 1419 et
3375 1362 3501 1419 llie~

1911 1473 2175 1528 ronymus
2224 1458 2391 1514 locuti
2427 1477 2440 1513 :
2470 1459 2565 1515 sed
2613 1458 3014 1513 observandum
3047 1456 3203 1511 nobis
3250 1465 3336 1511 est
3377 1455 3503 1526 qui‘

1910 1550 2140 1605 busnam
2196 1552 2253 1605 in
2310 1551 2473 1605 rebus
2513 1550 2861 1605 consentiant
2892 1558 2949 1605 et
2978 1549 3031 1604 in
3062 1548 3262 1620 quibus
3288 1548 3501 1603 discreo

1912 1652 2066 1712 pent.

1984 1737 2064 1790 Ac
2111 1736 2289 1805 primo
2318 1736 2537 1805 quidem
2566 1735 2634 1789 de
2664 1735 2779 1804 ipsa
2832 1732 3080 1788 miraculi
3114 1746 3323 1787 summa
3367 1730 3503 1786 nihil

1914 1828 2158 1883 occurrit
2208 1826 2565 1882 discriminis.
2597 1825 2811 1894 Ubique
2859 1825 3005 1879 enim
3054 1824 3175 1879 sitis
3224 1838 3293 1878 ex
3340 1822 3505 1891 longo

216 1913 332 1975 £39,
364 1929 473 1983 quo
510 1930 665 1969 anno
695 1917 815 1984 ipse
844 1890 1113 1969 Petavius
1150 1890 1223 1969 ita
1256 1929 1381 1968 eum
1410 1928 1440 1967 a
1468 1911 1684 1968 Justino
1710 1927 1808 1981 ap-

1924 1921 2184 1986 collecta,
2240 1920 2476 1975 hostium
2535 1917 3014 1974 circumstantium
3062 1925 3261 1981 terror,
3314 1929 3507 1983 preces

218 2008 470 2071 penatum
506 2003 749 2061 fatetur.
775 2005 1015 2061 Caesaris
1040 2014 1223 2060 autem
1261 2019 1458 2059 nomen
1488 2003 1574 2058 vel
1612 2004 1811 2072 iutprm

217 2098 341 2149 deus
365 2098 556 2151 omisit
588 2096 868 2160 Justinus,
897 2098 981 2152 vel
1009 2096 1361 2151 librariorum
1388 2096 1546 2165 culpa
1574 2094 1809 2160 excidit;

216 2190 296 2243 vel
324 2206 425 2258 pro
444 2191 747 2245 Antonino
781 2189 882 2243 Pio
911 2189 1162 2259 Augusto
1182 2187 1403 2243 Ctesare
1434 2199 1489 2242 et
1516 2187 1816 2243 Verissimo

218 2282 342 2346 tilio,
383 2282 711 2353 legendum,
736 2293 785 2337 et
812 2281 1016 2338 (ἔωσανὶ
1055 2280 1330 2336 Verissimo
1363 2281 1507 2351 ﬁlio,
1546 2292 1604 2337 ut
1626 2281 1817 2336 admo-

215 2375 329 2428 nuit
356 2375 720 2445 Sylburgius.

282 2468 570 2523 Difﬁcilius
589 2467 953 2523 Tillemontio
978 2466 1047 2522 ad
1072 2466 1393 2523 solvendum
1413 2464 1653 2530 videtur,
1671 2464 1816 2536 quod

218 2564 281 2615 ab
312 2562 505 2617 eodem
538 2561 775 2617 Petavio
801 2570 858 2616 et
883 2560 1130 2631 pluribus
1184 2560 1306 2615 aliis
1331 2558 1610 2627 objicitur,
1641 2556 1818 2613 JuSti-

220 2672 345 2710 num
393 2656 447 2710 in
474 2658 587 2711 hac
619 2655 889 2726 Apologia
923 2655 994 2710 de
1029 2654 1173 2710 bello
1201 2650 1456 2718 Judaico,
1493 2652 1639 2721 quod
1671 2665 1816 2706 anno

223 2748 323 2802 156
359 2748 692 2804 confectum
737 2757 844 2815 est,
879 2756 938 2802 ut
978 2747 1047 2802 de
1085 2761 1143 2801 re
1186 2746 1478 2801 admodum
1511 2743 1719 2801 recenti
1762 2752 1818 2797 et

222 2855 387 2909 nuper
424 2850 584 2910 gesta
636 2840 816 2909 loqui,
853 2848 913 2894 ut
960 2846 1113 2907 patet
1140 2851 1209 2892 ex
1258 2836 1345 2892 his
1381 2836 1584 2901 verbis,
1628 2852 1683 2889 u.
1721 2835 1815 2901 5i,

224 2934 277 2984 iv
306 2933 383 3003 τῷ
413 2932 513 2985 νῦν
554 2930 919 3002 γεγενημένῳ
950 2928 1235 3001 Ἰουδαῖκῷ
1284 2928 1524 3001 πολέμῳ.
1566 2927 1671 2983 Sed
1704 2927 1817 2997 jam

225 3027 511 3080 observavi
540 3024 682 3080 illud
705 3022 805 3077 νῦν
834 3025 901 3078 de
930 3023 1093 3078 rebus
1122 3024 1321 3078 dudum
1347 3022 1518 3092 gestis
1545 3021 1818 3075 interdum

228 3124 495 3191 usurpari,
545 3138 612 3177 ac
664 3120 994 3191 religionem
1038 3115 1417 3173 Christianam
1450 3115 1504 3167 in
1537 3113 1715 3183 Epist.
1748 3112 1817 3168 ad

1915 2013 2385 2080 Christianorum,
2442 2012 2622 2067 imber
2671 2009 2935 2065 Romanis
2989 2008 3268 2071 salutaris,
3300 2006 3503 2061 fulmen

1919 2108 1972 2160 in
2025 2106 2211 2161 hostes
2250 2112 2646 2159 memorantur.
2675 2102 2903 2172 Adjecta
2933 2101 3077 2170 apud
3110 2098 3507 2155 Tertullianunt

1916 2194 2196 2249 damnatio
2243 2193 2660 2248 aecusatoribus
2699 2191 3167 2255 Christianorum,
3198 2200 3247 2243 et
3292 2189 3507 2258 quidem

1917 2284 2123 2348 tctrior,
2150 2282 2288 2337 satis
2316 2281 2557 2351 quadrat
2587 2296 2711 2336 cum
2741 2280 2942 2335 litteris
2962 2288 3087 2350 post
3110 2278 3381 2334 Justinum
3405 2293 3509 2335 ex-

1918 2378 2213 2442 stantibus,
2251 2377 2305 2430 in
2336 2376 2537 2446 quibus
2564 2373 2742 2429 sancit
2772 2373 2986 2427 Marcus
3016 2382 3079 2427 ut
3105 2372 3373 2443 ejusmodi
3415 2374 3509 2428 de-

1918 2468 2121 2525 latores
2163 2470 2270 2523 vivi
2301 2470 2717 2523 comburantur.
2752 2464 3015 2531 Quamvis
3045 2465 3335 2530 Eusebius,
3364 2463 3507 2520 Hist.

1917 2563 2013 2618 lib.
2046 2578 2100 2628 v,
2133 2550 2255 2633 cap'.
2284 2562 2338 2628 5,
2368 2560 2692 2617 Tertulliani
2739 2562 2922 2617 verbis
2966 2559 3257 2629 capitalem
3290 2571 3511 2628 ptenaut

1916 2656 2223 2729 generatim
2278 2654 2559 2726 designari
2608 2663 2792 2725 putet;
2841 2655 2931 2711 vix
2966 2663 3149 2711 tamen
3180 2653 3510 2709 crediderint

1919 2749 2264 2804 damnatione
2294 2748 2511 2803 tetriore
2557 2763 2667 2803 non
2702 2747 3089 2818 gravissimum
3122 2744 3343 2816 aliquod
3384 2759 3509 2814 sup-

1918 2843 2145 2915 plicium
2196 2839 2522 2911 significari.
2549 2839 2869 2907 Quinetiam
2901 2839 3047 2914 inest
3076 2839 3259 2894 verbis
3295 2837 3509 2894 Tertulc

1919 2936 2051 2991 liani
2094 2935 2299 3003 aliquid
2350 2931 2592 2998 dilIicile,
2622 2931 2768 3002 quod
2810 2931 3029 2986 videtur
3056 2946 3125 2986 ex
3160 2930 3360 2986 litteris
3392 2941 3510 2999 post

1919 3025 2119 3084 Justini
2165 3024 2482 3094 Apologiam
2533 3022 2768 3077 servatis
2825 3019 3090 3076 illustrari
3144 3034 3327 3090 posse.
3380 3018 3511 3074 Illud

1918 3121 2091 3188 enim,
2144 3117 2573 3173 Christianorum
2631 3115 2767 3185 forte
2816 3116 3046 3169 militum
3095 3113 3510 3184 precationibus,

233 3216 469 3285 Diosnet-
509 3215 610 3269 νῦν
667 3226 948 3276 exortam,
992 3211 1273 3266 Christum
1328 3206 1423 3261 νῦν
1476 3207 1814 3261 incanum"!
1845 3245 1891 3305 ε
1923 3215 2241 3285 significare
2275 3209 2625 3267 Tillcmontio
2651 3209 2872 3263 videtur
2903 3207 3127 3262 dubium
3158 3215 3216 3261 et
3246 3206 3511 3260 incertum

234 3310 332 3363 dici
361 3311 412 3363 in
436 3311 542 3363 hac
588 3306 880 3377 Apologia.
916 3305 977 3360 In
1012 3302 1210 3358 eadem
1246 3297 1501 3369 Apologia
1526 3297 1817 3361 Antinous,

234 3417 386 3468 quem
430 3403 719 3454 Adrianus
762 3398 909 3452 inter
940 3397 1076 3452 deos
1111 3392 1458 3448 consecravit
1503 3404 1648 3444 anno
1691 3387 1819 3453 152,

239 3494 325 3542 νῦν
351 3496 552 3550 dicitur
574 3494 885 3558 exstitisse,
918 3508 975 3547 n.
999 3492 1092 3551 23.

308 3607 370 3660 γ.
406 3608 462 3662 S.
509 3608 723 3665 lustini
775 3609 1052 3680 Apologia:
1096 3607 1503 3678 subjunguntur
1574 3604 1821 3675 epistolze

248 3702 397 3755 trium
428 3703 852 3773 imperatorum,
882 3701 1139 3769 Adriani,
1173 3701 1437 3755 Antonini
1466 3697 1615 3755 etM.
1648 3700 1821 3754 Aure-

250 3793 323 3855 lii,
356 3797 407 3848 in
440 3799 683 3864 gratiam
717 3796 1186 3851 Christianorum.
1224 3792 1458 3847 Primam
1492 3790 1727 3862 quidem
1755 3789 1823 3843 ab

258 3888 362 3957 ipso
398 3890 621 3946 luStino
656 3891 1004 3962 subjunctam
1035 3888 1207 3943 fuisse
1233 3894 1453 3942 constat
1482 3903 1497 3939 :
1529 3884 1648 3955 ipse
1673 3883 1822 3938 enim

261 3980 405 4048 hujus
427 3985 504 4038 rei
533 3985 698 4039 testis
730 3994 815 4037 est
849 3992 904 4037 et
932 3980 1192 4036 monitor.
1221 3979 1469 4033 Alteram
1502 3976 1569 4031 ex
1598 3973 1825 4030 Eusebii

257 4072 479 4129 Historia
508 4076 618 4130 huc
654 4074 979 4129 translatam
1003 4072 1173 4126 fuisse
1195 4071 1476 4125 existimat
1501 4067 1749 4137 Scaliger
1771 4067 1825 4120 in

259 4166 802 4222 Antmadversionibus
813 4165 882 4219 ad
898 4164 1097 4219 Euseb.
1114 4178 1204 4219 an.
1220 4177 1313 4216 Iit.
1329 4174 1587 4225 CLXXXIX;
1607 4158 1825 4213 tertiam

257 4270 419 4313 autem
455 4259 779 4315 recentioris
801 4257 1005 4320 Graeci,
1032 4270 1212 4311 rerum
1242 4254 1613 4309 Romanarum
1648 4250 1827 4319 ignari

261 4351 449 4408 facinus
493 4368 618 4409 esse
664 4353 1007 4424 pronuntiat,
1054 4349 1194 4403 infra
1228 4348 1485 4404 saaculum
1530 4343 1827 4401 Iustiniani

263 4444 613 4513 imperatoris.

325 4534 431 4592 lien
480 4540 697 4592 videtur
752 4536 957 4607 ambigi
1007 4549 1168 4606 posse
1214 4549 1282 4587 an
1335 4533 1464 4588 olim
1514 4528 1829 4586 exstiterint

268 4626 442 4680 littera
470 4625 540 4678 ll.
565 4630 793 4696 Aurelii,
827 4606 1027 4699 quibus
1056 4638 1113 4683 et
1153 4642 1212 4683 sc
1242 4636 1300 4683 et
1315 4626 1662 4687 exercitum,
1698 4636 1823 4679 cum
1854 4630 1901 4685 1)
2002 4608 2110 4661 Sed
2134 4606 2179 4699 Si

268 4720 345 4773 siti
391 4725 766 4787 premerentur
796 4724 866 4776 ab
918 4723 1169 4776 hostibus
1201 4720 1558 4781 circumdati,
1610 4727 1826 4771 utrum-

270 4827 361 4880 que
386 4810 689 4881 periculum
716 4810 973 4881 precibus
997 4814 1436 4869 Christianorum
1466 4810 1723 4881 eﬂugisse
1749 4818 1829 4862 te-

273 4910 510 4958 stabatur.
560 4903 672 4958 Has
712 4904 929 4959 litteras
972 4921 1079 4960 non
1118 4907 1335 4960 viderat
1378 4902 1663 4967 Eusebius,
1704 4913 1827 4954 cutn

275 4998 511 5052 Chronica
560 4997 862 5063 scriberet,
910 5014 1015 5053 nec
1059 5000 1126 5053 de
1166 4998 1275 5052 illis
1323 5005 1525 5067 praeter
1581 4992 1826 5045 auditum

276 5093 547 5161 quidquam
582 5090 840 5145 habebat.
866 5092 935 5143 At
963 5090 1328 5161 Hieronymus
1360 5089 1438 5142 ita
1473 5089 1619 5143 hunc
1650 5083 1828 5138 Euse-

276 5188 335 5239 bii
363 5187 534 5239 locum
565 5183 767 5248 reddit,
807 5192 867 5235 ut
912 5183 1033 5239 illas
1071 5194 1289 5239 exstare
1322 5181 1659 5252 pronuntiet.
1708 5177 1829 5247 Ipse

276 5278 543 5339 Eusebius,
589 5275 737 5332 Hist.
784 5275 882 5330 lib.
940 5290 1005 5339 ν,
1049 5291 1101 5329 c.
1136 5277 1193 5340 ὅ,
1236 5290 1351 5330 rem
1399 5288 1466 5327 ex
1516 5271 1829 5327 testimonio

275 5371 575 5426 Tertulliani
608 5378 819 5425 certam
852 5376 908 5421 et
953 5368 1294 5437 exploratam
1330 5367 1516 5420 habet.
1553 5364 1647 5419 Sic
1681 5364 1828 5418 enim

274 5465 638 5529 Tertullianus,
671 5462 855 5531 Apol.,
880 5476 1000 5531 cap.
1022 5461 1086 5515 5:
1112 5478 1131 5512 ι
1159 5463 1228 5514 At
1250 5476 1349 5515 nos
1376 5474 1405 5514 e
1431 5458 1704 5513 contrario
1724 5456 1833 5513 edi-

276 5573 371 5611 nius
398 5568 795 5627 protectorem;
827 5554 871 5607 si
904 5553 1098 5607 littere
1119 5552 1286 5606 Marci
1309 5549 1515 5605 Aurelii
1543 5547 1829 5616 requiran-

279 5657 364 5711 tur,
388 5652 591 5721 quibus
614 5651 765 5704 illam
790 5648 1183 5705 Germanicam
1211 5646 1359 5699 sitim
1390 5639 1827 5697 Christianorum

280 5738 397 5793 forte
424 5742 653 5797 militum
677 5739 1092 5811 precationibus
1116 5738 1408 5806 impetrato
1433 5732 1596 5787 imbri
1620 5730 1832 5784 discus.

281 5848 374 5884 tatu
403 5843 756 5888 contestatur.
792 5832 951 5888 Sicut
977 5844 1083 5884 non
1116 5828 1295 5896 palam
1328 5827 1395 5881 ab
1419 5823 1687 5893 ejusmodi
1730 5823 1828 5875 bo-

285 5927 493 5981 unuibus
524 5938 740 5996 paenam
783 5924 1034 5988 dimovit,
1067 5924 1141 5977 ita
1178 5920 1287 5976 alio
1334 5921 1491 5976 modo
1521 5917 1701 5987 palam
1742 5913 1827 5967 di-

606 6023 882 6082 Ρηιιοι.
934 6018 1057 6079 Gn.
1106 6015 1211 6076 Vl.

1922 3308 2190 3372 animum,
2225 3318 2333 3358 nou
2377 3303 2597 3372 quidem
2652 3297 3002 3362 Tertulliani,
3051 3296 3145 3351 sed
3198 3293 3363 3348 Marci
3404 3307 3513 3346 me-

1922 3399 2147 3463 tuentis,
2178 3410 2247 3451 ne
2268 3401 2652 3449 asseveranter
2680 3388 2955 3460 loquendo
2985 3395 3212 3442 noceret
3240 3381 3512 3452 supersti-

1926 3492 2171 3548 tionibus
2200 3486 2514 3558 gentilibus.
2558 3483 2665 3538 Sed
2718 3496 2910 3552 parum
2942 3477 3237 3534 verisimile
3282 3474 3343 3530 tit
3373 3473 3511 3528 Mar-

1922 3599 2048 3643 cum
2083 3594 2305 3653 operam
2335 3576 2574 3640 dedisse,
2621 3584 2679 3629 ut
2729 3573 2987 3628 dubitare
3036 3570 3341 3624 videretur.
3373 3564 3512 3633 Quid

1923 3678 2072 3735 enim
2105 3673 2403 3745 profuisset
2432 3667 2776 3723 Tertulliano
2825 3665 2893 3720 ad
2941 3677 3119 3719 causa:
3148 3660 3513 3731 patrocinium

1924 3770 2088 3825 dubia
2121 3777 2177 3821 et
2203 3765 2418 3820 incerta
2449 3758 2806 3816 testificatio?
2856 3756 3064 3812 Deinde
3105 3767 3236 3809 vero
3269 3754 3350 3807 sic
3379 3749 3512 3806 Ter-

1928 3862 2137 3920 tulliaui
2182 3858 2350 3914 verba
2396 3854 2569 3910 refert
2596 3852 2890 3917 Eusebius,
2922 3860 2984 3905 ut
3012 3848 3157 3904 nulla
3186 3848 3239 3902 in
3275 3847 3512 3917 impera-

1928 3966 2045 4012 tore
2070 3954 2308 4009 resideat
2332 3949 2692 4005 dubitationis
2720 3942 3073 4016 significatio.
3088 3940 3196 3996 Sed
3220 3939 3352 3993 illud
3378 3937 3512 4004 forte

1926 4050 2185 4107 libentius
2220 4045 2554 4104 crediderim
2603 4042 2750 4097 idem
2779 4024 2961 4093 valere
2991 4050 3055 4089 ac
3085 4050 3212 4088 casu
3240 4033 3467 4103 quodam
3492 4046 3511 4094 ,-

1927 4159 2037 4199 non
2065 4142 2210 4212 quod
2240 4141 2293 4194 itt
2322 4152 2511 4192 casum
2536 4134 2750 4204 rejiciat
2775 4129 2991 4183 Marcus
3018 4128 3368 4195 impetratum
3396 4136 3514 4191 pre-

1929 4235 2089 4290 cibus
2115 4230 2551 4293 Christianorum
2583 4223 2842 4287 imbrem,
2875 4218 2971 4273 sed
2999 4215 3145 4285 quod
3194 4228 3325 4268 casu
3377 4226 3514 4281 quo-

1931 4329 2057 4383 dam
2083 4326 2183 4380 sibi
2206 4321 2457 4378 evenisse
2484 4316 2756 4381 crederet,
2788 4322 2848 4365 ut
2868 4309 3210 4365 Christianos
3235 4310 3511 4366 evocaret,

1934 4424 2001 4478 de
2032 4421 2229 4491 quibus
2265 4426 2425 4470 antea
2472 4410 2611 4467 nihil
2644 4407 2943 4479 cogitabat,
2976 4402 3080 4457 diis
3111 4399 3403 4471 precnndis
3431 4396 3511 4451 in-

1933 4524 2137 4571 tentus.

2208 4619 2314 4674 qua
2348 4603 2400 4656 in
2431 4616 2488 4655 re
2512 4595 2763 4669 genuinis
2786 4590 2995 4649 similes
3018 4595 3145 4644 sunt
3184 4586 3270 4640 ha:
3298 4585 3513 4646 litterae,

1931 4700 2091 4769 longe
2124 4698 2439 4765 discrepant
2493 4692 2548 4745 itt
2597 4688 2845 4759 pluribus
2891 4683 3038 4737 aliis.
3064 4677 3395 4736 Christianis
3447 4690 3513 4729 ex

1932 4793 2192 4846 universo
2242 4786 2489 4843 exercitu
2535 4782 2776 4837 evocatis
2808 4775 3134 4833 miraculum
3168 4771 3512 4830 attribuunt;

1931 4894 2122 4940 contra
2154 4881 2295 4953 apud
2331 4889 2543 4933 veteres
2579 4875 2793 4930 laudem
2818 4873 2976 4940 hujus
3011 4868 3087 4923 rei
3126 4870 3366 4929 reportat
3408 4874 3513 4912 una

1932 4978 2095 5047 legio,
2130 4989 2293 5045 quant
2318 4972 2507 5026 exinde
2541 4984 2770 5038 congruo
2793 4966 2867 5019 rei
2904 4960 3153 5018 vocabulo
3176 4953 3513 5047 It‘ulntitteant

1931 5042 2014 5123 ab.
2033 5042 2347 5136 imperatore
2375 5059 2801 5130 cognominatam
2827 5069 2937 5109 esse
2968 5058 3203 5105 testatur
3232 5042 3511 5113 Apollina-

1936 5168 2013 5221 ris
2044 5133 2185 5235 apud
2220 5160 2535 5221 Eusebium,
2566 5156 2659 5210 lib.
2697 5169 2751 5218 v,
2797 5166 2917 5219 cap.
2947 5147 3001 5202 5.
3031 5145 3273 5203 Litterae,
3303 5139 3370 5190 de
3388 5133 3512 5235 qui-

1932 5259 2035 5315 bus
2072 5259 2301 5327 agimus,
2328 5268 2545 5310 omnem
2601 5261 2828 5319 prorsus
2883 5256 3097 5313 poenam
3134 5254 3163 5290 a
3198 5231 3513 5290 Christiano

1934 5325 2213 5421 religionis
2251 5358 2458 5402 tantum
2495 5345 2715 5399 nomine
2766 5345 3023 5393 accusato
3071 5326 3410 5401 propulsant.
3445 5325 3514 5376 At

1933 5448 1987 5503 id
2020 5444 2234 5516 penitus
2274 5449 2478 5511 pugnat
2506 5452 2629 5491 cum
2674 5430 3034 5491 Tertulliano,
3067 5434 3123 5477 et
3162 5437 3285 5477 cum
3325 5431 3511 5471 exem-

1933 5512 2036 5608 plis
2080 5547 2381 5604 martyrum
2416 5524 2802 5584 Viennensium
2851 5529 2907 5574 et
2954 5512 3246 5585 Apollonii,
3277 5520 3509 5595 quorum

1933 5602 2095 5701 primi
2127 5602 2253 5683 cum
2291 5625 2343 5678 in
2370 5621 2636 5693 judicium
2670 5613 2851 5670 vocati
2878 5610 3129 5672 fuissent,
3156 5613 3329 5659 morte
3359 5602 3510 5652 dam-

1934 5723 2045 5777 nati
2081 5729 2232 5782 sunt,
2256 5717 2373 5786 ipso
2400 5714 2631 5785 jubente
2658 5706 2842 5763 Marco
2868 5718 2884 5759 :
2909 5712 3214 5775 postremus
3237 5710 3366 5749 vero
3383 5704 3509 5744 cunt

1936 5817 1988 5869 iu
2015 5811 2281 5885 judicium
2317 5824 2348 5865 tt
2374 5803 2746 5877 perditissimo
2769 5798 3001 5869 quodaut
3035 5791 3269 5885 homine
3287 5790 3512 5881 vocatus

1936 5880 2153 5977 fuisset,
2188 5908 2471 5960 accusator
2520 5897 2739 5968 quidem
2776 5888 3065 5949 confestim
3112 5880 3303 5937 fractis
3330 5887 3511 5929 cruri-

3127 5977 3165 6039 5
