3932 6258
465 307 568 365 1-30

1383 310 1439 367 S.
1467 309 1801 366 IUSTINUS
1835 308 2316 370 PHILOSOPHUS
2349 312 2435 370 ΕΤ
2464 316 2776 375 MARTYR.

3624 327 3726 383 ΗΟ

463 429 562 484 bus
592 428 806 485 occisus
835 437 954 495 est;
990 429 1107 499 ipse
1139 445 1270 486 vero
1299 432 1520 501 capitali
1568 434 1837 488 sententia
1887 434 2043 488 dam—
2071 437 2116 494 A
2145 438 2401 493 vaticinia
2460 439 2808 512 Sibyllarum,
2863 456 2986 496 vera
3035 461 3101 498 an
3151 444 3304 510 falsa,
3351 447 3423 501 de
3483 445 3724 513 Christo,

465 534 645 577 natus.
670 521 894 585 Euseb.,
924 537 977 588 v,
1000 522 1090 576 21.

532 614 784 671 Pluribus
804 614 1023 681 iocatur
1057 614 1306 685 Scaliger
1352 615 1404 670 in
1458 617 1724 674 artificem
1776 620 2044 688 epistola},

458 710 604 779 quod
658 710 998 765 Christianos
1043 710 1161 763 sine
1195 710 1363 764 armis
1410 719 1467 764 et
1515 710 1637 765 telis
1686 711 1740 766 in
1785 711 2044 768 Romanis

455 800 792 857 exercitibus
820 800 1229 869 conscripserit.
1259 801 1330 854 At
1366 802 1512 856 hunc
1549 802 1726 857 locum
1767 803 2043 873 explicare

455 905 686 951 conatus
715 909 854 950 sum.
904 894 1046 972 Idem
1082 895 1337 950 observat
1377 911 1484 950 non
1521 896 1700 952 solere
1747 897 2042 967 imperato-

455 1005 552 1044 res
569 1003 786 1043 sacrum
816 997 1070 1042 senatum
1105 986 1402 1057 appellare,
1427 1002 1491 1042 ac
1514 977 1794 1044 laureatas
1827 990 2043 1043 litteras

452 1083 651 1153 populo
683 1091 738 1138 et
762 1081 975 1137 senatui
1008 1081 1247 1147 mittere,
1277 1083 1372 1136 sed
1400 1092 1612 1136 tantum
1645 1085 1856 1138 senatui
1889 1101 1902 1136 :
1929 1085 2043 1138 haec

452 1189 636 1233 autem
662 1177 945 1245 desumpta
968 1184 1122 1245 putat
1147 1191 1211 1230 ex
1245 1175 1402 1231 initio
1425 1176 1696 1246 Apologia:
1722 1178 1781 1232 S.
1812 1176 2033 1234 Justini.

452 1269 544 1324 Sic
569 1267 887 1323 inscribitur
918 1266 1060 1334 apud
1089 1264 1384 1320 Baronium
1415 1265 1760 1336 supposititia
1797 1267 1884 1321 illa
1926 1268 2041 1337 epi-

454 1362 594 1416 stola
627 1379 641 1415 :
678 1360 813 1430 Imp.
863 1359 1064 1420 Caesar,
1125 1357 1197 1412 Μ.
1235 1358 1512 1422 Aurelius,
1565 1359 1898 1426 Antoninus,
1928 1361 2040 1414 Au-

449 1463 664 1516 gustus,
703 1450 1012 1513 Parthicus,
1044 1449 1428 1515 Germanicus,
1457 1450 1817 1514 Sarmaticus,
1852 1452 2035 1519 ponti-

449 1545 538 1600 fex
571 1546 862 1611 maximus,
906 1543 1204 1598 tribunitiae
1232 1545 1520 1612 potestatis
1551 1561 1744 1608 xxvm,
1778 1546 1908 1615 imp.
1938 1563 2033 1612 vn,

447 1652 565 1691 cos.
593 1641 671 1700 tit,
703 1634 860 1690 Pater
892 1637 1107 1705 patriae,
1145 1651 1359 1706 procos.
1397 1635 1456 1694 S.
1492 1635 1552 1690 P.
1587 1637 1656 1704 Q.
1690 1639 1760 1692 Β.
1797 1637 1857 1694 S.
1897 1639 1960 1694 ι).

1065 1747 1297 1803 CAPUT
1339 1747 1428 1804 Vl.

445 1844 525 1897 An
549 1846 739 1899 merito
767 1843 1018 1898 Justinus
1045 1840 1429 1909 Prophetarum
1459 1845 1734 1899 lectionem
1772 1863 1802 1898 a
1827 1845 2026 1901 Roma-

514 1917 598 1968 nis
639 1916 982 1980 prohibitam,
1020 1923 1067 1967 et
1102 1914 1310 1968 Simoni
1362 1915 1519 1984 Mago
1561 1927 1792 1968 statuant
1833 1928 1886 1971 ut
1927 1920 2023 1972 deo

513 1996 738 2039 erectam
777 1985 990 2038 dixerit.

442 2077 480 2125 l.
512 2076 614 2126 Lex
643 2091 669 2126 a
693 2078 888 2126 Justino
914 2079 1185 2125 memorata
1207 2074 1516 2125 minusbclle
1535 2077 1795 2127 intellecta
1815 2079 2025 2128 Baronio

505 2138 875 2203 et'Casaubono.
905 2136 1284 2203 ll.‘Vid_et_ur_(_le
1306 2140 1501 2203 curiosa
1521 2138 1793 2188 futurorum
1816 2142 2026 2203 inquisi-

504 2201 642 2249 tione
683 2200 1032 2262 intelligenda.
1075 2198 1163 2248 Ill.
1206 2199 1455 2248 Narrataa
1480 2201 1677 2249 Justino
1720 2198 1922 2252 historia
1961 2205 2026 2251 de
2081 2209 2088 2218 ”

504 2262 717 2310 Simonis
735 2268 899 2310 statua
920 2262 1165 2322 quomodo
1190 2263 1240 2309 in
1263 2263 1598 2322 suspicionem
1624 2266 1778 2312 venit.
1807 2264 1887 2314 ιν.
1914 2264 2022 2314 Νοιι

503 2322 701 2372 videtur
722 2336 914 2371 errasse
934 2322 1176 2372 Justinus.
1199 2322 1257 2373 V.
1285 2324 1386 2373 Aut
1407 2325 1583 2373 saltem
1607 2333 1825 2374 erratum
1853 2339 2026 2375 emen-

502 2386 708 2434 daturus
731 2398 828 2433 non
853 2385 1028 2434 fuisse.

512 2492 551 2544 Ι.
591 2489 992 2548 Convenienter
1021 2490 1149 2544 huic
1192 2490 1313 2546 loco
1364 2492 1684 2547 examinare
1711 2507 2021 2560 possumus,

441 2601 510 2638 an
534 2584 714 2654 capite
736 2584 1004 2640 sancitum
1036 2581 1201 2637 fuerit
1231 2585 1299 2639 ab
1329 2587 2025 2656 etlmicisimperatoribus,

440 2693 510 2731 ne
538 2677 661 2746 quis
688 2675 1038 2731 Christianus
1065 2675 1350 2748 Hystaspis
1373 2688 1429 2732 et
1457 2677 1678 2750 Sibyllae
1701 2691 1756 2736 et
1789 2679 2028 2751 Proplte~

441 2779 617 2822 tarum
673 2769 840 2823 libros
889 2767 1114 2838 legeret.
1148 2765 1204 2821 Id
1235 2771 1382 2822 enim
1429 2771 1635 2841 colligit
1666 2773 1933 2828 Baronius
1957 2789 2027 2830 ex

439 2865 529 2920 his
578 2864 758 2918 verbis
807 2863 866 2918 S.
900 2861 1126 2925 Justini,
1180 2862 1333 2930 Apol.
1383 2877 1422 2924 ι,
1476 2879 1532 2916 n.
1566 2862 1636 2916 41
1670 2882 1681 2916 :
1713 2865 1849 2917 Κατ’
1875 2867 2026 2936 ἐνέρ-

437 2977 590 3028 γειαν
621 2956 679 3012 δὲ
711 2956 819 3011 τῶν
840 2956 1058 3026 φαύλων
1091 2954 1359 3027 δαιμόνων
1389 2955 1620 3020 Θάνατος
1648 2956 1856 3028 ὡρίσθη
1885 2957 2027 3011 κατὰ

436 3055 544 3109 τῶν
591 3053 689 3116 τὰς
729 3053 1056 3116 Ὑστάσπου,
1107 3049 1456 3123 ἢΣιϐύλλης,
1505 3051 1538 3122 ἢ
1589 3051 1697 3105 τῶν
1728 3050 2026 3122 Τροφητῶν

437 3145 654 3216 βίϐλους
687 3143 1191 3213 ἀναγινωσκόντων,
1225 3143 1373 3206 ὅπως
1420 3142 1508 3195 διὰ
1557 3141 1650 3196 τοῦ
1691 3143 1857 3212 φόϐου
1891 3146 2026 3198 ἁπο-

436 3237 738 3311 στρέψωσιν
770 3236 1195 3307 ἐντυγχάνοντας
1225 3235 1350 3298 τοὺς
1370 3233 1690 3306 ἀνθρώπους
1713 3234 1819 3288 τῶν
1845 3235 2026 3289 καλῶν

432 3331 633 3400 γνῶσιν
684 3329 866 3384 λαϐεῖν
889 3371 904 3395 ,
956 3329 1138 3392 αὐτοῖς
1187 3328 1245 3382 δὲ
1288 3327 1634 3391 δουλεύοντας
1685 3327 1983 3398 κατέχωσιν
2005 3345 2020 3359 ·

431 3424 567 3494 ὅπερ
599 3424 679 3486 εἰς
718 3422 868 3486 τέλος
901 3421 1001 3475 οὑκ
1036 3421 1261 3492 ἴσχυσαν
1292 3419 1517 3491 πρᾶξαι.
1552 3418 1793 3488 Ἀφόϐως
1820 3419 1929 3491 γὰρ
1960 3421 2020 3474 οὐ

437 3514 596 3585 μόνον
625 3512 1022 3584 ἐντυγχάνομεν
1054 3512 1265 3576 αὐταῖς,
1285 3511 1420 3566 ἀλλὰ
1441 3511 1533 3564 ttat
1562 3511 1709 3580 ὑμῖν,
1733 3512 1808 3574 ὡς
1838 3513 2020 3582 ὁρᾶτε,

431 3608 512 3671 εἰς
544 3606 833 3675 ἐπίσκεψιν
867 3606 1126 3676 φέρομεν,
1160 3604 1512 3674 ἐπιστάμενοι
1559 3605 1724 3658 πᾶσιν
1756 3605 2022 3676 εὐάρεστοι

433 3697 788 3770 φανήσεσθαι.
822 3717 840 3748 ι
871 3699 1130 3750 Malorum
1163 3703 1343 3748 autem
1374 3695 1676 3749 daemonum
1707 3697 2023 3763 operatione

433 3793 641 3845 sancita
693 3804 842 3845 mors
895 3799 977 3842 est
1023 3790 1077 3843 in
1130 3803 1225 3844 eos
1267 3791 1360 3859 qui
1391 3789 1578 3858 legunt
1604 3788 1890 3859 Hystaspis
1927 3798 2022 3843 aut

433 3884 653 3954 Sibylla:
682 3893 774 3937 aut
807 3883 1201 3952 Prophetarum
1252 3883 1456 3948 libros;
1491 3887 1618 3935 'tum
1649 3892 1707 3936 ut
1738 3890 1882 3936 metu
1913 3882 2016 3936 ho-

431 3978 607 4033 mines
631 3977 968 4039 deterreant,
995 3975 1292 4045 quominus
1338 3975 1424 4030 his
1472 3975 1718 4044 legendis
1748 3977 2016 4031 bonarum

432 4086 616 4126 rerum
651 4068 1017 4140 cognitionem
1049 4079 1444 4139 assequentur;
1498 4077 1610 4122 tum
1665 4075 1724 4122 ut
1774 4083 1870 4123 eos
1915 4067 2018 4127 sibi

430 4179 618 4220 servos
647 4171 916 4218 retineant
954 4186 966 4218 :
997 4162 1142 4232 quod
1189 4161 1408 4230 quidem
1455 4161 1508 4215 in
1545 4171 1867 4231 perpetuum
1905 4159 2020 4215 eili-

430 4271 556 4311 cere
599 4271 704 4311 non
735 4265 1044 4327 potuerunt.
1077 4255 1353 4325 lmpavide
1377 4257 1524 4310 enim
1557 4270 1664 4310 non
1689 4253 1863 4308 solum
1895 4253 2018 4309 illos

427 4349 680 4419 legimus,
713 4352 806 4403 sed
839 4349 992 4403 vobis
1023 4349 1210 4412 etiam,
1277 4356 1333 4402 ut
1364 4349 1597 4410 ‘videtis,
1646 4347 2014 4418 inspiciendas

2149 534 2353 599 putavit
2381 544 2552 589 totum
2577 538 2824 591 volumen
2849 539 3109 593 carminis
3135 537 3406 610 Sibyllini,
3439 538 3589 608 quod
3609 549 3725 593 tan-

2149 635 2203 678 to
2233 627 2411 680 studio
2437 627 2624 682 Romae
2651 632 2992 694 serVabatur,
3019 639 3074 686 et
3099 647 3125 684 a
3160 632 3314 696 cujus
3347 631 3595 684 lectione
3624 648 3729 684 oni-

2149 731 2244 771 nes
2289 717 2620 774 arcebantur
2667 731 2864 790 praeter
2911 714 3395 788 Quindecimviros
3428 757 3443 782 ,
3483 721 3727 791 ejusdem

2145 823 2266 863 esse
2295 813 2619 882 argumenti.
2641 833 2658 865 ι

2222 903 2351 958 Dum
2384 921 2549 959 unum
2584 921 2825 961 errorem
2859 905 2911 959 in
2940 905 3171 963 Baronio
3217 905 3419 962 refellit
3449 905 3726 960 Casaubo-

2147 1010 2268 1061 nus,
2312 997 2495 1065 plures
2543 999 2678 1052 alios
2726 998 2938 1054 Justino
2967 1000 3194 1071 afﬁngit.
3225 999 3342 1055 Non
3378 1007 3565 1070 potest
3598 1013 3726 1053 sane

2146 1089 2361 1143 Baronii
2387 1099 2531 1146 stare
2561 1094 2848 1159 sententia,
2885 1108 2981 1149 nec
3017 1093 3100 1146 illa
3133 1093 3240 1158 lex,
3274 1108 3445 1160 quam
3480 1093 3724 1146 nomina-

2147 1182 2239 1236 tim
2262 1182 2589 1239 Christianis
2620 1186 2846 1252 positam
2876 1185 3042 1239 fuisse
3072 1194 3245 1254 putat,
3275 1185 3387 1238 ullo
3420 1193 3606 1238 exstat
3629 1197 3720 1238 vc—

2143 1275 2323 1344 stigio.
2355 1277 2581 1342 Quidvis
2609 1277 2754 1331 aliud
2789 1278 3097 1348 signiticant
3127 1281 3292 1332 verba
3327 1277 3388 1332 S.
3437 1279 3718 1348 martyris,

2141 1375 2232 1442 qui
2263 1376 2386 1429 dttm
2427 1375 2812 1443 prophetarum
2859 1376 3076 1429 oracula
3119 1374 3441 1442 imperatori
3470 1374 3720 1429 conside-

2141 1471 2306 1522 randa
2337 1473 2610 1538 proponit,
2641 1479 2858 1540 gratum
2909 1484 2969 1524 se
3013 1469 3087 1524 illi
3122 1485 3184 1525 ac
3213 1469 3432 1524 cteteris
3465 1468 3718 1521 oninibus

2142 1564 2408 1618 facturum
2438 1566 2681 1628 conlidit,
2722 1565 2916 1620 nedum
2963 1572 3193 1619 mortem
3234 1563 3594 1618 constitutam
3623 1576 3718 1628 pu-

2141 1663 2278 1708 taret
2326 1653 2650 1710 Christianis
2684 1657 2798 1712 ltatc
2828 1657 3049 1712 oracula
3081 1655 3407 1724 legentibus.
3438 1653 3717 1720 Quomodo

2059 1787 2102 1843 Β
2137 1747 2302 1814 enim,
2335 1750 2378 1802 si
2415 1759 2523 1803 tam
2552 1764 2741 1804 severa
2768 1751 2850 1804 lex
2881 1751 3092 1804 sancita
3124 1750 3176 1803 in
3205 1749 3556 1804 Christianos
3587 1746 3720 1799 fuis-

2129 1851 2230 1906 set,
2258 1842 2484 1910 gratiam
2516 1857 2575 1896 se
2605 1841 2692 1896 illa
2724 1842 2968 1896 violanda
2998 1841 3242 1896 Justinus
3274 1841 3544 1895 initurum
3597 1853 3713 1908 spe-

2132 1935 2328 1987 rasset?
2345 1933 2547 1987 Deinde
2578 1949 2706 1988 vero
2729 1935 2803 1988 ait
2826 1933 3072 1989 Justinus
3101 1934 3376 1989 daemones
3410 1933 3514 1987 hac
3538 1941 3714 1986 mente

2129 2029 2299 2098 legem
2330 2028 2473 2081 illam
2509 2029 2848 2083 machinatos
2877 2044 3020 2092 esse,
3076 2035 3133 2081 ut
3176 2027 3431 2083 homines
3476 2044 3503 2080 a
3551 2028 3712 2080 bona-

2131 2136 2245 2174 rqu
2299 2136 2478 2174 rerum
2525 2122 2833 2192 cognitione
2864 2129 3198 2182 averterent,
3229 2134 3293 2173 ac
3323 2120 3430 2174 sibi
3471 2118 3709 2172 servien-

2129 2224 2211 2268 tes
2256 2215 2584 2270 detinerent.
2619 2215 2731 2268 Non
2784 2224 2893 2268 tam
2933 2227 3067 2283 ergo
3104 2214 3450 2269 Christianos
3503 2212 3709 2279 petebat

2129 2304 2215 2357 illa
2251 2304 2360 2371 lex,
2399 2321 2562 2374 quam
2603 2321 2697 2360 eos
2747 2307 2838 2376 qui
2890 2307 3071 2361 adhuc
3100 2307 3444 2362 daemonibus
3481 2307 3711 2360 emanci-

2127 2399 2238 2466 pati
2283 2408 2460 2454 erant.
2504 2399 2751 2470 Denique
2791 2415 2860 2454 ex
2915 2400 3226 2455 testimonio
3264 2401 3551 2456 Aureliani
3599 2400 3704 2454 Au-

2129 2489 2294 2557 gusti,
2324 2491 2468 2558 quod
2521 2491 2681 2545 modo
2728 2490 3051 2557 referemus,
3079 2492 3415 2562 perspicitur
3462 2492 3708 2547 ethnicos

2129 2581 2202 2633 ita
2234 2580 2300 2634 de
2323 2580 2653 2636 Christianis
2680 2581 2978 2648 judicasse,
3008 2590 3067 2636 ut
3097 2583 3336 2637 invisum
3362 2583 3468 2637 illis
3489 2595 3703 2637 carmen

2131 2674 2460 2745 Sibyllinum
2509 2676 2816 2740 crederent,
2851 2675 3046 2730 nedum
3081 2674 3295 2729 illorum
3334 2675 3518 2731 studia
3558 2673 3706 2744 hujus

2129 2767 2250 2821 libri
2305 2768 2517 2837 legendi
2565 2768 2866 2823 coercenda
2920 2769 3130 2838 legibus
3161 2769 3502 2824 viderentur.
3537 2769 3704 2838 Atque

2132 2861 2244 2914 haec
2274 2861 2494 2930 quidem
2525 2861 2593 2914 de
2623 2861 2844 2916 Baronii
2873 2861 3168 2916 sententia.

2201 2950 2307 3006 Sed
2338 2951 2554 3006 Baronii
2581 2953 2995 3008 animadversor
3017 2953 3375 3008 Casaubonus
3401 2969 3469 3008 an
3502 2952 3702 3007 acutius

2131 3044 2267 3098 vidit
2316 3044 2370 3098 in
2426 3045 2748 3114 explicando
2791 3045 3052 3101 Justino?
3099 3046 3157 3100 Si
3184 3060 3309 3101 eum
3345 3047 3616 3111 audimus,
3644 3043 3701 3099 8.

2050 3134 2097 3195 α
2133 3145 2338 3207 martyr
2376 3136 2610 3192 credidit
2638 3136 2938 3209 Sibyllinos
2969 3138 3170 3204 libros,
3193 3137 3287 3205 qui
3311 3137 3701 3204 aQuindecim-

2130 3229 2260 3283 viris
2286 3229 2731 3295 asservabantnr,
2769 3229 3014 3298 ejusdem
3039 3245 3160 3286 esse
3184 3233 3492 3302 argumenti
3528 3245 3590 3284 ac
3612 3243 3697 3283 eo:

2125 3321 2220 3390 qui
2252 3322 2491 3378 secundo
2536 3325 2734 3378 szecuio
2781 3324 3042 3394 suppositi
3082 3324 3298 3395 Sibylla:
3324 3323 3580 3387 fuerunt;
3611 3335 3700 3375 ne-

2127 3415 2285 3470 scivit
2312 3416 2413 3470 hos
2439 3415 2606 3470 libros
2627 3417 2839 3472 consuli
2867 3417 3056 3472 solitos
3078 3433 3200 3473 esse
3221 3419 3287 3474 de
3314 3417 3692 3488 placandorum

2125 3505 2350 3561 deorum
2398 3509 2610 3576 modis;
2663 3509 2818 3564 tinxit
2862 3509 2964 3565 sibi
2995 3524 3089 3564 eos
3119 3509 3184 3565 de
3212 3510 3395 3567 Verbo
3424 3510 3514 3562 Dei
3547 3503 3691 3568 Filio.

2124 3599 2350 3670 ejusque
2385 3600 2790 3668 lncarnatione,
2826 3603 3129 3668 miraculis,
3158 3612 3331 3657 morte
3364 3616 3420 3658 et
3461 3610 3691 3654 resurre-

2124 3696 2306 3750 ctione
2359 3697 2705 3767 apertissime
2751 3697 2930 3768 loqui;
2979 3706 3143 3769 atque
3171 3698 3221 3752 id
3248 3713 3428 3753 causae
3471 3692 3690 3756 exstitit,

2123 3805 2223 3844 cur
2259 3805 2473 3859 pinnam
2521 3792 2740 3846 lectioni
2773 3791 3033 3846 carminis
3066 3791 3314 3863 Sibyllini
3345 3789 3686 3846 constitutam

2121 3888 2190 3941 ad
2222 3887 2392 3954 ipsam
2439 3888 2606 3942 etiam
2642 3887 3042 3956 Prophetarum
3092 3888 3383 3942 lectionem
3427 3884 3688 3956 pertinere

2117 3978 2480 4033 existimaret.
2507 3977 2758 4047 Magnum
2785 3992 2920 4032 sane
2945 3987 3182 4031 erratum
3215 3986 3268 4031 et
3298 3977 3387 4030 vix
3419 3970 3687 4030 credibile.

2123 4070 2228 4126 Sed
2258 4086 2388 4126 ecce
2415 4070 2561 4126 aliud
2592 4085 2698 4126 non
2723 4070 2921 4126 levius.
2947 4070 3178 4124 Necesse
3199 4078 3282 4124 est
3308 4071 3455 4124 enim
3483 4077 3537 4122 ut
3557 4066 3690 4118 hanc

2121 4166 2527 4220 similitudinem
2553 4167 2881 4236 argumenti,
2912 4180 3074 4235 quam
3108 4165 3266 4226 libris.
3297 4165 3483 4220 Romae
3514 4173 3686 4215 asser-

2121 4260 2260 4314 vatis
2291 4261 2468 4312 inesse
2495 4272 2617 4312 cum
2639 4258 2762 4312 aliis
2789 4259 2856 4313 de
2883 4257 3106 4313 Christo
3138 4266 3324 4326 aperte
3355 4249 3686 4324 loquentibus

2121 4362 2177 4406 et
2220 4367 2344 4406 cum
2385 4350 2520 4420 ipsis
2561 4350 2725 4405 etiam
2755 4351 3037 4420 prophetis
3066 4350 3314 4415 putabat,
3346 4349 3417 4402 ita
3443 4342 3684 4403 omnibus

427 4445 738 4507 olferimus,
777 4458 900 4499 cum
931 4442 1172 4498 futurum
1199 4442 1460 4509 sciamus,
1493 4452 1552 4496 ut
1575 4444 1715 4512 grati
1753 4443 2011 4509 omnibus
2043 4472 2089 4526 Ι)
2117 4444 2395 4512 cognitam
2437 4455 2560 4497 esse
2611 4442 2880 4504 crederet,
2914 4449 2974 4494 ut
3014 4441 3206 4493 horum
3239 4439 3479 4492 omnium
3534 4433 3681 4526 leflio

427 4538 769 4591 videantur.t
1411 4573 1414 4576 .

499 4627 558 4683 S.
598 4625 856 4696 martyris
905 4626 1070 4680 verba
1120 4624 1298 4680 locum
1338 4626 1604 4682 dederunt
1632 4627 1759 4682 huic
1786 4627 2008 4682 Baronii

426 4717 829 4773 observationi:
854 4735 872 4767 ι
897 4716 1068 4783 Quam
1086 4715 1420 4786 frequentes,
1445 4717 1638 4787 inquit,
1658 4719 1914 4788 Apparat.
1940 4720 2009 4773 ad

427 4809 649 4872 'AnnaL,
680 4823 833 4862 num.
861 4807 955 4870 20,
991 4807 1192 4861 fuerint
1220 4807 1520 4862 Christiani
1571 4809 1622 4863 in
1673 4810 1914 4880 legendis
1942 4810 2010 4864 li-

431 4900 544 4953 bris
574 4898 881 4968 Sibyllinis,
908 4908 1277 4967 quantamque
1307 4900 1372 4952 ad
1399 4900 1802 4956 convincendos
1827 4902 2008 4971 genti-

428 4995 506 5048 les
535 5010 603 5049 ex
643 4996 710 5050 iis
751 4996 860 5050 vim
893 5007 948 5050 et
979 4994 1360 5050 auctoritatem
1394 4995 1496 5050 sibi
1529 5011 1850 5067 comparare
1889 5009 2007 5053 stu-

429 5089 668 5152 duerint,
709 5103 775 5143 ex
821 5103 888 5142 eo
936 5088 1095 5142 facile
1141 5098 1319 5155 potest
1366 5088 1614 5159 intelligi,
1654 5089 1798 5158 quod
1847 5104 2006 5159 pmnn

431 5182 621 5237 mortis
665 5184 734 5236 ab
781 5197 971 5236 eorum
1025 5181 1256 5236 lectione
1300 5196 1394 5236 eos
1441 5182 1749 5236 absterrere
1797 5183 2007 5253 legibus

427 5280 729 5347 oportuerit
761 5298 776 5332 :
812 5280 954 5348 quod
987 5279 1071 5332 his
1100 5279 1282 5333 verbis
1319 5278 1568 5334 JuStinus
1604 5291 1811 5350 martyr
1835 5288 2007 5335 testa~

428 5382 534 5425 tur.
562 5390 580 5422 ι
607 5370 756 5424 Ilanc
776 5369 995 5424 Baronii
1024 5371 1346 5425 sententiam
1369 5372 1608 5438 exagitat
1628 5370 2004 5437 Casaubonus,

427 5465 649 5517 exeruit.
683 5465 768 5526 ll,
804 5480 866 5516 ac
911 5474 1073 5531 negat
1106 5463 1327 5533 proprie
1369 5463 1434 5516 ad
1477 5461 1817 5518 Christianos
1860 5464 2003 5518 illam

428 5556 849 5623 prohibitionem
884 5558 1230 5624 pertinuisse.
1275 5573 1294 5605 ι
1327 5553 1432 5608 Sed
1466 5555 1611 5621 quod
1663 5555 1833 5610 libros
1862 5555 2001 5609 Pro-

427 5653 709 5716 phetarum
736 5658 794 5701 et
823 5647 1113 5718 Sibyllinos
1153 5648 1334 5717 jungit
1361 5647 1636 5714 Justinus,
1670 5648 1820 5717 pium
1852 5663 1998 5701 mar-

428 5755 599 5814 tyrem
654 5750 937 5814 prepterea
987 5743 1039 5797 id
1087 5741 1305 5809 fecisse,
1349 5741 1476 5813 quia
1525 5751 1718 5798 nactus
1756 5743 2003 5812 quaedam

2115 4535 2305 4589 eadem
2337 4549 2497 4604 pmna
2529 4533 2932 4604 prohiberetur.
2970 4531 3241 4586 Praeterea
3271 4532 3315 4584 si
3353 4531 3425 4584 ita
3453 4515 3679 4575 duceba—

2115 4640 2201 4685 tur
2233 4643 2423 4684 errore
2450 4627 2722 4691 Justinus,
2745 4628 3018 4696 quomodo
3068 4625 3198 4679 illud
3236 4626 3448 4686 gratum
3477 4614 3529 4667 in
3553 4607 3677 4666 Solis

2111 4721 2438 4776 Christianis
2466 4719 2709 4774 futurum
2743 4719 2985 4788 putabat,
3018 4711 3161 4782 quod
3199 4709 3268 4764 ob
3299 4723 3392 4764 eos
3419 4705 3559 4762 solos
3584 4713 3674 4754 ve-

2113 4817 2268 4869 titum
2298 4826 2354 4868 et
2384 4813 2614 4869 invisum
2647 4809 2950 4868 credebat?

2182 4907 2248 4964 ll.
2275 4907 2391 4962 Alia
2417 4922 2550 4979 ergo
2581 4905 2872 4977 quaerenda
2902 4900 3062 4969 hujus
3103 4898 3206 4954 loci
3235 4893 3558 4965 explicatio,‘
3583 4897 3675 4938 m‘c

2113 5012 2292 5056 tamen
2331 5001 2490 5071 longe
2537 5000 2852 5069 quaerenda.
2903 4995 3018 5048 Duo
3064 5001 3273 5045 tantum
3319 4988 3671 5043 observentur

2111 5095 2272 5149 velim
2303 5096 2354 5147 in
2386 5094 2567 5148 verbis
2588 5091 2814 5146 Justini.
2841 5089 3009 5143 Poena
3036 5086 3125 5139 illa
3156 5081 3406 5150 capitalis
3433 5073 3668 5132 ethnicos

2111 5188 2425 5243 deterrebat
2449 5202 2479 5239 a
2502 5184 2746 5254 legendis
2775 5180 3081 5250 Hystaspis,
3113 5176 3333 5248 Sibyllae
3360 5183 3414 5229 ct
3440 5165 3670 5236 Prophe-

2111 5293 2288 5337 tarum
2324 5282 2476 5334 libris
2507 5298 2522 5336 :
2556 5288 2612 5331 at
2653 5277 2996 5333 Christianos
3030 5285 3139 5328 tam
3174 5288 3364 5342 parum
3406 5262 3665 5323 movebat.

2110 5383 2168 5426 ut
2200 5387 2260 5427 se
2311 5373 2398 5426 his
2451 5368 2696 5440 legendis
2725 5367 2879 5420 libris
2911 5365 3129 5421 deditos
3157 5379 3277 5419 esse
3329 5377 3438 5432 prae
3484 5369 3539 5410 se
3567 5351 3666 5447 fer:

2111 5479 2254 5527 rent,
2293 5481 2357 5517 ac
2389 5461 2736 5532 proferendis
2774 5457 3164 5529 prophetarum
3197 5454 3435 5511 oraculis
3469 5443 3664 5502 nemini

2109 5561 2162 5612 in
2193 5557 2548 5612 otfcnsionem
2580 5564 2839 5608 venturos
2866 5550 3224 5607 confiderent.
3265 5549 3518 5614 Quaenam
3542 5540 3658 5595 ergo

2109 5650 2201 5704 illa
2252 5649 2362 5713 lex,
2398 5659 2506 5702 tam
2539 5646 2776 5701 ethnicis
2807 5643 3118 5707 metuenda,
3165 5630 3657 5716 Christiatios'vcro

2107 5743 2242 5798 nihil
2278 5739 2520 5796 laedens?
2546 5738 2664 5794 Non
2697 5737 2802 5793 alia
2841 5735 3088 5806 profecto
3129 5732 3342 5786 videtur
3394 5719 3653 5787 assignat“I
