  <div class='ocr_page' id='page_1' title='image "/cluster/home/n/w/nwhite01/storage/ocr_20150623/6/mdp.39015004289917/078.png"; bbox 0 0 3932 6258; ppageno 0'>
   <div class='ocr_carea' id='block_1_1' title="bbox 151 429 2473 502">
    <p class='ocr_par' dir='ltr' id='par_1_1' title="bbox 151 429 2473 502">
     <span class='ocr_line' id='line_1_1' title="bbox 151 429 2473 502; baseline -0.003 -1"><span class='ocrx_word' id='word_1_1' title='bbox 151 448 230 502; x_wconf 76' lang='lat' dir='ltr'><strong>Nl</strong></span> <span class='ocrx_word' id='word_1_2' title='bbox 1245 446 1304 501; x_wconf 92' lang='lat' dir='ltr'><strong>D.</strong></span> <span class='ocrx_word' id='word_1_3' title='bbox 1344 438 1607 499; x_wconf 65' lang='lat' dir='ltr'><strong>MARANI</strong></span> <span class='ocrx_word' id='word_1_4' title='bbox 1645 440 2039 499; x_wconf 57' lang='lat' dir='ltr'><strong>PRAFATIO.</strong></span> <span class='ocrx_word' id='word_1_5' title='bbox 2084 472 2145 480; x_wconf 89' lang='lat'><strong><em>—</em></strong></span> <span class='ocrx_word' id='word_1_6' title='bbox 2176 437 2355 493; x_wconf 70' lang='lat' dir='ltr'><strong>PARS</strong></span> <span class='ocrx_word' id='word_1_7' title='bbox 2386 429 2473 493; x_wconf 84' lang='lat' dir='ltr'><strong>Ill.</strong></span> 
     </span>
    </p>
   </div>
   <div class='ocr_carea' id='block_1_2' title="bbox 3415 432 3518 487">
    <p class='ocr_par' dir='ltr' id='par_1_2' title="bbox 3415 432 3518 487">
     <span class='ocr_line' id='line_1_2' title="bbox 3415 432 3518 487; baseline 0 -1"><span class='ocrx_word' id='word_1_8' title='bbox 3415 432 3518 487; x_wconf 66' lang='lat' dir='ltr'><strong>ita</strong></span> 
     </span>
    </p>
   </div>
   <div class='ocr_carea' id='block_1_3' title="bbox 152 551 3521 644">
    <p class='ocr_par' dir='ltr' id='par_1_3' title="bbox 152 551 3521 644">
     <span class='ocr_line' id='line_1_3' title="bbox 152 551 3521 644; baseline -0.006 -18"><span class='ocrx_word' id='word_1_9' title='bbox 152 589 317 644; x_wconf 70' lang='lat' dir='ltr'><strong>posse.</strong></span> <span class='ocrx_word' id='word_1_10' title='bbox 348 582 585 643; x_wconf 69' lang='lat' dir='ltr'><strong>prmter</strong></span> <span class='ocrx_word' id='word_1_11' title='bbox 617 588 768 627; x_wconf 84' lang='lat' dir='ltr'><strong>eam</strong></span> <span class='ocrx_word' id='word_1_12' title='bbox 812 588 963 643; x_wconf 74' lang='lat' dir='ltr'><strong>qua:</strong></span> <span class='ocrx_word' id='word_1_13' title='bbox 999 573 1317 627; x_wconf 80' lang='lat' dir='ltr'><strong>futurorum</strong></span> <span class='ocrx_word' id='word_1_14' title='bbox 1349 561 1624 625; x_wconf 80' lang='lat' dir='ltr'><strong>curiosam</strong></span> <span class='ocrx_word' id='word_1_15' title='bbox 1659 568 1841 635; x_wconf 86' lang='lat' dir='ltr'><strong>iuqui-</strong></span> <span class='ocrx_word' id='word_1_16' title='bbox 1874 572 1917 626; x_wconf 78' lang='grc' dir='ltr'><strong>Α</strong></span> <span class='ocrx_word' id='word_1_17' title='bbox 1948 578 2076 617; x_wconf 92' lang='lat' dir='ltr'><strong>num</strong></span> <span class='ocrx_word' id='word_1_18' title='bbox 2106 577 2134 617; x_wconf 90' lang='lat' dir='ltr'><strong>e</strong></span> <span class='ocrx_word' id='word_1_19' title='bbox 2166 563 2283 614; x_wconf 72' lang='lat' dir='ltr'><strong>viro</strong></span> <span class='ocrx_word' id='word_1_20' title='bbox 2311 560 2516 615; x_wconf 88' lang='lat' dir='ltr'><strong>Gittum</strong></span> <span class='ocrx_word' id='word_1_21' title='bbox 2546 558 2715 623; x_wconf 90' lang='lat' dir='ltr'><strong>dicto,</strong></span> <span class='ocrx_word' id='word_1_22' title='bbox 2747 555 2836 624; x_wconf 90' lang='lat' dir='ltr'><strong>qui</strong></span> <span class='ocrx_word' id='word_1_23' title='bbox 2874 554 2975 609; x_wconf 85' lang='lat' dir='ltr'><strong>sub</strong></span> <span class='ocrx_word' id='word_1_24' title='bbox 3014 553 3243 609; x_wconf 78' lang='lat' dir='ltr'><strong>Claudio</strong></span> <span class='ocrx_word' id='word_1_25' title='bbox 3281 551 3521 613; x_wconf 73' lang='lat' dir='ltr'><strong>Cmsare,</strong></span> 
     </span>
    </p>
   </div>
   <div class='ocr_carea' id='block_1_4' title="bbox 152 657 1846 734">
    <p class='ocr_par' dir='ltr' id='par_1_4' title="bbox 152 657 1846 734">
     <span class='ocr_line' id='line_1_4' title="bbox 152 657 1846 734; baseline -0.004 -16"><span class='ocrx_word' id='word_1_26' title='bbox 152 668 389 719; x_wconf 85' lang='lat' dir='ltr'><strong>sitionem</strong></span> <span class='ocrx_word' id='word_1_27' title='bbox 454 664 875 734; x_wconf 84' lang='lat' dir='ltr'><strong>prohibebat.</strong></span> <span class='ocrx_word' id='word_1_28' title='bbox 922 666 1079 719; x_wconf 82' lang='lat' dir='ltr'><strong>Erat</strong></span> <span class='ocrx_word' id='word_1_29' title='bbox 1112 664 1255 717; x_wconf 89' lang='lat' dir='ltr'><strong>enim</strong></span> <span class='ocrx_word' id='word_1_30' title='bbox 1299 664 1403 716; x_wconf 88' lang='lat' dir='ltr'><strong>hoc</strong></span> <span class='ocrx_word' id='word_1_31' title='bbox 1438 662 1646 714; x_wconf 86' lang='lat' dir='ltr'><strong>crimen</strong></span> <span class='ocrx_word' id='word_1_32' title='bbox 1686 657 1846 728; x_wconf 84' lang='lat' dir='ltr'><strong>longe</strong></span> 
     </span>
    </p>
   </div>
   <div class='ocr_carea' id='block_1_5' title="bbox 156 752 1849 826">
    <p class='ocr_par' dir='ltr' id='par_1_5' title="bbox 156 752 1849 826">
     <span class='ocr_line' id='line_1_5' title="bbox 156 752 1849 826; baseline -0.004 -15"><span class='ocrx_word' id='word_1_33' title='bbox 156 757 443 811; x_wconf 78' lang='lat' dir='ltr'><strong>maximum</strong></span> <span class='ocrx_word' id='word_1_34' title='bbox 482 756 611 811; x_wconf 89' lang='lat' dir='ltr'><strong>illis</strong></span> <span class='ocrx_word' id='word_1_35' title='bbox 660 759 1111 826; x_wconf 62' lang='lat' dir='ltr'><strong>temporibus,</strong></span> <span class='ocrx_word' id='word_1_36' title='bbox 1148 772 1211 810; x_wconf 91' lang='lat' dir='ltr'><strong>ac</strong></span> <span class='ocrx_word' id='word_1_37' title='bbox 1243 755 1395 808; x_wconf 91' lang='lat' dir='ltr'><strong>novis</strong></span> <span class='ocrx_word' id='word_1_38' title='bbox 1436 752 1598 807; x_wconf 83' lang='lat' dir='ltr'><strong>rebus</strong></span> <span class='ocrx_word' id='word_1_39' title='bbox 1626 752 1849 805; x_wconf 76' lang='lat' dir='ltr'><strong>studere</strong></span> 
     </span>
    </p>
   </div>
   <div class='ocr_carea' id='block_1_6' title="bbox 158 842 1848 912">
    <p class='ocr_par' dir='ltr' id='par_1_6' title="bbox 158 842 1848 912">
     <span class='ocr_line' id='line_1_6' title="bbox 158 842 1848 912; baseline -0.005 -9"><span class='ocrx_word' id='word_1_40' title='bbox 158 859 203 903; x_wconf 82' lang='lat' dir='ltr'><strong>et</strong></span> <span class='ocrx_word' id='word_1_41' title='bbox 230 849 443 903; x_wconf 81' lang='lat' dir='ltr'><strong>nefaria</strong></span> <span class='ocrx_word' id='word_1_42' title='bbox 485 852 765 904; x_wconf 86' lang='lat' dir='ltr'><strong>consilia</strong></span> <span class='ocrx_word' id='word_1_43' title='bbox 825 852 1156 905; x_wconf 88' lang='lat' dir='ltr'><strong>intendere</strong></span> <span class='ocrx_word' id='word_1_44' title='bbox 1190 848 1504 911; x_wconf 74' lang='lat' dir='ltr'><strong>videbatur,</strong></span> <span class='ocrx_word' id='word_1_45' title='bbox 1544 846 1587 897; x_wconf 92' lang='lat' dir='ltr'><strong>si</strong></span> <span class='ocrx_word' id='word_1_46' title='bbox 1629 843 1753 912; x_wconf 87' lang='lat' dir='ltr'><strong>quis</strong></span> <span class='ocrx_word' id='word_1_47' title='bbox 1781 842 1848 896; x_wconf 92' lang='lat' dir='ltr'><strong>de</strong></span> 
     </span>
    </p>
   </div>
   <div class='ocr_carea' id='block_1_7' title="bbox 162 935 1847 1011">
    <p class='ocr_par' dir='ltr' id='par_1_7' title="bbox 162 935 1847 1011">
     <span class='ocr_line' id='line_1_7' title="bbox 162 935 1847 1011; baseline -0.005 -16"><span class='ocrx_word' id='word_1_48' title='bbox 162 941 314 997; x_wconf 79' lang='lat' dir='ltr'><strong>salute</strong></span> <span class='ocrx_word' id='word_1_49' title='bbox 344 940 767 1009; x_wconf 65' lang='lat' dir='ltr'><strong>imperatoris</strong></span> <span class='ocrx_word' id='word_1_50' title='bbox 806 958 1119 1011; x_wconf 86' lang='lat' dir='ltr'><strong>responsa</strong></span> <span class='ocrx_word' id='word_1_51' title='bbox 1170 945 1399 1010; x_wconf 84' lang='lat' dir='ltr'><strong>peteret.</strong></span> <span class='ocrx_word' id='word_1_52' title='bbox 1438 936 1592 992; x_wconf 88' lang='lat' dir='ltr'><strong>Unde</strong></span> <span class='ocrx_word' id='word_1_53' title='bbox 1623 935 1847 989; x_wconf 90' lang='lat' dir='ltr'><strong>Tertul—</strong></span> 
     </span>
    </p>
   </div>
   <div class='ocr_carea' id='block_1_8' title="bbox 169 1031 1847 1107">
    <p class='ocr_par' dir='ltr' id='par_1_8' title="bbox 169 1031 1847 1107">
     <span class='ocr_line' id='line_1_8' title="bbox 169 1031 1847 1107; baseline -0.002 -22"><span class='ocrx_word' id='word_1_54' title='bbox 169 1033 342 1096; x_wconf 73' lang='lat' dir='ltr'><strong>lianus,</strong></span> <span class='ocrx_word' id='word_1_55' title='bbox 387 1033 567 1102; x_wconf 68' lang='lat' dir='ltr'><strong>Apol.</strong></span> <span class='ocrx_word' id='word_1_56' title='bbox 639 1036 760 1098; x_wconf 74' lang='lat'><strong>35,</strong></span> <span class='ocrx_word' id='word_1_57' title='bbox 802 1047 878 1090; x_wconf 87' lang='lat' dir='ltr'><strong>ut</strong></span> <span class='ocrx_word' id='word_1_58' title='bbox 916 1037 1137 1107; x_wconf 83' lang='lat' dir='ltr'><strong>probet</strong></span> <span class='ocrx_word' id='word_1_59' title='bbox 1184 1035 1455 1088; x_wconf 85' lang='lat' dir='ltr'><strong>immerito</strong></span> <span class='ocrx_word' id='word_1_60' title='bbox 1498 1031 1847 1087; x_wconf 83' lang='lat' dir='ltr'><strong>Christianos</strong></span> 
     </span>
    </p>
   </div>
   <div class='ocr_carea' id='block_1_9' title="bbox 174 1125 1848 1198">
    <p class='ocr_par' dir='ltr' id='par_1_9' title="bbox 174 1125 1848 1198">
     <span class='ocr_line' id='line_1_9' title="bbox 174 1125 1848 1198; baseline -0.001 -21"><span class='ocrx_word' id='word_1_61' title='bbox 174 1126 326 1180; x_wconf 82' lang='lat' dir='ltr'><strong>vocari</strong></span> <span class='ocrx_word' id='word_1_62' title='bbox 366 1125 657 1195; x_wconf 86' lang='lat' dir='ltr'><strong>publicos</strong></span> <span class='ocrx_word' id='word_1_63' title='bbox 695 1128 958 1191; x_wconf 80' lang='lat' dir='ltr'><strong>hostes,</strong></span> <span class='ocrx_word' id='word_1_64' title='bbox 994 1130 1134 1198; x_wconf 84' lang='lat' dir='ltr'><strong>quia</strong></span> <span class='ocrx_word' id='word_1_65' title='bbox 1176 1126 1594 1197; x_wconf 75' lang='lat' dir='ltr'><strong>imperatoribus</strong></span> <span class='ocrx_word' id='word_1_66' title='bbox 1621 1165 1635 1191; x_wconf 95' lang='lat'><strong>,</strong></span> <span class='ocrx_word' id='word_1_67' title='bbox 1684 1138 1848 1193; x_wconf 81' lang='lat' dir='ltr'><strong>neque</strong></span> 
     </span>
    </p>
   </div>
   <div class='ocr_carea' id='block_1_10' title="bbox 178 1218 1847 1290">
    <p class='ocr_par' dir='ltr' id='par_1_10' title="bbox 178 1218 1847 1290">
     <span class='ocr_line' id='line_1_10' title="bbox 178 1218 1847 1290; baseline -0.004 -16"><span class='ocrx_word' id='word_1_68' title='bbox 178 1237 337 1286; x_wconf 68' lang='lat' dir='ltr'><strong>mnos,</strong></span> <span class='ocrx_word' id='word_1_69' title='bbox 383 1237 580 1290; x_wconf 80' lang='lat' dir='ltr'><strong>neque</strong></span> <span class='ocrx_word' id='word_1_70' title='bbox 628 1222 1042 1285; x_wconf 82' lang='lat' dir='ltr'><strong>mentientes,</strong></span> <span class='ocrx_word' id='word_1_71' title='bbox 1069 1236 1238 1290; x_wconf 81' lang='lat' dir='ltr'><strong>neque</strong></span> <span class='ocrx_word' id='word_1_72' title='bbox 1285 1218 1597 1273; x_wconf 79' lang='lat' dir='ltr'><strong>temerarios</strong></span> <span class='ocrx_word' id='word_1_73' title='bbox 1624 1219 1847 1271; x_wconf 80' lang='lat' dir='ltr'><strong>honores</strong></span> 
     </span>
    </p>
   </div>
   <div class='ocr_carea' id='block_1_11' title="bbox 180 1308 1849 1383">
    <p class='ocr_par' dir='ltr' id='par_1_11' title="bbox 180 1308 1849 1383">
     <span class='ocr_line' id='line_1_11' title="bbox 180 1308 1849 1383; baseline -0.002 -17"><span class='ocrx_word' id='word_1_74' title='bbox 180 1318 357 1379; x_wconf 67' lang='lat' dir='ltr'><strong>dicunt,</strong></span> <span class='ocrx_word' id='word_1_75' title='bbox 387 1313 692 1369; x_wconf 75' lang='lat' dir='ltr'><strong>observat</strong></span> <span class='ocrx_word' id='word_1_76' title='bbox 733 1328 856 1369; x_wconf 86' lang='lat' dir='ltr'><strong>eos</strong></span> <span class='ocrx_word' id='word_1_77' title='bbox 882 1354 901 1379; x_wconf 93' lang='lat'><strong>,</strong></span> <span class='ocrx_word' id='word_1_78' title='bbox 944 1313 1050 1383; x_wconf 87' lang='lat' dir='ltr'><strong>qui</strong></span> <span class='ocrx_word' id='word_1_79' title='bbox 1084 1313 1137 1365; x_wconf 91' lang='lat' dir='ltr'><strong>in</strong></span> <span class='ocrx_word' id='word_1_80' title='bbox 1179 1312 1263 1367; x_wconf 85' lang='lat' dir='ltr'><strong>his</strong></span> <span class='ocrx_word' id='word_1_81' title='bbox 1291 1309 1493 1365; x_wconf 66' lang='lat' dir='ltr'><strong>Caesari</strong></span> <span class='ocrx_word' id='word_1_82' title='bbox 1541 1308 1849 1364; x_wconf 86' lang='lat' dir='ltr'><strong>deferendis</strong></span> 
     </span>
    </p>
   </div>
   <div class='ocr_carea' id='block_1_12' title="bbox 186 1400 1848 1478">
    <p class='ocr_par' dir='ltr' id='par_1_12' title="bbox 186 1400 1848 1478">
     <span class='ocr_line' id='line_1_12' title="bbox 186 1400 1848 1478; baseline -0.005 -17"><span class='ocrx_word' id='word_1_83' title='bbox 186 1423 360 1478; x_wconf 74' lang='lat' dir='ltr'><strong>magna</strong></span> <span class='ocrx_word' id='word_1_84' title='bbox 388 1406 590 1462; x_wconf 82' lang='lat' dir='ltr'><strong>studia</strong></span> <span class='ocrx_word' id='word_1_85' title='bbox 640 1407 1049 1477; x_wconf 81' lang='lat' dir='ltr'><strong>signiﬁcant,</strong></span> <span class='ocrx_word' id='word_1_86' title='bbox 1096 1404 1241 1476; x_wconf 73' lang='lat' dir='ltr'><strong>saepe</strong></span> <span class='ocrx_word' id='word_1_87' title='bbox 1273 1404 1456 1457; x_wconf 86' lang='lat' dir='ltr'><strong>animo</strong></span> <span class='ocrx_word' id='word_1_88' title='bbox 1494 1417 1616 1456; x_wconf 92' lang='lat' dir='ltr'><strong>esse</strong></span> <span class='ocrx_word' id='word_1_89' title='bbox 1644 1400 1848 1457; x_wconf 63' lang='lat' dir='ltr'><strong>Caesari</strong></span> 
     </span>
    </p>
   </div>
   <div class='ocr_carea' id='block_1_13' title="bbox 197 1492 1846 1569">
    <p class='ocr_par' dir='ltr' id='par_1_13' title="bbox 197 1492 1846 1569">
     <span class='ocr_line' id='line_1_13' title="bbox 197 1492 1846 1569; baseline -0.007 -14"><span class='ocrx_word' id='word_1_90' title='bbox 197 1518 293 1555; x_wconf 89' lang='lat' dir='ltr'><strong>non</strong></span> <span class='ocrx_word' id='word_1_91' title='bbox 330 1501 517 1555; x_wconf 83' lang='lat' dir='ltr'><strong>amico</strong></span> <span class='ocrx_word' id='word_1_92' title='bbox 550 1510 615 1555; x_wconf 89' lang='lat' dir='ltr'><strong>et</strong></span> <span class='ocrx_word' id='word_1_93' title='bbox 653 1500 1019 1569; x_wconf 82' lang='lat' dir='ltr'><strong>astrologos</strong></span> <span class='ocrx_word' id='word_1_94' title='bbox 1063 1500 1132 1551; x_wconf 88' lang='lat' dir='ltr'><strong>de</strong></span> <span class='ocrx_word' id='word_1_95' title='bbox 1166 1497 1307 1549; x_wconf 90' lang='lat' dir='ltr'><strong>illius</strong></span> <span class='ocrx_word' id='word_1_96' title='bbox 1332 1498 1510 1549; x_wconf 87' lang='lat' dir='ltr'><strong>salute</strong></span> <span class='ocrx_word' id='word_1_97' title='bbox 1541 1492 1846 1557; x_wconf 86' lang='lat' dir='ltr'><strong>consulere,</strong></span> 
     </span>
    </p>
   </div>
   <div class='ocr_carea' id='block_1_14' title="bbox 205 1584 1847 1662">
    <p class='ocr_par' dir='ltr' id='par_1_14' title="bbox 205 1584 1847 1662">
     <span class='ocr_line' id='line_1_14' title="bbox 205 1584 1847 1662; baseline -0.007 -15"><span class='ocrx_word' id='word_1_98' title='bbox 205 1593 431 1658; x_wconf 79' lang='lat' dir='ltr'><strong>cuiusrei</strong></span> <span class='ocrx_word' id='word_1_99' title='bbox 457 1592 821 1662; x_wconf 86' lang='lat' dir='ltr'><strong>suspicioin</strong></span> <span class='ocrx_word' id='word_1_100' title='bbox 854 1590 1223 1645; x_wconf 82' lang='lat' dir='ltr'><strong>Christianos</strong></span> <span class='ocrx_word' id='word_1_101' title='bbox 1255 1603 1360 1641; x_wconf 91' lang='lat' dir='ltr'><strong>non</strong></span> <span class='ocrx_word' id='word_1_102' title='bbox 1389 1586 1558 1642; x_wconf 84' lang='lat' dir='ltr'><strong>cadit.</strong></span> <span class='ocrx_word' id='word_1_103' title='bbox 1592 1584 1847 1643; x_wconf 58' lang='lat' dir='ltr'><strong>cEadem</strong></span> 
     </span>
    </p>
   </div>
   <div class='ocr_carea' id='block_1_15' title="bbox 215 1678 1849 1755">
    <p class='ocr_par' dir='ltr' id='par_1_15' title="bbox 215 1678 1849 1755">
     <span class='ocr_line' id='line_1_15' title="bbox 215 1678 1849 1755; baseline -0.007 -15"><span class='ocrx_word' id='word_1_104' title='bbox 215 1685 369 1740; x_wconf 66' lang='lat' dir='ltr'><strong>omnia</strong></span> <span class='ocrx_word' id='word_1_105' title='bbox 398 1686 781 1755; x_wconf 86' lang='lat' dir='ltr'><strong>dependunt,</strong></span> <span class='ocrx_word' id='word_1_106' title='bbox 822 1684 1049 1753; x_wconf 88' lang='lat' dir='ltr'><strong>inquit,</strong></span> <span class='ocrx_word' id='word_1_107' title='bbox 1088 1691 1144 1735; x_wconf 83' lang='lat' dir='ltr'><strong>et</strong></span> <span class='ocrx_word' id='word_1_108' title='bbox 1190 1683 1280 1749; x_wconf 90' lang='lat' dir='ltr'><strong>qui</strong></span> <span class='ocrx_word' id='word_1_109' title='bbox 1322 1678 1625 1748; x_wconf 77' lang='lat' dir='ltr'><strong>astrologos</strong></span> <span class='ocrx_word' id='word_1_110' title='bbox 1670 1685 1727 1730; x_wconf 91' lang='lat' dir='ltr'><strong>et</strong></span> <span class='ocrx_word' id='word_1_111' title='bbox 1750 1691 1849 1729; x_wconf 85' lang='lat' dir='ltr'><strong>au-</strong></span> 
     </span>
    </p>
   </div>
   <div class='ocr_carea' id='block_1_16' title="bbox 223 1765 1851 1847">
    <p class='ocr_par' dir='ltr' id='par_1_16' title="bbox 223 1765 1851 1847">
     <span class='ocr_line' id='line_1_16' title="bbox 223 1765 1851 1847; baseline -0.007 -17"><span class='ocrx_word' id='word_1_112' title='bbox 223 1792 366 1847; x_wconf 74' lang='lat' dir='ltr'><strong>gures</strong></span> <span class='ocrx_word' id='word_1_113' title='bbox 413 1787 473 1831; x_wconf 87' lang='lat' dir='ltr'><strong>et</strong></span> <span class='ocrx_word' id='word_1_114' title='bbox 523 1776 856 1844; x_wconf 82' lang='lat' dir='ltr'><strong>aruspices</strong></span> <span class='ocrx_word' id='word_1_115' title='bbox 900 1786 964 1828; x_wconf 89' lang='lat' dir='ltr'><strong>et</strong></span> <span class='ocrx_word' id='word_1_116' title='bbox 1018 1787 1209 1843; x_wconf 81' lang='lat' dir='ltr'><strong>magos</strong></span> <span class='ocrx_word' id='word_1_117' title='bbox 1238 1772 1304 1825; x_wconf 87' lang='lat' dir='ltr'><strong>de</strong></span> <span class='ocrx_word' id='word_1_118' title='bbox 1349 1770 1628 1824; x_wconf 75' lang='lat' dir='ltr'><strong>Caesarum</strong></span> <span class='ocrx_word' id='word_1_119' title='bbox 1673 1765 1851 1835; x_wconf 90' lang='lat' dir='ltr'><strong>capite</strong></span> 
     </span>
    </p>
   </div>
   <div class='ocr_carea' id='block_1_17' title="bbox 232 1859 1850 1936">
    <p class='ocr_par' dir='ltr' id='par_1_17' title="bbox 232 1859 1850 1936">
     <span class='ocr_line' id='line_1_17' title="bbox 232 1859 1850 1936; baseline -0.009 -13"><span class='ocrx_word' id='word_1_120' title='bbox 232 1867 549 1931; x_wconf 80' lang='lat' dir='ltr'><strong>consultant,</strong></span> <span class='ocrx_word' id='word_1_121' title='bbox 576 1881 734 1936; x_wconf 90' lang='lat' dir='ltr'><strong>quas</strong></span> <span class='ocrx_word' id='word_1_122' title='bbox 779 1876 952 1919; x_wconf 86' lang='lat' dir='ltr'><strong>artes</strong></span> <span class='ocrx_word' id='word_1_123' title='bbox 981 1865 1051 1916; x_wconf 91' lang='lat' dir='ltr'><strong>ab</strong></span> <span class='ocrx_word' id='word_1_124' title='bbox 1082 1861 1292 1932; x_wconf 81' lang='lat' dir='ltr'><strong>angelis</strong></span> <span class='ocrx_word' id='word_1_125' title='bbox 1320 1859 1696 1915; x_wconf 88' lang='lat' dir='ltr'><strong>desertoribus</strong></span> <span class='ocrx_word' id='word_1_126' title='bbox 1720 1872 1850 1925; x_wconf 89' lang='lat' dir='ltr'><strong>pro-</strong></span> 
     </span>
    </p>
   </div>
   <div class='ocr_carea' id='block_1_18' title="bbox 1952 645 3522 723">
    <p class='ocr_par' dir='ltr' id='par_1_18' title="bbox 1952 645 3522 723">
     <span class='ocr_line' id='line_1_18' title="bbox 1952 645 3522 723; baseline -0.008 -14"><span class='ocrx_word' id='word_1_127' title='bbox 1952 671 2073 709; x_wconf 88' lang='lat' dir='ltr'><strong>cum</strong></span> <span class='ocrx_word' id='word_1_128' title='bbox 2097 655 2305 723; x_wconf 84' lang='lat' dir='ltr'><strong>magica</strong></span> <span class='ocrx_word' id='word_1_129' title='bbox 2338 650 2625 716; x_wconf 88' lang='lat' dir='ltr'><strong>miracula,</strong></span> <span class='ocrx_word' id='word_1_130' title='bbox 2654 650 2963 702; x_wconf 72' lang='lat' dir='ltr'><strong>dzemonum</strong></span> <span class='ocrx_word' id='word_1_131' title='bbox 3006 647 3059 699; x_wconf 93' lang='lat' dir='ltr'><strong>in</strong></span> <span class='ocrx_word' id='word_1_132' title='bbox 3085 659 3150 699; x_wconf 89' lang='lat' dir='ltr'><strong>eo</strong></span> <span class='ocrx_word' id='word_1_133' title='bbox 3180 645 3522 715; x_wconf 86' lang='lat' dir='ltr'><strong>operantium</strong></span> 
     </span>
    </p>
   </div>
   <div class='ocr_carea' id='block_1_19' title="bbox 1954 736 3524 813">
    <p class='ocr_par' dir='ltr' id='par_1_19' title="bbox 1954 736 3524 813">
     <span class='ocr_line' id='line_1_19' title="bbox 1954 736 3524 813; baseline -0.006 -14"><span class='ocrx_word' id='word_1_134' title='bbox 1954 759 2091 809; x_wconf 85' lang='lat' dir='ltr'><strong>arte,</strong></span> <span class='ocrx_word' id='word_1_135' title='bbox 2146 747 2198 797; x_wconf 94' lang='lat' dir='ltr'><strong>in</strong></span> <span class='ocrx_word' id='word_1_136' title='bbox 2251 744 2396 813; x_wconf 83' lang='lat' dir='ltr'><strong>regia</strong></span> <span class='ocrx_word' id='word_1_137' title='bbox 2436 751 2619 796; x_wconf 87' lang='lat' dir='ltr'><strong>vestra</strong></span> <span class='ocrx_word' id='word_1_138' title='bbox 2666 741 2801 794; x_wconf 87' lang='lat' dir='ltr'><strong>urbe</strong></span> <span class='ocrx_word' id='word_1_139' title='bbox 2856 739 3027 791; x_wconf 83' lang='lat' dir='ltr'><strong>Roma</strong></span> <span class='ocrx_word' id='word_1_140' title='bbox 3063 736 3347 798; x_wconf 91' lang='lat' dir='ltr'><strong>edidisset,</strong></span> <span class='ocrx_word' id='word_1_141' title='bbox 3385 736 3524 791; x_wconf 88' lang='lat' dir='ltr'><strong>deus</strong></span> 
     </span>
    </p>
   </div>
   <div class='ocr_carea' id='block_1_20' title="bbox 1955 830 3525 901">
    <p class='ocr_par' dir='ltr' id='par_1_20' title="bbox 1955 830 3525 901">
     <span class='ocr_line' id='line_1_20' title="bbox 1955 830 3525 901; baseline -0.006 -11"><span class='ocrx_word' id='word_1_142' title='bbox 1955 835 2304 890; x_wconf 76' lang='lat' dir='ltr'><strong>existimatus</strong></span> <span class='ocrx_word' id='word_1_143' title='bbox 2335 845 2419 889; x_wconf 89' lang='lat' dir='ltr'><strong>est</strong></span> <span class='ocrx_word' id='word_1_144' title='bbox 2448 843 2501 888; x_wconf 89' lang='lat' dir='ltr'><strong>et</strong></span> <span class='ocrx_word' id='word_1_145' title='bbox 2522 849 2549 886; x_wconf 91' lang='lat' dir='ltr'><strong>a</strong></span> <span class='ocrx_word' id='word_1_146' title='bbox 2578 833 2733 887; x_wconf 80' lang='lat' dir='ltr'><strong>vobis</strong></span> <span class='ocrx_word' id='word_1_147' title='bbox 2769 843 3026 901; x_wconf 90' lang='lat' dir='ltr'><strong>tanquam</strong></span> <span class='ocrx_word' id='word_1_148' title='bbox 3058 830 3188 884; x_wconf 90' lang='lat' dir='ltr'><strong>deus</strong></span> <span class='ocrx_word' id='word_1_149' title='bbox 3219 839 3395 884; x_wconf 90' lang='lat' dir='ltr'><strong>statua</strong></span> <span class='ocrx_word' id='word_1_150' title='bbox 3425 831 3525 882; x_wconf 87' lang='lat' dir='ltr'><strong>ho-</strong></span> 
     </span>
    </p>
   </div>
   <div class='ocr_carea' id='block_1_21' title="bbox 1954 920 3527 997">
    <p class='ocr_par' dir='ltr' id='par_1_21' title="bbox 1954 920 3527 997">
     <span class='ocr_line' id='line_1_21' title="bbox 1954 920 3527 997; baseline -0.004 -16"><span class='ocrx_word' id='word_1_151' title='bbox 1954 938 2185 982; x_wconf 88' lang='lat' dir='ltr'><strong>noratus</strong></span> <span class='ocrx_word' id='word_1_152' title='bbox 2210 942 2362 997; x_wconf 75' lang='lat' dir='ltr'><strong>:qua:</strong></span> <span class='ocrx_word' id='word_1_153' title='bbox 2402 933 2797 980; x_wconf 82' lang='lat' dir='ltr'><strong>statuaerecta</strong></span> <span class='ocrx_word' id='word_1_154' title='bbox 2831 932 2917 978; x_wconf 89' lang='lat' dir='ltr'><strong>est</strong></span> <span class='ocrx_word' id='word_1_155' title='bbox 2958 923 3008 976; x_wconf 93' lang='lat' dir='ltr'><strong>in</strong></span> <span class='ocrx_word' id='word_1_156' title='bbox 3054 921 3228 976; x_wconf 88' lang='lat' dir='ltr'><strong>insula</strong></span> <span class='ocrx_word' id='word_1_157' title='bbox 3266 920 3527 975; x_wconf 89' lang='lat' dir='ltr'><strong>Tiberina</strong></span> 
     </span>
    </p>
   </div>
   <div class='ocr_carea' id='block_1_22' title="bbox 1953 1012 3529 1089">
    <p class='ocr_par' dir='ltr' id='par_1_22' title="bbox 1953 1012 3529 1089">
     <span class='ocr_line' id='line_1_22' title="bbox 1953 1012 3529 1089; baseline -0.004 -16"><span class='ocrx_word' id='word_1_158' title='bbox 1953 1020 2097 1074; x_wconf 91' lang='lat' dir='ltr'><strong>inter</strong></span> <span class='ocrx_word' id='word_1_159' title='bbox 2136 1020 2273 1073; x_wconf 90' lang='lat' dir='ltr'><strong>duos</strong></span> <span class='ocrx_word' id='word_1_160' title='bbox 2311 1029 2525 1089; x_wconf 85' lang='lat' dir='ltr'><strong>pontes,</strong></span> <span class='ocrx_word' id='word_1_161' title='bbox 2557 1017 2766 1072; x_wconf 88' lang='lat' dir='ltr'><strong>habens</strong></span> <span class='ocrx_word' id='word_1_162' title='bbox 2802 1016 2943 1070; x_wconf 89' lang='lat' dir='ltr'><strong>hanc</strong></span> <span class='ocrx_word' id='word_1_163' title='bbox 2989 1014 3289 1071; x_wconf 79' lang='lat' dir='ltr'><strong>Romanam</strong></span> <span class='ocrx_word' id='word_1_164' title='bbox 3329 1012 3529 1067; x_wconf 78' lang='lat' dir='ltr'><strong>inseri-</strong></span> 
     </span>
    </p>
   </div>
   <div class='ocr_carea' id='block_1_23' title="bbox 1951 1102 3526 1180">
    <p class='ocr_par' dir='ltr' id='par_1_23' title="bbox 1951 1102 3526 1180">
     <span class='ocr_line' id='line_1_23' title="bbox 1951 1102 3526 1180; baseline -0.006 -15"><span class='ocrx_word' id='word_1_165' title='bbox 1951 1112 2192 1180; x_wconf 87' lang='lat' dir='ltr'><strong>ptionem</strong></span> <span class='ocrx_word' id='word_1_166' title='bbox 2225 1110 2471 1166; x_wconf 84' lang='lat' dir='ltr'><strong>:Simoni</strong></span> <span class='ocrx_word' id='word_1_167' title='bbox 2494 1111 2591 1164; x_wconf 87' lang='lat' dir='ltr'><strong>deo</strong></span> <span class='ocrx_word' id='word_1_168' title='bbox 2628 1120 2832 1163; x_wconf 85' lang='lat' dir='ltr'><strong>sancto.</strong></span> <span class='ocrx_word' id='word_1_169' title='bbox 2875 1127 2894 1161; x_wconf 73' lang='grc' dir='ltr'><strong><em>ι</em></strong></span> <span class='ocrx_word' id='word_1_170' title='bbox 2920 1107 2985 1163; x_wconf 89' lang='lat' dir='ltr'><strong>Et</strong></span> <span class='ocrx_word' id='word_1_171' title='bbox 3025 1122 3176 1161; x_wconf 91' lang='lat' dir='ltr'><strong>num.</strong></span> <span class='ocrx_word' id='word_1_172' title='bbox 3212 1104 3314 1158; x_wconf 77' lang='lat'><strong>56:</strong></span> <span class='ocrx_word' id='word_1_173' title='bbox 3353 1123 3370 1157; x_wconf 77' lang='grc' dir='ltr'>ι</span> <span class='ocrx_word' id='word_1_174' title='bbox 3401 1102 3526 1157; x_wconf 70' lang='lat' dir='ltr'><strong>Das-</strong></span> 
     </span>
    </p>
   </div>
   <div class='ocr_carea' id='block_1_24' title="bbox 1955 1200 3529 1261">
    <p class='ocr_par' dir='ltr' id='par_1_24' title="bbox 1955 1200 3529 1261">
     <span class='ocr_line' id='line_1_24' title="bbox 1955 1200 3529 1261; baseline -0.001 -4"><span class='ocrx_word' id='word_1_175' title='bbox 1955 1220 2144 1261; x_wconf 88' lang='lat' dir='ltr'><strong>mones</strong></span> <span class='ocrx_word' id='word_1_176' title='bbox 2174 1206 2522 1259; x_wconf 90' lang='lat' dir='ltr'><strong>immiserunt</strong></span> <span class='ocrx_word' id='word_1_177' title='bbox 2545 1203 2823 1258; x_wconf 89' lang='lat' dir='ltr'><strong>Simonem</strong></span> <span class='ocrx_word' id='word_1_178' title='bbox 2856 1212 2911 1257; x_wconf 89' lang='lat' dir='ltr'><strong>et</strong></span> <span class='ocrx_word' id='word_1_179' title='bbox 2945 1200 3300 1257; x_wconf 84' lang='lat' dir='ltr'><strong>Menandrum</strong></span> <span class='ocrx_word' id='word_1_180' title='bbox 3335 1201 3529 1255; x_wconf 84' lang='lat' dir='ltr'><strong>Sama-</strong></span> 
     </span>
    </p>
   </div>
   <div class='ocr_carea' id='block_1_25' title="bbox 1952 1293 3530 1367">
    <p class='ocr_par' dir='ltr' id='par_1_25' title="bbox 1952 1293 3530 1367">
     <span class='ocr_line' id='line_1_25' title="bbox 1952 1293 3530 1367; baseline -0.004 -13"><span class='ocrx_word' id='word_1_181' title='bbox 1952 1301 2185 1360; x_wconf 85' lang='lat' dir='ltr'><strong>ritanos,</strong></span> <span class='ocrx_word' id='word_1_182' title='bbox 2225 1298 2315 1366; x_wconf 90' lang='lat' dir='ltr'><strong>qui</strong></span> <span class='ocrx_word' id='word_1_183' title='bbox 2362 1298 2590 1367; x_wconf 81' lang='lat' dir='ltr'><strong>magicis</strong></span> <span class='ocrx_word' id='word_1_184' title='bbox 2627 1295 2912 1351; x_wconf 89' lang='lat' dir='ltr'><strong>miraculis</strong></span> <span class='ocrx_word' id='word_1_185' title='bbox 2941 1296 3105 1350; x_wconf 89' lang='lat' dir='ltr'><strong>editis</strong></span> <span class='ocrx_word' id='word_1_186' title='bbox 3132 1293 3335 1348; x_wconf 90' lang='lat' dir='ltr'><strong>multos</strong></span> <span class='ocrx_word' id='word_1_187' title='bbox 3363 1293 3530 1348; x_wconf 87' lang='lat' dir='ltr'><strong>dece-</strong></span> 
     </span>
    </p>
   </div>
   <div class='ocr_carea' id='block_1_26' title="bbox 1952 1381 3527 1458">
    <p class='ocr_par' dir='ltr' id='par_1_26' title="bbox 1952 1381 3527 1458">
     <span class='ocr_line' id='line_1_26' title="bbox 1952 1381 3527 1458; baseline -0.003 -17"><span class='ocrx_word' id='word_1_188' title='bbox 1952 1396 2169 1458; x_wconf 81' lang='lat' dir='ltr'><strong>pcrunt,</strong></span> <span class='ocrx_word' id='word_1_189' title='bbox 2203 1397 2365 1457; x_wconf 91' lang='lat' dir='ltr'><strong>atque</strong></span> <span class='ocrx_word' id='word_1_190' title='bbox 2391 1387 2688 1442; x_wconf 86' lang='lat' dir='ltr'><strong>etiamnum</strong></span> <span class='ocrx_word' id='word_1_191' title='bbox 2719 1386 2975 1455; x_wconf 90' lang='lat' dir='ltr'><strong>deceptos</strong></span> <span class='ocrx_word' id='word_1_192' title='bbox 2996 1393 3206 1440; x_wconf 78' lang='lat' dir='ltr'><strong>tenent.</strong></span> <span class='ocrx_word' id='word_1_193' title='bbox 3238 1381 3375 1438; x_wconf 91' lang='lat' dir='ltr'><strong>Nam</strong></span> <span class='ocrx_word' id='word_1_194' title='bbox 3404 1399 3527 1437; x_wconf 90' lang='lat' dir='ltr'><strong>cum</strong></span> 
     </span>
    </p>
   </div>
   <div class='ocr_carea' id='block_1_27' title="bbox 1955 1477 3533 1557">
    <p class='ocr_par' dir='ltr' id='par_1_27' title="bbox 1955 1477 3533 1557">
     <span class='ocr_line' id='line_1_27' title="bbox 1955 1477 3533 1557; baseline -0.002 -24"><span class='ocrx_word' id='word_1_195' title='bbox 1955 1481 2095 1557; x_wconf 79' lang='lat' dir='ltr'><strong>apud</strong></span> <span class='ocrx_word' id='word_1_196' title='bbox 2128 1495 2224 1534; x_wconf 88' lang='lat' dir='ltr'><strong>vos</strong></span> <span class='ocrx_word' id='word_1_197' title='bbox 2266 1481 2318 1534; x_wconf 93' lang='lat' dir='ltr'><strong>in</strong></span> <span class='ocrx_word' id='word_1_198' title='bbox 2362 1480 2512 1550; x_wconf 85' lang='lat' dir='ltr'><strong>regia</strong></span> <span class='ocrx_word' id='word_1_199' title='bbox 2548 1481 2683 1534; x_wconf 88' lang='lat' dir='ltr'><strong>urbe</strong></span> <span class='ocrx_word' id='word_1_200' title='bbox 2728 1479 2925 1543; x_wconf 83' lang='lat' dir='ltr'><strong>Roma,</strong></span> <span class='ocrx_word' id='word_1_201' title='bbox 2960 1489 3016 1533; x_wconf 92' lang='lat' dir='ltr'><strong>ut</strong></span> <span class='ocrx_word' id='word_1_202' title='bbox 3040 1478 3156 1548; x_wconf 88' lang='lat' dir='ltr'><strong>jam</strong></span> <span class='ocrx_word' id='word_1_203' title='bbox 3195 1477 3330 1545; x_wconf 78' lang='lat' dir='ltr'><strong>dixi,</strong></span> <span class='ocrx_word' id='word_1_204' title='bbox 3360 1478 3533 1545; x_wconf 89' lang='lat' dir='ltr'><strong>impe-</strong></span> 
     </span>
    </p>
   </div>
   <div class='ocr_carea' id='block_1_28' title="bbox 1955 1572 3531 1640">
    <p class='ocr_par' dir='ltr' id='par_1_28' title="bbox 1955 1572 3531 1640">
     <span class='ocr_line' id='line_1_28' title="bbox 1955 1572 3531 1640; baseline 0 -16"><span class='ocrx_word' id='word_1_205' title='bbox 1955 1583 2114 1626; x_wconf 84' lang='lat' dir='ltr'><strong>rante</strong></span> <span class='ocrx_word' id='word_1_206' title='bbox 2142 1572 2364 1627; x_wconf 83' lang='lat' dir='ltr'><strong>Claudio</strong></span> <span class='ocrx_word' id='word_1_207' title='bbox 2391 1572 2624 1640; x_wconf 72' lang='lat' dir='ltr'><strong>Caesare,</strong></span> <span class='ocrx_word' id='word_1_208' title='bbox 2658 1573 2845 1626; x_wconf 88' lang='lat' dir='ltr'><strong>Simon</strong></span> <span class='ocrx_word' id='word_1_209' title='bbox 2872 1580 3215 1627; x_wconf 82' lang='lat' dir='ltr'><strong>versaretur:</strong></span> <span class='ocrx_word' id='word_1_210' title='bbox 3236 1580 3287 1624; x_wconf 90' lang='lat' dir='ltr'><strong>et</strong></span> <span class='ocrx_word' id='word_1_211' title='bbox 3315 1585 3531 1624; x_wconf 90' lang='lat' dir='ltr'><strong>sacrum</strong></span> 
     </span>
    </p>
   </div>
   <div class='ocr_carea' id='block_1_29' title="bbox 1952 1662 3531 1735">
    <p class='ocr_par' dir='ltr' id='par_1_29' title="bbox 1952 1662 3531 1735">
     <span class='ocr_line' id='line_1_29' title="bbox 1952 1662 3531 1735; baseline -0.001 -18"><span class='ocrx_word' id='word_1_212' title='bbox 1952 1673 2202 1719; x_wconf 88' lang='lat' dir='ltr'><strong>senatum</strong></span> <span class='ocrx_word' id='word_1_213' title='bbox 2256 1674 2311 1719; x_wconf 90' lang='lat' dir='ltr'><strong>et</strong></span> <span class='ocrx_word' id='word_1_214' title='bbox 2346 1665 2606 1735; x_wconf 88' lang='lat' dir='ltr'><strong>populum</strong></span> <span class='ocrx_word' id='word_1_215' title='bbox 2654 1663 2964 1719; x_wconf 81' lang='lat' dir='ltr'><strong>Romanum</strong></span> <span class='ocrx_word' id='word_1_216' title='bbox 3026 1665 3101 1718; x_wconf 85' lang='lat' dir='ltr'><strong>ita</strong></span> <span class='ocrx_word' id='word_1_217' title='bbox 3162 1662 3531 1718; x_wconf 86' lang='lat' dir='ltr'><strong>admiratione</strong></span> 
     </span>
    </p>
   </div>
   <div class='ocr_carea' id='block_1_30' title="bbox 1953 1755 3534 1825">
    <p class='ocr_par' dir='ltr' id='par_1_30' title="bbox 1953 1755 3534 1825">
     <span class='ocr_line' id='line_1_30' title="bbox 1953 1755 3534 1825; baseline -0.001 -15"><span class='ocrx_word' id='word_1_218' title='bbox 1953 1758 2235 1825; x_wconf 82' lang='lat' dir='ltr'><strong>perculsit,</strong></span> <span class='ocrx_word' id='word_1_219' title='bbox 2285 1766 2344 1812; x_wconf 92' lang='lat' dir='ltr'><strong>ut</strong></span> <span class='ocrx_word' id='word_1_220' title='bbox 2387 1758 2519 1813; x_wconf 89' lang='lat' dir='ltr'><strong>deus</strong></span> <span class='ocrx_word' id='word_1_221' title='bbox 2576 1759 3011 1822; x_wconf 82' lang='lat' dir='ltr'><strong>existimaretur,</strong></span> <span class='ocrx_word' id='word_1_222' title='bbox 3044 1766 3099 1811; x_wconf 92' lang='lat' dir='ltr'><strong>et</strong></span> <span class='ocrx_word' id='word_1_223' title='bbox 3157 1766 3337 1811; x_wconf 87' lang='lat' dir='ltr'><strong>statua</strong></span> <span class='ocrx_word' id='word_1_224' title='bbox 3384 1755 3534 1809; x_wconf 89' lang='lat' dir='ltr'><strong>velut</strong></span> 
     </span>
    </p>
   </div>
   <div class='ocr_carea' id='block_1_31' title="bbox 1954 1849 3535 1922">
    <p class='ocr_par' dir='ltr' id='par_1_31' title="bbox 1954 1849 3535 1922">
     <span class='ocr_line' id='line_1_31' title="bbox 1954 1849 3535 1922; baseline -0.003 -18"><span class='ocrx_word' id='word_1_225' title='bbox 1954 1850 2064 1917; x_wconf 89' lang='lat' dir='ltr'><strong>alii,</strong></span> <span class='ocrx_word' id='word_1_226' title='bbox 2095 1852 2187 1922; x_wconf 86' lang='lat' dir='ltr'><strong>qui</strong></span> <span class='ocrx_word' id='word_1_227' title='bbox 2219 1866 2248 1905; x_wconf 89' lang='lat' dir='ltr'><strong>a</strong></span> <span class='ocrx_word' id='word_1_228' title='bbox 2268 1852 2426 1907; x_wconf 85' lang='lat' dir='ltr'><strong>vobis</strong></span> <span class='ocrx_word' id='word_1_229' title='bbox 2470 1851 2746 1917; x_wconf 90' lang='lat' dir='ltr'><strong>coluntur,</strong></span> <span class='ocrx_word' id='word_1_230' title='bbox 2764 1851 3169 1906; x_wconf 87' lang='lat' dir='ltr'><strong>diidonaretur.</strong></span> <span class='ocrx_word' id='word_1_231' title='bbox 3191 1849 3535 1918; x_wconf 84' lang='lat' dir='ltr'><strong>Quapropter</strong></span> 
     </span>
    </p>
   </div>
   <div class='ocr_carea' id='block_1_32' title="bbox 237 1930 3534 2019">
    <p class='ocr_par' dir='ltr' id='par_1_32' title="bbox 237 1930 3534 2019">
     <span class='ocr_line' id='line_1_32' title="bbox 237 1930 3534 2019; baseline -0.007 -6"><span class='ocrx_word' id='word_1_232' title='bbox 237 1962 359 2013; x_wconf 77' lang='lat' dir='ltr'><strong>ditas</strong></span> <span class='ocrx_word' id='word_1_233' title='bbox 403 1969 458 2013; x_wconf 88' lang='lat' dir='ltr'><strong>et</strong></span> <span class='ocrx_word' id='word_1_234' title='bbox 510 1930 545 2012; x_wconf 82' lang='lat' dir='ltr'><strong>a</strong></span> <span class='ocrx_word' id='word_1_235' title='bbox 589 1930 721 2012; x_wconf 62' lang='lat' dir='ltr'><strong>beo</strong></span> <span class='ocrx_word' id='word_1_236' title='bbox 762 1956 1121 2011; x_wconf 88' lang='lat' dir='ltr'><strong>interdictas</strong></span> <span class='ocrx_word' id='word_1_237' title='bbox 1159 1930 1227 2007; x_wconf 80' lang='lat' dir='ltr'><strong>ne</strong></span> <span class='ocrx_word' id='word_1_238' title='bbox 1252 1953 1364 2007; x_wconf 92' lang='lat' dir='ltr'><strong>suis</strong></span> <span class='ocrx_word' id='word_1_239' title='bbox 1395 1951 1616 2019; x_wconf 89' lang='lat' dir='ltr'><strong>quidem</strong></span> <span class='ocrx_word' id='word_1_240' title='bbox 1665 1946 1850 2001; x_wconf 88' lang='lat' dir='ltr'><strong>causis</strong></span> <span class='ocrx_word' id='word_1_241' title='bbox 1884 1930 1925 1983; x_wconf 79' lang='grc' dir='ltr'><strong>Β</strong></span> <span class='ocrx_word' id='word_1_242' title='bbox 1960 1958 2206 2011; x_wconf 88' lang='lat' dir='ltr'><strong>oramus,</strong></span> <span class='ocrx_word' id='word_1_243' title='bbox 2242 1951 2301 1997; x_wconf 90' lang='lat' dir='ltr'><strong>ut</strong></span> <span class='ocrx_word' id='word_1_244' title='bbox 2331 1952 2386 1998; x_wconf 91' lang='lat' dir='ltr'><strong>et</strong></span> <span class='ocrx_word' id='word_1_245' title='bbox 2418 1958 2636 1998; x_wconf 87' lang='lat' dir='ltr'><strong>sacrum</strong></span> <span class='ocrx_word' id='word_1_246' title='bbox 2666 1950 2912 1997; x_wconf 89' lang='lat' dir='ltr'><strong>senatum</strong></span> <span class='ocrx_word' id='word_1_247' title='bbox 2962 1952 3018 1996; x_wconf 91' lang='lat' dir='ltr'><strong>et</strong></span> <span class='ocrx_word' id='word_1_248' title='bbox 3044 1940 3297 2011; x_wconf 89' lang='lat' dir='ltr'><strong>populum</strong></span> <span class='ocrx_word' id='word_1_249' title='bbox 3331 1939 3534 1992; x_wconf 61' lang='lat' dir='ltr'><strong>Romac</strong></span> 
     </span>
    </p>
   </div>
   <div class='ocr_carea' id='block_1_33' title="bbox 242 2041 1851 2106">
    <p class='ocr_par' dir='ltr' id='par_1_33' title="bbox 242 2041 1851 2106">
     <span class='ocr_line' id='line_1_33' title="bbox 242 2041 1851 2106; baseline -0.009 -1"><span class='ocrx_word' id='word_1_250' title='bbox 242 2053 486 2106; x_wconf 77' lang='lat' dir='ltr'><strong>adhibent</strong></span> <span class='ocrx_word' id='word_1_251' title='bbox 512 2048 878 2104; x_wconf 83' lang='lat' dir='ltr'><strong>Christiani.</strong></span> <span class='ocrx_word' id='word_1_252' title='bbox 914 2065 935 2099; x_wconf 72' lang='grc' dir='ltr'><strong>ι</strong></span> <span class='ocrx_word' id='word_1_253' title='bbox 962 2044 1154 2100; x_wconf 79' lang='lat' dir='ltr'><strong>Refert</strong></span> <span class='ocrx_word' id='word_1_254' title='bbox 1179 2044 1453 2098; x_wconf 87' lang='lat' dir='ltr'><strong>Lucianus</strong></span> <span class='ocrx_word' id='word_1_255' title='bbox 1473 2042 1523 2096; x_wconf 92' lang='lat' dir='ltr'><strong>in</strong></span> <span class='ocrx_word' id='word_1_256' title='bbox 1548 2041 1851 2094; x_wconf 76' lang='lat' dir='ltr'><strong>Alexandro</strong></span> 
     </span>
    </p>
   </div>
   <div class='ocr_carea' id='block_1_34' title="bbox 244 2131 1854 2209">
    <p class='ocr_par' dir='ltr' id='par_1_34' title="bbox 244 2131 1854 2209">
     <span class='ocr_line' id='line_1_34' title="bbox 244 2131 1854 2209; baseline -0.007 -12"><span class='ocrx_word' id='word_1_257' title='bbox 244 2143 483 2197; x_wconf 78' lang='lat' dir='ltr'><strong>callidum</strong></span> <span class='ocrx_word' id='word_1_258' title='bbox 514 2140 692 2209; x_wconf 81' lang='lat' dir='ltr'><strong>hujus</strong></span> <span class='ocrx_word' id='word_1_259' title='bbox 716 2139 982 2194; x_wconf 76' lang='lat' dir='ltr'><strong>hominis</strong></span> <span class='ocrx_word' id='word_1_260' title='bbox 1007 2135 1323 2199; x_wconf 81' lang='lat' dir='ltr'><strong>artiﬁcium,</strong></span> <span class='ocrx_word' id='word_1_261' title='bbox 1348 2134 1437 2203; x_wconf 90' lang='lat' dir='ltr'><strong>qui</strong></span> <span class='ocrx_word' id='word_1_262' title='bbox 1473 2148 1597 2187; x_wconf 89' lang='lat' dir='ltr'><strong>cum</strong></span> <span class='ocrx_word' id='word_1_263' title='bbox 1616 2131 1854 2201; x_wconf 83' lang='lat' dir='ltr'><strong>undique</strong></span> 
     </span>
    </p>
   </div>
   <div class='ocr_carea' id='block_1_35' title="bbox 250 2220 1856 2299">
    <p class='ocr_par' dir='ltr' id='par_1_35' title="bbox 250 2220 1856 2299">
     <span class='ocr_line' id='line_1_35' title="bbox 250 2220 1856 2299; baseline -0.009 -12"><span class='ocrx_word' id='word_1_264' title='bbox 250 2248 335 2299; x_wconf 74' lang='lat' dir='ltr'><strong>per</strong></span> <span class='ocrx_word' id='word_1_265' title='bbox 364 2232 580 2287; x_wconf 86' lang='lat' dir='ltr'><strong>libellos</strong></span> <span class='ocrx_word' id='word_1_266' title='bbox 612 2230 1051 2289; x_wconf 88' lang='lat' dir='ltr'><strong>consuleretur,</strong></span> <span class='ocrx_word' id='word_1_267' title='bbox 1085 2226 1129 2279; x_wconf 90' lang='lat' dir='ltr'><strong>si</strong></span> <span class='ocrx_word' id='word_1_268' title='bbox 1154 2224 1245 2293; x_wconf 91' lang='lat' dir='ltr'><strong>qui</strong></span> <span class='ocrx_word' id='word_1_269' title='bbox 1277 2238 1345 2277; x_wconf 87' lang='lat' dir='ltr'><strong>ex</strong></span> <span class='ocrx_word' id='word_1_270' title='bbox 1370 2223 1633 2277; x_wconf 85' lang='lat' dir='ltr'><strong>divitibus</strong></span> <span class='ocrx_word' id='word_1_271' title='bbox 1660 2220 1727 2275; x_wconf 89' lang='lat' dir='ltr'><strong>de</strong></span> <span class='ocrx_word' id='word_1_272' title='bbox 1763 2234 1856 2273; x_wconf 71' lang='lat' dir='ltr'><strong>re~</strong></span> 
     </span>
    </p>
   </div>
   <div class='ocr_carea' id='block_1_36' title="bbox 252 2312 1857 2393">
    <p class='ocr_par' dir='ltr' id='par_1_36' title="bbox 252 2312 1857 2393">
     <span class='ocr_line' id='line_1_36' title="bbox 252 2312 1857 2393; baseline -0.007 -17"><span class='ocrx_word' id='word_1_273' title='bbox 252 2325 344 2377; x_wconf 88' lang='lat' dir='ltr'><strong>bus</strong></span> <span class='ocrx_word' id='word_1_274' title='bbox 395 2321 583 2385; x_wconf 72' lang='lat' dir='ltr'><strong>magni</strong></span> <span class='ocrx_word' id='word_1_275' title='bbox 644 2318 931 2375; x_wconf 80' lang='lat' dir='ltr'><strong>momenti</strong></span> <span class='ocrx_word' id='word_1_276' title='bbox 1003 2316 1380 2379; x_wconf 86' lang='lat' dir='ltr'><strong>consulerent,</strong></span> <span class='ocrx_word' id='word_1_277' title='bbox 1431 2329 1537 2367; x_wconf 91' lang='lat' dir='ltr'><strong>non</strong></span> <span class='ocrx_word' id='word_1_278' title='bbox 1592 2312 1857 2393; x_wconf 84' lang='lat' dir='ltr'><strong>reddebat</strong></span> 
     </span>
    </p>
   </div>
   <div class='ocr_carea' id='block_1_37' title="bbox 254 2400 1855 2477">
    <p class='ocr_par' dir='ltr' id='par_1_37' title="bbox 254 2400 1855 2477">
     <span class='ocr_line' id='line_1_37' title="bbox 254 2400 1855 2477; baseline -0.006 -12"><span class='ocrx_word' id='word_1_279' title='bbox 254 2428 435 2465; x_wconf 87' lang='lat' dir='ltr'><strong>eorum</strong></span> <span class='ocrx_word' id='word_1_280' title='bbox 471 2412 727 2473; x_wconf 88' lang='lat' dir='ltr'><strong>libellos,</strong></span> <span class='ocrx_word' id='word_1_281' title='bbox 770 2409 873 2464; x_wconf 90' lang='lat' dir='ltr'><strong>sed</strong></span> <span class='ocrx_word' id='word_1_282' title='bbox 926 2408 1069 2477; x_wconf 90' lang='lat' dir='ltr'><strong>apud</strong></span> <span class='ocrx_word' id='word_1_283' title='bbox 1112 2422 1172 2460; x_wconf 90' lang='lat' dir='ltr'><strong>se</strong></span> <span class='ocrx_word' id='word_1_284' title='bbox 1220 2405 1507 2471; x_wconf 87' lang='lat' dir='ltr'><strong>retinebat,</strong></span> <span class='ocrx_word' id='word_1_285' title='bbox 1533 2414 1592 2457; x_wconf 86' lang='lat' dir='ltr'><strong>ut</strong></span> <span class='ocrx_word' id='word_1_286' title='bbox 1613 2417 1736 2458; x_wconf 90' lang='lat' dir='ltr'><strong>eum</strong></span> <span class='ocrx_word' id='word_1_287' title='bbox 1778 2400 1855 2457; x_wconf 92' lang='lat' dir='ltr'><strong>illi</strong></span> 
     </span>
    </p>
   </div>
   <div class='ocr_carea' id='block_1_38' title="bbox 253 2492 1853 2573">
    <p class='ocr_par' dir='ltr' id='par_1_38' title="bbox 253 2492 1853 2573">
     <span class='ocr_line' id='line_1_38' title="bbox 253 2492 1853 2573; baseline -0.006 -18"><span class='ocrx_word' id='word_1_288' title='bbox 253 2514 438 2573; x_wconf 77' lang='lat' dir='ltr'><strong>captos</strong></span> <span class='ocrx_word' id='word_1_289' title='bbox 470 2515 532 2559; x_wconf 90' lang='lat' dir='ltr'><strong>se</strong></span> <span class='ocrx_word' id='word_1_290' title='bbox 564 2511 622 2557; x_wconf 91' lang='lat' dir='ltr'><strong>et</strong></span> <span class='ocrx_word' id='word_1_291' title='bbox 656 2500 1016 2556; x_wconf 84' lang='lat' dir='ltr'><strong>constrictos</strong></span> <span class='ocrx_word' id='word_1_292' title='bbox 1045 2496 1426 2566; x_wconf 77' lang='lat' dir='ltr'><strong>intelligerent,</strong></span> <span class='ocrx_word' id='word_1_293' title='bbox 1450 2493 1775 2565; x_wconf 86' lang='lat' dir='ltr'><strong>periculum,</strong></span> <span class='ocrx_word' id='word_1_294' title='bbox 1800 2492 1853 2545; x_wconf 90' lang='lat' dir='ltr'><strong>in</strong></span> 
     </span>
    </p>
   </div>
   <div class='ocr_carea' id='block_1_39' title="bbox 254 2586 1856 2664">
    <p class='ocr_par' dir='ltr' id='par_1_39' title="bbox 254 2586 1856 2664">
     <span class='ocr_line' id='line_1_39' title="bbox 254 2586 1856 2664; baseline -0.007 -14"><span class='ocrx_word' id='word_1_295' title='bbox 254 2597 393 2662; x_wconf 80' lang='lat' dir='ltr'><strong>quod</strong></span> <span class='ocrx_word' id='word_1_296' title='bbox 422 2610 481 2649; x_wconf 88' lang='lat' dir='ltr'><strong>se</strong></span> <span class='ocrx_word' id='word_1_297' title='bbox 521 2594 632 2664; x_wconf 88' lang='lat' dir='ltr'><strong>ipsi</strong></span> <span class='ocrx_word' id='word_1_298' title='bbox 663 2592 843 2649; x_wconf 90' lang='lat' dir='ltr'><strong>stulte</strong></span> <span class='ocrx_word' id='word_1_299' title='bbox 875 2591 1252 2661; x_wconf 71' lang='lat' dir='ltr'><strong>coniecerant,</strong></span> <span class='ocrx_word' id='word_1_300' title='bbox 1291 2587 1505 2659; x_wconf 86' lang='lat' dir='ltr'><strong>magnis</strong></span> <span class='ocrx_word' id='word_1_301' title='bbox 1535 2586 1856 2640; x_wconf 87' lang='lat' dir='ltr'><strong>muneribus</strong></span> 
     </span>
    </p>
   </div>
   <div class='ocr_carea' id='block_1_40' title="bbox 258 2688 611 2741">
    <p class='ocr_par' dir='ltr' id='par_1_40' title="bbox 258 2688 611 2741">
     <span class='ocr_line' id='line_1_40' title="bbox 258 2688 611 2741; baseline -0.003 -2"><span class='ocrx_word' id='word_1_302' title='bbox 258 2688 611 2741; x_wconf 84' lang='lat' dir='ltr'><strong>redimerem.</strong></span> 
     </span>
    </p>
   </div>
   <div class='ocr_carea' id='block_1_41' title="bbox 322 2769 1857 2848">
    <p class='ocr_par' dir='ltr' id='par_1_41' title="bbox 322 2769 1857 2848">
     <span class='ocr_line' id='line_1_41' title="bbox 322 2769 1857 2848; baseline -0.005 -18"><span class='ocrx_word' id='word_1_303' title='bbox 322 2777 455 2832; x_wconf 81' lang='lat' dir='ltr'><strong>Erat</strong></span> <span class='ocrx_word' id='word_1_304' title='bbox 483 2792 623 2848; x_wconf 83' lang='lat' dir='ltr'><strong>ergo</strong></span> <span class='ocrx_word' id='word_1_305' title='bbox 673 2777 861 2846; x_wconf 87' lang='lat' dir='ltr'><strong>capite</strong></span> <span class='ocrx_word' id='word_1_306' title='bbox 898 2775 1169 2831; x_wconf 84' lang='lat' dir='ltr'><strong>sancitum</strong></span> <span class='ocrx_word' id='word_1_307' title='bbox 1200 2788 1264 2827; x_wconf 89' lang='lat' dir='ltr'><strong>ne</strong></span> <span class='ocrx_word' id='word_1_308' title='bbox 1292 2772 1417 2841; x_wconf 88' lang='lat' dir='ltr'><strong>quis</strong></span> <span class='ocrx_word' id='word_1_309' title='bbox 1442 2771 1509 2825; x_wconf 87' lang='lat' dir='ltr'><strong>de</strong></span> <span class='ocrx_word' id='word_1_310' title='bbox 1538 2770 1702 2825; x_wconf 90' lang='lat' dir='ltr'><strong>rebus</strong></span> <span class='ocrx_word' id='word_1_311' title='bbox 1735 2769 1857 2823; x_wconf 65' lang='lat' dir='ltr'><strong>Cte-</strong></span> 
     </span>
    </p>
   </div>
   <div class='ocr_carea' id='block_1_42' title="bbox 258 2860 1858 2942">
    <p class='ocr_par' dir='ltr' id='par_1_42' title="bbox 258 2860 1858 2942">
     <span class='ocr_line' id='line_1_42' title="bbox 258 2860 1858 2942; baseline -0.008 -15"><span class='ocrx_word' id='word_1_312' title='bbox 258 2873 369 2925; x_wconf 79' lang='lat' dir='ltr'><strong>sari</strong></span> <span class='ocrx_word' id='word_1_313' title='bbox 401 2883 496 2926; x_wconf 84' lang='lat' dir='ltr'><strong>aut</strong></span> <span class='ocrx_word' id='word_1_314' title='bbox 535 2871 870 2942; x_wconf 76' lang='lat' dir='ltr'><strong>reipublicze</strong></span> <span class='ocrx_word' id='word_1_315' title='bbox 899 2867 1188 2924; x_wconf 86' lang='lat' dir='ltr'><strong>eventuris</strong></span> <span class='ocrx_word' id='word_1_316' title='bbox 1222 2865 1540 2935; x_wconf 89' lang='lat' dir='ltr'><strong>inquireret,</strong></span> <span class='ocrx_word' id='word_1_317' title='bbox 1595 2878 1658 2917; x_wconf 88' lang='lat' dir='ltr'><strong>ac</strong></span> <span class='ocrx_word' id='word_1_318' title='bbox 1688 2860 1858 2915; x_wconf 88' lang='lat' dir='ltr'><strong>libros</strong></span> 
     </span>
    </p>
   </div>
   <div class='ocr_carea' id='block_1_43' title="bbox 256 2953 1856 3032">
    <p class='ocr_par' dir='ltr' id='par_1_43' title="bbox 256 2953 1856 3032">
     <span class='ocr_line' id='line_1_43' title="bbox 256 2953 1856 3032; baseline -0.005 -17"><span class='ocrx_word' id='word_1_319' title='bbox 256 2963 560 3029; x_wconf 79' lang='lat' dir='ltr'><strong>evolveret,</strong></span> <span class='ocrx_word' id='word_1_320' title='bbox 606 2963 664 3017; x_wconf 91' lang='lat' dir='ltr'><strong>in</strong></span> <span class='ocrx_word' id='word_1_321' title='bbox 711 2963 920 3032; x_wconf 90' lang='lat' dir='ltr'><strong>quibus</strong></span> <span class='ocrx_word' id='word_1_322' title='bbox 954 2959 1140 3014; x_wconf 83' lang='lat' dir='ltr'><strong>futura</strong></span> <span class='ocrx_word' id='word_1_323' title='bbox 1168 2957 1557 3028; x_wconf 63' lang='lat' dir='ltr'><strong>praedicuntur.</strong></span> <span class='ocrx_word' id='word_1_324' title='bbox 1597 2953 1748 3007; x_wconf 86' lang='lat' dir='ltr'><strong>Hauc</strong></span> <span class='ocrx_word' id='word_1_325' title='bbox 1778 2953 1856 3007; x_wconf 83' lang='lat' dir='ltr'><strong>le-</strong></span> 
     </span>
    </p>
   </div>
   <div class='ocr_carea' id='block_1_44' title="bbox 258 3046 1854 3122">
    <p class='ocr_par' dir='ltr' id='par_1_44' title="bbox 258 3046 1854 3122">
     <span class='ocr_line' id='line_1_44' title="bbox 258 3046 1854 3122; baseline -0.004 -16"><span class='ocrx_word' id='word_1_326' title='bbox 258 3068 381 3122; x_wconf 64' lang='lat' dir='ltr'><strong>gem</strong></span> <span class='ocrx_word' id='word_1_327' title='bbox 424 3053 678 3109; x_wconf 79' lang='lat' dir='ltr'><strong>Justinus</strong></span> <span class='ocrx_word' id='word_1_328' title='bbox 731 3055 1048 3109; x_wconf 73' lang='lat' dir='ltr'><strong>dzemonum</strong></span> <span class='ocrx_word' id='word_1_329' title='bbox 1102 3060 1224 3105; x_wconf 91' lang='lat' dir='ltr'><strong>astu</strong></span> <span class='ocrx_word' id='word_1_330' title='bbox 1277 3059 1331 3104; x_wconf 90' lang='lat' dir='ltr'><strong>et</strong></span> <span class='ocrx_word' id='word_1_331' title='bbox 1362 3048 1643 3102; x_wconf 88' lang='lat' dir='ltr'><strong>molitione</strong></span> <span class='ocrx_word' id='word_1_332' title='bbox 1691 3046 1854 3100; x_wconf 82' lang='lat' dir='ltr'><strong>ﬁxam</strong></span> 
     </span>
    </p>
   </div>
   <div class='ocr_carea' id='block_1_45' title="bbox 264 3135 1857 3211">
    <p class='ocr_par' dir='ltr' id='par_1_45' title="bbox 264 3135 1857 3211">
     <span class='ocr_line' id='line_1_45' title="bbox 264 3135 1857 3211; baseline -0.006 -12"><span class='ocrx_word' id='word_1_333' title='bbox 264 3146 445 3201; x_wconf 69' lang='lat' dir='ltr'><strong>fuisse</strong></span> <span class='ocrx_word' id='word_1_334' title='bbox 475 3148 785 3211; x_wconf 76' lang='lat' dir='ltr'><strong>existimat,</strong></span> <span class='ocrx_word' id='word_1_335' title='bbox 838 3145 1098 3199; x_wconf 90' lang='lat' dir='ltr'><strong>nimirum</strong></span> <span class='ocrx_word' id='word_1_336' title='bbox 1138 3152 1201 3196; x_wconf 93' lang='lat' dir='ltr'><strong>ut</strong></span> <span class='ocrx_word' id='word_1_337' title='bbox 1246 3140 1492 3196; x_wconf 87' lang='lat' dir='ltr'><strong>homines</strong></span> <span class='ocrx_word' id='word_1_338' title='bbox 1529 3153 1559 3192; x_wconf 91' lang='lat' dir='ltr'><strong>a</strong></span> <span class='ocrx_word' id='word_1_339' title='bbox 1613 3135 1857 3208; x_wconf 74' lang='lat' dir='ltr'><strong>legendis</strong></span> 
     </span>
    </p>
   </div>
   <div class='ocr_carea' id='block_1_46' title="bbox 260 3231 1857 3308">
    <p class='ocr_par' dir='ltr' id='par_1_46' title="bbox 260 3231 1857 3308">
     <span class='ocr_line' id='line_1_46' title="bbox 260 3231 1857 3308; baseline -0.006 -15"><span class='ocrx_word' id='word_1_340' title='bbox 260 3238 556 3308; x_wconf 72' lang='lat' dir='ltr'><strong>Pwphetis</strong></span> <span class='ocrx_word' id='word_1_341' title='bbox 582 3240 1039 3294; x_wconf 86' lang='lat' dir='ltr'><strong>deterrerentur:</strong></span> <span class='ocrx_word' id='word_1_342' title='bbox 1080 3250 1177 3291; x_wconf 91' lang='lat' dir='ltr'><strong>sua</strong></span> <span class='ocrx_word' id='word_1_343' title='bbox 1210 3235 1361 3289; x_wconf 87' lang='lat' dir='ltr'><strong>illum</strong></span> <span class='ocrx_word' id='word_1_344' title='bbox 1392 3232 1731 3301; x_wconf 79' lang='lat' dir='ltr'><strong>experientia</strong></span> <span class='ocrx_word' id='word_1_345' title='bbox 1762 3231 1857 3285; x_wconf 88' lang='lat' dir='ltr'><strong>do-</strong></span> 
     </span>
    </p>
   </div>
   <div class='ocr_carea' id='block_1_47' title="bbox 264 3312 1930 3403">
    <p class='ocr_par' dir='ltr' id='par_1_47' title="bbox 264 3312 1930 3403">
     <span class='ocr_line' id='line_1_47' title="bbox 264 3312 1930 3403; baseline -0.007 -16"><span class='ocrx_word' id='word_1_346' title='bbox 264 3348 395 3387; x_wconf 77' lang='lat' dir='ltr'><strong>cere</strong></span> <span class='ocrx_word' id='word_1_347' title='bbox 426 3332 625 3403; x_wconf 89' lang='lat' dir='ltr'><strong>potuit,</strong></span> <span class='ocrx_word' id='word_1_348' title='bbox 663 3330 871 3385; x_wconf 87' lang='lat' dir='ltr'><strong>multos</strong></span> <span class='ocrx_word' id='word_1_349' title='bbox 905 3331 1011 3385; x_wconf 91' lang='lat' dir='ltr'><strong>hoc</strong></span> <span class='ocrx_word' id='word_1_350' title='bbox 1047 3338 1190 3384; x_wconf 86' lang='lat' dir='ltr'><strong>metu</strong></span> <span class='ocrx_word' id='word_1_351' title='bbox 1224 3328 1477 3382; x_wconf 89' lang='lat' dir='ltr'><strong>detentos</strong></span> <span class='ocrx_word' id='word_1_352' title='bbox 1500 3324 1691 3387; x_wconf 84' lang='lat' dir='ltr'><strong>fuisse,</strong></span> <span class='ocrx_word' id='word_1_353' title='bbox 1718 3337 1858 3391; x_wconf 90' lang='lat' dir='ltr'><strong>quo-</strong></span> <span class='ocrx_word' id='word_1_354' title='bbox 1888 3312 1930 3369; x_wconf 86' lang='lat' dir='ltr'><strong><em>C</em></strong></span> 
     </span>
    </p>
   </div>
   <div class='ocr_carea' id='block_1_48' title="bbox 267 3416 1864 3500">
    <p class='ocr_par' dir='ltr' id='par_1_48' title="bbox 267 3416 1864 3500">
     <span class='ocr_line' id='line_1_48' title="bbox 267 3416 1864 3500; baseline -0.006 -23"><span class='ocrx_word' id='word_1_355' title='bbox 267 3428 473 3500; x_wconf 79' lang='lat' dir='ltr'><strong>minus</strong></span> <span class='ocrx_word' id='word_1_356' title='bbox 502 3427 900 3495; x_wconf 87' lang='lat' dir='ltr'><strong>prophetarum</strong></span> <span class='ocrx_word' id='word_1_357' title='bbox 942 3423 1150 3491; x_wconf 89' lang='lat' dir='ltr'><strong>scripta</strong></span> <span class='ocrx_word' id='word_1_358' title='bbox 1203 3430 1424 3489; x_wconf 82' lang='lat' dir='ltr'><strong>tangere</strong></span> <span class='ocrx_word' id='word_1_359' title='bbox 1471 3418 1757 3472; x_wconf 89' lang='lat' dir='ltr'><strong>auderent.</strong></span> <span class='ocrx_word' id='word_1_360' title='bbox 1795 3416 1864 3468; x_wconf 81' lang='lat' dir='ltr'><strong>At</strong></span> 
     </span>
    </p>
   </div>
   <div class='ocr_carea' id='block_1_49' title="bbox 270 3507 1863 3572">
    <p class='ocr_par' dir='ltr' id='par_1_49' title="bbox 270 3507 1863 3572">
     <span class='ocr_line' id='line_1_49' title="bbox 270 3507 1863 3572; baseline -0.006 -1"><span class='ocrx_word' id='word_1_361' title='bbox 270 3514 721 3572; x_wconf 83' lang='lat' dir='ltr'><strong>Christianorum</strong></span> <span class='ocrx_word' id='word_1_362' title='bbox 766 3516 873 3571; x_wconf 85' lang='lat' dir='ltr'><strong>alia</strong></span> <span class='ocrx_word' id='word_1_363' title='bbox 911 3516 1126 3571; x_wconf 82' lang='lat' dir='ltr'><strong>exstitit</strong></span> <span class='ocrx_word' id='word_1_364' title='bbox 1156 3529 1341 3571; x_wconf 90' lang='lat' dir='ltr'><strong>causa.</strong></span> <span class='ocrx_word' id='word_1_365' title='bbox 1376 3510 1575 3567; x_wconf 83' lang='lat' dir='ltr'><strong>Notum</strong></span> <span class='ocrx_word' id='word_1_366' title='bbox 1605 3507 1863 3563; x_wconf 90' lang='lat' dir='ltr'><strong>omnibus</strong></span> 
     </span>
    </p>
   </div>
   <div class='ocr_carea' id='block_1_50' title="bbox 274 3598 1932 3677">
    <p class='ocr_par' dir='ltr' id='par_1_50' title="bbox 274 3598 1932 3677">
     <span class='ocr_line' id='line_1_50' title="bbox 274 3598 1932 3677; baseline -0.002 -16"><span class='ocrx_word' id='word_1_367' title='bbox 274 3619 401 3661; x_wconf 81' lang='lat' dir='ltr'><strong>erat</strong></span> <span class='ocrx_word' id='word_1_368' title='bbox 425 3624 521 3663; x_wconf 89' lang='lat' dir='ltr'><strong>eos</strong></span> <span class='ocrx_word' id='word_1_369' title='bbox 553 3609 818 3663; x_wconf 86' lang='lat' dir='ltr'><strong>detestari</strong></span> <span class='ocrx_word' id='word_1_370' title='bbox 849 3607 1115 3677; x_wconf 89' lang='lat' dir='ltr'><strong>quidquid</strong></span> <span class='ocrx_word' id='word_1_371' title='bbox 1151 3606 1216 3660; x_wconf 89' lang='lat' dir='ltr'><strong>ad</strong></span> <span class='ocrx_word' id='word_1_372' title='bbox 1256 3605 1483 3674; x_wconf 82' lang='lat' dir='ltr'><strong>auguria</strong></span> <span class='ocrx_word' id='word_1_373' title='bbox 1508 3610 1564 3655; x_wconf 89' lang='lat' dir='ltr'><strong>et</strong></span> <span class='ocrx_word' id='word_1_374' title='bbox 1594 3598 1866 3669; x_wconf 83' lang='lat' dir='ltr'><strong>aruspici-</strong></span> <span class='ocrx_word' id='word_1_375' title='bbox 1922 3647 1932 3657; x_wconf 93' lang='lat'><strong>.</strong></span> 
     </span>
    </p>
   </div>
   <div class='ocr_carea' id='block_1_51' title="bbox 283 3691 1864 3767">
    <p class='ocr_par' dir='ltr' id='par_1_51' title="bbox 283 3691 1864 3767">
     <span class='ocr_line' id='line_1_51' title="bbox 283 3691 1864 3767; baseline -0.003 -19"><span class='ocrx_word' id='word_1_376' title='bbox 283 3712 411 3749; x_wconf 81' lang='lat' dir='ltr'><strong>nam</strong></span> <span class='ocrx_word' id='word_1_377' title='bbox 440 3699 704 3766; x_wconf 85' lang='lat' dir='ltr'><strong>pertinet,</strong></span> <span class='ocrx_word' id='word_1_378' title='bbox 733 3712 801 3751; x_wconf 91' lang='lat' dir='ltr'><strong>ae</strong></span> <span class='ocrx_word' id='word_1_379' title='bbox 818 3697 1026 3767; x_wconf 82' lang='lat' dir='ltr'><strong>grande</strong></span> <span class='ocrx_word' id='word_1_380' title='bbox 1066 3695 1339 3764; x_wconf 88' lang='lat' dir='ltr'><strong>piaculum</strong></span> <span class='ocrx_word' id='word_1_381' title='bbox 1362 3691 1624 3747; x_wconf 88' lang='lat' dir='ltr'><strong>arbitrari</strong></span> <span class='ocrx_word' id='word_1_382' title='bbox 1658 3692 1864 3744; x_wconf 81' lang='lat' dir='ltr'><strong>daemo-</strong></span> 
     </span>
    </p>
   </div>
   <div class='ocr_carea' id='block_1_52' title="bbox 280 3780 1866 3857">
    <p class='ocr_par' dir='ltr' id='par_1_52' title="bbox 280 3780 1866 3857">
     <span class='ocr_line' id='line_1_52' title="bbox 280 3780 1866 3857; baseline -0.004 -17"><span class='ocrx_word' id='word_1_383' title='bbox 280 3803 385 3842; x_wconf 88' lang='lat' dir='ltr'><strong>nes</strong></span> <span class='ocrx_word' id='word_1_384' title='bbox 431 3788 756 3853; x_wconf 86' lang='lat' dir='ltr'><strong>consulere;</strong></span> <span class='ocrx_word' id='word_1_385' title='bbox 804 3780 909 3843; x_wconf 90' lang='lat' dir='ltr'><strong>nec</strong></span> <span class='ocrx_word' id='word_1_386' title='bbox 962 3787 1262 3857; x_wconf 84' lang='lat' dir='ltr'><strong>prephetas</strong></span> <span class='ocrx_word' id='word_1_387' title='bbox 1314 3783 1665 3854; x_wconf 81' lang='lat' dir='ltr'><strong>proferebant</strong></span> <span class='ocrx_word' id='word_1_388' title='bbox 1697 3781 1751 3835; x_wconf 95' lang='lat' dir='ltr'><strong>in</strong></span> <span class='ocrx_word' id='word_1_389' title='bbox 1798 3782 1866 3835; x_wconf 89' lang='lat' dir='ltr'><strong>iis</strong></span> 
     </span>
    </p>
   </div>
   <div class='ocr_carea' id='block_1_53' title="bbox 279 3873 1859 3951">
    <p class='ocr_par' dir='ltr' id='par_1_53' title="bbox 279 3873 1859 3951">
     <span class='ocr_line' id='line_1_53' title="bbox 279 3873 1859 3951; baseline -0.003 -18"><span class='ocrx_word' id='word_1_390' title='bbox 279 3893 404 3947; x_wconf 74' lang='lat' dir='ltr'><strong>qua:</strong></span> <span class='ocrx_word' id='word_1_391' title='bbox 426 3880 490 3934; x_wconf 84' lang='lat' dir='ltr'><strong>ad</strong></span> <span class='ocrx_word' id='word_1_392' title='bbox 522 3879 1396 3951; x_wconf 71' lang='lat' dir='ltr'><strong>reipublicae&#39;administrationem</strong></span> <span class='ocrx_word' id='word_1_393' title='bbox 1429 3877 1733 3945; x_wconf 89' lang='lat' dir='ltr'><strong>pertinent,</strong></span> <span class='ocrx_word' id='word_1_394' title='bbox 1762 3873 1859 3929; x_wconf 89' lang='lat' dir='ltr'><strong>sed</strong></span> 
     </span>
    </p>
   </div>
   <div class='ocr_carea' id='block_1_54' title="bbox 282 3966 1859 4042">
    <p class='ocr_par' dir='ltr' id='par_1_54' title="bbox 282 3966 1859 4042">
     <span class='ocr_line' id='line_1_54' title="bbox 282 3966 1859 4042; baseline -0.003 -19"><span class='ocrx_word' id='word_1_395' title='bbox 282 3971 337 4023; x_wconf 88' lang='lat' dir='ltr'><strong>in</strong></span> <span class='ocrx_word' id='word_1_396' title='bbox 371 3974 435 4027; x_wconf 87' lang='lat' dir='ltr'><strong>iis</strong></span> <span class='ocrx_word' id='word_1_397' title='bbox 466 3988 588 4042; x_wconf 60' lang='lat' dir='ltr'><strong>qua</strong></span> <span class='ocrx_word' id='word_1_398' title='bbox 623 3972 695 4027; x_wconf 91' lang='lat' dir='ltr'><strong>ad</strong></span> <span class='ocrx_word' id='word_1_399' title='bbox 744 3972 984 4026; x_wconf 87' lang='lat' dir='ltr'><strong>salutem</strong></span> <span class='ocrx_word' id='word_1_400' title='bbox 1029 3980 1330 4033; x_wconf 69' lang='lat' dir='ltr'><strong>mternam;</strong></span> <span class='ocrx_word' id='word_1_401' title='bbox 1366 3982 1543 4037; x_wconf 90' lang='lat' dir='ltr'><strong>neque</strong></span> <span class='ocrx_word' id='word_1_402' title='bbox 1572 3976 1630 4020; x_wconf 91' lang='lat' dir='ltr'><strong>ut</strong></span> <span class='ocrx_word' id='word_1_403' title='bbox 1674 3966 1859 4019; x_wconf 82' lang='lat' dir='ltr'><strong>futura</strong></span> 
     </span>
    </p>
   </div>
   <div class='ocr_carea' id='block_1_55' title="bbox 285 4057 1865 4134">
    <p class='ocr_par' dir='ltr' id='par_1_55' title="bbox 285 4057 1865 4134">
     <span class='ocr_line' id='line_1_55' title="bbox 285 4057 1865 4134; baseline -0.003 -18"><span class='ocrx_word' id='word_1_404' title='bbox 285 4065 495 4121; x_wconf 83' lang='lat' dir='ltr'><strong>curiose</strong></span> <span class='ocrx_word' id='word_1_405' title='bbox 542 4074 983 4134; x_wconf 82' lang='lat' dir='ltr'><strong>cognoscerent,</strong></span> <span class='ocrx_word' id='word_1_406' title='bbox 1036 4065 1131 4119; x_wconf 88' lang='lat' dir='ltr'><strong>sed</strong></span> <span class='ocrx_word' id='word_1_407' title='bbox 1156 4064 1336 4133; x_wconf 84' lang='lat' dir='ltr'><strong>potius</strong></span> <span class='ocrx_word' id='word_1_408' title='bbox 1363 4070 1537 4125; x_wconf 90' lang='lat' dir='ltr'><strong>utea,</strong></span> <span class='ocrx_word' id='word_1_409' title='bbox 1579 4074 1699 4128; x_wconf 71' lang='lat' dir='ltr'><strong>qua:</strong></span> <span class='ocrx_word' id='word_1_410' title='bbox 1733 4057 1865 4113; x_wconf 86' lang='lat' dir='ltr'><strong>Jesu</strong></span> 
     </span>
    </p>
   </div>
   <div class='ocr_carea' id='block_1_56' title="bbox 284 4154 1866 4217">
    <p class='ocr_par' dir='ltr' id='par_1_56' title="bbox 284 4154 1866 4217">
     <span class='ocr_line' id='line_1_56' title="bbox 284 4154 1866 4217; baseline -0.003 -8"><span class='ocrx_word' id='word_1_411' title='bbox 284 4155 498 4212; x_wconf 80' lang='lat' dir='ltr'><strong>Christo</strong></span> <span class='ocrx_word' id='word_1_412' title='bbox 528 4169 584 4213; x_wconf 88' lang='lat' dir='ltr'><strong>et</strong></span> <span class='ocrx_word' id='word_1_413' title='bbox 610 4157 948 4213; x_wconf 82' lang='lat' dir='ltr'><strong>Christianis</strong></span> <span class='ocrx_word' id='word_1_414' title='bbox 970 4164 1288 4217; x_wconf 87' lang='lat' dir='ltr'><strong>evenerant,</strong></span> <span class='ocrx_word' id='word_1_415' title='bbox 1317 4154 1504 4208; x_wconf 88' lang='lat' dir='ltr'><strong>multis</strong></span> <span class='ocrx_word' id='word_1_416' title='bbox 1537 4162 1666 4207; x_wconf 92' lang='lat' dir='ltr'><strong>ante</strong></span> <span class='ocrx_word' id='word_1_417' title='bbox 1693 4166 1866 4206; x_wconf 66' lang='lat' dir='ltr'><strong>saecu-</strong></span> 
     </span>
    </p>
   </div>
   <div class='ocr_carea' id='block_1_57' title="bbox 288 4242 1865 4319">
    <p class='ocr_par' dir='ltr' id='par_1_57' title="bbox 288 4242 1865 4319">
     <span class='ocr_line' id='line_1_57' title="bbox 288 4242 1865 4319; baseline -0.003 -19"><span class='ocrx_word' id='word_1_418' title='bbox 288 4247 355 4303; x_wconf 82' lang='lat' dir='ltr'><strong>lis</strong></span> <span class='ocrx_word' id='word_1_419' title='bbox 386 4251 613 4319; x_wconf 76' lang='lat' dir='ltr'><strong>przevisa</strong></span> <span class='ocrx_word' id='word_1_420' title='bbox 642 4258 699 4304; x_wconf 91' lang='lat' dir='ltr'><strong>et</strong></span> <span class='ocrx_word' id='word_1_421' title='bbox 725 4248 987 4318; x_wconf 75' lang='lat' dir='ltr'><strong>pnedicta</strong></span> <span class='ocrx_word' id='word_1_422' title='bbox 1015 4248 1479 4302; x_wconf 89' lang='lat' dir='ltr'><strong>demonstrarent.</strong></span> <span class='ocrx_word' id='word_1_423' title='bbox 1508 4244 1590 4299; x_wconf 86' lang='lat' dir='ltr'><strong>Ab</strong></span> <span class='ocrx_word' id='word_1_424' title='bbox 1624 4242 1865 4298; x_wconf 88' lang='lat' dir='ltr'><strong>homini-</strong></span> 
     </span>
    </p>
   </div>
   <div class='ocr_carea' id='block_1_58' title="bbox 290 4336 1863 4408">
    <p class='ocr_par' dir='ltr' id='par_1_58' title="bbox 290 4336 1863 4408">
     <span class='ocr_line' id='line_1_58' title="bbox 290 4336 1863 4408; baseline -0.004 -14"><span class='ocrx_word' id='word_1_425' title='bbox 290 4342 387 4394; x_wconf 84' lang='lat' dir='ltr'><strong>bus</strong></span> <span class='ocrx_word' id='word_1_426' title='bbox 417 4343 497 4395; x_wconf 85' lang='lat' dir='ltr'><strong>sic</strong></span> <span class='ocrx_word' id='word_1_427' title='bbox 531 4338 979 4408; x_wconf 58' lang='lat' dir='ltr'><strong>animo,aﬂ‘ectis,</strong></span> <span class='ocrx_word' id='word_1_428' title='bbox 1012 4340 1150 4394; x_wconf 91' lang='lat' dir='ltr'><strong>nihil</strong></span> <span class='ocrx_word' id='word_1_429' title='bbox 1176 4338 1483 4394; x_wconf 71' lang='lat' dir='ltr'><strong>Caesaribus</strong></span> <span class='ocrx_word' id='word_1_430' title='bbox 1514 4336 1863 4391; x_wconf 87' lang='lat' dir='ltr'><strong>metuendum</strong></span> 
     </span>
    </p>
   </div>
   <div class='ocr_carea' id='block_1_59' title="bbox 286 4425 1867 4504">
    <p class='ocr_par' dir='ltr' id='par_1_59' title="bbox 286 4425 1867 4504">
     <span class='ocr_line' id='line_1_59' title="bbox 286 4425 1867 4504; baseline -0.001 -22"><span class='ocrx_word' id='word_1_431' title='bbox 286 4445 403 4487; x_wconf 81' lang='lat' dir='ltr'><strong>erat</strong></span> <span class='ocrx_word' id='word_1_432' title='bbox 430 4450 445 4486; x_wconf 90' lang='lat'><strong>:</strong></span> <span class='ocrx_word' id='word_1_433' title='bbox 470 4433 696 4503; x_wconf 88' lang='lat' dir='ltr'><strong>impune</strong></span> <span class='ocrx_word' id='word_1_434' title='bbox 721 4442 974 4502; x_wconf 86' lang='lat' dir='ltr'><strong>poterant</strong></span> <span class='ocrx_word' id='word_1_435' title='bbox 1012 4432 1225 4504; x_wconf 68' lang='lat' dir='ltr'><strong>Sibylla:</strong></span> <span class='ocrx_word' id='word_1_436' title='bbox 1254 4440 1309 4486; x_wconf 91' lang='lat' dir='ltr'><strong>et</strong></span> <span class='ocrx_word' id='word_1_437' title='bbox 1338 4429 1621 4499; x_wconf 78' lang='lat' dir='ltr'><strong>llystaSpis</strong></span> <span class='ocrx_word' id='word_1_438' title='bbox 1652 4437 1708 4481; x_wconf 89' lang='lat' dir='ltr'><strong>et</strong></span> <span class='ocrx_word' id='word_1_439' title='bbox 1732 4425 1867 4481; x_wconf 90' lang='lat' dir='ltr'><strong>Pro-</strong></span> 
     </span>
    </p>
   </div>
   <div class='ocr_carea' id='block_1_60' title="bbox 291 4520 1865 4592">
    <p class='ocr_par' dir='ltr' id='par_1_60' title="bbox 291 4520 1865 4592">
     <span class='ocr_line' id='line_1_60' title="bbox 291 4520 1865 4592; baseline -0.002 -17"><span class='ocrx_word' id='word_1_440' title='bbox 291 4526 573 4591; x_wconf 82' lang='lat' dir='ltr'><strong>phetarum</strong></span> <span class='ocrx_word' id='word_1_441' title='bbox 624 4528 798 4581; x_wconf 90' lang='lat' dir='ltr'><strong>libros</strong></span> <span class='ocrx_word' id='word_1_442' title='bbox 828 4524 1113 4587; x_wconf 82' lang='lat' dir='ltr'><strong>evolvere;</strong></span> <span class='ocrx_word' id='word_1_443' title='bbox 1162 4522 1399 4592; x_wconf 80' lang='lat' dir='ltr'><strong>SUSplCiO</strong></span> <span class='ocrx_word' id='word_1_444' title='bbox 1429 4537 1537 4576; x_wconf 93' lang='lat' dir='ltr'><strong>non</strong></span> <span class='ocrx_word' id='word_1_445' title='bbox 1571 4529 1691 4577; x_wconf 88' lang='lat' dir='ltr'><strong>erat</strong></span> <span class='ocrx_word' id='word_1_446' title='bbox 1716 4520 1865 4572; x_wconf 85' lang='lat' dir='ltr'><strong>futu-</strong></span> 
     </span>
    </p>
   </div>
   <div class='ocr_carea' id='block_1_61' title="bbox 1956 2033 3526 2105">
    <p class='ocr_par' dir='ltr' id='par_1_61' title="bbox 1956 2033 3526 2105">
     <span class='ocr_line' id='line_1_61' title="bbox 1956 2033 3526 2105; baseline -0.002 -14"><span class='ocrx_word' id='word_1_447' title='bbox 1956 2051 2084 2091; x_wconf 89' lang='lat' dir='ltr'><strong>num</strong></span> <span class='ocrx_word' id='word_1_448' title='bbox 2136 2050 2241 2089; x_wconf 81' lang='lat' dir='ltr'><strong>una</strong></span> <span class='ocrx_word' id='word_1_449' title='bbox 2292 2037 2571 2091; x_wconf 73' lang='lat' dir='ltr'><strong>Vobiscum</strong></span> <span class='ocrx_word' id='word_1_450' title='bbox 2617 2035 2779 2105; x_wconf 86' lang='lat' dir='ltr'><strong>hujus</strong></span> <span class='ocrx_word' id='word_1_451' title='bbox 2832 2036 3003 2090; x_wconf 91' lang='lat' dir='ltr'><strong>nostri</strong></span> <span class='ocrx_word' id='word_1_452' title='bbox 3051 2033 3321 2103; x_wconf 87' lang='lat' dir='ltr'><strong>supplicis</strong></span> <span class='ocrx_word' id='word_1_453' title='bbox 3356 2033 3526 2088; x_wconf 89' lang='lat' dir='ltr'><strong>libelli</strong></span> 
     </span>
    </p>
   </div>
   <div class='ocr_carea' id='block_1_62' title="bbox 1956 2126 3535 2200">
    <p class='ocr_par' dir='ltr' id='par_1_62' title="bbox 1956 2126 3535 2200">
     <span class='ocr_line' id='line_1_62' title="bbox 1956 2126 3535 2200; baseline -0.003 -15"><span class='ocrx_word' id='word_1_454' title='bbox 1956 2129 2265 2200; x_wconf 83' lang='lat' dir='ltr'><strong>cognitores</strong></span> <span class='ocrx_word' id='word_1_455' title='bbox 2299 2129 2610 2193; x_wconf 89' lang='lat' dir='ltr'><strong>asciscatis,</strong></span> <span class='ocrx_word' id='word_1_456' title='bbox 2640 2138 2700 2182; x_wconf 90' lang='lat' dir='ltr'><strong>ut</strong></span> <span class='ocrx_word' id='word_1_457' title='bbox 2740 2128 2784 2183; x_wconf 87' lang='lat' dir='ltr'><strong>si</strong></span> <span class='ocrx_word' id='word_1_458' title='bbox 2818 2128 2946 2198; x_wconf 91' lang='lat' dir='ltr'><strong>quis</strong></span> <span class='ocrx_word' id='word_1_459' title='bbox 2973 2126 3092 2194; x_wconf 74' lang='lat' dir='ltr'><strong>eius</strong></span> <span class='ocrx_word' id='word_1_460' title='bbox 3123 2126 3375 2181; x_wconf 90' lang='lat' dir='ltr'><strong>doctrina</strong></span> <span class='ocrx_word' id='word_1_461' title='bbox 3427 2127 3535 2180; x_wconf 81' lang='lat' dir='ltr'><strong>im-</strong></span> 
     </span>
    </p>
   </div>
   <div class='ocr_carea' id='block_1_63' title="bbox 1958 2216 3531 2292">
    <p class='ocr_par' dir='ltr' id='par_1_63' title="bbox 1958 2216 3531 2292">
     <span class='ocr_line' id='line_1_63' title="bbox 1958 2216 3531 2292; baseline -0.001 -17"><span class='ocrx_word' id='word_1_462' title='bbox 1958 2223 2186 2291; x_wconf 87' lang='lat' dir='ltr'><strong>plicatus</strong></span> <span class='ocrx_word' id='word_1_463' title='bbox 2210 2222 2303 2289; x_wconf 91' lang='lat' dir='ltr'><strong>sit,</strong></span> <span class='ocrx_word' id='word_1_464' title='bbox 2336 2223 2567 2277; x_wconf 89' lang='lat' dir='ltr'><strong>veritate</strong></span> <span class='ocrx_word' id='word_1_465' title='bbox 2602 2223 2841 2292; x_wconf 85' lang='lat' dir='ltr'><strong>cognita,</strong></span> <span class='ocrx_word' id='word_1_466' title='bbox 2882 2235 3127 2277; x_wconf 91' lang='lat' dir='ltr'><strong>errorem</strong></span> <span class='ocrx_word' id='word_1_467' title='bbox 3179 2220 3356 2289; x_wconf 83' lang='lat' dir='ltr'><strong>possit</strong></span> <span class='ocrx_word' id='word_1_468' title='bbox 3390 2216 3531 2274; x_wconf 77' lang='lat' dir='ltr'><strong>cllu-</strong></span> 
     </span>
    </p>
   </div>
   <div class='ocr_carea' id='block_1_64' title="bbox 1957 2311 3427 2385">
    <p class='ocr_par' dir='ltr' id='par_1_64' title="bbox 1957 2311 3427 2385">
     <span class='ocr_line' id='line_1_64' title="bbox 1957 2311 3427 2385; baseline -0.005 -17"><span class='ocrx_word' id='word_1_469' title='bbox 1957 2328 2085 2385; x_wconf 87' lang='lat' dir='ltr'><strong>gere</strong></span> <span class='ocrx_word' id='word_1_470' title='bbox 2110 2332 2124 2379; x_wconf 92' lang='lat'><strong>;</strong></span> <span class='ocrx_word' id='word_1_471' title='bbox 2154 2322 2208 2367; x_wconf 90' lang='lat' dir='ltr'><strong>et</strong></span> <span class='ocrx_word' id='word_1_472' title='bbox 2228 2324 2491 2377; x_wconf 89' lang='lat' dir='ltr'><strong>statuam,</strong></span> <span class='ocrx_word' id='word_1_473' title='bbox 2520 2313 2565 2368; x_wconf 89' lang='lat' dir='ltr'><strong>si</strong></span> <span class='ocrx_word' id='word_1_474' title='bbox 2604 2315 2679 2368; x_wconf 82' lang='lat' dir='ltr'><strong>ita</strong></span> <span class='ocrx_word' id='word_1_475' title='bbox 2711 2314 2869 2368; x_wconf 87' lang='lat' dir='ltr'><strong>vobis</strong></span> <span class='ocrx_word' id='word_1_476' title='bbox 2898 2314 3098 2383; x_wconf 90' lang='lat' dir='ltr'><strong>placet,</strong></span> <span class='ocrx_word' id='word_1_477' title='bbox 3130 2311 3427 2380; x_wconf 61' lang='lat' dir='ltr'><strong>dejiciten</strong></span> 
     </span>
    </p>
   </div>
   <div class='ocr_carea' id='block_1_65' title="bbox 2026 2404 3540 2475">
    <p class='ocr_par' dir='ltr' id='par_1_65' title="bbox 2026 2404 3540 2475">
     <span class='ocr_line' id='line_1_65' title="bbox 2026 2404 3540 2475; baseline -0.001 -16"><span class='ocrx_word' id='word_1_478' title='bbox 2026 2404 2261 2460; x_wconf 85' lang='lat' dir='ltr'><strong>Narrata</strong></span> <span class='ocrx_word' id='word_1_479' title='bbox 2309 2421 2339 2459; x_wconf 87' lang='lat' dir='ltr'><strong>a</strong></span> <span class='ocrx_word' id='word_1_480' title='bbox 2388 2404 2607 2461; x_wconf 83' lang='lat' dir='ltr'><strong>Justino</strong></span> <span class='ocrx_word' id='word_1_481' title='bbox 2660 2406 2890 2461; x_wconf 87' lang='lat' dir='ltr'><strong>historia</strong></span> <span class='ocrx_word' id='word_1_482' title='bbox 2929 2420 3146 2475; x_wconf 90' lang='lat' dir='ltr'><strong>semper</strong></span> <span class='ocrx_word' id='word_1_483' title='bbox 3177 2405 3230 2459; x_wconf 93' lang='lat' dir='ltr'><strong>in</strong></span> <span class='ocrx_word' id='word_1_484' title='bbox 3264 2405 3444 2474; x_wconf 89' lang='lat' dir='ltr'><strong>pretio</strong></span> <span class='ocrx_word' id='word_1_485' title='bbox 3481 2411 3540 2458; x_wconf 91' lang='lat' dir='ltr'><strong>et</strong></span> 
     </span>
    </p>
   </div>
   <div class='ocr_carea' id='block_1_66' title="bbox 1960 2495 3540 2567">
    <p class='ocr_par' dir='ltr' id='par_1_66' title="bbox 1960 2495 3540 2567">
     <span class='ocr_line' id='line_1_66' title="bbox 1960 2495 3540 2567; baseline -0.003 -15"><span class='ocrx_word' id='word_1_486' title='bbox 1960 2499 2169 2554; x_wconf 90' lang='lat' dir='ltr'><strong>honore</strong></span> <span class='ocrx_word' id='word_1_487' title='bbox 2199 2498 2511 2565; x_wconf 83' lang='lat' dir='ltr'><strong>exstiterat,</strong></span> <span class='ocrx_word' id='word_1_488' title='bbox 2534 2499 2695 2567; x_wconf 89' lang='lat' dir='ltr'><strong>eique</strong></span> <span class='ocrx_word' id='word_1_489' title='bbox 2724 2498 2936 2566; x_wconf 89' lang='lat' dir='ltr'><strong>pondus</strong></span> <span class='ocrx_word' id='word_1_490' title='bbox 2963 2498 3286 2553; x_wconf 81' lang='lat' dir='ltr'><strong>addiderant</strong></span> <span class='ocrx_word' id='word_1_491' title='bbox 3321 2495 3540 2550; x_wconf 79' lang='lat' dir='ltr'><strong>Tertul-</strong></span> 
     </span>
    </p>
   </div>
   <div class='ocr_carea' id='block_1_67' title="bbox 1961 2590 3531 2661">
    <p class='ocr_par' dir='ltr' id='par_1_67' title="bbox 1961 2590 3531 2661">
     <span class='ocr_line' id='line_1_67' title="bbox 1961 2590 3531 2661; baseline 0.001 -19"><span class='ocrx_word' id='word_1_492' title='bbox 1961 2590 2111 2655; x_wconf 88' lang='lat' dir='ltr'><strong>liani,</strong></span> <span class='ocrx_word' id='word_1_493' title='bbox 2146 2590 2388 2657; x_wconf 86' lang='lat' dir='ltr'><strong>Eusebii,</strong></span> <span class='ocrx_word' id='word_1_494' title='bbox 2417 2591 2604 2661; x_wconf 82' lang='lat' dir='ltr'><strong>Cyrilli</strong></span> <span class='ocrx_word' id='word_1_495' title='bbox 2639 2590 3109 2661; x_wconf 86' lang='lat' dir='ltr'><strong>Jerosolymitani,</strong></span> <span class='ocrx_word' id='word_1_496' title='bbox 3144 2590 3435 2661; x_wconf 84' lang='lat' dir='ltr'><strong>Augustini</strong></span> <span class='ocrx_word' id='word_1_497' title='bbox 3472 2599 3531 2644; x_wconf 86' lang='lat' dir='ltr'><strong>et</strong></span> 
     </span>
    </p>
   </div>
   <div class='ocr_carea' id='block_1_68' title="bbox 1960 2680 3534 2750">
    <p class='ocr_par' dir='ltr' id='par_1_68' title="bbox 1960 2680 3534 2750">
     <span class='ocr_line' id='line_1_68' title="bbox 1960 2680 3534 2750; baseline 0.001 -17"><span class='ocrx_word' id='word_1_498' title='bbox 1960 2680 2310 2749; x_wconf 87' lang='lat' dir='ltr'><strong>Theodoreti,</strong></span> <span class='ocrx_word' id='word_1_499' title='bbox 2342 2697 2371 2735; x_wconf 92' lang='lat' dir='ltr'><strong>a</strong></span> <span class='ocrx_word' id='word_1_500' title='bbox 2397 2683 2596 2750; x_wconf 91' lang='lat' dir='ltr'><strong>quibus</strong></span> <span class='ocrx_word' id='word_1_501' title='bbox 2619 2682 2759 2735; x_wconf 90' lang='lat' dir='ltr'><strong>idem</strong></span> <span class='ocrx_word' id='word_1_502' title='bbox 2791 2691 3162 2745; x_wconf 86' lang='lat' dir='ltr'><strong>asseveratur,</strong></span> <span class='ocrx_word' id='word_1_503' title='bbox 3196 2682 3534 2744; x_wconf 87' lang='lat' dir='ltr'><strong>testimonia,</strong></span> 
     </span>
    </p>
   </div>
   <div class='ocr_carea' id='block_1_69' title="bbox 1960 2773 3538 2842">
    <p class='ocr_par' dir='ltr' id='par_1_69' title="bbox 1960 2773 3538 2842">
     <span class='ocr_line' id='line_1_69' title="bbox 1960 2773 3538 2842; baseline 0.001 -15"><span class='ocrx_word' id='word_1_504' title='bbox 1960 2773 2134 2828; x_wconf 91' lang='lat' dir='ltr'><strong>donec</strong></span> <span class='ocrx_word' id='word_1_505' title='bbox 2187 2773 2350 2828; x_wconf 82' lang='lat' dir='ltr'><strong>[idem</strong></span> <span class='ocrx_word' id='word_1_506' title='bbox 2394 2784 2449 2829; x_wconf 88' lang='lat' dir='ltr'><strong>et</strong></span> <span class='ocrx_word' id='word_1_507' title='bbox 2493 2776 2878 2829; x_wconf 85' lang='lat' dir='ltr'><strong>auctoritatem</strong></span> <span class='ocrx_word' id='word_1_508' title='bbox 2942 2774 3085 2842; x_wconf 89' lang='lat' dir='ltr'><strong>apud</strong></span> <span class='ocrx_word' id='word_1_509' title='bbox 3138 2774 3385 2829; x_wconf 89' lang='lat' dir='ltr'><strong>eruditos</strong></span> <span class='ocrx_word' id='word_1_510' title='bbox 3427 2788 3538 2828; x_wconf 90' lang='lat' dir='ltr'><strong>non</strong></span> 
     </span>
    </p>
   </div>
   <div class='ocr_carea' id='block_1_70' title="bbox 1958 2865 3534 2937">
    <p class='ocr_par' dir='ltr' id='par_1_70' title="bbox 1958 2865 3534 2937">
     <span class='ocr_line' id='line_1_70' title="bbox 1958 2865 3534 2937; baseline 0.001 -18"><span class='ocrx_word' id='word_1_511' title='bbox 1958 2872 2163 2932; x_wconf 85' lang='lat' dir='ltr'><strong>paucos</strong></span> <span class='ocrx_word' id='word_1_512' title='bbox 2210 2867 2520 2923; x_wconf 88' lang='lat' dir='ltr'><strong>detraheret</strong></span> <span class='ocrx_word' id='word_1_513' title='bbox 2556 2869 2772 2923; x_wconf 80' lang='lat' dir='ltr'><strong>inventa</strong></span> <span class='ocrx_word' id='word_1_514' title='bbox 2813 2869 2912 2922; x_wconf 91' lang='lat' dir='ltr'><strong>sub</strong></span> <span class='ocrx_word' id='word_1_515' title='bbox 2939 2867 3207 2937; x_wconf 80' lang='lat' dir='ltr'><strong>Gregorio</strong></span> <span class='ocrx_word' id='word_1_516' title='bbox 3238 2865 3353 2921; x_wconf 76' lang='lat' dir='ltr'><strong>Xlll</strong></span> <span class='ocrx_word' id='word_1_517' title='bbox 3385 2880 3534 2935; x_wconf 71' lang='lat' dir='ltr'><strong>quae-</strong></span> 
     </span>
    </p>
   </div>
   <div class='ocr_carea' id='block_1_71' title="bbox 1960 2956 3532 3031">
    <p class='ocr_par' dir='ltr' id='par_1_71' title="bbox 1960 2956 3532 3031">
     <span class='ocr_line' id='line_1_71' title="bbox 1960 2956 3532 3031; baseline 0.003 -20"><span class='ocrx_word' id='word_1_518' title='bbox 1960 2956 2081 3011; x_wconf 87' lang='lat' dir='ltr'><strong>dam</strong></span> <span class='ocrx_word' id='word_1_519' title='bbox 2106 2966 2309 3013; x_wconf 88' lang='lat' dir='ltr'><strong>statua.</strong></span> <span class='ocrx_word' id='word_1_520' title='bbox 2342 2978 2360 3010; x_wconf 74' lang='grc' dir='ltr'>ι</span> <span class='ocrx_word' id='word_1_521' title='bbox 2397 2962 2537 3015; x_wconf 89' lang='lat' dir='ltr'><strong>Ante</strong></span> <span class='ocrx_word' id='word_1_522' title='bbox 2571 2976 2739 3016; x_wconf 90' lang='lat' dir='ltr'><strong>annos</strong></span> <span class='ocrx_word' id='word_1_523' title='bbox 2777 2971 2907 3031; x_wconf 91' lang='lat' dir='ltr'><strong>puto</strong></span> <span class='ocrx_word' id='word_1_524' title='bbox 2952 2962 3223 3031; x_wconf 90' lang='lat' dir='ltr'><strong>quinque,</strong></span> <span class='ocrx_word' id='word_1_525' title='bbox 3260 2962 3436 3031; x_wconf 89' lang='lat' dir='ltr'><strong>inquit</strong></span> <span class='ocrx_word' id='word_1_526' title='bbox 3462 2962 3532 3017; x_wconf 87' lang='lat' dir='ltr'><strong>ad</strong></span> 
     </span>
    </p>
   </div>
   <div class='ocr_carea' id='block_1_72' title="bbox 1926 3048 3532 3133">
    <p class='ocr_par' dir='ltr' id='par_1_72' title="bbox 1926 3048 3532 3133">
     <span class='ocr_line' id='line_1_72' title="bbox 1926 3048 3532 3133; baseline 0.004 -33"><span class='ocrx_word' id='word_1_527' title='bbox 1926 3062 2156 3133; x_wconf 27' lang='lat' dir='ltr'><strong>-annum</strong></span> <span class='ocrx_word' id='word_1_528' title='bbox 2183 3049 2254 3104; x_wconf 72' lang='grc'>44</span> <span class='ocrx_word' id='word_1_529' title='bbox 2287 3048 2574 3117; x_wconf 80' lang='lat' dir='ltr'><strong>Baronius,</strong></span> <span class='ocrx_word' id='word_1_530' title='bbox 2604 3052 2877 3124; x_wconf 80' lang='lat' dir='ltr'><strong>Gregorio’</strong></span> <span class='ocrx_word' id='word_1_531' title='bbox 2901 3050 3011 3106; x_wconf 72' lang='lat' dir='ltr'><strong>Xlll</strong></span> <span class='ocrx_word' id='word_1_532' title='bbox 3038 3054 3315 3122; x_wconf 80' lang='lat' dir='ltr'><strong>pontiﬁce,</strong></span> <span class='ocrx_word' id='word_1_533' title='bbox 3343 3053 3395 3107; x_wconf 93' lang='lat' dir='ltr'><strong>iu</strong></span> <span class='ocrx_word' id='word_1_534' title='bbox 3434 3067 3532 3107; x_wconf 86' lang='lat' dir='ltr'><strong>ea-</strong></span> 
     </span>
    </p>
   </div>
   <div class='ocr_carea' id='block_1_73' title="bbox 1959 3141 3533 3214">
    <p class='ocr_par' dir='ltr' id='par_1_73' title="bbox 1959 3141 3533 3214">
     <span class='ocr_line' id='line_1_73' title="bbox 1959 3141 3533 3214; baseline 0.004 -21"><span class='ocrx_word' id='word_1_535' title='bbox 1959 3142 2081 3195; x_wconf 91' lang='lat' dir='ltr'><strong>dem</strong></span> <span class='ocrx_word' id='word_1_536' title='bbox 2117 3141 2287 3195; x_wconf 90' lang='lat' dir='ltr'><strong>insula</strong></span> <span class='ocrx_word' id='word_1_537' title='bbox 2316 3142 2594 3210; x_wconf 90' lang='lat' dir='ltr'><strong>Tiberina,</strong></span> <span class='ocrx_word' id='word_1_538' title='bbox 2619 3160 2651 3199; x_wconf 91' lang='lat' dir='ltr'><strong>e</strong></span> <span class='ocrx_word' id='word_1_539' title='bbox 2688 3145 2972 3200; x_wconf 89' lang='lat' dir='ltr'><strong>ruderibus</strong></span> <span class='ocrx_word' id='word_1_540' title='bbox 3009 3145 3143 3214; x_wconf 87' lang='lat' dir='ltr'><strong>lapis</strong></span> <span class='ocrx_word' id='word_1_541' title='bbox 3169 3154 3252 3200; x_wconf 91' lang='lat' dir='ltr'><strong>est</strong></span> <span class='ocrx_word' id='word_1_542' title='bbox 3277 3146 3533 3210; x_wconf 76' lang='lat' dir='ltr'><strong>elfossus,</strong></span> 
     </span>
    </p>
   </div>
   <div class='ocr_carea' id='block_1_74' title="bbox 1963 3233 3333 3303">
    <p class='ocr_par' dir='ltr' id='par_1_74' title="bbox 1963 3233 3333 3303">
     <span class='ocr_line' id='line_1_74' title="bbox 1963 3233 3333 3303; baseline 0.002 -16"><span class='ocrx_word' id='word_1_543' title='bbox 1963 3233 2055 3288; x_wconf 90' lang='lat' dir='ltr'><strong>tali</strong></span> <span class='ocrx_word' id='word_1_544' title='bbox 2106 3234 2460 3303; x_wconf 84' lang='lat' dir='ltr'><strong>inscriptione</strong></span> <span class='ocrx_word' id='word_1_545' title='bbox 2494 3248 2715 3292; x_wconf 89' lang='lat' dir='ltr'><strong>notatus</strong></span> <span class='ocrx_word' id='word_1_546' title='bbox 2745 3254 2759 3289; x_wconf 88' lang='lat'><strong>:</strong></span> <span class='ocrx_word' id='word_1_547' title='bbox 3330 3252 3333 3253; x_wconf 44' lang='grc' dir='ltr'><em>ν</em></span> 
     </span>
    </p>
   </div>
   <div class='ocr_carea' id='block_1_75' title="bbox 2264 3340 3239 3385">
    <p class='ocr_par' dir='ltr' id='par_1_75' title="bbox 2264 3340 3239 3385">
     <span class='ocr_line' id='line_1_75' title="bbox 2264 3340 3239 3385; baseline 0.001 -4"><span class='ocrx_word' id='word_1_548' title='bbox 2264 3342 2458 3383; x_wconf 68' lang='grc' dir='ltr'><strong>εεηοΝι</strong></span> <span class='ocrx_word' id='word_1_549' title='bbox 2498 3340 2667 3383; x_wconf 75' lang='lat' dir='ltr'><strong>SANGO</strong></span> <span class='ocrx_word' id='word_1_550' title='bbox 2708 3344 2810 3383; x_wconf 86' lang='grc' dir='ltr'><strong>Ι)Εο</strong></span> <span class='ocrx_word' id='word_1_551' title='bbox 2845 3342 2992 3383; x_wconf 78' lang='lat' dir='ltr'><strong>FlDlO</strong></span> <span class='ocrx_word' id='word_1_552' title='bbox 3033 3343 3239 3385; x_wconf 72' lang='lat' dir='ltr'><strong>SACRUM</strong></span> 
     </span>
    </p>
   </div>
   <div class='ocr_carea' id='block_1_76' title="bbox 2142 3434 3362 3477">
    <p class='ocr_par' dir='ltr' id='par_1_76' title="bbox 2142 3434 3362 3477">
     <span class='ocr_line' id='line_1_76' title="bbox 2142 3434 3362 3477; baseline 0.002 -3"><span class='ocrx_word' id='word_1_553' title='bbox 2142 3435 2260 3475; x_wconf 71' lang='lat' dir='ltr'><strong>SEX.</strong></span> <span class='ocrx_word' id='word_1_554' title='bbox 2315 3434 2575 3474; x_wconf 76' lang='lat' dir='ltr'><strong>POMPEIUS</strong></span> <span class='ocrx_word' id='word_1_555' title='bbox 2623 3435 2669 3474; x_wconf 83' lang='lat' dir='ltr'><strong>S.</strong></span> <span class='ocrx_word' id='word_1_556' title='bbox 2714 3436 2761 3473; x_wconf 79' lang='lat' dir='ltr'><strong>P.</strong></span> <span class='ocrx_word' id='word_1_557' title='bbox 2814 3436 2865 3474; x_wconf 84' lang='grc' dir='ltr'><strong>Ε.</strong></span> <span class='ocrx_word' id='word_1_558' title='bbox 2908 3435 3026 3474; x_wconf 85' lang='lat' dir='ltr'><strong>COL.</strong></span> <span class='ocrx_word' id='word_1_559' title='bbox 3070 3435 3362 3477; x_wconf 67' lang='lat' dir='ltr'><strong>HUSSIANUS</strong></span> 
     </span>
    </p>
   </div>
   <div class='ocr_carea' id='block_1_77' title="bbox 2247 3526 3259 3574">
    <p class='ocr_par' dir='ltr' id='par_1_77' title="bbox 2247 3526 3259 3574">
     <span class='ocr_line' id='line_1_77' title="bbox 2247 3526 3259 3574; baseline 0.003 -9"><span class='ocrx_word' id='word_1_560' title='bbox 2247 3526 2673 3574; x_wconf 75' lang='lat' dir='ltr'><strong>QUINQUENNALIS</strong></span> <span class='ocrx_word' id='word_1_561' title='bbox 2714 3527 2903 3567; x_wconf 79' lang='lat' dir='ltr'><strong>DECUR.</strong></span> <span class='ocrx_word' id='word_1_562' title='bbox 2944 3526 3259 3568; x_wconf 81' lang='lat' dir='ltr'><strong>BIDENTALIS</strong></span> 
     </span>
    </p>
   </div>
   <div class='ocr_carea' id='block_1_78' title="bbox 2533 3620 2969 3661">
    <p class='ocr_par' dir='ltr' id='par_1_78' title="bbox 2533 3620 2969 3661">
     <span class='ocr_line' id='line_1_78' title="bbox 2533 3620 2969 3661; baseline 0.009 -4"><span class='ocrx_word' id='word_1_563' title='bbox 2533 3620 2712 3659; x_wconf 78' lang='lat' dir='ltr'><strong>DONUM</strong></span> <span class='ocrx_word' id='word_1_564' title='bbox 2786 3620 2969 3661; x_wconf 81' lang='lat' dir='ltr'><strong>DEDIT.</strong></span> 
     </span>
    </p>
   </div>
   <div class='ocr_carea' id='block_1_79' title="bbox 1966 3691 3544 3769">
    <p class='ocr_par' dir='ltr' id='par_1_79' title="bbox 1966 3691 3544 3769">
     <span class='ocr_line' id='line_1_79' title="bbox 1966 3691 3544 3769; baseline 0.003 -20"><span class='ocrx_word' id='word_1_565' title='bbox 1966 3694 2251 3751; x_wconf 68' lang='lat' dir='ltr'><strong>Pmsefert</strong></span> <span class='ocrx_word' id='word_1_566' title='bbox 2312 3696 2450 3766; x_wconf 89' lang='lat' dir='ltr'><strong>lapis</strong></span> <span class='ocrx_word' id='word_1_567' title='bbox 2494 3698 2609 3765; x_wconf 90' lang='lat' dir='ltr'><strong>ipse</strong></span> <span class='ocrx_word' id='word_1_568' title='bbox 2658 3698 2856 3763; x_wconf 90' lang='lat' dir='ltr'><strong>basim,</strong></span> <span class='ocrx_word' id='word_1_569' title='bbox 2929 3691 3091 3767; x_wconf 84' lang='lat' dir='ltr'><strong>super</strong></span> <span class='ocrx_word' id='word_1_570' title='bbox 3143 3714 3308 3769; x_wconf 91' lang='lat' dir='ltr'><strong>quam</strong></span> <span class='ocrx_word' id='word_1_571' title='bbox 3360 3707 3544 3755; x_wconf 85' lang='lat' dir='ltr'><strong>statua</strong></span> 
     </span>
    </p>
   </div>
   <div class='ocr_carea' id='block_1_80' title="bbox 1977 3790 3543 3860">
    <p class='ocr_par' dir='ltr' id='par_1_80' title="bbox 1977 3790 3543 3860">
     <span class='ocr_line' id='line_1_80' title="bbox 1977 3790 3543 3860; baseline 0.004 -17"><span class='ocrx_word' id='word_1_572' title='bbox 1977 3790 2151 3844; x_wconf 90' lang='lat' dir='ltr'><strong>locata</strong></span> <span class='ocrx_word' id='word_1_573' title='bbox 2183 3800 2352 3853; x_wconf 90' lang='lat' dir='ltr'><strong>esset,</strong></span> <span class='ocrx_word' id='word_1_574' title='bbox 2400 3790 2494 3843; x_wconf 92' lang='lat' dir='ltr'><strong>sed</strong></span> <span class='ocrx_word' id='word_1_575' title='bbox 2534 3793 2833 3860; x_wconf 80' lang='lat' dir='ltr'><strong>exiguam:</strong></span> <span class='ocrx_word' id='word_1_576' title='bbox 2880 3807 2981 3846; x_wconf 91' lang='lat' dir='ltr'><strong>nec</strong></span> <span class='ocrx_word' id='word_1_577' title='bbox 3031 3794 3179 3846; x_wconf 89' lang='lat' dir='ltr'><strong>enim</strong></span> <span class='ocrx_word' id='word_1_578' title='bbox 3232 3808 3354 3847; x_wconf 90' lang='lat' dir='ltr'><strong>cum</strong></span> <span class='ocrx_word' id='word_1_579' title='bbox 3386 3794 3543 3849; x_wconf 86' lang='lat' dir='ltr'><strong>valde</strong></span> 
     </span>
    </p>
   </div>
   <div class='ocr_carea' id='block_1_81' title="bbox 1967 3881 3540 3953">
    <p class='ocr_par' dir='ltr' id='par_1_81' title="bbox 1967 3881 3540 3953">
     <span class='ocr_line' id='line_1_81' title="bbox 1967 3881 3540 3953; baseline 0.005 -20"><span class='ocrx_word' id='word_1_580' title='bbox 1967 3889 2195 3951; x_wconf 87' lang='lat' dir='ltr'><strong>angusta</strong></span> <span class='ocrx_word' id='word_1_581' title='bbox 2226 3881 2319 3944; x_wconf 89' lang='lat' dir='ltr'><strong>sit,</strong></span> <span class='ocrx_word' id='word_1_582' title='bbox 2368 3895 2535 3949; x_wconf 75' lang='lat' dir='ltr'><strong>capax</strong></span> <span class='ocrx_word' id='word_1_583' title='bbox 2569 3896 2690 3937; x_wconf 88' lang='lat' dir='ltr'><strong>esse</strong></span> <span class='ocrx_word' id='word_1_584' title='bbox 2724 3881 2940 3937; x_wconf 89' lang='lat' dir='ltr'><strong>videtur</strong></span> <span class='ocrx_word' id='word_1_585' title='bbox 2971 3883 3204 3953; x_wconf 85' lang='lat' dir='ltr'><strong>alicujus</strong></span> <span class='ocrx_word' id='word_1_586' title='bbox 3255 3886 3540 3941; x_wconf 88' lang='lat' dir='ltr'><strong>simulacri</strong></span> 
     </span>
    </p>
   </div>
   <div class='ocr_carea' id='block_1_82' title="bbox 1970 3973 3541 4045">
    <p class='ocr_par' dir='ltr' id='par_1_82' title="bbox 1970 3973 3541 4045">
     <span class='ocr_line' id='line_1_82' title="bbox 1970 3973 3541 4045; baseline 0.003 -18"><span class='ocrx_word' id='word_1_587' title='bbox 1970 3973 2218 4031; x_wconf 61' lang='lat' dir='ltr'><strong>humana‘.</strong></span> <span class='ocrx_word' id='word_1_588' title='bbox 2254 3982 2477 4026; x_wconf 74' lang='lat' dir='ltr'><strong>statura:</strong></span> <span class='ocrx_word' id='word_1_589' title='bbox 2517 3973 2732 4028; x_wconf 88' lang='lat' dir='ltr'><strong>similis.</strong></span> <span class='ocrx_word' id='word_1_590' title='bbox 2764 3993 2798 4040; x_wconf 45' lang='grc' dir='ltr'>ιι</span> <span class='ocrx_word' id='word_1_591' title='bbox 2843 3973 3134 4030; x_wconf 87' lang='lat' dir='ltr'><strong>Nominum</strong></span> <span class='ocrx_word' id='word_1_592' title='bbox 3166 3977 3417 4045; x_wconf 67' lang='lat' dir='ltr'><strong>quaedam</strong></span> <span class='ocrx_word' id='word_1_593' title='bbox 3455 3987 3541 4031; x_wconf 85' lang='lat' dir='ltr'><strong>est</strong></span> 
     </span>
    </p>
   </div>
   <div class='ocr_carea' id='block_1_83' title="bbox 1969 4065 3541 4136">
    <p class='ocr_par' dir='ltr' id='par_1_83' title="bbox 1969 4065 3541 4136">
     <span class='ocr_line' id='line_1_83' title="bbox 1969 4065 3541 4136; baseline 0.001 -17"><span class='ocrx_word' id='word_1_594' title='bbox 1969 4065 2268 4120; x_wconf 83' lang='lat' dir='ltr'><strong>similitudo</strong></span> <span class='ocrx_word' id='word_1_595' title='bbox 2320 4066 2468 4120; x_wconf 90' lang='lat' dir='ltr'><strong>inter</strong></span> <span class='ocrx_word' id='word_1_596' title='bbox 2517 4066 2657 4120; x_wconf 90' lang='lat' dir='ltr'><strong>hanc</strong></span> <span class='ocrx_word' id='word_1_597' title='bbox 2708 4067 3120 4135; x_wconf 89' lang='lat' dir='ltr'><strong>inscriptionem</strong></span> <span class='ocrx_word' id='word_1_598' title='bbox 3152 4075 3205 4121; x_wconf 91' lang='lat' dir='ltr'><strong>et</strong></span> <span class='ocrx_word' id='word_1_599' title='bbox 3233 4081 3375 4132; x_wconf 89' lang='lat' dir='ltr'><strong>eam,</strong></span> <span class='ocrx_word' id='word_1_600' title='bbox 3417 4082 3541 4136; x_wconf 65' lang='lat' dir='ltr'><strong>quae</strong></span> 
     </span>
    </p>
   </div>
   <div class='ocr_carea' id='block_1_84' title="bbox 1973 4156 3543 4230">
    <p class='ocr_par' dir='ltr' id='par_1_84' title="bbox 1973 4156 3543 4230">
     <span class='ocr_line' id='line_1_84' title="bbox 1973 4156 3543 4230; baseline 0.002 -19"><span class='ocrx_word' id='word_1_601' title='bbox 1973 4174 1999 4211; x_wconf 91' lang='lat' dir='ltr'><strong>a</strong></span> <span class='ocrx_word' id='word_1_602' title='bbox 2030 4156 2243 4213; x_wconf 68' lang='lat' dir='ltr'><strong>Iustino</strong></span> <span class='ocrx_word' id='word_1_603' title='bbox 2272 4158 2553 4225; x_wconf 82' lang='lat' dir='ltr'><strong>refertur;</strong></span> <span class='ocrx_word' id='word_1_604' title='bbox 2584 4160 2838 4228; x_wconf 79' lang='lat' dir='ltr'><strong>congruit</strong></span> <span class='ocrx_word' id='word_1_605' title='bbox 2873 4161 3039 4214; x_wconf 89' lang='lat' dir='ltr'><strong>etiam</strong></span> <span class='ocrx_word' id='word_1_606' title='bbox 3086 4159 3239 4215; x_wconf 93' lang='lat' dir='ltr'><strong>locus</strong></span> <span class='ocrx_word' id='word_1_607' title='bbox 3271 4178 3285 4213; x_wconf 91' lang='lat'><strong>:</strong></span> <span class='ocrx_word' id='word_1_608' title='bbox 3322 4170 3543 4230; x_wconf 90' lang='lat' dir='ltr'><strong>reperta</strong></span> 
     </span>
    </p>
   </div>
   <div class='ocr_carea' id='block_1_85' title="bbox 1970 4248 3542 4319">
    <p class='ocr_par' dir='ltr' id='par_1_85' title="bbox 1970 4248 3542 4319">
     <span class='ocr_line' id='line_1_85' title="bbox 1970 4248 3542 4319; baseline 0.001 -15"><span class='ocrx_word' id='word_1_609' title='bbox 1970 4251 2116 4304; x_wconf 90' lang='lat' dir='ltr'><strong>enim</strong></span> <span class='ocrx_word' id='word_1_610' title='bbox 2162 4257 2341 4303; x_wconf 88' lang='lat' dir='ltr'><strong>statua</strong></span> <span class='ocrx_word' id='word_1_611' title='bbox 2369 4248 2622 4304; x_wconf 90' lang='lat' dir='ltr'><strong>Semonis</strong></span> <span class='ocrx_word' id='word_1_612' title='bbox 2650 4249 2818 4319; x_wconf 86' lang='lat' dir='ltr'><strong>Sangi</strong></span> <span class='ocrx_word' id='word_1_613' title='bbox 2852 4249 2938 4303; x_wconf 92' lang='lat' dir='ltr'><strong>dei</strong></span> <span class='ocrx_word' id='word_1_614' title='bbox 2968 4251 3022 4304; x_wconf 93' lang='lat' dir='ltr'><strong>in</strong></span> <span class='ocrx_word' id='word_1_615' title='bbox 3052 4250 3228 4306; x_wconf 87' lang='lat' dir='ltr'><strong>insula</strong></span> <span class='ocrx_word' id='word_1_616' title='bbox 3257 4251 3542 4318; x_wconf 91' lang='lat' dir='ltr'><strong>Tiberina,</strong></span> 
     </span>
    </p>
   </div>
   <div class='ocr_carea' id='block_1_86' title="bbox 1972 4339 3542 4409">
    <p class='ocr_par' dir='ltr' id='par_1_86' title="bbox 1972 4339 3542 4409">
     <span class='ocr_line' id='line_1_86' title="bbox 1972 4339 3542 4409; baseline 0.003 -15"><span class='ocrx_word' id='word_1_617' title='bbox 1972 4342 2023 4394; x_wconf 91' lang='lat' dir='ltr'><strong>in</strong></span> <span class='ocrx_word' id='word_1_618' title='bbox 2069 4356 2175 4409; x_wconf 89' lang='lat' dir='ltr'><strong>qua</strong></span> <span class='ocrx_word' id='word_1_619' title='bbox 2222 4341 2502 4395; x_wconf 87' lang='lat' dir='ltr'><strong>Simonem</strong></span> <span class='ocrx_word' id='word_1_620' title='bbox 2558 4339 2723 4395; x_wconf 83' lang='lat' dir='ltr'><strong>deum</strong></span> <span class='ocrx_word' id='word_1_621' title='bbox 2772 4350 3025 4397; x_wconf 90' lang='lat' dir='ltr'><strong>sanctum</strong></span> <span class='ocrx_word' id='word_1_622' title='bbox 3071 4352 3261 4398; x_wconf 82' lang='lat' dir='ltr'><strong>narrat</strong></span> <span class='ocrx_word' id='word_1_623' title='bbox 3292 4342 3542 4399; x_wconf 87' lang='lat' dir='ltr'><strong>Justinus</strong></span> 
     </span>
    </p>
   </div>
   <div class='ocr_carea' id='block_1_87' title="bbox 1971 4431 3543 4502">
    <p class='ocr_par' dir='ltr' id='par_1_87' title="bbox 1971 4431 3543 4502">
     <span class='ocr_line' id='line_1_87' title="bbox 1971 4431 3543 4502; baseline 0.003 -19"><span class='ocrx_word' id='word_1_624' title='bbox 1971 4431 2141 4486; x_wconf 85' lang='lat' dir='ltr'><strong>fuisse</strong></span> <span class='ocrx_word' id='word_1_625' title='bbox 2194 4440 2598 4488; x_wconf 88' lang='lat' dir='ltr'><strong>consecratum.</strong></span> <span class='ocrx_word' id='word_1_626' title='bbox 2650 4432 2780 4486; x_wconf 89' lang='lat' dir='ltr'><strong>lude</strong></span> <span class='ocrx_word' id='word_1_627' title='bbox 2828 4442 2953 4487; x_wconf 89' lang='lat' dir='ltr'><strong>nata</strong></span> <span class='ocrx_word' id='word_1_628' title='bbox 3012 4432 3258 4502; x_wconf 89' lang='lat' dir='ltr'><strong>pluribus</strong></span> <span class='ocrx_word' id='word_1_629' title='bbox 3306 4434 3543 4488; x_wconf 90' lang='lat' dir='ltr'><strong>eruditis</strong></span> 
     </span>
    </p>
   </div>
   <div class='ocr_carea' id='block_1_88' title="bbox 1970 4523 3544 4594">
    <p class='ocr_par' dir='ltr' id='par_1_88' title="bbox 1970 4523 3544 4594">
     <span class='ocr_line' id='line_1_88' title="bbox 1970 4523 3544 4594; baseline 0.002 -17"><span class='ocrx_word' id='word_1_630' title='bbox 1970 4540 2076 4577; x_wconf 91' lang='lat' dir='ltr'><strong>non</strong></span> <span class='ocrx_word' id='word_1_631' title='bbox 2104 4524 2343 4592; x_wconf 89' lang='lat' dir='ltr'><strong>suspicio</strong></span> <span class='ocrx_word' id='word_1_632' title='bbox 2373 4523 2571 4589; x_wconf 90' lang='lat' dir='ltr'><strong>solum,</strong></span> <span class='ocrx_word' id='word_1_633' title='bbox 2616 4525 2710 4578; x_wconf 91' lang='lat' dir='ltr'><strong>sed</strong></span> <span class='ocrx_word' id='word_1_634' title='bbox 2734 4524 2899 4579; x_wconf 89' lang='lat' dir='ltr'><strong>etiam</strong></span> <span class='ocrx_word' id='word_1_635' title='bbox 2934 4524 3090 4579; x_wconf 81' lang='lat' dir='ltr'><strong>ﬁrma</strong></span> <span class='ocrx_word' id='word_1_636' title='bbox 3136 4526 3418 4594; x_wconf 84' lang='lat' dir='ltr'><strong>persuasio</strong></span> <span class='ocrx_word' id='word_1_637' title='bbox 3447 4528 3544 4580; x_wconf 85' lang='lat' dir='ltr'><strong>dc-</strong></span> 
     </span>
    </p>
   </div>
   <div class='ocr_carea' id='block_1_89' title="bbox 293 4613 3544 4701">
    <p class='ocr_par' dir='ltr' id='par_1_89' title="bbox 293 4613 3544 4701">
     <span class='ocr_line' id='line_1_89' title="bbox 293 4613 3544 4701; baseline 0.002 -35"><span class='ocrx_word' id='word_1_638' title='bbox 293 4628 378 4667; x_wconf 79' lang='lat' dir='ltr'><strong>ros</strong></span> <span class='ocrx_word' id='word_1_639' title='bbox 424 4620 739 4683; x_wconf 63' lang='lat' dir='ltr'><strong>reipublicae</strong></span> <span class='ocrx_word' id='word_1_640' title='bbox 767 4627 996 4672; x_wconf 88' lang='lat' dir='ltr'><strong>eventus</strong></span> <span class='ocrx_word' id='word_1_641' title='bbox 1038 4618 1109 4672; x_wconf 91' lang='lat' dir='ltr'><strong>ab</strong></span> <span class='ocrx_word' id='word_1_642' title='bbox 1134 4618 1217 4671; x_wconf 90' lang='lat' dir='ltr'><strong>eis</strong></span> <span class='ocrx_word' id='word_1_643' title='bbox 1249 4616 1486 4685; x_wconf 79' lang='lat' dir='ltr'><strong>inquiri;</strong></span> <span class='ocrx_word' id='word_1_644' title='bbox 1510 4616 1752 4684; x_wconf 89' lang='lat' dir='ltr'><strong>satisque</strong></span> <span class='ocrx_word' id='word_1_645' title='bbox 1780 4614 1862 4667; x_wconf 91' lang='lat' dir='ltr'><strong>le—</strong></span> <span class='ocrx_word' id='word_1_646' title='bbox 1896 4648 1940 4701; x_wconf 68' lang='grc' dir='ltr'>Β</span> <span class='ocrx_word' id='word_1_647' title='bbox 1971 4625 2185 4683; x_wconf 89' lang='lat' dir='ltr'><strong>ceptum</strong></span> <span class='ocrx_word' id='word_1_648' title='bbox 2226 4613 2393 4669; x_wconf 79' lang='lat' dir='ltr'><strong>fuisse</strong></span> <span class='ocrx_word' id='word_1_649' title='bbox 2428 4614 2705 4669; x_wconf 84' lang='lat' dir='ltr'><strong>Justinum</strong></span> <span class='ocrx_word' id='word_1_650' title='bbox 2744 4616 3085 4686; x_wconf 77' lang='lat' dir='ltr'><strong>ignoratione</strong></span> <span class='ocrx_word' id='word_1_651' title='bbox 3115 4616 3453 4681; x_wconf 87' lang='lat' dir='ltr'><strong>Latinitatis,</strong></span> <span class='ocrx_word' id='word_1_652' title='bbox 3488 4628 3544 4672; x_wconf 86' lang='lat' dir='ltr'><strong>et</strong></span> 
     </span>
    </p>
   </div>
   <div class='ocr_carea' id='block_1_90' title="bbox 294 4704 1862 4778">
    <p class='ocr_par' dir='ltr' id='par_1_90' title="bbox 294 4704 1862 4778">
     <span class='ocr_line' id='line_1_90' title="bbox 294 4704 1862 4778; baseline 0.001 -22"><span class='ocrx_word' id='word_1_653' title='bbox 294 4707 412 4773; x_wconf 88' lang='lat' dir='ltr'><strong>pide</strong></span> <span class='ocrx_word' id='word_1_654' title='bbox 440 4706 773 4761; x_wconf 69' lang='lat' dir='ltr'><strong>Aurelianus</strong></span> <span class='ocrx_word' id='word_1_655' title='bbox 802 4709 854 4761; x_wconf 90' lang='lat' dir='ltr'><strong>in</strong></span> <span class='ocrx_word' id='word_1_656' title='bbox 896 4708 1125 4778; x_wconf 82' lang='lat' dir='ltr'><strong>epistola</strong></span> <span class='ocrx_word' id='word_1_657' title='bbox 1153 4708 1222 4762; x_wconf 86' lang='lat' dir='ltr'><strong>ad</strong></span> <span class='ocrx_word' id='word_1_658' title='bbox 1249 4716 1523 4771; x_wconf 87' lang='lat' dir='ltr'><strong>senatum,</strong></span> <span class='ocrx_word' id='word_1_659' title='bbox 1564 4722 1729 4776; x_wconf 90' lang='lat' dir='ltr'><strong>quam</strong></span> <span class='ocrx_word' id='word_1_660' title='bbox 1757 4704 1862 4758; x_wconf 84' lang='lat' dir='ltr'><strong>Vo-</strong></span> 
     </span>
    </p>
   </div>
   <div class='ocr_carea' id='block_1_91' title="bbox 294 4796 1861 4865">
    <p class='ocr_par' dir='ltr' id='par_1_91' title="bbox 294 4796 1861 4865">
     <span class='ocr_line' id='line_1_91' title="bbox 294 4796 1861 4865; baseline -0.001 -16"><span class='ocrx_word' id='word_1_661' title='bbox 294 4799 469 4865; x_wconf 78' lang='lat' dir='ltr'><strong>piscus</strong></span> <span class='ocrx_word' id='word_1_662' title='bbox 494 4800 659 4852; x_wconf 88' lang='lat' dir='ltr'><strong>nobis</strong></span> <span class='ocrx_word' id='word_1_663' title='bbox 690 4799 947 4864; x_wconf 85' lang='lat' dir='ltr'><strong>prodidit,</strong></span> <span class='ocrx_word' id='word_1_664' title='bbox 978 4799 1199 4853; x_wconf 88' lang='lat' dir='ltr'><strong>dicebat</strong></span> <span class='ocrx_word' id='word_1_665' title='bbox 1226 4814 1240 4851; x_wconf 91' lang='lat'><strong>:</strong></span> <span class='ocrx_word' id='word_1_666' title='bbox 1272 4816 1291 4850; x_wconf 74' lang='grc' dir='ltr'>ι</span> <span class='ocrx_word' id='word_1_667' title='bbox 1326 4798 1495 4852; x_wconf 86' lang='lat' dir='ltr'><strong>Miror</strong></span> <span class='ocrx_word' id='word_1_668' title='bbox 1520 4812 1639 4861; x_wconf 89' lang='lat' dir='ltr'><strong>vos,</strong></span> <span class='ocrx_word' id='word_1_669' title='bbox 1670 4796 1861 4850; x_wconf 88' lang='lat' dir='ltr'><strong>Patres</strong></span> 
     </span>
    </p>
   </div>
   <div class='ocr_carea' id='block_1_92' title="bbox 297 4887 1861 4959">
    <p class='ocr_par' dir='ltr' id='par_1_92' title="bbox 297 4887 1861 4959">
     <span class='ocr_line' id='line_1_92' title="bbox 297 4887 1861 4959; baseline -0.001 -17"><span class='ocrx_word' id='word_1_670' title='bbox 297 4892 479 4951; x_wconf 76' lang='lat' dir='ltr'><strong>sancti;</strong></span> <span class='ocrx_word' id='word_1_671' title='bbox 534 4901 645 4941; x_wconf 81' lang='lat' dir='ltr'><strong>tam</strong></span> <span class='ocrx_word' id='word_1_672' title='bbox 677 4889 771 4941; x_wconf 89' lang='lat' dir='ltr'><strong>diu</strong></span> <span class='ocrx_word' id='word_1_673' title='bbox 814 4890 880 4944; x_wconf 91' lang='lat' dir='ltr'><strong>de</strong></span> <span class='ocrx_word' id='word_1_674' title='bbox 920 4891 1229 4958; x_wconf 86' lang='lat' dir='ltr'><strong>aperiendis</strong></span> <span class='ocrx_word' id='word_1_675' title='bbox 1258 4890 1540 4959; x_wconf 83' lang='lat' dir='ltr'><strong>Sibyllinis</strong></span> <span class='ocrx_word' id='word_1_676' title='bbox 1582 4887 1861 4943; x_wconf 87' lang='lat' dir='ltr'><strong>dubitasse</strong></span> 
     </span>
    </p>
   </div>
   <div class='ocr_carea' id='block_1_93' title="bbox 299 4980 1861 5049">
    <p class='ocr_par' dir='ltr' id='par_1_93' title="bbox 299 4980 1861 5049">
     <span class='ocr_line' id='line_1_93' title="bbox 299 4980 1861 5049; baseline 0.002 -19"><span class='ocrx_word' id='word_1_677' title='bbox 299 4980 458 5045; x_wconf 78' lang='lat' dir='ltr'><strong>libris,</strong></span> <span class='ocrx_word' id='word_1_678' title='bbox 493 4982 655 5049; x_wconf 69' lang='lat' dir='ltr'><strong>quasi</strong></span> <span class='ocrx_word' id='word_1_679' title='bbox 702 4982 756 5034; x_wconf 90' lang='lat' dir='ltr'><strong>in</strong></span> <span class='ocrx_word' id='word_1_680' title='bbox 835 4981 1272 5037; x_wconf 88' lang='lat' dir='ltr'><strong>Christianorum</strong></span> <span class='ocrx_word' id='word_1_681' title='bbox 1331 4982 1587 5044; x_wconf 89' lang='lat' dir='ltr'><strong>ecclesia,</strong></span> <span class='ocrx_word' id='word_1_682' title='bbox 1642 4996 1749 5034; x_wconf 91' lang='lat' dir='ltr'><strong>nou</strong></span> <span class='ocrx_word' id='word_1_683' title='bbox 1807 4981 1861 5033; x_wconf 93' lang='lat' dir='ltr'><strong>in</strong></span> 
     </span>
    </p>
   </div>
   <div class='ocr_carea' id='block_1_94' title="bbox 300 5071 1858 5141">
    <p class='ocr_par' dir='ltr' id='par_1_94' title="bbox 300 5071 1858 5141">
     <span class='ocr_line' id='line_1_94' title="bbox 300 5071 1858 5141; baseline -0.001 -16"><span class='ocrx_word' id='word_1_684' title='bbox 300 5072 485 5141; x_wconf 81' lang='lat' dir='ltr'><strong>templo</strong></span> <span class='ocrx_word' id='word_1_685' title='bbox 512 5076 746 5126; x_wconf 84' lang='lat' dir='ltr'><strong>deorum</strong></span> <span class='ocrx_word' id='word_1_686' title='bbox 784 5072 1030 5125; x_wconf 83' lang='lat' dir='ltr'><strong>omnium</strong></span> <span class='ocrx_word' id='word_1_687' title='bbox 1060 5074 1393 5128; x_wconf 84' lang='lat' dir='ltr'><strong>tractaretis.</strong></span> <span class='ocrx_word' id='word_1_688' title='bbox 1438 5092 1457 5125; x_wconf 76' lang='grc' dir='ltr'><strong><em>ι</em></strong></span> <span class='ocrx_word' id='word_1_689' title='bbox 1501 5071 1619 5126; x_wconf 83' lang='lat' dir='ltr'><strong>Non</strong></span> <span class='ocrx_word' id='word_1_690' title='bbox 1652 5072 1858 5127; x_wconf 88' lang='lat' dir='ltr'><strong>mirum</strong></span> 
     </span>
    </p>
   </div>
   <div class='ocr_carea' id='block_1_95' title="bbox 297 5162 1860 5236">
    <p class='ocr_par' dir='ltr' id='par_1_95' title="bbox 297 5162 1860 5236">
     <span class='ocr_line' id='line_1_95' title="bbox 297 5162 1860 5236; baseline -0.003 -16"><span class='ocrx_word' id='word_1_691' title='bbox 297 5181 414 5235; x_wconf 77' lang='lat' dir='ltr'><strong>ergo</strong></span> <span class='ocrx_word' id='word_1_692' title='bbox 466 5166 512 5219; x_wconf 93' lang='lat' dir='ltr'><strong>si</strong></span> <span class='ocrx_word' id='word_1_693' title='bbox 570 5168 961 5234; x_wconf 87' lang='lat' dir='ltr'><strong>prophetarum</strong></span> <span class='ocrx_word' id='word_1_694' title='bbox 1022 5169 1225 5236; x_wconf 87' lang='lat' dir='ltr'><strong>scripta</strong></span> <span class='ocrx_word' id='word_1_695' title='bbox 1283 5177 1335 5221; x_wconf 90' lang='lat' dir='ltr'><strong>et</strong></span> <span class='ocrx_word' id='word_1_696' title='bbox 1378 5166 1489 5219; x_wconf 89' lang='lat' dir='ltr'><strong>alia</strong></span> <span class='ocrx_word' id='word_1_697' title='bbox 1535 5165 1622 5219; x_wconf 87' lang='lat' dir='ltr'><strong>bis</strong></span> <span class='ocrx_word' id='word_1_698' title='bbox 1660 5162 1860 5218; x_wconf 89' lang='lat' dir='ltr'><strong>similia</strong></span> 
     </span>
    </p>
   </div>
   <div class='ocr_carea' id='block_1_96' title="bbox 296 5255 1864 5329">
    <p class='ocr_par' dir='ltr' id='par_1_96' title="bbox 296 5255 1864 5329">
     <span class='ocr_line' id='line_1_96' title="bbox 296 5255 1864 5329; baseline -0.003 -18"><span class='ocrx_word' id='word_1_699' title='bbox 296 5260 512 5325; x_wconf 76' lang='lat' dir='ltr'><strong>gentiles</strong></span> <span class='ocrx_word' id='word_1_700' title='bbox 546 5264 667 5313; x_wconf 84' lang='lat' dir='ltr'><strong>sine</strong></span> <span class='ocrx_word' id='word_1_701' title='bbox 720 5260 962 5329; x_wconf 82' lang='lat' dir='ltr'><strong>periculo</strong></span> <span class='ocrx_word' id='word_1_702' title='bbox 994 5260 1181 5329; x_wconf 79' lang='lat' dir='ltr'><strong>legere</strong></span> <span class='ocrx_word' id='word_1_703' title='bbox 1215 5274 1321 5313; x_wconf 89' lang='lat' dir='ltr'><strong>non</strong></span> <span class='ocrx_word' id='word_1_704' title='bbox 1369 5267 1653 5327; x_wconf 86' lang='lat' dir='ltr'><strong>poterant;</strong></span> <span class='ocrx_word' id='word_1_705' title='bbox 1701 5255 1864 5310; x_wconf 81' lang='lat' dir='ltr'><strong>Chri-</strong></span> 
     </span>
    </p>
   </div>
   <div class='ocr_carea' id='block_1_97' title="bbox 298 5349 1863 5421">
    <p class='ocr_par' dir='ltr' id='par_1_97' title="bbox 298 5349 1863 5421">
     <span class='ocr_line' id='line_1_97' title="bbox 298 5349 1863 5421; baseline 0 -19"><span class='ocrx_word' id='word_1_706' title='bbox 298 5353 440 5404; x_wconf 60' lang='lat' dir='ltr'><strong>niani</strong></span> <span class='ocrx_word' id='word_1_707' title='bbox 489 5365 627 5404; x_wconf 80' lang='lat' dir='ltr'><strong>vero</strong></span> <span class='ocrx_word' id='word_1_708' title='bbox 670 5362 727 5405; x_wconf 88' lang='lat' dir='ltr'><strong>et</strong></span> <span class='ocrx_word' id='word_1_709' title='bbox 761 5353 879 5406; x_wconf 87' lang='lat' dir='ltr'><strong>sine</strong></span> <span class='ocrx_word' id='word_1_710' title='bbox 923 5353 1236 5419; x_wconf 88' lang='lat' dir='ltr'><strong>suspicione</strong></span> <span class='ocrx_word' id='word_1_711' title='bbox 1261 5367 1324 5405; x_wconf 91' lang='lat' dir='ltr'><strong>ea</strong></span> <span class='ocrx_word' id='word_1_712' title='bbox 1366 5349 1656 5421; x_wconf 83' lang='lat' dir='ltr'><strong>legebant;</strong></span> <span class='ocrx_word' id='word_1_713' title='bbox 1690 5358 1746 5403; x_wconf 90' lang='lat' dir='ltr'><strong>et</strong></span> <span class='ocrx_word' id='word_1_714' title='bbox 1772 5362 1863 5403; x_wconf 90' lang='lat' dir='ltr'><strong>res</strong></span> 
     </span>
    </p>
   </div>
   <div class='ocr_carea' id='block_1_98' title="bbox 299 5444 1861 5513">
    <p class='ocr_par' dir='ltr' id='par_1_98' title="bbox 299 5444 1861 5513">
     <span class='ocr_line' id='line_1_98' title="bbox 299 5444 1861 5513; baseline 0.001 -16"><span class='ocrx_word' id='word_1_715' title='bbox 299 5447 576 5512; x_wconf 66' lang='lat' dir='ltr'><strong>praedictas</strong></span> <span class='ocrx_word' id='word_1_716' title='bbox 622 5447 691 5499; x_wconf 87' lang='lat' dir='ltr'><strong>ad</strong></span> <span class='ocrx_word' id='word_1_717' title='bbox 731 5447 942 5500; x_wconf 79' lang='lat' dir='ltr'><strong>exitum</strong></span> <span class='ocrx_word' id='word_1_718' title='bbox 994 5447 1287 5513; x_wconf 88' lang='lat' dir='ltr'><strong>perductas</strong></span> <span class='ocrx_word' id='word_1_719' title='bbox 1330 5460 1453 5499; x_wconf 89' lang='lat' dir='ltr'><strong>esse</strong></span> <span class='ocrx_word' id='word_1_720' title='bbox 1493 5444 1861 5507; x_wconf 85' lang='lat' dir='ltr'><strong>ostendendo,</strong></span> 
     </span>
    </p>
   </div>
   <div class='ocr_carea' id='block_1_99' title="bbox 300 5537 1618 5608">
    <p class='ocr_par' dir='ltr' id='par_1_99' title="bbox 300 5537 1618 5608">
     <span class='ocr_line' id='line_1_99' title="bbox 300 5537 1618 5608; baseline 0 -17"><span class='ocrx_word' id='word_1_721' title='bbox 300 5549 489 5608; x_wconf 71' lang='lat' dir='ltr'><strong>gratam</strong></span> <span class='ocrx_word' id='word_1_722' title='bbox 522 5540 946 5594; x_wconf 78' lang='lat' dir='ltr'><strong>admirationem</strong></span> <span class='ocrx_word' id='word_1_723' title='bbox 974 5538 1028 5590; x_wconf 92' lang='lat' dir='ltr'><strong>in</strong></span> <span class='ocrx_word' id='word_1_724' title='bbox 1053 5539 1254 5591; x_wconf 87' lang='lat' dir='ltr'><strong>animis</strong></span> <span class='ocrx_word' id='word_1_725' title='bbox 1280 5537 1618 5591; x_wconf 83' lang='lat' dir='ltr'><strong>excitabant.</strong></span> 
     </span>
    </p>
   </div>
   <div class='ocr_carea' id='block_1_100' title="bbox 360 5608 1859 5693">
    <p class='ocr_par' dir='ltr' id='par_1_100' title="bbox 360 5608 1859 5693">
     <span class='ocr_line' id='line_1_100' title="bbox 360 5608 1859 5693; baseline -0.003 -8"><span class='ocrx_word' id='word_1_726' title='bbox 360 5631 436 5686; x_wconf 79' lang='grc' dir='ltr'><strong>ιιι.</strong></span> <span class='ocrx_word' id='word_1_727' title='bbox 464 5632 863 5688; x_wconf 72' lang='lat' dir='ltr'><strong>Controversia:</strong></span> <span class='ocrx_word' id='word_1_728' title='bbox 912 5647 1023 5685; x_wconf 87' lang='lat' dir='ltr'><strong>non</strong></span> <span class='ocrx_word' id='word_1_729' title='bbox 1069 5630 1177 5682; x_wconf 87' lang='lat' dir='ltr'><strong>levi</strong></span> <span class='ocrx_word' id='word_1_730' title='bbox 1226 5631 1511 5684; x_wconf 89' lang='lat' dir='ltr'><strong>materiam</strong></span> <span class='ocrx_word' id='word_1_731' title='bbox 1571 5608 1859 5693; x_wconf 80' lang='lat' dir='ltr'><strong>dederunt,</strong></span> 
     </span>
    </p>
   </div>
   <div class='ocr_carea' id='block_1_101' title="bbox 305 5722 1861 5791">
    <p class='ocr_par' dir='ltr' id='par_1_101' title="bbox 305 5722 1861 5791">
     <span class='ocr_line' id='line_1_101' title="bbox 305 5722 1861 5791; baseline 0.001 -15"><span class='ocrx_word' id='word_1_732' title='bbox 305 5738 403 5789; x_wconf 77' lang='lat' dir='ltr'><strong>qua:</strong></span> <span class='ocrx_word' id='word_1_733' title='bbox 442 5742 469 5776; x_wconf 86' lang='lat' dir='ltr'><strong>a</strong></span> <span class='ocrx_word' id='word_1_734' title='bbox 498 5726 709 5782; x_wconf 75' lang='lat' dir='ltr'><strong>Justino</strong></span> <span class='ocrx_word' id='word_1_735' title='bbox 731 5727 785 5779; x_wconf 89' lang='lat' dir='ltr'><strong>in</strong></span> <span class='ocrx_word' id='word_1_736' title='bbox 821 5725 1020 5780; x_wconf 84' lang='lat' dir='ltr'><strong>eadem</strong></span> <span class='ocrx_word' id='word_1_737' title='bbox 1049 5722 1306 5791; x_wconf 76' lang='lat' dir='ltr'><strong>Apologia</strong></span> <span class='ocrx_word' id='word_1_738' title='bbox 1332 5724 1397 5776; x_wconf 88' lang='lat' dir='ltr'><strong>de</strong></span> <span class='ocrx_word' id='word_1_739' title='bbox 1432 5733 1612 5777; x_wconf 85' lang='lat' dir='ltr'><strong>statua</strong></span> <span class='ocrx_word' id='word_1_740' title='bbox 1644 5723 1861 5777; x_wconf 88' lang='lat' dir='ltr'><strong>Simoni</strong></span> 
     </span>
    </p>
   </div>
   <div class='ocr_carea' id='block_1_102' title="bbox 306 5816 1864 5885">
    <p class='ocr_par' dir='ltr' id='par_1_102' title="bbox 306 5816 1864 5885">
     <span class='ocr_line' id='line_1_102' title="bbox 306 5816 1864 5885; baseline 0.001 -18"><span class='ocrx_word' id='word_1_741' title='bbox 306 5816 433 5885; x_wconf 67' lang='lat' dir='ltr'><strong>Mago</strong></span> <span class='ocrx_word' id='word_1_742' title='bbox 452 5831 626 5874; x_wconf 87' lang='lat' dir='ltr'><strong>erecta</strong></span> <span class='ocrx_word' id='word_1_743' title='bbox 669 5822 956 5877; x_wconf 87' lang='lat' dir='ltr'><strong>dicuntur.</strong></span> <span class='ocrx_word' id='word_1_744' title='bbox 993 5816 1093 5870; x_wconf 89' lang='lat' dir='ltr'><strong>Sic</strong></span> <span class='ocrx_word' id='word_1_745' title='bbox 1135 5816 1302 5877; x_wconf 87' lang='lat' dir='ltr'><strong>enim,</strong></span> <span class='ocrx_word' id='word_1_746' title='bbox 1337 5830 1484 5868; x_wconf 89' lang='lat' dir='ltr'><strong>num.</strong></span> <span class='ocrx_word' id='word_1_747' title='bbox 1514 5816 1583 5868; x_wconf 69' lang='lat'><strong>26</strong></span> <span class='ocrx_word' id='word_1_748' title='bbox 1616 5835 1628 5869; x_wconf 91' lang='lat'><strong>:</strong></span> <span class='ocrx_word' id='word_1_749' title='bbox 1678 5835 1696 5867; x_wconf 75' lang='grc' dir='ltr'>ι</span> <span class='ocrx_word' id='word_1_750' title='bbox 1740 5816 1864 5869; x_wconf 66' lang='lat' dir='ltr'><strong>Dsc-</strong></span> 
     </span>
    </p>
   </div>
   <div class='ocr_carea' id='block_1_103' title="bbox 306 5909 1856 5975">
    <p class='ocr_par' dir='ltr' id='par_1_103' title="bbox 306 5909 1856 5975">
     <span class='ocr_line' id='line_1_103' title="bbox 306 5909 1856 5975; baseline -0.003 -9"><span class='ocrx_word' id='word_1_751' title='bbox 306 5922 461 5969; x_wconf 74' lang='lat' dir='ltr'><strong>Iwncs</strong></span> <span class='ocrx_word' id='word_1_752' title='bbox 497 5913 842 5971; x_wconf 83' lang='lat' dir='ltr'><strong>immiserunt</strong></span> <span class='ocrx_word' id='word_1_753' title='bbox 892 5910 1192 5966; x_wconf 80' lang='lat' dir='ltr'><strong>Simonem</strong></span> <span class='ocrx_word' id='word_1_754' title='bbox 1228 5909 1514 5975; x_wconf 81' lang='lat' dir='ltr'><strong>quemdam</strong></span> <span class='ocrx_word' id='word_1_755' title='bbox 1548 5910 1856 5965; x_wconf 81' lang='lat' dir='ltr'><strong>Samarita-</strong></span> 
     </span>
    </p>
   </div>
   <div class='ocr_carea' id='block_1_104' title="bbox 1970 4706 3543 4781">
    <p class='ocr_par' dir='ltr' id='par_1_104' title="bbox 1970 4706 3543 4781">
     <span class='ocr_line' id='line_1_104' title="bbox 1970 4706 3543 4781; baseline 0.004 -22"><span class='ocrx_word' id='word_1_756' title='bbox 1970 4706 2039 4759; x_wconf 90' lang='lat' dir='ltr'><strong>ab</strong></span> <span class='ocrx_word' id='word_1_757' title='bbox 2067 4723 2131 4762; x_wconf 91' lang='lat' dir='ltr'><strong>eo</strong></span> <span class='ocrx_word' id='word_1_758' title='bbox 2174 4708 2451 4762; x_wconf 81' lang='lat' dir='ltr'><strong>Simonem</strong></span> <span class='ocrx_word' id='word_1_759' title='bbox 2500 4709 2658 4763; x_wconf 88' lang='lat' dir='ltr'><strong>deum</strong></span> <span class='ocrx_word' id='word_1_760' title='bbox 2702 4721 2952 4765; x_wconf 90' lang='lat' dir='ltr'><strong>sanctum</strong></span> <span class='ocrx_word' id='word_1_761' title='bbox 2985 4725 3049 4765; x_wconf 85' lang='lat' dir='ltr'><strong>ex</strong></span> <span class='ocrx_word' id='word_1_762' title='bbox 3098 4710 3333 4765; x_wconf 88' lang='lat' dir='ltr'><strong>Semone</strong></span> <span class='ocrx_word' id='word_1_763' title='bbox 3362 4714 3543 4781; x_wconf 84' lang='lat' dir='ltr'><strong>Sango</strong></span> 
     </span>
    </p>
   </div>
   <div class='ocr_carea' id='block_1_105' title="bbox 1964 4798 3547 4873">
    <p class='ocr_par' dir='ltr' id='par_1_105' title="bbox 1964 4798 3547 4873">
     <span class='ocr_line' id='line_1_105' title="bbox 1964 4798 3547 4873; baseline 0.004 -21"><span class='ocrx_word' id='word_1_764' title='bbox 1964 4799 2071 4852; x_wconf 88' lang='lat' dir='ltr'><strong>deo</strong></span> <span class='ocrx_word' id='word_1_765' title='bbox 2101 4798 2434 4853; x_wconf 78' lang='lat' dir='ltr'><strong>fabricatum</strong></span> <span class='ocrx_word' id='word_1_766' title='bbox 2467 4799 2655 4857; x_wconf 82' lang='lat' dir='ltr'><strong>fuisse.</strong></span> <span class='ocrx_word' id='word_1_767' title='bbox 2689 4801 2795 4856; x_wconf 90' lang='lat' dir='ltr'><strong>Sed</strong></span> <span class='ocrx_word' id='word_1_768' title='bbox 2831 4812 2985 4873; x_wconf 89' lang='lat' dir='ltr'><strong>parte</strong></span> <span class='ocrx_word' id='word_1_769' title='bbox 3014 4818 3077 4857; x_wconf 78' lang='lat' dir='ltr'><strong>ex</strong></span> <span class='ocrx_word' id='word_1_770' title='bbox 3108 4804 3214 4857; x_wconf 90' lang='lat' dir='ltr'><strong>alia</strong></span> <span class='ocrx_word' id='word_1_771' title='bbox 3243 4804 3547 4859; x_wconf 88' lang='lat' dir='ltr'><strong>reclamant</strong></span> 
     </span>
    </p>
   </div>
   <div class='ocr_carea' id='block_1_106' title="bbox 1969 4889 3531 4964">
    <p class='ocr_par' dir='ltr' id='par_1_106' title="bbox 1969 4889 3531 4964">
     <span class='ocr_line' id='line_1_106' title="bbox 1969 4889 3531 4964; baseline 0.004 -22"><span class='ocrx_word' id='word_1_772' title='bbox 1969 4889 2059 4944; x_wconf 88' lang='lat' dir='ltr'><strong>alii</strong></span> <span class='ocrx_word' id='word_1_773' title='bbox 2101 4906 2207 4945; x_wconf 88' lang='lat' dir='ltr'><strong>non</strong></span> <span class='ocrx_word' id='word_1_774' title='bbox 2258 4892 2521 4961; x_wconf 81' lang='lat' dir='ltr'><strong>ignobiles</strong></span> <span class='ocrx_word' id='word_1_775' title='bbox 2555 4894 2775 4957; x_wconf 88' lang='lat' dir='ltr'><strong>critici,</strong></span> <span class='ocrx_word' id='word_1_776' title='bbox 2809 4895 3075 4964; x_wconf 89' lang='lat' dir='ltr'><strong>imprimis</strong></span> <span class='ocrx_word' id='word_1_777' title='bbox 3120 4894 3531 4961; x_wconf 87' lang='lat' dir='ltr'><strong>Tillemontius,</strong></span> 
     </span>
    </p>
   </div>
   <div class='ocr_carea' id='block_1_107' title="bbox 1965 4983 3357 5051">
    <p class='ocr_par' dir='ltr' id='par_1_107' title="bbox 1965 4983 3357 5051">
     <span class='ocr_line' id='line_1_107' title="bbox 1965 4983 3357 5051; baseline 0.006 -16"><span class='ocrx_word' id='word_1_778' title='bbox 1965 4998 2201 5051; x_wconf 90' lang='lat' dir='ltr'><strong>quorum</strong></span> <span class='ocrx_word' id='word_1_779' title='bbox 2233 4983 2559 5045; x_wconf 79' lang='lat' dir='ltr'><strong>rationibus,</strong></span> <span class='ocrx_word' id='word_1_780' title='bbox 2588 4985 2806 5040; x_wconf 84' lang='lat' dir='ltr'><strong>diﬂicile</strong></span> <span class='ocrx_word' id='word_1_781' title='bbox 2828 4995 2912 5041; x_wconf 90' lang='lat' dir='ltr'><strong>est</strong></span> <span class='ocrx_word' id='word_1_782' title='bbox 2947 5002 3051 5040; x_wconf 92' lang='lat' dir='ltr'><strong>non</strong></span> <span class='ocrx_word' id='word_1_783' title='bbox 3081 4989 3357 5044; x_wconf 90' lang='lat' dir='ltr'><strong>assentiri.</strong></span> 
     </span>
    </p>
   </div>
   <div class='ocr_carea' id='block_1_108' title="bbox 2040 5075 3543 5149">
    <p class='ocr_par' dir='ltr' id='par_1_108' title="bbox 2040 5075 3543 5149">
     <span class='ocr_line' id='line_1_108' title="bbox 2040 5075 3543 5149; baseline 0.004 -20"><span class='ocrx_word' id='word_1_784' title='bbox 2040 5076 2129 5130; x_wconf 80' lang='grc' dir='ltr'><strong>ιν.</strong></span> <span class='ocrx_word' id='word_1_785' title='bbox 2160 5075 2330 5131; x_wconf 88' lang='lat' dir='ltr'><strong>Unico</strong></span> <span class='ocrx_word' id='word_1_786' title='bbox 2354 5093 2579 5145; x_wconf 90' lang='lat' dir='ltr'><strong>prorsus</strong></span> <span class='ocrx_word' id='word_1_787' title='bbox 2613 5088 2940 5148; x_wconf 78' lang='lat' dir='ltr'><strong>argumento</strong></span> <span class='ocrx_word' id='word_1_788' title='bbox 2967 5079 3221 5133; x_wconf 91' lang='lat' dir='ltr'><strong>nituntur</strong></span> <span class='ocrx_word' id='word_1_789' title='bbox 3251 5080 3344 5149; x_wconf 89' lang='lat' dir='ltr'><strong>qui</strong></span> <span class='ocrx_word' id='word_1_790' title='bbox 3371 5080 3543 5135; x_wconf 85' lang='lat' dir='ltr'><strong>Justi-</strong></span> 
     </span>
    </p>
   </div>
   <div class='ocr_carea' id='block_1_109' title="bbox 1968 5175 3541 5242">
    <p class='ocr_par' dir='ltr' id='par_1_109' title="bbox 1968 5175 3541 5242">
     <span class='ocr_line' id='line_1_109' title="bbox 1968 5175 3541 5242; baseline 0.003 -16"><span class='ocrx_word' id='word_1_791' title='bbox 1968 5188 2096 5227; x_wconf 91' lang='lat' dir='ltr'><strong>num</strong></span> <span class='ocrx_word' id='word_1_792' title='bbox 2150 5175 2475 5229; x_wconf 84' lang='lat' dir='ltr'><strong>oscitantem</strong></span> <span class='ocrx_word' id='word_1_793' title='bbox 2522 5190 2743 5230; x_wconf 87' lang='lat' dir='ltr'><strong>errasse</strong></span> <span class='ocrx_word' id='word_1_794' title='bbox 2795 5175 3004 5242; x_wconf 86' lang='lat' dir='ltr'><strong>volunt,</strong></span> <span class='ocrx_word' id='word_1_795' title='bbox 3034 5190 3229 5242; x_wconf 76' lang='lat' dir='ltr'><strong>nempe</strong></span> <span class='ocrx_word' id='word_1_796' title='bbox 3260 5178 3541 5231; x_wconf 91' lang='lat' dir='ltr'><strong>nominum</strong></span> 
     </span>
    </p>
   </div>
   <div class='ocr_carea' id='block_1_110' title="bbox 1965 5264 3545 5337">
    <p class='ocr_par' dir='ltr' id='par_1_110' title="bbox 1965 5264 3545 5337">
     <span class='ocr_line' id='line_1_110' title="bbox 1965 5264 3545 5337; baseline 0.004 -20"><span class='ocrx_word' id='word_1_797' title='bbox 1965 5264 2342 5319; x_wconf 87' lang='lat' dir='ltr'><strong>similitudine.</strong></span> <span class='ocrx_word' id='word_1_798' title='bbox 2374 5264 2664 5321; x_wconf 84' lang='lat' dir='ltr'><strong>Levissimi</strong></span> <span class='ocrx_word' id='word_1_799' title='bbox 2702 5268 2848 5321; x_wconf 91' lang='lat' dir='ltr'><strong>enim</strong></span> <span class='ocrx_word' id='word_1_800' title='bbox 2882 5267 3145 5321; x_wconf 90' lang='lat' dir='ltr'><strong>momenti</strong></span> <span class='ocrx_word' id='word_1_801' title='bbox 3169 5275 3252 5321; x_wconf 92' lang='lat' dir='ltr'><strong>est</strong></span> <span class='ocrx_word' id='word_1_802' title='bbox 3280 5269 3424 5337; x_wconf 89' lang='lat' dir='ltr'><strong>quod</strong></span> <span class='ocrx_word' id='word_1_803' title='bbox 3447 5270 3545 5323; x_wconf 88' lang='lat' dir='ltr'><strong>oh-</strong></span> 
     </span>
    </p>
   </div>
   <div class='ocr_carea' id='block_1_111' title="bbox 1960 5357 3540 5427">
    <p class='ocr_par' dir='ltr' id='par_1_111' title="bbox 1960 5357 3540 5427">
     <span class='ocr_line' id='line_1_111' title="bbox 1960 5357 3540 5427; baseline 0.001 -18"><span class='ocrx_word' id='word_1_804' title='bbox 1960 5357 2349 5424; x_wconf 84' lang='lat' dir='ltr'><strong>jicitValesius</strong></span> <span class='ocrx_word' id='word_1_805' title='bbox 2380 5363 2517 5427; x_wconf 79' lang='lat' dir='ltr'><strong>(not.</strong></span> <span class='ocrx_word' id='word_1_806' title='bbox 2556 5359 2610 5411; x_wconf 93' lang='lat' dir='ltr'><strong>in</strong></span> <span class='ocrx_word' id='word_1_807' title='bbox 2640 5358 2840 5415; x_wconf 91' lang='lat' dir='ltr'><strong>Euseb.</strong></span> <span class='ocrx_word' id='word_1_808' title='bbox 2878 5358 2971 5412; x_wconf 91' lang='lat' dir='ltr'><strong>lib.</strong></span> <span class='ocrx_word' id='word_1_809' title='bbox 2998 5366 3060 5425; x_wconf 79' lang='grc' dir='ltr'><strong>η)</strong></span> <span class='ocrx_word' id='word_1_810' title='bbox 3090 5373 3195 5411; x_wconf 90' lang='lat' dir='ltr'><strong>non</strong></span> <span class='ocrx_word' id='word_1_811' title='bbox 3229 5358 3404 5414; x_wconf 90' lang='lat' dir='ltr'><strong>solere</strong></span> <span class='ocrx_word' id='word_1_812' title='bbox 3434 5358 3540 5412; x_wconf 68' lang='lat' dir='ltr'><strong>Ro.-</strong></span> 
     </span>
    </p>
   </div>
   <div class='ocr_carea' id='block_1_112' title="bbox 1968 5447 3544 5513">
    <p class='ocr_par' dir='ltr' id='par_1_112' title="bbox 1968 5447 3544 5513">
     <span class='ocr_line' id='line_1_112' title="bbox 1968 5447 3544 5513; baseline 0.001 -11"><span class='ocrx_word' id='word_1_813' title='bbox 1968 5464 2162 5504; x_wconf 88' lang='lat' dir='ltr'><strong>manos</strong></span> <span class='ocrx_word' id='word_1_814' title='bbox 2181 5450 2517 5504; x_wconf 83' lang='lat' dir='ltr'><strong>divinitatem</strong></span> <span class='ocrx_word' id='word_1_815' title='bbox 2539 5450 2850 5504; x_wconf 89' lang='lat' dir='ltr'><strong>hominibus</strong></span> <span class='ocrx_word' id='word_1_816' title='bbox 2867 5449 3003 5502; x_wconf 89' lang='lat' dir='ltr'><strong>vivis</strong></span> <span class='ocrx_word' id='word_1_817' title='bbox 3027 5447 3287 5513; x_wconf 87' lang='lat' dir='ltr'><strong>tribuere,</strong></span> <span class='ocrx_word' id='word_1_818' title='bbox 3308 5457 3397 5502; x_wconf 91' lang='lat' dir='ltr'><strong>aut</strong></span> <span class='ocrx_word' id='word_1_819' title='bbox 3414 5451 3544 5504; x_wconf 82' lang='lat' dir='ltr'><strong>deos</strong></span> 
     </span>
    </p>
   </div>
   <div class='ocr_carea' id='block_1_113' title="bbox 1968 5535 3544 5607">
    <p class='ocr_par' dir='ltr' id='par_1_113' title="bbox 1968 5535 3544 5607">
     <span class='ocr_line' id='line_1_113' title="bbox 1968 5535 3544 5607; baseline 0.001 -17"><span class='ocrx_word' id='word_1_820' title='bbox 1968 5538 2247 5607; x_wconf 91' lang='lat' dir='ltr'><strong>appellare</strong></span> <span class='ocrx_word' id='word_1_821' title='bbox 2269 5548 2506 5594; x_wconf 89' lang='lat' dir='ltr'><strong>sanctos.</strong></span> <span class='ocrx_word' id='word_1_822' title='bbox 2556 5537 2624 5592; x_wconf 90' lang='lat' dir='ltr'><strong>Ut</strong></span> <span class='ocrx_word' id='word_1_823' title='bbox 2658 5538 2908 5593; x_wconf 90' lang='lat' dir='ltr'><strong>omittam</strong></span> <span class='ocrx_word' id='word_1_824' title='bbox 2942 5535 3185 5604; x_wconf 82' lang='lat' dir='ltr'><strong>exempla</strong></span> <span class='ocrx_word' id='word_1_825' title='bbox 3219 5553 3325 5590; x_wconf 87' lang='lat' dir='ltr'><strong>non</strong></span> <span class='ocrx_word' id='word_1_826' title='bbox 3353 5538 3544 5592; x_wconf 62' lang='lat' dir='ltr'><strong>tlecs:e</strong></span> 
     </span>
    </p>
   </div>
   <div class='ocr_carea' id='block_1_114' title="bbox 1970 5626 3543 5697">
    <p class='ocr_par' dir='ltr' id='par_1_114' title="bbox 1970 5626 3543 5697">
     <span class='ocr_line' id='line_1_114' title="bbox 1970 5626 3543 5697; baseline -0.002 -14"><span class='ocrx_word' id='word_1_827' title='bbox 1970 5631 2249 5683; x_wconf 87' lang='lat' dir='ltr'><strong>hominum</strong></span> <span class='ocrx_word' id='word_1_828' title='bbox 2270 5640 2397 5683; x_wconf 83' lang='lat' dir='ltr'><strong>ante</strong></span> <span class='ocrx_word' id='word_1_829' title='bbox 2421 5639 2650 5683; x_wconf 90' lang='lat' dir='ltr'><strong>mortem</strong></span> <span class='ocrx_word' id='word_1_830' title='bbox 2671 5629 2772 5683; x_wconf 92' lang='lat' dir='ltr'><strong>diis</strong></span> <span class='ocrx_word' id='word_1_831' title='bbox 2801 5628 3185 5697; x_wconf 88' lang='lat' dir='ltr'><strong>ascriptorum,</strong></span> <span class='ocrx_word' id='word_1_832' title='bbox 3202 5637 3257 5680; x_wconf 92' lang='lat' dir='ltr'><strong>ut</strong></span> <span class='ocrx_word' id='word_1_833' title='bbox 3280 5626 3543 5697; x_wconf 78' lang='lat' dir='ltr'><strong>Neryllini</strong></span> 
     </span>
    </p>
   </div>
   <div class='ocr_carea' id='block_1_115' title="bbox 1969 5720 3545 5793">
    <p class='ocr_par' dir='ltr' id='par_1_115' title="bbox 1969 5720 3545 5793">
     <span class='ocr_line' id='line_1_115' title="bbox 1969 5720 3545 5793; baseline -0.003 -18"><span class='ocrx_word' id='word_1_834' title='bbox 1969 5724 2106 5791; x_wconf 90' lang='lat' dir='ltr'><strong>apud</strong></span> <span class='ocrx_word' id='word_1_835' title='bbox 2154 5723 2597 5793; x_wconf 80' lang='lat' dir='ltr'><strong>Athenagoram,</strong></span> <span class='ocrx_word' id='word_1_836' title='bbox 2643 5738 2788 5775; x_wconf 88' lang='lat' dir='ltr'><strong>num.</strong></span> <span class='ocrx_word' id='word_1_837' title='bbox 2817 5722 2905 5787; x_wconf 70' lang='lat'><strong>26,</strong></span> <span class='ocrx_word' id='word_1_838' title='bbox 2954 5723 3087 5775; x_wconf 82' lang='lat' dir='ltr'><strong>satis</strong></span> <span class='ocrx_word' id='word_1_839' title='bbox 3116 5730 3199 5776; x_wconf 89' lang='lat' dir='ltr'><strong>est</strong></span> <span class='ocrx_word' id='word_1_840' title='bbox 3231 5720 3545 5774; x_wconf 87' lang='lat' dir='ltr'><strong>meminisse</strong></span> 
     </span>
    </p>
   </div>
   <div class='ocr_carea' id='block_1_116' title="bbox 1973 5811 3544 5886">
    <p class='ocr_par' dir='ltr' id='par_1_116' title="bbox 1973 5811 3544 5886">
     <span class='ocr_line' id='line_1_116' title="bbox 1973 5811 3544 5886; baseline -0.006 -16"><span class='ocrx_word' id='word_1_841' title='bbox 1973 5828 2099 5871; x_wconf 90' lang='lat' dir='ltr'><strong>tunc</strong></span> <span class='ocrx_word' id='word_1_842' title='bbox 2141 5817 2445 5884; x_wconf 80' lang='lat' dir='ltr'><strong>imperasse</strong></span> <span class='ocrx_word' id='word_1_843' title='bbox 2474 5816 2793 5881; x_wconf 84' lang='lat' dir='ltr'><strong>Claudium,</strong></span> <span class='ocrx_word' id='word_1_844' title='bbox 2834 5817 2990 5886; x_wconf 85' lang='lat' dir='ltr'><strong>cujus</strong></span> <span class='ocrx_word' id='word_1_845' title='bbox 3030 5816 3129 5868; x_wconf 90' lang='lat' dir='ltr'><strong>sub</strong></span> <span class='ocrx_word' id='word_1_846' title='bbox 3160 5811 3544 5882; x_wconf 71' lang='lat' dir='ltr'><strong>imperionihil</strong></span> 
     </span>
    </p>
   </div>
   <div class='ocr_carea' id='block_1_117' title="bbox 1974 5900 3547 5977">
    <p class='ocr_par' dir='ltr' id='par_1_117' title="bbox 1974 5900 3547 5977">
     <span class='ocr_line' id='line_1_117' title="bbox 1974 5900 3547 5977; baseline -0.004 -15"><span class='ocrx_word' id='word_1_847' title='bbox 1974 5920 2077 5963; x_wconf 86' lang='lat' dir='ltr'><strong>tam</strong></span> <span class='ocrx_word' id='word_1_848' title='bbox 2112 5909 2406 5963; x_wconf 82' lang='lat' dir='ltr'><strong>absurdum</strong></span> <span class='ocrx_word' id='word_1_849' title='bbox 2456 5908 2577 5976; x_wconf 79' lang='lat' dir='ltr'><strong>fuit,</strong></span> <span class='ocrx_word' id='word_1_850' title='bbox 2617 5908 2768 5977; x_wconf 84' lang='lat' dir='ltr'><strong>quod</strong></span> <span class='ocrx_word' id='word_1_851' title='bbox 2804 5925 2909 5961; x_wconf 86' lang='lat' dir='ltr'><strong>non</strong></span> <span class='ocrx_word' id='word_1_852' title='bbox 2948 5904 3227 5975; x_wconf 77' lang='lat' dir='ltr'><strong>impetrari</strong></span> <span class='ocrx_word' id='word_1_853' title='bbox 3259 5912 3333 5973; x_wconf 58' lang='grc' dir='ltr'><strong>ιιὶι</strong></span> <span class='ocrx_word' id='word_1_854' title='bbox 3360 5900 3547 5970; x_wconf 70' lang='lat' dir='ltr'><strong>perlici</strong></span> 
     </span>
    </p>
   </div>
  </div>
