3932 6258
421 397 529 451 M3

459 515 681 570 otuerit.

423 533 681 586 pntuerrt.
772 533 1243 570 {consecraverant
1326 533 1603 565 annonem
1689 533 1997 572 cantantis,

424 617 727 674 eorumque
792 600 1050 672 suffragio
1101 601 1327 654 Ruinam
1378 601 1510 656 deus
1547 599 1858 659 advenerat,
1893 612 1997 651 nec

424 699 621 750 mirum
653 703 759 763 est,
782 695 829 750 si
870 695 943 749 ibi
983 695 1202 749 eosdem
1248 695 1483 747 honores
1529 701 1858 747 consecutus
1890 699 1996 756 est,

424 803 550 855 quo,
588 796 648 841 ut
687 786 764 840 ait
799 785 1028 840 Tacitus
1068 784 1136 847 "7,
1169 795 1363 837 cuncta
1400 784 1634 853 undique
1660 787 1866 835 atrocia
1903 791 1995 835 aut

423 880 671 951 pudenda
704 881 980 949 conﬂuunt
1036 880 1495 946 ceiebranturque.
1541 876 1867 930 Sanctorum
1904 891 2001 945 ap-

426 972 772 1040 pellationem
806 972 913 1026 diis
939 971 1195 1025 tributam
1224 969 1388 1024 fuisse
1417 969 1674 1023 observat
1706 968 1999 1022 Tillemon—

428 1066 535 1118 tius
573 1065 626 1119 in
670 1065 922 1134 pluribus
972 1064 1116 1133 apud
1164 1062 1459 1117 Gruterum
1523 1060 1995 1131 inscriptionibus.

428 1155 579 1209 Nihil
608 1170 692 1211 εει
740 1170 871 1226 ergo
900 1155 1041 1224 quod
1071 1153 1347 1209 Justinum
1382 1167 1635 1222 premere
1673 1152 1842 1221 possit
1866 1166 2003 1221 prte-

430 1260 512 1303 ter
540 1249 914 1318 inscriptionis
931 1249 998 1303 ab
1021 1263 1089 1302 eo
1114 1258 1429 1304 memoratae
1450 1262 1573 1301 cum
1605 1262 1690 1311 ea,
1712 1262 1833 1315 qua:
1865 1244 2003 1299 mul-

429 1339 499 1393 tis
551 1350 671 1409 post
732 1340 952 1396 saeculis
1011 1349 1229 1407 reperta
1289 1348 1395 1403 est,
1444 1337 1881 1393 similitudinem.
1931 1337 2001 1391 At

427 1443 665 1501 utraque
706 1435 762 1489 in
795 1433 981 1489 multis
1012 1434 1245 1489 diversa.
1303 1433 1484 1487 Potuit
1510 1434 1727 1502 quidem
1758 1435 2001 1488 Simonis

426 1542 625 1582 nomen
668 1542 792 1581 cum
856 1527 1095 1581 Semone
1144 1525 1401 1580 confundi
1438 1542 1453 1579 :
1495 1534 1553 1579 at
1592 1540 1766 1593 neque
1801 1525 1999 1579 Semon

429 1622 645 1691 Sangus
682 1622 815 1675 deus
861 1620 1049 1674 Fidius
1089 1634 1189 1689 pro
1218 1618 1443 1673 Simone
1468 1619 1785 1673 deosancto
1813 1621 1879 1673 ab
1906 1620 2003 1672 ho-

425 1712 572 1766 mine
593 1711 804 1780 legendi
841 1711 1020 1778 perito
1051 1709 1193 1764 sumi
1227 1708 1421 1778 potuit,
1447 1724 1547 1763 nec
1569 1709 1637 1762 ab
1660 1708 1882 1763 homine
1907 1724 2001 1762 sa-

427 1823 497 1861 no
539 1807 670 1861 Sex.
702 1803 990 1873 Pompeius
1038 1800 1099 1856 S.
1147 1800 1210 1856 P.
1239 1802 1332 1865 Ε...
1366 1801 1476 1856 col.
1510 1800 1837 1867 Mussianus,
1869 1811 1999 1865 elc.,

425 1913 529 1969 pro
553 1898 889 1968 imperatore
914 1903 971 1950 et
1000 1905 1219 1960 senatu,
1250 1909 1352 1950 nec
1380 1894 1560 1964 imago
1596 1893 1681 1948 dei
1709 1894 1873 1963 Sangi
1908 1911 2005 1964 pro
2037 1922 2078 1976 Β

426 1992 671 2063 imagine
702 1989 966 2045 .Simonis
1015 1990 1083 2044 ab
1117 2003 1207 2056 eo,
1254 1988 1350 2059 qui
1380 1989 1523 2043 hanc
1563 1996 1892 2058 postremam
1948 1989 2002 2043 in

428 2084 681 2141 Samaria
713 2083 943 2139 viderat.

500 2177 774 2233 Prteterea
796 2173 1202 2232 observandum
1229 2184 1313 2231 est
1345 2190 1448 2231 nec
1488 2183 1694 2230 temere
1716 2182 1776 2230 et
1806 2174 2002 2230 incon-

427 2270 665 2327 siderate
713 2267 989 2325 Justinum
1050 2267 1360 2338 postulasse
1405 2267 1476 2323 ab
1536 2268 1889 2336 imperatore,
1948 2273 2007 2320 ut

428 2362 572 2416 hanc
604 2359 846 2414 Simonis
874 2358 1013 2429 Magi
1049 2367 1283 2414 statuam
1323 2358 1556 2414 tolleret.
1594 2358 1716 2413 Haec
1742 2358 1886 2413 enim
1917 2371 2009 2427 pe-

430 2451 561 2506 tenti
615 2464 876 2520 magnum
932 2448 1235 2517 periculum
1287 2450 1609 2504 imminebat
1644 2449 2007 2504 aSamarita-

432 2544 540 2607 nis,
566 2558 630 2599 ac
657 2544 775 2612 ipse
801 2543 857 2597 in
874 2541 1121 2611 Dialoga,
1149 2559 1205 2596 n.
1242 2541 1368 2608 120,
1396 2550 1456 2596 ut
1477 2543 1671 2610 probet
1697 2542 1830 2596 nihil
1856 2541 2007 2595 aliud

430 2638 532 2693 sibi
566 2651 714 2691 cura:
741 2650 864 2690 esse
906 2634 1012 2688 nisi
1044 2642 1101 2688 ut
1134 2648 1321 2688 verum
1354 2634 1526 2698 dicat,
1562 2634 1771 2689 etiamsi
1802 2650 1830 2689 ε
1853 2634 2010 2688 vesti-

426 2734 510 2802 gio
547 2730 779 2799 discerpi
812 2739 1087 2797 oporteat;
1127 2728 1435 2798 exemplum
1482 2728 1651 2782 animi
1682 2742 1789 2781 non
1823 2726 1999 2780 timidi

430 2842 458 2876 a
508 2838 569 2877 se
617 2823 825 2878 editum
872 2821 1121 2890 profert,
1160 2835 1284 2875 cum
1332 2821 1603 2875 Caesarem
1640 2819 1888 2889 deposito
1937 2817 2006 2873 ad

410 2915 561 2987 ‘Acta
610 2916 815 2984 scripto
847 2913 1184 2982 compellans
1228 2912 1367 2967 dixit
1406 2912 1788 2967 Satnaritanos
1828 2927 2008 2965 errore

428 3007 618 3074 decipi,
667 3019 722 3060 ut
754 3007 844 3076 qui
877 3005 1303 3076 Simoni'gentis
1340 3019 1452 3058 sua!
1504 3003 1665 3073 Mago
1702 3003 1862 3071 ﬁdem
1911 3003 2009 3056 Ita-

431 3102 606 3161 beant,
650 3115 807 3169 quem
848 3099 1004 3153 deum
1036 3114 1197 3164 supra
1230 3113 1434 3153 omnem
1460 3096 1817 3164 principatum
1839 3106 1885 3148 et
1911 3111 1979 3162 po

431 3200 674 3245 testatem
708 3200 757 3243 et
781 3193 1023 3243 virtutem
1071 3204 1181 3243 esse
1204 3188 1413 3243 dicunt.
1450 3189 1506 3242 Si
1543 3188 1594 3242 id
1620 3185 1865 3241 Justinus
1896 3200 2004 3239 non

1348 388 1404 443 S.
1441 382 1776 441 JUSTINUS
1806 378 2285 437 PHILOSOPHUS
2320 377 2405 433 ET
2440 375 2756 432 MARTY-R.

772 514 1243 570 Consecraverant
1326 511 1603 565 Simonem
1689 505 2001 572 Samaritae,
2031 512 2172 569 Aea
2226 502 2284 557 S.
2335 499 2672 571 Augustinus
2712 506 2766 552 et
2804 493 3187 550 Theodoretus
3235 492 3301 548 de
3342 491 3463 547 hac
3530 498 3749 545 statua

3632 366 3752 419 ιιι

2097 595 2305 653 dixere.
2338 608 2570 662 quorum
2621 590 2731 645 illis
2767 597 2956 645 auctor
2996 602 3100 642 non
3127 586 3232 640 fuit
3253 584 3555 641 Justinus.
3600 580 3748 634 Pri-

2101 701 2220 740 Inus
2247 684 2391 740 enim
2436 683 2643 737 Simoni
2685 690 2735 735 et
2768 681 2983 734 Helena:
3017 688 3255 733 erectam
3307 676 3519 739 fuisse,
3572 672 3742 726 alter

2098 792 2297 833 aeream
2326 776 2492 830 fuisse
2516 783 2771 837 testatur,
2806 788 3034 842 quorum
3066 781 3317 823 neutrum
3339 769 3588 822 dixerat
3629 762 3743 819 Ju-

2100 870 2293 925 stinus.
2313 868 2406 922 Hm
2427 868 2688 928 rationes,
2708 880 2844 933 quas
2864 878 3057 933 magna
3078 878 3144 917 ex
3165 870 3317 929 parte
3336 858 3644 912 Baronius
3678 864 3742 910 et

2102 962 2482 1018 Tillemontius
2512 959 2947 1029 suppeditarunt,
2982 956 3233 1008 detinent
3275 968 3359 1006 me
3383 950 3740 1020 quominus

2104 1055 2157 1110 id
2192 1053 2338 1122 quod
2374 1053 2467 1106 alii
2506 1050 2708 1106 eruditi
2756 1050 2857 1102 viri
2913 1053 3300 1102 asseveranter
3355 1041 3737 1113 pronuntia-

2103 1158 2251 1210 runt,
2276 1148 2449 1216 pluris
2487 1160 2608 1200 esse
2647 1159 2812 1214 quam
2848 1142 3219 1212 conjecturam
3257 1137 3551 1192 incertam
3594 1134 3735 1188 cxi-

2104 1241 2347 1294 stituem.

2691 1303 2923 1360 CAPUT
2968 1299 3079 1356 VII.

2490 1402 2568 1456 De
2600 1400 2822 1469 Dialogo
2853 1415 2969 1451 cum
2998 1396 3290 1465 Tryplwne.

2109 1500 2154 1549 1.
2178 1498 2250 1547 De
2272 1491 2966 1557 Justiniperegrinationipus.
2992 1488 3055 1557 l1.
3080 1488 3274 1555 Dialogi
3298 1486 3536 1555 occasio,
3551 1494 3730 1557 gu‘em

2165 1546 2350 1621 Ephesi
2372 1546 2682 1621 per-bidifum
2708 1568 2816 1602 cum
2862 1552 3141 1621 Tryphone
3171 1546 3389 1621 ejusque
3419 1547 3597 1621 sociis
3628 1546 3731 1621 na:-

2166 1607 2288 1670 buit.
2316 1607 2400 1669 ΙΙῘ.
2428 1621 2534 1678 Quo
2557 1620 2605 1666 id
2633 1624 2857 1678 tempore
2883 1607 3150 1678 contigerit
3184 1607 3483 1678 inquiritur.
3516 1608 3612 1678 lY.
3640 1607 3725 1654 De

2167 1672 2661 1745 ~l‘ryphone‘ejusque
2686 1672 2853 1745 so'ciis,
2873 1690 2927 1745 ac
2950 1672 3147 1745 dus-lini.
3167 1672 3449 1745 disputandi
3497 1672 3723 1745 ratione

2165 1733 2416 1793 nonnullae
2458 1733 2846 1807 observationes.
2971 1740 3051 1807 An
3090 1736 3325 1807 Dialogus
3372 1735 3565 1794 primae
3609 1733 3727 1777 diei

2164 1810 2265 1856 ﬁne
2286 1814 2339 1855 et
2357 1805 2589 1854 secundae
2608 1804 2747 1852 initio
2772 1799 2975 1848 mutilus
2996 1802 3061 1847 sit
3080 1799 3403 1847 examinatur.

2178 1914 2217 1968 Ι.
2260 1913 2421 1981 Quod
2450 1909 2857 1973 aittEusebius,
2888 1906 2983 1960 lib.
3044 1920 3118 1969 tv,
3172 1919 3222 1958 c.
3281 1904 3365 1967 Η,
3409 1900 3720 1954 Justinum

2109 2005 2298 2060 Romae
2339 2000 2679 2057 domicilium
2729 1996 3012 2060 habuisse,
3049 2010 3154 2049 non
3197 1994 3271 2047 ita
3305 1992 3721 2060 accipiendum

2110 2102 2215 2159 est,
2246 2091 2405 2163 quasi
2444 2088 2697 2145 Justinus
2742 2089 2910 2142 vitam
2967 2100 3121 2140 suam
3158 2084 3261 2138 hac
3311 2084 3362 2137 in
3395 2083 3545 2137 urbe
3588 2092 3717 2136 tra-

2109 2186 2344 2262 duxerit.
2387 2184 2490 2239 Diu
2520 2182 2666 2238 enim
2693 2181 2938 2235 abfuisse
2962 2186 3080 2249 post
3111 2176 3346 2231 oblatam
3369 2174 3721 2243 imperatori

2115 2279 2427 2350 Apologiam
2455 2286 2509 2331 et
2540 2277 2595 2330 in
2634 2274 2761 2329 aiiis
2788 2274 3103 2344 regionibus
3134 2282 3520 2325 commoratus
3554 2268 3718 2321 vide-

2110 2376 2218 2421 tur.
2265 2368 2356 2420 Ait
2414 2365 2559 2419 enim
2610 2364 2665 2417 in
2718 2362 2862 2416 Actis
2908 2361 3212 2430 martyrii:
3251 2357 3377 2412 Veni
3427 2367 3622 2411 autem
3658 2362 3715 2408 in

2109 2460 2290 2511 urbem
2342 2455 2564 2509 Romam
2617 2456 2845 2508 secundo
2882 2467 2903 2506 :
2953 2450 3273 2523 ἐπεδήμησα
3333 2450 3390 2503 δὲ
3427 2452 3498 2521 τῇ
3570 2448 3715 2501 Ῥωα

2114 2548 2288 2617 μαίων
2319 2547 2471 2599 πόλει
2503 2544 2661 2598 τοῦτο
2689 2545 2962 2615 δεύτερον.
2993 2544 3203 2609 Quibus
3241 2544 3422 2597 verbis
3465 2542 3713 2596 rediiSse

2111 2656 2169 2694 se
2202 2641 2367 2709 longo
2417 2638 2710 2692 intervallo
2757 2636 3066 2706 signiﬁcat;
3101 2651 3277 2704 neque
3321 2638 3493 2699 enim,
3537 2634 3586 2688 si
3637 2635 3707 2685 ad

2112 2733 2282 2785 breve
2330 2739 2544 2797 tempus
2596 2727 2971 2792 discessisset,
3010 2728 3317 2795 interrupta
3352 2725 3709 2799 perpetuitas

2111 2818 2561 2874 commorationis
2610 2800 2826 2873 fuisset.
2859 2817 3118 2884 Quaenam
3159 2829 3345 2873 autem
3395 2833 3589 2872 causa:
3642 2815 3707 2870 S.

2110 2920 2406 2982 martyrem
2458 2912 2512 2964 in
2557 2911 2872 2979 provincias
2918 2910 3211 2975 traxerint,
3242 2918 3297 2965 et
3325 2910 3457 2978 quid
3496 2910 3710 2964 absens

2108 3005 2302 3074 egerit,
2330 3018 2398 3058 ex
2431 3003 2575 3058 illius
2632 3004 2685 3056 in
2724 3002 2843 3073 ipsa
2882 3002 3018 3057 urbe
3058 3003 3516 3072 occupationibus
3554 3002 3707 3071 diju-

2111 3096 2298 3150 dicare
2330 3110 2648 3165 possumus.

2182 3187 2474 3241 Existimat
2502 3185 2883 3241 Tillemontius
2921 3182 3200 3239 Justinum
3250 3187 3530 3241 imitatum
3582 3198 3708 3241 esse

433 3298 718 3353 aggressus
742 3322 759 3347 ,
803 3282 910 3337 nisi
953 3282 1298 3338 considerato
1326 3290 1382 3337 et
1422 3288 1710 3351 perspecto
1740 3279 2004 3348 periculo,
2034 3307 2079 3368 ε
2111 3280 2342 3333 eximios
2388 3278 2509 3333 illos
2534 3279 2909 3349 apostolorum
2959 3280 3275 3349 discipulos,
3321 3295 3457 3349 quos
3508 3287 3708 3334 narrat

433 3377 580 3444 quod
618 3375 667 3429 ei
708 3389 737 3427 a
782 3373 1149 3429 Samaritanis
1199 3374 1549 3429 metuendum
1580 3387 1738 3438 erat;
1781 3373 1867 3427 vix
1907 3366 2007 3426 du-

436 3465 585 3518 bium
616 3465 747 3533 quin
788 3475 939 3518 certa
974 3464 1048 3518 illi
1082 3472 1137 3520 et
1185 3463 1465 3531 explorata
1498 3477 1585 3518 res
1613 3463 1799 3519 fuerit.
1836 3462 2006 3530 Quin-

432 3558 600 3611 etiam
654 3558 1041 3625 imperatorem
1095 3567 1273 3626 rogat,
1328 3567 1390 3611 ut
1429 3569 1680 3612 senatum
1734 3566 1791 3612 et
1834 3572 2007 3628 popu-

436 3655 545 3704 lum
578 3649 740 3718 hujus
772 3650 853 3704 rei
899 3652 1215 3721 cognitores
1260 3653 1496 3706 aseiscat
1528 3661 1585 3706 et
1610 3661 1846 3707 statuam
1878 3652 2012 3721 deji-

435 3741 607 3796 ciant.
649 3740 919 3796 Videntur
951 3742 1054 3810 ipsi
1088 3742 1425 3798 Samaritani
1450 3753 1687 3797 statuam
1720 3747 1937 3798 novisse
1957 3752 2015 3797 et

438 3834 619 3905 magni
656 3832 875 3891 fecisse.
903 3832 959 3887 In
987 3835 1092 3890 hoc
1123 3836 1273 3889 enim
1322 3837 1646 3891 metuendus
1690 3836 1793 3889 fuit
1818 3850 2012 3890 eorum

438 3927 610 3991 furor,
638 3925 783 3994 quod
812 3923 939 3979 illos
974 3934 1168 3980 statua:
1202 3924 1436 3993 dejectio
1462 3927 1636 3981 latere
1667 3942 1771 3980 non
1805 3927 2012 3996 potuis-

443 4026 547 4083 set,
576 4018 622 4071 si
656 4018 1004 4087 impetrasset
1040 4016 1291 4073 Justinus
1329 4027 1386 4072 ut
1425 4018 1778 4089 dejiceretur.
1816 4020 1884 4072 At
1910 4017 2009 4073 dif-

442 4108 584 4164 ﬁcile
614 4108 734 4173 fuit,
771 4118 829 4163 ut
865 4123 985 4178 quae
1027 4108 1285 4166 Justinus
1311 4111 1377 4166 de
1420 4112 1643 4167 Simone
1680 4112 1860 4166 obiter
1883 4111 2016 4165 scri-

440 4200 623 4267 bebat,
655 4216 718 4256 ea
750 4202 815 4255 ad
843 4201 1067 4258 illorum
1097 4189 1466 4273 cognitionem
1496 4206 1867 4274 pervenirent.

509 4293 575 4348 V.
614 4294 839 4351 Etiamsi
888 4309 1131 4352 errasset
1175 4298 1276 4351 hac
1335 4298 1387 4351 in
1422 4315 1479 4353 re
1509 4296 1780 4363 Justinus,
1811 4298 2011 4353 saltem

439 4394 682 4439 erratum
711 4402 1010 4455 agnoscere
1036 4388 1244 4455 debuit,
1265 4388 1351 4443 vel
1400 4404 1497 4443 sua
1530 4400 1724 4459 sponte
1763 4392 1886 4445 dum
1920 4404 2016 4458 per

442 4479 632 4534 urbem
659 4479 915 4535 incedens
942 4481 1126 4549 plures
1162 4482 1304 4537 alias
1328 4483 1583 4538 Semonis
1615 4486 1781 4553 Sangi
1806 4497 2019 4540 statuas

444 4572 650 4639 reperit
690 4570 898 4640 (plures
922 4573 1067 4626 enim
1104 4574 1291 4628 ltoma:
1314 4574 1594 4630 exstitisse
1630 4578 1897 4645 constat),
1927 4576 2013 4630 vel

2110 3372 2376 3426 Eusebius
2397 3372 2859 3441 evangelistarum
2885 3388 3084 3427 munus
3113 3373 3279 3426 variis
3306 3374 3358 3426 in
3384 3374 3708 3442 regionibus

2111 3466 2337 3529 abiisse,
2388 3463 2591 3533 partim
2633 3463 2935 3534 Evangelio
2976 3464 3083 3528 his,
3131 3465 3222 3534 qui
3272 3465 3514 3519 nondum
3568 3462 3701 3517 illud

2112 3559 2425 3621 audierant,
2482 3558 2876 3627 praedicando;
2950 3559 3147 3627 partim
3219 3558 3508 3622 Ecclesiis,
3562 3570 3702 3625 quas

2112 3652 2345 3717 apostoli
2383 3649 2777 3714 fundaverant,
2814 3650 3140 3716 invisendis,
3183 3660 3240 3703 ut
3270 3665 3364 3705 eas
3397 3652 3450 3705 in
3495 3650 3607 3705 ﬁde
3635 3662 3699 3701 ac

2113 3743 2348 3798 veritate
2391 3744 2805 3797 conﬁrmarent.
2838 3743 3126 3797 Enituerat
3169 3753 3298 3797 ante
3333 3741 3614 3796 iustitium
3646 3741 3702 3792 in

2112 3837 2215 3893 hoc
2240 3837 2419 3893 laudis
2444 3853 2644 3909 genere
2664 3838 3014 3905 Quadratus;
3046 3848 3168 3906 post
3188 3836 3459 3891 Justinum
3483 3844 3696 3898 autem,

2112 3937 2250 3984 teste
2273 3930 2529 3998 Eusebio,
2564 3930 2664 3984 lib.
2684 3946 2736 3996 v,
2764 3946 2883 4001 cap.
2924 3930 3015 3998 10,
3046 3930 3200 3985 multi
3230 3929 3498 4001 ejusmodi
3527 3942 3699 3981 evan-

2114 4022 2319 4092 gelista:
2354 4024 2699 4093 prodierunt,
2731 4040 2871 4093 quos
2902 4024 3048 4078 inter
3078 4024 3327 4093 insignes
3357 4023 3515 4076 fuere
3545 4021 3690 4075 Pan-

2118 4122 2291 4167 tzenus
2314 4124 2370 4167 et
2399 4114 2599 4168 smculo
2632 4117 2797 4170 tertio
2854 4115 3078 4169 ineunte
3108 4115 3300 4179 Caius,
3329 4129 3492 4183 quem
3548 4112 3697 4166 Phn-

2117 4207 2221 4260 tius
2249 4210 2494 4276 gentium
2520 4211 2838 4280 episcopum
2882 4210 3197 4263 ordinatum
3239 4208 3410 4263 fuisse
3442 4217 3694 4261 testatur.

2117 4302 2231 4356 Hoc
2275 4301 2624 4371 evangelista:
2657 4315 2885 4357 munere
2939 4300 3213 4355 Iustinum
3269 4301 3411 4356 idem
3463 4300 3697 4355 eximius

2116 4396 2353 4464 scriptor
2397 4393 2744 4464 perfunctum
2779 4392 2954 4448 fuisse
2998 4404 3183 4448 censet
3221 4393 3273 4446 in
3316 4392 3615 4462 Campania
3642 4397 3698 4443 et

2117 4487 2376 4558 Egyplo,
2408 4501 2546 4555 quas
2571 4487 2829 4556 regiones
2861 4501 3186 4555 peragrasse
3218 4500 3277 4539 se
3314 4484 3562 4538 Justinus
3584 4484 3695 4547 ipse

2122 4588 2352 4632 testatur
2377 4578 2430 4630 in
2455 4576 2674 4631 Cohort.
2717 4577 2785 4628 ad
2821 4574 3071 4638 Gracos;
3104 4586 3214 4629 tum
3255 4575 3421 4629 etiam
3462 4576 3513 4623 in
3541 4572 3685 4633 Asia,

440 4663 680 4717 monitus
716 4665 784 4716 ab
812 4663 1022 4731 amicis,
1062 4665 1145 4720 vel
1176 4664 1251 4719 ab
1275 4666 1517 4721 inimicis
1545 4644 1868 4737 castigatus.
1901 4667 2015 4721 Pri-
2047 4644 2091 4699 Ῐ)
2122 4666 2211 4719 ubi
2243 4679 2367 4718 eum
2408 4675 2687 4717 versatum
2730 4665 2903 4718 fuisse
2936 4675 2991 4718 et
3025 4664 3221 4733 Ephesi
3257 4662 3544 4730 Dialogum
3572 4675 3689 4713 cum

443 4771 529 4809 ma
572 4755 717 4809 illius
747 4755 1007 4825 Apologia
1053 4756 1257 4811 famam
1302 4766 1357 4811 et
1380 4759 1750 4815 celebritatem
1798 4761 2009 4814 habuit.

444 4848 728 4912 Quomodo
776 4862 909 4917 ergo
953 4859 1060 4901 tam
1114 4851 1328 4918 insigne
1381 4860 1623 4904 erratum
1673 4862 1891 4921 tamque
1945 4853 2014 4905 ad

446 4939 725 4993 l‘eriendos
755 4939 947 4993 oculos
997 4940 1252 4993 idoneum
1286 4940 1361 4993 ita
1413 4940 1586 5006 latuit,
1620 4952 1678 4994 ιιι
1706 4943 1756 4995 in
1791 4942 2015 5011 Dialogo

447 5032 503 5075 et
526 5025 577 5076 in
609 5023 868 5094 Apologia
907 5025 941 5078 2
970 5028 1142 5081 ﬁdens
1187 5036 1243 5082 et
1280 5038 1432 5082 tutus
1464 5029 1749 5085 conﬁrmet
1781 5033 1924 5099 quod
1963 5034 2013 5085 in

450 5113 625 5180 prima
668 5113 921 5167 dixerat?
966 5112 1101 5168 Cum
1132 5115 1366 5170 eruditis
1398 5116 1531 5171 viris
1576 5132 1676 5186 pro
1705 5119 2019 5173 Christiana

452 5205 715 5273 religione
748 5221 991 5275 pugnare
1035 5206 1228 5261 solitus
1270 5217 1408 5261 erat.
1442 5207 1555 5263 Cur
1601 5226 1729 5277 ergo
1763 5221 2019 5279 acceptas

454 5296 520 5349 ab
538 5311 603 5349 eo
635 5298 820 5367 plagas
846 5313 1007 5353 nemo
1038 5300 1183 5353 ultus
1208 5309 1311 5363 e.-t,
1346 5318 1409 5355 ac
1431 5316 1496 5355 ne
1519 5303 1609 5356 ille
1640 5303 1858 5372 quidem
1884 5302 2020 5358 Cre-

451 5402 615 5441 scens
664 5402 825 5458 quem
864 5406 893 5443 a
932 5406 992 5444 se
1019 5390 1252 5447 fractum
1306 5404 1361 5448 et
1405 5397 1719 5450 convictum
1751 5398 2019 5461 declarat,

456 5476 613 5546 Apol.
643 5479 699 5545 2,
745 5496 893 5535 nunt.
924 5484 978 5536 5.
1006 5485 1286 5549 Quomodo
1335 5496 1577 5541 erratum
1630 5491 1851 5543 minime
1895 5492 2023 5544 sub-

456 5573 675 5627 odorati
708 5583 786 5628 tot
816 5579 1113 5631 venerandi
1135 5579 1451 5649 scriptores,
1482 5582 1573 5653 qui
1599 5582 1740 5637 idem
1766 5599 1832 5637 ac
1854 5582 2026 5638 Justi-

457 5681 563 5720 »με
596 5665 818 5721 dixere?
849 5667 1184 5738 Quinetiam,
1214 5680 1273 5728 ut
1323 5672 1581 5730 observat
1621 5675 2023 5744 'l‘illemontius,

525 5839 567 5869 ⁵⁷
593 5838 809 5905 Annal.,
845 5839 935 5895 lib.
963 5856 1049 5895 xv.

2123 4752 2400 4824 Tryphoni:
2431 4764 2487 4809 et
2516 4753 2637 4809 aliis
2669 4753 2873 4809 ludatis
2896 4755 3153 4809 habuisse
3183 4763 3371 4807 narrat
3406 4750 3686 4805 Eusebius.

2122 4847 2354 4915 Adjuvat
2395 4847 2540 4903 hanc
2580 4848 2895 4916 opinionem
2948 4846 3193 4916 episc0pi
3239 4852 3334 4897 aut
3386 4838 3688 4912 presbyteri

2122 4940 2379 5007 dignitas,
2445 4954 2553 5008 qua
2610 4939 2887 4993 Justinum
2941 4949 3196 4992 ornatum
3255 4935 3427 4989 fuisse
3478 4932 3692 5001 conjicit

2126 5032 2267 5085 idem
2315 5030 2720 5087 Tillemontius.
2764 5030 2911 5083 Nihil
2946 5046 3058 5100 prae
3105 5043 3165 5083 se
3214 5028 3398 5083 ferunt
3435 5028 3517 5081 ha:
3564 5040 3690 5080 con-

2119 5123 2349 5192 jecturte
2376 5125 2518 5192 quod
2554 5134 2837 5193 repugnet,
2855 5123 2993 5177 nihil
3015 5109 3157 5191 quod
3194 5136 3302 5174 non
3332 5129 3457 5189 apte
3477 5125 3531 5173 et
3552 5132 3694 5172 com-

2128 5218 2287 5271 mode
2339 5216 2638 5286 cogitatqu
2686 5216 2983 5279 videatur;
3034 5213 3132 5268 sed
3192 5223 3373 5265 tamen
3422 5226 3526 5264 non
3578 5210 3693 5263 sine

2128 5308 2311 5377 aliquo
2344 5309 2558 5363 delectu
2582 5308 2936 5378 adoptandus.

2198 5402 2254 5454 1ο
2291 5400 2470 5456 Minus
2518 5409 2773 5456 accurate
2817 5400 3209 5456 Tillemontius
3256 5400 3609 5470 Campaniam
3641 5402 3692 5447 et

2133 5493 2426 5564 Egyptum
2476 5509 2506 5547 a
2549 5493 2765 5549 Justino
2814 5493 3096 5563 Evangelii
3153 5493 3487 5561 praedicandi
3535 5502 3692 5546 causa

2131 5597 2453 5657 peragratas
2498 5586 2667 5643 fuisse
2716 5595 2892 5654 putat.
2924 5586 3114 5654 Neque
3148 5586 3294 5639 enim
3345 5580 3687 5654 improbabile

2131 5688 2213 5734 est
2251 5694 2374 5733 eum
2419 5678 2476 5732 in
2518 5678 2633 5747 ipsa
2686 5676 2921 5747 Δίκῃ)ιο
2968 5675 3337 5731 Christianam
3387 5674 3689 5742 religionem
