3932 6258
262 354 365 409 ιιι

1292 353 1354 411 ι).
1394 354 1659 412 ΜΑΒΑΝΙ
1694 344 2093 418 ΡΗᾸΞΕΑΤΙΟ.
2124 392 2197 403 —
2229 358 2409 415 PARS
2452 358 2541 416 Ill.

3446 366 3551 421 H6

273 478 573 546 amplexum
624 490 772 544 esse,
826 494 896 533 ac
948 478 1154 536 Cumis
1202 481 1251 535 in
1293 481 1591 551 Campania
1640 481 1871 538 minime
1898 491 1944 547 Α
1980 484 2130 538 illum
2166 484 2386 540 fuissea
2422 498 2532 552 quo
2555 479 2825 551 proﬂigati
2851 481 3045 544 Judaei,
3078 481 3159 537 vel
3190 497 3313 538 cum
3346 482 3550 541 Crabio

268 580 686 631 commoratum,
715 570 814 622 sed
847 571 1206 625 diversatum
1229 588 1347 626 cum
1366 571 1595 625 Romam
1626 580 1863 639 peteret;

270 670 359 711 aut
392 660 434 711 si
469 659 569 711 has
604 660 869 729 regiones
896 663 1239 731 peragravit,
1273 662 1322 715 id
1355 661 1602 731 profecto
1638 665 1867 731 contigit

266 760 392 804 ante
427 744 869 805 iHius'Romam
920 754 1248 816 adventurm,
1304 763 1428 807 ante
1480 753 1743 823 scriptam
1796 755 1866 809 ad

266 842 475 896 Cra-cos
508 843 981 908 Cohortationem,
1020 860 1088 900 ac
1108 847 1329 914 proinde
1350 862 1472 900 cum
1503 862 1693 903 recens
1722 856 1867 902 esset

264 954 295 991 a
311 937 952 999 conversione,necdum
974 938 1326 1007 evangelista:
1354 939 1565 993 muneri
1595 948 1862 995 maturus.

335 1029 392 1083 2·
418 1027 532 1083 Nec
568 1030 709 1083 illud
757 1031 929 1085 statui
970 1040 1154 1099 potest
1186 1040 1370 1085 utrum
1402 1030 1658 1086 Justinus
1690 1033 1862 1087 Roma

271 1123 553 1177 discedens
598 1125 791 1177 varias
821 1124 1081 1189 regiones
1110 1123 1512 1192 peragraverit,
1550 1139 1618 1177 an
1655 1133 1863 1178 certum

270 1214 442 1267 locum
479 1212 873 1267 commorandi
914 1228 1080 1266 causa
1106 1214 1342 1282 petierit.
1376 1211 1492 1267 Hoc
1517 1223 1725 1266 tantum
1759 1213 1867 1267 sci-

270 1323 407 1368 mus,
443 1306 581 1360 nihil
621 1306 886 1376 amplius,
914 1321 1060 1371 eum,
1096 1314 1384 1376 postquam
1435 1306 1609 1360 Roma
1655 1307 1864 1361 disces-

274 1402 369 1462 sit,
409 1398 608 1466 Ephesi
652 1414 755 1468 per
791 1400 926 1453 duos
976 1399 1095 1453 dies
1140 1414 1266 1451 cum
1320 1396 1616 1469 Tryphone
1648 1408 1705 1453 et
1741 1399 1863 1454 aliis

272 1489 470 1545 Judzis
518 1492 880 1546 disseruisse.
908 1489 1084 1561 Hujus
1129 1498 1312 1544 autem
1342 1490 1555 1560 Dialogi
1600 1491 1716 1546 haec
1764 1490 1865 1546 fuit

275 1585 526 1639 οςαεὶομ

342 1677 401 1731 ιι.
441 1676 641 1733 Paucis
674 1677 874 1732 diebus
900 1686 1029 1732 ante
1056 1691 1219 1747 quam
1252 1674 1505 1731 Justinus
1527 1676 1852 1742 discederet,

276 1771 570 1823 ambulanti
622 1786 790 1825 mane
820 1769 876 1825 in
923 1770 1081 1840 Xysti
1118 1770 1312 1839 spatiis
1344 1770 1593 1825 occurrit
1635 1768 1856 1825 Judaaus

1971 573 2210 627 Marcum
2242 572 2790 644 Jerosolymitanum,
2821 574 2936 628 otio
2961 574 3111 629 abuti
3130 584 3301 632 esset.

2036 665 2126 719 ΙΙΙ.
2168 665 2433 720 Sincerus
2462 664 2664 718 Justini
2709 666 2930 719 animus
2980 681 3044 719 ac
3070 667 3324 722 veritatis
3357 681 3549 723 amans

1968 758 2022 811 in
2056 759 2312 813 omnibus
2367 757 2651 827 operibus
2676 758 3022 827 depingitur;
3053 760 3147 813 sed
3192 759 3306 828 ipse
3354 761 3459 815 sibi
3492 760 3546 815 in

1968 850 2076 906 hoc
2109 851 2337 921 Dialogo
2391 852 2781 907 necessitatem
2812 851 3070 920 imposuit
3106 866 3364 907 accurate
3404 854 3548 909 refe-

1968 943 2121 998 rendi
2172 944 2439 1014 quidquid
2468 959 2591 1000 cum
2644 942 2853 998 Judaeis
2900 944 3256 1001 disseruerat.
3291 943 3368 1001 Ne
3417 947 3547 1014 quid

1964 1034 2110 1089 enim
2142 1036 2472 1105 suspicionis
2524 1036 2577 1089 in
2634 1033 2950 1090 Judarorum
3002 1038 3203 1093 animis
3253 1039 3545 1109 resideret,

1966 1125 2297 1194 promiserat
2323 1128 2423 1190 eis,
2452 1142 2510 1180 ιι.
2533 1125 2624 1192 80,
2664 1140 2723 1180 se
2756 1125 2959 1181 litteris
2982 1130 3380 1185 mandaturum
3406 1130 3548 1186 hanc

1971 1215 2429 1286 disputationem,
2470 1232 2573 1273 nec
2598 1233 2755 1273 suam
2796 1217 3268 1273 dissimulaturum
3296 1221 3363 1275 de
3385 1219 3544 1275 Jero-

1966 1310 2300 1381 solymorum
2330 1312 2682 1366 restitutione
2719 1313 3077 1378 sententiam,
3129 1326 3293 1382 quam
3354 1314 3547 1370 multis

1966 1403 2148 1456 minus
2183 1402 2397 1471 placere
2445 1402 2741 1458 fatebatur.
2786 1403 3085 1458 Promissis
3138 1406 3310 1470 stetit,
3347 1416 3404 1460 et
3433 1405 3547 1461 Ro-

1965 1508 2132 1556 mam,
2178 1502 2237 1545 ut
2264 1491 2561 1547 verisimile
2584 1501 2690 1559 est,
2716 1507 2973 1547 reversus
3006 1492 3102 1563 (ibi
3129 1492 3275 1546 enim
3319 1493 3547 1548 domici-

1966 1583 2097 1638 lium
2122 1584 2383 1653 habebat)
2411 1584 2517 1637 hoc
2546 1598 2683 1654 opus
2700 1586 3026 1653 composuit,
3059 1595 3241 1639 utrum
3271 1586 3546 1639 Antonino

1971 1693 2041 1733 an
2095 1677 2282 1733 Marco
2330 1677 2631 1746 imperante
2679 1678 2824 1732 haud
2868 1677 3125 1746 equidem
3181 1677 3434 1732 dixerim.
3477 1679 3548 1731 At

1972 1771 2074 1825 sub
2103 1769 2380 1825 Antonino
2414 1769 2696 1838 Dialogum
2742 1770 2994 1824 habitum
3057 1769 3229 1824 fuisse
3272 1770 3548 1841 colligitur

274 1864 482 1930 quidam
517 1901 533 1925 ,
596 1861 827 1933 Trypho
895 1863 1142 1928 nomine,
1198 1878 1321 1918 cum
1371 1862 1497 1918 aliis
1541 1878 1608 1919 ex
1666 1863 1856 1919 eadem

1966 1877 2027 1917 ex
2068 1863 2153 1917 his
2175 1863 2357 1917 verbis
2380 1862 2425 1894 ⁸⁸
2460 1881 2474 1916 :
2508 1864 2583 1916 Οὐ
2618 1862 2727 1934 γὰρ
2761 1862 3015 1929 ἐξουσίαν
3046 1862 3198 1933 ἔχετε
3232 1863 3546 1936 αὐτόχειρες

275 1967 451 2025 gente,
474 1970 647 2021 seque
691 1954 1055 2024 pbilosttphiae
1080 1955 1383 2011 studiosum
1413 1971 1536 2012 esse
1559 1956 1854 2027 signiﬁcat,

1961 1954 2215 2025 γενέσθαι
2250 1955 2407 2025 ἡμῶν
2438 1954 2529 2009 διὰ
2562 1957 2690 2020 τοὺς
2722 1955 2819 2010 νῦν
2852 1957 3284 2027 ἐπικρατοῦντας
3307 1972 3321 1986 ·
3357 1957 3548 2021 ὁσάκις

271 2056 324 2099 et
356 2048 560 2102 idcirco
614 2064 744 2102 cum
797 2063 866 2103 eo
924 2049 1273 2118 colloquendi
1329 2050 1613 2119 cupidum.
1652 2050 1859 2116 Quaerit

1966 2045 2001 2099 δ’
2039 2045 2105 2099 ἂν
2138 2045 2450 2117 ἐδυνήθητε,
2485 2046 2579 2100 καὶ
2610 2045 2770 2100 τοῦτο
2802 2045 3096 2118 ἐπράξατε.
3139 2066 3158 2098 ι
3184 2046 3373 2118 Neque
3400 2048 3548 2103 enim

268 2137 507 2193 Justinus
538 2154 734 2193 annon
779 2140 957 2194 multo
996 2140 1119 2209 plus
1166 2141 1216 2193 ei
1247 2139 1425 2195 Moses
1464 2150 1520 2194 et
1552 2144 1854 2212 prophetae,

268 2247 426 2297 quam
450 2232 775 2301 philosOphi
809 2233 1172 2301 prodessent;
1200 2241 1253 2288 et
1272 2235 1341 2288 ab
1370 2249 1438 2289 eo
1471 2246 1693 2304 rogatus
1724 2237 1857 2306 quid

267 2329 330 2381 de
356 2328 467 2380 Deo
499 2328 736 2388 sentiat,
779 2343 945 2395 quam
984 2328 1384 2398 philosOphiam
1435 2340 1699 2394 sectetur,
1737 2346 1861 2384 nar-

264 2428 346 2469 rat
388 2420 470 2471 eis
520 2418 811 2488 quomodo
841 2418 1204 2489 philosophia:
1236 2419 1534 2475 Platonica:
1583 2421 1800 2476 deditus
1826 2435 1857 2475 a

263 2506 495 2571 quodam
544 2522 708 2573 sene,
753 2507 811 2561 in
846 2521 1011 2575 quem
1062 2507 1205 2562 forte
1238 2509 1528 2575 inciderat,
1564 2511 1854 2567 veritatem

266 2612 373 2650 non
407 2614 436 2651 a
472 2599 853 2669 philosOphis,
884 2603 980 2657 sed
1017 2618 1048 2655 a
1082 2603 1367 2672 prophetis
1414 2605 1482 2659 de
1511 2604 1735 2660 Christo
1764 2605 1857 2660 Dei

265 2689 400 2745 Filio
437 2692 884 2760 praedicentibus
941 2694 1235 2763 petendam
1294 2695 1599 2751 didicisset.
1658 2696 1860 2753 Rident

265 2784 393 2836 socii
416 2783 773 2854 Tryphonis;
798 2784 947 2839 dolet
972 2784 1195 2856 Trypho
1232 2796 1438 2842 sortem
1469 2785 1690 2855 Justini,
1714 2791 1859 2858 quod

263 2874 610 2945 philos0pbis
665 2876 881 2931 relictis
939 2891 1095 2945 spem
1161 2879 1214 2931 in
1265 2879 1486 2935 homine
1529 2880 1859 2947 constituat,

268 2967 520 3021 inanibus
562 2970 905 3023 commentis
966 2968 1246 3037 deceptus.
1312 2970 1558 3039 Spondet
1613 2970 1860 3027 Justinus

270 3058 779 3113 demonstraturum
822 3074 901 3126 se,
948 3060 993 3115 si
1040 3064 1231 3116 audire
1266 3063 1462 3131 velint,
1499 3078 1606 3117 non
1648 3064 1861 3121 fabulis

1958 2152 2023 2193 ea
2078 2137 2231 2192 vobis
2273 2146 2357 2192 est
2410 2146 2673 2207 potestas,
2712 2148 2770 2191 ut
2816 2153 3009 2192 manus
3058 2138 3215 2193 nobis
3271 2138 3546 2205 infcratis,

1958 2240 2182 2301 propter
2202 2245 2297 2286 eos
2326 2231 2418 2301 qui
2446 2245 2589 2285 nunc
2618 2244 2801 2284 rerum
2848 2230 3168 2299 potiuntur;
3202 2230 3417 2298 quoties
3454 2246 3551 2283 an-

1958 2329 2068 2377 tem
2119 2321 2315 2389 adfuit,
2371 2336 2487 2377 rem
2538 2321 2927 2376 confecistis.»
2966 2319 3102 2374 Tum
3146 2335 3275 2391 ergo
3328 2320 3549 2375 favebat

1960 2415 2289 2470 Christianis
2320 2416 2637 2485 imperator,
2663 2414 2887 2485 ejuSque
2914 2415 3223 2485 patrocinio
3262 2414 3361 2469 tuti
3388 2424 3554 2469 erant

1962 2507 2032 2562 ab
2060 2508 2409 2563 inimicorum
2462 2508 2694 2562 insidiis.
2732 2506 2789 2561 Si
2820 2523 2927 2577 qua
2949 2508 3094 2563 enim
3124 2508 3392 2562 saeviisset
3421 2520 3548 2578 per-

1960 2600 2197 2663 secutio,
2228 2615 2333 2654 non
2360 2599 2622 2655 defuisset
2645 2597 2849 2655 Judaeis
2878 2599 3112 2655 facultas
3158 2599 3269 2655 odii
3320 2599 3405 2655 sui
3450 2616 3547 2653 cx-

1961 2692 2169 2762 plendi,
2204 2692 2252 2746 si
2290 2692 2470 2747 minus
2498 2707 2596 2763 per
2640 2706 2700 2746 se
2720 2690 3021 2746 occidendo
3052 2690 3416 2752 Christianos,
3440 2690 3549 2745 sal.

1963 2797 2073 2840 tem
2126 2800 2186 2840 se
2227 2785 2493 2849 ethnicis,
2536 2793 2597 2838 ut
2624 2798 2769 2853 saepe
2805 2782 3079 2848 fecerunt,
3114 2783 3461 2854 adiungendo
3489 2792 3547 2838 et

1959 2892 2157 2933 eorum
2204 2876 2447 2930 furorem
2508 2876 2561 2929 in
2607 2875 2954 2931 Christianos
2988 2874 3295 2929 incitando.
3328 2873 3389 2928 Si
3421 2889 3542 2928 eam

1960 2968 2169 3025 Judaeis
2194 2978 2440 3038 ereptam
2472 2975 2799 3037 potestatem
2831 2966 3039 3021 diceret
3065 2966 3343 3030 Justinus,
3375 2980 3544 3034 quant

1965 3072 2095 3116 tunc
2127 3062 2390 3123 habuere,
2424 3075 2546 3115 cum
2600 3075 2689 3115 res
2735 3074 2864 3114 suas
2914 3059 3083 3113 armis
3106 3067 3161 3112 et
3205 3057 3400 3113 castris
3428 3068 3549 3113 tue-

270 3148 637 3215 Christianos,
653 3155 752 3207 sed
784 3153 1119 3208 certissimis
1159 3156 1501 3225 argumentis
1531 3156 1853 3211 credidisse.
1884 3180 1928 3238 ρ
1963 3166 2187 3220 rentur,
2213 3168 2333 3208 eam
2360 3168 2465 3206 non
2490 3153 2561 3207 ab
2596 3153 2683 3216 iis,
2707 3152 2798 3220 qui
2823 3159 2952 3204 tunc
2976 3164 3157 3204 rerum
3176 3150 3543 3221 potiebantur,

271 3241 463 3296 lterum
502 3244 645 3298 socii
680 3242 1003 3314 Tryphonis
1035 3246 1210 3301 rident
1230 3247 1561 3303 etindecore
1592 3248 1855 3318 clamant;

274 3337 550 3393 discedere
596 3340 803 3408 quaerit
843 3337 1120 3404 Justinus;
1177 3341 1445 3395 retinetur
1477 3357 1507 3395 a
1532 3341 1854 3412 Tryphone,

274 3430 363 3482 sed
388 3444 452 3483 ea
482 3429 605 3499 lege
659 3437 721 3483 ut
771 3431 912 3485 socii
944 3440 1038 3486 aut
1071 3432 1293 3497 abeant,
1344 3442 1441 3487 aut
1498 3433 1720 3488 silentio
1761 3450 1861 3487 au-

279 3522 438 3576 diant.
472 3521 611 3577 Tum
652 3523 911 3579 Justinus
945 3534 1003 3577 et
1052 3525 1270 3597 Trypho
1319 3526 1374 3580 in
1422 3524 1662 3580 medium
1698 3526 1856 3597 Xysti

281 3615 501 3668 stadium
531 3615 788 3679 veniunt,
834 3615 1026 3685 ibique
1086 3615 1139 3668 in
1198 3615 1465 3671 sedilibus
1511 3616 1744 3686 lapideis
1791 3632 1857 3673 ex

284 3716 501 3773 utraque
532 3716 693 3775 parte
721 3706 919 3775 positis
962 3706 1279 3770 consident,
1310 3722 1435 3759 cum
1458 3706 1565 3763 duo
1595 3722 1663 3761 ex
1693 3708 1859 3763 sociis

283 3792 576 3865 Tryphonis
614 3798 908 3852 abiissent.
941 3797 1068 3851 Haec
1099 3798 1348 3867 proludia
1396 3797 1553 3853 fuere
1596 3799 1858 3869 longioris

283 3889 675 3957 disputationis,
702 3904 827 3958 qua:
878 3889 1184 3943 decedente
1227 3887 1317 3944 die
1363 3890 1730 3958 interpellata,
1759 3906 1860 3961 po-

282 3981 455 4036 stridie
490 3982 762 4037 redeunte
790 3981 1089 4051 Tryphone
1119 3997 1243 4035 cunt
1274 3983 1441 4037 sociis
1466 3995 1520 4038 et
1564 3983 1687 4038 aliis
1722 4001 1859 4037 non-

283 4071 453 4133 nullis,
481 4074 574 4139 qui
602 4072 784 4142 pridie
810 4088 917 4126 non
950 4071 1264 4139 adfuerant,
1288 4075 1443 4140 hora,
1476 4085 1529 4130 ut
1561 4075 1858 4130 verisimile

281 4173 375 4223 at,
404 4168 707 4233 composita
741 4165 977 4233 repetita
1010 4173 1113 4219 est.

344 4254 638 4323 Postquam
668 4273 736 4311 ea
776 4273 873 4326 per
898 4257 1120 4317 biduum
1149 4258 1425 4328 disputata
1453 4268 1604 4324 sunt,
1623 4274 1856 4329 quorum

280 4349 463 4404 seriem
493 4352 550 4403 in
589 4349 815 4418 praeﬁxa
847 4350 1000 4418 operi
1037 4350 1246 4421 analysi
1283 4352 1587 4417 texuimus;
1611 4351 1857 4407 Justinus

280 4451 329 4493 et
359 4443 578 4513 Trypho
622 4458 731 4497 non
769 4444 889 4497 sine
939 4444 1220 4513 perpolitis
1274 4445 1531 4499 amicitia:
1577 4445 1859 4514 signiﬁca-

1962 3247 2058 3299 sed
2085 3245 2153 3299 ab
2188 3244 2432 3299 Adriano
2468 3257 2773 3312 repressam
2800 3242 2989 3296 dicere
3039 3241 3335 3304 debuisset,
3368 3256 3399 3295 a
3438 3256 3545 3310 quo

1962 3337 2182 3406 penitus
2213 3333 2486 3404 proﬂigati
2518 3342 2576 3386 et
2608 3333 2864 3387 omnibus
2898 3333 3064 3387 rebus
3115 3330 3337 3401 spoliati
3390 3340 3541 3387 sunt.

1961 3429 2076 3484 Etsi
2116 3426 2290 3481 Judaai
2350 3428 2451 3481 sub
2498 3423 2894 3479 Barchocheba
2950 3424 3087 3478 duce
3136 3422 3437 3478 crudeliter
3491 3425 3566 3478 in-

1961 3522 2308 3579 Christianos
2361 3517 2753 3581 Stevierint,ut
2808 3524 3039 3570 testatur
3067 3514 3341 3581 Justinus,
3386 3517 3544 3586 Apol.

1963 3612 2018 3678 1,
2050 3628 2106 3667 n.
2156 3611 2249 3676 51,
2301 3611 2417 3665 hac
2468 3609 2779 3680 persecutio
2834 3609 3091 3664 diuturna
3151 3624 3259 3664 non
3306 3607 3412 3664 fuit
3446 3617 3546 3663 :at

1961 3704 2135 3761 Judaei
2172 3704 2519 3771 Christianos
2566 3720 2769 3761 vexare
2811 3721 2918 3761 non
2975 3705 3276 3773 desierunt,
3330 3708 3546 3777 quoties

1962 3798 2407 3868 persecutionem
2438 3799 2645 3856 ethnici
2694 3809 3006 3856 moverunt.
3035 3797 3162 3853 Dies
3186 3797 3359 3853 festos
3388 3796 3546 3853 Chri-

1961 3888 2266 3943 stianorum
2309 3888 2696 3952 observabant,
2739 3898 2796 3943 et
2836 3903 2961 3943 cum
3014 3886 3256 3942 ethnicis
3286 3885 3340 3941 in
3364 3884 3546 3942 eccle-

1962 3979 2102 4032 siam
2133 3979 2443 4046 irruebant,
2492 3985 2631 4033 teste
2663 3978 2723 4031 S.
2752 3976 3048 4047 Hippolyto
3066 3975 3216 4041 “,ac
3250 3970 3542 4028 nonnullos

1963 4069 2335 4139 apprehensos
2364 4070 2433 4123 ad
2463 4069 2761 4123 tribunalia
2812 4068 3123 4122 trahebant.
3149 4066 3285 4120 llinc
3316 4066 3369 4118 in
3400 4062 3543 4117 Actis

1965 4172 2260 4231 martyrum
2293 4162 2464 4215 multo
2497 4162 2880 4215 vehementius
2933 4159 3195 4223 clamant,
3226 4172 3389 4226 quam
3440 4155 3544 4224 ipsi

1967 4254 2218 4325 gentiles.
2243 4253 2366 4309 Vit].
2414 4254 2531 4307 Act.
2559 4252 2618 4308 S.
2648 4252 2953 4323 Polycarpi,
2986 4267 3041 4306 tt.
3077 4250 3168 4315 12,
3218 4260 3275 4303 et
3321 4248 3382 4304 S.
3408 4245 3543 4301 ΡΙιί-

1962 4346 2091 4416 lippi
2118 4346 2273 4409 Hen,
2303 4362 2357 4403 ιι.
2389 4345 2442 4400 6.
2474 4346 2590 4415 lpse
2621 4343 2871 4399 Justinus
2918 4344 2971 4398 ιιι
3008 4342 3117 4397 alio
3161 4341 3375 4410 Dialogi
3426 4340 3545 4393 l0t'o

1964 4427 2408 4509 conjunctionem
2440 4437 2750 4492 Judaeorum
2810 4450 2934 4490 cum
2988 4433 3228 4488 ethnicis
3280 4433 3544 4486 adversus

282 4537 512 4591 tionibus
536 4538 935 4593 discesserunt.
970 4537 1225 4592 Declarat
1250 4537 1471 4608 Trypho
1505 4553 1564 4592 se
1592 4539 1694 4592 hoc
1724 4554 1856 4593 con-
1891 4526 1941 4586 ι)
1968 4530 2315 4585 Christianos
2359 4529 2440 4584 sic
2495 4527 2759 4583 describit
2778 4525 2867 4581 ‘°:
2903 4544 2921 4576 ι
2945 4524 3219 4591 Quantqu
3265 4524 3319 4578 itt
3389 4522 3544 4577 vobis

281 4642 457 4695 gressu
495 4628 767 4695 majorem
818 4628 874 4683 in
922 4628 1141 4684 modum
1187 4629 1515 4684 delectatum
1547 4645 1705 4696 esse;
1756 4646 1857 4685 nec

281 4722 522 4775 dubitare
556 4722 691 4790 quin
730 4723 919 4776 eodem
968 4720 1365 4775 animo-allecti
1393 4724 1505 4777 sint
1534 4722 1690 4777 socii.
1728 4721 1859 4777 Plus

280 4816 412 4868 enim
447 4816 731 4873 invenisse
777 4833 837 4871 se
890 4831 1051 4888 quam
1089 4818 1511 4886 exspectabant,
1553 4825 1650 4871 aut
1693 4832 1856 4885 quam

284 4920 527 4977 exspecta
541 4912 584 4964 ri
632 4925 875 4979 unquam
924 4908 1114 4980 possit.
1149 4910 1488 4966 Desiderium
1520 4909 1719 4978 smpius
1748 4908 1861 4961 col-

286 4999 527 5068 loquendi
545 5001 856 5070 significat;
882 5014 1197 5070 prosperam
1222 4999 1622 5068 navigationem
1644 4996 1859 5052 Justino

286 5104 528 5162 precatur
557 5113 571 5146 ;
605 5091 859 5147 Justinus
887 5093 1021 5147 nihil
1045 5094 1217 5162 maius
1237 5109 1295 5148 se
1324 5094 1434 5149 illis
1458 5094 1671 5163 precari
1701 5107 1860 5162 posse

286 5188 367 5249 ait,
396 5205 560 5257 quam
595 5196 651 5242 ut
683 5186 829 5241 idem
862 5201 928 5241 ac
955 5184 1254 5241 Christiani
1288 5186 1594 5242 sentientes
1619 5185 1673 5239 in
1701 5184 1860 5241 Chri-

287 5290 409 5334 stum
435 5282 689 5335 credant.

340 5375 483 5445 Opus
517 5374 798 5430 dedicavit
829 5371 1082 5428 Justinus
1118 5371 1304 5427 Marco
1355 5371 1640 5440 Pompeio,
1694 5385 1855 5439 quem

289 5486 391 5524 cum
426 5470 830 5524 amicissimum
874 5473 1054 5530 vocet,
1085 5481 1139 5521 ιι.
1173 5464 1207 5519 8
1251 5475 1305 5519 et
1334 5463 1438 5519 sub
1474 5464 1665 5529 tinem,
1704 5462 1860 5515 Chri-

289 5567 497 5619 stianum
530 5566 707 5620 fuisse
736 5573 795 5619 et
829 5559 1088 5614 veritatis
1116 5560 1385 5614 cultorem
1430 5574 1536 5611 non
1586 5557 1860 5610 immerito

287 5660 598 5729 conjicinius.
638 5656 754 5713 Sed
778 5668 916 5709 eum
948 5667 1070 5706 cum
1094 5650 1278 5723 Lango
1308 5648 1580 5719 conjicere
1612 5647 1859 5702 Marcum

338 5829 376 5860 "
400 5828 461 5885 Ν.
492 5830 575 5885 l6.

1964 4634 2048 4679 est
2076 4632 2132 4675 et
2176 4622 2393 4677 ueteris
2424 4622 2680 4675 omnibus
2713 4618 3054 4683 hominibus,
3106 4634 3214 4671 non
3264 4617 3438 4670 solum
3474 4631 3543 4668 ex

1963 4715 2205 4785 propriis
2226 4714 2667 4785 possessionibus
2699 4711 3079 4782 unusquisque
3105 4710 3539 4765 Christianorum

1964 4806 2209 4875 pellitur,
2242 4806 2337 4861 sed
2367 4808 2534 4861 etiam
2567 4822 2633 4861 ex
2669 4816 2782 4862 toto
2813 4817 3091 4861 terrarum
3120 4803 3272 4867 orbe,
3304 4816 3403 4855 nec
3445 4798 3539 4853 ulli

1968 4898 2283 4953 Christiano
2317 4899 2486 4953 vitam
2535 4900 2764 4955 liberam
2801 4898 3189 4967 relinquitis.)
3223 4894 3378 4960 Quod
3405 4907 3541 4961 ergo

1964 4992 2196 5047 nocendi
2230 5001 2564 5061 potestatem
2602 5004 2847 5061 ereptam
2901 4990 3103 5045 Iudaeis
3146 4987 3279 5040 dicit
3310 4986 3377 5039 ab
3430 4983 3540 5047 his,

1964 5084 2056 5151 qui
2087 5092 2217 5136 tunc
2248 5098 2431 5137 rerum
2465 5084 2834 5152 potiebantur,
2867 5082 2922 5136 id
2955 5095 3060 5133 non
3094 5078 3335 5132 Marcum
3362 5076 3539 5128 Aure-

1963 5177 2118 5240 lium,
2152 5177 2245 5240 qui
2290 5190 2513 5247 semper
2544 5177 2785 5231 inimicis
2811 5174 3259 5231 Christianorum
3300 5170 3537 5233 deditus,

1962 5284 2249 5338 nunquam
2285 5269 2495 5323 amicus
2523 5266 2853 5324 Christianis
2900 5264 3025 5330 fuit,
3061 5264 3156 5320 sed
3202 5264 3541 5317 Antoninum

1963 5363 2242 5432 designat,
2276 5362 2432 5432 cujus
2480 5360 2806 5416 beneﬁcium
2858 5358 3098 5413 nondum
3139 5358 3374 5423 videtur,
3418 5370 3542 5410 cunt

1964 5456 2086 5510 haec
2132 5456 2431 5511 dissereret
2462 5454 2736 5519 Justinus,
2764 5451 3094 5509 Christianis
3138 5449 3409 5520 eripuisse
3441 5447 3545 5502 ἰιιι⁴

1963 5550 2095 5617 ρειτιί
2122 5550 2372 5604 mutatio.

2038 5638 2125 5695 IV.
2169 5638 2388 5711 Trypho
2418 5639 2682 5695 Hebraeus
2732 5647 2855 5695 erat
2898 5646 2953 5691 et
2983 5635 3341 5692 circumcisus
3383 5640 3546 5702 atque

662 5828 707 5859 δ’
795 5823 859 5878 lu
894 5820 1202 5877 Susannam
1239 5820 1383 5894 apud
1416 5820 1707 5878 Combetis.
1742 5819 1929 5885 Auct.,
1964 5834 2013 5888 p.
2042 5817 2127 5871 53.
2209 5816 2253 5848 '°
2289 5814 2332 5869 Ν
2388 5815 2509 5871 th.
