3932 6258
401 312 506 368 M7

1294 316 1352 370 S.
1390 316 1724 374 JUSTINUS
1756 317 2242 374 PHILOSOPHUS
2274 318 2363 373 ET
2399 317 2712 376 MARTYR.

3569 323 3677 379 με

401 448 469 488 ex
495 433 661 501 bello,
692 435 836 505 quod
866 435 967 492 sub
996 437 1240 492 Adriano
1286 448 1504 508 gestum
1548 440 1747 507 fuerat,
1788 441 1979 512 profu-
2012 455 2053 511 Α
2085 454 2590 505 commemorasset,
2620 456 2770 494 num.
2804 438 2892 494 70.
2925 438 3031 494 Sed
3062 447 3244 497 tamen
3279 440 3421 497 inter
3462 442 3672 507 socios,

401 541 525 595 gus,
578 525 635 580 in
684 526 951 582 Graeciam
1007 539 1252 583 venerat.
1286 529 1452 601 Argis
1498 534 1749 587 audierat
1781 532 1977 588 Corin-

404 617 558 670 thum
592 617 958 684 Socraticum,
987 635 1051 675 ac
1077 621 1130 675 in
1160 620 1372 678 Graecia
1404 633 1460 679 et
1504 623 1753 680 Corinthi
1791 642 1858 681 ex
1891 627 1981 681 illo

403 716 652 778 tempore
684 710 882 782 degere
926 712 1155 769 solebat.
1191 715 1369 770 Minus
1417 717 1558 771 belle
1595 718 1981 775 Tillemontius

401 800 519 855 hate
542 801 853 874 Tryphonis
874 806 1062 870 verba,
1091 806 1277 876 φυγὼν
1308 808 1400 860 τὸν
1438 808 1531 863 νῦν
1563 810 1849 881 γενόμενον
1881 811 1978 866 πό-

400 892 587 963 λεμον,
617 895 683 950 de
704 894 850 950 bello
879 898 1140 965 quodam,
1171 900 1317 969 quod
1358 901 1664 956 Antoninus
1702 902 1830 957 Pius
1855 918 1979 957 cum

400 982 601 1040 Judaais
642 987 853 1055 habuit,
891 989 1289 1057 interpretatus
1324 1002 1429 1047 est.
1463 992 1534 1048 Ut
1565 994 1814 1048 omittam
1846 994 1977 1048 illud

402 1077 604 1133 bellum
656 1082 950 1137 obscuram
1005 1094 1062 1138 et
1106 1083 1277 1140 levem
1334 1085 1505 1142 fuisse
1548 1088 1975 1154 expeditionem,

402 1186 505 1226 nec
536 1173 638 1229 sub
677 1173 796 1240 Pio,
852 1176 944 1229 sed
995 1177 1095 1231 sub
1137 1179 1381 1233 Adriano
1424 1181 1641 1236 Judaeos
1696 1182 1748 1235 in
1796 1184 1978 1238 varias

401 1271 586 1330 partes
625 1264 907 1334 dispersos
959 1268 1162 1334 fuisse;
1203 1270 1478 1338 significat
1524 1268 1746 1341 Trypho
1798 1271 1867 1326 ab
1913 1288 1978 1327 eo

399 1350 562 1418 bello,
604 1367 670 1407 ex
719 1372 826 1424 quo
875 1358 1139 1431 profugus
1194 1370 1335 1426 erat,
1384 1363 1602 1431 longum
1650 1375 1864 1434 tempus
1900 1366 1978 1422 ef-

400 1441 639 1499 ﬂuxisse.
678 1446 755 1501 Ex
786 1463 896 1517 quo
916 1450 1057 1503 enim
1092 1450 1325 1519 patriam
1355 1451 1587 1523 fugerat,
1620 1457 1979 1527 philosOphia‘.

398 1551 622 1606 operam
656 1542 903 1608 dederat,
926 1553 982 1599 et
1020 1545 1072 1598 in
1110 1546 1319 1601 Graecia
1353 1562 1417 1603 ac
1442 1548 1689 1604 Corinthi
1727 1561 1784 1604 ut
1810 1550 1979 1620 pluri-

399 1646 545 1686 mum
570 1634 803 1705 degebat
830 1654 843 1689 :
888 1640 1030 1706 quod
1068 1649 1389 1710 argumento
1417 1654 1497 1698 est
1529 1658 1651 1715 eum
1683 1661 1792 1698 non
1831 1660 1975 1699 sem-

397 1739 494 1794 per
523 1726 575 1781 in
622 1728 725 1783 hac
765 1730 896 1785 urbe
933 1743 1357 1787 commoratum.
1416 1735 1533 1791 Non
1574 1724 1802 1806 poSsunt
1845 1753 1977 1807 ergo

2084 532 2175 601 qui
2211 548 2333 587 cum
2372 546 2438 591 eo
2494 531 2773 589 Justinum
2822 531 3136 597 audierunt,
3172 532 3287 597 jam
3319 541 3432 585 tttm
3470 544 3675 587 aucto-

2083 626 2245 679 ritate
2276 633 2332 678 et
2382 624 2613 679 scientia
2671 625 2971 689 eminebat,
3024 640 3125 680 nec
3174 625 3536 694 improbabile
3586 637 3679 682 est

2082 732 2205 771 eum
2242 725 2431 784 postea
2480 730 2675 770 nomen
2733 723 2787 769 et
2835 715 3037 768 famam
3078 715 3291 770 rabbini
3329 725 3674 770 assecutum.

2082 808 2447 875 Philosophiae
2477 822 2700 876 operam
2742 806 2967 862 dederat
3006 807 3107 861 sub
3138 807 3404 876 magistro
3446 808 3674 879 gentili,

2081 910 2136 953 et
2181 901 2323 968 quod
2369 915 2492 953 eum
2540 898 2788 953 discendi
2846 899 3157 953 studiosum
3222 899 3397 956 fuisse
3441 901 3675 970 probat,

2081 1007 2267 1046 sacros
2311 991 2751 1048 Christianorum
2806 990 2975 1047 libros
3006 992 3235 1060 ,legisse
3284 1006 3346 1048 se
3398 1002 3673 1058 testatur,
3760 1060 3765 1067 '

2081 1083 2316 1155 Dialog.,
2351 1101 2405 1139 n.
2440 1084 2529 1138 10.

2151 1178 2260 1233 Nec
2289 1177 2533 1246 probitas
2562 1176 2755 1231 deerat
2779 1174 3059 1248 Tryphoni
3095 1190 3193 1230 nec
3220 1176 3474 1233 veritatis
3504 1191 3675 1232 amor

2080 1271 2328 1341 quidam,
2352 1269 2447 1324 sed
2472 1269 2889 1323 immoderatum
2922 1268 3061 1336 legis
3087 1269 3328 1323 studium
3358 1268 3581 1324 videtur
3612 1270 3672 1325 ei

2082 1361 2289 1416 fructus
2339 1360 2727 1429 prmripttisse,
2793 1375 2930 1429 quos
2991 1376 3057 1415 ex
3118 1359 3321 1414 Justini
3382 1360 3674 1431 colloquio

2081 1442 2362 1526 percipere
2392 1457 2679 1523 potuisset.
2720 1453 2836 1507 Non
2871 1455 3128 1508 credebat
3150 1468 3277 1521 quae
3300 1453 3367 1509 de
3389 1453 3675 1509 Christia-

2080 1548 2165 1601 nis
2194 1545 2363 1602 falsus
2396 1562 2581 1602 rumor
2613 1547 2664 1599 itt
2700 1546 2894 1614 vulgus
2942 1556 3256 1614 sparserat;
3304 1546 3408 1601 fide
3434 1547 3668 1618 indigna

2074 1638 2376 1707 judicabat,
2419 1655 2473 1691 η.
2521 1636 2626 1703 10;
2682 1637 2785 1693 hoe
2819 1645 3031 1690 tantum
3070 1638 3123 1691 itt
3169 1638 3252 1693 eis
3293 1638 3664 1708 vituperabat,

2080 1733 2223 1801 quod
2264 1747 2385 1787 cum
2433 1747 2703 1787 summam
2742 1748 2853 1802 prae
2886 1749 2948 1788 se
2979 1735 3240 1801 pietatem
3284 1733 3517 1799 ferrent,
3558 1748 3670 1789 nec

397 1817 514 1871 htec
537 1817 726 1885 verba,
758 1820 850 1874 τὸν
889 1821 983 1874 νῦν
1005 1824 1295 1901 γενόμενον
1320 1798 1659 1898 πόλεμονξόο
1678 1829 1820 1883 bello
1849 1798 1968 1886 tunc

2083 1823 2250 1878 festos
2290 1825 2429 1891 dies,
2472 1838 2573 1878 nec
2608 1825 2858 1889 sabbata,
2907 1837 3009 1878 nec
3047 1824 3524 1879 circumcisionem
3573 1836 3669 1881 te-

398 1911 661 1978 temporis
705 1912 974 1980 ﬂagrante
1024 1916 1275 1986 intelligi.
1325 1918 1444 1972 Jant
1505 1921 1791 1975 observavi
1845 1923 1977 1978 illud

393 1999 491 2053 νῦν
520 2000 586 2055 de
611 2002 773 2057 rebus
802 2011 929 2058 ante
969 2005 1167 2061 multos
1203 2024 1377 2063 annos
1419 2012 1660 2079 peractis
1697 2013 1974 2083 usurpari,

394 2107 495 2148 nec
520 2095 715 2149 mirum
746 2096 918 2151 videri
945 2098 1105 2152 debet
1129 2100 1173 2154 si
1202 2116 1229 2153 a
1268 2100 1557 2172 Tryphone
1584 2103 1649 2161 de
1679 2105 1820 2161 bello
1848 2116 1976 2162 ante

394 2200 566 2243 annos
592 2188 737 2243 forte
762 2193 951 2261 viginti
984 2198 1236 2253 confecto
1270 2210 1584 2268 usurpetur.

441 2282 813 2352 .Tryphonetn
888 2289 1157 2346 Eusebius
1214 2296 1455 2349 omnium
1517 2307 1644 2351 tunc
1714 2298 1974 2367 temporis

393 2372 750 2431 Hebraeorum
778 2380 1195 2437 celeberrimum
1230 2385 1397 2441 fuisse
1428 2396 1681 2444 testatur.
1712 2372 1804 2446 Sic
1829 2390 1972 2445 etiim

394 2466 460 2520 de
490 2465 689 2523 Justini
746 2472 968 2541 Dialogo
1014 2474 1257 2543 loquitur
1297 2477 1390 2532 lib.
1439 2495 1491 2532 tv
1541 2473 1711 2545 Hist.”
1765 2498 1816 2535 c.
1860 2483 1970 2537 18:

390 2560 502 2612 Kal.
517 2558 762 2629 διάλογον
785 2562 841 2615 δὲ
868 2564 1003 2635 πρὸς
1039 2566 1325 2632 Ἰουδαίους
1353 2570 1660 2637 συνέταξεν,
1678 2572 1736 2625 ὃν
1764 2574 1856 2625 ἐπὶ
1876 2573 1973 2643 τῆς

391 2652 617 2721 Ἐφέσου
694 2654 901 2720 πόλεως
927 2658 1062 2727 πρὸς
1094 2661 1363 2732 Τρύφωνα
1410 2664 1517 2719 τῶν
1544 2667 1665 2719 τότε
1701 2666 1969 2737 Ἐϐραίων

390 2744 794 2815 ἐπισημότατον
832 2752 1151 2822 πεποίηται,
1204 2773 1221 2806 ‹
1262 2756 1580 2824 Composuit
1619 2758 1783 2812 etiam
1836 2760 1971 2813 Dia-

390 2837 567 2905 logum
602 2839 867 2896 adversus
897 2842 1139 2911 Judaeos,
1185 2861 1347 2915 quem
1391 2851 1530 2917 apud
1570 2851 1844 2919 Ephesum
1875 2853 1972 2907 ba-

389 2927 505 2981 bttit
535 2945 655 2983 cum
698 2930 991 3004 Tryphoue
1038 2935 1389 2994 Hebraeorum
1426 2954 1558 2997 tunc
1589 2947 1853 3014 temporis
1883 2962 1972 3003 ce-

388 3021 703 3089 leberrimo.
739 3023 903 3081 {His
941 3029 1163 3103 Eusebii
1203 3032 1386 3087 verbis
1423 3035 1734 3090 confirmari
1776 3038 1969 3092 existi.

2080 1927 2294 1982 nereut,
2352 1927 2408 1973 et
2455 1931 2605 1987 spem
2667 1917 2720 1970 in
2777 1916 3001 1971 homine
3035 1915 3310 1972 cruciﬁxo
3358 1926 3663 1986 ponerent.

2078 2009 2371 2079 Postquam
2416 2012 2533 2078 ejus
2587 2020 2778 2079 rogatu
2834 2008 3083 2065 Justinus
3130 2009 3383 2078 probavit
3438 2009 3667 2065 eximiis

2079 2101 2419 2171 argumentis
2462 2100 2633 2170 legem
2690 2101 2872 2154 datam
2915 2113 3038 2154 esse
3092 2114 3202 2153 non
3259 2098 3324 2153 ad
3363 2096 3662 2166 justitiam,

2077 2196 2172 2248 sed
2202 2204 2424 2263 propter
2465 2200 2722 2260 peccata;
2777 2206 2885 2247 non
2927 2190 3139 2246 idcirco
3177 2200 3448 2256 movetur,
3480 2205 3534 2243 n.
3566 2189 3663 2244 i8.

2078 2284 2250 2357 Urget
2294 2288 2489 2341 iterum
2544 2286 2790 2342 Justinus
2837 2295 2891 2340 et
2924 2287 3122 2355 quaerit
3170 2301 3269 2341 cur
3313 2286 3476 2357 justis
3529 2294 3665 2341 ante

2075 2378 2353 2437 Abraham
2414 2390 2467 2434 et
2516 2379 2720 2434 Mosetn
2778 2378 3253 2435 circumcisionem
3321 2387 3376 2432 et
3426 2377 3662 2434 sabbata

2078 2472 2220 2527 Deus
2259 2486 2364 2527 non
2418 2472 2769 2540 imposuerit;
2817 2481 2931 2525 tum
2968 2485 3100 2526 vero
3128 2469 3350 2542 Trypho
3419 2470 3664 2539 ingenue

2078 2565 2476 2635 ignorationem
2517 2580 2671 2619 suam
2720 2565 3038 2629 conﬁtetur,
3076 2578 3135 2618 tt.
3173 2562 3265 2617 28.
3294 2563 3489 2616 Animo
3521 2562 3666 2615 hor-

2076 2671 2294 2711 rescere
2324 2657 2563 2721 videtur,
2607 2671 2663 2708 n.
2725 2654 2816 2721 58,
2869 2656 2957 2710 ubi
3001 2654 3280 2711 Christum
3326 2652 3477 2707 audit
3527 2666 3665 2706 eum

2074 2762 2198 2803 esse
2227 2748 2321 2819 qui
2353 2763 2474 2802 cum
2509 2747 2656 2803 Mose
2682 2756 2738 2802 et
2765 2748 2947 2801 Aaron
2992 2749 3046 2802 in
3072 2744 3332 2801 columna
3366 2743 3528 2799 nubis
3570 2743 3668 2797 lo-

2074 2848 2232 2895 cutus
2260 2849 2381 2907 est;
2415 2842 2711 2910 aequiorem
2752 2856 2812 2896 se
2855 2850 3081 2910 przestat
3120 2839 3459 2910 argumentis
3494 2853 3523 2891 a
3558 2835 3668 2892 Ju-

2075 2935 2219 2989 stino
2248 2935 2451 3002 allatis,
2485 2944 2543 2987 ut
2566 2934 2761 2989 Filium
2787 2949 2815 2987 a
2844 2934 2956 2989 Deo
2996 2942 3125 2989 ante
3167 2932 3368 2988 saecula
3406 2932 3665 3002 genitum

2074 3027 2297 3096 probet;
2329 3042 2444 3082 rem
2482 3028 2705 3098 egregie
2736 3027 3174 3081 demonstratam
3222 3024 3448 3091 fatetur,
3492 3042 3546 3079 n.
3583 3024 3665 3079 57

389 3123 504 3168 mat
532 3114 769 3201 Grabius
801 3121 1171 3189 conjecturam
1200 3122 1386 3188 Cavei,
1411 3128 1502 3194 qui
1539 3127 1685 3182 hunc
1720 3129 1968 3201 Trypho-

2075 3130 2130 3175 et
2158 3121 2249 3187 65,
2275 3121 2377 3175 hoc
2423 3129 2633 3173 tantum
2670 3119 2809 3189 petit
2843 3135 2872 3172 a
2907 3116 3149 3186 Justino,
3176 3129 3236 3172 ttt
3268 3118 3414 3172 hunc
3437 3118 3530 3173 Dei
3556 3116 3663 3172 Fi-

388 3224 509 3262 nem
536 3198 787 3266 eumtlent
820 3227 943 3269 esse
976 3225 1130 3283 putat
1170 3232 1235 3271 ac
1277 3217 1429 3273 rabbi
1469 3198 1968 3289 Tarphoncn-tima-

312 3358 313 3361 η
387 3302 475 3370 gni
506 3304 646 3371 apud
681 3304 899 3360 Judzeos
950 3309 1212 3374 nominis,
1263 3320 1317 3364 ct
1370 3311 1531 3381 vulgo
1584 3320 1777 3377 damn
1870 3320 1966 3396 τῇ)

387 3399 710 3452 sacerdotem
745 3399 955 3453 divitem
982 3402 1334 3470 appellatum.
1367 3403 1472 3458 Sed
1499 3405 1542 3458 si
1573 3404 1792 3476 Trypho
1824 3407 1967 3461 inter

387 3476 650 3543 rabbino‘s
710 3502 1029 3548 numeratus
1076 3493 1197 3560 fttit,
1246 3496 1309 3548 ad
1355 3496 1501 3550 hunc
1543 3497 1804 3552 honorem
1856 3514 1963 3553 non

385 3582 631 3649 pervenit
690 3582 791 3637 ttisi
849 3593 976 3655 post
1031 3588 1176 3641 hunc
1232 3603 1356 3641 cum
1402 3588 1619 3643 Justino
1661 3590 1963 3661 Dialogum.

386 3671 527 3757 Nam
576 3675 733 3749 initio
777 3678 1055 3747 colloquii,
1110 3696 1236 3735 cum
1272 3681 1501 3737 dixisset
1546 3682 1765 3752 Trypho
1807 3684 1967 3738 Citri-

385 3774 556 3831 stum,
605 3765 651 3820 si
694 3766 804 3836 jam
842 3778 1003 3824 natus
1034 3778 1205 3825 estet
1246 3772 1444 3827 alicubi
1476 3783 1677 3839 exstat,
1715 3775 1963 3844 ignotum

2071 3215 2201 3269 lium
2234 3214 2385 3268 nasci
2427 3223 2482 3267 et
2540 3211 2788 3282 crttcifigi
2820 3212 3060 3267 voluisse
3100 3226 3167 3271 ac
3196 3212 3566 3266 resurrexisse
3604 3219 3665 3266 et

2071 3306 2347 3363 incmlum
2384 3306 2699 3379 ascendisse
2742 3306 2957 3375 probet.
3002 3304 3152 3359 Pene
3196 3305 3399 3359 victum
3442 3303 3665 3360 diceres

2070 3400 2439 3472 Tryphonem,
2482 3417 2537 3453 n.
2578 3400 2667 3465 89,
2713 3400 2803 3453 ubi
2848 3400 3059 3454 fatetur
3083 3399 3308 3455 Christo
3345 3413 3660 3469 congruere

2069 3494 2337 3564 quidquid
2396 3494 2841 3551 testimoniorum
2887 3493 3191 3561 Scriptura;
3226 3507 3255 3546 a
3290 3490 3506 3547 Justino
3535 3490 3663 3545 lau-

2068 3588 2252 3639 datum
2294 3585 2508 3641 fuerat:
2548 3602 2653 3640 una
2702 3601 2790 3639 res
2851 3600 2975 3639 eum
3007 3586 3273 3649 deterret,
3321 3585 3659 3655 supplicium

2068 3678 2273 3741 crucis,
2333 3679 2422 3733 cui
2474 3678 2559 3733 lex
2612 3678 3055 3732 maledictioncm
3120 3676 3338 3731 inﬂixit.
3398 3676 3660 3734 Justinus

2069 3770 2233 3823 multa
2258 3768 2525 3837 praclarc
2548 3768 2796 3837 congerit
2815 3768 2880 3821 ad
2914 3768 3074 3838 hujus
3103 3770 3178 3822 rei
3202 3768 3654 3835 explicationem,

386 3872 613 3927 prorsus
644 3874 766 3915 esse
792 3848 855 3916 ac
880 3876 947 3916 ne
985 3864 1087 3918 sibi
1119 3863 1336 3933 quidem
1384 3865 1484 3934 ipsi
1517 3867 1819 3935 cognitum,
1872 3877 1966 3922 aut
2054 3862 2162 3918 sed
2220 3871 2400 3916 tamen
2450 3859 2617 3915 corda
2663 3858 2977 3913 Judazorttm
3023 3874 3315 3929 superasse
3346 3877 3453 3915 non
3493 3861 3660 3916 vide-

387 3949 497 4002 ulla
547 3960 820 4020 potestate
869 3953 1179 4022 praeditum,
1222 3944 1628 4011 donec'veniat
1671 3958 1841 4025 Elias,
1872 3960 1964 4029 qui

387 4041 537 4094 illum
568 4051 733 4112 ungat
773 4052 827 4098 et
854 4028 1104 4100 omnibus
1139 4045 1433 4112 ostendat;
1475 4049 1753 4118 significat
1794 4051 1966 4105 Justi-

389 4149 493 4187 nus
522 4135 770 4191 misereri
799 4153 859 4191 se
896 4137 1210 4209 Tryphonis
1256 4157 1285 4194 a
1321 4141 1566 4197 rabbinis
1595 4144 1858 4214 quidquid
1908 4147 1961 4201 in

388 4237 623 4283 mentem
650 4231 800 4285 venit
832 4230 1206 4289 eﬁ‘utientibus
1236 4235 1467 4305 decepti.
1507 4235 1562 4289 ln
1599 4244 1711 4290 toto
1754 4236 1963 4307 Dialogi

386 4321 618 4375 decursu
657 4322 729 4377 ita
758 4340 882 4378 cum
914 4325 1208 4396 Tryphone
1236 4336 1292 4382 et
1340 4328 1503 4383 sociis
1538 4329 1667 4397 agit,
1727 4338 1786 4382 ut
1837 4346 1961 4384 cum

385 4413 693 4471 hominibus
728 4415 985 4472 rabbittos
1016 4404 1193 4488 duces
1218 4416 1385 4474 'more
1425 4434 1693 4473 caacorum
1728 4435 1966 4490 sequen-

387 4504 563 4569 tibus;
605 4496 659 4560 et
688 4507 973 4564 discedens
1014 4510 1083 4563 ab
1128 4512 1210 4566 eis
1260 4513 1531 4579 hortatur,
1570 4521 1629 4567 ut
1678 4513 1955 4568 Christum
1993 4526 2035 4580 ι)

384 4596 632 4649 rabbinis
689 4607 1045 4673 anteponant.
1096 4600 1214 4667 Ipse
1265 4601 1485 4672 Trypho
1544 4604 1787 4658 rabbinis
1828 4604 1960 4658 sub-

383 4688 613 4742 missum
646 4704 707 4744 se
742 4705 865 4745 esse
892 4691 1166 4761 signiﬁcat
1199 4708 1322 4747 cum
1362 4697 1458 4761 ait,
1491 4714 1543 4749 n.
1584 4696 1653 4751 58
1683 4716 1695 4750 :
1747 4718 1765 4749 ι
1818 4698 1964 4754 Prae-

384 4782 531 4836 clare
576 4782 901 4847 faceremus,
958 4786 1005 4839 si
1050 4788 1327 4857 magistris
1372 4789 1575 4843 nostris
1613 4805 1817 4845 morem
1865 4807 1959 4861 ge-

384 4886 588 4937 rentes,
615 4878 704 4944 qui
738 4889 978 4932 vestrum
1008 4880 1265 4951 cuiquam
1310 4883 1501 4936 venire
1539 4883 1592 4937 in
1627 4883 1960 4954 colloquium

383 4964 502 5034 lege
526 4975 835 5030 vetuerunt,
871 4984 940 5022 ne
976 4970 1171 5024 horum
1215 4970 1433 5039 quidem
1470 4988 1784 5028 sermonum
1812 4990 1963 5029 com-

383 5060 699 5115 munionem
754 5070 931 5116 tecum
985 5063 1337 5119 haberemus.
1391 5085 1410 5119 ι
1465 5065 1830 5138 lnterroganti
1868 5067 1965 5123 Ju-

386 5150 554 5215 stiuo,
590 5167 644 5204 n.
696 5151 786 5218 56,
832 5168 899 5207 an
947 5155 1203 5222 cuiquam
1243 5156 1748 5213 existimarentDei
1776 5170 1830 5214 et
1851 5160 1962 5214 Do-

385 5240 517 5293 mitti
552 5257 768 5306 nomen,
814 5245 919 5300 nisi
974 5247 1085 5301 Deo
1140 5246 1287 5301 Patri
1324 5258 1378 5301 et
1421 5249 1667 5316 Christo,
1700 5251 1900 5307 deferri
1933 5268 1961 5306 a

385 5332 595 5397 Spiritu
627 5347 833 5397 sancto,
862 5340 1153 5405 respondet
1184 5340 1404 5410 Trypho
1436 5343 1675 5398 aliorum
1718 5347 1959 5410 nomine,

388 5424 687 5493 imparatos
728 5443 786 5481 se
818 5444 940 5485 esse
975 5432 1041 5484 ad
1077 5444 1183 5486 tam
1224 5435 1566 5496 periculosas
1604 5439 1960 5506 qumstiones,

385 5531 487 5570 nec
536 5533 775 5586 unquam
832 5536 858 5573 a
907 5538 966 5575 se
1007 5525 1251 5578 auditum
1292 5542 1619 5596 quemquam
1656 5531 1747 5598 qui
1780 5531 1865 5583 his
1896 5532 1963 5585 de

385 5608 551 5668 rebus
605 5608 919 5667 dissereret.
966 5613 1152 5669 \iitlcri
1211 5619 1374 5671 etiam
1428 5620 1601 5687 possit
1643 5619 1957 5689 simplicior,

383 5717 509 5759 cum
566 5702 824 5755 irascitur
875 5714 929 5757 et
986 5706 1337 5774 blasphemia:
1383 5708 1657 5765 Justinum
1716 5725 1957 5779 accusat,

387 5794 529 5873 quod
584 5795 629 5849 is
690 5795 859 5849 malas
907 5797 1163 5863 virtutes,
1214 5816 1334 5869 qum
1388 5818 1415 5855 a
1461 5804 1569 5858 Deo
1619 5803 1958 5869 defecerunt,

2069 3964 2178 4019 tur,
2231 3952 2486 4023 quamvis
2526 3966 2621 4006 eos
2656 3952 2931 4005 interdum
2982 3953 3240 4007 videatur
3292 3954 3657 4021 per-movisse.

2066 4044 2202 4101 Nam
2240 4054 2361 4113 post
2391 4053 2469 4100 tot
2505 4058 2568 4098 ac
2616 4052 2764 4097 tanta
2808 4042 3089 4113 religionis
3127 4055 3444 4116 argumenta
3471 4087 3487 4112 ,
3527 4063 3657 4102 cum

2068 4139 2421 4208 pertcttderet
2480 4136 2726 4192 Justinus
2790 4138 2968 4191 locum
3018 4140 3307 4206 quemdam
3374 4139 3524 4195 lsaiae
3585 4142 3658 4196 de

2064 4230 2285 4285 Christo
2318 4238 2375 4283 et
2420 4229 2745 4283 illuminatis
2803 4230 2871 4283 ab
2922 4243 2989 4283 eo
3043 4231 3299 4298 gentibus
3343 4232 3519 4301 accipi
3554 4233 3657 4287 de-

2066 4324 2228 4388 bere,
2266 4322 2513 4377 nonnulli
2554 4338 2770 4389 eorum,
2819 4322 2910 4391 qui
2944 4323 3209 4392 postridie
3239 4336 3522 4391 venerant,
3568 4328 3655 4379 itt-

2066 4414 2283 4468 conditc
2314 4423 2373 4465 ut
2410 4412 2463 4466 itt
2499 4413 2716 4467 theatro
2757 4413 3052 4467 clamorem
3087 4414 3400 4481 ediderunt,
3432 4431 3487 4470 ιι.
3523 4416 3651 4471 1‘29.

2140 4505 2365 4560 Videtur
2396 4505 2645 4559 Justinus
2679 4506 2953 4559 interdum
2989 4521 3017 4557 a
3064 4521 3161 4560 sua
3202 4506 3428 4565 lenitate
3468 4508 3520 4561 in
3549 4508 3652 4563 do-

2068 4598 2256 4652 cendis
2294 4596 2498 4653 Judaeis
2533 4598 2839 4663 discedere,
2892 4613 3099 4666 eosque
3135 4599 3391 4653 maximis
3433 4600 3651 4669 probris

2068 4708 2209 4760 saepe
2230 4707 2482 4747 onerare.
2511 4692 2618 4746 Sed
2644 4701 2821 4745 tamen
2857 4694 2946 4747 ubi
2976 4692 3293 4747 durioribus
3324 4694 3510 4749 verbis
3539 4695 3647 4747 uti-

2068 4795 2174 4857 tur,
2208 4801 2312 4840 non
2356 4795 2465 4839 tam
2496 4800 2591 4839 eos
2621 4786 2712 4855 qui
2751 4785 3073 4850 audiebant,
3120 4801 3282 4855 quam
3315 4787 3650 4842 obstinatam

2068 4880 2119 4932 in
2144 4878 2292 4933 omni
2326 4879 2532 4934 scelere
2578 4889 2796 4949 gentem
2841 4881 3157 4949 compellat,
3199 4880 3356 4934 velut
3393 4895 3515 4935 cum
3555 4880 3635 4933 ait

2066 4987 2222 5028 num.
2255 4973 2365 5027 9'5:
2400 4992 2418 5025 ι
2459 4972 2595 5028 Nam
2644 4987 2767 5026 cum
2812 4989 2877 5027 ex
2908 4974 3151 5044 signis'a
3185 4973 3334 5028 Mose
3367 4972 3531 5027 factis
3569 4974 3653 5027 itt-

2069 5064 2343 5134 telligendi
2376 5065 2586 5135 copiam
2612 5066 2864 5121 habeatis
2890 5067 3037 5119 hunc
3061 5080 3183 5120 esse
3203 5065 3505 5131 Christum,
3542 5080 3647 5125 non

2068 5160 2227 5214 modo
2266 5175 2373 5214 non
2409 5159 2593 5228 vultis,
2642 5160 2737 5215 sed
2777 5159 2942 5214 etiam
2976 5159 3027 5212 itt
3066 5163 3353 5228 angustias
3382 5173 3483 5212 nos
3513 5174 3649 5212 cott-

2062 5252 2156 5321 jici
2196 5267 2355 5322 posse
2404 5252 2812 5317 existimantes,
2862 5252 3200 5321 quaestiones
3253 5252 3459 5319 ponitis
3499 5267 3655 5319 quaa-

2067 5342 2280 5411 Cunque
2310 5343 2363 5396 in
2392 5343 2625 5398 medium
2657 5343 2900 5410 veniunt,
2935 5357 3037 5397 nec
3075 5354 3252 5397 tamen
3292 5343 3392 5412 ipsi
3430 5344 3650 5398 habetis

2067 5436 2197 5504 quid
2256 5435 2474 5500 dicatis,
2534 5436 2578 5490 si
2624 5450 2782 5505 quem
2836 5436 3129 5491 ﬁrmiorem
3165 5435 3540 5490 Christianum
3568 5436 3653 5489 of-

2066 5526 2380 5581 fenderitis.
2413 5548 2431 5580 ι
2472 5529 2553 5582 Ad
2586 5529 2689 5583 hoc
2720 5528 3027 5597 exemplum
3064 5528 3372 5583 existimari
3416 5536 3651 5596 possunt

2068 5620 2298 5690 plurima
2354 5621 2484 5686 alia,
2548 5623 2749 5691 quibus
2800 5621 3051 5677 Justinus
3095 5621 3379 5677 Iudaicam
3426 5630 3643 5690 gentem

2066 5714 2419 5782 perstringit,
2471 5724 2530 5769 ut
2596 5714 2812 5770 Judaeos
2884 5716 3174 5771 audientes
3232 5731 3260 5767 a
3319 5715 3647 5769 stultissan

2068 5807 2342 5875 opinione,
2372 5823 2533 5877 quam
2562 5809 2625 5863 de
2658 5818 2811 5877 gente
2840 5824 2937 5863 sua
2974 5818 3027 5863 et
3065 5809 3368 5879 Synagogis
3400 5807 3512 5862 suis
3544 5809 3644 5861 ha-
