3932 6258
263 332 288 384 1
301 333 388 388 ιθ

1293 339 1358 394 1).
1389 339 1654 396 MARANI
1684 339 2076 398 PRJEFATIO.
2114 374 2183 384 —
2225 341 2410 400 PARS
2441 343 2528 400 ill,

3465 347 3566 403 150

264 455 497 517 hebant.
538 453 606 508 ad
651 468 848 510 verum
895 455 1165 514 lsraelem
1197 468 1253 515 ct
1284 462 1376 516 Dei
1409 463 1666 532 populum
1713 480 1887 536 agno-
1916 471 1963 526 Α
1992 464 2068 518 tio
2109 465 2326 520 videtur
2374 465 2702 536 interrumpi
2750 467 3011 536 potuisse.
3067 466 3364 538 Postquam
3420 469 3567 521 enim

262 549 533 601 scendum
561 560 876 603 revocaret.
922 551 1198 608 Enitescit
1228 555 1488 620 patientia
1528 554 1722 611 Justini
1755 572 1878 612 cum

262 657 397 693 eum
423 642 680 708 desipere
708 642 790 694 ait
822 643 1082 715 Trypho,
1127 663 1182 699 n.
1226 647 1318 710 59,
1363 649 1444 703 vel
1482 664 1606 703 cum
1638 651 1880 704 animum

254 747 288 781 a
345 733 597 786 doctrina
670 732 1007 789 Christiana
1078 739 1438 794 vehementer
1491 742 1880 797 abhorrentem

249 822 558 890 significat,
616 836 718 878 aut
748 841 817 880 ea
868 828 1058 895 rejicit
1110 846 1231 899 quae
1278 840 1438 886 antea
1502 845 1880 900 concesserat,

252 931 409 968 num.
451 915 543 970 67.
591 917 698 972 llis
743 920 803 973 in
863 919 1014 976 locis
1040 921 1292 978 Justinus
1317 922 1481 992 justas
1519 927 1882 998 indignationi

251 1011 598 1074 nmderatur,
643 1027 757 1067 nec
807 1013 887 1066 de
919 1015 1113 1068 studio
1141 1017 1393 1073 veritatis
1428 1020 1688 1075 docendae
1719 1020 1884 1090 quid-

252 1115 407 1166 quam
447 1103 721 1166 remittit,
746 1118 888 1158 cum
917 1106 1587 1176 Deijudicium-metuens
1614 1113 1659 1166 si
1692 1128 1882 1167 verum

249 1193 565 1259 subtrahat,
604 1205 733 1248 tum
783 1200 969 1253 etiam
1005 1215 1235 1270 sperans
1286 1205 1428 1260 inter
1473 1221 1590 1272 eos,
1631 1208 1724 1275 qui
1786 1225 1884 1262 au-

248 1283 496 1351 diebant,
540 1288 798 1354 reperiri
829 1291 1086 1359 aliquem
1118 1307 1299 1362 posse,
1330 1295 1421 1364 qui
1448 1310 1479 1349 e
1502 1312 1733 1351 numero
1773 1297 1884 1352 ele-

250 1385 461 1428 ctorum
493 1378 607 1446 sit;
653 1393 852 1448 seque
900 1392 1146 1437 testatur
1180 1385 1253 1438 ita
1286 1400 1451 1454 agere
1477 1401 1598 1440 cum
1631 1387 1896 1442 omnibus

250 1468 564 1524 hominibus
596 1471 823 1537 solere,
889 1475 1222 1544 quicunque
1256 1477 1409 1531 illum
1451 1478 1728 1532 sciscitari
1783 1495 1883 1534 vo.-

247 1561 462 1615 iuerint.

315 1653 534 1725 Tiypbo
556 1673 694 1713 cum
723 1674 839 1715 sex
859 1661 1044 1716 sociis
1065 1662 1248 1731 primo
1271 1662 1359 1718 die
1382 1664 1631 1719 occurrit
1647 1663 1883 1721 Justino.

241 1746 368 1802 Nam
402 1768 525 1804 cum
554 1755 676 1808 duo
711 1753 1024 1808 abiissent
1046 1795 1064 1821 ,
1108 1771 1320 1822 eorum,
1355 1757 1448 1826 qui
1478 1767 1882 1823 remanserant,

237 1854 480 1908 quartum
517 1857 808 1902 numerat
866 1846 1157 1915 Justinus,
1203 1866 1258 1905 n.
1299 1822 1394 1914 66,
1433 1866 1486 1919 p.
1520 1851 1644 1906 152.
1675 1822 1885 1908 Postri-
1915 1822 1958 1882 Β

237 1936 316 1988 die
361 1936 741 2006 frequentior
809 1938 936 1992 fuit.
999 1941 1298 1996 comitatus
1353 1941 1688 2013 Tryphonis.
1745 1941 1883 1998 Nam

235 2040 416 2093 pater
458 2046 584 2096 eos,
636 2033 745 2102 qui
797 2033 1006 2101 pridie
1061 2033 1373 2104 adfuerant,
1411 2037 1502 2091 alii
1552 2051 1886 2107 supervene-

236 2132 366 2186 runt,
406 2135 468 2177 ut
519 2125 846 2191 Mnaseas,
903 2126 982 2180 de
1033 2142 1170 2196 quo,
1202 2144 1256 2182 n.
1291 2128 1380 2193 85,
1413 2139 1470 2183 et
1502 2129 1670 2194 'alius,
1703 2146 1757 2184 ιι.
1790 2130 1883 2188 94.

231 2215 486 2271 Praeterea
511 2220 812 2274 Justinus
848 2223 970 2286 ait,
1016 2235 1079 2276 ut
1117 2222 1230 2292 jam
1280 2223 1413 2287 dixi,
1467 2240 1521 2277 ιι.
1571 2224 1697 2286 122,
1748 2239 1885 2278 ιιοιι-

230 2309 392 2363 nullos
440 2327 512 2365 ex
563 2313 668 2377 iis,
723 2314 835 2381 qui
892 2315 1180 2382 postridie
1225 2325 1511 2380 venerant,
1546 2317 1884 2372 inconditum

231 2413 280 2454 ut
307 2403 354 2454 in
386 2404 616 2459 theatro
641 2406 998 2461 clamorem
1026 2407 1283 2475 edidisse.

292 2495 350 2549 ν.
391 2497 501 2553 Sed
542 2498 830 2556 difﬁcilis
864 2508 935 2555 et
967 2503 1154 2570 magni
1188 2507 1448 2559 momenti
1483 2505 1640 2560 nobis
1669 2505 1883 2560 exami-

237 2591 390 2642 nanda
425 2592 685 2658 quaestio
748 2601 880 2657 est,
925 2601 1120 2647 utrum
1157 2597 1429 2664 integrqu
1471 2599 1574 2654 hoc
1618 2600 1882 2654 eximium

238 2698 351 2748 opus
376 2684 442 2736 ad
466 2698 577 2739 nos
619 2687 1028 2753 pervenerit,
1055 2702 1121 2740 an
1157 2689 1294 2743 satis
1325 2690 1484 2760 longa
1515 2706 1642 2761 pars
1667 2692 1884 2747 deside-

242 2772 387 2825 randa
422 2773 523 2842 sit,
567 2784 636 2828 ut
672 2777 892 2829 visum
928 2785 1025 2831 est
1060 2778 1291 2834 eruditis
1321 2781 1476 2847 viris,
1505 2792 1774 2852 quotquot
1814 2784 1884 2840 de

242 2861 410 2920 Justini
451 2869 708 2937 scriptis
757 2878 1238 2938 per-tractarunt.
1282 2873 1545 2929 Videntur
1587 2891 1720 2930 sane
1772 2893 1880 2932 non

245 2958 365 3013 leves
396 2976 592 3017 causa:
642 2965 947 3029 subesse,
1003 2978 1107 3017 cur
1152 2980 1404 3033 magnam
1443 2967 1684 3036 aliquant
1735 2969 1883 3025 lacu-

245 3066 345 3104 nant
389 3056 803 3122 suspicemur.
874 3054 1028 3108 Nam
1082 3072 1204 3110 cum
1245 3058 1382 3113 duos
1431 3061 1548 3115 dies
1599 3062 1651 3115 in
1705 3063 1881 3118 disse-

245 3147 387 3200 rendo
418 3149 827 3219 insumpserit
881 3148 1168 3215 Justinus,
1203 3167 1436 3222 cumque
1475 3153 1653 3223 pridie
1693 3155 1880 3224 dispu-
1907 3169 1951 3227 (ι

245 3245 333 3288 tata
365 3239 658 3294 interdum
708 3251 966 3312 repetat
1009 3241 1064 3294 in
1100 3243 1332 3312 gratiam
1369 3259 1581 3312 eorum,
1628 3245 1719 3314 qui
1766 3260 1878 3301 non

245 3328 628 3396 interfuerant,
684 3344 755 3388 ut
797 3349 981 3388 num.
1021 3333 1115 3399 78,
1161 3337 1252 3403 84,
1288 3336 1378 3402 92,
1429 3338 1553 3403 “8,
1607 3353 1878 3408 nusquam

246 3432 403 3477 tamen
453 3427 684 3493 prioris
753 3426 1184 3494 disputationis
1246 3429 1688 3497 conclusionem,
1752 3447 1882 3487 nus-

245 3529 388 3579 quam
414 3518 653 3572 initium
696 3520 1076 3586 posterioris
1114 3519 1523 3590 deprehendas;
1553 3523 1698 3577 nulla
1730 3539 1883 3592 pror-

250 3622 332 3660 sus
351 3619 402 3661 et
436 3621 613 3665 nocte
653 3620 931 3681 cogente
965 3611 1394 3677 discedentium,
1419 3623 1474 3668 et
1502 3615 1764 3683 postridie
1793 3630 1881 3669 re-

250 3701 514 3757 deuntium
566 3705 898 3759 salutatio.
940 3701 1079 3769 Quae
1119 3704 1335 3772 quidem
1371 3705 1416 3760 si
1457 3707 1784 3762 exciderunt
1812 3724 1880 3762 ex

253 3794 440 3862 scripto
489 3793 744 3857 Justini,
805 3793 1025 3846 lacuna
1079 3796 1391 3850 necessario
1435 3797 1754 3851 collocanda
1797 3809 1882 3854 cst

257 3885 384 3938 intra
412 3904 464 3940 ιι.
494 3889 568 3943 ’ἳο
605 3897 667 3942 et
701 3887 807 3941 78.
852 3884 1001 3939 Nam
1035 3883 1304 3949 Justinus,
1350 3904 1404 3940 ιι.
1440 3889 1532 3948 78,
1565 3890 1742 3957 pridie
1765 3890 1878 3944 dis-

263 3990 431 4044 putata
461 3981 531 4035 de
561 3980 807 4035 Mithrae
846 3977 1141 4048 mysteriis
1183 3981 1382 4050 repetit
1430 3981 1486 4034 in
1519 3981 1748 4052 gratiam
1788 3997 1884 4037 eo-

269 4087 376 4124 rum
416 4075 508 4139 qui
560 4088 677 4128 non
747 4069 1082 4125 adfuerant.
1161 4071 1286 4127 Haec
1345 4083 1529 4128 autem
1589 4075 1880 4146 leguntur,

274 4177 323 4215 ιι.
355 4163 443 4218 ἲΟ.
501 4163 663 4218 Unde
724 4176 977 4217 necesse
1017 4173 1105 4216 ρει
1169 4167 1350 4220 medio
1405 4167 1549 4220 inter
1591 4177 1882 4234 utramque

280 4265 514 4332 paginam
545 4264 868 4321 intervallo
896 4264 1142 4318 hesterni
1183 4264 1436 4334 colloquii
1473 4263 1657 4330 linem,
1694 4271 1881 4333 postc-

285 4358 438 4414 rioris
492 4361 720 4414 initium
778 4358 1077 4413 collocari.
1129 4356 1302 4411 Loeus
1349 4373 1418 4410 ex
1462 4373 1518 4412 ιι.
1568 4356 1638 4411 82
1680 4356 1881 4410 citatus

286 4455 415 4519 apud
443 4454 503 4507 S.
535 4453 705 4508 Joan.
742 4451 1150 4508 Damascenum
1181 4449 1458 4512 Parallel.,
1491 4466 1544 4518 p.
1584 4449 1709 4516 75t,
1742 4450 1881 4504 dici-

1985 555 2234 611 .lustinus
2279 575 2345 614 ex
2395 558 2515 614 loco
2561 559 2734 622 Isaiae,
2780 574 2939 628 quem
3002 558 3216 616 Mithrae
3252 560 3568 614 sacerdotes

1985 641 2233 700 imitatos
2273 659 2394 700 esse
2433 646 2583 710 dicit,
2633 648 2982 702 occasionem
3033 651 3181 716 cepit
3234 649 3566 720 castiganda:

1983 730 2290 788 Judtcorum
2355 735 2409 789 in
2475 736 2774 807 Scripturis
2831 739 3254 809 interpretandis
3319 743 3567 810 superbae

1985 822 2319 891 imperitiae,
2391 836 2444 881 et
2513 830 2800 899 querendi,
2861 832 3005 900 quod
3073 833 3425 902 Septuaginta
3485 833 3567 886 inc

1987 917 2434 985 terpretationem
2485 919 2793 988 vituperare
2826 921 3084 988 audeant,
3126 933 3178 978 et
3225 938 3289 977 ex
3320 937 3384 977 ea
3429 940 3568 978 non-

1986 1008 2132 1062 nulla
2177 1009 2484 1065 testimonia
2527 1013 2878 1078 sustulerint;
2925 1021 3035 1068 tum
3076 1029 3206 1069 vero
3231 1015 3298 1069 ad
3332 1017 3571 1082 promis-

1985 1115 2102 1155 sam
2156 1103 2303 1156 venit
2362 1102 2780 1173 explicationem
2839 1105 2994 1161 Isaizc
3042 1107 3372 1172 verborum,
3439 1107 3570 1162 Ecce

1990 1193 2134 1261 virgo
2173 1194 2430 1263 concipiet
2489 1195 2721 1265 “,quae
2768 1195 2967 1252 fatetur
3020 1211 3050 1250 a
3109 1195 3310 1253 Judaeis
3356 1197 3566 1252 sublata

1989 1300 2094 1346 non
2125 1284 2317 1350 fuisse,
2342 1287 2436 1340 sed
2467 1296 2648 1342 tamen
2679 1288 2754 1342 ita
2784 1289 2962 1353 reddi,
3002 1289 3138 1354 Ecce
3180 1289 3572 1345 adolescentula

1987 1378 2043 1430 in
2071 1388 2220 1434 utero
2251 1378 2478 1434 habebit.
2508 1379 2827 1450 lnterpellat
2875 1382 3122 1453 Trypho,
3164 1397 3229 1438 ac
3269 1383 3411 1440 seire
3435 1392 3573 1442 avet

1988 1483 2238 1538 quanam
2278 1472 2590 1527 testimonia
2655 1489 2720 1528 ex
2770 1474 3076 1544 Scripturis
3125 1459 3296 1538 Judaei
3341 1473 3572 1539 sustule-

1991 1560 2123 1614 rint.
2151 1559 2354 1616 Morem
2396 1563 2535 1634 gerit
2564 1562 2834 1629 Justinus,
2865 1576 2918 1620 et
2951 1582 3074 1622 cum
3124 1582 3188 1621 ex
3241 1567 3327 1621 his
3367 1566 3571 1631 verbis,

1989 1653 2250 1715 Dominus
2300 1658 2536 1727 regnavit
2587 1676 2620 1713 a
2673 1659 2819 1731 ligno
2861 1661 3171 1730 ",Judteos
3198 1661 3328 1720 illud
3359 1680 3390 1716 ιι
3427 1661 3572 1732 ligno

1990 1748 2280 1806 abstulisse
2321 1751 2570 1817 dixisset,
2631 1754 3002 1826 Tryphonem,
3051 1756 3146 1826 qui
3202 1765 3372 1811 totum
3429 1757 3574 1810 hunc

1987 1841 2255 1911 psalmum
2287 1860 2404 1903 non
2423 1845 2490 1900 de
2526 1846 2748 1902 Christo
2777 1847 3046 1917 passibili,
3077 1849 3170 1903 sed
3205 1850 3270 1903 de
3313 1849 3422 1904 Deo
3451 1864 3575 1903 om-

1989 1932 2139 1986 nium
2171 1944 2421 1989 creatore
2461 1935 2666 1992 dictum
2701 1953 2820 1992 esse
2857 1937 3229 1991 contendebat
3256 1977 3272 2001 ,
3323 1935 3575 1992 refellere

1987 2025 2321 2094 aggreditur,
2367 2037 2421 2081 et
2473 2028 2813 2097 majestatem
2860 2030 3012 2100 regni
3068 2030 3123 2085 in
3179 2029 3397 2085 Christo
3448 2044 3579 2084 cum

1987 2118 2256 2186 passionis
2298 2120 2600 2190 ignominia
2631 2120 2977 2190 coniunctam
3019 2136 3140 2194 esse
3172 2121 3366 2192 probat
3403 2119 3575 2192 pluri-

1988 2213 2091 2266 bus
2152 2213 2457 2284 Scripturte,
2502 2215 2853 2271 testimoniis.
2908 2215 3134 2271 Fatetur
3182 2215 3402 2287 Trypho
3456 2216 3574 2270 hate

1987 2307 2170 2376 magni
2202 2322 2327 2363 esse
2362 2308 2428 2362 ad
2469 2309 2911 2378 persuadendum
2944 2310 3228 2376 momenti,
3262 2311 3356 2365 sed
3389 2326 3420 2363 a
3479 2308 3576 2364 Ju-

1987 2397 2133 2452 stino
2160 2398 2398 2468 reposcit
2422 2399 2582 2454 toties
2606 2399 2930 2468 promissam
2956 2400 3111 2455 lsaia:
3141 2401 3430 2455 verborum
3468 2415 3572 2456 ex-

1986 2493 2354 2562 plicationem,
2403 2510 2566 2564 quam
2606 2497 2828 2566 quidem
2878 2498 3005 2552 dum
3052 2499 3371 2570 exsequitur
3402 2497 3573 2556 Justi-

1989 2603 2115 2652 nus,
2156 2588 2281 2643 data
2307 2585 2600 2646 occasione
2641 2593 2836 2661 repetit
2867 2609 2990 2664 qua:
3029 2595 3206 2664 pridie
3246 2593 3461 2656 dixerat
3507 2594 3576 2650 de

1988 2680 2201 2737 Mithrae
2228 2683 2527 2753 mysteriis.

2055 2772 2120 2824 2°
2156 2771 2234 2826 Ex
2291 2773 2580 2843 his'patet
2632 2791 2853 2846 operam
2903 2777 3354 2848 perdidisse-qui,
3387 2792 3442 2833 n.
3481 2777 3572 2843 7i,

1987 2862 2054 2917 ad
2101 2863 2218 2918 bzec
2281 2863 2443 2919 verba
2501 2865 2578 2930 ὡς
2641 2867 2737 2927 καὶ
2775 2868 2865 2922 διὰ
2897 2869 2995 2940 τῆς
3023 2869 3130 2944 γῆς
3173 2870 3334 2924 linem
3385 2869 3575 2939 prima:

1985 2954 2092 3008 diei
2122 2962 2178 3007 et
2205 2954 2421 3010 initium
2449 2959 2732 3026 sequentis
2755 2959 3113 3026 collocantes,
3165 2960 3448 3031 opinatum
3477 2976 3574 3015 va-

1985 3060 2144 3102 cuum
2179 3057 2273 3101 aut
2312 3049 2639 3118 excogitatis
2663 3051 3103 3118 sentcntiis,_aut
3147 3068 3220 3108 ex
3267 3052 3326 3108 S.
3363 3052 3574 3109 Joanne

1985 3141 2321 3199 Damasceuo
2377 3143 2626 3211 repetitis
2686 3143 2906 3212 explere
2943 3145 3128 3199 conati
3185 3154 3332 3200 sunt.
3392 3132 3574 3202 Verba

1984 3231 2175 3287 desunt
2231 3234 2558 3302 paucissima
2608 3248 2673 3288 ac
2715 3236 3011 3304 disputatio
3075 3236 3129 3289 in
3180 3236 3372 3292 eodem
3433 3252 3572 3291 sem-

1983 3341 2080 3398 per
2141 3336 2462 3398 argumento
2522 3337 2796 3393 versatur,
2846 3336 2909 3381 ut
2956 3327 3010 3380 in
3054 3328 3198 3384 notis
3220 3328 3569 3384 observatum

1985 3430 2092 3476 est.

2055 3514 2118 3566 ὅθ
2143 3511 2236 3567 Sic
2278 3520 2448 3568 totum
2478 3509 2762 3579 Dialogum
2807 3511 3042 3579 pertexit
3070 3510 3344 3574 Justinus,
3383 3520 3443 3567 ut
3486 3513 3570 3566 in-

1985 3605 2349 3663 termissionis
2397 3609 2560 3674 illius,
2614 3624 2778 3679 quam
2808 3623 2912 3662 nox
2944 3606 3147 3669 attulit,
3187 3603 3388 3658 nullam
3419 3619 3574 3674 pror-

1983 3715 2076 3756 sus
2106 3701 2369 3755 rationem
2399 3701 2614 3769 habeat,
2645 3702 2740 3756 sed
2761 3701 2943 3756 omnia
2985 3701 3176 3754 eadem
3236 3697 3380 3753 serie
3422 3712 3572 3752 com-

1985 3789 2316 3858 prehendat;
2361 3792 2476 3846 sive
2501 3792 2550 3845 id
2591 3791 2930 3846 commodius
2983 3790 3033 3845 ei
3083 3791 3258 3844 visum
3309 3797 3416 3856 est,
3470 3804 3572 3844 nec

1984 3887 2242 3941 lectorem
2273 3888 2349 3942 rei
2379 3902 2484 3940 non
2519 3886 2844 3942 necessaria:
2876 3884 3189 3938 narratione
3218 3881 3572 3952 interpellare

1983 3977 2172 4040 voluit,
2201 3977 2322 4032 sive
2353 3993 2456 4031 non
2488 3978 2672 4032 omnia
2701 3978 2891 4032 eodem
2916 3975 3133 4040 ordine,
3182 3992 3292 4047 quo
3354 3976 3570 4031 fuerant

1983 4067 2278 4138 disputata,
2332 4071 2537 4136 retulit,
2563 4070 2674 4133 sed,
2709 4079 2769 4122 ut
2805 4070 3127 4125 memoriam
3167 4068 3447 4134 subibant,
3485 4070 3572 4123 vcl

1985 4171 2045 4214 ut
2077 4162 2143 4214 ad
2168 4173 2316 4215 certa
2341 4163 2588 4231 quietiam
2620 4177 2819 4232 genera
2865 4160 3109 4217 revocari
3147 4169 3415 4230 poterant.
3465 4158 3573 4215 Res

1985 4263 2112 4313 ante
2142 4253 2329 4310 oculos
2346 4254 2502 4309 facile
2530 4255 2770 4324 ponitur.
2799 4253 2973 4323 [tegat
3003 4251 3278 4307 Justinqu
3329 4249 3572 4325 Trypho,

1985 4362 2134 4403 num.
2161 4346 2248 4414 56,
2281 4363 2332 4417 p.
2370 4347 2494 4408 155,
2527 4356 2602 4410 ιιι,
2664 4361 2786 4400 cum
2831 4347 2973 4401 diem
3021 4347 3318 4415 procedere
3369 4347 3568 4409 videat,

1985 4441 2148 4493 citius
2173 4441 2420 4494 absolvat
2472 4440 2617 4510 quod
2649 4439 2985 4509 probandum
3033 4450 3372 4510 susceperat,
3415 4455 3568 4494 nem-

288 4555 372 4597 tur
405 4547 754 4615 desumptus,
807 4547 875 4598 ὲκ
906 4545 1003 4598 τοῦ
1053 4546 1189 4615 πρὸς
1218 4545 1488 4616 Τρύφωνα
1524 4546 1568 4615 β’
1609 4543 1788 4613 λόγου,
1820 4561 1880 4598 ex

1990 4549 2056 4601 pe
2086 4541 2282 4601 printer
2310 4532 2475 4586 Deum
2502 4531 2744 4597 Patrem,
2769 4531 2936 4584 alium
2963 4547 3082 4588 esse
3112 4531 3201 4601 qui
3254 4532 3374 4598 ejus
3404 4531 3573 4593 Filius

285 4639 508 4687 secundo
543 4635 778 4704 Dialogo
817 4650 939 4687 cum
976 4633 1274 4703 Tryphone,
1317 4637 1368 4688 id
1391 4645 1495 4698 est,
1531 4643 1591 4688 ut
1628 4635 1878 4689 eruditus

289 4730 460 4784 editor
485 4731 776 4796 observat,
811 4745 878 4783 ex
905 4732 1147 4784 secunda
1172 4739 1328 4797 parte
1357 4728 1594 4798 Dialogi.

356 4824 460 4879 Sed
490 4835 681 4877 tamen
736 4824 786 4878 si
834 4823 1085 4877 ordinem
1123 4833 1178 4876 et
1210 4823 1407 4877 seriem
1439 4824 1877 4889 consideremus,

292 4933 444 4986 quam
481 4919 738 4974 Justinus
771 4919 826 4972 in
851 4917 1106 4971 omnibus
1135 4917 1470 4986 argumentis
1504 4917 1884 4986 dispensandis

293 5012 565 5079 sequitur,
612 5012 839 5064 amissaa
873 5009 1092 5078 Dialogi
1126 5011 1298 5077 partis
1341 5010 1613 5065 desiderio
1657 5011 1878 5065 modum

292 5118 569 5170 ponemus,
599 5117 668 5157 ac
699 5103 937 5167 iniectus
966 5117 1035 5156 ex
1075 5101 1295 5169 Opinata
1328 5101 1521 5155 lacuna
1555 5102 1710 5157 dolor
1746 5118 1878 5157 eva-

293 5207 491 5250 ιιεεοει.

415 5210 491 5250 et.

311 5210 414 5338 te:
445 5285 636 5340 Totius
675 5285 899 5354 Dialogi
924 5285 1121 5348 series,
1149 5285 1272 5337 dum
1305 5282 1427 5339 alite
1461 5299 1529 5338 ex
1569 5283 1692 5339 aliis
1732 5298 1881 5352 qna:-

295 5376 485 5432 stiones
514 5388 846 5442 nascuntur,
877 5376 1119 5431 mirifice
1142 5376 1609 5448 cohzcret,neque
1641 5393 1670 5431 a
1703 5395 1756 5430 ιι.
1786 5380 1881 5444 70,

297 5469 372 5521 ubi
412 5473 472 5524 dc
500 5470 719 5524 Mitbrze
756 5467 1049 5538 mysteriis
1086 5466 1285 5534 agitur,
1334 5468 1400 5521 ad
1441 5483 1496 5522 ιι.
1537 5466 1627 5532 78,
1660 5468 1746 5521 ubi
1784 5469 1881 5521 he-

292 5573 460 5620 sterna.
484 5566 705 5621 Mithrae
731 5561 1142 5634 mysteriorum
1169 5562 1619 5614 commemoratio
1657 5571 1878 5630 pr0pter

287 5672 494 5729 eos,qui
524 5661 709 5730 pridie
755 5673 877 5713 non
925 5653 1244 5722 adfuerant,
1296 5656 1583 5726 repetitur,
1632 5656 1880 5724 disputa-

315 5838 375 5884 ."
405 5843 509 5898 lsa.
545 5856 639 5908 ιιι,
685 5835 785 5892 Η.

1987 4636 2040 4680 et
2092 4628 2232 4681 Deus
2273 4629 2532 4683 dicendus
2593 4628 2682 4683 sit.
2745 4625 2999 4684 Pluribus
3022 4643 3084 4685 ea
3119 4627 3185 4682 de
3246 4640 3304 4679 rc
3351 4625 3576 4683 disserit

1986 4718 2271 4775 Justinus:
2303 4720 2405 4775 sibi
2439 4720 2585 4774 illum
2621 4723 2753 4776 satis
2805 4722 2999 4776 fecisse
3051 4727 3286 4775 testatur
3332 4716 3571 4792 Trypho,
3609 4717 3626 4782 ί

1991 4829 2045 4866 n.
2079 4813 2166 4879 65,
2196 4829 2258 4867 ac
2285 4814 2676 4884 amplissimam
2729 4813 3031 4874 disserendi
3089 4820 3330 4883 segetem
3360 4807 3574 4862 Justinn
3611 4792 3628 4815 ”

1986 4907 2261 4976 proponit,
2297 4907 2349 4960 in
2377 4921 2540 4975 quam
2584 4907 2697 4962 fere
2728 4907 3032 4960 insnmetur
3063 4902 3324 4972 quidquid
3365 4899 3574 4969 Dialogi
3604 4898 3634 4938 ’θ

1991 4999 2262 5068 reliquum
2290 5007 2394 5066 est,
2428 5014 2620 5068 nempe
2649 4999 2715 5052 de
2743 4999 2902 5073 hujps
2927 4997 3073 5062 Filii,
3118 5011 3278 5066 quem
3328 4991 3574 5049 Justinus

1992 5090 2160 5144 Deum
2206 5105 2327 5145 esse
2382 5092 2877 5158 demonstraverat,
2929 5090 3330 5155 incarnatione,
3387 5103 3572 5153 cruce,

1990 5182 2397 5236 resurrectione
2421 5190 2476 5233 et
2511 5183 2850 5236 ascensione.
2896 5184 3044 5238 Onus
3083 5179 3313 5234 libenter
3347 5179 3576 5240 suscipit

1989 5272 2256 5332 Justinus.
2291 5275 2574 5341 Quomodo
2601 5289 2731 5345 ergo
2763 5284 3052 5342 utrmnque
3076 5272 3222 5342 cepit
3243 5271 3442 5328 oblivio
3468 5273 3572 5326 dici

1988 5367 2376 5436 procedentis?
2403 5366 2528 5422 llaec
2556 5368 2702 5422 enim
2753 5383 2782 5420 a
2806 5365 3097 5436 Tryphone
3140 5365 3411 5436 postulata
3442 5373 3497 5419 et
3545 5381 3574 5418 a

1988 5461 2206 5517 Justino
2246 5462 2514 5530 promissa
2551 5467 2678 5514 ante
2714 5478 2769 5515 ιι.
2803 5460 2892 5526 70,
2923 5459 2974 5513 id
3000 5467 3085 5512 est
3133 5467 3422 5527 antequam
3455 5457 3577 5510 linis

1991 5556 2183 5624 prima:
2217 5555 2323 5610 diei
2362 5556 2642 5610 observari
2692 5553 2884 5624 possit.
2929 5549 3236 5618 Quinetiam
3289 5558 3574 5620 postquam

1989 5652 2242 5707 Justinus
2263 5651 2497 5722 probare
2556 5650 2722 5720 cmpit
2787 5647 3065 5703 Christum
3113 5659 3180 5700 ex
3236 5641 3454 5713 Virgine
3484 5644 3577 5696 de.

879 5831 934 5862 ⁵³
979 5827 1180 5897 llymn.
1211 5826 1418 5886 Eccl‘es.
1448 5831 1497 5884 in
1531 5830 1740 5885 Domin.
1774 5827 1970 5898 Palm.,
2011 5842 2076 5880 ca
2118 5824 2258 5880 [’sal.
