3932 6258
409 322 501 376 151

1306 314 1361 372 S.
1392 312 1731 372 JUSTINUS
1764 304 2243 366 PHILOSOPHUS
2277 303 2364 359 ET
2399 301 2711 360 MARTYR.

3623 296 3746 365 152

402 445 589 499 buisse
627 441 800 509 nasci,
833 450 995 510 atque
1020 438 1149 495 huic
1179 439 1552 509 disputationi,
1586 438 1783 508 partim
1819 437 1984 491 inter-
2010 439 2057 494 A
2087 429 2221 484 urbe
2246 432 2619 481 commoratus
2665 421 2757 487 sit,
2810 433 2934 475 cum
2964 418 3304 510 gravissima
3359 413 3744 487 Ρθτεθουιῖυ

401 537 638 606 pellante
688 534 1005 605 Tryphone,
1043 532 1240 604 partim
1287 546 1383 587 sua
1430 540 1622 600 sponte
1672 528 1839 583 multa
1886 526 1971 582 in-

399 629 592 693 texuit,
631 628 698 683 ad
752 643 896 695 eam,
957 636 1015 681 ut
1081 627 1137 682 in
1195 639 1301 683 uno
1362 632 1417 678 et
1464 622 1652 678 eodem
1702 620 1975 690 colloquio

396 722 744 787 promissam,
796 734 860 776 ac
907 729 1067 775 nocte
1112 718 1335 772 minime
1376 716 1758 786 interruptam,
1809 715 1884 768 ita
1941 726 1972 764 a

396 811 687 883 Tryphone
720 820 1025 868 revocatur.
1058 810 1151 866 Sic
1171 811 1315 865 enim
1368 808 1607 880 Trypho,
1654 823 1803 861 num.
1854 804 1922 858 77
1955 821 1969 858 :

400 924 419 956 ι
452 905 712 975 Equidem
738 903 831 959 tibi
860 903 1134 959 assentior
1188 902 1323 958 satis
1361 901 1542 964 inesse
1578 908 1659 954 tot
1705 914 1769 954 ac
1808 897 1976 959 tantis

391 996 696 1052 rationibus
737 997 803 1052 ad
853 995 1292 1067 persuadendum
1334 993 1640 1055 momenti:
1688 992 1783 1047 sed
1832 990 1974 1045 scias

389 1082 555 1137 velim
597 1097 685 1138 me
722 1098 751 1137 a
800 1093 854 1139 te
905 1082 1239 1153 Scripturam
1298 1082 1468 1147 illam,
1510 1097 1671 1152 quam
1705 1095 1850 1149 stupe
1882 1079 1977 1134 de-

389 1185 819 1233 monstraturum
847 1178 1119 1248 pollicitus
1142 1192 1220 1244 es,
1249 1192 1554 1247 reposcere.
1580 1198 1599 1231 ι
1634 1177 1975 1247 Argumenta

387 1278 471 1323 est
502 1271 615 1326 haec
645 1271 947 1327 disserendi
977 1272 1119 1327 ratio
1147 1272 1389 1337 noluisse
1413 1270 1685 1325 Iustinum
1718 1278 1975 1335 accurate

388 1359 721 1431 distinguere
751 1361 880 1431 quid
911 1362 1110 1431 primo,
1144 1362 1270 1430 quid
1338 1362 1576 1416 secundo
1606 1361 1693 1422 die
1723 1361 1974 1431 disputa-

389 1460 501 1505 tum
530 1454 622 1520 sit,
655 1452 751 1508 sed
775 1455 960 1523 omnia
988 1470 1093 1510 una
1128 1466 1183 1511 et
1214 1456 1403 1511 eadem
1437 1453 1579 1509 serie
1608 1454 1971 1524 comprehen-

387 1545 550 1602 disse.

454 1637 520 1690 40
552 1636 818 1695 Nonnulla
840 1650 1139 1701 occurrunt
1165 1640 1217 1704 in
1247 1640 1551 1710 posteriore
1599 1637 1813 1707 Dialogi
1843 1652 1972 1708 par-

384 1737 458 1793 te,
496 1743 617 1797 qua:
652 1729 856 1783 frustra
884 1732 936 1784 in
970 1730 1153 1799 priore
1185 1740 1518 1801 quaerantur,
1577 1731 1831 1800 quamvis
1861 1728 1973 1796 pri-

382 1821 473 1875 die
498 1822 645 1877 dicta
675 1821 897 1878 fuerint.
926 1823 1017 1878 Ait
1042 1823 1310 1893 lustinus,
1336 1840 1386 1878 η.
1409 1823 1497 1885 85,
1530 1838 1589 1878 se
1618 1832 1780 1879 antea
1809 1836 1965 1876 usum

2080 520 2183 575 sub
2214 517 2284 571 M.
2314 515 2534 574 Aurelio
2562 521 2931 585 grassaretur.
2961 509 3076 569 Non
3109 507 3352 576 jusserat
3412 515 3741 576 praestan-

2022 618 2025 621 ‘
2084 610 2325 665 tissimus
2354 607 2605 678 princeps
2627 605 2814 660 vexari
2841 603 3213 667 Christianos;
3246 601 3371 665 sed,
3403 610 3477 653 ut
3506 598 3736 652 obser—

2080 710 2175 756 vat
2200 702 2581 771 Athenagoras
2609 698 2676 763 ει,
2705 698 2830 752 dum
2870 693 3124 763 iniuriam
3170 694 3237 747 ab
3268 693 3348 747 eis
3396 706 3532 745 non
3588 706 3739 759 pro-

2079 794 2281 864 pulsat,
2321 795 2447 849 dum
2487 792 2689 847 nullam
2725 799 2934 861 partem
2969 789 3021 843 in
3044 804 3138 843 eos
3167 787 3385 843 derivat
3445 795 3734 851 paternae

2078 886 2225 942 illius
2253 884 2664 949 sollicitudinis,
2695 898 2801 954 qua
2830 881 3119 939 universos
3175 881 3400 949 imperii
3455 877 3730 933 Romani

2077 979 2225 1036 cives
2258 980 2532 1044 tuebatur,
2562 976 2815 1032 omnibus
2860 975 3211 1031 inimicorum
3248 972 3493 1041 injuriis
3532 984 3732 1039 expo-

2078 1073 2169 1131 siti
2208 1074 2379 1141 l‘uere,
2408 1088 2508 1128 nec
2536 1073 2702 1127 ullum
2755 1073 2825 1127 ab
2875 1071 2985 1127 illis
3032 1070 3207 1126 abluit
3256 1070 3630 1125 damnorum
3664 1075 3727 1132 et

2077 1165 2463 1234 suppliciorum
2500 1180 2691 1236 genus.
2744 1163 2871 1221 Haec
2921 1163 3118 1233 agendi
3170 1164 3311 1217 ratio
3361 1162 3430 1217 in
3484 1161 3726 1231 optimo

2076 1254 2403 1324 imperatore
2436 1271 2704 1310 summum
2731 1256 2918 1316 odium
2943 1255 3187 1311 declarat
3219 1252 3594 1310 Christiana:
3625 1268 3720 1308 re-

2074 1347 2330 1417 ligionis;
2399 1362 2678 1416 nunquam
2734 1348 2878 1403 enim
2935 1363 3096 1402 suum
3143 1348 3250 1403 illis
3300 1346 3717 1416 patrocinium

2077 1437 2384 1503 clausisset,
2416 1437 2460 1491 si
2485 1436 2614 1504 quid
2642 1437 2707 1492 de
2740 1436 2846 1491 illis
2873 1436 3011 1505 aequi
3053 1437 3334 1492 sensisset.
3387 1433 3517 1491 Sed
3576 1434 3716 1505 plus

2077 1530 2218 1600 apud
2248 1544 2369 1584 eum
2400 1536 2457 1584 et
2487 1529 2696 1583 nefaria
2723 1528 3171 1598 philosophorum
3197 1528 3466 1586 consilia,
3490 1537 3555 1580 et
3590 1526 3714 1582 Ro—

2075 1635 2360 1676 manarum
2388 1619 2838 1683 caeremoniarum
2868 1635 3043 1689 amor,
3078 1635 3240 1690 quam
3291 1622 3380 1676 avi
3418 1629 3487 1674 et
3515 1619 3711 1689 patris

2076 1712 2344 1781 exempla,
2405 1722 2461 1767 et
2512 1712 2676 1768 insita
2716 1713 2972 1774 omnibus
3011 1713 3234 1782 jusﬁtiae
3285 1721 3341 1768 et
3392 1712 3711 1783 aequitatis

2074 1808 2345 1865 elementa
2376 1803 2682 1859 valuerunt.
2731 1804 2865 1859 Cum
2905 1820 3036 1875 ergo
3060 1805 3210 1861 omni
3258 1821 3363 1875 ope
3425 1803 3704 1867 destituti

381 1927 506 1968 esse
527 1913 610 1968 his
637 1912 835 1970 Psalmi
870 1917 1051 1972 verbis
1072 1916 1339 1972 :Laudate
1354 1915 1636 1970 Dominum
1653 1920 1717 1969 de
1741 1917 1881 1969 caelis
1898 1916 1960 1981 ⁵³,

2076 1907 2259 1951 essent
2280 1896 2602 1961 Christiani,
2635 1900 2973 1968 gravissima:
3004 1901 3056 1955 in
3087 1915 3184 1955 eos
3210 1899 3470 1969 undique
3520 1912 3705 1953 exor-

377 2015 453 2068 et,
497 2021 553 2062 n.
584 2005 707 2074 105,
741 2021 799 2063 se
830 2012 1237 2064 demonstrasse
1299 2009 1515 2073 animas
1564 2018 1689 2077 post
1738 2016 1967 2061 mortem

382 2112 625 2156 manere.
659 2098 807 2157 Alea
840 2099 970 2153 alibi
1019 2114 1126 2153 non
1171 2098 1443 2169 leguntur.
1491 2098 1604 2153 Sub
1639 2100 1797 2153 linem
1830 2095 1965 2160 Dia—

377 2186 482 2257 logt'
511 2195 745 2245 testatur
769 2189 990 2260 Trypho
1020 2189 1294 2263 lustinum
1326 2191 1528 2257 dixisse
1585 2205 1643 2245 se
1689 2191 1840 2245 brevi
1876 2205 1968 2245 so-

375 2278 639 2334 luturum.
686 2279 812 2335 Haec
859 2292 1040 2337 autem
1108 2281 1376 2354 suspicari
1430 2298 1536 2337 non
1584 2280 1844 2337 debemus
1896 2297 1964 2337 ex

374 2371 513 2429 locis
570 2375 713 2430 inter
759 2391 910 2430 num.
975 2375 1045 2430 70
1096 2384 1152 2430 et
1198 2376 1266 2433 78
1318 2375 1617 2444 interiectis
1669 2376 1959 2433 excidisse.

374 2464 522 2520 Nihil
549 2465 693 2537 enim
723 2465 813 2534 hic
843 2466 1000 2522 vacui
1028 2475 1082 2521 et
1105 2466 1268 2521 hiulci
1295 2480 1417 2521 esse
1443 2467 1959 2525 demonstravimus.

377 2558 485 2617 Sed
513 2558 736 2636 minime
784 2560 981 2615 mirum
1031 2559 1078 2614 si
1138 2558 1397 2615 nonnulla
1428 2556 1681 2635 Justinus
1705 2558 1814 2613 alio
1842 2558 1961 2614 loco

374 2661 791 2723 commemorat,
819 2668 940 2721 quae
999 2665 1099 2707 suo
1155 2665 1263 2731 non
1291 2659 1649 2723 occurrerant
1685 2652 1961 2707 memoria:

372 2746 688 2817 scribentis.
721 2743 814 2805 Sic
841 2746 1008 2801 etiam
1057 2744 1201 2817 quod
1256 2746 1333 2800 ait
1383 2743 1651 2821 JuStinus,
1699 2760 1753 2799 n.
1784 2745 1873 2812 80,
1899 2760 1959 2801 se

373 2849 537 2894 antea
562 2838 869 2894 confessum
902 2852 1025 2894 esse
1086 2837 1288 2915 multos
1344 2836 1448 2892 sibi
1498 2851 1700 2907 eosque
1748 2853 1815 2891 ex
1863 2837 1957 2891 illo

372 2929 796 2986 Christianorum
822 2947 1028 3001 genere,
1059 2931 1198 3001 quod
1238 2931 1383 3001 piant
1411 2940 1460 2986 et
1489 2946 1680 3001 puram
1719 2931 1957 3001 sequitur

370 3022 706 3089 sententiam,
734 3037 839 3078 non
872 3023 1123 3099 assentiri
1169 3024 1236 3078 de
1292 3022 1642 3083 restitutione
1679 3020 1954 3093 Jerosoly-

372 3129 607 3190 morum,
632 3115 685 3170 id
715 3130 838 3191 cum
896 3129 1163 3185 nusquam
1220 3124 1379 3174 antea
1421 3122 1696 3176 occurrat.
1752 3128 1953 3183 nequa-

368 3222 533 3275 quam
583 3208 641 3261 in
690 3207 945 3263 librarios
972 3207 1132 3277 culpa
1159 3207 1479 3281 rejicienda,
1527 3207 1621 3267 sed
1676 3205 1949 3260 laudanda
1982 3242 2024 3300 α

365 3302 548 3368 potius
597 3308 681 3355 est
729 3301 1019 3369 scriptoris
1061 3300 1363 3373 diligentia,
1412 3302 1505 3371 qui
1539 3313 1625 3356 res
1670 3299 1722 3371 in
1776 3300 1953 3369 prima

366 3402 521 3464 parte
549 3393 637 3451 vel
669 3395 736 3450 de
762 3395 1028 3451 industria
1050 3395 1305 3459 omissas,
1323 3396 1410 3450 vel
1436 3380 1714 3449 memoria
1738 3392 1956 3461 elapsas

366 3498 490 3559 apte
517 3487 572 3543 in
599 3488 834 3544 secunda
859 3500 1269 3545 commemorat.

437 3584 583 3638 idem
616 3582 810 3638 fecisse
830 3581 1077 3638 Justinus
1098 3583 1153 3638 in
1192 3597 1325 3639 vero
1370 3581 1594 3651 Dialoga
1624 3580 1861 3643 videtur,
1892 3595 1955 3634 ac

367 3677 419 3731 in
449 3676 588 3731 lictis
617 3673 789 3741 Plato,
840 3660 931 3745 qui
982 3675 1264 3743 Socratem
1316 3676 1503 3730 decem
1563 3675 1630 3728 de
1675 3673 1953 3742 republica

365 3771 534 3827 libros
563 3785 671 3825 una
701 3770 842 3825 serie
870 3769 1245 3824 devolventem
1274 3768 1508 3833 inducit,
1532 3767 1681 3821 nulla
1724 3780 1954 3835 prorsus

364 3863 857 3939 intermissionum,
891 3878 1029 3933 quas
1060 3861 1356 3927 identidem
1388 3860 1504 3914 ﬁeri
1536 3876 1638 3929 par
1666 3870 1809 3924 erat,
1847 3859 1951 3913 ha-

364 3957 479 4011 bita
502 3940 751 4011 ratione.
786 3954 918 4011 Utar
942 3955 1051 4009 alio
1072 3954 1323 4023 exemplo
1356 3953 1502 4023 quod
1535 3954 1710 4023 magis
1735 3951 1953 4022 apposi-

366 4060 478 4101 tum
510 4048 748 4104 videtur.
779 4047 1032 4118 Dialogus
1086 4048 1153 4103 de
1188 4046 1308 4103 Vita
1342 4045 1402 4105 S.
1430 4044 1658 4103 Joannis
1713 4045 1952 4115 Chryso-

363 4138 525 4195 stumi
552 4140 695 4193 inter
718 4136 1015 4193 Palladium
1039 4137 1353 4207 episc0pum
1380 4147 1433 4191 et
1465 4136 1809 4190 Theodorum
1834 4135 1953 4188 dia-

366 4244 564 4284 conum
594 4229 833 4294 habitus,
865 4242 1039 4299 usque
1068 4230 1135 4283 ad
1166 4228 1309 4282 diem
1353 4237 1609 4297 quartum
1653 4228 1951 4296 productus

363 4322 487 4391 fuit,
530 4333 591 4377 ut
621 4330 772 4391 patet
802 4336 868 4374 ex
910 4335 959 4389 p.
1008 4320 1136 4385 162,
1185 4323 1276 4376 ubi
1322 4319 1599 4391 Palladius
1658 4317 1950 4375 nonnullos

366 4422 778 4481 commemorat,
825 4414 891 4468 de
946 4414 1146 4482 quibus
1203 4427 1263 4467 se
1318 4411 1718 4467 nudiustertius
1773 4410 1949 4478 egisse

366 4519 600 4565 testatur
622 4547 638 4573 ,
668 4504 811 4563 οὗτοί
838 4508 942 4585 sict
972 4507 1101 4580 περὶ
1127 4499 1202 4560 ὧν
1225 4506 1413 4577 τρίτην
1442 4506 1654 4577 ἡμέραν
1685 4502 1949 4576 διηγησά-

2074 1997 2141 2045 tte
2178 1998 2549 2059 tempestates.
2580 1989 2837 2047 Testatur
2864 1990 3112 2047 Justinus
3140 1993 3185 2024 ⁸⁸
3221 1993 3438 2061 ubique
3504 2000 3706 2046 terras

2072 2096 2191 2135 rum
2226 2083 2270 2136 si
2300 2082 2423 2151 quis
2448 2099 2517 2137 ex
2547 2083 2843 2152 gentilibus
2874 2099 2904 2139 a
2933 2085 3251 2141 Christiano
3276 2097 3443 2153 patre
3476 2091 3586 2138 aut
3618 2082 3702 2137 vi-

2070 2173 2217 2235 cino.
2242 2184 2335 2226 aut
2364 2172 2473 2227 lilio
2504 2183 2601 2228 aut
2622 2175 2803 2239 amico
2824 2188 2917 2232 aut
2950 2176 3125 2243 fratre
3168 2186 3266 2230 aut
3318 2176 3567 2240 marito,
3595 2187 3698 2229 aut

2070 2278 2241 2325 uxore
2275 2266 2346 2325 ob
2373 2266 2636 2330 delictum,
2668 2269 3124 2336 reprehendatur,
3151 2269 3334 2323 statim
3363 2283 3509 2323 eum
3551 2282 3695 2337 ope-

2068 2368 2184 2408 ram
2212 2356 2365 2424 dare,
2400 2366 2459 2411 ut
2501 2372 2789 2437 censorem
2838 2374 2995 2413 suum
3050 2357 3102 2410 in
3140 2357 3418 2426 judicium
3477 2358 3693 2426 capitis

2065 2457 2330 2502 arcessat.
2365 2447 2421 2504 Si
2453 2452 2577 2519 quis
2605 2462 2786 2507 autem
2818 2453 3083 2507 fateretur
3111 2466 3170 2513 se
3204 2464 3326 2507 esse
3386 2448 3685 2504 Christia-

2065 2553 2215 2603 num,
2251 2540 2387 2595 satis
2409 2542 2821 2617 causaajudicqs
2847 2545 3147 2612 habebant,
3179 2558 3280 2600 cur
3312 2556 3449 2595 eum
3482 2541 3687 2594 statim

2062 2638 2236 2696 morte
2262 2631 2609 2709 damnarent.

2133 2720 2196 2775 ll.
2229 2721 2442 2779 Nemini
2475 2741 2611 2783 sane
2638 2727 3013 2799 tristissimum
3044 2737 3261 2799 tempus
3288 2729 3418 2799 plus
3454 2728 3682 2785 doloris

2061 2813 2256 2871 afferre
2282 2816 2490 2889 debuit,
2519 2834 2684 2890 quam
2747 2822 2808 2878 S.
2872 2822 3095 2893 martyri
3128 2820 3365 2891 Iustino,
3423 2833 3547 2877 tum
3603 2819 3678 2875 ob

2059 2908 2321 2975 eximium
2350 2908 2611 2974 Ecclesiae
2632 2928 2897 2978 amorem,
2946 2929 3057 2983 quo
3108 2923 3255 2970 totus
3295 2914 3531 2970 videtur
3582 2928 3680 2966 ar-

2057 3001 2214 3066 sisse,
2246 3010 2355 3054 tum
2378 3002 2503 3069 quia
2537 3019 2659 3058 cum
2704 3020 2894 3075 pacem
2946 3006 3205 3065 Ecclesim
3254 3006 3323 3061 ab
3378 3003 3675 3060 Antonino

2057 3104 2156 3159 pro
2174 3104 2268 3142 sua
2304 3090 2443 3169 virili
2473 3101 2625 3161 parte
2654 3094 3023 3164 impetrasset,
3071 3097 3291 3151 labores
3322 3112 3460 3152 suos
3492 3112 3526 3151 a
3559 3096 3675 3150 da:-

2058 3181 2309 3235 monibus
2336 3184 2504 3238 everti
2537 3185 2775 3240 videbat.
2806 3188 2912 3241 Sed
2938 3202 3060 3242 cum
3088 3189 3255 3257 probe
3289 3189 3466 3243 sciret
3501 3186 3670 3242 Chri—

2000 3276 2024 3308 "
2058 3277 2289 3349 Stianos,
2322 3273 2449 3331 dum
2495 3278 2577 3332 sic
2628 3278 2975 3345 occiduntur,
3007 3281 3076 3351 ab
3111 3282 3374 3351 improbis
3421 3280 3672 3336 dominis

2057 3368 2123 3420 ad
2149 3372 2414 3438 optimum
2442 3381 2653 3440 patrem
2681 3370 2850 3425 Deum
2880 3371 3174 3441 proﬁcisci,
3227 3388 3335 3435 non
3381 3372 3666 3428 dubitavit

2057 3460 2110 3528 in
2137 3460 2373 3523 medium
2398 3462 2692 3516 discrimen
2730 3475 2854 3516 sese
2887 3461 3183 3533 conjicere,
3217 3472 3272 3517 et
3328 3462 3398 3516 ad
3457 3460 3664 3517 confu-

2058 3552 2248 3607 tandos
2272 3552 2645 3623 philosophos,
2671 3553 2763 3631 qui
2796 3553 2957 3624 hujus
2985 3552 3223 3611 incendii
3255 3554 3345 3608 lax
3394 3568 3527 3609 esse
3581 3551 3664 3605 vi-

2056 3645 2348 3710 debantur,
2377 3659 2593 3699 omnem
2642 3648 2808 3699 animi
2837 3646 2921 3701 sui
2953 3646 3061 3699 vim
3092 3646 3414 3699 incitavit"
3442 3663 3457 3701 :
3501 3643 3660 3699 Veri-

2055 3746 2215 3790 tatem
2239 3739 2559 3805 prwdicans,
2585 3738 2721 3807 gula:
2748 3748 2796 3791 et
2820 3737 3030 3806 fraudis
3060 3739 3182 3791 illos
3207 3738 3489 3808 arguebat,
3519 3745 3661 3792 teste

2057 3827 2307 3895 Tatiano,
2339 3845 2488 3884 num.
2513 3830 2600 3884 19.
2631 3830 2909 3900 Praecipue
2932 3830 3055 3884 cuin
3084 3830 3290 3900 Cynico
3318 3831 3643 3892 Crescente,

2054 3923 2275 3978 homine
2306 3924 2560 3978 omnibus
2588 3924 2735 3978 vitiis
2759 3923 3126 3988 notatissimo,
3158 3924 3387 3993 gradum
3421 3919 3657 3977 contulit

2054 4012 2241 4069 multis
2268 4014 2635 4078 audientibus,
2693 4013 2920 4089 ejusque
2961 4029 3235 4073 summam
3291 4029 3510 4077 eorum,
3535 4026 3656 4081 quae

2053 4106 2428 4169 asseverabat,
2457 4107 2855 4176 ignorationem
2895 4116 2991 4162 aut
3027 4121 3239 4173 eorum,
3268 4120 3390 4175 qua:
3424 4105 3654 4164 sciebat,

2052 4195 2544 4252 dissimulationem
2575 4198 2777 4252 nemini
2802 4196 3021 4265 dubiam
3042 4197 3282 4270 reliquit,
3315 4212 3440 4251 cum
3470 4193 3653 4266 provi-

2050 4288 2225 4353 deret,
2252 4289 2305 4344 id
2330 4290 2476 4359 quod
2513 4305 2616 4354 usu
2640 4292 2848 4355 evenit,
2872 4288 3329 4361 superbissimum
3368 4290 3652 4345 hominem

2050 4388 2305 4449 acceptas
2332 4380 2519 4454 plagas
2560 4381 2829 4452 sanguine
2880 4382 3105 4439 victoris
3142 4385 3517 4454 expiaturum.
3556 4379 3647 4435 Vi-

2051 4471 2211 4525 detur
2235 4471 2399 4531 latius
2427 4487 2681 4527 manasse
2710 4472 2872 4541 hujus
2925 4474 3179 4546 colloquii
3234 4474 3415 4541 l‘ama;
3450 4490 3516 4530 ac
3545 4473 3647 4526 du-

368 4600 525 4672 μεθα.
554 4600 630 4655 Ea
658 4610 839 4669 tamen
870 4582 953 4654 est
991 4563 1197 4669 Dialogi
1231 4563 1589 4661 continuatio,
1620 4608 1681 4651 ut
1705 4563 1955 4665 quamvis
1985 4594 2032 4650 D
2061 4565 2199 4671 bitat
2223 4565 2340 4634 ipse
2364 4563 2611 4672 Juéumis
2642 4580 2821 4672 “('“03‘
2846 4567 3012 4672 etiam
3044 4567 3110 4620 ad
3138 4582 3321 4672 _aures
3352 4569 3647 4672 if‘pfral?’

366 4694 716 4748 intermissus
766 4702 821 4747 et
863 4692 1129 4762 repetitus
1188 4691 1372 4758 fuerit,
1404 4691 1553 4745 nullo
1587 4692 1817 4759 vestigio
1860 4699 1955 4745 aut

373 4785 535 4838 tinem
569 4783 730 4837 unius
752 4783 1011 4853 colloquii
1039 4784 1452 4851 animadvertas
1486 4793 1579 4836 aut
1620 4782 1833 4836 initium
1864 4798 1952 4837 se-

367 4881 602 4950 quenlis.

950 4971 1179 5027 CAPUT
1220 4970 1329 5026 Vlll
1346 5014 1357 5025 .

684 5087 756 5140 De
787 5088 1019 5142 secunda
1044 5089 1296 5157 Apologia
1330 5087 1391 5145 S.
1416 5086 1641 5140 Justini.

366 5204 403 5252 l.
448 5202 737 5251 Persecutio
768 5201 858 5250 sub
882 5200 1057 5250 Marco.
1103 5199 1165 5247 II.
1192 5201 1371 5249 Justini
1404 5200 1799 5247 concertationes
1838 5210 1946 5246 cum

428 5269 711 5313 livescente.
740 5263 822 5310 lll.
852 5263 926 5311 De
950 5263 1247 5321 martyribus
1272 5264 1319 5309 in
1341 5260 1555 5309 secunda
1580 5261 1816 5321 Apologia
1843 5256 1951 5306 lau-

424 5332 568 5375 datis.
595 5324 675 5371 IV.
697 5325 835 5373 Hanc
855 5325 1013 5375 Marco
1032 5325 1240 5375 Aurelio
1282 5330 1338 5372 et
1363 5324 1515 5372 Lucio
1553 5322 1686 5371 Vero
1711 5321 1946 5383 probatur

421 5390 633 5437 oblatam
649 5387 815 5434 fuisse.

434 5496 472 5550 l.
505 5494 624 5560 Quo
649 5510 793 5548 anno
825 5493 1052 5547 Romam
1092 5508 1346 5548 reversus
1398 5494 1471 5545 sit
1519 5490 1788 5555 Justinus,
1827 5499 1945 5542 sta-

366 5596 514 5645 tuere
544 5600 648 5638 uon
683 5600 968 5655 possumus
999 5602 1014 5639 :
1050 5586 1271 5640 minime
1300 5585 1544 5650 dubium,
1570 5584 1701 5653 quin
1742 5582 1845 5637 hac
1891 5583 1943 5637 in

436 5754 480 5813 Ρ
512 5752 660 5823 Ρδιιι.
693 5770 912 5823 csum,
949 5756 998 5809 l.
1076 5756 1123 5786 ⁵⁸
1153 5755 1307 5824 Apol.
1349 5772 1404 5809 n.
1443 5757 1490 5810 l.

2062 4659 2141 4714 ris
2169 4661 2501 4729 pervenerit.
2551 4660 2703 4727 Quod
2758 4662 2802 4715 si
2856 4662 3036 4736 minus
3083 4662 3153 4717 ad
3208 4675 3301 4718 eos
3350 4660 3645 4733 disputatio

2061 4752 2289 4821 perlata,
2315 4762 2560 4822 paratum
2600 4770 2660 4809 se
2689 4769 2808 4809 esse
2842 4754 3115 4824 signitieat
3171 4768 3360 4809 rursus
3404 4754 3511 4808 illis
3543 4767 3641 4805 au-

2064 4844 2337 4898 dientibus
2359 4837 2641 4901 Cresceuii
2675 4847 3003 4914 quaestiones
3061 4861 3284 4917 ponere.
3323 4846 3418 4900 Sin
3461 4855 3639 4898 autem

2062 4934 2140 5009 eis
2192 4935 2423 5005 cognitae
2486 4936 2941 5005 interrogationes
2994 4945 3049 4990 et
3102 4937 3503 5005 responsiones,
3535 4944 3635 4985 nou

2060 5030 2422 5097 dubitatquin
2468 5029 2817 5085 Crescentem
2870 5039 2964 5083 aut
3019 5028 3153 5083 nihil
3209 5030 3637 5085 Christianarum

2058 5136 2238 5175 rerum
2281 5123 2443 5189 scire,
2491 5132 2585 5176 aut
2636 5125 2679 5177 si
2737 5124 2893 5185 sciat,
2949 5123 3201 5192 ignavum
3259 5138 3474 5191 eorum,
3520 5132 3633 5190 quae

2054 5214 2178 5277 scit,
2206 5213 2665 5267 dissimulatorem
2721 5229 2840 5268 esse
2896 5196 3286 5271 intellexerint.
3346 5216 3437 5271 Sic
3490 5212 3631 5267 enim

2054 5304 2416 5373 peragebatur
2446 5302 2717 5377 Iustinum
2744 5305 2885 5357 inter
2908 5314 2962 5358 et
3006 5304 3354 5364 Crescentem
3410 5315 3628 5360 concer-

2055 5384 2190 5450 tatio
2236 5415 2251 5451 :
2315 5410 2437 5449 cum
2493 5397 2708 5465 publice
2763 5399 3084 5467 prmdicaret
3129 5399 3398 5455 Crescens
3445 5398 3628 5452 atheos

2053 5502 2176 5542 esse
2203 5498 2259 5541 et
2291 5487 2490 5556 impios
2515 5486 2883 5555 Christianos,
2914 5489 3288 5560 interrogabat
3316 5506 3437 5544 eum
3463 5486 3625 5543 Justi-

2054 5596 2155 5635 nus
2218 5600 2231 5635 :
2289 5581 2652 5651 respondebat
2709 5582 2799 5638 ille
2845 5592 2899 5637 et
2950 5584 3332 5651 responsiones
3391 5584 3505 5655 ejus
3550 5580 3623 5634 sic

1570 5756 1614 5786 ιδ
1648 5754 1805 5831 Apol.
1835 5754 1893 5822 9.,
1928 5771 1985 5809 η.
2018 5754 2073 5822 l,
2147 5753 2195 5786 ιιι
2232 5753 2391 5823 Apol.
2423 5752 2480 5819 2,
2507 5769 2559 5807 ιι.
2594 5754 2647 5808 3.
