3932 6258
180 325 290 383 I53

1263 333 1328 392 Β.
1362 335 1633 395 MARANI
1665 340 2058 400 PREFATIO.
2090 377 2159 387 —-
2188 345 2370 403 PARS
2401 347 2490 405 III.

3442 359 3549 418 154

170 448 485 545 refellebat
514 450 812 519 Iustinus,
853 466 925 512 ut
956 472 1090 515 eum
1122 471 1221 517 aut
1244 463 1504 535 ignorata)
1553 476 1649 521 aut
1698 469 1860 525 dissi-
1888 476 1932 533 Α
1964 475 2037 527 Ita
2074 475 2218 530 enim
2264 490 2323 530 se
2363 482 2609 545 gesserat
2655 473 2709 529 in
2744 472 2919 542 prima
2959 470 3241 543 Apologia.
3271 471 3389 529 Non
3434 483 3548 531 tam

171 543 408 597 malaue
440 543 932 605 ChriStianorum
962 553 1243 610 doctrinae
1272 558 1505 613 crimine
1560 572 1855 627 premeret.

172 636 529 690 Ilallucinati
572 650 715 694 sunt
751 645 869 712 qui
917 645 1287 703 Crescentem
1329 666 1554 707 summze
1612 655 1854 710 omnium

176 744 368 783 rerum
402 730 809 799 ignorationis
844 740 1180 794 convictum
1237 740 1401 797 fuisse
1456 754 1674 813 putant.
1736 746 1855 803 Non

182 822 335 876 enim
366 822 443 877 de
470 823 646 881 rebus
670 826 834 884 inter
866 832 1236 903 philosophos
1273 838 1470 908 agitari
1517 840 1694 895 solitis
1721 857 1857 897 con-

226 1107 480 1170 derlarat,
508 1110 609 1163 sed
646 1128 849 1167 rerum
884 1126 1224 1173 nostrarum.
1257 1119 1373 1176 Non
1406 1137 1511 1177 una
1543 1134 1639 1179 aut
1678 1124 1851 1181 altera

226 1201 423 1253 exstitit
451 1211 677 1256 tantum
712 1203 955 1263 Iustino
989 1225 1117 1265 cum
1144 1212 1443 1270 Crescente
1474 1219 1720 1272 certandi
1749 1234 1850 1274 oc-

225 1291 385 1345 casio.
418 1290 577 1361 Saepe
611 1295 899 1353 iteratum
944 1301 1217 1369 praelium.
1274 1305 1540 1362 Crescens
1592 1310 1849 1366 insectari

224 1380 495 1440 Iustinum
529 1396 589 1441 et
618 1387 938 1447 Tatianum
996 1410 1104 1449 non
1163 1398 1463 1458 desinebat.
1522 1418 1541 1452 1
1575 1401 1849 1468 Quosnam

230 1479 935 1551 antemphilosophorum.
985 1487 1157 1557 inquit
1213 1488 1497 1555 Tatianus,
1550 1509 1703 1548 num.
1758 1497 1850 1563 19,

236 1570 333 1621 nisi
357 1586 458 1625 nos
481 1574 629 1627 so!os
653 1570 935 1631 insectari
965 1579 1215 1635 solebat?
1244 1601 1263 1632 1
1298 1582 1553 1637 Testatur
1583 1585 1850 1641 Eusebius

236 1679 365 1728 ωερε
392 1667 447 1719 in
484 1664 737 1735 Dialogis
770 1672 973 1726 victum
1004 1690 1036 1726 α
1061 1672 1278 1727 Iustino
1302 1674 1482 1729 multis
1510 1678 1849 1733 audientibus

239 1754 588 1819 Crescentem,
632 1761 936 1827 πλεονάκις
974 1766 1032 1817 ὲν
1068 1765 1347 1834 Διαλόγοις
1371 1768 1656 1838 ἀκροατῶν
1701 1787 1845 1842 παρ-

241 1846 400 1899 όντων
426 1849 661 1916 εὐθύνας
693 1855 882 1908 αὐτόν.
918 1855 1091 1924 Hist.,
1120 1859 1309 1923 1ν,16.

311 1936 393 1991 III.
432 1938 643 1995 Praeter
694 1958 1049 2002 communem
1114 1950 1356 2004 omnium
1406 1949 1845 2010 Christianorum

242 2033 695 2099 persecutionem,
732 2037 951 2107 insigne
975 2043 1247 2111 quoddam
1282 2044 1625 2100 crudelitatis
1668 2048 1847 2116 speci-

240 2134 359 2172 tuen
384 2121 574 2176 Romae
607 2126 815 2179 editum
842 2137 948 2192 est,
978 2129 1126 2199 quod
1156 2129 1374 2188 Iustino
1427 2135 1644 2191 animos
1688 2136 1847 2192 addi-

240 2210 337 2273 dit,
389 2222 451 2266 ut
493 2215 731 2271 alteram
784 2220 1101 2291 Apologiam
1153 2221 1472 2295 imperatori
1501 2225 1572 2279 Μ.
1620 2228 1846 2287 Aurelio

244 2301 481 2359 θεῖαι-ει.
508 2304 834 2363 Christiana
866 2312 1081 2373 mulier,
1102 2329 1225 2369 cum
1250 2316 1422 2370 virum
1462 2316 1696 2375 haberet
1724 2335 1845 2376 om-

244 2396 397 2449 nibus
428 2398 581 2453 vitiis
633 2401 904 2469 deditum,
940 2405 1077 2459 nihil
1123 2406 1445 2464 intentatum
1492 2411 1733 2481 reliquit,
1785 2421 1845 2469 ut

240 2501 356 2541 eum
387 2489 458 2543 ad
504 2492 786 2546 saniorem
841 2505 1078 2550 mentem
1128 2508 1412 2555 revocaret
1442 2501 1512 2556 ⁸⁷.
1567 2501 1675 2559 Sed
1718 2519 1841 2559 cum

240 2580 442 2633 nullam
469 2596 623 2648 spem
677 2586 805 2639 vitae
859 2586 1103 2643 melioris
1133 2589 1376 2658 all'erret,
1425 2595 1642 2650 tandem
1689 2596 1841 2651 illum

240 2686 376 2725 uxor
407 2674 678 2742 repudiat.
721 2676 817 2732 Ille
860 2681 1048 2734 statim
1102 2696 1223 2736 eam
1279 2696 1524 2753 accusat,
1572 2692 1715 2759 quod
1772 2692 1844 2747 sit

235 2761 576 2820 Christiana.
608 2768 685 2822 At
715 2769 913 2825 mulier
963 2774 1033 2828 ab
1078 2775 1410 2846 imperatore
1461 2780 1738 2850 impetrat,
1784 2794 1842 2839 ut

237 2853 341 2908 sibi
374 2856 539 2912 liceat
587 2860 778 2916 domui
830 2865 1142 2929 providere,
1190 2879 1483 2939 antequam
1528 2874 1841 2932 vadimonio

235 2951 582 3018 respondeat.
612 2952 754 3008 Tum
786 2957 1019 3013 maritus
1043 2960 1098 3014 in
1131 2959 1505 3034 Ptolemaeum,
1540 2968 1633 3038 qui
1671 2969 1843 3040 ipsius

234 3054 461 3095 uxorem
492 3042 549 3097 in
580 3041 902 3100 Christiana
942 3048 1206 3120 religione
1232 3054 1535 3121 erudierat,
1593 3056 1838 3117 furorem

1964 569 2094 623 mihi
2122 570 2340 624 videtur
2372 569 2485 622 lucc
2513 568 2766 623 omisisse
2792 564 3074 633 Justinus,
3116 569 3261 638 quod
3304 567 3546 623 Marcum

1959 665 2148 733 prima:
2176 662 2448 732 Apologia:
2476 676 2774 717 memorem
2808 676 2933 716 esse
2961 662 3239 727 crederet,
3265 676 3365 716 nec
3384 675 3550 731 egere

1960 765 2017 807 ut
2042 756 2156 809 haec
2184 754 2234 807 ei
2266 754 2318 806 in
2354 753 2673 807 memoriam
2699 763 3044 817 revocentur,
3076 769 3238 821 quam
3263 755 3405 823 quod
3433 768 3549 805 ma-

1960 842 2191 898 levolum
2224 842 2367 896 illius
2394 842 2634 895 animum
2667 842 2900 897 molliter
2926 845 3267 897 tractandum
3300 858 3422 897 esse
3450 843 3549 896 du-

1956 944 2126 1002 ceret,
2155 951 2255 991 nec
2276 937 2533 991 Antonini
2570 937 2746 1007 legum
2774 946 2828 991 et
2863 937 3261 1005 exemplorum,
3288 950 3316 988 a
3347 935 3546 1003 quibus

1958 1030 2199 1097 prudens
2229 1039 2287 1085 et
2308 1032 2491 1087 sciens
2520 1031 2868 1095 discedebat,
2903 1028 3425 1083 commemoratione
3453 1027 3547 1081 la:-

1955 1120 2217 1176 dendum.
2254 1122 2447 1194 Itaque
2487 1125 2567 1179 sic
2616 1139 2741 1179 cum
2766 1138 2832 1177 eo
2855 1124 3005 1192 agit,
3038 1122 3195 1191 quasi
3224 1121 3368 1175 nulla
3400 1121 3544 1176 illius

1955 1212 2136 1282 culpa,
2186 1214 2337 1271 nullo
2395 1216 2659 1270 mandato
2714 1215 3028 1286 persecutio
3077 1213 3383 1269 steviret“.
3428 1212 3545 1268 Hoc

1953 1323 2122 1364 unum
2152 1310 2287 1380 petit
2334 1310 2404 1366 ab
2454 1310 2915 1381 imperatoribus,
2953 1319 3013 1365 ut
3054 1308 3351 1379 supplicem
3395 1308 3544 1363 hunc

1953 1399 2200 1455 libellum
2252 1404 2583 1458 auctoritate
2640 1418 2735 1457 sua
2780 1402 3174 1471 comprobent;
3220 1411 3347 1455 tunc
3397 1400 3543 1454 enim

1953 1493 2074 1550 fore
2106 1504 2165 1548 ut
2189 1510 2311 1550 eum
2342 1495 2598 1551 omnibus
2623 1495 2913 1551 ostendat:
2944 1496 3145 1565 quippe
3172 1509 3296 1549 cum
3326 1494 3377 1548 id
3411 1508 3541 1563 pro-

1954 1585 2187 1655 positum
2218 1586 2321 1640 sibi
2354 1586 2517 1640 luerit
2540 1627 2555 1649 ,
2588 1595 2648 1640 ut
2682 1587 2774 1655 qui
2804 1585 3147 1640 Christianos
3179 1600 3286 1639 non
3314 1592 3537 1654 norunt,

1955 1693 2058 1733 nec
2093 1686 2272 1732 tamen
2314 1694 2410 1732 eos
2440 1677 2689 1731 vexando
2735 1677 3077 1733 excusabiles
3123 1686 3291 1745 sunt,
3334 1676 3403 1731 ab
3437 1675 3543 1731 hac

1955 1770 2219 1825 bonarum
2281 1784 2465 1825 rerum
2515 1769 2859 1837 ignoratione
2915 1769 3141 1824 liberari
3187 1770 3436 1840 possint,
3485 1776 3543 1830 et

1878 1835 1922 1892 Β
1951 1863 2245 1937 perniciem
2272 1900 2287 1928 ,
2325 1877 2493 1933 quam
2539 1835 2894 1931 sibimetipsis
2936 1835 3213 1929 inferunt,
3272 1862 3534 1933 ell'ugere.

1948 1955 2198 2011 Dubitari
2232 1956 2404 2025 possit
2434 1969 2613 2011 annon
2644 1964 2790 2024 petat
2819 1954 3090 2018 Justinus,
3119 1962 3179 2009 ut
3206 1954 3410 2024 scripto
3439 1954 3540 2009 alia

1948 2067 2058 2123 quo
2084 2052 2150 2106 ad
2181 2051 2395 2119 judices
2430 2051 2603 2105 misso
2633 2049 2850 2105 libellus
2881 2050 3109 2121 supplex
3136 2047 3535 2118 promulgetur.

1946 2143 2101 2201 Hanc
2134 2144 2280 2197 enim
2312 2143 2367 2197 in
2398 2141 2727 2197 sententiam
2759 2140 2932 2211 accipi
2979 2146 3211 2211 possunt
3259 2138 3378 2193 haec
3415 2153 3539 2193 ver-

1945 2234 2013 2291 ba
2033 2274 2048 2302 ,
2077 2233 2355 2307 προθεῖναι
2386 2232 2537 2287 τουτὶ
2560 2231 2621 2293 τὸ
2651 2231 2931 2303 βιϐλίδιον,
2966 2234 3060 2289 ἐὰν
3094 2229 3255 2287 τοῦτο
3298 2231 3546 2302 προγρὰη

1920 2338 2102 2393 ιφητε.
2141 2322 2248 2381 Sed
2285 2325 2504 2381 videtur
2532 2322 2786 2379 Iustinus
2816 2323 2935 2391 ipse
2961 2330 3198 2373 mentem
3222 2330 3374 2371 suam
3403 2330 3537 2384 ape-

1944 2422 2089 2487 rire;
2147 2418 2533 2490 promulgandi
2599 2415 2769 2472 libelli
2850 2415 3118 2468 rationem
3180 2407 3406 2478 exponit
3452 2406 3538 2463 his

1944 2513 2149 2578 verbis,
2190 2510 2618 2583 ὐπογράψαντας
2651 2510 2712 2563 τὸ
2752 2510 2879 2580 ὑμῖν
2902 2503 3093 2560 δοκοῦν
3112 2545 3129 2570 ,
3160 2502 3536 2557 subscribente:

1943 2602 2084 2671 quod
2107 2603 2251 2657 vobis
2277 2601 2471 2671 placet.
2505 2599 2564 2654 Si
2590 2599 2830 2653 libellum
2863 2598 2965 2651 hoc
2989 2595 3150 2649 modo
3172 2590 3536 2661 promulgent,

1944 2692 2062 2761 ipse
2094 2693 2243 2747 illmn
2290 2693 2544 2747 omnibus
2589 2691 2860 2746 ostendet.
2909 2689 3035 2743 Ἐὰν
3083 2687 3140 2740 δὲ
3177 2687 3335 2757 ὑμεῖς
3376 2682 3539 2737 τοῦτο

1942 2786 2297 2859 προγράψητε
2322 2788 2527 2858 ,ἡμεῖς
2572 2788 2685 2848 τοῖς
2725 2785 2858 2837 πᾶσι
2901 2780 3134 2852 φανερὸν
3186 2780 3534 2849 ποιήσαιμενρ

1948 2895 1968 2930 1
2004 2877 2062 2932 Si
2085 2877 2239 2931 illum
2266 2877 2628 2947 promulgetis
2657 2875 3068 2948 [subscribentes
3092 2873 3231 2943 quod
3254 2870 3398 2925 vobis
3420 2867 3537 2938 plus

1942 2966 2068 3040 cet].
2100 2969 2346 3023 omnium
2374 2967 2527 3023 illum
2552 2967 2729 3022 oculis
2756 2978 3115 3036 exponemus.
3156 2980 3175 3015 1

2014 3058 2135 3115 Utri
2164 3069 2344 3114 autem
2371 3057 2555 3115 oblata
2588 3057 2662 3112 sit
2689 3055 3034 3127 imperatori,
3057 3053 3336 3109 Antonino
3363 3064 3434 3105 an
3458 3047 3533 3103 II.

237 3146 394 3186 suum
424 3137 719 3245 convertit.
752 3139 878 3207 Agit
906 3158 1031 3196 cum
1062 3145 1407 3215 centurione,
1440 3149 1528 3204 cui
1554 3160 1675 3207 erat
1698 3156 1838 3211 ami-
1864 3184 1909 3245 ε
1942 3151 2194 3219 Aurelio,
2243 3150 2297 3206 id
2342 3151 2397 3205 in
2428 3150 2862 3205 controversiam
2891 3146 3237 3203 eruditorum
3284 3139 3536 3201 nonnulli

237 3236 358 3287 cus,
392 3225 827 3285 utPtolemaeum
862 3235 1315 3305 comprehendat,
1348 3240 1509 3311 idque
1539 3259 1703 3299 unum
1750 3247 1838 3301 in-

240 3323 477 3387 terroget
506 3336 571 3372 an
606 3319 969 3379 Christianus
992 3326 1083 3390 sit,
1113 3337 1168 3382 et
1198 3331 1547 3389 conﬁtentem
1572 3336 1627 3390 in
1649 3352 1839 3394 carce-

242 3424 353 3463 rem
379 3412 649 3468 includat.
681 3414 894 3471 Morem
944 3417 995 3471 ei
1038 3419 1181 3487 gerit
1218 3426 1488 3480 centurio.
1513 3426 1839 3485 Ptolemaeus

241 3502 612 3560 Christianum
666 3524 727 3563 se
779 3524 902 3565 esse
958 3514 1271 3582 proﬁtetur,
1303 3527 1358 3573 et
1390 3520 1443 3573 in
1475 3534 1701 3576 carcere
1742 3524 1834 3577 diu

242 3592 487 3661 amictus,
522 3598 745 3653 tandem
797 3614 986 3655 coram
1052 3603 1253 3661 Urbico
1289 3608 1542 3677 przefecto
1588 3611 1837 3678 sistitur;

243 3683 435 3741 iterum
459 3689 779 3752 conﬁtetur,
813 3702 869 3747 et
892 3705 1071 3751 morte
1098 3697 1407 3756 damnatur.
1447 3699 1582 3757 Tum
1623 3717 1747 3758 cum
1770 3705 1840 3762 ad

239 3781 559 3847 supplicium
609 3784 930 3852 duceretur,
986 3792 1228 3845 occurrit
1261 3792 1464 3851 Lucius
1504 3797 1725 3866 quidam
1782 3808 1839 3854 et

240 3870 439 3928 Urbice
475 3876 737 3952 iniustum
752 3877 1026 3948 judicium
1048 3884 1365 3951 exprobrat.
1392 3885 1528 3941 Tum
1551 3890 1840 3959 praefectus

239 3963 304 4015 ad
334 3978 479 4019 eum:
500 3967 611 4022 «Tu
640 3983 861 4039 quoque
882 3986 952 4026 ex
982 3972 1086 4025 hoc
1124 3973 1405 4031 hominum
1457 3995 1665 4049 genere
1716 3999 1839 4041 esse

241 4058 366 4110 mibi
396 4059 649 4116 videris.t
666 4062 871 4117 Lucius
902 4065 1255 4133 respondent
1275 4067 1645 4135 Maximepac
1672 4074 1837 4131 simul

243 4162 359 4202 cum
386 4148 684 4208 Ptolemaeo
701 4154 862 4222 jussu
896 4156 1139 4225 praefecti
1166 4160 1458 4230 abripitur.
1497 4162 1685 4222 Tertio
1728 4169 1840 4222 cui-

242 4240 361 4293 dam
388 4249 797 4313 supervenienti
839 4250 1029 4304 eadem
1061 4263 1225 4319 paena
1251 4252 1546 4325 irrogatur.
1571 4256 1698 4313 Hzec
1721 4276 1750 4313 a
1776 4260 1836 4321 S.

240 4347 476 4405 martyre
503 4351 807 4395 narrantur
834 4342 886 4395 in
913 4344 1151 4398 secunda
1174 4346 1454 4418 Apologia,
1489 4366 1656 4419 quam
1710 4355 1836 4421 qui-
1878 4382 1881 4383 ν

240 4422 380 4492 dem,
412 4430 515 4484 etsi
546 4430 602 4485 in
635 4432 967 4491 editionihus
1006 4436 1246 4506 Operum
1291 4436 1491 4493 Iustini
1518 4442 1690 4510 prima
1722 4445 1839 4501 col-

1943 3254 2231 3301 vocarunt.
2260 3244 2513 3299 Valesius
2538 3241 2816 3297 Antonino
2848 3239 3088 3296 oblatam
3120 3236 3292 3292 fuisse
3305 3243 3536 3291 conten-i

1944 3340 2056 3404 dit;
2084 3339 2240 3409 cujus
2260 3337 2541 3405 opinionis
2574 3333 2820 3390 tenendae
2853 3331 3237 3387 necessitatem
3269 3328 3372 3384 sibi
3426 3328 3533 3381 im-

1942 3440 2172 3502 ponunt,
2220 3431 2313 3498 qui
2355 3427 2630 3483 Iustinum
2676 3427 2777 3480 sub
2824 3424 3106 3479 Antonino
3154 3436 3377 3493 passum
3406 3434 3533 3473 esse

1943 3524 2152 3577 volunt.
2185 3519 2597 3591 Papebrochius
2648 3519 2716 3572 ad
2750 3516 2817 3571 15
2854 3514 3068 3586 April.,
3112 3513 3203 3568 cui
3237 3510 3531 3580 prteiverat

1945 3613 2194 3684 Scaliger
2221 3614 2274 3667 in
2306 3623 2418 3666 not.
2453 3611 2521 3665 ad
2553 3609 2760 3665 Chron.
2803 3608 3030 3669 Euscb.,
3069 3620 3123 3672 p.
3164 3602 3292 3669 219,
3327 3602 3535 3655 latetur

1942 3706 2218 3763 Iustinum
2244 3704 2507 3760 obtulisse
2524 3703 2604 3758 Μ.
2636 3702 2861 3756 Aurelio
2890 3699 3202 3769 Apologiam
3223 3734 3240 3762 ,
3281 3697 3375 3752 sed
3410 3710 3527 3750 eam

1943 3800 2109 3865 hodie
2139 3806 2301 3869 negat
2332 3805 2587 3861 exstare;
2620 3794 2770 3849 illam
2798 3800 3138 3860 autem,quae
3169 3789 3392 3843 nuncin
3413 3801 3532 3841 ma-t

1943 3890 2105 3947 nibus
2133 3899 2216 3945 est
2255 3887 2391 3943 nihil
2420 3887 2567 3941 aliud
2596 3898 2720 3940 esse
2749 3898 2913 3953 quam
2963 3879 3339 3951 praefationem
3374 3894 3405 3933 a
3433 3876 3531 3932 ,ιιι-ρ

1942 3984 2086 4057 stino
2112 3981 2391 4052 przelixam
2422 3977 2615 4048 majori
2645 3976 2939 4047 Apologia,
2978 3988 3143 4044 quam
3179 3972 3374 4027 obtulit
3410 3972 3527 4026 Anu

1944 4075 2151 4130 tonino.
2952 4118 2957 4121 γ

2013 4168 2199 4220 Ruunt
2240 4166 2361 4220 haec
2404 4164 2724 4234 opinionum
2777 4167 3086 4216 commenta
3126 4171 3251 4211 cum
3303 4153 3527 4209 Eusebii

1942 4259 2293 4323 testimonio,
2340 4256 2433 4326 qui
2486 4256 2692 4310 diserte
2744 4253 2991 4311 declarat
3050 4249 3326 4306 Iustinum
3380 4246 3529 4317 apud

1942 4353 2327 4422 imperatorem
2362 4348 2431 4403 Μ.
2458 4346 2739 4402 Aurelium
2781 4344 3042 4400 Ecclesia:
3068 4357 3291 4398 causam
3323 4340 3525 4408 egisse,

1940 4450 1997 4496 et
2023 4456 2091 4496 ex
2124 4441 2215 4495 illa
2242 4440 2499 4509 Apologia
2525 4452 2587 4493 ea
2623 4437 2776 4501 citat,
2804 4450 2927 4505 qua:
2954 4435 3009 4489 in
3038 4434 3144 4489 hac
3173 4442 3359 4488 nostra
3390 4431 3527 4501 legi-2

236 4518 470 4589 locatur,
501 4525 581 4579 ita
612 4534 793 4581 tamen
837 4539 1049 4586 constat
1097 4532 1457 4601 posteriorem
1491 4550 1636 4604 esse,
1666 4547 1725 4592 ut
1765 4554 1829 4595 ea
1862 4540 1908 4597 D
1941 4546 2095 4597 mus;
2145 4540 2260 4585 tum
2304 4533 2470 4585 etiam
2512 4529 2867 4587 interioribus
2907 4527 3188 4597 judicandi
3236 4527 3380 4581 notis
3404 4541 3530 4594 qum

237 4613 302 4667 de
332 4632 391 4670 re
418 4618 661 4673 otiosum
703 4620 773 4674 sit
792 4619 1086 4678 disserere.

306 4706 397 4763 IV.
426 4709 755 4767 Inscribitur
785 4716 993 4769 senatui
1029 4717 1144 4772 btec
1173 4719 1393 4787 oratio;
1445 4722 1568 4776 addi
1616 4725 1826 4792 potuis-

238 4810 337 4865 set,
366 4812 425 4857 ut
472 4807 530 4858 in
566 4808 765 4874 prima,
811 4817 859 4862 et
899 4801 1093 4877 populo
1135 4809 1396 4867 Romano.
1426 4811 1546 4882 Ipse
1575 4812 1825 4873 Iustinus

240 4893 395 4948 initio
443 4894 734 4951 Romanos
781 4899 1098 4969 compellat;
1148 4901 1406 4971 deinceps
1450 4913 1631 4960 autem
1675 4907 1823 4964 solos

242 4984 597 5054 imperatores
629 5004 648 5040 :
679 5002 745 5043 ex
795 5005 902 5060 quo
947 4990 1126 5063 colligi
1180 5002 1362 5062 potest
1392 4996 1458 5050 ad
1507 4998 1819 5068 exemplum

246 5080 424 5147 prima:
458 5080 704 5135 oblatam
736 5082 901 5138 fuisse
938 5084 1386 5152 imperatoribus,
1421 5098 1481 5141 ut
1508 5089 1672 5144 libelli
1694 5108 1822 5161 sup-

247 5170 385 5236 plicis
430 5173 729 5243 cognitores
778 5190 988 5240 secum,
1041 5178 1495 5244 quemadmodum
1544 5181 1597 5234 in
1643 5184 1817 5251 prima

252 5261 493 5334 loquitur,
530 5266 871 5323 asciscerent
917 5277 1171 5322 senatum
1210 5272 1580 5341 populumque
1618 5275 1820 5331 Roma-

258 5371 386 5413 1111111.
407 5356 539 5413 Illud
565 5366 751 5413 autem
778 5358 973 5413 mirari
1002 5361 1169 5423 subit,
1202 5376 1300 5415 cur
1322 5377 1430 5417 non
1464 5366 1699 5434 postulet
1725 5367 1821 5423 Iu-

264 5449 407 5503 stinus
453 5451 504 5504 in
545 5452 651 5507 hac
682 5452 985 5521 Apologia,
1018 5460 1079 5504 ut
1119 5452 1419 5511 Christiani
1468 5458 1661 5512 eodem
1712 5461 1821 5516 sint

260 5539 354 5609 itu:
372 5558 431 5598 ac
452 5544 640 5617 reliqui
674 5544 984 5607 homines;
1012 5557 1114 5596 cur
1147 5560 1249 5600 non
1287 5548 1707 5617 imperatoribus
1730 5555 1824 5609 ob.

260 5636 375 5706 jiciat
410 5641 667 5699 Antonini
712 5640 955 5695 litteras
1000 5636 1057 5688 in
1104 5636 1328 5703 gratiam
1360 5639 1820 5700 Christianorum.

292 5825 487 5901 "Apol.
524 5822 585 5889 2,
620 5836 683 5875 η.
728 5814 798 5869 2.
892 5807 948 5840 ιο
981 5804 1050 5859 Ν.
1086 5806 1146 5860 tt
1173 5820 1222 5863 et
1256 5810 1321 5865 ta

1940 4638 2005 4677 ex
2042 4623 2159 4691 ipsa
2198 4623 2449 4679 oratione
2475 4622 2768 4677 ducuntur.
2797 4620 2931 4679 Nam
2960 4621 3016 4674 1ο
3053 4619 3298 4675 Iustinus
3337 4618 3392 4672 in
3422 4618 3529 4672 hac

1937 4715 2181 4771 secunda
2207 4716 2463 4785 Apologia
2496 4713 2664 4769 multa
2701 4714 2897 4782 tangit,
2929 4726 3051 4783 quae
3080 4711 3194 4781 jam
3236 4710 3371 4763 alias
3400 4724 3527 4764 sese

1933 4810 2141 4865 indicat
2170 4818 2561 4879 pertractasse,
2607 4808 2709 4862 has
2758 4820 2920 4862 voces
2962 4807 3233 4869 intexens,
3259 4804 3336 4866 ὡς
3361 4802 3525 4874 προέει

1934 4918 2138 4973 φημεν,
2188 4911 2246 4956 ut
2269 4903 2389 4973 jam
2439 4902 2698 4965 diximus,
2746 4898 2891 4954 velut
2928 4914 3051 4954 cum
3099 4899 3167 4951 de
3197 4897 3402 4951 Christi
3434 4893 3523 4949 In:

1929 4994 2245 5051 carnatione
2280 4994 2545 5063 loquitur,
2580 5010 2635 5049 11.
2667 4990 2722 5057 6,
2762 5000 2856 5045 aut
2901 4989 2969 5044 de
3010 4987 3308 5053 Heraclito,
3352 5004 3408 5040 11.
3460 4987 3521 5057 8,

1929 5097 2023 5143 aut
2044 5089 2111 5143 de
2136 5089 2320 5144 mundi
2343 5098 2564 5159 propter
2586 5090 2836 5143 homines
2861 5085 3167 5150 creatione,
3201 5099 3256 5137 11.
3287 5082 3341 5136 4.
3361 5082 3522 5148 Quod

1929 5180 1975 5235 si
2009 5181 2123 5234 haec
2166 5179 2424 5250 Apologia
2471 5180 2718 5247 quaedam
2773 5178 2940 5237 veluti
2990 5175 3238 5245 praefatio
3294 5171 3516 5240 majoris

1928 5272 2051 5335 fuit,
2083 5270 2269 5325 dicere
2300 5268 2783 5334 debuitIustinus,
2836 5277 2894 5321 ut
2938 5267 3092 5320 modo
3129 5266 3383 5328 dicemus,
3414 5279 3515 5321 nc-,

1929 5375 2200 5429 quaquam
2242 5369 2462 5425 autem,
2505 5369 2563 5427 ut
2587 5359 2705 5428 jam
2736 5356 2989 5412 diximus.
3023 5357 3133 5410 Cur
3179 5363 3359 5409 autent
3401 5353 3515 5423 pri-a

1928 5472 2075 5512 mam
2106 5457 2414 5528 Apologiam
2444 5459 2623 5513 citans
2651 5454 2899 5521 Iustinus
2932 5453 3019 5508 his
3045 5460 3256 5506 tantum
3285 5449 3515 5510 vocibus

1930 5560 2140 5618 utatur,
2192 5558 2248 5604 ut
2286 5551 2403 5621 jam
2441 5550 2719 5615 diximus,
2764 5561 2864 5603 nec
2915 5545 3238 5602 nominatim
3273 5543 3511 5614 appellat

1931 5660 2067 5715 opus
2094 5648 2146 5703 in
2186 5662 2294 5718 quo
2324 5646 2438 5703 haec
2472 5626 2937 5714 pertractaver‘at,
2968 5640 3022 5697 id
3050 5654 3227 5695 causa:
3249 5638 3459 5695 exsdtit
3489 5653 3514 5707 ξ
