3932 6258
499 310 606 366 HS

1390 313 1449 368 S.
1483 307 1822 365 JUSTINUS
1857 304 2343 362 PHILOSOPHUS
2383 306 2471 360 ET
2502 303 2816 360 MARTYR.

3686 306 3781 360 i36

495 435 754 503 Apologia
788 435 963 504 prima
1000 436 1054 489 in
1079 436 1298 491 silentio
1323 445 1377 490 et
1401 435 1676 491 oblivione
1706 451 1812 489 non
1834 434 2050 502 jacebat

2183 429 2500 500 postulavit,
2527 438 2585 482 ut
2615 427 2718 483 sibi
2749 427 2902 496 prius
2931 424 3116 480 domui
3139 424 3262 479 'surc
3287 424 3627 494 prospicere
3657 424 3782 477 liee-

498 525 592 576 sed
623 523 675 577 in
707 520 994 580 tabulariis
1015 525 1248 595 publicis
1278 526 1519 596 deposita
1541 536 1659 580 erat
1687 542 1752 581 ac
1791 528 2070 580 hominum

497 615 772 671 mentibus
829 618 1090 684 haerebat,
1147 620 1451 688 prtesertim
1504 622 1851 689 imperatoris
1906 620 2074 676 Marci

495 704 724 769 Aurelii,
755 722 916 776 quem
946 708 1116 763 latere
1144 726 1248 764 non
1294 721 1507 780 poterat
1540 713 1874 768 Antoninum
1905 713 2074 768 Justi-

495 810 568 849 no
590 797 823 866 benigne
847 808 901 853 et
935 800 1236 858 liberaliter
1262 809 1542 863 annuisse.
1575 808 1773 863 Eadem
1801 812 1866 865 de
1907 827 2071 865 causa

496 903 691 942 nomen
725 907 883 944 suum
916 893 1062 948 brevi
1092 894 1365 966 Apologice
1391 914 1494 951 non
1527 901 1828 970 inscripsit,
1863 916 1986 956 cum
2019 902 2070 955 id

492 979 547 1032 in
597 981 804 1049 majore
851 999 957 1038 non
1007 988 1317 1053 omisisset;
1371 992 1497 1058 quia
1532 993 1741 1047 scilicet
1774 1005 1932 1048 notus
1953 1003 2072 1049 erat

492 1078 604 1124 tum
634 1088 698 1127 ex
731 1075 849 1142 ipso
882 1075 975 1130 illo
1003 1091 1187 1145 opere,
1225 1082 1369 1149 quod
1402 1091 1508 1135 tam
1545 1090 1760 1151 Optatos
1807 1085 2072 1138 habuerat

489 1177 804 1230 successus,
837 1177 948 1220 tum
983 1184 1048 1223 ex
1082 1172 1247 1235 fama,
1274 1190 1437 1242 quam
1482 1175 1595 1242 ipse
1630 1177 1732 1229 sibi
1764 1179 1908 1230 inter
1948 1178 2071 1247 phi-

489 1251 749 1322 losophos
771 1256 1002 1312 eruditis
1032 1259 1498 1329 disputationibus
1531 1276 1837 1334 pepererat.

529 1342 618 1395 .20
639 1344 773 1398 Cum
807 1347 1025 1402 brevem
1059 1353 1366 1421 Apologiam
1396 1355 1618 1411 offerret
1643 1358 1887 1413 Justinus
1907 1399 1922 1423 ,
1950 1360 2064 1428 jam

487 1441 602 1488 tum
634 1437 942 1494 Crescentis
975 1442 1026 1494 iu
1057 1458 1181 1498 cum
1206 1447 1331 1499 odia
1366 1447 1681 1516 fervebant;
1719 1453 1860 1506 diem
1889 1468 1955 1506 ex
1979 1455 2067 1509 die

486 1535 862 1600 exspectabat,
891 1546 948 1589 ut
976 1554 1003 1590 a
1036 1538 1334 1595 Crescente
1364 1543 1416 1596 in
1441 1543 1705 1612 judicium
1744 1548 1941 1615 capitis
1968 1564 2068 1602 vo-

485 1631 744 1687 caretur,
787 1641 842 1680 n.
891 1627 922 1680 4
945 1667 959 1689 ,
1009 1645 1107 1682 nec
1136 1647 1230 1684 sua
1266 1631 1416 1686 illum
1451 1634 1664 1704 decepit
1703 1641 2061 1706 exspectatio,

485 1715 628 1800 teste
660 1709 916 1782 Eusebio,
949 1716 1044 1773 lib.
1079 1736 1152 1784 tv,
1183 1736 1234 1776 c.
1263 1724 1348 1777 16.
1380 1724 1563 1790 Quare
1583 1727 1651 1782 ab
1679 1728 1782 1782 hac
1804 1732 2063 1800 Apologia

483 1799 551 1853 ad
574 1798 773 1858 Justini
801 1819 1031 1864 mortem
1069 1828 1174 1866 non
1218 1823 1426 1870 tantum
1468 1821 1751 1889 temporis,
1795 1798 2060 1891 quantum

482 1909 511 1946 a
536 1895 737 1964 prima,
777 1915 942 1970 quam
982 1907 1165 1963 multa:
1195 1924 1283 1966 res
1309 1921 1475 1981 gesta
1512 1914 1713 1971 Justini
1755 1931 2062 1977 consecuta:

480 1995 630 2052 sunt,
665 1988 882 2048 efﬂuere
908 1998 1104 2064 potuit.

549 2098 608 2153 δ’
638 2101 695 2157 Si
740 2113 972 2176 utraque
1020 2111 1278 2183 Apologia
1325 2118 1644 2176 distinctum
1676 2137 1742 2178 ac
1783 2125 2057 2182 diversum

476 2204 645 2261 opus,
687 2203 747 2249 ut
775 2213 840 2252 ex
879 2201 1062 2256 allatis
1097 2207 1368 2264 rationum
1405 2217 1696 2272 momentis
1735 2229 1913 2296 patet,
1963 2238 2059 2277 ne-

476 2293 632 2335 cesse
673 2292 759 2338 est
794 2287 1023 2343 alteram
1073 2293 1173 2348 sub
1213 2299 1508 2367 Antonino,
1558 2287 1786 2362 alteram
1836 2312 1938 2366 sub
1983 2315 2055 2368 Μ.

475 2369 699 2428 Aurelio
722 2378 987 2447 scriptam
1028 2382 1320 2445 fateamur.
1352 2390 1540 2462 Neque
1581 2399 1727 2453 enim
1759 2405 2058 2463 verisimile

475 2463 537 2516 fit
567 2465 792 2521 missum
817 2471 887 2524 ab
907 2473 1181 2532 Antonino
1208 2482 1260 2534 in
1284 2498 1474 2542 omnes
1507 2493 1819 2557 provincias
1858 2500 2056 2566 (equis-

474 2555 673 2612 simum
701 2563 941 2619 edictum
973 2567 1045 2621 ita
1088 2568 1276 2628 Romae
1304 2577 1405 2632 sub
1433 2555 1672 2648 ejusdem
1712 2555 2057 2657 imperatoris

472 2649 646 2704 oculis
678 2663 919 2717 spretum
952 2667 1006 2714 et
1035 2662 1290 2720 violatum
1325 2669 1513 2740 fuisse,
1551 2684 1610 2728 ut
1639 2649 1831 2734 novat-tt
1858 2684 2054 2748 Apolo-

471 2739 612 2807 giam
641 2739 894 2802 Justinus
921 2750 1121 2808 olfcrre
1143 2770 1451 2827 cogeretur.

540 2831 599 2884 4⁸
630 2833 974 2896 Manifestum
1020 2855 1104 2900 est
1150 2848 1294 2905 inter
1317 2866 1604 2927 utramque
1653 2863 1963 2934 Apologiam
1997 2877 2056 2921 ut
2131 2848 2133 2850 η

471 2927 737 2994 materite,
768 2933 840 2986 ita
869 2935 1034 2990 etiam
1066 2945 1373 3010 temporum
1405 2948 1725 3008 discrimen.
1757 2956 1880 3012 Plus
1906 2960 2049 3013 enim

467 3015 672 3075 doloris
696 3032 749 3076 et
773 3025 942 3080 animi
970 3028 1219 3087 Justinus
1239 3035 1288 3089 in
1307 3043 1545 3095 secunda
1566 3043 1863 3114 signiﬁcat,
1883 3066 2047 3119 quam

2179 533 2350 576 ret....
2404 524 2582 589 Atque
2616 521 2666 575 id
2711 520 2931 589 quidem
2968 519 3231 572 annuisti.
3272 537 3290 569 ι
3341 515 3487 571 Inde
3539 514 3781 572 Valesius

2179 615 2319 668 hanc
2349 614 2659 684 Apologiam
2685 613 2961 667 Antonino
2984 613 3223 667 oblatam
3251 610 3474 681 colligit
3503 627 3518 665 :
3553 620 3610 664 at
3635 627 3780 679 pror-

2175 722 2269 762 sus
2296 708 2588 762 immerito.
2620 706 2753 760 Nam
2782 704 3056 768 Justinus,
3087 721 3141 758 n.
3171 705 3235 768 5,
3273 704 3342 758 M-
3375 713 3439 757 et
3472 703 3566 768 15,
3599 703 3778 772 plures

2175 797 2484 868 compellat,
2515 807 2572 851 ut
2607 797 2753 866 regia
2785 805 3056 864 potestate
3081 796 3368 864 prteditos.
3398 793 3498 848 Sic
3530 793 3696 847 etiam
3724 793 3770 847 in

2174 889 2318 948 Actis
2373 890 2434 946 S.
2483 889 2687 946 Justim’
2742 889 3037 957 praefectus
3090 888 3225 942 dicit
3275 885 3532 970 Justino,
3591 903 3646 937 ιι.
3697 887 3773 939 ιε

2179 1001 2196 1034 ι
2231 983 2415 1044 Primo
2447 984 2550 1037 diis
2573 983 2737 1038 crede
2761 992 2812 1037 et
2837 982 3265 1050 imperatoribus
3291 983 3636 1048 obsequere.
3665 998 3684 1031 ι
3711 980 3774 1034 At

2173 1075 2314 1129 idem
2347 1092 2514 1130 unum
2539 1083 2936 1130 commemorat
2962 1115 2977 1138 ,
3012 1077 3137 1126 dum
3173 1073 3520 1128 sententiam
3569 1072 3770 1140 capita.

2173 1165 2278 1226 lem
2305 1166 2555 1235 profert:
2591 1186 2610 1218 ι
2645 1167 2746 1234 Qui
2795 1167 2903 1250 diis
2945 1164 3264 1220 sacriﬁcare
3302 1175 3359 1220 et
3417 1163 3771 1232 imperatoris

2173 1265 2446 1326 praecepto
2475 1270 2669 1325 parere
2701 1255 3018 1320 noluerunt,
3044 1254 3258 1324 ﬂagello
3282 1254 3418 1310 etesi
3454 1256 3527 1309 ad
3568 1255 3769 1324 capita-

2171 1346 2276 1404 lem
2327 1361 2544 1414 poenam
2596 1347 2962 1402 abducantur.
3025 1365 3043 1398 ›
3104 1347 3375 1403 Videntur
3432 1361 3573 1413 ergo
3632 1362 3766 1400 nunc

2170 1453 2356 1504 unus,
2413 1454 2556 1494 nunc
2614 1439 2796 1507 plures
2854 1439 3124 1498 nominari
3197 1439 3574 1509 imperatores
3625 1441 3763 1493 soliti

2169 1529 2367 1594 fuisse;
2415 1545 2518 1585 nec
2559 1532 2788 1598 proinde
2832 1546 3057 1586 necesse
3108 1543 3193 1586 est
3239 1547 3366 1586 cum
3417 1532 3766 1588 Tilletuontio

2170 1623 2308 1674 hanc
2343 1621 2655 1691 Apologiam
2680 1632 2775 1675 aut
2811 1633 2937 1677 ante
2968 1623 3121 1687 Lucii
3149 1623 3386 1677 reditum
3437 1636 3510 1675 ex
3543 1621 3763 1678 Oriente

2167 1724 2404 1782 autpost
2430 1714 2574 1768 illius
2608 1725 2840 1772 mortem
2871 1714 3111 1778 oblatam
3143 1715 3447 1784 suspicari.

2236 1805 2395 1859 Aliud
2450 1815 2829 1874 argumentum
2882 1808 3085 1876 repetit
3141 1807 3392 1864 Valesius
3453 1824 3522 1863 ες
3583 1807 3757 1864 Urbiri

2163 1897 2405 1960 nomine,
2435 1914 2600 1966 quem
2623 1901 2724 1954 sub
2755 1901 3030 1963 Antonino
3059 1903 3374 1970 prmfectttut
3411 1901 3759 1958 Urbisfuissc

2163 2003 2231 2043 ex
2270 1989 2530 2059 Apologia
2559 1989 2773 2060 Apuleii
2804 1992 3081 2047 Antonino
3115 1994 3297 2053 oblata
3337 1996 3658 2050 contendit.
3695 1997 3759 2048 At

2159 2091 2525 2151 praeterquam
2558 2087 2704 2150 quod
2735 2083 2803 2148 is,
2829 2087 2920 2152 qui
2953 2095 3286 2144 memoratos
3319 2086 3530 2141 Justini
3565 2087 3757 2153 Apolo-

2159 2172 2249 2242 gia
2301 2183 2570 2244 martyres
2623 2176 2926 2241 damnavit,
2979 2179 3220 2246 prtetorii
3283 2179 3587 2248 praefectus
3643 2195 3754 2234 esse

2158 2265 2365 2330 potuit;
2409 2265 2543 2319 nihil
2568 2276 2718 2319 vetat
2745 2270 2998 2322 eumdem
3031 2269 3192 2325 Urbis
3220 2271 3544 2338 prazfeetum
3588 2271 3750 2326 fuisse

2159 2356 2261 2410 sub
2305 2357 2581 2412 Antonino
2627 2371 2685 2412 et
2723 2359 2927 2446 Magco.
2973 2361 3229 2432 Apologia
3261 2364 3516 2433 Ap,uleii,
3551 2374 3610 2418 ut
3653 2366 3748 2417 ob-

2159 2457 2348 2515 servat
2371 2448 2775 2513 Tilletnonlius,
2805 2455 2905 2506 sub
2931 2453 3113 2508 Marco
3142 2455 3324 2522 potius
3355 2456 3567 2526 scripta
3591 2469 3748 2524 quant

2159 2539 2260 2594 sub
2283 2542 2581 2609 Antonino,
2615 2560 2774 2612 quem
2807 2545 2990 2599 divum
3022 2549 3285 2616 appellat.

2764 2678 2998 2736 CAPUT
3037 2681 3130 2739 ΙΧ.

2632 2812 2710 2875 De
2737 2810 2939 2865 Justini
2972 2815 3248 2883 marlyrio.

2153 2921 2194 2979 1.
2215 2922 2291 2990 l_)e
2312 2924 2494 2990 Jttstini
2535 2926 2583 2972 in
2603 2928 2951 2990 oppugnandis
3000 2928 3306 2990 philosophis
3353 2930 3655 2983 constantia.
3681 2928 3735 2978 ll.

2214 2986 2551 3050 Prtedicitcos
2574 2986 2665 3036 sibi
2681 2986 3022 3049 'inSidiaturos',
3045 2986 3405 3050 idque—evenit.
3426 2993 3512 3041 Ill.
3529 2993 3602 3041 De
3623 2998 3739 3039 tetu-

2215 3061 2337 3109 pore
2361 3053 2415 3096 et
2435 3048 2572 3098 Actis
2594 3051 2833 3111 martyrii.

466 3108 522 3170 in
554 3113 751 3186 prima.
785 3116 838 3175 id
864 3125 1006 3192 quod
1037 3139 1105 3182 ex
1133 3127 1422 3202 utriusque
1449 3136 1676 3193 exordio
1712 3142 1842 3196 satis
1882 3108 2047 3216 appa-
2077 3159 2121 3221 (ι
2221 3149 2268 3206 Ι.
2314 3151 2461 3206 Nihil
2505 3153 2720 3208 Justiuo
2767 3155 3010 3224 optatius
3052 3159 3275 3211 evenire
3308 3166 3550 3227 poterat,
3577 3171 3733 3226 quant

467 3217 569 3262 ret.
615 3210 928 3272 Crudeliora
972 3233 1365 3280 commemorat
1406 3228 1459 3283 in
1516 3230 1865 3291 Christianos
1915 3210 2050 3294 faci-

467 3316 634 3368 nora;
665 3316 717 3356 et
751 3322 871 3361 cum
907 3309 958 3364 in
991 3314 1167 3380 prima
1199 3317 1245 3350 ⁸³
1279 3319 1527 3391 dixisset,
1563 3328 1768 3384 nullum
1796 3347 1864 3387 ex
1893 3331 2054 3389 Chri-

463 3393 658 3449 stianis
691 3399 999 3456 confessum
1031 3420 1152 3461 esse
1183 3406 1249 3464 de
1301 3413 1627 3474 criminibus
1675 3422 1800 3477 huic
1843 3429 2050 3483 nomini

463 3484 678 3556 alIictis,
711 3493 807 3546 sed
851 3494 896 3548 si
928 3499 1052 3564 quis
1083 3501 1152 3554 ob
1183 3503 1364 3560 scelus
1413 3507 1701 3569 damnatus
1728 3518 1818 3581 sit,
1849 3536 1956 3574 non
1991 3533 2050 3577 ut

461 3579 834 3636 Christianum
861 3589 1290 3647 condemnatum
1323 3611 1476 3664 esse;
1530 3616 1717 3660 narrat
1759 3608 1811 3662 in
1844 3626 2046 3664 secun-

460 3669 528 3723 da
554 3670 599 3702 ⁸ο
637 3676 872 3742 gentiles
919 3687 1074 3738 tanto
1126 3685 1316 3743 furore
1345 3693 1569 3763 arsisse,
1621 3706 1678 3750 ut
1709 3700 2046 3757 Christiano-

460 3775 578 3814 rum
619 3779 808 3823 servos
836 3779 932 3823 aut
970 3787 1171 3841 pueros
1200 3788 1297 3833 aut
1327 3783 1678 3844 mulierculas
1709 3795 2045 3860 gravissimis

460 3854 795 3913 cruciatibus
825 3860 1071 3918 fabulosa
1101 3867 1188 3922 illa
1212 3871 1443 3928 cnitnina
1476 3854 1744 3947 εοεαειῆ
1766 3885 2040 3942 confiteri.

459 3941 595 3997 Tam
630 3947 851 4006 inimica
881 3954 1213 4014 Christianis
1239 3969 1486 4033 tempora
1523 3941 1627 4023 non
1655 3973 1916 4032 Antonini
1948 3982 2042 4048 qui

458 4034 567 4089 illis
595 4037 748 4106 favit,
773 4044 865 4098 sed
900 4045 969 4100 Μ.
1001 4050 1206 4105 Aurelii
1241 4053 1527 4122 imperium
1555 4062 1825 4132 redolent,
1860 4034 2042 4137 quilue

457 4133 696 4187 maximo
727 4137 943 4205 quidem
976 4140 1238 4200 beneficio
1261 4162 1589 4216 provocatus
1607 4171 1821 4227 aequum
1847 4133 1907 4216 se
1934 4163 2040 4220 illis

455 4225 703 4294 praebuit.

525 4317 726 4374 Lucius
758 4321 1279 4395 itnpcrator,'Marci
1311 4337 1545 4407 collega,
1580 4343 1771 4398 eodem
1798 4347 1959 4402 modo
1984 4350 2033 4403 in

453 4409 554 4463 hac
586 4413 846 4485 Apologia
876 4419 1195 4490 designatur
1219 4441 1282 4479 ac
1308 4429 1359 4482 iu
1393 4432 1594 4497 prima.
1637 4434 1729 4490 Sic
1752 4439 1897 4492 enim
1930 4439 2037 4493 Lu-

2156 3255 2279 3316 post
2314 3255 2391 3300 tot
2423 3247 2640 3301 labores
2666 3257 2721 3301 et
2751 3248 2994 3318 pericula
3036 3249 3204 3304 vitam
3236 3249 3412 3319 ipsam
3447 3265 3549 3321 pro
3579 3249 3733 3305 Chri-

2156 3349 2243 3393 sto
2270 3341 2624 3410 profundere.
2658 3342 2811 3396 lllum
2846 3344 3155 3398 constantia
3208 3342 3652 3400 Christianorum
3681 3342 3729 3394 in

2153 3439 2494 3494 cruciatibus
2534 3438 2878 3507 perferendis
2925 3453 3121 3509 magna
3160 3454 3225 3493 ex
3259 3452 3419 3519 parte
3455 3453 3731 3511 permove-

2153 3541 2240 3584 rat
2272 3537 2339 3584 ad
2383 3530 2822 3599 amplectendam,
2867 3529 3188 3598 religionem
3220 3532 3617 3598 Christianam,
3651 3532 3727 3586 ei-

2151 3637 2255 3692 que
2283 3630 2630 3694 persuaserat
2675 3636 2769 3676 eos
2807 3619 3053 3678 insontes
3095 3633 3150 3678 et
3195 3639 3362 3692 puros
3396 3639 3526 3680 esse
3558 3639 3588 3677 a
3622 3623 3725 3677 cri-

2151 3701 2413 3777 minibus,
2442 3727 2561 3783 quze
2593 3709 2700 3764 illis
2730 3710 3149 3781 aliingebantur.
3178 3711 3235 3768 In
3266 3713 3610 3770 defendenda
3639 3728 3724 3765 rc-

2148 3804 2350 3874 ligione
2385 3803 2428 3834 ⁶¹
2471 3803 2771 3872 saepissime
2801 3805 2906 3856 hoc
2936 3815 3260 3872 argumento
3305 3806 3501 3874 utitur,
3534 3819 3723 3873 nempe

2147 3894 2591 3959 Christianorum
2623 3893 2675 3946 in
2708 3893 3045 3950 cruciatibus
3079 3895 3422 3966 perferendis
3461 3905 3722 3954 constan-

2149 3989 2247 4052 tia,
2283 3995 2342 4040 ut
2370 3985 2665 4040 discrimen
2703 4001 2858 4040 nova:
2891 4001 2957 4041 ac
2993 3989 3207 4044 veteris
3255 3988 3392 4058 legis
3447 3989 3717 4048 ostendat,

2142 4089 2200 4134 et
2229 4088 2640 4143 testamentum,
2666 4082 2808 4148 quod
2863 4081 2993 4135 olim
3054 4081 3195 4136 Deus
3242 4084 3594 4151 promiserat,
3623 4082 3719 4133 ίιιι-

2143 4171 2346 4240 pletutn
2393 4181 2448 4226 et
2492 4171 2746 4226 omnibus
2793 4175 3148 4242 conspicuum
3199 4191 3325 4229 esse
3356 4176 3711 4229 demonstret.

2142 4259 2265 4316 Uno
2299 4261 2465 4316 verbo
2491 4271 2603 4315 tota
2647 4260 2849 4316 Justini
2879 4265 2987 4316 vita
3020 4265 3302 4318 meditatio
3333 4267 3586 4335 quautam
3616 4278 3710 4316 ex-

2138 4354 2282 4407 stitit
2316 4354 2590 4424 martyrii.
2625 4353 2836 4408 Nullam
2882 4357 3142 4410 doccndae
3179 4356 3426 4410 veritatis
3474 4354 3714 4412 occasio-

2141 4460 2264 4499 nem
2319 4446 2796 4514 praetermittebat,
2845 4462 3064 4514 semper
3121 4464 3350 4518 sperans
3410 4451 3607 4503 bonam
3657 4459 3712 4500 se

448 4503 566 4558 cius
601 4520 810 4578 martyr
851 4513 1145 4583 alloquitur
1197 4519 1496 4577 Urbicutn:
1546 4545 1566 4578 ι
1600 4524 1720 4581 Non
1769 4539 1826 4584 ut
1875 4533 2035 4588 decet
2067 4507 2111 4560 Β
2142 4545 2343 4590 terram
2383 4537 2752 4603 inventurum,
2787 4553 2853 4592 ac
2903 4537 2998 4591 Dei
3040 4537 3310 4606 judicium.
3362 4551 3628 4603 metuens,
3664 4534 3707 4588 si

447 4591 601 4648 Pium
642 4597 1074 4672 imperatorem,
1120 4626 1222 4664 non
1274 4623 1332 4667 ut
1375 4616 1756 4688 philosophum
1795 4622 2034 4680 Caesaris

447 4685 651 4754 filium,
695 4706 802 4746 non
852 4704 911 4748 ut
964 4714 1380 4760 sacrosanctum
1441 4722 1731 4778 senatum,
1781 4715 2030 4783 judicas,

446 4776 666 4837 Urbice.
707 4801 724 4834 ι
775 4783 833 4839 Si
868 4788 951 4843 his
998 4792 1049 4845 in
1080 4796 1264 4850 verbis
1313 4814 1418 4853 non
1469 4816 1761 4868 possumus
1805 4804 2031 4861 Lucium

443 4883 552 4921 non
597 4886 925 4943 agnoscere;
958 4880 1010 4935 in
1047 4883 1204 4940 titulo
1236 4887 1340 4955 Pii,
1385 4892 1478 4960 qui
1511 4891 1668 4947 alteri
1715 4894 2030 4964 imperatori

443 4961 725 5030 tribuitur,
757 4982 864 5023 non
892 4973 1203 5032 Antoninus
1235 4986 1616 5050 agnoscendus
1647 4995 1749 5049 est,
1778 4961 1873 5042 sed
1892 4988 2031 5042 Mar-

440 5066 563 5117 cus,
597 5057 681 5109 cui
722 5061 825 5114 etsi
849 5065 1086 5120 nondum
1121 5081 1344 5126 senatus
1381 5073 1540 5144 hujus
1583 5079 1824 5134 nominis
1853 5079 2025 5136 hono-

442 5159 554 5198 rem
605 5148 949 5223 decreverat,
998 5161 1199 5216 mirum
1249 5174 1428 5220 tamen
1480 5178 1575 5222 aut
1618 5171 2023 5228 incommodum

440 5237 614 5293 videri
650 5258 756 5297 non
782 5247 963 5311 debet,
997 5251 1043 5306 si
1076 5254 1122 5307 ei
1155 5269 1181 5308 a
1208 5257 1439 5324 privatis
1477 5261 1808 5330 hominibus,
1837 5265 2026 5335 quales

439 5341 598 5384 erant
632 5331 831 5393 Lucius
849 5351 900 5393 et
933 5342 1199 5410 Justinus,
1229 5348 1490 5404 defertur.

510 5421 663 5479 Unus
693 5433 1051 5500 compellatur
1099 5438 1394 5508 imperator
1447 5444 1500 5496 in
1548 5444 1650 5498 hac
1702 5447 1880 5514 Apol.,
1927 5451 2018 5505 ubi

442 5516 508 5569 de
555 5517 783 5575 muliere
833 5525 885 5576 in
925 5526 1188 5593 judicium
1238 5548 1266 5586 a
1302 5536 1500 5589 marito
1538 5551 1727 5591 vocata
1771 5540 2013 5594 dicitur:

446 5627 465 5660 ο
499 5610 678 5678 Atque
712 5615 799 5668 illa
841 5620 1060 5687 quidem
1093 5626 1276 5683 libello
1304 5633 1434 5698 tibi,
1471 5633 1785 5702 imperator,
1833 5636 2015 5691 oblato

508 5730 558 5777 θ’
596 5731 659 5796 Ν.
692 5737 748 5808 τὶ,
780 5737 832 5804 7,
867 5741 920 5796 8.
1001 5745 1042 5775 ⁶⁰
1069 5745 1129 5800 Ν.
1170 5750 1254 5804 l2.

2134 4640 2236 4694 per
2267 4626 2442 4696 ipsum
2481 4628 2747 4692 stetisset,
2784 4629 3075 4696 quominus
3120 4629 3318 4698 aliquis
3372 4635 3438 4686 ad
3469 4629 3709 4683 veritatis

2134 4719 2503 4786 cognitionem
2531 4721 2860 4788 perveniret.
2899 4721 3181 4777 Neminem
3209 4725 3495 4790 reveritus,
3521 4725 3708 4779 ctiam-

2134 4809 2179 4862 si
2214 4823 2245 4862 e
2276 4810 2505 4879 vestigio
2540 4812 2773 4881 discerpi
2805 4814 3168 4880 oportuisset,
3221 4831 3389 4869 ttnum
3445 4816 3495 4869 id
3533 4813 3704 4868 studio

2131 4902 2390 4966 habebat,
2426 4912 2485 4956 ut
2516 4919 2700 4957 verum
2751 4904 2804 4958 in
2848 4905 3110 4959 omnibus
3145 4906 3381 4961 diceret.
3409 4908 3540 4961 Cum
3569 4905 3704 4969 Apo-

2131 4993 2326 5062 logiam
2359 4994 2578 5049 oll‘erret
2604 5011 2700 5065 pro
2735 4995 3019 5061 fratribus,
3053 5007 3220 5067 atque
3267 5001 3528 5055 audacter
3555 5009 3701 5070 pete—

2131 5094 2214 5138 ret
2265 5095 2322 5138 ut
2373 5085 2440 5138 ad
2492 5090 2625 5139 Acta
2691 5089 3098 5156 deponeretur;
3141 5101 3340 5158 praeter
3371 5089 3699 5160 periculum,

2130 5178 2274 5246 quod
2317 5177 2392 5231 illi
2446 5179 2515 5234 ab
2566 5180 2671 5234 hac
2723 5180 2946 5250 egregia
3003 5183 3219 5237 actione
3273 5184 3611 5248 imminebat,
3647 5181 3698 5234 iu

2133 5269 2283 5322 aliud
2339 5285 2398 5324 se
2444 5271 2560 5340 ipse
2602 5272 2946 5340 conjiciebat,
2987 5272 3394 5341 Samaritanos,
3425 5292 3545 5347 qua:
3571 5287 3698 5344 gens

2134 5360 2380 5429 improba
2413 5371 2531 5415 erat
2567 5372 2620 5416 et
2651 5365 2718 5417 ad
2745 5379 2906 5418 omne
2961 5363 3177 5420 facinus
3211 5377 3420 5436 parata,
3447 5369 3616 5438 palam
3644 5373 3696 5416 et

2130 5463 2320 5520 aperte
2358 5453 2678 5518 incusando,
2709 5456 2854 5524 quod
2902 5457 3122 5513 homini
3143 5475 3302 5534 mago
3355 5461 3550 5516 summi
3604 5457 3693 5512 Dei

2129 5542 2342 5595 titulum
2369 5554 2424 5598 et
2453 5546 2715 5598 honorem
2741 5544 3105 5603 deferrent“.
3259 5535 3264 5542 ⁴

2197 5636 2302 5689 Sed
2339 5636 2484 5690 haud
2507 5635 2622 5691 scio
2649 5650 2716 5691 an
2751 5635 3010 5709 impavidi
3037 5641 3203 5699 animi
3235 5647 3531 5702 maximum
3573 5655 3686 5715 ερον

1335 5754 1374 5784 ⁰¹
1399 5756 1548 5824 Apol.
1587 5758 1641 5823 2,
1681 5778 1731 5812 ιι.
1774 5759 1852 5811 12.
1902 5762 1944 5790 δ’
1979 5760 2180 5834 Dialog.
2221 5778 2269 5820 η.
2315 5767 2434 5824 120-
