3932 6258
172 352 283 407 15⁸1

1216 354 1279 412 Ι).
1316 355 1581 411 MARANI
1618 355 2013 412 ΡΒίΕΡΑΤΙΟ.
2040 388 2110 398 —
2142 356 2324 413 PARS
2359 355 2449 415 IlI.

3410 362 3512 417 138

168 474 358 526 ciuica
388 470 639 526 ediderit
666 470 959 545 Iustinus,
994 492 1127 533 cum
1174 480 1531 549 phil050phos
1589 482 1816 537 adortus
1844 486 1889 542 A
1918 482 2263 538 Christianos
2293 481 2607 536 sacriﬁcare
2637 489 2923 551 cogerent,
2943 489 3040 537 aut
3067 482 3264 540 saltem
3289 483 3510 556 judircs

172 575 289 618 est.
342 562 408 615 Hi
457 576 594 616 cum
654 565 1047 633 imperatoris
1109 570 1350 624 animum
1382 572 1434 625 in
1464 570 1817 626 Christianos

176 656 583 719 incenderent,
642 671 716 715 ac
768 659 1157 729 philosophiae
1214 664 1433 716 nomine
1458 671 1512 715 et
1544 664 1813 716 virtutum

184 750 508 804 simulacris
568 753 987 807 auctoritatem
1043 754 1414 827 iniquissimis
1465 755 1821 810 criminatio-

193 845 356 897 nibus
378 842 797 911 conciliarent;
832 847 1081 901 detraxit
1107 847 1219 902 illis
1251 846 1445 917 pellem
1476 847 1730 903 Justinus
1757 866 1821 904 ac

198 936 504 989 introrsum
568 937 963 1005 turpissimos,
1025 936 1323 1008 fraudique
1354 950 1409 993 et
1435 939 1576 1010 gula:
1606 940 1820 996 deditos

211 1040 327 1081 esse
355 1027 783 1084 demonstravit
815 1029 886 1085 ⁸³.
922 1029 1117 1100 Itaque
1157 1046 1224 1087 eo
1256 1040 1531 1102 tempore,
1576 1048 1687 1103 quo
1719 1050 1819 1105 per

216 1129 377 1175 totum
409 1119 612 1175 orbem
646 1123 915 1192 quisquis
937 1138 966 1176 a
991 1123 1314 1179 Christiano
1345 1128 1718 1197 reprehensus
1747 1130 1818 1183 ob

212 1214 403 1267 deﬂeta
428 1211 618 1267 fuerat
636 1215 712 1278 “,
730 1215 1152 1271 incommodum
1180 1218 1507 1274 monitorem
1535 1218 1817 1289 perfacile,

222 1305 447 1359 nomine
492 1305 653 1361 illius
711 1306 1039 1374 deferendo,
1082 1308 1331 1377 tollebat,
1384 1314 1817 1379 exspectandum

211 1396 323 1451 fuit
343 1396 565 1452 Justino
606 1407 674 1453 ut
711 1400 788 1454 ab
816 1415 1029 1466 eorum,
1058 1416 1202 1471 quos
1238 1405 1694 1474 reprehenderat,
1721 1408 1821 1460 ali-

214 1490 399 1559 quoin
424 1488 708 1558 judicium
743 1502 1064 1549 vocaretur.
1117 1494 1211 1551 Sic
1242 1497 1362 1565 ipse
1393 1506 1630 1552 mentem
1661 1513 1817 1552 suam

221 1582 420 1647 aperit,
464 1584 626 1651 Apol.
662 1582 724 1648 2,
760 1601 914 1639 num.
945 1586 1016 1641 ὃς
1050 1606 1069 1639 ι
1107 1587 1219 1657 Ego
1254 1589 1419 1643 etiam
1455 1599 1731 1660 exspecto,
1761 1600 1819 1644 ut

226 1676 298 1728 ab
323 1690 513 1729 eorum
546 1693 694 1746 quos
723 1679 836 1733 dixi
873 1678 1057 1750 aliquo
1082 1681 1292 1737 insidiis
1313 1693 1543 1752 appetat
1562 1693 1617 1738 et
1638 1685 1702 1737 ad
1728 1687 1820 1739 sti,

221 1770 389 1834 pitem
415 1766 637 1837 aﬂigar,
670 1778 772 1823 aut
820 1782 972 1825 certe
1010 1774 1081 1828 ab
1120 1774 1210 1830 illo
1242 1778 1508 1845 strepitus
1535 1785 1592 1830 et
1623 1787 1814 1833 osten-

228 1861 453 1915 tationis
475 1872 741 1917 amatore
768 1864 1086 1921 Crescente.
1135 1886 1155 1920 ι

298 1951 359 2006 ll.
392 1954 473 2008 Ex
505 1955 693 2010 variis
751 1956 1064 2025 suppliciis,
1108 1972 1230 2027 qua:
1280 1958 1612 2014 Christianis
1646 1957 1813 2029 inlligi

222 2043 495 2107 solebant,
525 2061 703 2098 unum
751 2045 972 2115 aliquod
1008 2047 1277 2112 Justinus,
1312 2049 1517 2116 stipite,
1543 2049 1817 2116 designat,

224 2148 286 2190 ut
312 2140 634 2205 generatim
680 2140 890 2194 indicet
922 2156 982 2195 se
1016 2140 1363 2197 inimicorum
1392 2141 1608 2197 insidiis
1650 2141 1814 2196 vitam

226 2232 593 2286 amissurum.
643 2232 740 2287 Sic
788 2232 1165 2288 Tertullianus
1211 2234 1362 2288 varia
1402 2235 1671 2303 supplicia
1706 2250 1814 2288 uno

226 2321 523 2388 appellato,
562 2322 829 2376 nimirum
857 2322 1004 2391 igne,
1026 2325 1440 2393 comprehendit
1461 2325 1505 2357 ⁸⁵
1534 2344 1550 2379 :
1590 2343 1609 2375 ι
1641 2324 1817 2380 Caete-

229 2429 369 2477 rum,
398 2414 607 2480 inquit,
648 2416 698 2468 si
722 2430 790 2471 ex
827 2416 1190 2483 conscientia,
1221 2431 1324 2485 qua
1352 2416 1560 2472 scimus
1600 2417 1691 2471 Dei
1720 2433 1817 2470 no-

228 2520 349 2559 men
380 2517 439 2561 et
464 2508 688 2561 Domini
715 2516 772 2561 et
801 2507 951 2567 Patri
997 2516 1055 2561 et
1100 2508 1236 2563 Filio
1274 2520 1329 2563 et
1358 2509 1585 2577 Spiritui
1611 2525 1813 2564 conve-

232 2596 369 2663 nire,
406 2599 541 2653 deos
587 2610 644 2654 et
696 2601 949 2656 dominos
991 2602 1421 2663 nominaremus,
1456 2602 1815 2656 exstinxisse-

236 2704 351 2743 mus
379 2688 532 2743 faces
570 2700 801 2745 nostras
843 2692 1011 2745 etiam
1052 2692 1122 2745 ad
1173 2692 1432 2761 martyria
1490 2691 1813 2753 timidiores,

238 2782 433 2850 quibus
462 2782 739 2836 evadendi
765 2798 988 2852 quoque
1023 2792 1235 2852 pateret
1268 2781 1817 2849 occasiojurantibus

240 2872 420 2924 statim
468 2888 569 2940 per
611 2872 749 2928 deos
787 2881 837 2927 et
894 2873 1170 2938 dominos,
1203 2883 1262 2927 ut
1291 2873 1514 2941 quidam
1545 2872 1814 2939 haeretici,

242 2976 467 3029 quorum
512 2964 589 3017 dii
648 2964 858 3032 plures.
902 2984 921 3016 ι
961 2963 1110 3021 Idem
1145 2966 1247 3020 hoc
1275 2966 1398 3021 loco
1428 2964 1633 3020 factum
1660 2980 1690 3018 a
1717 2963 1817 3019 Ju-

246 3063 419 3129 stino;
449 3062 780 3134 martyrium
830 3076 860 3115 a
917 3077 977 3117 se
1024 3064 1333 3131 exspectari
1384 3063 1691 3133 significat,
1752 3078 1818 3117 ac

1923 583 2137 644 gratum
2169 588 2229 627 se
2257 573 2333 627 illi
2380 572 2629 628 facturos
2665 588 2944 644 sperasse,
2978 575 3025 629 si
3069 589 3132 630 se
3173 576 3243 630 ab
3290 592 3358 632 eo
3392 579 3509 633 haec

1923 665 2177 718 mandata
2210 666 2415 719 habere
2450 664 2718 719 dicerent.
2755 664 2849 720 Sic
2876 666 3022 721 enim
3074 666 3339 724 Rusticus
3367 685 3510 738 prae.—

1921 757 2093 812 fectus
2113 755 2327 812 Justino
2349 757 2648 811 dicebat":
2670 756 2896 828 Πρῶτον
2926 758 3184 832 πείσθητι
3216 762 3331 824 τοῖς
3364 760 3508 825 θεοῖς

1921 850 2016 903 καὶ
2045 849 2351 903 ὑπάκουσον
2383 851 2495 912 τοῖς
2545 848 2877 918 βασιλεῦσιν·
2918 868 2938 900 ι
2973 850 3159 906 Primo
3204 853 3311 907 diis
3342 854 3507 907 crede

1921 952 1978 996 et
2010 943 2431 1011 imperatoribus
2485 941 2812 1011 obsequere.
2853 960 2872 994 ι
2914 942 3215 1014 Postquam
3239 958 3301 998 se
3331 944 3382 998 in
3409 945 3504 1000 Ju-

1921 1037 2067 1092 stiuo
2111 1045 2168 1090 et
2199 1035 2365 1089 sociis
2414 1033 2535 1103 ejus
2566 1048 2791 1103 operam
2842 1033 3033 1088 ludere
3056 1017 3503 1100 Danimadvertit,

1921 1124 2179 1195 praecepit
2232 1134 2290 1177 ut
2338 1124 2427 1191 qui
2482 1123 2586 1176 diis
2632 1121 2971 1185 sacrificare,
3032 1132 3088 1177 et
3140 1123 3501 1191 imperatoris

1920 1227 2192 1286 praerepto
2211 1214 2279 1277 ⁸⁸,
2326 1212 2404 1284 τῷ
2440 1211 2533 1266 τοῦ
2557 1210 2957 1282 αὐτοκράτορος
2982 1212 3384 1284 προστάγματι,
3405 1230 3503 1284 pa-

1920 1324 2044 1371 rere
2087 1308 2400 1373 noluerant,
2460 1308 2527 1360 ad
2580 1306 2813 1375 capitale
2871 1306 3201 1376 supplicium
3260 1306 3504 1364 abduce-

1920 1410 2132 1456 rentur.

1992 1492 2106 1551 Sub
2138 1503 2243 1547 tam
2267 1492 2480 1546 infenso
2503 1488 2835 1549 Christianis
2864 1489 3198 1560 imperatore
3221 1494 3355 1551 satis
3383 1468 3506 1549 erai.

1920 1585 2214 1642 Christiani
2248 1598 2444 1638 nomen
2481 1582 2715 1646 deferre,
2750 1592 2806 1636 ut
2853 1583 3037 1637 statim
3089 1595 3404 1650 necaretur,
3455 1587 3502 1641 si

1920 1694 1981 1733 se
2015 1676 2371 1732 confiteretur
2420 1690 2542 1730 esse
2587 1675 2988 1729 Christianum.
3038 1676 3267 1730 Videtur
3319 1686 3500 1731 tamen

1920 1772 2191 1827 Crescens
2217 1771 2270 1823 in
2292 1769 2593 1824 occidendo
2610 1768 2827 1824 Justino
2850 1769 2970 1838 plus
3000 1771 3199 1839 negotii
3225 1770 3501 1835 habuisse,

1920 1877 2082 1930 quam
2115 1862 2157 1916 si
2187 1877 2353 1915 unum
2385 1877 2416 1916 e
2444 1860 2629 1914 multis
2653 1874 2944 1930 aggressus
2970 1860 3188 1917 fuisset.
3222 1861 3505 1917 Machina-

1922 1953 2122 2009 tionem
2149 1953 2297 2007 enim
2328 1953 2618 2022 quamdam
2646 1962 2701 2007 et
2726 1954 2976 2008 occultas
3006 1954 3315 2011 molitiones
3361 1957 3502 2011 indi-

1918 2053 2011 2099 cat
2039 2042 2325 2111 Tatianus,
2358 2044 2487 2099 dum
2537 2045 2614 2099 ait
2652 2045 3003 2100 Crescentem
3040 2064 3060 2097 t
3096 2045 3318 2102 Justino
3347 2064 3500 2102 mor-

1922 2145 2026 2189 tem
2056 2138 2231 2190 instar
2264 2137 2503 2206 ingentis
2531 2138 2656 2192 mali
2713 2138 3087 2193 machinatum
3140 2138 3336 2205 fuisse,
3375 2158 3394 2192 ›
3423 2139 3501 2205 ὡς

1916 2231 2013 2284 καὶ
2035 2230 2314 2287 Ίουστῖνον
2347 2231 2594 2303 καθάπερ
2628 2232 2847 2303 μεγάλῳ
2867 2232 3021 2303 κακῷ
3051 2232 3128 2304 τῷ
3161 2232 3377 2306 θανάτῳ
3413 2251 3506 2288 πε-

1922 2323 2157 2393 ριϐαλεῖν
2199 2323 2743 2394 πραγματεύσασθαι.
2793 2324 2957 2380 Forte
2985 2325 3207 2381 virtutis
3238 2334 3293 2381 et
3315 2328 3502 2381 crudis

1920 2416 2085 2469 tionis
2116 2415 2260 2468 fama
2296 2415 2501 2483 aliquid
2532 2415 2724 2484 gratia:
2751 2415 2971 2471 Justino
2995 2416 3416 2485 conciliaVerat,
3444 2426 3502 2474 et

1921 2508 2269 2576 imperatoris
2312 2523 2376 2562 ac
2405 2508 2656 2578 judicum
2704 2510 2920 2565 animos
2947 2511 3015 2564 ad
3051 2518 3263 2573 tantum
3293 2512 3498 2577 virum,

1918 2611 2078 2664 quem
2136 2597 2501 2653 Christianum
2550 2615 2673 2654 esse
2709 2615 2813 2655 non
2863 2601 3279 2672 ignorabant,e
3309 2605 3492 2660 medio

1921 2687 2217 2743 tollendum
2255 2689 2525 2742 tardiores
2564 2688 2821 2744 faciebat.

1988 2779 2077 2835 lll.
2117 2781 2373 2841 Testatur
2411 2781 2684 2836 Eusebius
2715 2784 3042 2854 martyrium
3071 2782 3272 2840 Justini
3301 2798 3502 2839 secum

1918 2874 2045 2928 dam
2110 2875 2422 2944 Apologiam
2473 2877 2729 2944 proximo
2781 2876 3076 2932 intervallo
3144 2880 3500 2938 subsecutum

1917 2983 2063 3025 esse.
2102 2970 2195 3023 Ait
2245 2970 2391 3023 enim
2440 2970 2589 3023 illum
2633 2969 2691 3023 in
2723 2970 2829 3024 hac
2873 2970 3134 3040 Apologia
3174 2970 3501 3041 praedixisse

1918 3062 2126 3116 exitum
2163 3060 2289 3115 vitae
2334 3076 2447 3114 sua:
2496 3072 2653 3126 prout
2694 3073 2809 3116 erat
2857 3062 2961 3129 ipsi
3004 3062 3306 3130 propediem
3345 3077 3501 3117 even.

248 3168 405 3206 unum
427 3164 521 3208 aut
562 3155 803 3221 alterum
852 3156 920 3210 de
964 3156 1151 3223 multis
1186 3158 1512 3225 supplicium
1540 3159 1806 3213 nominat.

1926 3165 2086 3218 Eurus,
2108 3154 2305 3226 ,ὥσπερ
2329 3149 2421 3207 οὖν
2454 3154 2548 3208 καὶ
2580 3154 2802 3225 ἔμελλεν
2832 3156 2958 3207 ὅσον
2988 3153 3142 3207 obruto
3172 3154 3301 3226 περὶ
3332 3154 3501 3213 αὐτὸν

252 3242 507 3299 Solebant
552 3246 704 3300 enim
748 3246 817 3300 ad
850 3246 1096 3315 stipitem
1129 3246 1343 3315 alligari
1369 3256 1425 3302 ct
1456 3248 1550 3317 qui
1586 3248 1731 3317 igne,
1762 3259 1820 3304 ut

256 3335 305 3387 iu
331 3335 677 3390 adnotatione
707 3336 775 3391 ad
808 3338 952 3392 hunc
996 3336 1178 3392 locum
1212 3339 1528 3403 observavi,
1584 3342 1817 3405 combu—

257 3425 397 3477 rendi
430 3436 611 3489 erant,
646 3435 701 3481 et
745 3427 837 3494 qui
868 3428 1057 3481 bestiis
1084 3429 1461 3489 tradebantur.
1498 3428 1652 3486 Unde
1681 3429 1818 3485 Ter-

262 3514 521 3579 tullianus,
544 3515 743 3575 lib.De
779 3518 987 3586 pudic.,
1010 3532 1059 3574 c.
1093 3518 1184 3584 2‘2,
1218 3520 1297 3573 sic
1322 3518 1598 3589 loquitur:
1632 3539 1652 3573 ε
1682 3521 1818 3576 Puta

263 3622 394 3661 nunc
414 3608 513 3662 sub
540 3609 749 3676 gladio,
801 3610 982 3679 capite
1029 3611 1264 3679 librato;
1302 3624 1431 3681 puta
1465 3614 1519 3668 in
1550 3615 1818 3684 patibulo,

256 3698 358 3766 jam
378 3702 551 3769 capite
574 3717 856 3770 expanso;
885 3713 1009 3771 puta
1046 3702 1100 3757 in
1130 3704 1338 3772 stipite,
1368 3706 1475 3776 iam
1504 3706 1663 3761 leone
1688 3723 1818 3762 con-

262 3804 437 3855 cessu;
470 3804 597 3859 puta
626 3793 681 3855 in
716 3807 842 3856 axe,
881 3792 993 3861 jam
1027 3794 1280 3851 incendio
1310 3804 1589 3864 astructo;
1618 3799 1672 3853 in
1702 3799 1814 3869 ipsa

262 3878 371 3933 dico
413 3883 705 3937 securitate
731 3892 789 3937 et
829 3886 1180 3954 possessione
1225 3890 1495 3962 martyrii,
1539 3890 1662 3963 quis
1689 3905 1818 3960 per-

262 3974 412 4027 mittit
440 3976 645 4029 homini
678 3977 886 4032 donare
928 3993 1050 4047 qua:
1079 3978 1191 4035 Deo
1228 3982 1554 4036 reservanda
1587 3983 1756 4037 sunt?
1794 4002 1812 4035 ι

264 4060 311 4115 ιιι
342 4065 448 4133 ipsa
480 4080 585 4121 axe
636 4066 1011 4136 alligabantur
1060 4070 1128 4124 ad
1176 4071 1418 4140 stipitem
1471 4073 1563 4143 qui
1596 4076 1821 4129 combu-

264 4159 397 4211 rendi
423 4169 604 4223 erant,
638 4169 701 4213 ut
732 4174 801 4215 ex
825 4160 933 4214 alio
958 4159 1281 4217 Tertulliani
1314 4164 1649 4239 testimonio,
1676 4168 1819 4236 quod

264 4250 308 4302 in
329 4250 669 4306 adnotatione
700 4252 882 4317 retuli,
929 4254 1274 4309 manifestum
1305 4266 1411 4311 est.
1443 4255 1565 4310 Vid.
1595 4259 1717 4311 Act.
1754 4257 1815 4315 S.

263 4338 552 4411 Polycarpi,
590 4359 646 4395 ri.
673 4343 763 4405 Li,
798 4352 855 4398 et
884 4343 947 4398 S.
984 4342 1221 4415 Philippi
1253 4346 1495 4413 Heracl.,
1516 4364 1571 4403 η.
1602 4349 1691 4406 15.
1725 4348 1820 4404 Ju-

258 4434 373 4488 stini
418 4435 588 4491 verba
620 4437 768 4491 haud
801 4438 963 4492 aliter
1020 4439 1291 4495 intellexit
1333 4441 1603 4497 Eusebius
1621 4443 1815 4513 “,qui

260 4538 311 4580 ut
344 4531 532 4595 probet
581 4530 635 4584 id
667 4530 813 4598 quod
851 4532 1167 4600 providerat
1193 4516 1442 4601 Iustinus
1474 4536 1549 4589 ita
1572 4537 1821 4592 evenisse
1853 4516 1869 4561 l'

258 4630 309 4672 ut
336 4622 688 4687 praedixerat,
734 4623 997 4690 martyrio
1065 4622 1216 4677 illum
1273 4634 1594 4693 coronatum
1651 4626 1821 4687 fuisse

254 4722 544 4775 asseverat,
599 4722 657 4767 et
710 4711 925 4766 Tatiani
970 4715 1284 4768 testimonio
1325 4716 1516 4782 utitur,
1567 4716 1659 4786 qui
1715 4717 1819 4772 hoc

257 4811 453 4856 tantum
501 4804 662 4870 dicit,
708 4815 942 4859 mortem
979 4806 1192 4861 Justino
1217 4807 1567 4873 Crescentem
1600 4810 1817 4864 machi-

257 4904 420 4946 natum
471 4895 666 4951 l'msse.
730 4896 808 4949 Ex
845 4912 955 4965 quo
1000 4908 1149 4965 patet
1186 4899 1271 4953 his
1318 4900 1521 4965 verbis,
1564 4900 1642 4973 τῷ
1675 4900 1816 4983 ξύλῳ

260 4985 578 5057 ἐμπαγῆναι,
607 4998 840 5043 mortem
883 4991 1193 5046 certissime
1233 4994 1531 5065 designari,
1566 5009 1671 5048 non
1714 4994 1813 5051 lla-

260 5077 371 5147 gella
425 5091 637 5134 tantum
700 5092 798 5135 aut
868 5099 1152 5153 nervum;
1202 5102 1267 5141 ac
1329 5087 1583 5156 supplicii
1642 5101 1816 5155 genus

262 5174 466 5240 exempli
497 5189 660 5229 causa
696 5174 1005 5239 nominari,
1036 5185 1094 5229 ut
1132 5179 1450 5249 martyrium
1509 5180 1815 5249 generatim

266 5264 526 5331 signiﬁcem
536 5283 581 5321 r.

310 5357 527 5417 Marcum
556 5362 863 5417 Aurelium
896 5371 1153 5415 recenset
1201 5360 1595 5427 Tertullianus,
1633 5363 1816 5431 Apol.,

253 5467 286 5507 (ι.
310 5455 356 5521 5,
382 5456 521 5512 inter
549 5473 653 5512 eos
690 5457 1096 5525 imperatores,
1140 5468 1167 5505 a
1199 5454 1401 5524 quibus
1448 5454 1595 5523 leges
1622 5456 1822 5508 adver-

242 5561 309 5603 tas
347 5550 707 5606 Christianos
767 5543 1018 5601 sancite:
1069 5559 1171 5597 nou
1220 5544 1458 5602 luerunt.
1494 5544 1601 5599 Sed
1641 5554 1822 5599 tamen

237 5646 403 5701 videtur
429 5661 531 5700 aut
588 5649 829 5698 secreta
862 5635 1156 5707 iudicibus
1197 5637 1413 5691 dedisse
1454 5638 1734 5704 mandata,
1766 5647 1828 5693 ut

275 5768 466 5833 πται,
494 5785 556 5822 n.
595 5764 693 5819 19.
789 5760 838 5792 ⁸³
864 5757 1114 5825 Αρο1.9.,
1142 5773 1191 5809 n.
1228 5759 1273 5810 Ι.

224 5842 264 5896 S.
288 5842 422 5911 Just,
457 5858 514 5911 μ.
550 5836 684 5893 188.

1344 5760 1385 5790 θ’
1410 5758 1543 5813 Adv.
1571 5758 1756 5827 Prax.,
1787 5776 1833 5815 c.
1872 5761 1954 5814 l5.

1923 3245 2317 3318 συμϐήσεσθαι.
2376 3244 2604 3300 Passum
2652 3245 2925 3298 Justinum
2977 3244 3125 3299 circa
3157 3260 3359 3299 anuttm
3395 3245 3499 3299 168

1920 3338 2201 3395 existimat
2242 3337 2644 3399 Tillemontius,
2698 3337 2826 3405 quia
2874 3336 3145 3391 Eusebius
3177 3336 3323 3391 illius
3350 3350 3500 3391 mar-

1923 3432 2125 3501 tyrium
2182 3428 2356 3483 refert
2385 3436 2506 3497 post
2535 3427 2595 3481 S.
2627 3426 2914 3499 Polycarpi
2956 3428 3293 3497 passionem,
3333 3444 3497 3496 quam

1923 3521 2092 3576 multa
2150 3521 2420 3575 rationum
2483 3529 2760 3572 momenta
2793 3520 2860 3575 ad
2897 3534 3101 3573 annum
3138 3519 3240 3574 ltili
3294 3519 3501 3574 referre

1922 3624 2144 3683 cogunt,
2175 3624 2229 3667 et
2262 3623 2391 3669 ante
2422 3614 2637 3668 Aniceti
2667 3623 2922 3679 mortem,
2955 3626 3122 3682 quam
3163 3612 3278 3684 ipse
3330 3612 3499 3667 Euse-

1922 3707 2043 3760 bius
2077 3706 2142 3759 ad
2176 3721 2379 3759 annum
2408 3704 2511 3759 168
2564 3703 2913 3759 referendam
2966 3705 3144 3759 duxit.
3198 3704 3276 3758 Eo
3329 3704 3503 3759 liben-

1922 3801 2029 3861 tius
2073 3798 2344 3854 assentior
2376 3797 2591 3851 erudito
2634 3796 2776 3861 viro,
2826 3796 2973 3864 quod
3025 3796 3172 3855 illius
3221 3797 3499 3851 sententia

1923 3906 2043 3946 cum
2077 3899 2190 3945 tota
2230 3903 2411 3945 rerum
2438 3903 2470 3942 a
2499 3886 2712 3944 Justino
2745 3896 3029 3959 gestarum
3063 3889 3207 3945 serie
3234 3887 3500 3958 praeclare

1921 3981 2177 4051 quadram

1992 4075 2124 4127 Acta
2152 4073 2394 4142 martyrii
2434 4072 2493 4128 S.
2526 4071 2735 4127 Justini
2781 4071 3012 4141 ejusque
3039 4071 3320 4127 sociorum
3353 4072 3501 4127 inter

1922 4180 1985 4223 ea
2012 4174 2369 4220 numerantur
2391 4165 2460 4219 ab
2482 4165 2737 4229 eruditis,
2764 4178 2886 4233 quae
2912 4164 3151 4217 maxime
3192 4164 3407 4219 sincera
3435 4179 3501 4220 ac

1922 4271 2056 4326 pura
2090 4265 2236 4313 sunt.
2273 4255 2331 4309 Si
2371 4255 2612 4325 excipias
2641 4264 2874 4324 quatuor
2916 4253 3127 4323 priores
3155 4252 3355 4320 lineas,
3381 4269 3501 4322 quae

1922 4349 2097 4402 instar
2123 4346 2462 4417 praefationis
2487 4346 2686 4403 additae
2731 4344 2983 4409 fuerunt,
3013 4344 3220 4398 uullmn
3257 4346 3501 4413 reperies

1924 4456 2118 4495 manus
2159 4438 2473 4494 audacioris
2518 4438 2751 4493 facinus.
2791 4438 2868 4500 Ex
2900 4439 2986 4493 bis
3019 4438 3279 4491 nonnulla
3308 4447 3497 4493 trans.

1924 4534 2033 4587 lata
2059 4532 2114 4586 in
2148 4531 2410 4588 Menteum
2463 4530 2801 4596 Grzecorum,
2846 4530 2939 4584 sed
2968 4530 3182 4599 penitus
3214 4529 3501 4599 rejieiendi

1926 4634 2037 4678 tres
2072 4638 2286 4689 versus,
2326 4624 2420 4694 qui
2464 4623 2645 4693 inepte
2678 4623 2730 4675 in
2773 4631 3089 4676 contextum
3122 4618 3310 4675 Μοηωί
3360 4621 3502 4675 ἱιτθς

1920 4727 2151 4787 pserunt
2181 4736 2194 4771 :
3156 4776 3163 4785 ,

1976 4808 2364 4868 ,ΙΟΥΣΤῙΝΟΝ
2395 4807 2702 4861 ΚΩΝΕΙΟΝ
2733 4808 2920 4860 ΗΡΕΝ
2952 4808 3047 4860 ΕΚ
3085 4807 3247 4860 ΒΙΟΥ
3272 4823 3285 4836 ·

1991 4900 2074 4951 ΩΣ
2102 4900 2254 4952 ΕΙΘΕ
2276 4900 2552 4953 ΠΡΩΤΟΝ
2586 4900 2763 4951 ΤΟΥΣ
2790 4899 2980 4951 ΠΙΕΙΝ
3013 4896 3426 4951 ΔΕΔΩΚΟΤΑΣ.

1987 4992 2219 5054 ΠΡΩΤΗ
2252 4993 2534 5045 ΙΟΥΝΙΟΥ
2558 4991 2925 5045 ΙΟΥΣΤΙΝΟΝ
2959 4989 3429 5054 ΕΛΛΕΒΟΡΙΖΕΙ,

2060 5099 2253 5157 ειουτιε
2282 5099 2502 5138 MORTEH
2535 5098 2682 5137 SEVA
2709 5098 2930 5137 JUSTINO
2955 5097 3216 5136 ATTULIT.

2063 5190 2096 5229 0
2148 5191 2197 5229 SI
2235 5191 2562 5239 EBIBISSENT,
2590 5190 2677 5240 QUI
2710 5188 3112 5236 PRxEBUEBUNT,
3138 5187 3315 5227 PRIUS.

2064 5284 2322 5324 JUSTINUM
2342 5285 2457 5323 JUNI
2497 5280 2873 5321 PERSANAVERE
2895 5280 3179 5319 KALENDE.

1930 5361 2040 5416 llos
2068 5376 2261 5415 versus
2307 5362 2381 5414 ita
2423 5361 2659 5414 reddidit
2706 5358 3098 5419 Halloixius“,
3130 5354 3224 5410 sed
3273 5370 3504 5409 accura-

1931 5455 2039 5509 tius
2083 5452 2329 5505 ultimum
2382 5466 2597 5505 versum
2634 5453 2942 5515 reddemus,
2964 5450 3009 5503 si
3044 5448 3171 5502 illud
3230 5447 3503 5518 ἐλλεϐορί-

1931 5545 2012 5609 ζει
2059 5544 2484 5613 interpretemur
2531 5560 2727 5596 veneno
2769 5544 2981 5596 occidit.
3029 5542 3307 5598 Iustinum
3366 5544 3503 5600 Iuni

1931 5638 2157 5694 elleboro
2207 5637 2452 5690 occidere
2504 5636 2782 5690 Kalenda’.
2827 5638 3229 5706 Vltuperaudus
3256 5638 3505 5707 profecto

2035 5761 2077 5791 ⁸6
2113 5760 2229 5815 Lib.
2255 5774 2330 5822 tv,
2356 5773 2401 5811 (ξ.
2427 5758 2509 5811 16.
2573 5757 2615 5788 ⁸⁷
2657 5759 2776 5811 Act.
2818 5774 2869 5810 ll.
2903 5758 2952 5811 1.
3032 5755 3076 5785 ⁵⁸
3100 5753 3163 5807 Ν.
3190 5754 3220 5806 4
3320 5756 3363 5791 ⁸⁸
3398 5754 3500 5809 Vit.
