3932 6258
471 367 578 424 159

470 488 566 555 qui
598 487 651 540 in
673 493 995 541 contextum
1040 486 1299 540 omnibus
1348 488 1462 541 suis
1496 489 1749 556 partibus
1779 487 2047 557 pra-clare
2078 487 2122 541 A

473 582 783 635 absolutum
842 582 1208 651 ineptissian
1262 582 1381 635 illos
1437 599 1630 639 versus
1685 584 1941 642 inseruit.
1996 592 2051 637 et

472 675 922 743 splendidissimo
964 673 1160 729 Justini
1197 676 1461 745 martyrio
1493 677 1750 743 probrum
1777 691 1940 730 ausus
1966 683 2052 728 est

478 782 791 837 aspergere.
848 768 983 822 Nam
1032 770 1308 839 quidquid
1365 770 1417 823 in
1462 768 1665 823 Menam
1723 769 1789 822 de
1836 766 2051 823 Iustino

476 858 705 927 eiusque
745 861 909 914 sociis
935 862 1154 926 dicitur,
1203 861 1432 915 mirifice
1463 877 1585 915 cum
1632 861 1776 914 Actis
1806 861 2051 929 martyrii

476 953 770 1015 consentit,
796 952 1166 1021 exceptisillis
1192 952 1457 1005 versilms.
1490 952 1705 1007 Iustino
1735 960 1913 1004 autem
1944 966 2050 1003 non

471 1040 583 1106 jam
627 1040 800 1095 honor
828 1042 1107 1095 habendus
1134 1050 1299 1107 esset,
1326 1052 1387 1096 ut
1426 1041 1678 1111 martyri,
1712 1042 1755 1094 si
1776 1054 2050 1092 venenum

475 1138 666 1199 sponte
719 1133 1060 1202 sumpsisset,
1111 1135 1204 1188 sed
1252 1142 1310 1188 ut
1363 1136 1444 1189 sui
1483 1134 1771 1187 homicidae
1817 1133 2053 1187 dedecus

478 1225 804 1277 inurendum
835 1234 1010 1291 esset;
1043 1237 1137 1278 aut
1161 1226 1205 1281 si
1234 1227 1376 1281 clam
1413 1240 1626 1279 veneno
1681 1225 1928 1280 sublatus
1971 1225 2054 1278 fo-

476 1326 595 1372 ret:
630 1333 737 1371 non
783 1328 992 1371 tantum
1038 1319 1319 1373 habuisset
1375 1317 1624 1388 martyrii
1685 1316 2052 1381 splendorem,

472 1420 741 1479 .quantum
775 1420 885 1463 tota
917 1411 1219 1479 antiquitas
1252 1408 1594 1479 przedicavit.
1630 1409 1785 1463 Haud
1832 1410 2053 1464 dubium

475 1515 609 1570 ergo
651 1502 780 1569 quin
818 1511 929 1556 tres
965 1501 1043 1555 illi
1068 1515 1259 1557 versus
1290 1502 1528 1556 hominis
1570 1502 1790 1557 absurdi
1840 1502 2054 1557 facinus

473 1592 812 1646 exstiterint.

544 1684 787 1739 Conatus
819 1695 903 1740 est
942 1686 1070 1740 huic
1098 1686 1446 1740 incommodo
1488 1686 1695 1741 mederi
1731 1685 2055 1754 Halloixius,

473 1789 537 1827 ac
577 1774 834 1838 cicutam,
868 1790 988 1844 quae
1013 1775 1287 1832 Iustinum
1330 1776 1575 1842 sustulit,
1611 1793 1881 1831 venenum
1919 1780 2059 1832 invi-

1402 365 1461 421 S.
1498 364 1839 423 JUSTINUS
1863 357 2344 418 PHILOSOPHUS
2381 355 2465 410 ET
2499 351 2811 410 MARTYR.

3654 344 3757 399 160

2789 470 3018 528 CAPUT
3056 470 3105 524 Χ

2192 614 2264 666 De
2299 611 2524 666 Tatiano
2553 629 2615 665 ac
2645 615 2872 681 primum
2903 609 2965 660 de
2991 606 3134 688 illius
3161 604 3351 657 studiis
3380 604 3705 657 litterarum

2730 692 2777 733 ει
2808 692 3165 733 εοηυεηιωιε.

2153 802 2188 852 1.
2216 800 2451 849 'l‘atianus
2488 793 2713 844 omnibus
2758 792 3030 843 disciplinis
3051 792 3129 838 dat
3150 801 3378 852 operam:
3396 785 3757 852 "souomudo

2215 863 2371 910 factus
2405 860 2724 911 Christianus.
2756 856 2842 905 lll.
2887 860 2999 922 ligus
3040 849 3203 905 fervor
3241 850 3331 899 sub
3352 849 3566 899 Iustino
3598 850 3756 909 magi-

2214 930 2317 971 stro

2232 1046 2273 1103 Ι.
2307 1044 2570 1098 Tatianus
2603 1043 2655 1097 in
2688 1041 3042 1112 Assyriorum
3077 1050 3222 1093 terra
3269 1048 3465 1092 natum
3519 1049 3584 1090 se
3631 1050 3754 1090 esse

2156 1144 2432 1189 testatur:
2473 1134 2669 1205 Syrum
2723 1140 2883 1186 vocat
2922 1131 3275 1200 Epiphanius,
3309 1130 3521 1183 Interes.
3566 1128 3661 1187 46.
3698 1135 3754 1179 et

2157 1226 2209 1278 iu
2246 1224 2506 1288 indiculo,
2540 1238 2662 1291 pag.
2685 1222 2813 1285 251,
2841 1238 2868 1274 e
2897 1221 3281 1287 Mesopotamia
3312 1220 3616 1272 oriundum
3644 1235 3752 1273 esse

2152 1316 2305 1371 dicit.
2337 1316 2535 1385 Syrum
2561 1317 2726 1368 etiam
2765 1312 3054 1381 appellavit
3084 1312 3373 1365 Tatianum
3420 1308 3753 1364 Theodore-

2157 1417 2243 1461 tus
2265 1409 2332 1462 ⁷⁸.
2366 1406 2482 1461 Non
2514 1407 2838 1465 inusitatum
2872 1414 2991 1460 erat
3039 1412 3095 1457 ut
3145 1403 3353 1474 Assyrii
3410 1414 3754 1456 vocarentur

2157 1500 2252 1566 qui
2310 1499 2656 1553 Palaestinam
2706 1498 3047 1559 incolebant;
3092 1497 3248 1565 cujus
3296 1495 3373 1549 rei
3430 1494 3751 1562 exemplum

2155 1595 2470 1663 suppeditat
2511 1591 2845 1647 Themistius
2892 1590 2944 1643 iu
2999 1588 3153 1644 Orat.
3183 1589 3233 1652 7,
3268 1589 3362 1643 ubi
3415 1590 3558 1643 illud
3608 1588 3753 1643 Scri-

2157 1699 2329 1756 ptura:
2358 1704 2372 1739 :
2403 1685 2511 1741 Cor
2553 1685 2689 1754 regis
2732 1684 2785 1737 in
2820 1699 2981 1736 manu
3021 1680 3115 1735 Dei
3142 1683 3211 1747 ’¹¹,
3264 1696 3331 1736 ex
3382 1681 3750 1751 Assyriorum

2163 1782 2319 1835 lzbris
2366 1781 2745 1847 depromptum
2792 1791 2915 1833 esse
2966 1779 3187 1831 asserit.
3222 1774 3403 1829 Statui
3457 1790 3598 1843 ergo
3645 1790 3748 1827 non

474 1870 574 1923 dim
605 1882 724 1923 esse
760 1869 1120 1930 existimavit,
1161 1882 1282 1936 quae
1319 1867 1674 1921 Crescentem
1733 1869 1801 1921 ad
1859 1884 2055 1923 necem
2090 1866 2131 1920 B
2161 1880 2341 1940 potest
2375 1880 2552 1923 utrum
2587 1871 2638 1923 in
2669 1870 2849 1941 Syria,
2882 1884 2948 1922 an
2982 1868 3279 1938 iuAssyria
3306 1869 3545 1935 proprie
3577 1868 3744 1930 dicta,

471 1958 686 2013 Justino
712 1962 1037 2015 moliendam
1074 1960 1306 2028 impulit.
1336 1960 1443 2014 Sed
1468 1960 1610 2014 hanc
1650 1958 2052 2028 interpretatio-

472 2069 598 2109 nem
626 2069 733 2108 non
770 2056 977 2124 patitur
999 2068 1193 2108 versus
1241 2052 1330 2106 ille
1378 2052 1683 2108 secundus:
1724 2052 1767 2107 0
1791 2054 1838 2106 si
1872 2053 2057 2107 ebibis-

470 2156 608 2210 senl,
625 2147 714 2216 qui
743 2147 1101 2215 pra'buerunt,
1124 2144 1309 2213 prius!

545 2239 621 2292 Ex
650 2240 753 2293 hoc
786 2242 852 2293 de
876 2237 1075 2293 Justiui
1126 2245 1303 2291 morte
1339 2246 1654 2293 commento
1691 2246 1817 2293 nata
1849 2249 1932 2294 est
1960 2253 2053 2293 oc-

471 2332 620 2385 casio
651 2335 786 2386 duos
826 2329 1070 2385 Justinos
1097 2330 1357 2400 ﬁngendi,
1410 2330 1643 2384 alterum
1671 2330 2053 2399 philosophum

472 2435 524 2475 rt
556 2423 815 2477 eximium
843 2423 1187 2490 scriptorem,
1222 2436 1458 2489 eumque
1498 2436 1709 2476 veneno
1743 2422 2053 2477 sublatum:

472 2517 701 2569 alterum
750 2530 872 2567 eum
903 2514 1069 2569 sociis
1101 2512 1420 2579 Charitoue,
1463 2512 1776 2578 Charitina,
1835 2514 2051 2576 Pmone,

475 2606 770 2661 Liberiano
806 2607 1029 2677 (legitur
1083 2606 1375 2659 Valeriano
1407 2608 1459 2659 in
1492 2605 1742 2673 Memno),
1777 2604 2054 2674 Evelpisto

472 2710 527 2754 et
565 2698 790 2753 llierace
815 2714 1058 2767 passum.
1089 2697 1195 2752 Sed
1229 2700 1358 2753 huic
1386 2698 1634 2768 opinioni
1670 2698 1784 2767 ipsa
1811 2696 1965 2763 Acta,
1999 2697 2053 2751 in

474 2793 669 2862 quibus
693 2792 939 2848 Justinus
969 2792 1019 2844 in
1046 2792 1192 2845 omni
1221 2791 1637 2858 disciplinarum
1672 2805 1871 2861 genere
1896 2805 2056 2844 exer-

474 2889 679 2942 citatus
733 2887 923 2949 fuisse,
966 2884 1263 2954 discipulos
1332 2884 1564 2949 habere,
1619 2899 1741 2938 cum
1793 2884 2053 2939 omnibus

474 2980 804 3033 adeuntibus
830 2979 1133 3031 doctrinam
1163 2975 1409 3035 veritatis
1428 2976 1853 3042 communicare,
1881 2989 1945 3029 ac
1972 2975 2056 3031 bis

474 3071 704 3126 Romam
739 3071 961 3125 venisse
986 3071 1205 3134 dicitur,
1239 3070 1312 3123 ita
1350 3068 1671 3133 reclamant,
1702 3077 1762 3122 ut
1799 3082 1920 3122 eam
1947 3081 2051 3123 non

474 3166 649 3235 magis
680 3165 846 3219 libeat
874 3163 995 3218 data
1027 3177 1192 3232 opera
1222 3162 1493 3227 refellere,
1531 3177 1696 3232 quam
1723 3162 1867 3231 quod
1905 3161 2051 3232 Apo-

474 3258 597 3315 nius
650 3257 885 3327 scriptor
924 3256 1107 3314 sazculi
1165 3254 1383 3325 septimi
1439 3255 1507 3310 de
1556 3252 1771 3309 Justino
1820 3254 1959 3310 dixit
1983 3255 2053 3320 '°,

472 3366 597 3406 eum
624 3365 654 3403 a
685 3348 1027 3419 philosophis
1068 3349 1334 3417 occisum,
1374 3362 1498 3403 cum
1536 3346 1731 3407 caltide
1759 3348 1818 3403 in
1852 3358 2056 3407 secreto

474 3454 689 3500 vocatus
715 3444 781 3498 ab
804 3445 885 3499 eis
920 3443 1137 3499 fuisset.

546 3537 737 3607 Magna
763 3537 876 3606 jam
908 3552 973 3590 ex
1010 3543 1163 3604 parte
1185 3535 1455 3605 explicata
1489 3546 1543 3591 et
1570 3535 1747 3591 soluta
1779 3536 2056 3605 videntur,

475 3645 597 3699 qu:e
639 3630 907 3683 adversus
955 3628 1071 3681 bare
1110 3627 1246 3682 Acta
1294 3628 1461 3696 objici
1506 3629 1741 3699 possint,
1795 3630 2056 3683 nimirum

475 3725 624 3794 quod
653 3740 795 3778 unus
822 3733 1160 3778 memoratur
1195 3725 1513 3793 imperator,
1540 3725 1793 3794 quamvis
1820 3725 1925 3778 duo
1950 3724 2058 3778 Ro-

477 3831 702 3871 manum
747 3815 1036 3884 imperium
1074 3824 1202 3868 tunc
1237 3824 1524 3883 regerent;
1555 3820 1699 3885 quod
1730 3817 1969 3871 edictum
2004 3817 2056 3869 in

476 3908 827 3961 Christianos
849 3908 1067 3962 dedisse
1098 3908 1316 3969 dicitur,
1346 3909 1598 3979 quamvis
1622 3909 1825 3963 nuilum
1850 3910 2060 3963 Marcus

481 3997 673 4053 tulisse
710 3998 1092 4066 perhibeatur;
1120 4000 1264 4067 quod
1296 3998 1541 4051 Iconium
1580 4000 1630 4052 in
1667 3998 1904 4069 Phrygia
1943 3999 2058 4053 col-

477 4090 712 4145 locatur.
754 4091 976 4146 Duabus
1011 4091 1203 4159 primis
1234 4091 1646 4147 difﬁcultatibus
1673 4091 1784 4158 jam
1817 4092 2058 4147 occurri.

476 4182 631 4247 Quod
659 4190 872 4250 spectat
903 4184 970 4237 ad
1002 4184 1240 4247 tertiam,
1270 4199 1375 4239 non
1411 4185 1609 4239 desunt
1636 4185 1727 4253 qui
1760 4198 1857 4254 pro
1888 4182 2061 4254 Phry-

477 4273 564 4339 gia
594 4270 855 4326 Pisidiam
885 4273 989 4341 (sic
1016 4274 1160 4327 enim
1191 4275 1329 4343 apud
1362 4273 1647 4339 Basiliam,
1678 4290 1766 4342 ep.
1794 4273 1920 4341 158,
1947 4273 2063 4328 Ico-

478 4361 630 4415 nium
656 4361 874 4415 Pisidiaa
901 4363 1100 4417 civitas
1121 4363 1371 4435 dicitur),
1398 4373 1491 4419 aut
1520 4380 1618 4435 pro
1642 4365 1824 4420 lcouio
1851 4364 2063 4435 Lycao-

477 4454 627 4508 niam
673 4462 961 4522 reponant.
989 4453 1165 4521 Atque
1210 4457 1325 4510 hazc
1357 4457 1642 4527 responsio
1674 4458 1846 4526 aequis
1878 4472 2058 4511 rerum

2159 1971 2271 2027 aut,
2304 1971 2365 2015 ut
2395 1961 2632 2016 credldit
2662 1960 3000 2031 Epiphanius
3020 2002 3036 2028 ,
3073 1960 3125 2013 in
3154 1958 3559 2027 Mesopotamia
3594 1966 3750 2010 italus

2156 2056 2231 2110 sit
2273 2052 2557 2118 Tatianus,
2600 2068 2723 2107 cum
2762 2053 2973 2123 Assyrii
3011 2065 3211 2107 nomen
3259 2051 3392 2121 ipsis
3429 2051 3605 2105 etiam
3654 2048 3751 2104 He-

2159 2149 2318 2204 bneis
2352 2147 2644 2202 tribuatur.

2229 2239 2474 2295 Primum
2508 2238 2725 2293 Tatiani
2752 2237 3062 2293 institutum
3084 2237 3410 2306 superstitio
3438 2235 3547 2290 fuit
3576 2246 3631 2291 et
3660 2251 3749 2289 ve-

2155 2334 2383 2389 hemens
2428 2332 2608 2387 omnis
2652 2332 2980 2385 litteratura:
3028 2329 3290 2383 studium.
3337 2329 3517 2383 Docet
3557 2329 3673 2398 ipse
3703 2328 3749 2360 “

2158 2434 2307 2480 tanta
2354 2439 2414 2479 se
2459 2424 2854 2493 superstitione
2886 2423 3192 2486 laborasse,
3233 2430 3294 2475 ut
3334 2423 3507 2476 variis
3536 2423 3592 2475 in
3622 2422 3745 2474 locis

2158 2522 2527 2589 mysteriorum
2555 2519 2819 2586 particeps
2841 2517 2990 2587 ﬁeret
3018 2535 3082 2571 ac
3113 2518 3305 2586 ubique
3337 2517 3629 2586 religiones
3660 2531 3747 2569 ea:-

2155 2608 2406 2679 ploraret.
2441 2610 2553 2664 Nec
2585 2620 2765 2665 tamen
2816 2619 2896 2663 tot
2944 2610 3194 2679 regiones
3226 2610 3455 2664 obeunti
3490 2610 3543 2664 id
3575 2609 3742 2663 solum

2156 2702 2501 2772 propositum
2534 2710 2679 2768 erat,
2712 2712 2771 2755 ut
2804 2702 3085 2772 mysteriis
3116 2702 3456 2766 initiaretur,
3493 2703 3589 2755 sed
3620 2701 3743 2754 illud

2157 2800 2322 2854 etiam
2348 2798 2606 2864 maxime,
2641 2808 2699 2851 ut
2724 2796 3081 2866 multiplicem
3113 2794 3483 2849 eruditionem
3518 2794 3741 2861 collige-

2158 2903 2262 2949 ret.
2294 2891 2387 2945 Sic
2419 2891 2565 2945 enim
2607 2890 2849 2961 loquitur
2877 2890 2943 2943 de
2969 2890 3035 2943 iis
3060 2904 3181 2957 qua:
3213 2888 3627 2956 peregrinando
3650 2901 3741 2939 co-

2159 2994 2443 3056 gnoverat,
2484 3001 2538 3038 n.
2579 2985 2650 3040 ’55
2686 3000 2700 3037 :
2734 2984 2921 3038 Ταῦτα
2965 2984 3063 3055 μὲν
3098 2985 3158 3036 οὐ
3195 2983 3325 3055 παρ’
3359 2982 3526 3035 ἄλλον
3562 2979 3742 3052 μαθὼν

2156 3078 2441 3149 ὲξεθέμην,
2488 3076 2685 3148 πολλὴν
2724 3078 3084 3148 ὲπιφοιτήσας
3124 3078 3257 3148 γῆν,
3304 3077 3399 3130 καὶ
3445 3076 3603 3130 τοῦτο
3650 3074 3743 3144 μὲν

2160 3169 2518 3239 σοφιστεύσας
2554 3169 2622 3222 τὰ
2653 3169 2894 3240 ὑμετέρα
2914 3208 2927 3232 ,
2964 3168 3123 3222 τοῦτο
3156 3170 3213 3223 δὲ
3250 3169 3473 3241 τέχναις
3506 3168 3600 3222 καὶ
3627 3170 3741 3220 ἑπι-

2157 3259 2327 3322 νοιαις
2359 3260 2697 3330 ὲπικυρήσας
2726 3259 2967 3322 πολλαῖς.
2997 3280 3015 3310 ‹
3054 3258 3181 3315 Htec
3210 3277 3317 3316 non
3347 3262 3416 3316 ab
3448 3261 3555 3314 alio
3587 3275 3740 3313 acce-

2156 3360 2249 3425 pta
2279 3352 2528 3420 exposui,
2556 3352 2648 3421 qui
2682 3351 2878 3405 multas
2917 3352 3081 3407 invisi
3118 3354 3394 3422 regiones,
3434 3369 3501 3408 ac
3548 3352 3739 3423 partim

2156 3442 2361 3499 vestris
2393 3444 2446 3498 in
2479 3443 2788 3513 disciplinis
2841 3448 3177 3502 exercitatus
3217 3464 3384 3513 sum,
3435 3448 3637 3520 partim
3687 3446 3739 3499 in

2160 3544 2308 3591 artes
2332 3544 2389 3590 et
2423 3536 2646 3589 inventa
2680 3536 2849 3592 multa
2876 3536 3064 3591 incidi.
3101 3556 3119 3589 ι
3158 3538 3311 3605 Quod
3353 3537 3434 3594 ait
3474 3536 3735 3591 Tatianus

2159 3642 2221 3683 se
2263 3628 2317 3682 in
2358 3628 2675 3683 Grmcorum
2708 3629 3015 3698 disciplinis
3058 3630 3423 3684 exercitatum
3465 3631 3657 3694 fuisse,
3687 3626 3736 3680 id

2160 3720 2431 3775 Eusebius
2478 3722 2544 3775 de
2588 3720 2819 3775 Tatiauo
2873 3736 3040 3790 agens
3090 3721 3401 3776 imitatione
3452 3721 3736 3790 expressit.

2160 3812 2462 3877 Τατιανὸς,
2506 3813 2680 3881 inquit
2714 3813 2779 3878 ⁷⁸,
2820 3813 2961 3884 ἀνὴρ
3008 3813 3097 3867 τὸν
3152 3814 3369 3885 πρῶτον
3418 3813 3585 3868 αὑτοῦ
3633 3812 3739 3882 βίον

2162 3903 2520 3971 σοφιστεύσας
2548 3906 2604 3957 ἐν
2636 3905 2746 3967 τοῖς
2781 3904 3045 3975 Ἑλλήνων
3078 3905 3381 3977 μαθήμασι.
3414 3925 3431 3955 t
3460 3904 3739 3964 Tatiauus,

2161 3997 2249 4049 vir
2283 3999 2460 4064 primo
2488 3998 2611 4049 vita:
2636 4011 2748 4050 suae
2781 3996 3032 4050 instituto
3067 4000 3119 4051 in
3154 3998 3476 4052 Grazcorum
3506 3996 3738 4065 discipli-

2162 4088 2249 4141 nis
2282 4088 2636 4142 exercitatus.
2679 4105 2697 4139 ι
2735 4086 2982 4143 Bullinus
3037 4088 3164 4142 illud
3216 4090 3577 4159 σοφιστεύσας
3628 4104 3739 4139 nta-

2160 4184 2384 4251 gistrum
2419 4182 2732 4253 eloquentia:
2762 4183 2930 4235 vertit
2958 4200 2971 4236 :
3004 4182 3131 4237 hinc
3163 4184 3327 4236 etiam
3376 4184 3737 4253 Hieronymus

2163 4272 2455 4330 Tatiauum
2492 4276 2718 4343 primum
2758 4275 3048 4326 oratoriam
3079 4274 3349 4327 docentem
3384 4289 3490 4325 non
3516 4281 3733 4339 parvom

2160 4368 2259 4421 sibi
2284 4384 2350 4421 ea:
2369 4378 2481 4421 arte
2506 4368 2767 4421 rhetorica
2795 4366 3017 4436 gloriam
3044 4379 3399 4435 comparasse,
3432 4361 3737 4417 Theodore-

2165 4471 2250 4514 tus
2284 4460 2587 4529 sophistam
2632 4458 2801 4513 fuisse
2849 4458 3001 4511 dicit.
3053 4456 3159 4510 Sed
3192 4454 3481 4523 Valesius,
3519 4453 3610 4523 qui
3640 4452 3735 4505 bos

474 4548 906 4602 aestimatoribus
962 4549 1290 4603 satisfacere
1349 4549 1608 4615 deberet,
1670 4550 1887 4603 etiamsi
1948 4566 2052 4603 non
2089 4542 2133 4596 D
2164 4557 2329 4609 duces
2362 4556 2415 4607 in
2464 4554 2695 4607 Eusebio
2743 4553 2909 4605 latine
2948 4550 3225 4605 reddendo
3274 4560 3497 4603 secutus
3530 4547 3727 4604 fuerat.

477 4639 697 4695 aliunde
735 4650 1017 4695 constaret
1053 4642 1317 4711 ejusmodi
1363 4642 1415 4695 in
1464 4642 1802 4711 designanda
1836 4644 2050 4695 urbium

477 4730 586 4784 situ
614 4739 796 4784 errata
828 4744 971 4798 saepe
994 4745 1061 4783 ex
1095 4731 1240 4786 notis
1266 4729 1496 4800 margini
1524 4729 1787 4799 appositis
1819 4728 1873 4784 in
1918 4743 2054 4784 con-

478 4830 689 4875 textum
715 4822 1050 4889 obrepsisse.

551 4913 647 4967 His
677 4928 799 4982 qua:
831 4913 883 4966 in
919 4913 1227 4967 Gra'corum
1264 4914 1518 4971 Actorum
1551 4910 1747 4968 Latina
1781 4912 2056 4981 interpre-

479 5007 686 5059 tatione
716 5007 1039 5071 emendavi,
1072 5022 1239 5059 unum
1284 5016 1371 5059 est
1397 5004 1542 5073 quod
1575 5004 1817 5071 adiicere
1864 5004 2055 5059 libeat.

478 5096 778 5158 Prmfectus
820 5099 953 5152 dicit
984 5097 1221 5163 Justino,
1258 5116 1313 5152 η.
1344 5098 1422 5153 ιιι
1461 5099 1657 5152 Ἀκουε
1692 5090 1727 5152 ὁ
1772 5098 2060 5170 λεγόμενος

480 5190 689 5257 λόγιος’
723 5208 741 5241 ι
768 5192 907 5244 Audi
936 5201 989 5243 tu
1018 5192 1107 5259 qui
1136 5192 1396 5265 eloquens
1418 5207 1537 5246 esse
1560 5190 1780 5246 diceris.
1809 5209 1827 5242 ›
1855 5190 2057 5253 Malim,

486 5300 507 5335 ι
541 5284 631 5352 qui
660 5286 854 5338 doctus
887 5284 1110 5337 diceris.
1148 5303 1167 5336 ι

573 5887 615 5915 ν’
658 5862 911 5947 Βῖωἰυιιι.
962 5881 1136 5953 Putta,
1166 5892 1201 5936 ι.
1238 5881 1355 5953 l,p.
1389 5879 1511 5937 279.
1592 5879 1633 5910 τι
1668 5876 1729 5931 N.
1773 5876 1853 5931 te.
1926 5877 1967 5907 τι
2009 5875 2047 5929 r

2164 5888 2316 5938 .xxr,
2360 5873 2406 5924 l.

2162 4647 2229 4700 ab
2260 4646 2341 4700 eis
2367 4645 2602 4700 discedit
2635 4646 2688 4698 in
2727 4645 2840 4698 suis
2874 4642 3358 4704 adnotationibus,
3395 4655 3461 4692 ac
3489 4635 3615 4691 illud
3648 4647 3733 4685 σο-

2163 4738 2460 4811 φιστεύσας
2479 4738 2612 4790 nihil
2632 4738 2699 4791 ad
2715 4738 3077 4807 eloquenu’am
3102 4735 3395 4801 pertinere,
3416 4730 3506 4785 sed
3525 4740 3731 4783 onmem

2164 4832 2479 4886 Graecorum
2511 4830 2841 4900 sapientiam
2871 4839 2926 4882 et
2968 4827 3226 4882 liberales
3252 4825 3566 4895 disciplinas
3592 4833 3734 4874 com-

2164 4924 2329 4995 plcCli
2353 4924 2632 4978 observat.
2668 4922 2833 4977 Addit
2859 4920 3147 4973 Tatianum
3179 4935 3247 4974 ex
3280 4911 3731 4989 peregrinationi-

2164 5017 2267 5068 bus
2292 5015 2674 5084 pbilosophum
2696 5013 2892 5082 magis,
2912 5027 3073 5082 quam
3101 5010 3465 5081 professorem
3486 5007 3732 5073 eloquen-

2166 5109 2295 5174 tiae;
2344 5122 2411 5163 ex
2456 5123 2521 5163 eo
2567 5117 2749 5165 autem
2799 5104 2942 5176 quod
2993 5104 3114 5158 sine
3156 5104 3349 5157 ordine
3380 5117 3446 5157 ac
3488 5092 3731 5154 methodo

2164 5200 2490 5270 scripserit,
2521 5214 2714 5268 parum
2767 5198 2819 5251 in
2866 5196 3098 5250 dicendo
3146 5196 3512 5248 exercitatum
3557 5182 3724 5255 argui.

2170 5297 2378 5349 Auctor
2415 5295 2819 5349 dissertationis
2849 5294 2901 5346 in
2933 5292 3218 5345 Tatianum
3240 5331 3255 5353 ,
3280 5304 3401 5357 qua:
3435 5295 3553 5357 post
3597 5281 3731 5335 Ora-

2166 5391 2362 5442 tionem
2390 5388 2607 5442 Tatiani
2646 5388 2848 5442 editam
2892 5385 3088 5441 Otouii
3114 5382 3404 5453 legitur(is
3437 5390 3609 5433 autem
3649 5378 3729 5427 est

2165 5483 2518 5538 doctissimus
2549 5484 2719 5536 abbas
2767 5482 2832 5535 de
2875 5477 3220 5547 Louguerue)
3253 5474 3550 5529 assentitur
3581 5465 3728 5520 Valc—

2168 5578 2269 5638 sio,
2300 5575 2526 5643 eiusque
2577 5574 2903 5627 sententiam
2937 5570 3225 5624 continuat
3248 5568 3334 5621 his
3363 5560 3573 5619 Tatiaui
3607 5571 3722 5609 vcr—

2167 5671 2309 5724 bis‘"
2340 5684 2352 5721 :
2380 5670 2437 5722 Ὀ
2472 5669 2589 5721 κατ’
2619 5665 2935 5735 Ἐπίκουρον
2966 5659 3317 5729 σοφιστεύων,
3353 5677 3371 5708 ι
3410 5657 3498 5727 qui
3524 5645 3724 5715 EpiCIIIi

2505 5869 2549 5899 ⁷³
2590 5866 2657 5923 Ν.
2686 5866 2775 5922 29.
2850 5865 2895 5898 ’⁵
2927 5863 3087 5928 llist.,
3115 5875 3188 5927 tv,
3224 5859 3313 5913 16.
3385 5857 3431 5890 ⁷⁸
3461 5854 3517 5909 Ν.
3556 5849 3633 5905 l5-
