3932 6258
184 333 275 387 161

1350 340 1412 396 D.
1454 339 1719 395 MARANI
1748 339 2149 403 ΡΒᾹΞΡΑἸῚΟ.
2179 372 2247 382 -
2281 339 2465 396 PARS
2496 341 2581 399 ΙΙΙ.

3486 344 3589 397 162

184 455 620 525 philosophiam
673 461 1008 516 sectatur.
1062 482 1086 517 ι
1125 464 1246 519 Νοη
1291 465 1565 520 immerito
1610 480 1741 519 sane
1775 465 1903 535 reji~
1932 477 1978 535 Α
2010 468 2199 521 loricae
2228 464 2625 535 professionem
2663 464 3029 531 aﬂinxerunt,
3061 473 3115 521 et
3139 465 3231 535 qui
3270 464 3439 519 solum
3466 466 3592 535 phi-

210 549 345 600 tinnt
392 550 620 607 eruditi
679 551 774 606 illi
826 556 962 609 viri
1012 558 1181 627 quod
1221 555 1507 611 Tatianum
1542 557 1906 629 Hieronymus

219 654 265 697 et
291 640 549 699 Bullinus
598 645 1011 704 rhetoricam
1052 654 1353 714 docuisse,
1398 650 1782 705 Tlteodoretus
1812 665 1904 705 so-

226 734 447 800 phistam
496 735 698 793 fuisse
756 754 999 807 parum
1069 743 1220 799 belle
1270 744 1542 798 dixeram.
1599 739 1735 795 Nam
1792 742 1909 811 ipse

234 824 489 881 Tatianus
539 843 665 882 non
720 831 1010 887 obscure
1073 835 1461 904 philosophum
1499 849 1559 888 se
1609 844 1906 901 anteqnam

245 916 613 971 Christianum
661 919 868 976 fuisse
905 924 1207 979 declarat.
1245 925 1336 978 Sic
1360 924 1507 978 enim
1552 924 1910 992 pliilosotihos

258 1012 558 1078 alloquitur,
608 1029 672 1067 ιι.
730 1008 818 1068 ἳϐ
872 1037 888 1071 :
932 1019 1203 1089 Δημοσίᾳ
1252 1020 1348 1090 μὲν
1394 1019 1504 1091 γὰρ
1557 1019 1907 1090 πομπεύετε,

266 1107 365 1166 τοὺς
391 1105 447 1157 δὲ
484 1104 705 1173 λόγους
746 1109 859 1161 ἐπὶ
900 1113 1133 1177 γωνίας
1176 1111 1580 1183 ἁποκρύπτετε.
1626 1110 1911 1173 Τοιούτους

270 1198 388 1265 ἐμᾶς
419 1197 765 1264 ἐπιγνόντες
823 1202 1337 1274 καταλελοίπαμεν
1366 1206 1458 1257 καὶ
1490 1205 1596 1258 τῶν
1630 1205 1910 1275 ὑμετέρων

269 1288 431 1339 οὐκέτι
452 1288 749 1360 ψαύομεν,
779 1290 943 1345 Θεοῦ
978 1293 1042 1346 δὲ
1075 1292 1219 1364 λόγῳ
1245 1293 1766 1365 κατακολουθοῦμεν.
1800 1313 1818 1344 ι
1854 1294 1907 1348 1η

272 1378 475 1446 publico
501 1393 758 1448 pompas
808 1383 1035 1451 agitis;
1093 1398 1376 1439 sermones
1406 1394 1588 1439 autem
1618 1387 1671 1439 in
1701 1387 1911 1455 angulis

276 1473 579 1529 occultatis.
607 1472 834 1529 Missos
864 1491 979 1530 vos
1008 1475 1272 1541 fecimus,
1301 1492 1425 1531 cum
1453 1478 1589 1532 tales
1616 1493 1912 1549 cegnosce-

280 1581 490 1631 remus;
533 1582 643 1621 nec
678 1568 814 1632 jam
847 1570 926 1623 de
961 1570 1138 1623 rebus
1170 1571 1368 1623 vestris
1398 1570 1699 1640 quidquam
1741 1573 1912 1625 attin-

279 1662 489 1729 gimus,
550 1662 657 1717 sed
717 1663 979 1717 verbum
1036 1662 1133 1717 Dei
1184 1672 1484 1719 sectamur.
1535 1684 1555 1716 ›
1601 1664 1910 1731 Quinetiam

282 1748 568 1818 Tatianus,
595 1756 713 1809 etsi
739 1754 843 1810 his
874 1756 1070 1809 verbis
1092 1770 1154 1812 se
1181 1754 1492 1811 Grtecorum
1517 1756 1909 1827 philosophiam

286 1844 498 1896 missam
526 1843 743 1899 fecisse
777 1845 1006 1899 indicat
1028 1886 1043 1908 ,
1077 1846 1293 1900 videtur
1331 1856 1514 1902 tamen
1550 1848 1603 1901 in
1637 1849 1751 1918 ipsa
1788 1849 1910 1903 reli-

289 1936 439 2003 gione
472 1936 849 2001 Christiana,
878 1936 1087 1992 Justini
1123 1940 1366 2005 magistri
1410 1940 1678 2009 exemplo,
1712 1955 1906 1994 nomen

291 2031 598 2102 philosophi
628 2048 701 2086 ac
731 2034 859 2103 ipsa
888 2034 1059 2088 etiam
1084 2033 1315 2089 fortasse
1340 2036 1572 2107 insignia
1598 2037 1907 2094 retinuisse.

295 2120 426 2175 Nam
460 2137 583 2178 sese
622 2140 760 2178 cum
802 2123 1031 2180 Justino
1070 2127 1214 2181 inter
1244 2128 1600 2198 philosophos
1633 2139 1908 2197 numerat,

294 2230 419 2268 eum
451 2218 520 2270 de
549 2217 801 2272 structis
834 2218 1059 2286 utrique
1083 2233 1114 2271 a
1142 2218 1435 2275 Crescente
1467 2220 1671 2291 Cynico
1700 2221 1911 2278 insidiis

297 2308 375 2361 sic
418 2308 697 2375 loquitur,
750 2325 812 2363 η.
864 2309 937 2364 19
968 2328 983 2362 :
1014 2310 1182 2373 Τίνας
1217 2306 1274 2363 δὲ
1320 2310 1386 2364 ἂν
1432 2313 1526 2365 καὶ
1570 2312 1756 2380 διῶξαι
1803 2316 1912 2370 τῶν

298 2398 611 2467 ςιλοσόερων
654 2401 707 2452 εί
772 2400 851 2470 μὴ
902 2400 1101 2469 μόνους
1139 2401 1284 2471 ἡμᾶς
1320 2400 1540 2468 εἷωθεν;
1571 2422 1588 2454 ι
1635 2404 1909 2471 Quosnam

303 2502 486 2543 autem
528 2490 1008 2560 philosophorum
1040 2491 1146 2545 nisi
1195 2506 1295 2547 nos
1336 2492 1482 2547 solos
1520 2494 1779 2549 insectari
1818 2510 1909 2551 so-

302 2578 451 2636 lebat
468 2583 495 2635 τ
526 2602 546 2635 ι

375 2678 457 2731 Ex
492 2677 583 2731 his
616 2686 788 2749 patet
834 2676 1223 2750 phl1050phnm
1262 2677 1429 2734 fuisse
1464 2678 1789 2748 Tatianum;
1816 2681 1909 2736 scd

311 2779 498 2824 tamen
530 2770 609 2824 ita
649 2770 1030 2841 philosOphize
1072 2771 1289 2825 deditus
1320 2770 1444 2836 fuit,
1475 2781 1536 2826 ut
1575 2788 1680 2827 non
1732 2775 1912 2829 minus

307 2878 496 2931 operae
525 2873 582 2918 et
613 2863 792 2918 studii
821 2863 877 2917 in
908 2865 1086 2932 poetis
1117 2877 1173 2919 et
1211 2867 1520 2921 oratoribus
1548 2867 1910 2935 perlegendis,

309 2974 377 3013 ae
406 2961 555 3013 omni
589 2958 939 3030 antiquitate
963 2959 1337 3031 investiganda
1369 2962 1617 3030 posuisse
1639 2962 1909 3015 videatur.

310 3048 503 3121 Neque
536 3054 690 3107 enim
721 3052 988 3107 assentiri
1018 3067 1240 3123 possum
1275 3055 1503 3109 eruditis
1529 3056 1665 3109 viris
1694 3054 1913 3111 Eusebii

310 3142 496 3197 locum
552 3146 633 3199 ita
680 3145 756 3199 ad
810 3144 1221 3216 philosophiam
1262 3146 1634 3201 referentibus
1659 3188 1674 3212 ,
1709 3155 1767 3201 ut
1806 3162 1910 3200 non

313 3237 498 3291 solum
538 3238 844 3294 rhetorica:
892 3239 1309 3310 professionem,
1342 3240 1434 3294 sed
1465 3243 1631 3295 etiam
1658 3242 1917 3311 eloquen-

315 3331 410 3382 tiae
465 3331 695 3386 laudem
743 3330 985 3386 Tatiano
1030 3330 1363 3399 abjudicent.
1395 3330 1544 3387 illius
1577 3335 1919 3404 antiquitatis

315 3422 699 3490 cognitionem
727 3421 981 3477 declarat
1003 3421 1191 3478 Oratio
1214 3426 1468 3477 adversus
1496 3421 1703 3479 Graecos
1727 3441 1919 3481 recon-

320 3514 435 3566 dita
464 3515 786 3568 eruditione
819 3515 1113 3569 abundans
1145 3531 1161 3580 ;
1210 3516 1513 3571 Studiosum
1552 3527 1834 3588 poetarum
1866 3527 1920 3573 et

324 3617 609 3661 oratorum
645 3607 823 3661 fuisse
862 3607 1209 3661 demonstrat
1234 3609 1447 3663 dicendi
1483 3624 1655 3679 genus
1684 3610 1918 3666 limatis-

326 3698 484 3750 simis
517 3698 756 3765 picturis
804 3706 863 3751 et
907 3698 1142 3767 poeticis
1181 3698 1558 3754 venustatibus
1597 3701 1918 3768 coloratum,

330 3803 398 3841 ac
442 3788 740 3842 verborum
792 3789 1095 3844 luminibus
1130 3798 1185 3843 et
1212 3792 1554 3846 ornamentis
1583 3792 1919 3847 distinctum.

329 3878 646 3945 Quinetiam
681 3879 1013 3949 disciplinas
1037 3880 1382 3948 Crzecorum,
1419 3882 1474 3937 in
1503 3884 1702 3954 quibus
1734 3883 1922 3939 Tatia-

334 3988 461 4025 nutu
489 3973 865 4028 exercitatum
896 3973 1071 4027 fuisse
1106 3986 1174 4026 ex
1208 3973 1443 4031 Eusebio
1471 3984 1635 4046 atque
1664 3976 1825 4031 etiam
1856 3991 1925 4030 ex

337 4066 455 4133 ipso
489 4065 731 4121 Tatiano
774 4066 1042 4121 discimus
1071 4107 1087 4132 ,
1128 4080 1237 4121 non
1275 4067 1678 4137 philosophiam
1724 4069 1922 4135 solum,

340 4158 434 4211 sed
461 4158 599 4213 alias
626 4159 798 4213 etiam
842 4166 992 4214 artes
1022 4158 1248 4230 intelligi
1283 4170 1543 4230 oportere
1568 4162 1926 4231 perspicimus

340 4263 407 4301 ex
440 4249 598 4303 initio
638 4249 923 4303 Orationis
967 4255 1222 4304 adversus
1256 4249 1500 4316 Graecos,
1538 4255 1628 4306 ubi
1663 4254 1925 4309 Tatianus

342 4339 423 4391 sic
453 4338 716 4407 loquitur,
747 4354 805 4391 η.
838 4341 863 4393 ι
902 4357 917 4394 :
959 4339 1372 4411 Ἀπεταξὰμεθα
1410 4343 1474 4411 τῇ
1511 4342 1640 4412 παρ’
1674 4343 1801 4413 ὑμῖν
1837 4359 1927 4394 σο-

345 4428 461 4499 qia},
486 4430 589 4481 xiv
620 4430 672 4480 εἰ
708 4428 851 4481 πάνυ
890 4430 1085 4499 σεμνός
1122 4448 1205 4493 τις
1222 4427 1288 4502 ἦν
1316 4433 1376 4483 ὲν
1402 4432 1630 4503 αὐτῇ...
1683 4433 1928 4505 Ῥητορι-

2013 557 2278 628 losophiae
2307 556 2519 611 laudem
2557 558 2887 612 detulerunt.

2085 647 2152 703 ll.
2196 647 2308 703 Sed
2344 649 2461 704 haec
2486 652 2666 704 omnia
2699 650 3043 704 ethnicorum
3067 648 3313 704 instituta
3345 647 3588 703 animum

2012 739 2229 794 Tatiani
2267 739 2529 794 inanibus
2556 739 2751 795 studiis
2782 740 3095 795 demulcere
3127 749 3405 810 poterant,
3434 739 3591 809 cupi-

2014 830 2241 884 ditatem
2300 830 2417 884 veri
2468 829 2833 899 cognoscendi
2887 828 3097 883 satiare
3150 843 3257 881 non
3311 835 3588 897 poterant.

2012 921 2301 976 Fastidivit
2344 921 2660 976 Graecorum
2712 920 3032 991 religiones,
3060 928 3350 990 postquam
3381 934 3499 981 eas,
3532 928 3590 974 nt

2014 1014 2131 1083 ipse
2164 1023 2354 1068 narrat
2380 1014 2448 1079 ⁷⁸,
2481 1016 2546 1068 ab
2595 1013 2925 1069 effeminatis
2953 1022 3006 1067 et
3051 1012 3277 1068 cinaedis
3304 1011 3588 1080 procurari

2014 1104 2174 1167 vidit,
2212 1114 2265 1159 et
2290 1104 2478 1159 Jovem
2520 1103 2797 1158 Latiarem
2844 1104 2985 1172 apud
3019 1102 3295 1157 Romanos
3323 1103 3590 1171 sanguine

2014 1197 2258 1251 humano
2288 1196 2591 1263 delectari,
2624 1212 2689 1251 ac
2730 1196 2954 1249 Dianam
2986 1211 3093 1249 non
3121 1194 3309 1264 procul
3355 1192 3592 1263 Megalo-

2014 1290 2140 1359 poli,
2190 1299 2246 1344 et
2288 1291 2426 1344 alios
2473 1289 2599 1345 alibi
2650 1291 2927 1345 daemones
2973 1287 3241 1357 ejusmodi
3286 1285 3590 1340 sceleribus

2013 1380 2219 1449 placari
2256 1380 2529 1451 cognovit.
2569 1379 2702 1449 Ipsa:
2730 1381 2897 1435 etiam
2931 1379 3233 1448 disciplinae
3262 1378 3478 1439 taedium
3514 1376 3591 1430 illi

2012 1482 2336 1537 moverunt,
2383 1473 2557 1543 stylus
2600 1472 2843 1541 Atticus,
2880 1472 3323 1541 phil050phorum
3369 1472 3588 1534 sorites,

2015 1562 2337 1632 geometria,
2372 1563 2734 1627 astronomia,
2768 1562 2916 1632 leges
2953 1563 3004 1615 in
3041 1561 3274 1631 publicis
3305 1563 3469 1617 rebus
3496 1562 3592 1614 ad-

2016 1655 2403 1731 ministrandis
2433 1655 2659 1708 sancilae
2682 1654 2749 1707 ⁷⁷.
2784 1652 3027 1707 Tandem
3059 1654 3246 1708 divino
3297 1651 3589 1715 beneﬁcio,

2016 1747 2104 1800 cui
2140 1755 2320 1800 tamen
2347 1746 2619 1813 ingratum
2651 1761 2709 1800 se
2733 1754 2788 1800 et
2822 1748 3143 1815 degenerem
3174 1746 3451 1811 exhibuit,
3500 1760 3593 1798 ve-

1941 1828 1984 1882 Β
2016 1838 2150 1893 ritas
2178 1840 2245 1891 ad
2273 1839 2391 1906 ejus
2424 1837 2576 1892 fulsit
2612 1837 2822 1902 oculos,
2862 1836 2988 1889 dum
3021 1836 3074 1889 in
3108 1851 3296 1890 sacras
3325 1836 3593 1889 Christia-

2012 1944 2205 1982 norum
2253 1928 2571 1997 Scripturas
2609 1928 2823 1982 incidit.
2855 1927 2947 1982 Sic
2992 1928 3110 1996 ipse
3156 1942 3267 1981 rem
3315 1929 3589 1991 edisserit,

2013 2037 2067 2074 ιι.
2090 2020 2195 2075 29:
2240 2022 2378 2073 Κατ’
2412 2020 2645 2090 ἐμαυτὸν
2674 2019 2965 2090 γενόμενος
3001 2019 3227 2091 ἐζήτουν
3264 2021 3373 2089 ὅτῳ
3405 2020 3591 2091 τρόπῳ

2010 2112 2241 2182 τάληθὲς
2291 2112 2531 2184 ἐξευρεῖν
2585 2111 2839 2182 δύναμαι.
2893 2111 3238 2183 Περινοοῦντι
3276 2111 3333 2163 δέ
3383 2128 3469 2180 μοι
3523 2111 3590 2164 τὰ

2013 2204 2278 2259 σπουδαῖα
2334 2204 2533 2274 συνέϐη
2581 2207 2822 2275 γραφαῖς
2856 2221 2998 2258 τισιν
3047 2205 3289 2274 ἐντυχεῖν
3328 2204 3591 2275 βαρϐαρι-

2012 2300 2169 2361 καῖς,
2203 2296 2605 2370 πρεσϐυτέραις
2648 2298 2745 2368 μὲν
2782 2296 2858 2361 ὡς
2902 2296 3039 2368 πρὸς
3077 2295 3145 2350 τὰ
3194 2294 3459 2366 Ἑλλήνων
3502 2296 3590 2350 δό-

2011 2408 2198 2461 γματα
2218 2430 2233 2453 ,
2278 2389 2579 2460 θειοτέραις
2604 2389 2662 2442 δὲ
2688 2389 2764 2452 ὡς
2796 2388 2934 2461 πρὸς
2960 2389 3059 2458 τὴν
3097 2387 3321 2442 ἐκείνων
3361 2388 3588 2459 πλάνην.

2012 2484 2120 2538 Καί
2153 2500 2241 2554 μοι
2265 2481 2555 2551 πεισθῆναι
2579 2480 2801 2543 ταύταις
2828 2480 3028 2550 συνέϐη
3055 2479 3145 2532 διά
3174 2497 3233 2532 τε
3254 2479 3364 2532 τῶν
3395 2478 3592 2545 λέξεων

2011 2575 2073 2628 τὸ
2100 2575 2302 2644 ἄτυφον
2320 2612 2334 2635 ,
2370 2573 2465 2626 καὶ
2493 2572 2603 2626 τῶν
2643 2572 2906 2625 εἰπόντων
2936 2571 2996 2625 τὸ
3029 2571 3473 2642 ἀνεπιτήδευτον,
3500 2571 3592 2624 καὶ

2012 2662 2112 2736 τῆς
2146 2664 2240 2719 τοῦ
2271 2665 2474 2728 παντὸς
2505 2665 2774 2735 ποιήσεως
2808 2662 2868 2716 τὸ
2900 2663 3330 2733 εύκατάληπτον,
3360 2662 3451 2715 καὶ
3484 2661 3592 2715 τῶν

2018 2762 2319 2834 μελλόντων
2374 2761 2437 2814 τὸ
2490 2760 2927 2832 προγνωστικὸν,
2974 2759 3067 2813 καὶ
3116 2758 3223 2812 τῶν
3278 2757 3592 2829 παραγγελ-

2018 2851 2201 2922 μάτων
2235 2842 2301 2906 τὸ
2349 2851 2624 2917 ἐξαίσιον,
2669 2850 2762 2905 καὶ
2808 2850 2916 2904 τῶν
2962 2850 3098 2903 ὅλων
3137 2849 3196 2902 τὸ
3245 2849 3589 2921 μοναρχικόν.

2022 2962 2041 2996 ι
2074 2945 2210 2999 Cum
2244 2960 2329 2999 me
2365 2945 2484 3015 ipse
2519 2942 2892 3013 collegissem,
2921 2941 3192 3010 quomodo
3220 2956 3407 2995 verum
3445 2943 3595 2994 inve-

2016 3042 2135 3096 nire
2159 3053 2378 3110 possem
2409 3036 2777 3106 inquirebam,
2802 3050 3036 3104 cumque
3065 3035 3305 3088 animum
3330 3051 3429 3104 per
3456 3035 3595 3102 npti-

2020 3146 2103 3185 ma
2132 3146 2362 3201 qumque
2391 3130 2641 3184 instituta
2673 3143 2975 3191 versarem,
3016 3128 3068 3181 in
3097 3127 3366 3195 quosdam
3395 3128 3595 3181 barbae

2022 3223 2169 3277 ricos
2199 3222 2372 3275 libros
2403 3221 2595 3284 incidi,
2627 3218 2969 3287 antiquiores
3005 3232 3168 3286 quam
3200 3226 3260 3269 ut
3284 3232 3407 3270 cum
3438 3214 3592 3269 Grae-

2020 3316 2225 3377 corum?
2254 3313 2585 3383 disciplinis,
2626 3311 2926 3366 diviniores
2950 3324 3118 3379 quam
3161 3318 3218 3362 ut
3251 3323 3373 3362 cum
3404 3323 3593 3367 eorum

2020 3406 2303 3462 erroribus
2327 3404 2700 3460 conferantur.
2729 3403 2843 3459 Usu
2880 3402 3012 3457 mihi
3035 3400 3218 3456 evenit
3242 3413 3299 3453 ut
3316 3401 3410 3459 bis
3433 3400 3595 3454 [idem

2022 3500 2281 3555 liabet-em
2322 3508 2548 3568 propter
2591 3497 2804 3554 dicendi
2845 3512 3017 3566 genus
3050 3495 3271 3549 minime
3308 3508 3594 3563 arrogans,

2023 3592 2357 3660 scriptorum
2388 3591 2667 3661 ingenium
2702 3590 2917 3644 artiﬁcii
2942 3604 3165 3659 expers,
3188 3589 3423 3646 universi
3449 3603 3600 3642 crea-

2025 3683 2195 3737 tionis
2226 3681 2653 3751 explicationem
2681 3691 2840 3750 captu
2872 3680 3105 3745 facilem,
3129 3680 3433 3735 futurorum
3462 3695 3599 3748 prte-

2024 3775 2417 3844 cognitionem,
2454 3785 2850 3845 praeceptorum
2884 3773 3284 3839 excellentiam,
3316 3787 3381 3827 ac
3410 3772 3600 3842 singu-

2029 3867 2201 3922 larem
2235 3869 2614 3923 universorum
2650 3868 3041 3937 principatum.
3083 3883 3103 3918 ι

2098 3958 2232 4012 lllud
2287 3960 2452 4014 etiam
2506 3957 2797 4012 Tatianum
2850 3958 3089 4011 iunxime
3140 3956 3481 4021 adducebat,
3541 3966 3601 4023 ut

2029 4049 2402 4105 Christianam
2433 4049 2751 4118 religionem
2794 4047 3111 4111 miraretur,
3152 4048 3295 4116 quod
3337 4062 3434 4116 per
3478 4063 3601 4102 eam

2034 4143 2313 4197 hominem
2338 4158 2404 4197 ex
2431 4142 2695 4197 servitute
2721 4140 2973 4206 liberari,
3005 4151 3061 4195 et
3090 4141 3142 4195 in
3172 4140 3458 4209 pristinum
3489 4150 3601 4195 sta-

2032 4247 2180 4301 tum,
2213 4252 2279 4291 cx
2307 4251 2417 4306 quo
2451 4235 2651 4290 misere
2679 4234 3000 4297 decidimus,
3032 4233 3297 4288 vindicari
3333 4233 3601 4304 intellige—

2030 4340 2135 4383 ret.
2183 4327 2275 4383 Sic
2318 4327 2464 4382 enim
2498 4328 2709 4396 pergit,
2763 4325 2897 4380 ibid.
2933 4341 2949 4377 :
2982 4324 3333 4378 Θεοδιδάκτου
3382 4325 3440 4378 δέ
3500 4343 3602 4396 μου

2028 4420 2328 4490 γενομένης
2364 4420 2463 4487 τῆς
2489 4418 2667 4489 ψυχῆς
2698 4417 2907 4486 συνῆκα
2929 4455 2943 4480 ,
2971 4418 3052 4469 ὅτι
3080 4414 3149 4469 τὰ
3180 4417 3277 4486 μὲν
3308 4416 3602 4486 καταδίκης

345 4521 447 4589 χὴν
502 4522 601 4591 μὲν
649 4519 762 4591 γάρ
797 4520 882 4572 ἐπ’
926 4521 1111 4591 ἀδικίᾳ
1153 4522 1245 4575 καὶ
1290 4525 1621 4593 συκοφαντίᾳ
1667 4526 1927 4595 συνεστή-
1959 4539 2004 4598 D
2031 4513 2145 4584 ἔχει
2179 4511 2402 4582 τρόπον,
2442 4510 2510 4563 τὰ
2540 4511 2598 4563 δὲ
2628 4511 2708 4563 ὅτι
2751 4509 2864 4561 λύει
2904 4508 3000 4578 τὴν
3029 4510 3086 4561 ἐν
3119 4509 3309 4577 κόσμῳ
3338 4507 3601 4568 δουλείαν,

349 4613 599 4666 61:62....
648 4611 940 4683 ποιητικὴν
992 4612 1049 4666 δὲ
1095 4613 1275 4684 μάχας
1331 4614 1417 4667 ἵνα
1462 4617 1795 4686 συντάσσητε
1835 4615 1926 4668 καὶ

348 4704 479 4756 Θειῖιν
510 4705 725 4777 ἔρωτας
772 4705 867 4757 καὶ
901 4702 1082 4773 ψυχῆς
1123 4703 1438 4776 διαφθοράν.
1490 4705 1555 4758 Τί
1590 4705 1699 4776 γὰρ
1730 4707 1926 4777 σεμνὸν

348 4796 761 4866 φιλοσοφοῦντες
803 4796 1161 4864 ὲξηνέγκατε;
1208 4796 1293 4859 τίς
1332 4796 1390 4849 δὲ
1427 4795 1535 4849 τῶν
1578 4797 1718 4850 πάνυ
1759 4816 1927 4851 σπου-

346 4888 501 4941 δαίων
527 4887 853 4951 ἀλαζονείας
886 4886 989 4952 ἔξω
1016 4888 1393 4959 καθέστηκεν;
1446 4906 1465 4938 ι
1505 4886 1798 4957 Sapientiae
1839 4905 1932 4945 ve-

348 4993 469 5035 stra
498 4984 757 5036 nuntium
787 4980 1141 5045 remisimus,
1190 4980 1408 5033 etiamsi
1441 4979 1733 5049 plurimum
1772 4980 1826 5035 in
1862 4995 1927 5035 ea

347 5075 615 5128 excellere
648 5073 1064 5126 videremur....
1114 5070 1249 5124 Nam
1280 5082 1337 5124 et
1375 5071 1705 5125 rhetoricam
1736 5073 1802 5127 ad
1842 5072 1927 5126 in-

344 5165 607 5233 justitiam
629 5174 681 5220 et
707 5163 1045 5219 calumniam
1070 5162 1476 5216 instituistis...
1501 5162 1772 5230 poeticam
1795 5178 1927 5217 vero

349 5270 399 5311 ut
428 5275 643 5330 pugnas
668 5255 1076 5313 describeretis
1106 5264 1164 5308 et
1198 5255 1421 5308 deorum
1464 5270 1696 5319 amores,
1721 5263 1776 5310 et
1815 5257 1931 5310 ani-

353 5368 441 5406 ma:
460 5352 860 5421 corruptelam.
886 5348 1031 5415 Quid
1057 5347 1203 5400 enim
1226 5346 1658 5416 philosophanth
1682 5346 1926 5414 praeclari

349 5442 660 5511 protulistis,
696 5452 793 5494 aut
831 5439 963 5509 quis
1000 5452 1068 5492 ex
1100 5436 1190 5499 iis,
1223 5437 1311 5505 qui
1341 5438 1780 5506 prmstantissimi
1826 5438 1924 5491 Ita-

345 5536 428 5591 biti
469 5547 633 5597 sunt.
687 5544 850 5590 extra
904 5528 1288 5600 arrogantiam
1345 5531 1677 5585 constitutus
1730 5530 1866 5583 fuit?
1903 5548 1920 5580 ι

344 5626 588 5684 Videntur
625 5642 765 5697 ergo
799 5623 1038 5691 utrique
1068 5634 1285 5675 errasse
1322 5629 1373 5676 et
1404 5621 1495 5692 qui
1531 5619 1765 5677 Tatiano
1802 5621 1926 5677 rhe-

377 5804 505 5863 ἐκ.
536 5804 635 5863 29,
711 5802 764 5838 τι
787 5796 862 5852 Ν.
897 5748 1001 5848 Ξῖ.

2029 4605 2125 4658 καὶ
2154 4603 2431 4674 ἀρχόντων
2470 4603 2565 4673 μὲν
2598 4600 2828 4665 πολλῶν,
2852 4601 2944 4655 καὶ
2976 4599 3182 4670 μυρίων
3212 4602 3359 4670 ἡμᾶς
3379 4600 3603 4669 ἀποσπᾷ

2030 4694 2342 4767 τυράννων,
2381 4693 2562 4749 δίδωσι
2600 4692 2658 4745 δὲ
2697 4694 2830 4763 ἡμῖν
2874 4692 2974 4762 οὐχ
3004 4693 3140 4763 ὅπερ
3188 4693 3259 4762 μὴ
3310 4690 3602 4761 ἐλάϐομεν,

2033 4788 2148 4843 ἀλλ’
2178 4788 2316 4859 ὅπερ
2351 4785 2607 4850 λαϐόντες
2652 4785 2757 4838 ὑπὸ
2788 4786 2889 4856 τῆς
2916 4785 3124 4857 πλάνης
3151 4785 3294 4857 ἔχειν
3324 4784 3604 4855 ἐκωλύθη-

2033 4900 2155 4955 μεν.
2197 4901 2216 4934 ι
2259 4884 2453 4954 Itaque
2488 4893 2672 4939 mente
2701 4898 2819 4938 mea
2850 4884 3111 4938 divinitus
3140 4884 3329 4936 edocta
3362 4881 3602 4934 intellexi

2031 4977 2135 5030 ista
2166 4975 2385 5043 quidem
2421 4974 2867 5029 condemnationi
2910 4972 3086 5027 aﬂinia
3113 4985 3261 5036 esse,
3293 4973 3362 5025 ab
3394 4970 3477 5023 Itis
3506 4985 3606 5021 au-

2032 5074 2145 5122 tem
2176 5067 2496 5122 servitutem
2541 5066 2690 5121 illam
2731 5081 2852 5136 quae
2890 5066 2942 5119 in
2989 5065 3192 5119 mundo
3231 5075 3315 5117 est
3358 5062 3603 5127 dissolvi,

2033 5172 2241 5227 nosque
2285 5174 2314 5211 a
2363 5157 2546 5212 multis
2592 5160 2936 5229 principibus
2975 5168 3030 5212 et
3076 5155 3305 5211 infinitis
3358 5153 3606 5224 tyrannis

2033 5251 2283 5318 liberari,
2314 5266 2378 5306 ac
2404 5253 2551 5307 dono
2588 5252 2777 5322 augeri
2806 5268 2909 5306 non
2945 5250 3037 5305 illo
3074 5249 3291 5318 quidem
3334 5248 3470 5301 alias
3498 5261 3609 5299 non

2033 5361 2295 5401 concesso
2323 5386 2339 5412 ,
2375 5347 2472 5402 sed
2516 5349 2661 5416 quod
2702 5356 2985 5416 acceptum
3018 5344 3260 5400 retinere
3297 5358 3455 5397 error
3497 5357 3607 5393 non

2033 5442 2266 5497 siverat.

2102 5532 2288 5586 Romae
2320 5531 2582 5588 Tatianus
2608 5530 2975 5587 Christianam
3027 5528 3345 5599 religionem
3391 5529 3607 5582 videtur

2030 5623 2315 5693 amplexus
2343 5639 2482 5679 esse.
2515 5623 2644 5678 Nam
2670 5638 2795 5679 cum
2832 5636 2891 5679 se
2917 5622 3105 5679 multis
3133 5618 3441 5680 reeiuujbns
3470 5633 3605 5692 per-
