3932 6258
491 329 596 386 163

1410 333 1468 390 S.
1500 332 1838 389 JUSTINUS
1871 331 2355 389 PHILOSOPHUS
2376 332 2464 388 ET
2507 332 2822 388 MARTYR.

3657 339 3749 406 164

489 449 698 517 agratis
745 450 954 504 tandem
1001 451 1057 505 in
1090 455 1189 507 hac
1233 454 1362 508 urbe
1409 469 1795 510 commoratum
1841 475 1953 512 esse
1985 459 2071 511 di-
2104 476 2150 532 Α
2182 459 2258 512 ιιιί
2295 458 2508 524 schola,
2548 467 2712 527 quam
2742 457 2985 514 Justinus
3012 457 3198 514 Romae
3236 459 3582 526 instituerat,
3616 463 3750 518 illius

487 550 570 591 cat
595 539 679 602 ’³;
706 556 943 611 cumque
973 557 1038 596 ex
1069 546 1620 614 peregrinationibus,
1652 558 1708 603 ut
1733 553 1895 605 modo
1929 553 2069 606 vidi-

488 647 632 698 mus,
668 633 721 686 id
765 635 1070 703 perceperit
1100 638 1396 702 commodi,
1445 650 1502 693 ut
1528 641 1832 710 exploratis
1863 645 2069 714 ubique

488 721 645 776 falsis
682 724 1046 793 religionibus
1072 727 1358 782 veritatem
1385 729 1706 798 inquireret,
1735 749 1799 789 ac
1825 735 1877 790 in
1908 735 2068 791 Chri-

487 811 789 868 stianorum
813 815 973 870 libris
999 819 1275 886 cognitam
1301 821 1744 892 amplecteretur,
1771 827 2066 885 verisimile

485 913 573 959 est
615 903 869 970 Romam,
922 919 978 961 ut
1019 912 1547 980 peregrinationum,
1594 916 1667 972 ita
1718 919 1882 972 etiam
1912 935 2068 975 erros

490 1012 606 1050 rum
662 1005 718 1050 et
770 1001 1223 1067 superstitionum
1280 1005 1440 1059 linem
1492 1007 1682 1065 fuisse.
1732 1010 1850 1065 Huc
1899 1013 2062 1067 etiam

485 1095 692 1153 spectat
723 1090 866 1153 quod
915 1092 1011 1155 ait,
1046 1109 1100 1146 ιι.
1133 1093 1236 1148 55ε
1265 1096 1465 1167 Διόπερ
1505 1099 1717 1170 χαίρειν
1762 1097 1932 1156 εἰπὼν
1970 1104 2064 1157 καὶ

482 1178 547 1246 τῇ
602 1177 885 1249 Ῥωμαίων
910 1183 1274 1258 μεγαλαυχίᾳ,
1299 1189 1393 1241 καὶ
1431 1193 1496 1262 τῇ
1539 1190 1831 1262 Ἀθηναίων
1871 1194 2064 1265 ψυχροέ

481 1265 663 1340 λογίᾳ,
703 1270 966 1342 δόγμασιν
989 1276 1408 1350 ἀσυναρτήτοις,
1450 1281 1552 1351 τῆς
1594 1283 1712 1336 καθ’
1749 1286 1899 1356 ἡμᾶς
1929 1285 2064 1359 βαρ-

482 1359 653 1432 ϐάρου
685 1363 1006 1436 φιλοσοφίας
1044 1368 1507 1444 ἀντεποιησάμηνι
1559 1393 1578 1425 ι
1616 1374 1746 1431 Vale
1789 1377 1956 1448 igitur
1981 1380 2063 1434 di-

483 1463 573 1508 cto
602 1464 653 1508 et
688 1455 1058 1513 Romanorum
1083 1459 1368 1528 iactantia:
1416 1475 1471 1520 et
1515 1465 1713 1537 frigido
1754 1470 2060 1527 Athenien-

479 1546 621 1600 sium
655 1551 916 1617 sermoni,
952 1551 1095 1607 male
1147 1555 1315 1611 sartis
1358 1559 1734 1627 opinionibus,
1764 1562 2056 1621 barbaram

478 1647 722 1693 nostram
748 1641 1147 1712 philosophiam
1177 1648 1492 1717 complexus
1518 1667 1665 1708 sum.
1694 1675 1712 1708 ι

549 1729 777 1786 Videtur
821 1734 1083 1792 Tatianus
1135 1754 1243 1793 non
1297 1741 1386 1795 diu
1420 1752 1547 1799 ante
1582 1755 1813 1804 mortem
1859 1749 2056 1807 Justini

2171 559 2346 606 morte
2379 551 2443 603 ad
2475 549 2764 604 Tatianutn
2800 551 2984 618 rediit,
3018 560 3078 605 ut
3125 552 3448 620 conjicitnus
3500 570 3568 608 et
3607 555 3747 608 libu-

2170 641 2313 694 done
2340 642 2539 710 insigni
2576 642 2756 696 surculi
2790 643 3014 697 secundi
3042 646 3329 713 scriptore,
3355 646 3449 713 qui
3480 661 3542 700 se
3569 645 3748 702 Roma:

2171 747 2198 784 a
2233 732 2462 786 Tatiano
2497 733 2773 787 eruditum
2813 733 2984 788 fuisse
3035 745 3269 791 testatus
3304 747 3407 802 εει,
3454 749 3517 792 ιιι
3564 750 3745 793 narrat

2174 821 2465 889 Eusebius,
2512 823 2656 878 Hist.
2687 824 2785 880 lib.
2816 839 2870 890 ν,
2899 840 2951 882 c.
2988 825 3079 879 15.

2775 940 3004 996 CAPUT
3047 941 3136 994 XI.

2168 1051 2247 1105 De
2281 1054 2468 1108 Itwresi
2505 1055 2570 1124 in,
2603 1071 2759 1124 quam
2812 1055 2995 1124 lapsus
3028 1068 3101 1109 est
3146 1055 3405 1112 Tatianus
3445 1069 3495 1112 et
3524 1057 3588 1112 de
3610 1069 3741 1114 secta

2527 1122 2929 1179 Encratitarttm
2955 1127 3019 1180 ab
3049 1143 3107 1180 eo
3131 1129 3386 1197 con/lata.

2165 1235 2203 1284 l.
2231 1236 2462 1286 Tatianus
2481 1251 2580 1300 quo
2605 1243 2830 1300 tempore
2858 1239 3119 1288 haereticus
3143 1239 3314 1290 factus.
3343 1241 3402 1292 II.
3434 1242 3638 1294 Errores
3670 1248 3737 1296 illi

2227 1312 2336 1363 cum
2361 1302 2470 1363 aliis
2493 1313 2805 1363 communes;
2823 1300 2909 1348 ΙΙΙ.
2939 1304 3014 1350 An
3035 1303 3306 1363 putativam
3326 1303 3512 1353 Christi
3553 1321 3736 1358 carnem

2225 1360 2467 1473 docueritt.
2502 1363 2582 1412 IV.
2609 1360 2831 1412 Salutem
2847 1365 3021 1413 Adami
3039 1360 3264 1426 negavit.
3289 1365 3348 1415 V.
3376 1369 3454 1418 De
3479 1368 3739 1420 Encratita-

2225 1431 2334 1470 rom
2354 1432 2440 1472 sec
2465 1439 2509 1473 a.

2233 1529 2274 1584 l.
2307 1526 2508 1586 Justini
2539 1541 2806 1602 prmteepta
2838 1544 2894 1589 et
2933 1535 3179 1606 exempla
3211 1535 3318 1590 nun
3352 1538 3543 1591 statim
3574 1554 3604 1593 e
3633 1555 3734 1594 me-

2163 1624 2338 1677 moria
2389 1623 2608 1678 Tatiani
2660 1608 2918 1682 etiluxere
2948 1643 2963 1681 :
2998 1625 3241 1696 magistri
3291 1615 3555 1699 praeclare
3601 1631 3733 1687 facta

2159 1723 2214 1768 et
2237 1714 2378 1768 dicta
2412 1715 2672 1785 praedicat
2707 1717 2759 1771 in
2803 1717 3061 1773 Oratione
3110 1721 3365 1777 adversus
3397 1719 3636 1787 (ἔνατος,
3675 1740 3734 1778 ac

477 1838 680 1878 nomen
717 1827 860 1881 inter
908 1828 1252 1888 Christianos
1294 1834 1571 1903 professus
1624 1803 1767 1894 esse.
2092 1867 2131 1920 Β
2160 1803 2816 1920 ‘fiff'f‘f‘i,iam?”
2863 1819 2919 1864 el
2958 1809 3366 1920 ""‘a'm‘ifm":
3423 1817 3492 1870 de
3551 1816 3729 1870 mundi

478 1914 766 1984 Oratione,
803 1933 967 1988 quam
1007 1923 1230 1992 scripsit
1277 1935 1400 1994 poSt
1446 1932 1768 2000 martyrium
1829 1931 2052 2000 Justini,

475 2007 563 2060 his
596 2012 839 2064 occurrit
877 2012 1194 2069 Graecorum
1234 2020 1474 2086 querelis
1501 2022 1546 2061 ’9
1574 2040 1587 2075 :
1614 2021 1876 2088 Τατιανὺς
1915 2027 2055 2100 ὑπὲρ

471 2097 718 2168 ἓλληνας,
750 2102 890 2173 ὑπὲρ
925 2104 984 2156 τὸ
1021 2105 1248 2177 ἄπειρον
1290 2109 1398 2162 τῶν
1438 2111 1871 2180 φιλοσοφούντων
1917 2097 2056 2187 πλῆξ

473 2190 585 2253 θος,
626 2198 938 2265 καινοτομεῖ
973 2197 1040 2250 τὰ
1089 2198 1377 2271 βαρϐάρων
1404 2202 1673 2272 δόγματα.
1721 2225 1740 2257 ι
1791 2206 2054 2264 Tatianus

472 2294 634 2351 supra
663 2283 904 2350 Graecos,
932 2301 1097 2358 supra
1129 2289 1397 2346 infinitam
1441 2293 1892 2366 philosophorum
1921 2302 2053 2356 mula

472 2372 758 2429 timdinem
784 2416 800 2440 ,
835 2392 1010 2433 novus
1044 2389 1132 2434 est
1165 2380 1528 2439 barbarorum
1568 2386 1833 2445 doctrinae
1866 2401 2049 2447 secta-

473 2471 576 2518 tor.
622 2483 642 2516 ι
687 2465 912 2524 Novitas
950 2473 1317 2540 exprobratur
1346 2475 1449 2531 hoe
1498 2477 1622 2534 loco
1652 2496 1758 2535 non
1787 2483 2052 2540 barbaro-

470 2569 590 2608 rum
624 2557 913 2625 doctrinm,
941 2573 999 2614 ut
1027 2563 1411 2620 existimarunt
1438 2568 1784 2639 interpretes,
1811 2575 1905 2629 sed
1939 2571 2048 2630 Ta-

470 2644 602 2699 tiani
662 2647 802 2703 hanc
844 2651 1148 2707 doctrinam
1201 2658 1491 2724 sequentis
1548 2663 1812 2728 consilio;
1875 2666 2040 2737 idque

467 2736 764 2792 confirmat
793 2739 1008 2798 Tatiani
1062 2748 1346 2815 responsio
1369 2791 1383 2817 ,
1416 2750 1509 2820 qui
1560 2751 1629 2808 ad
1669 2736 2047 2814 defensionem

468 2841 624 2882 suam
657 2830 880 2887 adhibet
907 2835 1036 2888 illud
1074 2834 1291 2891 Solonis
1321 2854 1332 2888 :

606 2921 878 2993 Γηράσκω
915 2925 959 2978 δ’
981 2927 1068 2980 ἀεὶ
1102 2928 1272 2983 πολλὰ
1307 2931 1712 3004 διδασκόμενος.

607 3012 821 3082 Semper
851 3034 944 3088 ego
976 3021 1254 3077 addiscens
1290 3025 1458 3078 multa
1487 3043 1699 3082 seneaco
1728 3029 1907 3088 simul.

538 3104 624 3164 lll.
673 3106 1093 3167 Pra'clarissima
1144 3130 1282 3170 sane
1329 3117 1500 3175 edidit
1556 3123 1708 3176 initia
1757 3122 2040 3193 Tatianus,

2163 1901 2445 1956 creatione
2478 1901 2530 1954 in
2575 1905 2822 1958 eamdem
2853 1920 3080 1975 prorsus
3115 1922 3181 1962 ac
3219 1907 3474 1964 Justinus
3521 1920 3731 1966 senten-

2161 1992 2316 2058 tiam,
2348 2009 2738 2064 nonnunquam
2784 1997 2838 2052 in
2882 1999 3070 2054 eadem
3112 2001 3278 2056 verba
3329 2003 3596 2072 disputat.
3632 2004 3728 2060 Sed

2159 2091 2340 2140 tamen
2373 2102 2483 2141 non
2515 2088 2687 2145 multo
2717 2099 2840 2160 post
2881 2093 3084 2146 amissa
3113 2093 3379 2150 doctrinae
3424 2097 3646 2162 lumina,
3677 2107 3729 2151 et

2155 2178 2283 2232 vitae
2312 2180 2609 2235 sanctioris
2653 2182 2981 2251 specimina,
3012 2199 3133 2253 quae
3175 2187 3230 2239 in
3273 2185 3497 2244 Justino
3529 2189 3725 2244 habue-

2158 2265 2264 2333 rat,
2293 2271 2460 2324 veluti
2492 2286 2670 2326 caecus
2705 2273 2931 2329 ductore
2973 2275 3262 2332 destitutus
3302 2281 3638 2350 praecipitem
3672 2297 3725 2337 se

2154 2357 2208 2413 in
2240 2367 2455 2416 errores
2497 2365 2862 2434 nequissimos
2889 2368 3054 2434 dedit,
3083 2379 3137 2424 et
3166 2386 3232 2425 ex
3257 2372 3513 2428 veritatis
3545 2374 3720 2429 defen—

2153 2465 2277 2509 sore
2300 2454 2480 2510 factus
2507 2468 2588 2512 est
2612 2459 2791 2528 impiae
2820 2461 3042 2516 haeresis
3069 2463 3289 2520 artifex.
3314 2454 3473 2523 Hanc
3499 2468 3720 2524 hominis

2153 2550 2220 2604 de
2257 2550 2499 2606 Ecclesia
2541 2553 2677 2610 bene
2705 2556 2886 2609 meriti
2921 2557 3134 2610 ruinam
3167 2561 3441 2629 superbiae
3484 2563 3719 2643 attribuit

2151 2643 2410 2712 lrenteus,
2435 2647 2528 2715 qui
2563 2647 2631 2701 de
2669 2646 2900 2701 Tatiano
2930 2649 3008 2704 sic
3035 2649 3293 2718 loquitur,
3326 2652 3424 2707 lib.
3460 2670 3498 2719 ι,
3535 2668 3582 2708 c.
3620 2653 3713 2708 28:

2149 2734 2306 2788 Μετὰ
2331 2736 2386 2790 δὲ
2413 2735 2509 2808 τὴν
2539 2738 2746 2792 ἐκείνου
2790 2741 3092 2812 μαρτυρίαν
3117 2742 3360 2808 ἀποστὰς
3383 2746 3718 2822 τῆςἙκκλη-

2150 2826 2292 2893 σίας,
2325 2829 2546 2900 οἱήματι
2574 2830 2889 2885 διδασκάλου
2916 2834 3174 2906 ἐπαρθεὶς
3198 2836 3292 2890 καὶ
3330 2838 3619 2908 τυφωθεὶς,
3648 2838 3716 2901 ὡς

2149 2919 2420 2993 διαφέρων
2453 2924 2558 2976 τῶν
2588 2924 2787 2982 λοιπῶν
2834 2928 2961 2983 ἴδιον
2990 2933 3312 3002 χαρακτῆρα
3355 2931 3714 2987 διδασκαλείου

2151 3015 2537 3086 συνεστήσατο.
2572 3036 2588 3068 ι
2622 3017 2751 3072 Post
2782 3034 2909 3074 vero
2941 3022 3086 3077 illius
3117 3021 3362 3095 (Justini)
3400 3025 3712 3094 martyrium

2149 3107 2420 3164 absistens
2464 3110 2532 3165 ab
2583 3111 2847 3178 Ecclesia,
2899 3124 2955 3169 et
2996 3117 3423 3186 prmsumptione
3477 3115 3710 3188 magistri

462 3203 520 3249 et
569 3210 692 3250 cum
738 3213 799 3254 se
849 3200 1038 3288 Roma:
1091 3207 1157 3260 ad
1206 3205 1481 3264 Justinum
1543 3213 1903 3282 contulisset,
1959 3218 2040 3272 vi-
2071 3201 2113 3258 (ἷ-
2149 3197 2430 3272 elatus.“
2477 3202 2716 3270 inﬁmus:
2754 3208 2910 3276 (ιιιθεί
2957 3223 3068 3277 Prae
3117 3211 3330 3263 οεῑθτίε
3375 3221 3544 3274 esset:
3597 3224 3713 3278 Ρτο·

462 3304 604 3356 rum,
635 3303 693 3347 ut
720 3295 835 3363 ipse
872 3299 1146 3369 appellat,
1180 3303 1232 3357 in
1269 3305 1460 3372 primis
1492 3307 1900 3375 admirandum,
1927 3327 2036 3366 non

461 3397 651 3450 parutn
677 3388 891 3444 videtur
917 3391 971 3445 in
1008 3393 1109 3448 hac
1137 3397 1451 3453 sanctitatis
1480 3408 1536 3454 et
1565 3401 1836 3456 doctrina;
1866 3403 2036 3458 disci-

455 3473 601 3543 plina
633 3479 954 3547 profecisse.
989 3483 1138 3540 Illius
1166 3501 1272 3542 non
1325 3489 1506 3544 solum
1552 3491 1855 3562 discipulus
1889 3506 2035 3561 erat,

455 3574 552 3626 sed
599 3573 767 3627 etiam
800 3575 1038 3644 adiutor,
1073 3579 1145 3633 ita
1175 3589 1236 3635 ut
1278 3582 1332 3637 in
1374 3583 1714 3641 defendenda
1749 3587 2033 3659 religione,

455 3677 522 3718 ac
555 3664 609 3718 in
652 3667 994 3739 philosophis
1035 3672 1354 3731 refellendis
1386 3677 1656 3734 secundas
1697 3679 1846 3736 ferre
1877 3684 2034 3738 vide-

456 3767 627 3836 retur.
661 3757 796 3813 Nam
827 3775 952 3815 cum
988 3761 1256 3820 Crescens
1283 3765 1520 3836 Cynicus
1549 3769 1682 3823 nihil
1707 3771 2032 3829 intentatum

456 3834 811 3914 relinqueret,
840 3859 898 3904 ut
925 3847 1225 3918 Justinum,
1261 3868 1291 3906 a
1324 3834 1433 3924 quo
1464 3857 1648 3913 multis
1673 3861 2028 3918 audientibus

453 3936 819 4006 ignorationis
848 3942 1132 3997 cettvietus
1157 3944 1359 4012 fuerat,
1393 3963 1424 4002 e
1450 3949 1629 4004 medio
1662 3950 1906 4020 tolleret;
1939 3969 2032 4008 ea-

450 4025 575 4080 dem
626 4027 856 4083 consilia
909 4032 974 4084 de
1018 4030 1232 4087 Tatiani
1285 4035 1527 4104 pernicie
1569 4039 1878 4095 instruebat
1930 4045 2030 4098 :in

450 4109 744 4189 utrumque
773 4122 1012 4178 nefarios
1040 4125 1243 4181 furoris
1271 4128 1354 4181 sui
1383 4140 1614 4184 conatus
1638 4132 2024 4190 meditabatur.

449 4210 542 4264 Sic
571 4212 715 4266 enim
754 4211 1046 4280 Tatianus,
1083 4231 1138 4270 ιι.
1177 4218 1243 4274 l9
1285 4220 1570 4274 εΘανάτου
1605 4223 1662 4276 δὲ
1691 4225 1719 4277 ὁ
1754 4241 2030 4299 καταφρο-

445 4302 573 4368 νῶν,
609 4303 779 4368 οὖτως
823 4306 983 4360 αὑτὸν
1017 4309 1205 4363 ἐδεδίει.
1237 4310 1326 4365 τὸν
1370 4311 1618 4378 Θάνατον,
1655 4316 1732 4380 ὡς
1775 4318 1868 4370 καὶ
1901 4320 2029 4371 Ἰου-

449 4399 626 4449 στῖνον
653 4397 905 4468 καθάπερ
937 4400 1028 4452 καὶ
1058 4401 1158 4471 ἐμὲ
1201 4396 1312 4455 οἷον
1341 4405 1497 4476 κακῷ
1523 4405 1600 4476 τῷ
1639 4407 1853 4479 θανάτῳ
1881 4427 2028 4482 περι-

448 4486 632 4541 ϐαλεῖν
671 4491 1276 4560 πραγματεύσασθαι....
1298 4495 1462 4560 Τίνας
1503 4497 1560 4550 δὲ
1599 4498 1665 4552 ἂν
1717 4501 1809 4552 καὶ
1838 4500 2024 4567 διῶξαι

439 4579 549 4632 τῶν
591 4580 930 4651 φιλοσόφων,
965 4585 1014 4636 εἰ
1047 4585 1120 4656 μὴ
1173 4587 1363 4656 μόνους
1405 4591 1554 4659 ἡμᾶς
1597 4590 1818 4659 εἴωθεν;
1858 4615 1876 4645 ι
1913 4594 2019 4649 Iste

439 4682 624 4725 autem
666 4676 858 4729 mortis
909 4685 1274 4746 contemptor,
1315 4681 1388 4733 ita
1440 4693 1671 4737 mortem
1718 4686 2016 4748 metuebat,

441 4772 499 4814 ut
525 4778 645 4816 eam
679 4765 845 4820 veluti
876 4769 1080 4823 malum
1103 4771 1323 4841 aliquod
1355 4773 1591 4840 Justino,
1626 4791 1734 4831 non
1761 4792 1922 4832 secus
1950 4794 2013 4833 ac

438 4853 597 4919 mihi,
639 4859 1143 4920 machinationibus
1185 4863 1299 4917 suis
1351 4865 1555 4921 inferre
1593 4878 1821 4922 conatus
1869 4869 2010 4922 sit...

437 4943 714 5009 Quasnam
747 4961 931 5005 autem
960 4953 1412 5025 philosophorum
1464 4958 1570 5012 nisi
1614 4975 1710 5014 nos
1753 4959 1900 5013 solo:
1932 4960 2012 5012 in-

436 5038 636 5090 sectari
670 5039 920 5095 solebat?
948 5061 968 5093 ›
998 5043 1271 5109 Quantum
1303 5046 1477 5101 fuerit
1519 5048 1738 5104 Tatiani
1771 5050 2010 5104 studium

436 5124 716 5196 religionis
745 5131 1118 5200 defendendae,
1164 5150 1232 5190 ex
1278 5137 1382 5191 hoc
1411 5136 1729 5194 Crescentis
1769 5139 1821 5193 in
1859 5139 2010 5194 illum

431 5217 557 5272 odio
585 5222 938 5290 perspicitur.

499 5307 811 5367 Crescentis
849 5316 1065 5371 insidiis
1112 5317 1348 5374 feliciter
1389 5321 1676 5377 succubuit
1715 5319 2003 5390 Justinus;

427 5415 538 5452 non
568 5401 688 5456 sine
716 5419 910 5476 magno
940 5424 1039 5463 suo
1082 5411 1226 5466 malo
1265 5413 1438 5466 evasit
1480 5413 1764 5468 Tatianus.
1811 5413 1915 5467 Sed
1949 5425 2009 5468 ut

427 5493 676 5563 magistri
710 5497 952 5554 laborum
978 5518 1205 5558 consors
1227 5514 1283 5558 et
1308 5507 1490 5559 socius
1515 5505 1713 5574 fuerat,
1749 5509 1820 5559 ita
1843 5508 2005 5560 etiam

425 5583 571 5642 illius
600 5603 665 5642 ex
704 5605 825 5646 asse
872 5595 1048 5649 hatres
1079 5595 1294 5650 videtur
1325 5595 1512 5653 luisse.
1548 5596 1670 5652 llatc
1701 5598 1848 5654 enim
1895 5597 2007 5652 vel-

492 5760 540 5790 "
561 5759 624 5816 Ν.
815 5765 858 5796 ⁷³
887 5764 950 5820 Ν.
982 5767 1071 5822 53.
1150 5768 1194 5800 ⁸ο
1233 5768 1440 5828 lintres.
1470 5773 1538 5826 46

2141 3291 2324 3358 prium
2379 3292 2760 3350 characterem
2816 3297 3083 3353 doctrinae
3133 3301 3443 3355 constituit.
3497 3321 3514 3352 ι
3569 3298 3712 3352 Nunc

2146 3381 2573 3437 examinandum
2603 3386 2762 3442 nobis
2813 3398 2900 3442 est
2945 3403 3055 3458 quo
3093 3400 3336 3461 tempore
3377 3393 3448 3446 ab
3481 3385 3710 3446 Ecclesia

2139 3472 2422 3538 defecerit,
2454 3489 2700 3547 quosque
2727 3479 3070 3548 potissimum
3114 3483 3338 3540 secutus
3369 3487 3444 3540 sit
3480 3493 3707 3540 errores.

2209 3563 2409 3620 Narrat
2445 3567 2782 3637 Epiphanius
2813 3566 2859 3602 ⁸ο
2883 3563 3188 3633 ,Τειιὶειιιιιιιι
3223 3576 3276 3630 in
3321 3563 3708 3648 Mesopotamia

2137 3669 2332 3711 novam
2359 3667 2566 3713 sectam
2595 3661 2831 3716 condere
2858 3663 3148 3731 incmpisse
3173 3664 3320 3719 circa
3351 3681 3553 3721 annum
3583 3664 3708 3718 duo-

2136 3748 2409 3804 decimum
2463 3751 2836 3822 imperatoris,
2865 3754 3162 3821 Antonini,
3216 3768 3576 3828 cognomento
3604 3757 3702 3814 Pii.

2136 3840 2237 3894 Vix
2288 3841 2562 3912 integrum
2613 3844 2688 3898 sit
2734 3845 2804 3899 ab
2843 3845 2948 3901 hac
2977 3849 3247 3903 sententia
3293 3851 3593 3919 discedere,
3627 3850 3703 3903 his

2132 3936 2225 4004 qui
2255 3933 2531 3990 Justinum
2578 3939 2680 3992 sub
2721 3938 3000 3994 Antonino
3047 3956 3268 4011 passum
3310 3944 3532 4010 volunt;
3566 3941 3700 4012 quod

2133 4028 2355 4096 quidem
2386 4043 2510 4082 cum
2539 4030 2781 4084 arridcat
2809 4032 3025 4088 erudito
3055 4035 3263 4089 auctori
3309 4034 3702 4091 dissertationis

2131 4134 2295 4188 supra
2330 4121 2532 4187 citatae,
2564 4121 2869 4191 Epiphanio
2921 4125 2977 4178 in
3032 4125 3142 4191 his,
3173 4141 3291 4196 qum
3318 4129 3385 4182 ad
3416 4129 3696 4184 Tatiauum

2130 4213 2392 4281 attinent,
2435 4215 2783 4283 astipulatur,
2817 4217 2889 4270 ita
2919 4227 3100 4272 tamen
3126 4231 3184 4274 ut
3219 4237 3418 4276 annum
3450 4219 3698 4278 duodeci-

2129 4319 2276 4358 mum
2305 4306 2567 4360 Antonini
2602 4322 2708 4361 non
2743 4321 3078 4372 currentem,
3117 4314 3211 4366 sed
3239 4325 3490 4368 exactum
3535 4315 3698 4368 inter-

2129 4406 2394 4467 pretetur,
2424 4413 2488 4454 ac
2515 4397 2727 4454 Tatiani
2753 4402 3004 4456 haeresim
3033 4403 3100 4457 ad
3132 4421 3333 4458 annum
3365 4406 3566 4461 Christi
3596 4403 3688 4458 151

2132 4489 2351 4546 referat.
2383 4493 2452 4546 At
2499 4493 2700 4561 quibus
2737 4496 3044 4550 rationibus
3087 4512 3250 4566 supra
3296 4509 3590 4569 pugnatum
3615 4503 3694 4550 est

2129 4582 2188 4640 S.
2217 4597 2509 4655 martyrem
2541 4583 2815 4640 Justinum
2839 4587 2938 4642 sub
2969 4586 3038 4641 Μ.
3064 4590 3286 4644 Aurelio
3311 4605 3528 4659 passum
3558 4603 3689 4653 esse,

2126 4677 2318 4731 iisdem
2347 4679 2580 4732 elIicitur
2616 4671 2902 4732 Tatianum
2934 4679 3002 4732 ad
3026 4680 3274 4736 hzrrcsim
3301 4683 3401 4735 sub
3425 4679 3689 4735 Antonino

2123 4769 2358 4824 deficere
2413 4787 2520 4825 non
2575 4773 2843 4840 potuisse.
2878 4769 3078 4828 Verum
3126 4775 3229 4828 hoc
3271 4775 3392 4828 loro
3441 4772 3687 4829 tionnulla

2120 4861 2368 4930 proferre
2404 4861 2557 4927 libet,
2593 4879 2713 4932 quas
2742 4866 2914 4935 magis
2939 4867 3161 4934 propria
3195 4867 3304 4920 sint
3335 4865 3568 4919 Tatiani.

2190 4953 2308 5019 Quo
2337 4965 2580 5024 tempore
2611 4956 3185 5023 scribebatTatianus,
3211 4968 3470 5029 perpetuo
3502 4953 3684 5025 mortis

2116 5045 2357 5115 periculo
2408 5048 2657 5115 exposita
2703 5058 2825 5102 erat
2866 5049 3194 5104 Christiana:
3237 5051 3514 5118 religionis
3558 5063 3679 5116 pro-

2117 5139 2320 5204 fessio;
2363 5147 2572 5194 etcum
2606 5149 2861 5194 auctores
2910 5141 3153 5195 nonnulli
3208 5152 3392 5198 essent
3436 5142 3676 5196 Tatiano.

2117 5241 2177 5283 ut
2231 5240 2460 5284 mortem
2513 5230 2826 5285 mentiendo
2880 5233 3321 5302 subterfugeret,
3373 5235 3453 5290 sic
3495 5246 3674 5288 eorum

2116 5322 2339 5376 consilia
2390 5322 2601 5389 repellit
2650 5340 2664 5377 :
2713 5323 2778 5375 Τί
2813 5341 2902 5393 μοι
2949 5315 3336 5394 συμϐουλεύεις
3383 5320 3673 5395 ψεύσασθαι

2112 5414 2211 5486 τὴν
2262 5414 2566 5478 πολιτείαν;
2615 5415 2666 5468 τί
2706 5415 2761 5469 δὲ
2818 5416 2991 5485 λέγων
3031 5418 3261 5472 Θανάτου
3307 5416 3672 5487 καταφρονεῖν,

2111 5501 2197 5554 διὰ
2238 5502 2430 5571 τέχνης
2480 5503 2700 5572 φεύγειν
2747 5503 2909 5555 αὑτὸν
2942 5506 3368 5574 καταγγέλλεις;
3416 5501 3553 5569 Ἐγὼ
3583 5500 3675 5572 μὲν

2114 5596 2212 5647 οὐκ
2241 5594 2348 5665 ἔχω
2394 5594 2616 5666 καρδίαν
2647 5596 2867 5665 ἐλάφου.
2903 5616 2918 5647 ι
2959 5595 3097 5665 Quid
3147 5599 3276 5652 mihi
3324 5610 3515 5654 auctor
3540 5613 3597 5652 es
3622 5596 3674 5645 υἱ
