3932 6258
199 357 312 414 165
1299 359 1361 414 ll.
1397 358 1660 415 MARANI
1700 358 1832 417 PRA

1941 360 2098 418 LTIO.
2132 394 2201 404 —-
2231 359 2412 420 PARS
2445 361 2532 420 lli.
2591 391 2593 394 ⁴
3400 370 3534 459 ,περ

199 496 386 535 meum
434 478 768 533 institutum
833 479 1128 534 mentiar?
1179 480 1247 535 Et
1289 483 1382 551 qui
1431 493 1662 538 mortem
1715 500 1743 537 a
1795 495 1847 539 te
1878 495 1921 550 Α
1953 496 2066 539 tum
2119 485 2304 541 Protei
2361 501 2662 557 cognomen
2697 489 2943 544 omnium
2973 505 3242 546 consensu
3291 499 3350 545 et
3392 493 3534 544 fama

201 572 484 628 contemni
519 571 802 638 dictitas;
836 587 944 626 cur
974 573 1254 639 hortaris,
1289 583 1348 629 ut
1376 590 1494 628 eam
1521 585 1638 630 aslu
1678 577 1830 631 decli~

203 664 370 720 nem?
401 665 470 718 At
493 678 599 733 ego
622 679 730 718 cor
753 665 915 719 cervi
944 681 1060 720 non
1097 666 1298 721 habeo.
1334 685 1354 718 ι
1391 664 1504 719 Etsi
1538 666 1591 720 in
1621 667 1708 720 bis
1736 683 1843 720 non

209 771 316 812 tam
367 756 639 810 Antonini
675 756 813 810 lene
859 757 1190 827 imperium,
1221 774 1387 828 quam
1418 759 1640 828 iniquus
1673 758 1842 812 Marci

214 855 267 905 iu
299 851 657 906 Christianos
691 851 928 906 animus
961 853 1321 920 agnoscitur;
1376 867 1482 906 non
1520 861 1701 906 tamen
1742 853 1845 908 boc

220 955 335 998 utar
370 952 752 1012 argumento;
789 943 929 1012 quia
953 984 969 1006 ,
1014 953 1074 995 ut
1127 959 1294 1012 supra
1339 943 1650 1008 observavi,
1678 958 1843 1011 pares

232 1038 318 1093 sub
343 1037 594 1091 Adriano
639 1046 704 1091 et
745 1037 1042 1091 Antonino
1079 1050 1390 1099 concessae,
1425 1035 1659 1090 induciae
1687 1051 1842 1105 qtae-

239 1135 342 1183 dam
376 1129 627 1194 fuerunt,
651 1145 787 1197 quae
812 1145 920 1184 nec
949 1129 1389 1184 Christianorum
1419 1128 1471 1181 in
1498 1129 1842 1182 cruciatibus

233 1220 546 1275 constantia:
585 1218 948 1274 oblivionem
985 1220 1354 1280 inducerent,
1389 1233 1488 1272 nec
1530 1218 1839 1274 futurarum

233 1310 688 1381 persecutionum
724 1319 942 1363 metum
982 1309 1262 1363 tollerent.
1299 1308 1514 1362 Ccrtius
1546 1323 1842 1378 argumen-

231 1413 346 1458 tum
373 1403 706 1473 suppeditat
739 1402 1044 1468 Eusebius,
1082 1401 1176 1471 qui
1218 1401 1365 1456 inter
1406 1403 1704 1470 scriptores
1735 1403 1839 1455 sub

233 1504 413 1557 Marco
446 1502 680 1559 Aurelio
707 1511 940 1556 exortos
972 1501 1268 1556 Tatianum
1297 1509 1543 1554 recenset
1574 1515 1638 1553 ac
1671 1501 1836 1552 etiam

235 1598 552 1658 Musanum,
599 1611 630 1649 a
665 1611 782 1666 quo
838 1595 1099 1649 haeresim
1148 1593 1401 1656 Tatiani,
1437 1593 1622 1646 statim
1674 1601 1839 1655 atque

235 1697 418 1742 exorta
455 1697 562 1751 est,
610 1685 950 1741 debellatam
999 1685 1167 1739 fuisse
1190 1685 1318 1739 dicit
1349 1684 1390 1715 ⁸¹
1418 1699 1433 1738 :
1459 1683 1569 1736 Καὶ
1608 1682 1835 1736 Μουσά-

237 1797 324 1832 vsa
361 1779 441 1841 δὲ,
462 1778 525 1830 ὃν
563 1777 621 1828 ὲν
648 1779 770 1840 τοῖς
800 1775 1046 1844 φθάσασι
1069 1775 1455 1846 κατελέξαμεν,
1490 1774 1716 1844 φέρεταί
1755 1793 1837 1839 τις

239 1868 815 1940 ἑπιπρεπτικώτατος
845 1867 1006 1935 λόγος
1048 1867 1186 1938 πρὸς
1226 1883 1376 1928 τινας
1413 1864 1563 1936 αὐτῷ
1601 1867 1837 1936 γραφεὶς

240 1963 519 2030 ἀδελφοὺς,
554 1958 969 2022 ἀποκλίναντας
994 1958 1086 2011 ἐπὶ
1107 1959 1207 2029 τὴν
1235 1956 1342 2010 τῶν
1365 1957 1673 2028 λεγομένων
1713 1956 1837 2026 Ἐγ-

240 2053 511 2123 aranti-sv
541 2053 784 2124 αἰρεσιν,
821 2050 950 2121 ἄρτι
976 2049 1099 2102 τότε
1126 2048 1281 2119 φύειν
1314 2047 1645 2120 ἀρχομένην,
1680 2046 1836 2116 ξένην

238 2162 294 2197 τε
345 2146 440 2198 καὶ
487 2144 832 2217 φθοριμαξαν
884 2141 1232 2212 ψευδοδοξίαν
1285 2140 1610 2208 εἰσάγουσαν
1665 2140 1722 2192 ὲν
1760 2138 1837 2210 τῷ

383 2233 493 2300 Ἦς
535 2235 932 2307 παρεκτροπῆς
972 2232 1214 2304 ἀρχηγὸν
1259 2231 1596 2302 καταστῆναι
1642 2232 1839 2284 Τατια-

235 2329 324 2383 νὺν
365 2329 528 2398 λόγος
570 2328 710 2399 ἔχει.
755 2347 775 2379 ι
815 2325 926 2381 Sed
960 2335 1017 2380 et
1046 2324 1283 2388 Musani,
1319 2323 1479 2392 cujus
1512 2337 1677 2392 supra
1725 2337 1840 2377 me-

237 2424 521 2485 minimus.
558 2419 1014 2492 elegantissimus
1061 2418 1285 2488 quidam
1336 2425 1517 2472 exstat
1573 2416 1710 2470 liber
1767 2417 1836 2468 ad

237 2516 501 2584 quosdam
570 2514 798 2579 fratres,
857 2515 951 2583 qui
1007 2513 1075 2568 ad
1130 2511 1534 2566 Encratitarum
1579 2508 1833 2563 hmresim

239 2607 592 2659 desciverant
640 2621 658 2660 :
704 2619 827 2675 qua:
899 2614 1030 2658 tunc
1093 2602 1328 2672 primum
1383 2609 1572 2654 exorta
1632 2613 1833 2653 novum

155 2719 160 2722 -
239 2699 530 2765 quemdam
585 2711 657 2752 ac
705 2695 1082 2766 perniciosum
1139 2708 1382 2748 errorem
1440 2691 1560 2746 orbi
1599 2689 1830 2744 invexit.

245 2791 413 2860 [lujus
446 2801 616 2847 secta:
643 2802 926 2846 auctorem
961 2789 1252 2859 perhibent
1273 2787 1439 2842 fuisse
1462 2785 1776 2840 Tatianum.
1807 2803 1826 2837 ι

241 2883 387 2940 Idem
418 2885 692 2939 Eusebius
724 2886 780 2937 in
817 2883 1074 2940 Chronic.
1118 2882 1184 2936 ad
1219 2896 1420 2935 annum
1450 2879 1832 2934 duodecimum

247 2973 320 3028 ll.
353 2976 554 3031 Aurelii
591 2975 832 3030 collocat
874 2975 1128 3029 haeresim
1167 2972 1402 3026 Tatiani.

319 3067 521 3123 Deinde
550 3083 686 3122 vero
717 3067 959 3122 lrenaaus
985 3066 1078 3136 qui
1108 3065 1268 3118 annis
1307 3078 1442 3135 pene
1469 3062 1831 3133 quadraginta

1953 575 2219 630 tributum
2255 577 2551 647 Peregrina
2580 578 2766 634 fuisse.
2800 583 2867 633 At
2897 581 3027 634 illud
3072 597 3174 636 nec
3204 583 3261 637 in
3294 582 3535 654 .rEgypto

1947 669 2214 732 obtinuit,
2253 679 2312 722 ut
2341 671 2520 724 minus
2556 671 2695 726 belle
2728 673 2950 739 conjicit
2992 673 3398 738 Tillemontius,
3431 689 3534 730 nec

1949 760 2002 814 in
2060 762 2210 815 Italia
2265 762 2316 816 in
2371 779 2536 834 quam
2590 765 2780 820 relicta
2823 766 3060 837 Egypto
3107 768 3288 832 venit,
3340 769 3432 823 sed
3475 769 3528 822 in

1945 851 2180 915 Graecia,
2235 855 2289 907 in
2343 869 2508 924 quam
2556 872 2614 911 se
2659 857 2812 911 Italia
2861 860 3048 928 pulsus
3104 862 3329 930 recepit,
3367 861 3530 930 idque

1946 945 2237 999 admodum
2268 960 2413 1013 sero,
2445 957 2504 1002 ut
2550 957 2787 1002 testatur
2814 951 2986 1004 Aulus
3016 951 3246 1007 Gellius.
3281 951 3532 1006 Philoso-

1943 1038 2105 1105 phum
2148 1039 2360 1097 nomine
2408 1037 2774 1110 Peregrinum,
2820 1043 3032 1112 inquit,
3069 1044 3165 1099 lib.
3206 1060 3317 1112 xu,
3352 1061 3403 1102 c.
3439 1047 3529 1109 11,

1944 1129 2031 1180 cui
2067 1140 2246 1198 postea
2293 1140 2699 1200 cognomentum
2734 1131 2962 1188 Proteus
2991 1134 3192 1203 factum
3224 1147 3323 1198 est,
3357 1137 3530 1191 virum

1942 1233 2154 1286 gravem
2186 1231 2342 1289 atque
2375 1231 2704 1276 constantem
2736 1226 2982 1292 vidimus,
3009 1244 3127 1282 cum
3147 1228 3366 1284 Athenis
3391 1245 3532 1284 esse-

1942 1326 2081 1372 mus,
2125 1312 2475 1366 diversantem
2507 1315 2560 1367 in
2601 1316 2833 1385 quodam
2876 1319 3089 1387 tugurio
3132 1331 3280 1374 extra
3321 1324 3526 1374 urbem.

1943 1401 2060 1456 Non
2087 1405 2263 1471 potuit
2291 1419 2425 1472 ergo
2449 1406 2714 1462 Tatianus
2738 1408 2986 1464 Itatresint
3018 1427 3171 1465 suam
3199 1428 3344 1467 anno
3369 1414 3501 1467 (thri

1943 1494 2015 1547 sti
2054 1493 2148 1547 151
2179 1511 2463 1566 spargere,
2501 1513 2740 1567 veroque
2785 1501 3124 1556 simillimum
3169 1512 3255 1558 est
3291 1503 3532 1574 Epipha-

1943 1593 2092 1641 nium
2129 1603 2229 1657 pro
2264 1604 2410 1643 anno
2441 1590 2514 1643 Μ.
2559 1591 2766 1646 Aurelii
2818 1593 3165 1659 duodecimo,
3212 1610 3321 1665 quo
3357 1597 3528 1652 Euse-

1943 1683 2064 1737 bius
2090 1686 2231 1738 hanc
2263 1685 2514 1739 haeresim
2546 1687 2822 1753 prodiisse
2844 1688 3107 1753 declarat,
3144 1689 3524 1745 duodecimum

1943 1775 2202 1829 Antonini
2259 1777 2530 1846 posuisse.
2584 1775 2716 1832 Cum
2769 1779 2988 1834 Eusebii
3029 1781 3074 1812 θ’
3117 1781 3292 1849 major
3333 1792 3420 1838 est
3470 1783 3527 1838 in

1944 1870 2210 1938 ejusmodi
2261 1870 2653 1938 quaestionibus
2697 1874 2996 1928 auctoritas
3024 1889 3187 1943 quam
3211 1873 3525 1945 Epiphanii,

1947 1969 2057 2010 tmn
2089 1974 2218 2013 vero
2243 1960 2387 2014 illius
2409 1963 2678 2016 sententia
2720 1978 2842 2016 cum
2875 1963 3092 2018 Tatiani
3126 1975 3182 2020 et
3203 1965 3400 2021 Justini
3441 1983 3526 2022 re-

1947 2049 2047 2102 bus
2071 2051 2278 2116 optimc
2306 2054 2608 2106 consentit.
2642 2053 2890 2108 Dandum
2942 2059 3087 2110 enim
3118 2057 3338 2126 aliquod
3387 2069 3524 2114 tem-

1943 2155 2046 2209 pus
2085 2140 2323 2196 Tatiano
2369 2154 2490 2214 post
2542 2145 2820 2200 Justinum
2880 2147 3069 2204 Romae
3124 2151 3372 2218 docenti;
3422 2167 3526 2207 nec

1943 2234 2126 2288 statim
2160 2250 2224 2288 ac
2267 2234 2437 2290 Roma
2485 2238 2772 2304 discessit,
2819 2239 3066 2295 haeresim
3121 2243 3286 2313 cmpit
3331 2245 3528 2314 pradi-

1941 2343 2102 2393 care,
2160 2345 2284 2384 cum
2338 2330 2526 2385 Oratio
2575 2333 2826 2386 adversus
2875 2333 3132 2400 Crmcos,
3180 2352 3344 2406 quam
3400 2349 3526 2408 post

1943 2442 2100 2482 suam
2152 2427 2325 2482 Roma
2390 2431 2780 2486 discessionem
2826 2434 3069 2503 scripsit,
3122 2434 3344 2489 haeresis
3395 2445 3525 2490 nota

1943 2529 2147 2575 eareat.
2178 2520 2543 2587 Quamobrem
2577 2539 2698 2577 cum
2734 2522 2980 2579 Justinus
3007 2528 3153 2581 circa
3189 2542 3390 2580 annum
3425 2529 3522 2582 167

1943 2620 2036 2665 aut
2075 2611 2179 2666 168
2209 2613 2377 2667 vitam
2423 2628 2524 2682 pro
2558 2615 2780 2670 Christo
2810 2615 3130 2685 profuderit,
3174 2633 3282 2672 non
3317 2619 3524 2672 incom-

1941 2704 2100 2759 mode
2147 2703 2362 2758 Tatiani
2421 2706 2649 2760 hmresis
2695 2709 2759 2761 ad
2814 2724 3016 2763 annntn
3067 2708 3170 2763 170
3233 2710 3522 2768 referetur.

1940 2798 2092 2864 Quod
2146 2802 2291 2855 enim
2331 2801 2600 2856 Eusebius
2648 2802 2700 2856 in
2739 2802 3020 2857 Chronicis
3050 2819 3192 2858 anno
3234 2803 3339 2860 179
3363 2821 3526 2859 exor-

1943 2903 2052 2944 tam
2091 2902 2270 2962 putat,
2322 2894 2374 2948 id
2428 2903 2520 2947 aut
2563 2894 2837 2964 praeﬁnito
2876 2912 2978 2950 non
3033 2895 3169 2951 dixit
3218 2907 3312 2950 aut
3345 2897 3524 2950 minus

1943 2982 2082 3038 dixit
2128 2995 2404 3040 accurate.
2464 2985 2601 3042 Nam
2653 2987 3025 3054 Montanistac,
3060 3003 3198 3056 quos
3250 3004 3392 3043 anno
3419 2988 3518 3044 171

1938 3077 2211 3146 prodiisse
2260 3080 2603 3148 gravissimis
2648 3081 2953 3137 rationibus
3007 3091 3175 3150 patet,
3229 3083 3388 3151 paulo
3439 3097 3527 3134 rc-

252 3169 345 3211 "1‘
372 3160 562 3214 sane!“
601 3159 830 3228 triginta
886 3167 1014 3227 Ροει
1060 3172 1261 3210 almum
1297 3156 1502 3210 Chiis“
1556 3155 1653 3208 151
1691 3153 1831 3208 πτί-
1857 3166 1901 3224 C
1942 3168 2218 3222 cenliores
2250 3170 2480 3225 Tatiano
2515 3173 2788 3239 videntur,
2815 3185 2872 3229 et
2910 3185 3034 3244 post
3068 3191 3190 3228 cum
3235 3189 3526 3229 recensen-

253 3252 431 3316 behat,
463 3251 717 3306 hatresim
749 3250 993 3314 Tatiani,
1031 3258 1091 3303 ut
1116 3259 1389 3304 recentem
1426 3263 1489 3302 ac
1530 3261 1702 3315 nuper
1742 3246 1829 3300 ἰησ-

258 3353 460 3397 sentam
491 3353 915 3400 commemorat.
950 3341 1339 3397 Contradicunt
1363 3357 1591 3411 quoque,
1629 3338 1826 3408 inquit,

256 3436 346 3492 lib.
372 3454 408 3502 I,
442 3453 491 3491 c.
520 3437 616 3503 28,
648 3437 766 3508 ejus
803 3436 971 3490 saluti
1010 3435 1103 3505 qui
1136 3437 1338 3504 primus
1369 3434 1669 3503 plasmatus
1698 3438 1776 3485 est
1806 3447 1826 3496 ;

257 3544 301 3584 et
327 3535 416 3584 nec
442 3549 606 3601 nuper
630 3532 899 3584 inventum
928 3539 1005 3582 est
1037 3527 1176 3596 apud
1198 3543 1285 3581 eos
1309 3542 1326 3580 :
1352 3525 1579 3580 Tatiano
1597 3524 1826 3593 quodam

263 3629 413 3693 primo
441 3627 578 3677 hanc
605 3623 972 3677 introducente
997 3619 1401 3688 blasphemiam.

326 3717 378 3770 lu
412 3717 666 3772 Oratione
697 3715 916 3769 Tatiani
954 3723 1082 3768 ante
1119 3713 1372 3768 haeresim
1412 3712 1616 3782 scripta
1649 3718 1831 3766 exstat

263 3822 358 3860 non
387 3808 636 3877 illepidus
685 3808 911 3876 quidam
942 3806 996 3860 in
1029 3804 1385 3875 Peregrinum
1422 3803 1540 3858 sive
1569 3801 1827 3856 Proteum

262 3899 496 3964 aculeus,
531 3899 624 3967 qui
657 3914 786 3954 cum
843 3914 907 3954 ea
960 3900 1256 3970 Opinione,
1291 3914 1455 3969 quam
1507 3897 1827 3964 refellimus,

261 3992 528 4045 conciliari
567 4007 675 4047 non
707 3992 903 4062 possit.
936 3990 1033 4046 Sic
1061 3992 1206 4046 enim
1255 3992 1346 4046 ille
1374 3991 1614 4063 Cynicus
1641 3991 1830 4061 exagi-

262 4094 397 4136 tatur
428 4100 456 4135 a
497 4085 755 4149 Tatiano,
786 4092 848 4137 ut
888 4083 1002 4153 5am
1041 4093 1154 4138 tum
1207 4099 1334 4140 sese
1360 4085 1542 4138 vivum
1577 4084 1830 4137 combus-

256 4175 400 4238 siSse,
431 4177 575 4244 quod
608 4174 826 4243 quidem
852 4175 923 4230 ab
950 4191 1016 4230 eo
1051 4175 1253 4230 factum
1275 4184 1362 4230 est
1388 4175 1442 4228 in
1479 4173 1622 4228 ludis
1644 4171 1832 4244 Olynt-

257 4266 379 4332 picis
429 4282 574 4319 anno
607 4265 749 4329 165,
784 4276 882 4318 aut
932 4265 1124 4319 saltem
1181 4265 1284 4322 sub
1333 4264 1518 4319 Protei
1571 4264 1827 4329 nomine,

254 4360 384 4426 quod
422 4361 469 4412 ei
511 4360 616 4412 sub
669 4358 834 4411 tinem
886 4358 1016 4410 vita:
1045 4356 1361 4425 impositum
1397 4354 1525 4419 fuit,
1573 4355 1828 4424 cognitus

256 4453 495 4504 clunibus
546 4453 719 4505 fuisse
765 4449 1042 4503 videatur.
1091 4448 1185 4504 Sic
1236 4449 1480 4518 loquitur
1525 4447 1826 4511 Tatianus,

252 4558 302 4594 η.
334 4544 444 4594 25:
485 4542 598 4595 Καὶ
631 4540 883 4609 λέγοντες
920 4539 1021 4611 μὲν
1059 4539 1266 4593 δεῖσθαι
1305 4509 1549 4610 μηδενός
1588 4539 1728 4592 κατὰ
1770 4509 1828 4590 at
1863 4509 1906 4564 ο

249 4633 332 4685 τὸν
363 4633 597 4704 Πρωτέα
634 4631 965 4701 σκυτοδέψου
1017 4632 1116 4702 μὲν
1158 4621 1450 4695 χρήζοντες
1483 4629 1571 4683 διὰ
1599 4630 1696 4700 τὴν
1729 4631 1830 4700 111';-

254 4743 370 4796 ριν,
411 4727 656 4794 ὑφάντου
712 4725 771 4777 δὲ
821 4724 910 4778 διὰ
958 4724 1018 4777 τὸ
1070 4725 1305 4796 ipsum,
1339 4725 1432 4778 καὶ
1473 4725 1562 4778 διὰ
1587 4725 1646 4778 τὸ
1674 4724 1828 4791 ξύλον

250 4815 550 4887 δρυοτὸμου,
568 4817 658 4870 δίὰ
673 4817 733 4870 δὲ
758 4817 856 4887 τὴν
876 4817 1319 4888 γαστριμαργίαν
1336 4818 1442 4872 τῶν
1460 4817 1830 4871 πλουτούντων

254 4909 628 4978 nudorum-3.
653 4929 672 4961 ί
719 4909 931 4964 Nullius
964 4911 1180 4978 quidem
1207 4925 1266 4964 se
1295 4925 1459 4980 cgere
1487 4911 1676 4965 dicunt
1708 4912 1831 4980 pbi-

256 4999 468 5068 losophi,
505 5003 600 5056 sed
636 5012 820 5055 tamen
861 4999 1046 5054 Protei
1093 5015 1244 5056 more
1276 5003 1549 5072 modoque
1583 5003 1831 5071 indigent

255 5095 466 5144 cerialia
504 5104 733 5165 propter
778 5107 973 5162 peram
1000 5133 1014 5158 ,
1054 5103 1267 5149 textore
1322 5105 1548 5164 propter
1597 5105 1826 5162 vestem,

257 5181 462 5253 lignatio
501 5198 734 5257 propter
772 5186 1062 5253 baculum,
1101 5186 1358 5240 divitibus
1396 5197 1618 5255 propter
1646 5188 1825 5258 inglu-

260 5276 373 5328 viem
401 5287 451 5331 et
475 5294 678 5348 ρσηυο.
703 5297 724 5330 ι
755 5276 920 5344 Quod
949 5273 1218 5330 Tatianus
1247 5276 1608 5330 imitationem
1641 5276 1825 5332 Protei

259 5374 554 5432 utprobrum
571 5374 774 5445 objicit
797 5371 1173 5440 philos0pbis,
1197 5371 1249 5424 id
1269 5380 1596 5438 argumento
1618 5371 1825 5440 estjam

259 5473 344 5516 tum
374 5468 512 5521 illum
566 5465 831 5520 tabulam
873 5460 1046 5514 fuisse
1092 5461 1160 5514 ob
1207 5461 1388 5514 varios
1437 5461 1563 5514 vitae
1595 5473 1826 5518 eventus

251 5563 608 5631 acprcsertim
657 5560 734 5615 ob
783 5552 1195 5609 stultissimum
1245 5553 1436 5608 mortis
1461 5569 1656 5624 genus.
1689 5553 1826 5608 illud

237 5656 380 5709 saltem
427 5671 494 5708 es
541 5653 749 5708 verbis
786 5645 1026 5701 Tatiani
1081 5649 1392 5700 necessario
1437 5654 1674 5717 constat,
1706 5648 1818 5719 jam

1942 3269 2050 3328 tar,
2087 3273 2199 3316 tum
2250 3264 2393 3330 apud
2426 3263 2828 3318 Tertullianum
2872 3265 2927 3319 in
2976 3265 3119 3320 libro
3151 3265 3242 3318 De
3275 3269 3523 3333 pra'scri-

1936 3351 2227 3420 ptionibus,
2258 3361 2368 3406 tum
2399 3356 2542 3419 apud
2580 3353 2944 3424 Epiphaniam
2991 3371 3304 3425 quanquam
3339 3369 3521 3426 poste-

1937 3441 2054 3495 rior
2081 3443 2312 3496 nimium
2361 3445 2524 3512 spatii
2573 3444 2718 3500 inter
2753 3445 3048 3501 Tatianum
3078 3458 3133 3503 et
3159 3448 3520 3505 Montanistas

1936 3531 2259 3601 interponit.

2007 3624 2124 3677 Non
2156 3641 2242 3680 me
2270 3625 2398 3681 latet
2426 3626 2876 3685 Montanistarum
2904 3631 3168 3701 originem
3195 3633 3358 3689 citius
3383 3638 3521 3691 mul-

1937 3727 1990 3769 to
2022 3716 2279 3770 collocari
2332 3733 2361 3770 a
2418 3717 2700 3774 Blondello
2723 3731 2778 3776 et
2828 3720 3062 3779 Maresio
3101 3724 3168 3792 ⁸³,
3206 3727 3296 3793 qui
3330 3741 3522 3781 versus

1937 3807 2243 3878 Sibyllinos
2275 3849 2290 3873 ,
2341 3825 2479 3878 quos
2520 3820 2644 3866 octo
2675 3812 2832 3868 libris
2884 3817 3315 3884 comprehensos
3353 3820 3520 3872 babe-

1934 3916 2076 3967 mus,
2125 3900 2365 3956 Montani
2417 3913 2788 3959 commentum
2839 3920 2965 3961 esse
3004 3909 3359 3963 contendunt.
3422 3909 3520 3964 llis

1934 3991 2232 4045 assenlitur
2257 3993 2392 4046 vira
2425 4011 2512 4050 me
2561 4011 2668 4050 non
2720 3997 2887 4051 semel
2934 3997 3213 4064 laudatus,
3237 3999 3378 4054 Lud.
3413 3999 3520 4054 Du-

1932 4080 2060 4138 four
2090 4084 2159 4139 de
2195 4083 2521 4155 Longuerue
2548 4087 2610 4141 3‘.
2661 4089 2870 4144 Revera
2952 4091 3293 4160 antiquiores
3345 4093 3518 4147 multo

1932 4190 2115 4231 essent
2138 4178 2498 4248 Montanistae,
2526 4182 2570 4235 si
2599 4197 2788 4237 versus
2816 4183 3062 4254 Sibyllini
3093 4186 3308 4241 facinus
3333 4197 3521 4240 essent

1934 4267 2356 4339 Montani,quos
2390 4287 2497 4326 non
2527 4274 2700 4345 solum
2740 4286 2867 4330 ante
2894 4276 3044 4332 Lucii
3076 4280 3219 4346 Veri,
3241 4282 3335 4335 sed
3353 4284 3518 4336 etiam

1945 4371 2076 4415 ante
2121 4363 2348 4418 Adriani
2413 4375 2646 4419 mortem
2692 4366 2992 4423 fabricatos
3043 4368 3214 4425 fuisse
3279 4373 3522 4427 declarat

1935 4445 2068 4501 falsa
2105 4449 2170 4502 de
2201 4450 2490 4518 utriusque
2530 4461 2707 4506 morte
2736 4454 3035 4522 prmdictio.
3091 4455 3223 4510 Nam
3255 4465 3364 4512 tres
3395 4469 3520 4528 post

1934 4541 2236 4596 Adrianum
2271 4543 2437 4596 futuri
2473 4544 2830 4612 imperatores
2861 4548 3234 4616 przedicuntur
3261 4549 3348 4602 ⁸⁸ε
3380 4549 3519 4602 Ter-

1937 4633 2042 4687 tius
2074 4649 2196 4688 sero
2225 4636 2468 4690 omnium
2507 4636 3014 4707 diciturpotiturus,
3048 4640 3104 4691 'U
3126 4640 3182 4692 δὲ
3211 4641 3393 4713 τρίτος
3419 4641 3518 4710 ὀψὲ

1935 4726 2199 4797 κρατήσει
2233 4726 2509 4783 ἁπάντων.
2536 4729 2654 4797 Ipse
2693 4741 2874 4785 autem
2897 4731 3168 4786 Adrianus
3214 4744 3357 4788 reste
3397 4747 3520 4801 per-

1936 4817 2134 4881 iturus,
2172 4819 2229 4872 Ὀ
2251 4820 2309 4872 δὲ
2341 4821 2485 4885 λίνος
2512 4821 2675 4876 αὑτὸν
2708 4823 2932 4878 ὀλεῖται.
2959 4826 3034 4878 Ex
3063 4827 3147 4881 his
3171 4828 3367 4880 merito
3388 4841 3518 4879 coa-

1940 4910 2108 4964 cludit
2137 4911 2277 4965 idem
2311 4913 2395 4966 vir
2428 4915 2828 4971 eruditissimus
2863 4917 3180 4972 mendacem
3210 4919 3353 4972 hunc
3375 4921 3518 4972 scri-

1936 5011 2152 5071 ptorem
2183 5006 2416 5074 turpiter
2445 5006 2655 5076 lapsum
2689 5023 2833 5076 esse,
2860 5011 2986 5078 quia
3033 5026 3140 5064 non
3177 5009 3432 5070 habebat,
3460 5015 3518 5061 ut

1935 5095 2065 5149 aliis
2116 5096 2170 5148 in
2214 5097 2398 5161 rebus,
2441 5099 2723 5153 historiam
2772 5117 2954 5154 rerum
3009 5113 3310 5171 gestarum,
3351 5115 3514 5166 quam

1934 5186 2128 5241 ducem
2160 5199 2508 5259 sequeretur,
2534 5192 2627 5245 sed
2671 5193 2971 5246 Adriauum
3021 5201 3166 5247 reste
3214 5194 3512 5261 periturum

1932 5279 2265 5347 conjiciebat
2313 5295 2378 5334 ex
2428 5281 2716 5338 doloribus
2782 5283 3136 5346 acutissimis,
3179 5284 3321 5337 inter
3372 5299 3514 5353 quos

1937 5373 2041 5426 sibi
2093 5375 2206 5441 ipse
2257 5384 2485 5429 mortem
2534 5377 2876 5432 consciscere
2929 5378 3164 5432 volebat.
3211 5376 3515 5432 Verisimile

1934 5473 2056 5518 erat
2105 5459 2338 5519 Lucium
2387 5467 2622 5534 Verum,
2653 5470 2743 5538 qui
2801 5478 2984 5523 tenera
3025 5471 3312 5525 admodum
3352 5480 3515 5524 artate

1935 5565 2088 5621 erat,
2119 5557 2190 5611 Μ.
2247 5559 2470 5613 Aurelio
2521 5560 2958 5629 superfuturum.
3014 5564 3218 5632 Scripti
3269 5579 3398 5633 ergo
3457 5563 3511 5616 bi

1934 5645 2059 5700 libri
2085 5659 2213 5701 ante
2246 5658 2476 5704 mortem
2501 5651 2750 5706 Adriani.
2777 5653 2846 5707 At
2866 5666 3055 5707 eorum
3089 5664 3365 5723 parentem
3391 5669 3513 5708 esse

277 5775 308 5803 "
349 5772 512 5838 llist.,
553 5771 660 5826 lib.
700 5780 792 5829 ιγ,
826 5777 890 5816 c.
925 5760 1020 5814 εδ.
1095 5760 1138 5792 ⁸³
1180 5762 1435 5818 Chronic.
1512 5761 1559 5793 ⁸³
1607 5762 1759 5832 Apud
1809 5761 2067 5819 Gallzcum
2113 5767 2360 5832 dissert.-,
2396 5783 2448 5840 p.
2481 5768 2574 5823 20.
2650 5771 2696 5803 ⁸⁸
2751 5769 2806 5826 In
2839 5772 3065 5828 dissert.
3119 5790 3221 5827 ms.
3300 5770 3349 5806 ⁸⁸
3386 5771 3505 5829 Lib.

226 5862 245 5897 t
265 5859 304 5902 cl
335 5862 446 5900 Vm.
