3932 6258
487 317 589 371 167

1410 299 1469 359 ts.
1504 290 1841 359 JUSTINUS
1872 286 2354 357 PHILOSOPHUS
2382 288 2472 356 ET
2505 300 2822 361 manu.

3670 318 3761 376 168

491 420 803 479 Montanum
833 421 974 477 nulla
1016 424 1254 494 probant
1303 427 1579 482 rationum
1625 437 1930 492 momenta,
1965 443 2073 482 non
2106 438 2151 490 Α
2181 426 2398 485 dicavit.
2451 425 2763 493 Quinetiam
2801 428 3139 487 matrimonii
3182 435 3595 496 institutionem
3647 445 3757 499 dia-

486 510 738 585 Phrygize
773 514 993 578 laudes,
1045 530 1153 570 non
1208 516 1502 572 vehemens
1546 517 1766 589 Sibyllae
1817 520 2073 584 exstasis,

489 608 751 675 non-ipsa
798 607 1034 677 denique
1084 608 1456 665 calamitatum
1493 611 1891 665 imminentium
1938 627 2075 680 prte-

488 700 677 756 dictio.
707 701 762 755 ln
790 702 875 756 his
899 703 1047 757 enim
1075 703 1209 757 nihil
1233 704 1478 772 estquod
1494 714 1657 759 secta:
1684 704 1923 758 Montani
1953 719 2079 773 pro-

486 790 666 861 prium
697 793 787 847 sit.
818 792 1029 848 Potiort
1078 792 1203 861 jure
1252 802 1448 846 auctor
1493 808 1750 848 versuum
1781 791 2076 864 Sibyllino-

486 896 608 937 rum
637 884 1047 939 existimaretur
1069 884 1267 953 aliquis
1296 901 1361 940 ex
1381 886 1711 941 Christianis
1733 884 2075 940 circumcisis

485 984 543 1029 et
581 975 752 1045 legem
814 978 1199 1034 retinentibus.
1236 977 1373 1033 Nam
1414 979 1663 1032 hortatur
1716 977 1783 1031 ad
1823 976 2075 1032 ludaicas

487 1066 865 1134 lustrationes,
900 1069 995 1124 lib.
1025 1074 1096 1135 tv,
1130 1079 1194 1126 et-
1216 1070 1457 1125 futurum
1500 1070 1633 1124 dicit
1661 1078 1717 1122 ut
1746 1066 1881 1136 justi
1912 1069 1965 1122 in
1989 1082 2077 1123 se-

484 1161 668 1213 eundo
698 1161 933 1215 adventu
979 1162 1187 1219 Domini
1212 1176 1411 1231 corpus
1440 1161 1684 1231 quotidie
1709 1161 1867 1231 aquis
1890 1161 2075 1216 lavent

483 1268 513 1307 e
542 1253 685 1309 lecto
716 1266 1028 1323 surgentes,
1062 1255 1157 1310 lib.
1184 1271 1267 1310 ιιι.

556 1344 620 1399 ll.
660 1346 752 1402 Sic
797 1347 1045 1402 haeresim
1077 1363 1231 1402 suam
1262 1348 1653 1403 architectatus
1679 1355 1764 1402 est
1785 1344 2070 1413 Tatianus,

483 1446 545 1491 ut
574 1438 700 1492 dum
729 1438 877 1493 aliud
908 1455 974 1493 ex
1009 1440 1131 1495 aliis
1164 1440 1437 1497 luereticis
1474 1450 1789 1509 mutuatur,
1818 1456 1921 1496 nec
1947 1457 2071 1495 cum

484 1539 625 1603 istis,
660 1553 764 1593 nec
788 1554 971 1593 secum
1005 1540 1119 1609 ipse
1160 1538 1513 1593 consentiret.
1542 1536 1771 1592 Videtur
1818 1538 1870 1592 in
1902 1538 2073 1607 expli-

482 1631 657 1684 canda
683 1631 867 1684 mundi
902 1632 1187 1684 creatione
1204 1628 1478 1685 Valentini
1506 1629 1699 1685 deliria
1720 1629 2066 1699 compilasse.

484 1723 751 1777 Dicebant
784 1721 1153 1777 Valentiniani
1182 1723 1368 1777 omnia
1396 1738 1423 1776 a
1447 1737 1578 1779 vero
1616 1722 1726 1777 Deo
1755 1737 1855 1792 per
1895 1722 2070 1789 ipsius

482 1813 720 1867 Verbum
777 1813 947 1867 fuisse
994 1813 1209 1869 condita
1237 1854 1252 1879 ,
1281 1813 1522 1867 adhibito
1555 1820 1735 1866 tamen
1787 1812 2065 1881 Demiurgi

479 1904 595 1958 sive
640 1904 920 1960 Creatoris
954 1905 1294 1968 ministerio,
1322 1919 1484 1973 quem
1531 1906 1751 1974 quidem
1782 1904 1854 1959 ita
1913 1904 2066 1975 igno-

482 2011 629 2050 rasse
702 1996 973 2067 fingebant
1052 1998 1429 2066 operationem
1486 1997 1684 2051 divinae
1739 1994 2060 2066 Sapientiae,

479 2088 669 2143 ntsibi
720 2090 867 2144 solus
917 2089 1147 2145 Creator
1198 2105 1321 2145 esse
1372 2090 1675 2146 videretur.
1709 2089 1877 2145 Paulo
1905 2090 2066 2145 aliter

479 2176 762 2245 Tatianus,
797 2180 892 2234 sed
934 2194 1039 2234 non
1096 2181 1279 2235 minus
1321 2180 1492 2249 impie
1529 2181 1585 2235 in
1635 2182 1871 2250 quodam
1912 2180 2065 2236 testi-

479 2272 685 2334 monio,
715 2271 857 2339 quod
886 2272 937 2325 in
979 2272 1281 2341 appendice
1330 2272 1515 2335 retuli,
1544 2271 1675 2325 illud
1717 2272 2059 2341 Scripturae:

479 2361 605 2416 Fiat
638 2362 812 2429 lux”,
847 2365 1086 2432 optantis
1122 2371 1177 2418 et
1213 2363 1488 2433 precantis
1532 2378 1654 2418 esse
1683 2364 1920 2428 dicebat,
1956 2379 2062 2418 non

480 2456 869 2526 praecipientis.
904 2456 1175 2525 Fingebat
1224 2457 1387 2511 etiam
1430 2457 1495 2511 ad
1525 2457 1709 2511 mundi
1742 2456 2065 2526 explicatio-

478 2563 627 2611 nem,
660 2559 800 2602 teste
825 2547 1051 2612 lreuwo,
1077 2546 1281 2603 xEones
1306 2551 1561 2619 quosdam
1592 2549 1898 2604 invisibiles.
1924 2547 2063 2604 Hinc

475 2637 616 2705 apud
663 2636 1054 2691 Tertullianum
1103 2632 1501 2707 Putem-"cap.
1545 2636 1834 2691 52:7‘otus
1877 2654 2065 2691 secun-

474 2728 602 2781 dum
650 2725 989 2782 Valentinum
1023 2745 1205 2798 sapere
1233 2729 1449 2784 dicitur.

546 2818 985 2887 UtValentinus,
1027 2822 1102 2875 ita
1132 2823 1297 2877 etiam
1335 2822 1599 2879 Tatianus
1638 2823 1817 2895 legem
1869 2822 2062 2879 Mosai-

475 2928 595 2967 cam
621 2911 929 2980 rejiciebat,
971 2929 1078 2966 non
1108 2929 1136 2966 ιι
1157 2926 1284 2965 vero
1312 2913 1444 2977 Deo,
1478 2914 1571 2967 sed
1599 2928 1627 2966 a
1657 2911 1948 2983 Demiurgo
1974 2913 2059 2966 in-

478 3006 725 3059 stitutam
750 3006 1137 3074 pronuntians,
1167 3014 1305 3059 teste
1349 3004 1631 3057 Clemente
1664 3004 2057 3068 Alexandrino,

475 3097 681 3153 Strom.
708 3114 789 3162 ιιι,
824 3113 878 3169 p.
902 3097 1032 3162 460,
1056 3097 1150 3151 sed
1177 3106 1357 3150 tamen
1388 3094 1506 3165 lege
1548 3105 1602 3150 et
1633 3096 1911 3164 prophetis
1939 3104 2059 3151 ute-

472 3193 674 3246 hautur
705 3190 1013 3254 Severiani,
1044 3199 1101 3243 ut
1137 3187 1524 3259 aitEusebius,
1554 3188 1645 3256 qui
1674 3188 1907 3257 primum
1958 3203 2051 3241 au-

472 3294 679 3340 etorem
701 3284 1137 3340 etinstitutorem
1170 3283 1390 3337 illorum
1426 3282 1596 3337 fuisse
1640 3281 1930 3336 Tatianum
1962 3281 2057 3335 de-

471 3380 665 3434 clarat.
712 3379 830 3448 ipse
874 3378 1142 3433 Tatianus
1186 3377 1443 3431 utebatur
1492 3376 1728 3445 quodam
1781 3375 2057 3446 prophetae

472 3472 640 3526 Amos
668 3466 1009 3534 testimonio,
1035 3479 1097 3524 ut
1125 3471 1308 3523 vinum
1355 3469 1670 3539 prohiberet
1696 3467 1763 3523 ⁸⁷.
1792 3467 1911 3522 Νοιι
1939 3476 2058 3521 erat

471 3576 699 3616 necesse
717 3561 985 3632 ejusmodi
1017 3561 1290 3616 haereticis
1321 3558 1491 3616 Vetus
1527 3560 1935 3615 Testamentum
1985 3559 2054 3612 ab

467 3662 572 3707 usu
614 3668 712 3709 suo
742 3654 959 3721 penitus
988 3667 1287 3716 removere,
1315 3668 1438 3707 cum
1472 3666 1588 3705 eam
1621 3650 1746 3717 sibi,
1778 3659 1913 3706 teste
1947 3649 2053 3704 ibi-

472 3745 593 3798 dem
655 3745 915 3806 Euscbio,
972 3744 1248 3799 licentiam
1300 3745 1695 3807 interpretandi
1751 3750 2051 3807 sumerent,

468 3853 589 3907 qua:
618 3837 754 3890 nihil
784 3852 891 3891 non
916 3844 1097 3906 posset
1122 3837 1362 3891 eludere.

545 3930 621 3985 De
655 3929 888 3983 Tatiano
939 3930 1020 3984 sic
1065 3929 1309 3997 loquitur
1343 3928 1597 3985 Clemens
1626 3928 2049 3990 Alexandrinus,

466 4021 715 4091 quasiis
752 4018 1023 4076 Valentini
1071 4022 1273 4077 scholae
1323 4037 1519 4077 nomen
1569 4021 1806 4076 dedisset
1838 4036 1901 4075 ac
1927 4020 2051 4075 inde

468 4113 851 4180 abscessisset,
906 4124 963 4168 ut
1012 4115 1288 4184 propriam
1349 4123 1554 4170 sectam
1608 4112 1887 4168 conﬂaret.
1950 4111 2049 4166 Vix

465 4206 612 4261 enim
645 4208 805 4261 aliter
836 4209 1188 4278 interpretari
1222 4208 1386 4263 liceat
1414 4208 1531 4262 haec
1560 4207 1725 4261 verba
1752 4207 1817 4261 de
1865 4206 2052 4260 Tatia-

466 4315 557 4363 no,
595 4296 797 4353 Strom.
834 4314 917 4365 ιιι,
950 4315 1071 4370 pag.
1103 4299 1209 4355 465
1243 4315 1259 4354 :
1296 4300 1353 4354 Ὀ
1384 4299 1442 4352 δὲ
1475 4302 1541 4353 ἐκ
1567 4298 1666 4369 τῆς
1696 4298 2046 4351 Οὐαλεντίνου

467 4391 780 4466 ἐξεφοίτησε
817 4394 1034 4466 σχολῆς.
1075 4395 1181 4451 Sed
1215 4404 1394 4449 tamen
1431 4395 1666 4450 lrenaeus
1707 4395 1760 4448 in
1800 4393 2047 4447 testimo-

464 4485 558 4539 nio
587 4486 732 4555 quod
768 4491 926 4540 modo
958 4487 1140 4553 retuli,
1175 4487 1461 4544 Tatianum
1505 4486 1830 4542 declaratea
1865 4492 2045 4539 mente

462 4577 532 4630 ab
580 4576 823 4632 Ecclesia
873 4578 1230 4644 discessisse,
1293 4590 1353 4635 ut
1399 4595 1593 4636 novam
1652 4589 1855 4636 sectam
1913 4592 2047 4633 con-

461 4672 634 4727 deret.

536 4758 803 4814 Valentini
832 4760 1041 4830 opinio,
1083 4764 1185 4819 etsi
1216 4762 1268 4817 in
1300 4764 1468 4819 Deum
1512 4763 1697 4817 mundi
1728 4773 2040 4818 creatorem

462 4852 657 4919 injuria
692 4862 812 4907 erat
845 4862 900 4909 et
942 4856 1011 4909 ad
1046 4858 1396 4911 evertendam
1426 4857 1846 4911 resurrectionis
1877 4855 2038 4910 ﬁdem

457 4946 798 5015 excogitata,
838 4947 894 5001 in
929 4947 1031 5002 hoc
1064 4958 1240 5001 tamen
1266 4948 1447 5004 lenior
1480 4959 1599 5004 erat
1621 4964 1781 5019 quam
1806 4948 2039 5004 Marcio-

458 5036 562 5098 nis,
592 5038 736 5104 quod
780 5052 877 5093 nec
905 5052 1130 5093 carnem
1161 5038 1372 5095 Christi
1404 5040 1629 5095 omnino
1660 5040 1901 5105 tolleret,
1934 5055 2037 5095 nec

455 5130 841 5185 necessitatem
882 5131 1194 5201 imponeret
1253 5147 1315 5186 ea
1370 5133 1700 5199 detestandi,
1753 5147 1873 5202 quae
1939 5147 2037 5202 per

452 5220 804 5293 Demiurgum
832 5238 862 5277 a
889 5240 1020 5280 vero
1046 5225 1159 5279 Deo
1189 5233 1375 5281 creata
1412 5226 1707 5282 fatebatur.
1744 5228 1815 5280 At
1845 5226 2035 5281 Tatia—

450 5329 553 5370 nus
576 5318 812 5373 mutuari
838 5334 903 5373 ex
930 5317 1206 5374 Marcione
1237 5334 1343 5373 non
1374 5318 1665 5386 dubitavit,
1699 5334 1820 5389 quae
1841 5321 2035 5375 deesse

449 5404 741 5463 Valentino
800 5409 871 5463 ad
932 5425 1205 5463 summam
1261 5410 1593 5479 impietatem
1672 5409 2020 5464 videbantur.

450 5497 706 5565 Nuptias,
730 5500 909 5569 inquit
938 5500 1191 5566 lrenzeus,
1222 5503 1613 5571 corruptionem
1632 5518 1746 5556 esse
1774 5512 1821 5556 et
1852 5503 2023 5571 forni-

446 5611 705 5648 cationem
754 5597 1003 5650 similiter
1062 5609 1117 5652 ut
1168 5598 1410 5654 Marcion
1436 5609 1486 5656 et
1515 5599 1846 5655 Saturninus
1874 5617 2017 5670 pra:-

2182 518 2309 573 bolo
2338 529 2620 587 acceptam
2670 520 2885 577 referre
2914 523 3064 579 visus
3092 537 3176 581 est
3216 529 3483 587 Clementi
3519 534 3752 591 Alexan-

2182 612 2346 666 drino
2372 611 2439 662 ⁸⁸.
2475 610 2609 666 Nam
2646 610 2874 667 Paulum
2916 620 2997 671 sic
3044 616 3536 693 interpretabatur,
3569 637 3625 680 ut
3646 644 3757 683 eum

2179 705 2513 758 matrimonii
2540 720 2696 759 usum
2725 709 3091 773 permittendo
3109 714 3459 779 prohibuisse
3482 726 3541 771 et
3564 730 3758 789 utopus

2179 790 2533 849 fornicationi
2570 804 2625 850 et
2669 796 2891 850 diabolo
2931 799 3210 857 addictum
3258 804 3615 863 interdixisse
3644 826 3759 865 eon-

2181 887 2453 941 tenderet.
2510 888 2691 943 Verba
2746 882 2964 945 Tatiani
3030 892 3296 951 habemus
3368 897 3427 953 iu
3489 901 3754 970 Append.,

2177 989 2322 1048 part.
2353 990 2390 1035 ιι

2248 1071 2381 1127 Illud
2407 1074 2572 1128 etiam
2603 1090 2631 1128 a
2657 1075 2954 1133 Saturnino
2990 1088 3045 1134 et
3081 1079 3354 1138 Marcioue
3384 1081 3648 1142 Tatianus
3667 1105 3751 1144 ac-

2177 1176 2417 1234 ceperat,
2483 1176 2624 1223 teste
2676 1167 3045 1238 Theodoreto,
3105 1172 3200 1227 lib.
3249 1190 3266 1229 ι
3330 1172 3545 1232 eret.
3625 1180 3748 1249 fatu,

2176 1270 2297 1324 cap.
2323 1256 2417 1321 20,
2451 1259 2852 1317 utanimalium
2885 1271 2939 1316 et
2970 1264 3083 1317 vini
3110 1280 3287 1330 usum,
3330 1285 3441 1323 non
3475 1277 3634 1328 modo
3663 1292 3752 1329 nu-

2174 1348 2337 1417 ptias,
2373 1351 2811 1407 abominaretur.
2839 1356 3187 1412 Abutebatur
3219 1363 3561 1418 auctoritate
3596 1368 3749 1424 Amos

2173 1440 2454 1508 prOpheta:
2471 1443 2538 1497 ad
2567 1443 2864 1513 impietatis
2882 1448 3259 1506 defensionem
3285 1468 3299 1505 :
3334 1471 3354 1505 ι
3394 1456 3471 1508 De
3495 1455 3597 1512 hoc
3618 1457 3745 1523 loco,

2175 1529 2353 1599 inquit
2385 1530 2758 1606 Hieronymus
2791 1538 2844 1591 in
2876 1538 3070 1608 Amos,
3102 1556 3223 1610 cap.
3246 1540 3301 1608 2,
3330 1544 3586 1599 itaaresim
3607 1561 3746 1600 suam

2174 1619 2435 1678 Tatianus
2466 1624 2875 1683 Encratitarum
2904 1632 3166 1704 princeps
3190 1643 3408 1690 struere
3432 1637 3648 1703 nititur,
3674 1642 3746 1693 vi-

2173 1730 2305 1769 num
2335 1731 2590 1773 asserens
2633 1735 2741 1773 non
2785 1721 3103 1791 bibendum,
3137 1742 3261 1781 cum
3304 1737 3359 1783 et
3402 1730 3525 1799 lege
3557 1746 3745 1801 praece-

2099 1791 2141 1846 Β
2168 1816 2320 1877 ptum
2358 1808 2451 1874 sit,
2493 1824 2561 1863 ne
2590 1808 2834 1867 Nazarzei
2868 1814 3059 1870 bibant
3091 1819 3295 1884 vinum,
3326 1830 3383 1875 et
3410 1791 3735 1879 nunc-accu-

2168 1910 2358 1955 sentur
2387 1917 2417 1956 a
2448 1904 2733 1973 propheta,
2764 1907 2856 1977 qui
2879 1911 3169 1979 propitiant
3200 1910 3483 1971 Nazarxeis
3504 1917 3736 1971 vinum.»

2165 1993 2223 2048 ln
2254 1998 2531 2067 mysteriis
2555 1999 2902 2056 celebrandis
2929 2003 3104 2057 solum
3144 2020 3342 2075 aquam
3377 2008 3625 2064 adhiberi
3652 2026 3740 2063 vo-

2172 2086 2315 2140 luit:
2359 2107 2377 2139 ι
2413 2087 2682 2145 Similiter
2725 2102 2782 2147 et
2812 2096 3073 2163 mysteria
3099 2098 3380 2167 qumdam,
3422 2099 3598 2168 inquit
3626 2101 3740 2170 Epi-

2166 2181 2422 2250 phanius,
2459 2200 2478 2235 ι
2521 2184 2587 2239 ad
2618 2186 2877 2243 Ecclesiae
2906 2201 3111 2245 sanctte
3160 2191 3535 2248 imitationem
3589 2194 3739 2249 iusti-

2168 2274 2291 2339 tuit,
2340 2274 2437 2329 sed
2477 2276 2545 2331 ad
2578 2290 2641 2332 ea
2684 2288 2869 2334 tamen
2920 2280 3061 2335 nihil
3091 2296 3110 2333 ι
3139 2292 3338 2353 praeter
3368 2300 3570 2356 aquam
3595 2287 3739 2340 adhi-

2164 2365 2300 2422 buit.
2338 2386 2357 2420 ι

2235 2456 2322 2514 ιιι.
2350 2460 2531 2527 Qumri
2560 2476 2669 2519 non
2699 2462 2976 2520 immerito
3025 2465 3198 2535 possit
3226 2482 3410 2523 annon
3444 2469 3729 2540 putativam

2163 2550 2383 2608 Christo
2404 2558 2948 2613 carnemattribuerit
2976 2559 3258 2631 Tatianus,
3287 2573 3343 2618 et
3368 2565 3473 2620 hac
3504 2564 3559 2620 iu
3589 2566 3662 2628 re,
3682 2572 3734 2616 ιιι

2165 2643 2220 2697 in
2260 2644 2444 2700 multis
2483 2645 2626 2715 aliis,
2674 2664 2706 2703 a
2752 2649 3028 2706 Valentini
3072 2656 3318 2723 partibus
3351 2658 3422 2710 ad
3451 2654 3734 2711 Marcionis

2165 2746 2349 2792 castra
2390 2739 2769 2811 transiugerit.
2800 2741 2927 2798 Haec
2954 2745 3100 2800 enim
3140 2755 3206 2802 de
3250 2748 3343 2803 illo
3373 2750 3519 2819 apud
3548 2747 3730 2804 Hiero-

2162 2845 2386 2903 nymum
2430 2832 2572 2886 dicta
2606 2834 2839 2903 legimus
2877 2835 2930 2890 in
2977 2836 3275 2896 Comment.
3322 2841 3377 2895 in
3430 2860 3552 2913 cap.
3592 2858 3641 2896 vt
3671 2842 3731 2897 ad

2162 2922 2342 2978 Galat.
2395 2943 2415 2976 ι
2447 2926 2713 2984 Tatianus
2758 2930 2853 2998 qui
2901 2932 3206 3000 putativam
3252 2933 3462 2991 Christi
3521 2949 3727 2991 carnem

2163 3014 2518 3076 introducens
2555 3036 2774 3077 omnem
2806 3025 3253 3091 conjunctionem
3294 3027 3528 3084 masculi
3555 3030 3619 3081 ad
3654 3027 3729 3081 le-

2085 3158 2127 3216 C
2167 3112 2370 3167 utinam
2420 3114 2753 3171 immundam
2812 3118 3143 3187 arbitratur,
3200 3120 3603 3177 Encratitarum
3651 3121 3728 3175 vel

2159 3206 2462 3262 acerrimus
2492 3208 2905 3277 haeresiarchas,
2936 3212 3030 3267 tali
3064 3213 3350 3285 adversum
3377 3231 3480 3271 nos
3510 3214 3609 3271 sub
3640 3230 3727 3268 oc-

2158 3296 2385 3354 casione
2426 3303 2715 3369 praesentis
2758 3304 3055 3359 testimonii
3113 3321 3247 3361 usus
3299 3317 3386 3363 est
3447 3321 3729 3378 argumen-

2161 3397 2256 3455 to,
2304 3400 2417 3445 etc.
2458 3408 2478 3443 ι
2511 3391 2626 3449 Hoc
2678 3395 2991 3451 testimonio
3035 3398 3303 3454 adductus
3351 3401 3724 3456 Tillemontius

2156 3481 2447 3538 Tatianum
2498 3485 2564 3541 de
2618 3486 2828 3545 Christi
2885 3505 3050 3546 carne
3104 3492 3245 3547 idem
3297 3507 3360 3549 ac
3402 3494 3722 3550 Marcionem

2158 3570 2414 3629 docuisse
2452 3576 2752 3633 existimat.
2788 3577 2896 3636 Sed
2928 3590 3114 3637 monet
3144 3598 3243 3639 nos
3273 3588 3522 3641 eruditus
3563 3587 3725 3641 editor

2154 3678 2379 3731 operum
2418 3666 2478 3721 S.
2513 3669 2829 3742 Hieronymi
2853 3673 2905 3727 in
2926 3676 3253 3747 perantiquo
3302 3680 3492 3735 codice
3519 3678 3723 3735 Clunia-

2154 3759 2342 3823 censi,
2371 3761 2509 3815 etin
2542 3762 2733 3818 codice
2780 3766 2932 3835 regio
2975 3766 3138 3835 5758,
3170 3786 3275 3823 non
3309 3771 3596 3826 Tatianum
3627 3770 3720 3839 legi

2154 3852 2249 3905 sed
2277 3852 2626 3909 Cassianum.
2660 3856 2923 3925 Equidem
2961 3860 3121 3913 valde
3170 3863 3515 3930 probaverim
3558 3878 3723 3917 asser-

2152 3952 2331 4001 vatam
2378 3948 2463 4002 his
2498 3948 2551 4001 in
2588 3948 2873 4005 codicibus
2927 3951 3243 4011 lectionem.
3294 3955 3480 4012 Facile
3530 3936 3721 4009 {uitet

2151 4038 2416 4106 proclive,
2449 4048 2511 4094 ut
2541 4056 2640 4109 pro
2672 4041 2964 4109 Cassiano,
2995 4049 3085 4115 qui
3125 4047 3213 4100 vix
3245 4049 3499 4117 cuiquam
3533 4059 3718 4117 praeter

2150 4129 2483 4186 Clementem
2526 4133 2988 4205 Alexandrinum,
3039 4142 3283 4211 cognitus
3341 4142 3477 4209 fuit,
3533 4154 3714 4203 nomen

2152 4221 2371 4277 Tatiani
2430 4224 2597 4298 longe
2644 4229 3065 4286 celeberrimum
3110 4233 3422 4303 obreperet.
3464 4235 3533 4290 At
3557 4230 3717 4286 multo

2149 4313 2427 4372 difﬁcilius
2459 4326 2521 4372 ut
2567 4334 2665 4388 pro
2696 4318 2927 4376 Tatiano
2957 4324 3277 4379 Cassianum
3316 4325 3523 4381 librarii
3558 4336 3716 4392 pone-

2148 4417 2291 4463 rent.
2324 4409 2495 4466 Porro
2543 4412 2599 4466 in
2629 4412 2954 4469 Cassianum
2998 4416 3203 4484 optime
3239 4420 3494 4472 convenit
3535 4415 3718 4470 Hiero-

2074 4509 2123 4569 D
2150 4500 2295 4569 nymi
2332 4503 2729 4559 testimonium.
2763 4504 2811 4559 ls
2853 4511 2921 4560 de
2963 4506 3310 4561 matrimonio
3345 4507 3484 4562 idem
3528 4504 3716 4561 sentieo

2148 4595 2244 4650 bat
2302 4610 2367 4649 ac
2418 4595 2718 4663 Tatianus,
2770 4606 2830 4652 ut
2876 4599 3079 4654 diserte
3147 4607 3380 4653 testatur
3436 4599 3711 4657 Clemens,

2149 4685 2357 4745 Strom.
2428 4703 2512 4751 ιιι,
2551 4703 2676 4758 pag.
2710 4689 2836 4744 465.
2866 4691 3044 4757 Quare
3078 4707 3184 4746 non
3230 4692 3503 4747 immerito
3538 4685 3711 4743 vecari

2146 4779 2326 4845 potuit
2362 4778 2769 4835 Encratitarum
2816 4781 2900 4836 vel
2950 4783 3254 4837 acerrimus
3308 4779 3708 4837 haaresiarchcs.

2145 4867 2415 4925 Praeterea
2452 4872 2651 4927 ibidem
2686 4873 3032 4939 Docetarum,
3066 4876 3116 4928 td
3145 4886 3229 4929 est
3258 4891 3471 4938 eorum,
3503 4872 3590 4943 qui
3621 4884 3711 4937 pu-

2146 4963 2371 5017 tativam
2414 4963 2619 5019 Christi
2661 4980 2880 5021 carnem
2915 4966 3212 5036 ﬁngebant,
3253 4970 3506 5037 princeps
3542 4980 3571 5018 a
3600 4961 3709 5016 (ὲΙθ-

2140 5064 2324 5108 mente
2368 5055 2703 5124 appellatur,
2749 5058 2780 5109 ὁ
2820 5057 2917 5128 τῆς
2951 5056 3225 5128 δοκήσεως
3263 5056 3524 5130 ἐξάρχων.
3562 5048 3705 5120 Quod

2138 5144 2359 5213 quidem
2411 5147 2479 5200 de
2541 5145 2747 5202 Christi
2798 5161 2963 5203 carne
3025 5159 3391 5204 commentum
3450 5148 3587 5203 illius
3643 5145 3704 5196 de

2138 5238 2328 5292 mundi
2350 5240 2628 5294 creatione
2658 5240 2899 5309 opinioni
2935 5256 3277 5313 consequens
3313 5252 3451 5297 erat.
3488 5237 3703 5293 Dicebat

2136 5330 2284 5383 enim
2334 5329 2632 5387 Cassianus
2681 5332 2735 5386 in
2780 5332 2922 5388 libro
2974 5334 3047 5389 De
3095 5336 3421 5389 continentia
3455 5348 3473 5386 :
3507 5331 3567 5384 Ei
3598 5325 3699 5395 γὰρ

2119 5416 2190 5493 ἦν
2228 5422 2378 5493 παρὰ
2407 5422 2542 5475 Θεοῦ
2570 5424 2650 5486 εἰς
2681 5424 2741 5477 ὃν
2775 5426 3079 5497 σπεύδομεν
3108 5429 3141 5498 ἡ
3172 5426 3396 5498 τοιαύτη
3429 5418 3697 5487 διασκευὴν

2121 5513 2221 5566 οὐκ
2262 5514 2328 5567 ἂν
2373 5515 2677 5587 ἐμακάρισε
2736 5516 2864 5581 τοὺς
2894 5517 3203 5589 εὐνούχους.
3236 5537 3254 5570 ι
3298 5518 3354 5573 Si
3388 5517 3454 5572 ab
3482 5533 3543 5570 eo
3572 5513 3693 5573 Deo:

2124 5607 2191 5662 ad
2220 5623 2381 5679 quem
2422 5611 2718 5679 tendimus,
2748 5622 2897 5669 esset
2930 5612 3046 5668 haec
3080 5614 3327 5682 corporis
3354 5606 3692 5670 Constituti".

513 5766 556 5795 "
592 5765 725 5821 Gen.
760 5782 798 5834 ι,
832 5767 885 5823 5.
964 5768 1004 5799 ⁸⁷
1030 5769 1215 5825 Amos.
1249 5786 1307 5838 ll,
1341 5771 1391 5827 8.
1469 5773 1512 5804 ⁸⁸
1541 5772 1770 5840 Strom.,
1806 5789 1887 5840 ιιι,
1922 5790 1975 5843 p.
2004 5774 2128 5829 465.
