3932 6258
203 368 297 431 τες

1250 370 1320 428 Ι).
1361 370 1623 427 ΜΑΒΑΝΙ
1647 360 2037 427 ῬΒὲΕῩΑΤΙΟ.
2075 400 2142 409 —
2180 366 2360 423 PARS
2390 366 2479 421 ιιι.

3370 367 3471 420 170

204 484 304 523 non
328 478 456 520 sane
484 462 712 519 hcasset
734 466 1071 520 eunuchos.
1099 484 1124 518 ι
1149 463 1236 520 Ex
1268 468 1467 536 quibus
1496 477 1644 536 patet
1668 467 1791 522 Cas-

1902 464 2075 535 Ἀδὰμ
2108 465 2168 517 οὐ
2192 462 2439 527 σώζεται,
2474 462 2535 516 τὸ
2556 463 2800 535 φύραμα,
2826 461 2945 517 οὑδέ
2969 481 3021 517 τι
3041 458 3133 516 toﬁ
3153 463 3472 532 φυράματος

207 560 401 611 sianum
430 570 565 618 non,
596 563 660 607 ut
686 553 1094 621 Valentinum,
1123 559 1308 612 omnia
1350 572 1379 611 a
1418 572 1546 610 vero
1574 557 1681 610 Deo
1712 570 1805 624 per

208 644 545 714 Demiurgum
588 653 784 699 creata
816 645 1104 709 sensisse,
1141 647 1235 700 sed
1268 646 1447 715 plane,
1488 656 1547 700 ut
1573 646 1803 700 Marcio-

212 752 345 801 nem,
374 749 506 789 vero
534 735 649 789 Deo
680 736 1059 789 creationem
1105 736 1318 805 mundi,
1356 744 1449 789 aut
1476 735 1667 789 saltem
1708 735 1806 788 hu-

212 829 347 881 mani
383 825 637 893 corporis
658 826 1059 897 abjudicasse.
1081 826 1192 883 Nec
1218 828 1442 897 proinde
1472 826 1669 881 mirum
1696 834 1800 891 est,

218 923 259 974 si
287 918 482 974 nullam
524 933 762 988 prorsus
802 896 1073 974 carnem.
1088 896 1309 975 Christo
1344 917 1703 989 relinquebat.
1736 919 1805 972 At

222 1011 469 1065 Tatianus
500 1010 555 1063 in
579 1011 674 1065 his
707 1024 836 1080 qum
870 1010 940 1064 ad
965 1012 1301 1077 creationem
1329 1020 1598 1079 spectant,
1653 1019 1803 1065 totus

222 1117 289 1160 est
316 1102 776 1165 Valentinianus;
815 1118 917 1157 nec
945 1104 1239 1173 quisquam
1274 1101 1338 1157 de
1380 1101 1587 1157 Christi
1636 1117 1801 1157 carne

223 1199 342 1250 idem
367 1196 522 1248 illum
562 1209 631 1249 ac
668 1193 1019 1249 Marcionem
1058 1196 1296 1251 sensisse
1322 1194 1590 1263 perhibet.
1623 1196 1799 1249 Accu-

215 1297 321 1340 rate
350 1287 628 1355 colligunt
686 1285 931 1338 lrcnteus
980 1292 1034 1336 et
1068 1283 1320 1365 Clemens
1367 1293 1420 1338 et
1468 1284 1800 1353 Epiphanius

212 1379 337 1447 quid
365 1376 793 1431 Valentinianis
820 1375 1052 1430 somniis
1095 1389 1194 1429 suo
1233 1386 1405 1428 marte
1432 1375 1797 1444 eXCOgitatnm

216 1470 505 1534 addiderit,
536 1469 677 1539 quid
732 1483 803 1522 ex
858 1467 1089 1519 Saturni
1138 1476 1191 1520 et
1231 1465 1518 1520 Marcionis
1556 1465 1800 1521 fontibus

216 1560 569 1613 derivaverit.
609 1559 687 1612 At
726 1557 867 1612 nihil
904 1557 1059 1627 prius
1102 1565 1196 1608 aut
1246 1557 1423 1626 potius
1468 1573 1801 1612 commemo-

220 1650 323 1702 rari
360 1650 575 1715 debuit,
608 1664 782 1718 quam
826 1648 943 1701 haec
981 1648 1048 1701 de
1093 1646 1293 1702 Christi
1327 1663 1494 1702 carne
1519 1650 1723 1719 Opinio,
1753 1652 1796 1703 si

220 1740 373 1793 modo
407 1740 456 1792 ei
487 1738 831 1806 astipulatus
855 1749 941 1790 est
972 1733 1253 1791 Tatianus.
1287 1736 1596 1802 Quinetiam
1630 1738 1798 1793 Doce-

1910 554 2156 621 σώζεται.
2194 574 2211 605 ι
2251 555 2306 609 Si
2339 556 2578 610 Adamus
2605 556 2829 609 Salutem
2860 556 3082 609 minime
3108 564 3189 608 est
3220 554 3470 622 adeptus,

1907 649 2009 704 hoc
2040 658 2122 702 est
2150 649 2263 716 ipsa
2291 647 2686 716 quodammodo
2719 647 2930 716 generis
2964 662 3172 712 massa;
3222 661 3321 699 nec
3366 645 3470 697 ulla

1908 742 2071 809 hujus
2103 756 2293 794 massa:
2326 740 2594 810 particula
2620 740 2827 793 servari
2872 742 3085 808 poterit.
3138 760 3158 792 ι
3203 737 3302 791 Vix
3340 754 3471 793 sane

1905 832 2197 901 quidquam
2224 832 2438 900 reperio
2460 833 2600 897 quod
2623 829 2909 883 Tatianum
2941 831 3006 883 ad
3042 830 3153 884 haec
3174 828 3468 883 eﬂ'utienda

1907 923 2199 992 impulerit,
2254 931 2450 991 praeter
2488 923 2725 989 ineptum
2768 921 3025 977 novitatis
3062 920 3371 989 aucupium,
3413 929 3471 971 ιιι

1906 1016 2241 1069 existimavit
2275 1014 2531 1068 lrenaeus.
2561 1008 2694 1065 Nam
2725 1011 3084 1067 Valentiniani
3124 1019 3180 1064 et
3211 1009 3301 1063 alii
3333 1023 3470 1077 pene

1903 1120 2093 1161 omnes
2140 1105 2410 1172 Gnostici,
2448 1121 2571 1161 cum
2610 1104 2856 1174 sophiam
2908 1119 3062 1157 suam
3104 1103 3312 1155 Adamo
3363 1101 3467 1154 De-

1904 1197 2096 1266 miurgi
2131 1197 2382 1251 manibus
2409 1196 2644 1250 formato
2682 1210 2868 1251 semen
2910 1192 3191 1262 spirituale
3225 1192 3465 1246 dicerent

1904 1290 2187 1356 injecisse,
2240 1304 2471 1357 cntnque
2505 1289 2771 1342 neminem
2812 1288 2913 1341 hoc
2964 1287 3172 1339 semine
3209 1294 3463 1339 ornatum

1901 1380 2187 1434 sanctitate
2244 1388 2298 1433 et
2352 1380 2523 1434 salute
2569 1379 2824 1433 excidere
2863 1391 3021 1446 posse
3084 1385 3461 1439 autumarent,

1904 1471 2283 1525 necessitatem
2324 1470 2427 1524 sibi
2473 1470 2828 1539 imponebant
2867 1468 3230 1539 agnoscenda
3270 1467 3460 1520 Adami

1901 1561 2115 1615 salutis.
2149 1560 2418 1615 Praeterea
2464 1559 2579 1630 ipse
2620 1560 2910 1625 Tatianus,
2952 1567 3007 1614 ut
3050 1562 3301 1615 observat
3340 1558 3463 1625 Epi-

1901 1657 2155 1725 phanius,
2188 1673 2295 1725 quo
2330 1656 2500 1725 magis
2530 1657 2748 1725 nuptias
2774 1656 2983 1718 oderat,
3021 1670 3087 1709 eo
3117 1654 3166 1708 in
3198 1655 3460 1708 Adamum

1902 1747 2017 1800 sine
2042 1747 2247 1813 nuptiis
2278 1755 2526 1801 creatum
2567 1746 2773 1813 ω(ιυὶοΓ
2803 1758 2924 1798 esse
2950 1743 3153 1799 debuit.

222 1841 392 1883 13'1"“
430 1840 581 1885 seu“
617 1831 691 1884 ab
736 1830 1034 1884 Εηυτίδῑίίίε
1077 1830 1284 1883 secerni
1315 1845 1421 1883 “0"
1456 1831 1662 1897 ἀθῦιιίίι
1702 1833 1796 1886 sed
1829 1822 1869 1876 Β
1972 1837 2194 1893 Videtur
2247 1851 2423 1892 tamen
2469 1838 2634 1906 impia
2695 1837 2761 1889 de
2814 1835 3158 1889 matrimonio
3193 1838 3459 1888 sententia

220 1936 322 1975 una
350 1931 406 1976 et
433 1922 634 1976 eadem
679 1922 1009 1983 existimari,
1045 1920 1271 1987 ejusque
1318 1922 1653 1992 principatus
1686 1938 1791 1977 non

219 2014 476 2066 Cassiano
508 2012 844 2067 deferendus
892 2020 1034 2075 erat,
1084 2022 1141 2067 ut
1190 2011 1390 2066 factum
1439 2028 1470 2067 a
1516 2014 1798 2069 Clemente

220 2106 473 2169 vidimus,
542 2107 643 2159 sed
698 2104 957 2171 Tatiano,
1010 2121 1168 2174 quem
1218 2107 1572 2161 celebriorem
1633 2107 1797 2163 fuisse

225 2208 461 2259 constat,
490 2199 867 2266 antiquiorem
900 2214 1007 2252 non
1041 2198 1272 2253 obscure
1299 2199 1500 2253 indicat
1521 2198 1792 2262 Clemens,

219 2288 342 2339 dum
371 2302 497 2339 eum
526 2297 658 2340 ante
692 2286 1017 2341 Cassianum
1064 2296 1332 2352 recenset,
1378 2288 1538 2356 eique
1581 2287 1795 2342 Cassia-

220 2394 345 2432 num
398 2380 467 2433 de
518 2378 876 2432 matrimonio
916 2377 1159 2431 declarat
1206 2377 1487 2431 assentiri.
1532 2376 1795 2433 Videntur

219 2487 345 2540 ergo
374 2471 592 2525 librarii
639 2470 848 2538 aliquid
896 2468 1142 2524 vulneris
1185 2469 1378 2523 fecisse
1426 2468 1555 2523 huic
1598 2469 1791 2523 Hiero-

221 2562 360 2631 nymi
388 2564 542 2628 loco;
578 2570 750 2629 atque
780 2559 992 2614 etiamsi
1020 2561 1228 2628 integer
1250 2559 1614 2621 existimetur,
1647 2560 1792 2613 haud

224 2664 397 2706 tamen
431 2654 548 2707 scio
578 2668 651 2705 an
686 2651 868 2705 minus
893 2650 995 2704 hac
1030 2653 1082 2704 in
1111 2664 1168 2704 re
1193 2649 1521 2720 Hieronymo
1546 2651 1790 2704 tribuen-

227 2747 344 2797 dum
380 2745 470 2805 sit,
500 2758 666 2812 quam
717 2742 840 2797 aliis
885 2741 1147 2797 Patribus
1183 2756 1287 2795 non
1326 2743 1479 2797 modo
1517 2742 1661 2797 hunc
1689 2742 1789 2796 Ta-

229 2838 357 2891 tiani
407 2852 656 2891 errorem
709 2838 1053 2900 tacentibus,
1095 2850 1255 2904 quem
1319 2845 1493 2890 tamen
1555 2837 1791 2890 maxime

230 2942 652 2983 commemorare
681 2928 1012 2995 debuerant,
1051 2926 1147 2983 sed
1188 2930 1352 2982 etiam
1388 2928 1457 2981 ab
1482 2926 1789 2981 Encratita-

234 3036 343 3073 rum
369 3022 561 3076 haeresi
595 3022 827 3075 Docetas
854 3021 1347 3088 distinguentibus,
1386 3029 1441 3074 et
1470 3021 1625 3075 alteri
1654 3020 1784 3075 Cas-

234 3111 452 3176 sianum,
481 3112 645 3167 alteri
679 3112 969 3167 Tatianum
999 3113 1193 3167 ducem
1222 3121 1277 3167 et
1304 3112 1619 3182 signiferum
1652 3114 1789 3168 assi-

235 3205 522 3270 gnantibus.

300 3292 397 3348 Sed
423 3292 563 3347 forte
590 3292 887 3363 quominus
905 3292 1154 3348 Cassiani
1175 3306 1372 3347 nomen
1392 3291 1623 3347 Tatiano
1649 3294 1788 3363 apud

236 3381 610 3454 Hieronymum
660 3384 1088 3449 substituamus,
1131 3383 1418 3453 objicietur
1449 3385 1661 3439 Tatiani
1705 3384 1788 3438 fa-

238 3473 396 3538 cinus,
430 3475 519 3542 qui
565 3490 629 3527 ex
675 3473 972 3543 Evangelio
1009 3474 1311 3543 amputavit
1350 3474 1695 3545 genealogias
1736 3483 1790 3527 et

241 3564 330 3616 alia
352 3565 548 3630 omnia,
590 3582 709 3634 qua:
743 3566 1023 3627 Dominam
1045 3606 1061 3630 ,
1104 3574 1161 3620 ut
1186 3565 1263 3619 ait
1296 3564 1690 3631 Theodoretus,
1725 3580 1789 3618 ea;

241 3658 411 3710 uariae
462 3656 632 3710 Dacid
675 3659 959 3711 secundum
1002 3674 1214 3714 carnem
1261 3665 1445 3710 natum
1485 3657 1785 3711 ostendunt.

240 3751 301 3800 At
328 3764 543 3803 necesse
570 3766 675 3802 non
703 3760 786 3803 est
808 3751 875 3803 ad
908 3748 1309 3818 phantasticam
1338 3762 1557 3801 carnem
1597 3749 1789 3801 conlu-

240 3855 368 3908 gere,
399 3851 454 3894 ut
486 3842 589 3893 hoc
613 3839 830 3893 Tatiani
868 3841 1053 3895 scelus
1086 3840 1438 3909 explicemus.
1479 3837 1629 3892 Satis
1668 3853 1786 3889 ma-

239 3949 357 4001 gnos
395 3934 469 3987 illi
502 3934 758 3989 stimulos
787 3934 853 3988 ad
890 3934 943 3987 id
974 3935 1277 3988 audendum
1315 3934 1584 4002 subjicere
1615 3934 1787 4002 potuit

244 4024 723 4078 \‘alcntinianorum
768 4025 1030 4091 hmresis,
1082 4039 1196 4093 quae
1224 4024 1501 4078 Christum
1549 4022 1682 4076 nihil
1721 4038 1785 4075 ex

238 4116 386 4169 ﬂaria
410 4119 735 4186 sumpsisse,
770 4119 864 4172 sed
887 4131 1114 4176 carnem
1161 4114 1376 4170 aliunde
1420 4113 1697 4178 habuisse,
1734 4123 1790 4167 et

234 4223 319 4277 per
353 4210 580 4265 Mariam
605 4210 777 4264 veluti
810 4224 907 4280 per
935 4208 1182 4264 canalem
1220 4206 1447 4261 docebat
1483 4207 1783 4258 transisse.

292 4302 377 4355 IV.
409 4302 707 4358 Videbatur
756 4300 861 4355 sibi
902 4298 1170 4354 Tatianus
1218 4313 1321 4352 non
1353 4296 1580 4351 multum
1616 4295 1789 4348 laudis

231 4402 436 4467 mereri,
474 4400 748 4467 adjunctis
776 4400 844 4451 ad
889 4411 1019 4451 usus
1055 4409 1182 4450 suos
1211 4391 1492 4448 Saturnini
1516 4399 1571 4446 et
1596 4390 1787 4444 Valen-

1899 1927 2049 1981 illum
2102 1926 2391 1981 adduxisse
2435 1934 2494 1979 ut
2547 1926 2788 1993 iniquum
2826 1938 2883 1977 se
2920 1924 3127 1976 Adamo
3166 1924 3457 1990 prmberet.

1896 2020 2030 2073 Nam
2071 2018 2472 2073 obtrectatores
2523 2016 2888 2081 matrimonii,
2957 2024 3015 2067 ut
3063 2023 3300 2068 testatur
3343 2013 3448 2067 Cle‘

1898 2123 2053 2161 mens
2081 2107 2258 2169 Alex.,
2291 2107 2512 2174 Strom.,
2535 2121 2617 2172 ιιι,
2651 2122 2705 2176 p.
2737 2105 2863 2169 470,
2896 2112 3111 2174 gustum
3148 2103 3276 2174 ligni
3310 2104 3440 2157 vetit

1896 2200 2401 2270 interpretabantur
2448 2214 2603 2253 usum
2636 2197 2989 2260 matrimonii,
3033 2212 3194 2266 quem
3229 2211 3257 2250 a
3292 2196 3453 2251 Crea«

1898 2300 2019 2346 tore
2095 2292 2317 2346 vetitum
2378 2290 2668 2362 fingebant.
2742 2288 2894 2345 Unde
2961 2289 3292 2343 matrimonii
3354 2304 3455 2341 non

1892 2382 2226 2450 Creatorem,
2278 2383 2372 2438 sed
2411 2382 2705 2448 diabolum,
2754 2383 2844 2452 qui
2881 2382 3148 2435 Adamum
3193 2388 3248 2434 et
3291 2377 3455 2432 Evam

1894 2475 2225 2543 pellexerat,
2277 2485 2557 2528 auctorem
2624 2472 2894 2526 dicebant.
2954 2468 3063 2525 Sed
3126 2477 3308 2523 tamen
3349 2467 3452 2522 etsi

1893 2567 2131 2620 Adamus
2173 2573 2499 2635 praeceptum
2545 2563 2821 2619 Creatoris
2869 2563 3205 2628 violaverat,
3256 2561 3310 2615 id
3359 2561 3456 2614 oh-

1893 2665 2038 2711 stare
2081 2672 2186 2711 non
2220 2654 2450 2711 debebat
2497 2655 2786 2723 quominus
2826 2668 2948 2707 eum
2979 2652 3253 2717 Christus,
3277 2651 3451 2721 longe,

1895 2759 1950 2804 ut
1981 2760 2275 2820 nugatores
2320 2748 2394 2803 illi
2439 2750 2710 2813 dicebant,
2748 2749 3021 2817 potentior
3048 2746 3326 2809 Creatore,
3346 2747 3421 2799 eri

1890 2848 2063 2909 peret.
2098 2839 2167 2893 At
2196 2840 2524 2893 matrimonii
2556 2841 2681 2893 odio
2720 2841 2932 2892 videtur
2955 2837 3215 2891 Tatianus
3250 2837 3302 2890 in
3340 2852 3455 2888 ma-

1891 2934 2132 2988 trimonii
2170 2934 2518 3001 incmptorem
2559 2932 2708 2985 virus
2744 2946 2898 2985 suum
2944 2932 3272 2995 evomuisse,
3302 2943 3456 2983 eum-

1891 3038 1997 3094 que
2023 3038 2051 3077 a
2088 3024 2303 3078 Christo
2328 3024 2546 3076 minime
2570 3022 2875 3084 liberatum,
2901 3021 2996 3076 sed
3029 3021 3151 3075 irati
3177 3020 3453 3074 Creatoris

1816 3164 1859 3225 α
1887 3114 2093 3185 judicio
2130 3113 2425 3186 (neminem
2479 3114 2623 3168 enim
2672 3130 2701 3167 a
2749 3114 2969 3168 Christo
3015 3112 3259 3167 damnari
3301 3112 3450 3166 dice--

1893 3206 2043 3277 bant)
2076 3207 2321 3261 relictum
2353 3206 2593 3261 ﬁnxisse.

1960 3301 2116 3369 Apud
2136 3299 2531 3354 Tertullianum
2562 3298 2617 3351 in
2647 3296 2889 3365 locojam
2914 3297 3078 3350 citato
3107 3286 3352 3350 docuisse
3371 3297 3451 3349 di-

1889 3393 2029 3447 citur
2058 3390 2316 3445 Tatianus
2329 3390 2497 3443 Adam
2522 3404 2613 3442 nec
2632 3390 2854 3442 salutem
2879 3388 3120 3457 consequi
3148 3403 3328 3455 posse;
3358 3389 3450 3441 sed

1889 3484 1943 3539 id
1972 3483 2160 3538 eodem
2188 3481 2324 3535 redit
2353 3496 2415 3535 ac
2435 3481 2581 3550 quod
2604 3480 2670 3534 de
2686 3480 2913 3534 Tatiano
2930 3479 3019 3532 alii
3044 3479 3337 3547 scriptores
3368 3479 3449 3530 lii-

1891 3584 2108 3629 xerunt.
2151 3574 2337 3627 Posito
2378 3573 2521 3626 enim
2576 3571 2829 3640 injectum
2868 3586 2974 3624 non
3035 3571 3199 3624 fuisse
3248 3570 3451 3623 Adamn

1889 3664 2322 3720 commentilium
2368 3663 2496 3716 illud
2529 3675 2713 3716 semen
2756 3660 3054 3729 spiritualc,
3100 3661 3241 3731 quod
3270 3662 3449 3714 Acha—

1892 3758 2070 3823 moth,
2127 3756 2241 3810 sive
2271 3754 2549 3822 Sapientia
2576 3793 2592 3818 ,
2646 3754 2930 3807 animabus
2959 3754 3253 3806 electorum
3312 3754 3447 3806 clam

1888 3846 2146 3901 Creatore
2208 3846 2523 3913 injiciebat;
2592 3861 2695 3900 non
2744 3844 2863 3915 jam
2928 3845 3159 3899 salutem
3211 3846 3453 3900 Adamus

1889 3936 2103 4003 assequi
2134 3944 2367 4003 poterat.

1964 4025 2023 4081 V.
2061 4025 2275 4080 Tatiani
2311 4032 2615 4080 sectatores
2645 4023 2988 4094 appellantur
3011 4024 3224 4077 Tatiani
3256 4034 3310 4077 et
3342 4024 3451 4076 Ta—

1893 4121 2127 4187 tianitte,
2181 4118 2507 4182 Encratitze,
2565 4118 2882 4184 Severiani,
2936 4115 3448 4187 Hydroparastatm,

1889 4210 2233 4278 Apotactitre,
2280 4208 2635 4275 Saccophori,
2665 4207 2982 4277 Apostolici,
3037 4208 3232 4275 quibus
3278 4210 3453 4261 nomi-

1890 4302 2048 4355 nibus
2085 4302 2280 4368 partim
2326 4300 2439 4368 ipsa
2488 4298 2704 4352 Tatiani
2750 4310 2929 4363 secta,
2990 4300 3186 4366 partim
3234 4299 3354 4352 alia:
3385 4315 3451 4351 cx

1892 4394 1995 4448 ista
2031 4393 2231 4449 avulsae
2261 4394 2634 4464 designantur.
2682 4390 2939 4445 Distinxit
2974 4392 3310 4463 Epiphanius
3343 4392 3450 4445 Ta-

232 4493 323 4546 tini
355 4491 722 4554 commentis,
765 4489 867 4542 nisi
916 4487 1082 4541 etiam
1127 4484 1327 4555 aliquid
1362 4492 1597 4552 pareret,
1643 4479 1785 4548 quod
1816 4510 1861 4564 ι)
1894 4486 2068 4539 tiauos
2107 4501 2134 4539 a
2176 4485 2484 4541 Severianis
2521 4495 2576 4541 et
2621 4484 2948 4546 Encratitis,
2986 4498 3051 4537 ac
3097 4482 3448 4537 Severianum

229 4598 419 4637 novum
448 4598 515 4637 ac
539 4582 761 4652 proprie
783 4594 939 4633 suum
962 4578 1260 4632 videretur.
1290 4575 1476 4643 Itaque
1504 4582 1562 4626 ut
1591 4585 1785 4625 nomen

228 4689 375 4729 Suam
415 4672 658 4742 posteris
703 4670 1141 4736 commendaret,
1190 4668 1418 4722 salutem
1470 4664 1660 4718 Adami
1696 4676 1788 4717 ne-

228 4768 383 4835 gavit,
412 4766 559 4834 quod
595 4773 725 4816 ante
767 4762 916 4815 illum
949 4762 1148 4816 nemini
1191 4761 1244 4815 in
1276 4767 1511 4813 mentem
1543 4763 1783 4809 venerat.

231 4860 369 4912 Hunc
412 4857 563 4911 illius
587 4870 860 4921 errorem,
891 4862 951 4908 ut
987 4853 1345 4923 impietatem,
1385 4849 1634 4904 detestati
1666 4855 1790 4901 sunt

227 4947 888 5016 lrenaaus,Tertullianus,
922 4944 1275 5016 Epiphanius,
1305 4941 1653 5003 Philastrius,
1682 4943 1788 4991 Au-

228 5047 464 5115 gustinus
485 5039 946 5098 etTheodoretus.
967 5038 1058 5094 Sic
1084 5046 1267 5091 autem
1292 5032 1491 5088 refellit
1514 5035 1654 5088 hanc
1678 5033 1787 5085 Inc-

228 5138 378 5191 rasim
420 5134 681 5197 Irenaeus,
718 5132 810 5185 lib.
848 5146 935 5195 ιιι,
968 5144 1023 5186 c:
1054 5127 1149 5193 ‘23,
1187 5134 1248 5182 ut
1281 5137 1505 5181 caeteros
1532 5124 1788 5179 homines

228 5227 454 5291 salvari,
494 5227 541 5280 si
587 5224 758 5279 Adam
812 5237 921 5276 non
968 5221 1204 5274 salvatus
1250 5218 1357 5281 sit,
1410 5231 1474 5271 ac
1518 5214 1790 5270 diabolum

225 5327 434 5382 Christo
464 5324 671 5379 victum
717 5330 772 5377 et
823 5327 1140 5388 superatum
1181 5322 1380 5385 neget,
1429 5314 1473 5369 si
1513 5313 1590 5379 is,
1629 5326 1789 5381 quem

232 5419 460 5473 diabolus
495 5418 728 5478 vicerat,
756 5424 813 5468 et
837 5413 889 5467 in
914 5412 1128 5467 vincula
1155 5410 1488 5479 coniecerat,
1519 5422 1549 5459 a
1573 5405 1789 5465 Christo

230 5527 324 5565 non
351 5512 426 5565 sit
468 5517 695 5575 ereptus
733 5520 804 5560 ex
858 5504 974 5571 ejus
1019 5503 1265 5557 manibus
1293 5510 1347 5555 et
1389 5500 1442 5553 in
1482 5497 1786 5551 libertatem

232 5605 541 5659 vindicatus.
576 5602 669 5655 Sic
707 5600 878 5654 etiam
916 5594 1277 5650 Tertullianus
1307 5592 1361 5645 in
1388 5590 1527 5645 libro
1549 5587 1624 5641 De
1647 5601 1786 5649 pra:-

231 5716 357 5765 κη,
396 5711 516 5765 cap.
551 5692 642 5757 52,
690 5690 937 5744 radicem
986 5687 1189 5742 salvam
1242 5699 1361 5740 esse
1404 5680 1702 5745 contendit,
1741 5677 1786 5731 si

234 5792 353 5845 rami
374 5788 508 5843 salvi
538 5786 693 5837 linnt.
728 5779 799 5833 Et
824 5778 1176 5847 Epiphanius,
1209 5779 1398 5832 haeres.
1427 5774 1528 5828 46:
1554 5769 1661 5825 Καὶ
1685 5772 1730 5823 εἰ
1754 5772 1781 5822 ὸ

480 5882 770 5942 Parnm.
806 5873 929 5933 Gn.
960 5871 1060 5933 Vl.

1889 4576 2141 4643 Tatiano,
2170 4577 2451 4633 Tatiannm
2480 4577 2773 4632 Encratitis
2801 4575 3109 4645 praelusisse
3134 4583 3336 4628 censet.
3384 4577 3453 4629 At

1886 4668 2141 4734 lrcnmus,
2178 4667 2449 4733 Clemens,
2472 4666 2741 4722 Eusebius
2769 4677 2825 4722 et
2846 4665 3216 4721 Theodoretus
3246 4663 3449 4718 Encra-

1890 4762 2109 4813 titarum
2146 4770 2306 4814 secta
2332 4770 2613 4829 parentem
2639 4768 2694 4814 et
2746 4770 3021 4813 auctorem
3057 4758 3337 4811 Tatianum
3370 4758 3452 4809 di-

1889 4863 2112 4908 xerunt.
2162 4850 2328 4906 Addit
2376 4850 2641 4906 Eusebius
2688 4868 2792 4905 non
2833 4851 2999 4904 multo
3043 4857 3161 4919 post
3204 4848 3485 4903 Severum‘

1888 4940 2199 5009 quemdam,
2241 4954 2360 4993 cum
2415 4942 2733 5007 supradicta:
2778 4943 2966 4996 Itwresi
3020 4940 3177 4993 robur
3212 4956 3273 4991 ac
3318 4938 3447 4991 vires

1889 5035 2197 5100 addidisset,
2237 5034 2290 5086 in
2330 5049 2491 5086 causa
2526 5030 2710 5102 fuisse,
2740 5049 2835 5088 cur
2867 5034 3009 5086 illius
3039 5043 3191 5087 secta:
3219 5031 3449 5084 homines

1889 5142 1953 5180 ex
1995 5126 2162 5192 ipsius
2197 5123 2448 5178 vocabqu
2491 5123 2758 5178 Seueriani
2789 5126 3109 5179 dicerentur.
3149 5122 3279 5176 Late
3320 5136 3449 5189 ergo

1888 5216 2131 5271 manavit
2175 5218 2398 5270 haeresis
2436 5213 2685 5283 Tatiani;
2733 5232 2832 5270 nec
2874 5232 2991 5272 eam
3033 5217 3228 5268 merito
3256 5214 3450 5266 Antio-

1891 5310 2025 5365 chiae
2054 5318 2110 5365 et
2148 5308 2351 5363 Ciliciae
2395 5318 2449 5361 ct
2480 5307 2692 5362 Pisidiae
2725 5307 2925 5361 ﬁnibus
2959 5314 3175 5360 coercet
3211 5302 3448 5371 Epipha-

1892 5400 2033 5469 nius,
2078 5416 2199 5456 cum
2242 5401 2557 5465 Encratitm,
2609 5402 2726 5468 ipso
2760 5397 2984 5461 fatente,
3022 5410 3127 5449 non
3173 5396 3349 5447 solum
3398 5394 3448 5446 in

1890 5491 1975 5546 his
2020 5490 2368 5562 regionibus,
2414 5492 2508 5544 sed
2550 5491 2711 5542 etiam
2756 5489 2808 5541 in
2847 5488 3084 5556 Phrygia
3121 5485 3308 5538 adusta
3336 5522 3354 5551 ,
3398 5485 3449 5535 in

1890 5583 2114 5649 Isauria,
2149 5580 2462 5650 Pamphylia
2517 5591 2571 5633 et
2605 5576 2817 5633 Galatia
2853 5588 3015 5647 atque
3060 5579 3225 5631 etiam
3264 5576 3316 5629 in
3344 5574 3451 5627 llo-

1892 5687 2053 5727 mano
2082 5683 2253 5725 tractu
2280 5670 2559 5740 propagati
2606 5669 2830 5723 fuerint.
2862 5669 3142 5722 Adductus
3172 5676 3252 5721 est
3283 5665 3448 5719 etiam

1893 5763 2223 5836 Epiphanius
2256 5763 2352 5816 hac
2384 5760 2777 5816 Tatianitarum
2824 5771 2878 5814 et
2916 5760 3314 5813 Encratitarum
3352 5756 3451 5808 ιιιι⁴

3144 5850 3182 5913 6
