3948 6256
580 330 676 390 ΓΗ

1485 333 1540 388 S.
1576 325 1904 389 JUSTINUS
1934 328 2412 388 PHILOSOPHUS
2444 330 2530 384 ET
2555 328 2866 386 MARTYR.

3699 337 3795 392 Ἰῖὲ

580 471 684 510 nus
709 456 963 511 accurata
997 452 1360 522 distinctione,
1389 463 1446 509 ut
1476 454 1683 509 Tatiani
1707 462 1912 509 sectam
1948 449 2145 507 szeculo
2172 465 2217 521 Α
2250 459 2548 519 pugnantes
2601 449 2800 504 refellit
2853 451 2901 502 in
2965 458 3076 503 toto
3141 447 3282 502 libro
3346 449 3506 503 tertio
3563 449 3793 506 Strame-

578 556 772 614 quarto
811 546 1077 601 interiisse
1113 547 1379 601 crederet.
1422 547 1488 599 At
1535 562 1654 600 cum
1698 547 2000 600 Encratitas
2031 547 2132 599 hoc

575 637 779 692 ametilo
807 638 1083 692 exstitisse
1119 653 1186 690 ex
1231 639 1344 706 ipso
1375 637 1670 706 Epiphanio
1702 647 1906 707 pateat,
1939 648 1990 692 et
2019 653 2134 690 ma-

575 731 720 782 xime
751 743 814 780 ex
851 728 1070 794 Basilio,
1113 730 1254 797 apud
1292 743 1450 796 quem
1487 744 1592 781 non
1623 744 1794 796 pauca
1820 729 1885 782 de
1916 727 2129 780 illorum

574 823 902 889 baptismate
934 821 1184 890 leguntur
1213 821 1259 857 ⁸⁸
1283 860 1298 883 ,
1351 820 1663 874 necessario
1702 821 1943 890 sequitur
1975 821 2132 874 insti-

575 922 744 966 tutam
776 927 802 966 a
833 912 1061 966 Tatiano
1101 921 1346 975 sectam,
1389 927 1506 979 qua:
1553 927 1660 966 non
1703 913 1804 964 alia
1846 922 1930 967 est
1970 928 2128 980 quam

573 1004 1002 1067 Encratitarnm,
1055 1005 1120 1058 ad
1169 1005 1269 1056 hoc
1303 1011 1510 1071 tempus
1543 1017 1940 1069 perseverasse.
1979 1003 2129 1058 Basi-

571 1095 696 1160 lius,
726 1094 826 1149 etsi
851 1095 1130 1149 hmreticos
1155 1095 1364 1150 solebat
1393 1097 1752 1166 rebaptizare,
1784 1096 1918 1149 duos
1947 1105 2125 1149 tamen

569 1199 636 1240 ex
675 1185 776 1239 hac
821 1195 965 1240 secta
1003 1186 1322 1254 episcopos,
1365 1185 1591 1240 Zoinum
1634 1195 1690 1240 et
1731 1185 2085 1239 Saturninum
2110 1227 2124 1252 ,

568 1292 778 1347 magnae
801 1278 1016 1331 utilitati
1051 1277 1494 1332 consuetudinem
1535 1279 1888 1346 posthabens,
1929 1280 1981 1333 in
2016 1280 2131 1348 epi—

568 1370 838 1439 scopalem
869 1371 1185 1425 cathedram
1218 1372 1472 1440 suscepit,
1509 1385 1572 1426 ac
1594 1385 1783 1426 eorum
1815 1386 1917 1426 non
1951 1371 2125 1425 solum

567 1461 853 1530 baptisma,
896 1464 987 1517 sed
1018 1465 1178 1517 etiam
1208 1464 1606 1520 ordinationem
1637 1476 1813 1518 ratam
1846 1464 2054 1518 habuit.

639 1553 917 1622 Suspicari
959 1555 1171 1608 videtur
1220 1555 1556 1625 Epiphanius
1600 1557 1948 1620 Encratitas,
1997 1556 2124 1611 dum

564 1645 866 1698 castitatem
910 1659 1018 1714 pra:
1060 1659 1118 1699 se
1157 1644 1359 1709 ferunt,
1392 1663 1495 1700 non
1531 1657 1639 1701 tam
1685 1663 1713 1701 a
1759 1647 2127 1716 voluptatibus

562 1737 937 1803 abhorruisse,
965 1751 1123 1805 quam
1168 1738 1399 1792 latebras
1421 1740 1653 1794 occultis
1680 1738 1898 1809 ﬂagitiis
1931 1741 2128 1810 (μιωεί-

2235 550 2342 593 tum
2371 543 2413 574 ⁹¹
2437 560 2450 593 :
2481 541 2615 611 Φέρε
2649 543 2728 604 εἰς
2748 539 2839 592 δύο
2862 539 3123 602 διελόντες
3149 540 3444 611 πράγματα
3463 541 3685 605 ἁπάσας
3707 545 3795 606 τὰς

2233 631 2487 704 αἱρέσεις,
2517 630 2937 702 ἀποκρινώμεθα
2961 631 3161 693 αὐτοῖς.
3191 632 3260 682 Ἦ
3283 631 3390 700 γὰρ
3410 628 3467 682 τὸ
3494 630 3793 703 ἀδιαφόρως
3850 691 3855 704 η

2232 725 2330 794 ζῇν
2355 723 2711 785 διδάσκουσιν,
2733 722 2767 793 ἢ
2790 721 2848 774 τὸ
2871 722 3161 794 ὑπέρτονον
3188 721 3435 789 ἄγουσαι,
3473 722 3793 793 ἐγκράτειαν

2230 814 2315 868 διὰ
2336 814 2646 875 δυσσεϐείας
2665 814 2756 867 καὶ
2780 812 3324 884 φιλαπεχθημοσύνης
3345 812 3788 881 καταγγέλλουσι.

2234 920 2256 956 ι
2287 909 2429 976 Age,
2460 907 2658 973 inquit,
2698 903 2955 959 bifariam
2989 905 3291 957 dividamus
3328 919 3516 958 omnes
3543 905 3790 964 haereses.

2221 997 2416 1066 eisque
2445 995 2867 1066 reSpondeamus
2895 1014 2908 1048 :
2945 994 3026 1048 vel
3050 995 3192 1048 enim
3220 994 3596 1050 indifferenter
3617 995 3792 1049 vivere

2230 1089 2467 1152 docent;
2516 1087 2604 1142 vel
2636 1087 2775 1141 ultra
2809 1086 3026 1140 modum
3063 1101 3360 1155 progressa:
3403 1087 3788 1142 continentiam

2232 1195 2325 1248 per
2355 1180 2687 1250 impietatem
2714 1187 2768 1234 et
2797 1178 2980 1231 odium
3010 1179 3350 1245 profitentur.
3381 1197 3401 1231 ι

2301 1270 2415 1323 Νοιι
2443 1271 2615 1340 magis
2637 1269 2914 1324 consentit
2944 1285 3066 1324 cum
3093 1268 3177 1322 his
3198 1268 3408 1323 duobus
3431 1269 3787 1336 scriptoribus

2229 1362 2562 1431 Epiphanius
2591 1377 2711 1414 cum
2747 1369 2979 1416 testatur
3009 1361 3316 1415 Encralitas
3345 1359 3785 1414 resurrectionem

2230 1465 2565 1508 mortuorum
2597 1453 2839 1508 credere.
2890 1453 2983 1508 Sic
3029 1454 3171 1507 enim
3203 1435 3345 1522 apud
3369 1452 3715 1507 Clementem
3741 1451 3784 1482 "

2229 1541 2679 1594 resurrectionem
2731 1540 3204 1610 interpretantur,
3263 1550 3322 1595 ut
3372 1541 3484 1610 jam
3540 1555 3603 1595 se
3648 1540 3784 1593 illam

2229 1632 2451 1700 adeptos
2489 1646 2631 1696 esse,
2685 1640 2741 1685 et
2761 1632 2978 1686 idcirco
3009 1647 3038 1685 a
3087 1634 3290 1700 nuptiis
3313 1631 3564 1702 refugere
3588 1632 3782 1686 dicant.

2235 1721 2385 1778 Unde
2403 1722 2522 1776 illos
2543 1723 2884 1776 sic'verberat
2896 1722 3221 1777 Clemens":
3243 1722 3305 1776 Ei
3320 1723 3427 1794 γὰρ
3443 1717 3539 1775 οὖν
3554 1722 3652 1792 τὴν
3666 1720 3786 1775 ἀνά-

561 1825 722 1917 visse.
769 1825 860 1880 Sic
901 1829 1044 1881 enim
1094 1826 1335 1896 loquitur
1370 1829 1434 1884 de
1481 1826 1753 1895 Tatiano,
1805 1833 1998 1886 hmres.
2027 1831 2094 1884 46

2236 1823 2419 1865 στασιν
2447 1810 2828 1882 ἀπειλήφασιν,
2852 1810 2926 1873 ὡς
2956 1812 3108 1864 αύτοὶ
3128 1810 3366 1880 λέγουσι,
3405 1812 3498 1865 κοιλ¹
3521 1811 3612 1864 διὰ
3638 1810 3783 1863 τοῦτο

585 1914 658 1970 Εν
685 1915 760 1987 τῷ
783 1920 1125 1990 προσχήματι
1149 1920 1244 1990 τῆς
1274 1921 1593 1993 ἐγκρατείας
1616 1922 1820 1976 καὶτοῦ
1843 1924 2117 1994 ἐγκρατή-

555 2009 706 2062 τικοῢ
733 2009 896 2082 ἧθους
933 2012 1256 2084 κυϐευτικὴν
1289 2013 1414 2084 ἔσχε
1440 2014 1539 2086 τὴν
1567 2014 1813 2087 ἀγωγήνο
1846 2016 1920 2078 ὡς
1957 2015 2117 2081 λύκος

555 2101 738 2174 ἅρπαξ
762 2102 1074 2174 ἐνδυόμενος
1105 2103 1372 2175 προϐάτου
1413 2100 1620 2170 κωδίον,
1667 2107 1758 2160 καὶ⁵
1796 2106 2011 2162 πλανῶν
2041 2107 2119 2180 τῷ

545 2194 872 2265 προσκαίρῳ
902 2197 1244 2268 προσχήματι
1281 2197 1406 2260 τοὺς
1441 2198 1848 2269 ἀπατωμένους.
1890 2218 1909 2251 ι
1942 2200 2120 2256 Conti-

552 2287 752 2341 nentiae
784 2303 848 2342 ac
893 2289 1163 2357 pudicitiae
1209 2290 1407 2358 specie,
1439 2287 1585 2345 velut
1635 2290 1890 2346 illecebra
1923 2310 2118 2364 propo-

555 2377 682 2443 sita,
722 2378 882 2432 homo
919 2380 1070 2432 vafer
1103 2379 1376 2449 obrepsit;
1421 2390 1678 2450 tanquam
1710 2394 1874 2452 rapax
1897 2386 2114 2455 quidam

553 2469 716 2537 lupus
754 2485 908 2525 ovem
952 2472 1109 2538 pellis
1153 2474 1400 2540 induens,
1433 2489 1608 2544 eoque
1641 2476 1809 2542 cultu,
1847 2493 2004 2546 quem
2049 2479 2117 2533 ad

553 2569 766 2628 tempus
803 2561 1072 2624 induerat,
1113 2564 1342 2620 miseros
1369 2566 1618 2621 homines
1647 2567 1699 2621 in
1733 2567 1975 2623 fraudem
2007 2571 2117 2637 pel-

526 2645 760 2706 'liciens.
793 2671 810 2703 ι
848 2654 914 2708 Ει
943 2656 1008 2708 de
1055 2655 1360 2721 Encratitis,
1398 2659 1593 2712 haeres.
1627 2659 1727 2713 47:
1759 2660 2115 2732 Σεμνύνονται

551 2740 607 2795 δὲ
626 2733 784 2813 δῆθεν
806 2745 1128 2818 ἐγκράτειαν
1151 2747 1429 2819 σφαλερῶς
1449 2750 1516 2804 τά
1545 2750 1719 2805 πάντα
1741 2753 2111 2823 ἐργαζόμενοι,

539 2834 714 2904 ,μέσον
752 2837 1022 2904 γυναικῶν
1059 2839 1453 2911 εὑρισκόμενοι,
1488 2842 1580 2894 καὶ
1623 2847 1883 2911 γυναῖκας
1919 2863 2116 2899 παντα-

549 2926 701 2995 χόθεν
735 2929 1068 2997 ἀπατῶντες,
1093 2932 1186 2984 καὶ
1227 2932 1682 3004 συνδιαιτώμενοι,
1718 2937 1810 2989 καὶ
1845 2937 2114 3008 ἐξυπηρε-

535 3019 797 3090 τςούμενοι
837 3021 942 3074 ὑπὸ
981 3023 1087 3075 τῶν
1127 3023 1416 3088 τοιούτων,
1464 3024 1567 3089 ἔξω
1602 3029 1698 3096 μὲν
1730 3029 1826 3099 τῆς
1861 3029 2114 3102 ἀληθείας

549 3110 718 3174 ὅντες,
751 3113 1028 3184 μόρφωσιν
1059 3114 1116 3168 δὲ
1151 3115 1346 3186 μᾶλλον
1387 3119 1730 3189 κεκτημένοι,
1763 3120 1861 3191 τὴν
1883 3121 1937 3174 δὲ
1957 3121 2115 3176 δύνα-

549 3218 642 3271 μιν
679 3203 848 3273 αὐτῆς
887 3205 986 3274 τῆς
1012 3206 1307 3271 εὐσεϐείας
1358 3209 1675 3279 ἠρνημένοι.
1721 3229 1738 3260 ι
1777 3211 1929 3278 Quod
1982 3229 2110 3267 vero
2138 3220 2179 3276 C

549 3293 942 3348 continentiam
975 3294 1269 3365 jactitaut,
1312 3298 1576 3353 lubricum
1614 3308 1696 3355 est
1739 3301 1954 3356 illorum
1995 3303 2117 3372 qui-

547 3383 670 3437 dem
699 3399 762 3439 ac
788 3386 1258 3456 periculivplennm
1287 3389 1520 3445 facinus.
1548 3390 1682 3444 Nam
1723 3393 1864 3447 inter
1901 3393 2116 3448 mulier-

547 3475 700 3531 culas
741 3488 1031 3532 versantur
1076 3483 1319 3544 assidue,
1371 3497 1510 3552 quas
1560 3487 1922 3555 undecunque
1958 3487 2116 3555 pelli-

548 3567 735 3621 ciunt:
768 3584 890 3622 cum
928 3570 994 3625 iis
1021 3571 1124 3625 iter
1161 3572 1386 3637 faciunt,
1424 3589 1487 3628 ac
1513 3580 1875 3633 communiter
1905 3581 2110 3647 vivunt,

547 3669 844 3727 earumque
867 3660 1184 3718 ministeriis
1206 3673 1450 3718 utuntur.
1473 3666 1654 3732 Quare
1677 3683 1798 3723 cum
1824 3686 1855 3723 a
1885 3673 2114 3725 veritate

551 3746 763 3818 longius
791 3751 992 3820 absint,
1027 3753 1158 3807 nihil
1208 3764 1407 3824 prreter
1442 3760 1760 3813 ementitam
1806 3760 1952 3815 illius
1997 3777 2113 3830 spc-

549 3841 689 3894 ciem
727 3850 1036 3910 ostentant;
1070 3847 1178 3899 vim
1229 3847 1400 3916 ipsam
1433 3850 1661 3904 sincerae
1697 3852 1918 3919 pietatis
1947 3853 2112 3908 abne-

547 3939 697 4001 gant.
733 3950 753 3984 ι
807 3931 952 3988 Nihil
1001 3935 1177 3990 simile
1211 3936 1453 3994 lrenmus
1494 3949 1551 3993 et
1585 3941 1833 3996 Clemens
1874 3945 2109 3998 Alexan-

547 4021 744 4076 drinus
775 4021 1008 4078 Tatiano
1049 4025 1387 4092 objecerunt,
1425 4030 1516 4096 qui
1544 4071 1559 4096 ,
1610 4031 1655 4084 si
1691 4032 1771 4086 eis
1812 4034 2108 4103 credimus,

548 4114 1008 4171 inconsideratum
1053 4120 1325 4174 castitatis
1365 4122 1605 4177 studium
1642 4139 1748 4178 non
1787 4123 1852 4178 ad
1904 4137 2111 4197 tempus

547 4211 867 4276 ostentavit,
910 4220 968 4266 ut
1012 4213 1190 4281 placet
1243 4214 1586 4285 Epiphanio,
1617 4217 1709 4272 sed
1759 4220 2111 4288 pertinaciter

550 4301 792 4356 retinuit.
826 4303 977 4370 Quod
1005 4321 1134 4375 ergo
1165 4308 1514 4374 reprehendit
1545 4307 1878 4378 Epiphanius
1908 4312 1961 4365 in
2002 4313 2109 4366 En-

548 4392 778 4455 cratitis,
833 4394 886 4447 id
935 4405 1237 4464 temporum
1262 4394 1402 4451 ﬂexu
1437 4398 1488 4451 in
1521 4399 1661 4454 hanc
1692 4411 1894 4455 sectam
1946 4403 2105 4456 indu-

528 4489 693 4533 »ctutn
731 4482 963 4550 videtur,
1018 4500 1139 4538 cum
1169 4503 1359 4540 eorum
1410 4488 1643 4556 majores
1687 4489 1908 4558 impiam
1958 4491 2104 4546 illan:

2219 1903 2468 1958 ἅθετοῦσι
2487 1903 2575 1957 τὸν
2587 1903 2780 1974 γάμον,
2804 1903 2937 1974 μηδὲ
2953 1903 3278 1956 ἐσθιέτωσαν
3299 1903 3431 1975 μηδὲ
3453 1903 3778 1958 πινέτωσαν⁸

2219 1995 2606 2067 καταργεῖσθαι
2641 1995 2748 2067 γὰρ
2775 1995 2876 2065 ἔφη
2896 1994 2994 2066 τὴν
3015 1995 3244 2058 κοιλίαν,
3275 1996 3367 2050 καὶ
3388 1995 3454 2049 τὰ
3475 1994 3740 2066 βρώματα
3755 1993 3782 2045 6

2231 2087 2546 2150 Ἀπόστολος
2561 2089 2618 2140 ὲν
2639 2090 2704 2158 τῇ
2727 2085 3078 2141 ἁναστάσει.ἰ
3092 2088 3148 2142 Si
3175 2101 3306 2148 ergo
3333 2091 3780 2142 resurrectionem

2219 2186 2569 2249 acceperunt,
2598 2188 2659 2232 ut
2686 2177 2788 2247 ipsi
2819 2179 3022 2240 dicunt,
3057 2185 3110 2232 et
3142 2177 3352 2232 idcirco
3380 2176 3778 2231 matrimonium

2219 2269 2507 2338 abrogant,
2555 2282 2656 2322 nec
2686 2268 3012 2322 manducent
3057 2282 3156 2322 nec
3219 2267 3426 2322 bibant.
3473 2265 3614 2320 Nam
3655 2265 3782 2320 dixit

2215 2360 2509 2429 Apostolus
2545 2370 2791 2415 ventrem
2844 2368 2898 2415 et
2933 2359 3084 2414 cibos
3118 2359 3452 2413 desuuctum
3484 2359 3553 2412 iri
3604 2359 3658 2413 in
3698 2372 3779 2412 rc-

2215 2454 2551 2508 surrectione
2581 2452 2647 2504 “.
2685 2470 2703 2503 ι
2735 2450 2971 2506 Irenaeus
3017 2465 3082 2505 ex
3135 2451 3413 2505 haereticis
3455 2449 3766 2506 Creatorem

2218 2543 2585 2611 rejicientibus
2622 2543 2824 2596 nullum
2870 2558 3096 2612 prorsus
3137 2543 3367 2614 excipit,
3418 2542 3513 2613 qui
3549 2553 3780 2598 resurre'

2214 2637 2445 2689 ctionem
2476 2633 2778 2700 admiserit,
2825 2643 2880 2687 et
2908 2633 3012 2686 hac
3050 2632 3111 2686 in
3151 2649 3211 2688 re
3271 2649 3299 2688 a
3335 2634 3692 2688 nelariissuis
3718 2633 3777 2686 de

2215 2728 2488 2782 creatione
2517 2726 2834 2782 discesserit
2865 2725 3166 2794 principiis,
3196 2725 3290 2782 lib.
3325 2740 3363 2791 ι,
3405 2741 3454 2781 c.
3489 2727 3586 2781 22.

2804 2815 3039 2871 CAPUT
3080 2815 3192 2869 ΧΙΙ.

2699 2887 2777 2940 De
2805 2888 3010 2954 scriptis
3046 2885 3281 2938 Tatiani.

2214 2974 2252 3023 Ι.
2276 2975 2353 3024 De
2405 2975 2638 3036 operibus
2676 2975 2867 3024 Tatiani
2904 2976 3190 3037 deperditis.
3229 2973 3292 3023 II.
3334 2973 3503 3025 Oratio
3553 2975 3776 3025 adversus

2274 3038 2581 3100 Graecosnon
2606 3041 2915 3100 pronuntiata
2961 3038 3050 3084 sed
3091 3040 3294 3098 scripta,
3334 3038 3486 3098 idque
3527 3045 3774 3100 postquam

2276 3100 2425 3147 Roma
2447 3098 2584 3146 abiit.
2609 3097 2696 3146 ΙΙΙ.
2725 3097 2964 3161 Scriptam
2985 3105 3100 3147 ante
3126 3097 3352 3161 haeresim
3380 3097 3774 3161 l'uisse'pt-obatur

2275 3161 2507 3209 adversus
2528 3161 2857 3207 doctissimum
2876 3159 3101 3208 abbatem
3141 3161 3204 3208 de
3243 3159 3569 3221 Longuerue.‘
3583 3159 3664 3210 IV.
3679 3220 3686 3221 ί
3703 3161 3772 3221 De

2275 3222 2474 3270 audacia
2525 3221 2714 3270 'l‘atiani
2761 3223 2807 3270 in
2850 3222 3117 3282 Scripturis
3169 3220 3534 3281 pervertendis.
3585 3222 3642 3269 ν.
3676 3220 3772 3268 Non

2280 3289 2443 3331 exstat
2469 3282 2601 3330 illius
2647 3281 2974 3344 Evangelium’
3002 3295 3266 3344 Δωῖισσάρσν.
3307 3282 3390 3331 Vl.
3425 3282 3635 3332 Videtur
3652 3283 3774 3330 idem

2278 3357 2390 3392 esse
2423 3358 2478 3392 ac
2515 3343 2839 3404 livangeliuin
2877 3345 3007 3404 quod
3039 3343 3276 3392 Ebion’aeis
3315 3344 3539 3392 attribuit
3581 3345 3633 3393 S.
3669 3344 3774 3403 Epi-

2271 3407 2499 3467 phanius.
2525 3404 2626 3452 νυ.
2651 3404 2785 3453 Idem
2806 3408 2954 3454 etiam
2971 3418 3029 3454 ιιι
3046 3405 3168 3453 illud
3185 3404 3312 3465 quod
3333 3405 3588 3455 dicebatur
3609 3416 3774 3454 secuti.

2277 3469 2390 3514 dum
2410 3467 2628 3514 Petrum.

2277 3469 2390 3515 dum
2410 3469 2628 3515 Petrum.

2287 3574 2328 3627 l.
2365 3574 2441 3626 Ex
2480 3572 2714 3626 maximo
2744 3572 2999 3626 librorum
3034 3587 3284 3640 numero,
3317 3587 3476 3643 quem
3514 3572 3773 3629 Eusebius

2217 3673 2272 3718 et
2302 3663 2658 3732 Hieronymus
2686 3677 2715 3715 a
2761 3661 2988 3716 Tatiano
3019 3665 3267 3719 relictum
3302 3672 3590 3729 testantur,
3624 3665 3770 3734 pauci

2216 3757 2282 3810 ad
2335 3755 2699 3824 cognitionem
2738 3763 3013 3819 nostram,
3058 3769 3198 3809 unus
3250 3763 3458 3808 tantum
3497 3756 3549 3808 in
3591 3767 3771 3808 manus

2217 3855 2430 3902 nostras
2471 3845 2736 3914 pervenit.
2789 3844 3123 3914 Scripserat,
3168 3855 3304 3899 teste
3351 3845 3630 3900 Clemente
3656 3844 3772 3900 Ale-

2214 3938 2500 4002 xandrino,
2549 3937 2772 4004 Strom.,
2803 3954 2897 4003 Ill,
2937 3954 3058 4008 pag.
3100 3937 3226 4004 460,
3256 3937 3452 3992 librum
3487 3939 3561 3992 De
3608 3937 3770 4008 perfe-

2212 4032 2380 4082 ctione
2417 4033 2702 4082 secundum
2735 4030 3088 4084 Salvatorem.
3135 4020 3194 4083 In
3224 4027 3482 4083 Oratione
3517 4036 3768 4084 adversus

2213 4118 2445 4184 Crwcos,
2479 4136 2629 4175 num.
2657 4121 2748 4184 15,
2797 4121 2928 4175 citat
2971 4121 3166 4176 librum
3215 4134 3245 4174 a
3290 4135 3352 4174 se
3386 4121 3650 4189 scriptum
3697 4117 3768 4171 De

2211 4213 2553 4267 animalibus.
2602 4212 2768 4269 Forte
2809 4215 2862 4267 in
2911 4214 3016 4268 hoc
3059 4212 3200 4268 libro
3249 4209 3764 4282 pertractaverat".

2209 4309 2353 4377 quod
2382 4323 2441 4362 se
2464 4307 2589 4362 alibi
2618 4309 3019 4362 demonstrasse
3044 4305 3174 4360 dicit
3206 4304 3482 4358 mirabiles
3509 4305 3766 4373 quosdam

2207 4399 2452 4464 effectus,
2497 4414 2600 4454 non
2644 4399 2699 4452 in
2737 4399 2944 4452 animas
2976 4398 3252 4453 hominum
3287 4405 3650 4463 mortuorum,
3680 4391 3767 4446 sed

2212 4493 2264 4545 in
2291 4493 2565 4547 daemones
2595 4491 2804 4545 refundi
2832 4490 3048 4544 debere.
3076 4490 3131 4543 In
3163 4492 3350 4543 eadem
3379 4488 3632 4542 Oratione
3661 4499 3768 4555 pro-

527 4572 788 4639 -quidem,
822 4578 915 4628 sed
955 4586 1130 4630 tamen
1162 4589 1501 4633 constantem
1534 4581 1836 4636 castitatem
1877 4585 2105 4651 professi
2139 4578 2181 4633 D
2213 4585 2380 4638 mittit
2427 4583 2622 4638 librum
2655 4585 2917 4638 adversus
2949 4583 3200 4636 ethnicos
3229 4582 3521 4650 scriptores
3571 4581 3662 4648 qui
3706 4578 3766 4629 de

528 4661 796 4718 afuissent.
853 4664 1081 4735 Opponit
1127 4684 1220 4724 eos
1274 4671 1507 4727 lrenaeus
1564 4673 1686 4728 aliis
1729 4675 2000 4730 hmreticis
2052 4677 2106 4731 in

547 4755 876 4809 contrariam
903 4769 1108 4824 partem
1137 4762 1485 4830 peccantibus
1511 4780 1572 4819 ac
1593 4779 1806 4820 omnem
1837 4767 2108 4821 licentiam

539 4843 1174 4912 ﬂagitioatribuentibus.
1229 4852 1524 4923 Postquam
1561 4857 1706 4910 enini
1763 4859 1830 4911 du
1884 4859 2111 4913 Tatiano

545 4932 760 4990 locutus
792 4947 896 5002 est,
946 4940 1026 4995 sic
1065 4941 1132 4995 ad
1184 4943 1319 4997 alios
1366 4945 1558 4999 transit
1586 4946 1652 4999 εθ.
1709 4965 1728 4998 ι
1783 4946 1889 5001 Alii
1932 4960 2110 5003 autem

547 5039 740 5081 rursus
768 5043 799 5082 a
835 5027 1072 5086 Basilide
1119 5041 1176 5086 et
1219 5034 1548 5104 Carpocrate
1591 5039 1912 5093 occasiones
1963 5040 2112 5093 acci-

536 5116 776 5184 pientes,
815 5119 1185 5180 indiﬂ‘erentes
1215 5128 1406 5188 coitus.
1450 5139 1505 5183 et
1553 5131 1746 5186 multas
1777 5133 1991 5202 nuptias
2020 5133 2104 5186 in-

545 5210 838 5280 duxerunt,
878 5225 933 5269 et
960 5217 1346 5288 negligentiam
1379 5223 1641 5292 ipsorum,
1673 5239 1794 5293 quae
1821 5238 1948 5282 sunt
1986 5229 2102 5282 ido-

544 5301 754 5374 lothyta
803 5308 871 5360 ad
917 5311 1377 5380 manducandum;
1416 5333 1522 5371 non
1563 5319 1718 5374 valde
1758 5322 1874 5376 haec
1911 5338 2104 5378 curare

545 5395 790 5452 dicentes
821 5396 1009 5457 Deum.
1048 5421 1068 5454 ι
1116 5403 1379 5461 Similiter
1418 5410 1668 5466 Clemens
1703 5412 2104 5470 Alexandrinus

545 5483 678 5540 duas
706 5485 824 5542 illas
853 5488 1108 5560 haereses,
1152 5503 1210 5549 ut
1244 5497 1490 5572 adversis
1538 5500 1815 5557 frontibus
1854 5504 1995 5558 inter
2042 5521 2103 5560 se

2209 4676 2649 4732 Christianorum
2679 4686 2735 4730 et
2769 4675 3074 4729 Judtcorum
3122 4673 3374 4727 instituto
3408 4681 3462 4725 et
3488 4674 3662 4725 sacris
3689 4668 3767 4720 hi-

2207 4770 2393 4823 storiis
2451 4779 2654 4822 temere
2699 4767 3098 4835 judicarcrant.
3150 4764 3242 4818 Sic
3299 4764 3444 4817 enim
3501 4761 3764 4828 loquitur,

2208 4876 2264 4915 n.
2292 4861 2361 4914 40
2390 4883 2400 4914 ;
2439 4860 2575 4931 Περὶ
2607 4859 2708 4930 μὲν
2739 4853 2830 4910 οὖν
2860 4857 2958 4926 τῆς
2992 4856 3110 4909 καθ’
3136 4856 3280 4926 ἡμᾶς
3312 4853 3604 4915 πολιτείας,
3633 4851 3765 4903 ἱστο-

2211 4954 2330 5024 ρίας
2356 4971 2414 5005 τε
2446 4954 2543 5023 τῆς
2572 4950 2709 5005 κατὰ
2741 4951 2866 5012 τοὺς
2901 4949 3201 5020 ήμετέρους
3226 4948 3444 5017 νόμους,
3469 4945 3568 5000 ὅσα
3601 4959 3659 4996 τε
3690 4941 3763 4992 εί-

2215 5048 2444 5116 ρήκασιν
2470 5047 2519 5096 οἱ
2551 5043 2701 5115 παρὰ
2721 5045 2829 5105 τοῖς
2862 5039 3114 5110 Ἕλλησιν
3156 5040 3346 5107 λόγιοι,
3376 5038 3468 5092 καὶ
3499 5037 3651 5091 πόσοι
3681 5032 3765 5086 καὶ

2205 5135 2347 5199 τίνες
2376 5137 2482 5188 εἰσὶ
2525 5134 3011 5205 μνημονεύσαντες,
3040 5133 3097 5184 ὲν
3126 5130 3202 5200 τῷ
3247 5129 3382 5202 πρὸς
3412 5129 3536 5193 τοὺς
3563 5128 3764 5194 ἀποφη-

2206 5229 2471 5299 ναμένους
2501 5226 2568 5280 τὰ
2613 5227 2740 5296 περὶ
2770 5224 2902 5277 Θεοῦ
2935 5223 3297 5293 δειχθήσεται.
3332 5240 3351 5272 ι
3387 5221 3493 5275 Scd
3520 5219 3586 5273 de
3621 5215 3766 5272 insti-

2208 5330 2322 5374 tuto
2354 5327 2563 5383 nostro,
2593 5329 2648 5372 et
2675 5321 2741 5371 de
2780 5318 2954 5386 legum
3006 5325 3313 5368 nostrarum
3357 5313 3582 5366 historia
3621 5321 3760 5380 qua:-

2207 5427 2331 5465 nam
2362 5410 2502 5480 apud
2532 5409 2753 5464 GI‘CBCOS
2785 5407 2980 5462 eruditi
3016 5406 3273 5470 dixerint,
3307 5418 3582 5475 quamque
3616 5396 3760 5456 multi

2208 5515 2263 5557 et
2308 5503 2500 5572 quales
2535 5501 2739 5557 fuerint
2788 5501 2876 5569 qui
2926 5498 3014 5552 his
3056 5498 3122 5553 de
3163 5498 3324 5552 rebus
3369 5496 3681 5559 meminere,
3710 5489 3760 5543 in

614 5665 1011 5754 numellas.
1084 5670 1271 5728 “Lib.
1306 5691 1345 5744 ι,
1370 5677 1539 5735 c.2s.
1615 5681 1974 5753 "Papus.
2051 5685 2098 5718 η

2229 5700 2330 5742 res.
2371 5686 2465 5754 47,
2502 5703 2554 5743 c.
2587 5688 2638 5741 t.
2719 5684 2765 5716 ’³
2796 5682 3020 5749 Strom.,
3047 5697 3130 5748 ιιι,
3169 5695 3222 5752 p.
3254 5680 3379 5735 446.
3455 5673 3753 5738 "lCor.vt,

551 5730 634 5784 15.
705 5730 757 5764 ’θ’
787 5731 852 5786 Ν.
892 5734 974 5788 l0.
