3948 6256
555 391 656 447 175

1433 379 1491 437 S.
1523 376 1856 437 JUSTINUS
1888 368 2367 430 PHILOSOPHUS
2402 367 2488 421 ET
2513 362 2826 420 MARTYR.

3675 353 3828 408 176

551 520 628 566 est
659 508 858 575 anima,
887 507 1062 576 imago
1102 503 1303 559 scilicet
1330 512 1378 558 et
1418 501 1711 558 similitudo
1749 499 1872 555 Dei.
1905 495 2134 552 Videtur
2167 497 2209 552 A
2237 490 2386 544 niani
2422 477 3074 576 indignanrjudicabant,
3105 488 3268 576 quam
3300 469 3476 576 [filius
3516 469 3607 524 Dei
3635 467 3836 576 spsci-

555 600 656 658 sibi
677 601 730 656 in
763 600 851 655 his
873 597 1057 654 verbis
1078 596 1310 651 dilucide
1326 593 1614 664 perspicere
1635 591 2024 646 distinctionem
2040 585 2132 640 τοῦ

549 694 736 750 anno
767 704 821 748 et
849 691 942 746 τοῦ
973 687 1363 761 πνευματικοῦ,
1391 703 1550 757 quam
1579 685 1835 739 Tatianus
1861 690 2133 735 mutuatus

552 800 629 845 est
682 807 713 843 a
745 786 1010 843 Gnosticis
1060 795 1107 839 et
1153 782 1444 853 prwsertim
1483 798 1515 835 a
1556 778 1857 833 Valentino.
1903 775 2133 829 Tatiano

554 884 697 939 alios
732 881 985 936 attribuit
1017 891 1258 940 errores,
1293 888 1491 945 nempe
1526 873 1786 925 adversus
1810 868 2003 923 animle
2033 867 2133 922 im—

555 975 948 1031 mortalitatem
1000 982 1054 1027 et
1104 970 1539 1041 simplicitatem,
1574 975 1630 1020 et
1655 964 1823 1017 Verbi
1859 959 2134 1017 aeternita-

560 1078 708 1136 tem;
738 1083 802 1122 ac
831 1082 897 1122 ne
926 1067 1011 1121 cui
1046 1064 1099 1120 in
1155 1073 1393 1118 mentem
1420 1061 1605 1115 veniat
1639 1057 1854 1112 Tatiani
1888 1053 2130 1125 patroci«

559 1162 711 1217 nium
761 1159 1064 1227 suscipere,
1118 1159 1198 1213 sic
1253 1154 1570 1212 concludit:
1621 1171 1638 1203 ι
1670 1150 1782 1205 Nec
1837 1151 2035 1203 mirum
2085 1148 2129 1201 si

560 1250 704 1306 male
734 1262 788 1304 et
821 1248 1065 1318 improbe
1117 1247 1184 1301 de
1230 1244 1635 1316 angustioribus
1670 1241 1999 1297 Christianae
2049 1253 2132 1290 reo

556 1343 779 1413 ligionis
817 1341 1092 1412 mysteriis
1147 1338 1414 1394 sentiebat
1455 1335 1567 1400 ille,
1599 1335 1691 1404 qui
1725 1333 2132 1401 conspiraverat

553 1436 669 1506 jam
703 1449 825 1488 cum
857 1431 1157 1495 Gnosticis,
1191 1429 1373 1497 impiis
1425 1427 1926 1495 consceleratisque
1955 1424 2134 1480 homi-

561 1529 749 1593 nibus,
781 1537 835 1582 et
867 1542 896 1580 a
951 1541 1080 1579 vera
1113 1525 1165 1579 in
1220 1523 1386 1578 Deum
1439 1521 1703 1590 religione
1757 1519 2130 1575 alienissimis.

562 1621 707 1676 Sane
729 1620 950 1688 quidem
980 1619 1204 1673 laterem
1265 1617 1494 1680 lavabit,
1542 1618 1587 1672 si
1621 1617 1742 1684 quis
1771 1615 1890 1682 ejus
1915 1614 2132 1684 generis

559 1722 861 1782 nugatores
885 1725 914 1763 a
949 1709 1104 1779 culpa
1132 1709 1257 1764 velit
1285 1711 1566 1774 eximere;
1593 1717 1648 1761 et
1679 1706 1994 1777 singulatim
2019 1703 2130 1758 Ta-

563 1811 769 1864 tianum
801 1821 961 1862 nemo
1009 1821 1250 1877 purgare
1296 1805 1529 1876 poterit,
1579 1803 1670 1873 qui
1722 1801 1994 1857 Valentini
2045 1800 2127 1854 inv

565 1915 733 1955 sanas
759 1900 825 1954 de
861 1895 1128 1952 Aiouibus
1163 1897 1456 1968 Opinioues
1482 1896 1664 1949 animo
1691 1893 2033 1948 imbiberat.)

633 1991 976 2046 Sententiam
1002 1989 1215 2042 Tatiani
1238 1988 1304 2042 de
1334 1987 1742 2042 immortalitate
1763 1986 1959 2038 anima:
1983 1986 2130 2051 ejus'

559 2098 667 2152 que
704 2092 925 2146 natura,
957 2092 1010 2135 et
1041 2082 1108 2135 de
1151 2079 1314 2135 Verbi
1354 2082 1661 2134 atternitate
1691 2079 1824 2132 satis
1870 2075 2133 2146 explana-

563 2187 675 2229 tam
713 2185 842 2244 puto
867 2179 920 2228 in
947 2175 1184 2228 secunda
1222 2181 1374 2242 parte
1422 2170 1756 2240 praefationis
1789 2177 1844 2223 et
1874 2169 1927 2224 in
1961 2169 2130 2222 aduo—

567 2267 882 2322 tationibus.
914 2265 1098 2333 Neque
1139 2265 1301 2318 etiam
1350 2264 1404 2317 in
1460 2278 1526 2318 eo
1584 2261 1880 2317 refellendo
1938 2261 2133 2316 immo-

563 2359 796 2413 randum
824 2357 968 2426 quod
997 2358 1075 2411 ait
1103 2357 1186 2409 vir
1208 2355 1634 2422 eruditissimus,
1655 2351 1942 2408 Tatianum
1967 2355 2130 2406 etiam

561 2449 665 2503 sub
690 2445 892 2502 Justini
923 2446 1208 2517 disciplina
1265 2445 1526 2499 nefariam
1571 2445 1823 2500 haeresim
1858 2460 1980 2500 esse
2020 2461 2132 2499 me-

561 2543 835 2596 ditatum:
894 2554 1068 2608 neque
1123 2539 1270 2593 enim
1337 2539 1676 2610 argumentis
1734 2537 2128 2605 refellendum,

561 2634 708 2703 quod
740 2632 858 2688 sine
888 2632 995 2687 ullo
1028 2647 1249 2702 prorsus
1278 2643 1602 2700 argumento
1646 2632 1940 2700 profertur.
1979 2631 2131 2695 Quod

563 2738 744 2785 autem
773 2736 984 2797 speetat
1021 2729 1086 2780 ad
1115 2725 1289 2794 ipsum
1319 2725 1642 2794 opusculum
1697 2724 1933 2790 Tatiani,
1963 2723 2131 2778 multa

562 2821 620 2877 in
649 2834 716 2876 eo
741 2819 954 2889 reperio
979 2833 1100 2871 cum
1153 2815 1530 2870 Valentiniana
1583 2814 1780 2871 hmresi
1810 2817 2129 2885 pugnantia,

561 2913 769 2967 nullum
803 2927 1026 2983 prorsus
1085 2910 1248 2977 hujus
1299 2907 1506 2964 erroris
1536 2908 1851 2977 vestigium,
1885 2923 1952 2961 ne
1984 2910 2034 2961 in
2067 2907 2134 2962 iis

562 3006 780 3076 quidem
845 3021 968 3076 qua:
1029 3003 1362 3075 objiciuntur
1429 3000 1498 3056 ab
1568 3010 1794 3057 auctore
1871 3003 2133 3057 disserta-

564 3099 748 3157 tionis.
2050 3104 2058 3114 '

634 3189 780 3246 Fons
802 3197 857 3244 et
881 3188 1032 3259 origo
1058 3187 1271 3244 Tatiani
1303 3204 1570 3260 errorum,
1599 3199 1658 3245 ut
1681 3205 1844 3259 supra
1870 3191 2128 3255 vidimus,

2241 3225 2373 3292 πρὸς
2405 3222 2464 3276 τὸ
2497 3220 2886 3291 ἀποθνήσκειν,
2923 3220 3337 3289 ἀποθνήσκομεν
3369 3220 3396 3271 δ

565 3298 735 3352 prava
767 3283 981 3337 exstitit
1016 3283 1082 3337 de
1114 3283 1301 3338 ntttndi
1351 3284 1631 3338 creatione
1683 3285 1973 3338 sententia.
2007 3283 2132 3338 lnde

563 3384 858 3432 manarunt
886 3374 1114 3441 Eones,
1165 3374 1291 3430 inde
1340 3375 1668 3446 Demiurgus
1692 3390 1796 3430 non
1828 3374 2004 3429 lucem
2047 3375 2134 3429 fa-

564 3471 740 3535 ciens,
777 3469 872 3524 sed
901 3477 960 3522 ut
991 3469 1087 3522 ﬁat
1115 3475 1310 3536 optans
1356 3476 1412 3522 et
1449 3480 1650 3533 orans;
1682 3467 1808 3522 inde
1839 3469 1905 3521 de
1928 3467 2132 3523 Christi

566 3575 760 3626 carne,
791 3560 857 3616 de
884 3563 1282 3616 resurrectione
1311 3571 1369 3614 et
1417 3560 1484 3615 de
1531 3560 1705 3615 libero
1744 3561 1972 3615 arbitrio
1999 3561 2134 3615 stul—

566 3653 780 3707 tissima
813 3664 1144 3708 commenta.
1179 3653 1248 3706 At
1295 3652 1349 3706 in
1385 3651 1640 3707 Oratione
1689 3652 1940 3708 adversus
1987 3651 2137 3708 Crte-

565 3759 656 3798 cos
689 3745 932 3800 materia:
952 3745 1284 3800 creationem
1304 3746 1430 3799 data
1453 3761 1615 3813 opera
1645 3745 1908 3802 defendit.
1930 3746 2136 3814 Equa-

565 3835 674 3892 lem
710 3835 823 3890 Deo
846 3837 1083 3891 futuram
1107 3836 1386 3890 contendit
1416 3837 1460 3890 si
1494 3836 1734 3892 increata
1759 3838 2136 3896 esset".0(’ara

563 3929 672 4001 γὰρ
733 3928 968 4001 ἄναρχος
1020 3930 1055 4000 ἡ
1108 3926 1206 4000 ὕλη
1259 3928 1507 4001 καθάπερ
1544 3933 1572 3983 ὁ
1613 3929 1764 3992 Θεὸς,
1808 3931 1928 3983 οὐδὲ
1965 3931 2138 3984 διὰτὸ

563 4023 798 4094 ἄναρχον
840 4019 1154 4092 ἰσοδύναμος
1209 4021 1288 4092 τῷ
1321 4021 1470 4092 Θεῷ’
1532 4024 1763 4093 γεννητὴ
1797 4023 1854 4076 δὲ
1912 4024 2006 4076 καὶ
2040 4025 2138 4094 οὐχ

564 4113 672 4170 ὑπὸ
706 4112 800 4168 τοῦ
843 4113 1001 4167 ἄλλον
1046 4116 1318 4183 γεγονυῖα,
1355 4114 1516 4184 μόνου
1554 4116 1611 4169 δὲ
1643 4114 1746 4168 ὑπὸ
1797 4115 1890 4169 τοῦ
1923 4116 2138 4170 πάντων

561 4205 898 4277 δημιούργου
945 4205 1383 4277 προϐεϐλημένη.
1419 4226 1438 4259 ι
1470 4205 1585 4261 Non
1620 4211 1765 4262 enim
1801 4217 1950 4264 caret
1985 4210 2139 4264 initio

565 4300 821 4365 materia,
869 4299 1327 4369 quemadmodum
1364 4300 1534 4367 Deus;
1561 4316 1659 4356 nec
1685 4300 1816 4367 Deo,
1848 4311 1908 4355 ut
1941 4301 2138 4371 princi-

561 4390 640 4461 pii
669 4405 888 4458 expers,
925 4404 1110 4458 parem
1145 4390 1308 4444 habet
1331 4400 1653 4459 potestatem
1684 4407 1698 4444 :
1732 4407 1920 4447 verum
1951 4401 2138 4446 creata

564 4489 671 4546 est,
704 4494 804 4535 nec
827 4479 897 4533 ab
926 4479 1032 4534 alio
1058 4479 1232 4545 facta;
1265 4482 1358 4535 sed
1395 4499 1424 4536 a
1455 4483 1570 4538 solo
1611 4485 1988 4539 universorum
2016 4485 2136 4553 opi-

565 4574 668 4628 lice
698 4573 1016 4642 producta.»
1079 4572 1304 4629 Feriunt
1337 4576 1450 4631 hzec
1493 4579 1657 4631 verba
1697 4551 2129 4642 Valentiniauos,
2169 4551 2211 4604 D

561 4678 863 4734 eorumque
891 4664 956 4720 de
1016 4668 1257 4721 materiae
1313 4669 1616 4723 aeternitate
1660 4684 1726 4723 ac
1781 4685 1911 4724 vero
1964 4685 2126 4738 supra

564 4768 868 4813 creatorem
893 4759 1006 4812 Deo
1057 4760 1290 4814 somnia.
1338 4759 1407 4815 Ut
1458 4760 1868 4815 Valentinianus
1901 4762 2131 4815 materia

564 4849 824 4914 increata,
857 4860 914 4905 et
945 4850 1089 4906 Deus
1133 4867 1163 4904 a
1196 4859 1448 4906 creatore
1489 4853 1737 4907 diversus
1769 4867 1834 4907 eo
1872 4853 2131 4920 ducebat,

563 4954 625 4997 ut
649 4957 849 5013 corpus
885 4945 1185 4998 httmanum
1218 4960 1317 4999 nec
1346 4959 1475 4998 vero
1500 4955 1555 4999 et
1587 4943 1803 4999 sublimi
1837 4943 1948 4998 Deo
1984 4961 2131 4998 cura:

563 5051 708 5099 esse,
740 5052 837 5090 nec
867 5037 934 5089 ah
985 5037 1183 5104 opilice
1233 5037 1442 5091 restitui
1496 5051 1653 5106 posse
1713 5036 2136 5103 crederent;ita

566 5129 832 5184 Tatianus
856 5145 924 5184 ex
949 5144 1015 5182 eo
1042 5130 1188 5198 quod
1243 5129 1476 5182 materia
1515 5137 1701 5183 creata
1745 5129 1838 5195 sit,
1872 5138 1926 5183 et
1955 5144 1985 5182 a
2019 5129 2136 5183 solo

569 5237 948 5277 universorum
979 5220 1177 5290 Opiﬁce
1211 5230 1418 5284 creata,
1462 5236 1747 5290 corporum
1777 5222 2139 5275 resurrectio-

494 5355 503 5365 _.
569 5331 692 5367 nem
720 5314 936 5367 astruit.
970 5313 1133 5368 Addit
1164 5313 1309 5368 enim
1336 5315 1582 5381 protinus
1611 5313 1656 5344 ⁰⁸
1682 5331 1696 5366 :
1729 5314 1837 5366 Καὶ
1859 5313 1946 5367 διὰ
1977 5313 2137 5367 τοῦτο

564 5404 662 5458 καὶ
713 5405 978 5474 σωμάτων
1044 5404 1335 5458 ἀνάστασιν
1401 5402 1617 5458 ἔσεσθαι
1663 5404 2133 5476 πεπιστεύκαμεν.

572 5509 594 5545 ι
622 5491 915 5563 Propterea
939 5494 1105 5548 etiam
1152 5509 1439 5563 corporum
1497 5495 1948 5548 resurrectionem
1989 5496 2137 5549 futu-

569 5599 686 5640 ram
718 5586 1047 5642 credimus»
1076 5585 1382 5639 llmuanam
1410 5601 1656 5650 carnem,
1690 5596 1876 5655 utpote
1897 5588 1966 5640 ab
2001 5587 2139 5642 infe-

569 5683 717 5736 riore
751 5682 854 5735 deo
880 5695 948 5735 ex
1001 5681 1232 5734 materia
1264 5680 1506 5734 increata
1557 5681 1832 5734 conditam
1891 5679 2138 5734 Valenti-

640 5837 785 5894 "N.
827 5838 882 5895 5.
955 5837 1172 5895 "N6.
1246 5837 1293 5876 ⁹⁹
1334 5841 1400 5897 Ν.
1435 5841 1525 5898 21.
1603 5841 1833 5900 ⁸Ν.Π.
1908 5845 2024 5902 ³Ν.
2061 5846 2120 5902 7.

2195 5846 2304 5903 ⁸Ν.
2334 5848 2421 5904 11.

2237 589 2406 650 peret.
2436 578 2649 645 Corpus
2671 573 2746 627 illi
2783 568 3089 624 tribuebant
3132 564 3368 622 animale
3401 577 3506 617 non
3538 575 3605 614 ex
3638 559 3832 613 Maria

2234 680 2600 738 assumptum,
2633 664 2728 720 sed
2758 679 2855 734 per
2881 661 3104 714 Mariam
3139 659 3477 714 traductum,
3512 650 3680 706 veluti
3715 665 3834 720 per

2233 763 2480 820 canalem
2506 759 2818 830 quemdam.
2847 756 2912 809 At
2939 751 3127 823 pudori
3158 765 3265 804 non
3301 756 3384 802 est
3409 746 3645 799 Tatiano
3673 743 3838 796 Deus

2235 855 2336 908 sub
2367 851 2604 906 hominis
2638 848 2809 903 forma
2854 854 3016 898 natus
3048 844 3116 897 9°.
3166 841 3241 893 Ού
3280 839 3389 909 γὰρ
3444 834 3835 907 μωραίνομεν,

2233 946 2428 1016 ἄνδρες
2460 942 2741 1012 Ἕλληνες,
2775 935 2893 991 οὐδὲ
2925 936 3122 1007 λήρους
3143 930 3575 998 ἀπαγγέλλομεν,
3601 925 3742 978 Θεὸν
3765 925 3840 976 ὲν

2233 1033 2520 1106 ἀνθρώπου
2580 1033 2761 1104 μορφῇ
2801 1027 3080 1098 γεγονέναι
3113 1021 3587 1092 καταγγέλλοντες.
3647 1037 3666 1069 ι
3697 1016 3833 1070 Non

2233 1129 2376 1182 enim
2433 1125 2770 1193 desipimus,
2834 1136 2867 1174 ο
2920 1117 3116 1182 Graeci,
3165 1129 3264 1169 nec
3323 1127 3493 1182 nugas
3542 1111 3834 1180 praedica—

2237 1233 2377 1284 nms,
2428 1216 2596 1270 Deum
2657 1215 2758 1269 sub
2806 1210 3044 1266 hominis
3098 1207 3272 1261 forma
3328 1215 3512 1257 natum
3546 1201 3834 1255 nuntian-

2237 1321 2335 1365 tes.
2373 1325 2392 1358 ι

2307 1398 2586 1467 Praecipue
2624 1409 2754 1449 vero
2788 1394 2839 1447 in
2881 1406 3145 1446 summam
3192 1402 3400 1440 morum
3442 1381 3833 1452 corruptelam

2245 1491 2654 1546 Valentinianos
2689 1486 2994 1557 przecipites
3038 1483 3262 1537 dederat
3305 1477 3519 1532 sublata
3571 1474 3832 1529 hominis

2235 1583 2457 1638 libertas
2477 1621 2492 1645 ,
2523 1597 2645 1635 cum
2678 1577 2980 1642 semetipsos
3015 1591 3118 1627 non
3166 1589 3257 1639 per
3287 1569 3650 1640 operationem
3679 1608 3694 1632 ,
3729 1565 3833 1619 sed

2239 1690 2300 1729 eo
2333 1675 2472 1744 quod
2503 1673 2608 1726 sint
2663 1668 2980 1723 naturaliter
3024 1665 3292 1735 spiritales
3314 1703 3328 1726 ,
3360 1662 3664 1717 omnimodo
3708 1658 3833 1713 sal-

2235 1769 2350 1818 vari
2390 1765 2659 1827 dicerent,
2689 1761 2859 1824 lren.,
2895 1759 2989 1812 lib.
3021 1774 3075 1824 ι,
3108 1772 3155 1811 c.
3196 1757 3250 1811 6.
3281 1757 3352 1809 At
3381 1753 3640 1807 Tatianus
3687 1749 3837 1804 nihil

2161 1856 2284 1916 Bin
2345 1859 2509 1910 rebus
2557 1854 2758 1909 creatis
2800 1860 2993 1904 natura
3043 1849 3246 1902 malum
3296 1861 3421 1900 esse
3476 1842 3730 1896 declarat
3785 1841 3834 1897 ⁸.

2245 1949 2396 2003 Ἐπεὶ
2420 1947 2582 2010 αὐτὸς
2610 1946 2706 2017 μὲν
2740 1946 2847 1997 πᾶν
2871 1943 2930 1995 τὸ
2966 1937 3023 1995 εὖ
3047 1958 3164 2003 πως
3198 1940 3318 2008 ἔχον
3351 1935 3795 2007 ἐδημιούργησεν
3816 1946 3834 1966 ⁶

2232 2045 2264 2114 ἡ
2298 2043 2354 2096 δὲ
2388 2041 2493 2094 τῶν
2526 2041 2794 2109 δαιμόνων
2829 2035 3058 2098 ἀσωτία,
3098 2034 3211 2096 τοῖς
3257 2034 3314 2084 ἐν
3345 2029 3422 2098 τῷ
3457 2028 3649 2098 κόσμῳ
3686 2025 3838 2098 πρὸς

2231 2133 2291 2188 τὸ
2351 2135 2664 2186 κακοποιεῖν
2721 2129 3011 2200 ἐχρήσατο.
3055 2145 3073 2177 ι
3140 2126 3302 2188 Deus,
3365 2122 3576 2191 inquit,
3631 2121 3834 2174 omnia

2234 2226 2375 2279 bene
2410 2240 2468 2278 se
2501 2221 2753 2276 habentia
2787 2221 3031 2284 creavit,
3067 2217 3163 2270 sed
3202 2217 3505 2270 daemonum
3538 2213 3836 2281 intempe-

2233 2317 2409 2370 rantia
2449 2313 2536 2374 iis,
2573 2327 2694 2380 qua:
2741 2311 2793 2363 in
2827 2309 3028 2362 mundo
3058 2314 3220 2372 sunt,
3253 2304 3320 2357 ad
3370 2303 3510 2356 male
3541 2302 3832 2371 agendum

2234 2403 2401 2455 abusa
2434 2411 2537 2453 est.
2594 2418 2612 2450 ι
2649 2397 2855 2452 Justini
2892 2396 3136 2465 magistri
3170 2393 3416 2464 vestigiis
3461 2393 3722 2447 homines
3768 2405 3833 2446 et

2233 2492 2456 2560 angelos
2478 2506 2505 2543 a
2539 2490 2648 2544 Deo
2681 2489 2880 2542 liberos
2907 2490 3065 2540 docet
3099 2485 3264 2540 fuisse
3319 2494 3536 2539 creatos
3560 2486 3599 2538 ’.
3629 2483 3837 2547 Ὅπως

2233 2587 2262 2638 ὸ
2299 2584 2395 2654 μὲν
2443 2582 2642 2652 φαῦλος
2689 2581 2910 2643 δικαίως
2963 2577 3258 2649 κολάζηται
3292 2577 3356 2630 δι’
3386 2576 3548 2630 αὑτὸν
3581 2575 3838 2645 γεγονὼς

2237 2675 2510 2747 μοχθηρός
2535 2693 2548 2704 ·
2585 2675 2613 2724 ὁ
2634 2673 2689 2725 δὲ
2722 2671 2925 2734 δίκαιος
2960 2672 3117 2741 χάριν
3155 2669 3262 2723 τῶν
3311 2667 3834 2739 ἀνδραγαθημάτων

2233 2765 2398 2830 ἀξίως
2433 2763 2744 2832 ἐπαινῆται.
2776 2781 2794 2812 ι
2827 2762 2891 2815 Ut
2924 2763 3094 2815 malus
3126 2763 3323 2814 merito
3346 2760 3601 2827 puniatur
3634 2773 3740 2827 per
3772 2773 3836 2811 se

2235 2856 2516 2923 improbus
2544 2856 2722 2909 factus
2746 2894 2761 2918 ,
2789 2856 2970 2921 justus
3003 2862 3185 2907 autem
3224 2856 3293 2906 ob
3327 2863 3476 2906 recte
3503 2851 3651 2904 facta
3686 2852 3820 2919 jure

2236 2945 2514 3000 laudetur.
2564 2965 2582 2998 ι
2622 2944 2752 3011 Quae
2797 2945 3053 3014 praedicta
3089 2953 3250 3006 sunt,
3304 2942 3468 2995 libera
3511 2942 3833 3011 eliyentium

2236 3038 2504 3092 voluntate
2545 3039 2692 3091 docet
2723 3039 2971 3101 evenire;
3005 3050 3106 3090 nec
3151 3035 3275 3088 ntali
3305 3035 3567 3103 originem
3601 3034 3835 3086 aliunde

2238 3131 2436 3199 repetit
2479 3145 2638 3197 quam
2687 3144 2749 3182 ex
2804 3130 2970 3183 libero
3023 3127 3252 3180 arbitrio
3278 3127 3317 3180 ³.
3354 3126 3467 3178 Οὐκ
3520 3125 3834 3196 ἐγενόμεθα

3400 3220 3425 3271 ὲ
3467 3219 3532 3273 δι’
3568 3218 3828 3280 ἑαυτούς.

2249 3315 2552 3368 Ἀπώλεσεν
2586 3317 2732 3386 ἡμᾶς
2766 3312 2825 3365 τὸ
2877 3312 3220 3378 αὐτεξούσιον
3245 3328 3258 3342 ⁶
3312 3311 3486 3365 δοῦλοι
3517 3311 3834 3380 γεγόναμεν

2234 3411 2283 3462 οἱ
2316 3407 2610 3478 ἐλεύθεροι,
2665 3406 2752 3460 διὰ
2802 3405 2896 3475 τὴν
2948 3404 3212 3476 ἁμαρτίαν
3262 3403 3598 3474 ἐπράθημεν.
3655 3401 3834 3461 Οὐδὲν

2237 3499 2440 3570 φαῦλον
2467 3498 2570 3550 ὑπὸ
2597 3498 2689 3551 τοῦ
2723 3497 2858 3550 Θεοῦ
2886 3497 3197 3567 πεποίηται,
3235 3495 3329 3566 τὴν
3365 3496 3625 3565 πονηρίαν
3661 3495 3838 3564 ἡμεῖς

2239 3589 2610 3659 ὰνεδείξαμεν.
2633 3590 2694 3641 Οἱ
2730 3587 2784 3641 δὲ
2817 3586 3214 3650 ἀναδείξαντες,
3239 3586 3452 3638 δυνατοὶ
3486 3585 3647 3638 πάλιν
3687 3601 3824 3658 παρ⁴

2237 3679 2584 3751 αιτήσασθαι.
2642 3699 2657 3729 ι
2718 3677 2832 3732 Non
2886 3677 3014 3731 faeti
3071 3692 3258 3731 sumus
3312 3685 3372 3728 ut
3429 3690 3834 3730 moreremur:

2239 3773 2473 3843 perdidit
2506 3787 2602 3825 nos
2634 3771 2806 3824 libera
2843 3771 3118 3834 voluntas;
3148 3770 3293 3824 servi
3342 3770 3471 3823 facti
3508 3783 3702 3822 sumus
3734 3769 3835 3837 qui

2240 3863 2401 3917 liberi
2429 3877 2683 3925 eramus;
2717 3877 2815 3930 per
2859 3871 3145 3930 peceatum
3180 3859 3382 3913 venditi
3412 3874 3623 3914 sumus.
3669 3857 3833 3913 Nihil

2241 3955 2367 4007 mali
2427 3954 2632 4007 factum
2681 3962 2768 4006 est
2807 3967 2836 4004 a
2898 3951 3046 4015 Deo;
3099 3966 3198 4005 nos
3255 3950 3354 4019 ipsi
3406 3951 3832 4020 improbitatem

2236 4043 2623 4113 produximus.
2679 4042 2812 4095 Eam
2861 4056 2990 4095 vero
3034 4041 3122 4109 qui
3175 4040 3589 4108 produxerunt,
3635 4040 3833 4095 denuo

2240 4135 2526 4202 repudiare
2559 4143 2801 4203 possunt.
2843 4153 2862 4184 ι
2921 4132 3384 4199 Quemadmodum
3418 4130 3666 4185 homines
3699 4150 3829 4185 οω-

2239 4243 2339 4281 ttes
2373 4236 2596 4296 peccato
2626 4225 2818 4279 Adami
2849 4225 3066 4277 v'ttiatos
3110 4224 3317 4289 fuisse,
3349 4225 3422 4277 ita
3450 4227 3612 4278 etiam
3638 4225 3832 4278 omni—

2241 4319 2362 4385 bus,
2396 4327 2456 4371 ut
2509 4318 2562 4371 in
2619 4317 2858 4372 secunda
2915 4325 3066 4386 parte
3121 4317 3391 4380 vidimus,
3443 4316 3829 4370 necessarium

2242 4425 2364 4465 esse
2396 4410 2636 4478 Spiritus
2675 4409 2850 4463 sancti
2897 4407 3154 4460 auxilimn
3187 4408 3377 4472 docet,
3415 4415 3472 4459 ut
3505 4407 3597 4460 Dei
3635 4406 3832 4466 imago

2244 4500 2298 4553 in
2325 4502 2403 4554 eis
2434 4504 2776 4564 restituatur,
2820 4499 3020 4554 nedum
3059 4512 3388 4568 quemquam
3424 4505 3617 4550 natura
3658 4497 3834 4565 spiri—

2243 4594 2442 4647 tualem
2474 4609 2596 4647 esse
2624 4598 2892 4647 crederet.

2309 4684 2539 4754 Nuptias
2577 4685 2632 4739 in
2664 4686 2770 4740 diis
2798 4687 2994 4739 merito
3027 4684 3221 4738 irridet
3250 4683 3535 4750 Tatianus,
3566 4699 3624 4739 η.
3659 4683 3696 4738 8
3717 4725 3736 4749 ,
3774 4693 3833 4737 at

2243 4776 2295 4829 in
2332 4777 2642 4830 ltoininibus
2674 4776 2915 4846 legitime
2956 4785 3268 4831 contractas
3300 4792 3568 4844 nusquam
3598 4777 3830 4844 vitupe-

2242 4876 2350 4922 rat.
2390 4868 2643 4936 V’irgines
2693 4868 3035 4923 Christianas
3063 4868 3304 4937 laudat‘,
3332 4886 3448 4938 quae
3477 4870 3656 4922 divina
3697 4886 3835 4922 ora-

2241 4962 2359 5012 cula
2383 4959 2579 5012 circum
2610 4960 2728 5011 cola
2763 4959 3100 5024 recitabant,
3131 4977 3235 5013 non
3269 4971 3327 5014 ut
3363 4962 3465 5015 hoc
3500 4961 3824 5014 institutum

2255 5051 2430 5104 instar
2476 5048 2611 5118 legis
2657 5050 2907 5105 omnibus
2956 5053 3306 5120 praescribat,
3357 5053 3453 5106 sed
3490 5062 3548 5105 ut
3586 5052 3829 5120 repellat

2247 5141 2472 5193 dicteria
2523 5142 2896 5206 ethnicorum,
2957 5143 3047 5209 qui
3097 5144 3440 5198 Christianos
3491 5145 3827 5199 dictitabant

2245 5232 2383 5283 inter
2409 5231 2655 5285 mulieres
2693 5243 2739 5284 et
2769 5235 3142 5298 adolescentes,
3181 5239 3318 5290 inter
3348 5237 3571 5305 virgines
3600 5246 3646 5289 et
3679 5253 3824 5289 anus

2248 5322 2462 5388 nugari.
2510 5322 2602 5375 Sic
2640 5323 2806 5376 etiam
2837 5326 3011 5378 allicta
3063 5327 3383 5380 Christianis
3413 5327 3643 5380 crimina
3688 5341 3826 5394 pro-

2247 5413 2429 5481 pulsat
2455 5413 2510 5476 ”,
2553 5413 2792 5483 iniquam
2825 5415 2895 5470 ob
2945 5417 3121 5471 solum
3170 5431 3366 5472 nomen
3397 5417 3824 5472 condemnatio-

2248 5518 2370 5556 nem
2396 5504 2582 5574 objicit
2611 5506 2874 5574 ethnicis,
2909 5517 2968 5560 nt
3014 5509 3294 5564 catholica:
3326 5510 3581 5565 Ecclesiae
3625 5509 3826 5564 delen-

2248 5609 2362 5660 sor,
2401 5610 2464 5649 ae
2492 5609 2902 5666 persecutorum
2937 5600 3056 5654 telis
3089 5602 3356 5670 praecipue
3391 5601 3695 5668 expositus,
3726 5616 3827 5655 ne—

2248 5685 2377 5739 dum
2426 5697 2554 5741 tunc
2607 5688 2749 5742 inter
2798 5689 3084 5744 haereticos
3139 5701 3475 5758 versaretur,
3530 5706 3669 5760 quos
3726 5702 3822 5746 aut

2494 5847 2610 5905 δΝ.
2645 5849 2714 5906 55
2785 5853 2806 5883 ⁸
2842 5849 2906 5906 Ν.
2937 5850 3027 5906 37.
