  <div class='ocr_page' id='page_1' title='image "/cluster/home/n/w/nwhite01/storage/ocr_20150623/6/mdp.39015004289917/096.png"; bbox 0 0 3948 6256; ppageno 0'>
   <div class='ocr_carea' id='block_1_1' title="bbox 269 376 1879 461">
    <p class='ocr_par' dir='ltr' id='par_1_1' title="bbox 269 376 1879 459">
     <span class='ocr_line' id='line_1_1' title="bbox 269 376 1879 459; baseline 0.01 -18"><span class='ocrx_word' id='word_1_1' title='bbox 269 376 329 431; x_wconf 76' lang='grc' dir='ltr'>ιη</span> <span class='ocrx_word' id='word_1_2' title='bbox 1304 400 1365 455; x_wconf 82' lang='grc' dir='ltr'>ι).</span> <span class='ocrx_word' id='word_1_3' title='bbox 1408 401 1671 457; x_wconf 61' lang='lat' dir='ltr'><strong>mnam</strong></span> <span class='ocrx_word' id='word_1_4' title='bbox 1705 403 1879 459; x_wconf 44' lang='lat' dir='ltr'><strong>enim</strong></span> 
     </span>
    </p>
   </div>
   <div class='ocr_carea' id='block_1_2' title="bbox 1981 376 3580 461">
    <p class='ocr_par' dir='ltr' id='par_1_2' title="bbox 1981 396 3580 461">
     <span class='ocr_line' id='line_1_2' title="bbox 1981 396 3580 461; baseline -0.004 -2"><span class='ocrx_word' id='word_1_5' title='bbox 1981 403 2092 460; x_wconf 80' lang='lat' dir='ltr'><strong>[‘lO.</strong></span> <span class='ocrx_word' id='word_1_6' title='bbox 2131 436 2195 445; x_wconf 75' lang='lat'><strong>—--</strong></span> <span class='ocrx_word' id='word_1_7' title='bbox 2229 405 2409 460; x_wconf 80' lang='lat' dir='ltr'><strong>PARS</strong></span> <span class='ocrx_word' id='word_1_8' title='bbox 2442 404 2531 461; x_wconf 85' lang='lat' dir='ltr'><strong>Ill.</strong></span> <span class='ocrx_word' id='word_1_9' title='bbox 3477 396 3580 455; x_wconf 75' lang='lat' dir='ltr'><strong>I78</strong></span> 
     </span>
    </p>
   </div>
   <div class='ocr_carea' id='block_1_3' title="bbox 267 500 3582 593">
    <p class='ocr_par' dir='ltr' id='par_1_3' title="bbox 267 500 3582 593">
     <span class='ocr_line' id='line_1_3' title="bbox 267 500 3582 593; baseline 0.005 -42"><span class='ocrx_word' id='word_1_10' title='bbox 267 500 501 593; x_wconf 54' lang='lat' dir='ltr'><strong>tractatio</strong></span> <span class='ocrx_word' id='word_1_11' title='bbox 531 510 805 574; x_wconf 71' lang='lat' dir='ltr'><strong>tangere</strong></span> <span class='ocrx_word' id='word_1_12' title='bbox 842 524 987 565; x_wconf 85' lang='lat' dir='ltr'><strong>non</strong></span> <span class='ocrx_word' id='word_1_13' title='bbox 1034 516 1296 584; x_wconf 82' lang='lat' dir='ltr'><strong>solebat,</strong></span> <span class='ocrx_word' id='word_1_14' title='bbox 1329 530 1421 575; x_wconf 91' lang='lat' dir='ltr'><strong>aut</strong></span> <span class='ocrx_word' id='word_1_15' title='bbox 1452 523 1699 591; x_wconf 74' lang='lat' dir='ltr'><strong>negando</strong></span> <span class='ocrx_word' id='word_1_16' title='bbox 1729 524 1911 580; x_wconf 87' lang='lat' dir='ltr'><strong>elude—</strong></span> <span class='ocrx_word' id='word_1_17' title='bbox 1940 535 1986 591; x_wconf 82' lang='grc' dir='ltr'><strong>Α</strong></span> <span class='ocrx_word' id='word_1_18' title='bbox 2016 525 2118 580; x_wconf 92' lang='lat' dir='ltr'><strong>hoc</strong></span> <span class='ocrx_word' id='word_1_19' title='bbox 2162 535 2244 579; x_wconf 90' lang='lat' dir='ltr'><strong>est</strong></span> <span class='ocrx_word' id='word_1_20' title='bbox 2289 528 2356 579; x_wconf 88' lang='lat' dir='ltr'><strong>ad</strong></span> <span class='ocrx_word' id='word_1_21' title='bbox 2387 525 2594 589; x_wconf 89' lang='lat' dir='ltr'><strong>Titum,</strong></span> <span class='ocrx_word' id='word_1_22' title='bbox 2633 521 2858 593; x_wconf 80' lang='lat' dir='ltr'><strong>apostoli</strong></span> <span class='ocrx_word' id='word_1_23' title='bbox 2899 517 3354 591; x_wconf 77' lang='lat' dir='ltr'><strong>pronuntiandam</strong></span> <span class='ocrx_word' id='word_1_24' title='bbox 3395 517 3582 571; x_wconf 83' lang='lat' dir='ltr'><strong>credi--</strong></span> 
     </span>
    </p>
   </div>
   <div class='ocr_carea' id='block_1_4' title="bbox 270 590 3578 685">
    <p class='ocr_par' dir='ltr' id='par_1_4' title="bbox 270 590 3578 685">
     <span class='ocr_line' id='line_1_4' title="bbox 270 590 3578 685; baseline 0.006 -43"><span class='ocrx_word' id='word_1_25' title='bbox 270 590 388 644; x_wconf 76' lang='lat' dir='ltr'><strong>batur.</strong></span> <span class='ocrx_word' id='word_1_26' title='bbox 412 591 699 653; x_wconf 69' lang='lat' dir='ltr'><strong>Ecclesiae</strong></span> <span class='ocrx_word' id='word_1_27' title='bbox 735 605 1108 664; x_wconf 54' lang='lat' dir='ltr'><strong>catholica</strong></span> <span class='ocrx_word' id='word_1_28' title='bbox 1145 627 1333 668; x_wconf 87' lang='lat' dir='ltr'><strong>mores</strong></span> <span class='ocrx_word' id='word_1_29' title='bbox 1354 616 1760 671; x_wconf 88' lang='lat' dir='ltr'><strong>describitcum</strong></span> <span class='ocrx_word' id='word_1_30' title='bbox 1792 619 1905 683; x_wconf 91' lang='lat' dir='ltr'><strong>ait,</strong></span> <span class='ocrx_word' id='word_1_31' title='bbox 2010 616 2120 681; x_wconf 89' lang='lat' dir='ltr'><strong>dit,</strong></span> <span class='ocrx_word' id='word_1_32' title='bbox 2160 616 2554 685; x_wconf 81' lang='lat' dir='ltr'><strong>parvipendens</strong></span> <span class='ocrx_word' id='word_1_33' title='bbox 2597 612 2888 668; x_wconf 82' lang='lat' dir='ltr'><strong>Marcionis</strong></span> <span class='ocrx_word' id='word_1_34' title='bbox 2925 620 2979 667; x_wconf 91' lang='lat' dir='ltr'><strong>et</strong></span> <span class='ocrx_word' id='word_1_35' title='bbox 3017 612 3281 674; x_wconf 89' lang='lat' dir='ltr'><strong>aliorum,</strong></span> <span class='ocrx_word' id='word_1_36' title='bbox 3316 609 3407 678; x_wconf 87' lang='lat' dir='ltr'><strong>qui</strong></span> <span class='ocrx_word' id='word_1_37' title='bbox 3453 623 3578 664; x_wconf 87' lang='lat' dir='ltr'><strong>cum</strong></span> 
     </span>
    </p>
   </div>
   <div class='ocr_carea' id='block_1_5' title="bbox 275 686 1879 776">
    <p class='ocr_par' dir='ltr' id='par_1_5' title="bbox 275 686 1867 775">
     <span class='ocr_line' id='line_1_5' title="bbox 275 686 1867 775; baseline 0.023 -40"><span class='ocrx_word' id='word_1_38' title='bbox 275 686 407 738; x_wconf 71' lang='lat' dir='ltr'><strong>n.5&#39;2:</strong></span> <span class='ocrx_word' id='word_1_39' title='bbox 437 688 852 762; x_wconf 60' lang='grc' dir='ltr'>Φιλοσοφοῦσί</span> <span class='ocrx_word' id='word_1_40' title='bbox 918 718 995 753; x_wconf 81' lang='grc' dir='ltr'><strong>τε</strong></span> <span class='ocrx_word' id='word_1_41' title='bbox 1066 703 1136 755; x_wconf 74' lang='grc' dir='ltr'><strong>οὐ</strong></span> <span class='ocrx_word' id='word_1_42' title='bbox 1204 705 1366 775; x_wconf 86' lang='grc' dir='ltr'>μόνον</span> <span class='ocrx_word' id='word_1_43' title='bbox 1414 709 1460 761; x_wconf 80' lang='lat' dir='ltr'><strong>o!</strong></span> <span class='ocrx_word' id='word_1_44' title='bbox 1514 709 1867 775; x_wconf 79' lang='grc' dir='ltr'><strong>πλουτοῦντες</strong></span> 
     </span>
    </p>
   </div>
   <div class='ocr_carea' id='block_1_6' title="bbox 1981 686 3577 776">
    <p class='ocr_par' dir='ltr' id='par_1_6' title="bbox 2009 696 3577 775">
     <span class='ocr_line' id='line_1_6' title="bbox 2009 696 3577 775; baseline -0.005 -15"><span class='ocrx_word' id='word_1_45' title='bbox 2009 719 2074 760; x_wconf 92' lang='lat' dir='ltr'><strong>eo</strong></span> <span class='ocrx_word' id='word_1_46' title='bbox 2116 706 2169 759; x_wconf 91' lang='lat' dir='ltr'><strong>in</strong></span> <span class='ocrx_word' id='word_1_47' title='bbox 2203 707 2305 760; x_wconf 86' lang='lat' dir='ltr'><strong>hac</strong></span> <span class='ocrx_word' id='word_1_48' title='bbox 2349 716 2505 775; x_wconf 87' lang='lat' dir='ltr'><strong>parte</strong></span> <span class='ocrx_word' id='word_1_49' title='bbox 2541 704 2928 768; x_wconf 87' lang='lat' dir='ltr'><strong>consentiunt,</strong></span> <span class='ocrx_word' id='word_1_50' title='bbox 2968 703 3345 757; x_wconf 83' lang='lat' dir='ltr'><strong>assertionem.</strong></span> <span class='ocrx_word' id='word_1_51' title='bbox 3382 718 3400 750; x_wconf 75' lang='grc' dir='ltr'><strong>ι</strong></span> <span class='ocrx_word' id='word_1_52' title='bbox 3431 696 3577 753; x_wconf 82' lang='lat' dir='ltr'><strong>Non-</strong></span> 
     </span>
    </p>
   </div>
   <div class='ocr_carea' id='block_1_7' title="bbox 278 777 1879 867">
    <p class='ocr_par' dir='ltr' id='par_1_7' title="bbox 278 777 1879 866">
     <span class='ocr_line' id='line_1_7' title="bbox 278 777 1879 866; baseline 0.018 -39"><span class='ocrx_word' id='word_1_53' title='bbox 278 777 361 829; x_wconf 63' lang='grc' dir='ltr'><strong>ὧλᾶ</strong></span> <span class='ocrx_word' id='word_1_54' title='bbox 395 779 480 831; x_wconf 69' lang='grc' dir='ltr'><strong>καὶ</strong></span> <span class='ocrx_word' id='word_1_55' title='bbox 531 784 583 834; x_wconf 71' lang='grc' dir='ltr'>οἱ</span> <span class='ocrx_word' id='word_1_56' title='bbox 647 786 937 859; x_wconf 73' lang='grc' dir='ltr'>πένητες</span> <span class='ocrx_word' id='word_1_57' title='bbox 988 796 1231 863; x_wconf 79' lang='grc' dir='ltr'>προῖκα</span> <span class='ocrx_word' id='word_1_58' title='bbox 1264 797 1362 866; x_wconf 81' lang='grc' dir='ltr'><strong>τῆς</strong></span> <span class='ocrx_word' id='word_1_59' title='bbox 1393 798 1740 865; x_wconf 73' lang='grc' dir='ltr'><strong>διδασκαλίας</strong></span> <span class='ocrx_word' id='word_1_60' title='bbox 1774 805 1879 856; x_wconf 86' lang='grc' dir='ltr'><strong>ἀπο</strong></span> 
     </span>
    </p>
   </div>
   <div class='ocr_carea' id='block_1_8' title="bbox 1981 777 3573 867">
    <p class='ocr_par' dir='ltr' id='par_1_8' title="bbox 2011 791 3573 867">
     <span class='ocr_line' id='line_1_8' title="bbox 2011 791 3573 867; baseline -0.003 -19"><span class='ocrx_word' id='word_1_61' title='bbox 2011 797 2154 850; x_wconf 90' lang='lat' dir='ltr'><strong>nulla</strong></span> <span class='ocrx_word' id='word_1_62' title='bbox 2183 797 2349 851; x_wconf 88' lang='lat' dir='ltr'><strong>etiam</strong></span> <span class='ocrx_word' id='word_1_63' title='bbox 2378 797 2621 867; x_wconf 80' lang='lat' dir='ltr'><strong>Apostoli</strong></span> <span class='ocrx_word' id='word_1_64' title='bbox 2653 797 2822 862; x_wconf 90' lang='lat' dir='ltr'><strong>dicta,</strong></span> <span class='ocrx_word' id='word_1_65' title='bbox 2862 796 3038 865; x_wconf 85' lang='lat' dir='ltr'><strong>inquit</strong></span> <span class='ocrx_word' id='word_1_66' title='bbox 3069 794 3353 853; x_wconf 80' lang='lat' dir='ltr'><strong>Eusebius,</strong></span> <span class='ocrx_word' id='word_1_67' title='bbox 3374 791 3468 844; x_wconf 92' lang='lat' dir='ltr'><strong>lib.</strong></span> <span class='ocrx_word' id='word_1_68' title='bbox 3497 803 3573 855; x_wconf 75' lang='lat' dir='ltr'><strong>tv,</strong></span> 
     </span>
    </p>
   </div>
   <div class='ocr_carea' id='block_1_9' title="bbox 279 868 1879 960">
    <p class='ocr_par' dir='ltr' id='par_1_9' title="bbox 279 868 1876 960">
     <span class='ocr_line' id='line_1_9' title="bbox 279 868 1876 960; baseline 0.018 -41"><span class='ocrx_word' id='word_1_69' title='bbox 279 868 540 960; x_wconf 54' lang='lat' dir='ltr'><strong>talem“...</strong></span> <span class='ocrx_word' id='word_1_70' title='bbox 581 875 746 932; x_wconf 62' lang='grc' dir='ltr'>Τοὺς</span> <span class='ocrx_word' id='word_1_71' title='bbox 802 879 869 932; x_wconf 75' lang='grc' dir='ltr'>δὲ</span> <span class='ocrx_word' id='word_1_72' title='bbox 910 883 1270 953; x_wconf 75' lang='grc' dir='ltr'>ἀκροᾶσθαι</span> <span class='ocrx_word' id='word_1_73' title='bbox 1306 887 1658 960; x_wconf 77' lang='grc' dir='ltr'><strong>βουλομένους</strong></span> <span class='ocrx_word' id='word_1_74' title='bbox 1701 894 1876 947; x_wconf 85' lang='grc' dir='ltr'>πάντα</span> 
     </span>
    </p>
   </div>
   <div class='ocr_carea' id='block_1_10' title="bbox 1981 868 3573 960">
    <p class='ocr_par' dir='ltr' id='par_1_10' title="bbox 2009 882 3573 958">
     <span class='ocr_line' id='line_1_10' title="bbox 2009 882 3573 958; baseline -0.006 -15"><span class='ocrx_word' id='word_1_75' title='bbox 2009 904 2127 958; x_wconf 89' lang='lat' dir='ltr'><strong>cap.</strong></span> <span class='ocrx_word' id='word_1_76' title='bbox 2161 888 2263 956; x_wconf 73' lang='lat'><strong>29,</strong></span> <span class='ocrx_word' id='word_1_77' title='bbox 2300 890 2423 945; x_wconf 90' lang='lat' dir='ltr'><strong>aliis</strong></span> <span class='ocrx_word' id='word_1_78' title='bbox 2469 889 2651 944; x_wconf 84' lang='lat' dir='ltr'><strong>verbis</strong></span> <span class='ocrx_word' id='word_1_79' title='bbox 2689 888 2999 955; x_wconf 84' lang='lat' dir='ltr'><strong>exprimere</strong></span> <span class='ocrx_word' id='word_1_80' title='bbox 3033 901 3197 940; x_wconf 90' lang='lat' dir='ltr'><strong>ausus</strong></span> <span class='ocrx_word' id='word_1_81' title='bbox 3228 899 3347 939; x_wconf 91' lang='lat' dir='ltr'><strong>esse</strong></span> <span class='ocrx_word' id='word_1_82' title='bbox 3378 882 3573 945; x_wconf 82' lang='lat' dir='ltr'><strong>fertur,</strong></span> 
     </span>
    </p>
   </div>
   <div class='ocr_carea' id='block_1_11' title="bbox 284 958 1879 1052">
    <p class='ocr_par' dir='ltr' id='par_1_11' title="bbox 284 958 1879 1052">
     <span class='ocr_line' id='line_1_11' title="bbox 284 958 1879 1052; baseline 0.016 -42"><span class='ocrx_word' id='word_1_83' title='bbox 284 958 386 1022; x_wconf 44' lang='grc' dir='ltr'><strong><em>π</em></strong></span> <span class='ocrx_word' id='word_1_84' title='bbox 410 964 809 1035; x_wconf 73' lang='grc' dir='ltr'>προσιέμεθα,</span> <span class='ocrx_word' id='word_1_85' title='bbox 851 970 985 1023; x_wconf 72' lang='grc' dir='ltr'><strong>κᾶν</strong></span> <span class='ocrx_word' id='word_1_86' title='bbox 1016 977 1401 1047; x_wconf 74' lang='grc' dir='ltr'>πρεσϐύτιδες</span> <span class='ocrx_word' id='word_1_87' title='bbox 1423 972 1543 1043; x_wconf 78' lang='grc' dir='ltr'>ὦσι,</span> <span class='ocrx_word' id='word_1_88' title='bbox 1573 980 1675 1033; x_wconf 84' lang='grc' dir='ltr'><strong>κᾶν</strong></span> <span class='ocrx_word' id='word_1_89' title='bbox 1712 981 1879 1052; x_wconf 60' lang='grc' dir='ltr'>μειράη</span> 
     </span>
    </p>
   </div>
   <div class='ocr_carea' id='block_1_12' title="bbox 1981 958 3201 1052">
    <p class='ocr_par' dir='ltr' id='par_1_12' title="bbox 2008 975 3201 1047">
     <span class='ocr_line' id='line_1_12' title="bbox 2008 975 3201 1047; baseline -0.004 -16"><span class='ocrx_word' id='word_1_90' title='bbox 2008 978 2161 1047; x_wconf 87' lang='lat' dir='ltr'><strong>quasi</strong></span> <span class='ocrx_word' id='word_1_91' title='bbox 2194 993 2381 1032; x_wconf 89' lang='lat' dir='ltr'><strong>eorum</strong></span> <span class='ocrx_word' id='word_1_92' title='bbox 2409 978 2855 1046; x_wconf 87' lang='lat' dir='ltr'><strong>compositionem</strong></span> <span class='ocrx_word' id='word_1_93' title='bbox 2885 975 3201 1029; x_wconf 78' lang='lat' dir='ltr'><strong>emendatis.</strong></span> 
     </span>
    </p>
   </div>
   <div class='ocr_carea' id='block_1_13' title="bbox 288 1054 1879 1141">
    <p class='ocr_par' dir='ltr' id='par_1_13' title="bbox 288 1054 1876 1141">
     <span class='ocr_line' id='line_1_13' title="bbox 288 1054 1876 1141; baseline 0.015 -39"><span class='ocrx_word' id='word_1_94' title='bbox 288 1068 363 1104; x_wconf 70' lang='grc' dir='ltr'>κει·</span> <span class='ocrx_word' id='word_1_95' title='bbox 387 1054 522 1107; x_wconf 64' lang='grc' dir='ltr'><strong>πᾶσᾶ</strong></span> <span class='ocrx_word' id='word_1_96' title='bbox 550 1074 614 1108; x_wconf 79' lang='grc' dir='ltr'><strong>τε</strong></span> <span class='ocrx_word' id='word_1_97' title='bbox 636 1058 1059 1129; x_wconf 70' lang='grc' dir='ltr'>ἁπαξαπλῶς</span> <span class='ocrx_word' id='word_1_98' title='bbox 1082 1067 1283 1137; x_wconf 79' lang='grc' dir='ltr'>ἡλικία</span> <span class='ocrx_word' id='word_1_99' title='bbox 1317 1069 1445 1139; x_wconf 79' lang='grc' dir='ltr'>παρ’</span> <span class='ocrx_word' id='word_1_100' title='bbox 1477 1072 1611 1139; x_wconf 81' lang='grc' dir='ltr'>ἡμῖν</span> <span class='ocrx_word' id='word_1_101' title='bbox 1643 1072 1876 1141; x_wconf 84' lang='grc' dir='ltr'>τυγχάνε</span> 
     </span>
    </p>
   </div>
   <div class='ocr_carea' id='block_1_14' title="bbox 1981 1054 3576 1141">
    <p class='ocr_par' dir='ltr' id='par_1_14' title="bbox 2079 1064 3576 1137">
     <span class='ocr_line' id='line_1_14' title="bbox 2079 1064 3576 1137; baseline -0.002 -19"><span class='ocrx_word' id='word_1_102' title='bbox 2079 1068 2143 1121; x_wconf 75' lang='grc' dir='ltr'><strong>ν.</strong></span> <span class='ocrx_word' id='word_1_103' title='bbox 2179 1068 2283 1123; x_wconf 91' lang='lat' dir='ltr'><strong>Sed</strong></span> <span class='ocrx_word' id='word_1_104' title='bbox 2315 1070 2639 1137; x_wconf 70' lang='lat' dir='ltr'><strong>przccipuum</strong></span> <span class='ocrx_word' id='word_1_105' title='bbox 2657 1067 2873 1122; x_wconf 88' lang='lat' dir='ltr'><strong>Tatiani</strong></span> <span class='ocrx_word' id='word_1_106' title='bbox 2913 1066 3124 1120; x_wconf 84' lang='lat' dir='ltr'><strong>facinus</strong></span> <span class='ocrx_word' id='word_1_107' title='bbox 3157 1064 3354 1120; x_wconf 89' lang='lat' dir='ltr'><strong>enituit</strong></span> <span class='ocrx_word' id='word_1_108' title='bbox 3384 1064 3435 1118; x_wconf 92' lang='lat' dir='ltr'><strong>in</strong></span> <span class='ocrx_word' id='word_1_109' title='bbox 3468 1080 3576 1117; x_wconf 88' lang='lat' dir='ltr'><strong>uno</strong></span> 
     </span>
    </p>
   </div>
   <div class='ocr_carea' id='block_1_15' title="bbox 291 1146 1879 1233">
    <p class='ocr_par' dir='ltr' id='par_1_15' title="bbox 291 1146 1870 1233">
     <span class='ocr_line' id='line_1_15' title="bbox 291 1146 1870 1233; baseline 0.015 -37"><span class='ocrx_word' id='word_1_110' title='bbox 291 1146 491 1215; x_wconf 61' lang='grc' dir='ltr'><strong>πμῆς.”1“ὲ</strong></span> <span class='ocrx_word' id='word_1_111' title='bbox 524 1149 585 1200; x_wconf 78' lang='grc' dir='ltr'>δὲ</span> <span class='ocrx_word' id='word_1_112' title='bbox 618 1152 732 1221; x_wconf 77' lang='grc' dir='ltr'>τῆς</span> <span class='ocrx_word' id='word_1_113' title='bbox 768 1155 1131 1225; x_wconf 71' lang='grc' dir='ltr'>ἀσελγείας</span> <span class='ocrx_word' id='word_1_114' title='bbox 1151 1162 1347 1231; x_wconf 73' lang='grc' dir='ltr'>πόρρω</span> <span class='ocrx_word' id='word_1_115' title='bbox 1363 1162 1711 1233; x_wconf 74' lang='grc' dir='ltr'><strong>κεχώρισται.</strong></span> <span class='ocrx_word' id='word_1_116' title='bbox 1742 1164 1870 1218; x_wconf 81' lang='grc' dir='ltr'><strong>«ΡΙιὶ</strong></span> 
     </span>
    </p>
   </div>
   <div class='ocr_carea' id='block_1_16' title="bbox 1981 1146 3575 1233">
    <p class='ocr_par' dir='ltr' id='par_1_16' title="bbox 2006 1155 3575 1229">
     <span class='ocr_line' id='line_1_16' title="bbox 2006 1155 3575 1229; baseline -0.006 -12"><span class='ocrx_word' id='word_1_117' title='bbox 2006 1175 2071 1217; x_wconf 76' lang='lat' dir='ltr'><strong>ex</strong></span> <span class='ocrx_word' id='word_1_118' title='bbox 2103 1171 2336 1229; x_wconf 84' lang='lat' dir='ltr'><strong>quatuor</strong></span> <span class='ocrx_word' id='word_1_119' title='bbox 2369 1160 2677 1227; x_wconf 80' lang='lat' dir='ltr'><strong>Evangeliis</strong></span> <span class='ocrx_word' id='word_1_120' title='bbox 2707 1159 3132 1227; x_wconf 79' lang='lat' dir='ltr'><strong>compingendo,</strong></span> <span class='ocrx_word' id='word_1_121' title='bbox 3179 1157 3323 1226; x_wconf 89' lang='lat' dir='ltr'><strong>quod</strong></span> <span class='ocrx_word' id='word_1_122' title='bbox 3368 1155 3575 1210; x_wconf 88' lang='lat' dir='ltr'><strong>idcirco</strong></span> 
     </span>
    </p>
   </div>
   <div class='ocr_carea' id='block_1_17' title="bbox 288 1239 1879 1325">
    <p class='ocr_par' dir='ltr' id='par_1_17' title="bbox 288 1239 1879 1325">
     <span class='ocr_line' id='line_1_17' title="bbox 288 1239 1879 1325; baseline 0.015 -40"><span class='ocrx_word' id='word_1_123' title='bbox 288 1239 574 1305; x_wconf 73' lang='lat' dir='ltr'><strong>Iosophantttr</strong></span> <span class='ocrx_word' id='word_1_124' title='bbox 633 1257 761 1297; x_wconf 83' lang='lat' dir='ltr'><strong>non</strong></span> <span class='ocrx_word' id='word_1_125' title='bbox 829 1250 1050 1302; x_wconf 85' lang='lat' dir='ltr'><strong>solum</strong></span> <span class='ocrx_word' id='word_1_126' title='bbox 1094 1252 1331 1320; x_wconf 81' lang='lat' dir='ltr'><strong>divites,</strong></span> <span class='ocrx_word' id='word_1_127' title='bbox 1384 1256 1475 1307; x_wconf 89' lang='lat' dir='ltr'><strong>sed</strong></span> <span class='ocrx_word' id='word_1_128' title='bbox 1522 1266 1572 1307; x_wconf 88' lang='lat' dir='ltr'><strong>et</strong></span> <span class='ocrx_word' id='word_1_129' title='bbox 1628 1270 1879 1325; x_wconf 80' lang='lat' dir='ltr'><strong>pauperet</strong></span> 
     </span>
    </p>
   </div>
   <div class='ocr_carea' id='block_1_18' title="bbox 1981 1239 3574 1325">
    <p class='ocr_par' dir='ltr' id='par_1_18' title="bbox 2006 1246 3574 1319">
     <span class='ocr_line' id='line_1_18' title="bbox 2006 1246 3574 1319; baseline -0.003 -15"><span class='ocrx_word' id='word_1_130' title='bbox 2006 1252 2419 1319; x_wconf 73' lang='grc' dir='ltr'>Διατεσσάρων</span> <span class='ocrx_word' id='word_1_131' title='bbox 2440 1250 2761 1319; x_wconf 85' lang='lat' dir='ltr'><strong>appellabat.</strong></span> <span class='ocrx_word' id='word_1_132' title='bbox 2793 1247 3093 1317; x_wconf 77' lang='grc' dir='ltr'>Συνάφειάν</span> <span class='ocrx_word' id='word_1_133' title='bbox 3126 1265 3247 1301; x_wconf 85' lang='grc' dir='ltr'>τινα</span> <span class='ocrx_word' id='word_1_134' title='bbox 3281 1246 3374 1301; x_wconf 71' lang='lat' dir='ltr'><strong>xal.</strong></span> <span class='ocrx_word' id='word_1_135' title='bbox 3410 1261 3574 1300; x_wconf 79' lang='grc' dir='ltr'>συνα-</span> 
     </span>
    </p>
   </div>
   <div class='ocr_carea' id='block_1_19' title="bbox 282 1332 1879 1415">
    <p class='ocr_par' dir='ltr' id='par_1_19' title="bbox 282 1332 1879 1415">
     <span class='ocr_line' id='line_1_19' title="bbox 282 1332 1879 1415; baseline 0.016 -36"><span class='ocrx_word' id='word_1_136' title='bbox 282 1332 455 1396; x_wconf 69' lang='grc' dir='ltr'>ιηιυίιο</span> <span class='ocrx_word' id='word_1_137' title='bbox 484 1334 765 1389; x_wconf 77' lang='lat' dir='ltr'><strong>doctrina</strong></span> <span class='ocrx_word' id='word_1_138' title='bbox 818 1340 1333 1406; x_wconf 82' lang='lat' dir='ltr'><strong>perfruuntur....</strong></span> <span class='ocrx_word' id='word_1_139' title='bbox 1364 1345 1686 1415; x_wconf 86' lang='lat' dir='ltr'><strong>Quicunque</strong></span> <span class='ocrx_word' id='word_1_140' title='bbox 1721 1360 1879 1403; x_wconf 88' lang='lat' dir='ltr'><strong>auten</strong></span> 
     </span>
    </p>
   </div>
   <div class='ocr_carea' id='block_1_20' title="bbox 1981 1332 3577 1415">
    <p class='ocr_par' dir='ltr' id='par_1_20' title="bbox 2004 1335 3577 1415">
     <span class='ocr_line' id='line_1_20' title="bbox 2004 1335 3577 1415; baseline -0.002 -20"><span class='ocrx_word' id='word_1_141' title='bbox 2004 1343 2188 1415; x_wconf 83' lang='grc' dir='ltr'>γωγὴν</span> <span class='ocrx_word' id='word_1_142' title='bbox 2240 1344 2339 1397; x_wconf 79' lang='grc' dir='ltr'><strong>οὐκ</strong></span> <span class='ocrx_word' id='word_1_143' title='bbox 2378 1339 2475 1397; x_wconf 80' lang='grc' dir='ltr'>οἷδ’</span> <span class='ocrx_word' id='word_1_144' title='bbox 2517 1344 2663 1405; x_wconf 82' lang='grc' dir='ltr'>ὅπως</span> <span class='ocrx_word' id='word_1_145' title='bbox 2690 1341 2795 1395; x_wconf 82' lang='grc' dir='ltr'><strong>τῶν</strong></span> <span class='ocrx_word' id='word_1_146' title='bbox 2842 1339 3187 1409; x_wconf 78' lang='grc' dir='ltr'>Εὐαγγελίων</span> <span class='ocrx_word' id='word_1_147' title='bbox 3239 1338 3481 1403; x_wconf 72' lang='grc' dir='ltr'>συνθεὶς,</span> <span class='ocrx_word' id='word_1_148' title='bbox 3516 1335 3577 1392; x_wconf 79' lang='grc' dir='ltr'>τὸ</span> 
     </span>
    </p>
   </div>
   <div class='ocr_carea' id='block_1_21' title="bbox 277 1417 1879 1504">
    <p class='ocr_par' dir='ltr' id='par_1_21' title="bbox 277 1417 1870 1493">
     <span class='ocr_line' id='line_1_21' title="bbox 277 1417 1870 1493; baseline 0.016 -24"><span class='ocrx_word' id='word_1_149' title='bbox 277 1417 417 1471; x_wconf 82' lang='lat' dir='ltr'><strong>audire</strong></span> <span class='ocrx_word' id='word_1_150' title='bbox 457 1425 803 1489; x_wconf 71' lang='lat' dir='ltr'><strong>voluerint,</strong></span> <span class='ocrx_word' id='word_1_151' title='bbox 864 1446 1099 1487; x_wconf 73' lang='lat' dir='ltr'><strong>omnes</strong></span> <span class='ocrx_word' id='word_1_152' title='bbox 1167 1435 1273 1489; x_wconf 87' lang='lat' dir='ltr'><strong>hoc</strong></span> <span class='ocrx_word' id='word_1_153' title='bbox 1318 1437 1474 1491; x_wconf 89' lang='lat' dir='ltr'><strong>modo</strong></span> <span class='ocrx_word' id='word_1_154' title='bbox 1532 1440 1870 1493; x_wconf 77' lang='lat' dir='ltr'><strong>admittimus</strong></span> 
     </span>
    </p>
   </div>
   <div class='ocr_carea' id='block_1_22' title="bbox 1981 1417 3573 1504">
    <p class='ocr_par' dir='ltr' id='par_1_22' title="bbox 2004 1430 3573 1503">
     <span class='ocr_line' id='line_1_22' title="bbox 2004 1430 3573 1503; baseline -0.002 -15"><span class='ocrx_word' id='word_1_155' title='bbox 2004 1434 2419 1501; x_wconf 75' lang='grc' dir='ltr'>Διατεσσάρων</span> <span class='ocrx_word' id='word_1_156' title='bbox 2468 1434 2623 1488; x_wconf 74' lang='grc' dir='ltr'>τοῦτο</span> <span class='ocrx_word' id='word_1_157' title='bbox 2680 1433 3119 1503; x_wconf 75' lang='grc' dir='ltr'>προσωνόμασεν.</span> <span class='ocrx_word' id='word_1_158' title='bbox 3163 1433 3227 1484; x_wconf 87' lang='grc' dir='ltr'><strong>Ὃ</strong></span> <span class='ocrx_word' id='word_1_159' title='bbox 3277 1430 3368 1484; x_wconf 81' lang='grc' dir='ltr'><strong>καὶ</strong></span> <span class='ocrx_word' id='word_1_160' title='bbox 3419 1430 3573 1502; x_wconf 82' lang='grc' dir='ltr'>παρὰ</span> 
     </span>
    </p>
   </div>
   <div class='ocr_carea' id='block_1_23' title="bbox 276 1511 1879 1598">
    <p class='ocr_par' dir='ltr' id='par_1_23' title="bbox 276 1511 1879 1595">
     <span class='ocr_line' id='line_1_23' title="bbox 276 1511 1879 1595; baseline 0.014 -33"><span class='ocrx_word' id='word_1_161' title='bbox 276 1511 399 1563; x_wconf 76' lang='lat' dir='ltr'><strong>etiam</strong></span> <span class='ocrx_word' id='word_1_162' title='bbox 436 1515 479 1565; x_wconf 88' lang='lat' dir='ltr'><strong>si</strong></span> <span class='ocrx_word' id='word_1_163' title='bbox 518 1530 702 1584; x_wconf 83' lang='lat' dir='ltr'><strong>anus,</strong></span> <span class='ocrx_word' id='word_1_164' title='bbox 759 1522 967 1573; x_wconf 83' lang='lat' dir='ltr'><strong>etiam</strong></span> <span class='ocrx_word' id='word_1_165' title='bbox 1022 1526 1072 1576; x_wconf 96' lang='lat' dir='ltr'><strong>si</strong></span> <span class='ocrx_word' id='word_1_166' title='bbox 1131 1527 1515 1583; x_wconf 83' lang='lat' dir='ltr'><strong>adolescentes</strong></span> <span class='ocrx_word' id='word_1_167' title='bbox 1560 1528 1791 1595; x_wconf 85' lang='lat' dir='ltr'><strong>fuerint,</strong></span> <span class='ocrx_word' id='word_1_168' title='bbox 1840 1548 1879 1583; x_wconf 54' lang='lat' dir='ltr'><strong>at</strong></span> 
     </span>
    </p>
   </div>
   <div class='ocr_carea' id='block_1_24' title="bbox 1981 1511 3575 1598">
    <p class='ocr_par' dir='ltr' id='par_1_24' title="bbox 2004 1524 3575 1598">
     <span class='ocr_line' id='line_1_24' title="bbox 2004 1524 3575 1598; baseline -0.001 -18"><span class='ocrx_word' id='word_1_169' title='bbox 2004 1544 2142 1580; x_wconf 84' lang='grc' dir='ltr'>τισιν</span> <span class='ocrx_word' id='word_1_170' title='bbox 2185 1527 2349 1580; x_wconf 79' lang='grc' dir='ltr'>εἰσέτι</span> <span class='ocrx_word' id='word_1_171' title='bbox 2398 1525 2493 1579; x_wconf 76' lang='grc' dir='ltr'>νῦν</span> <span class='ocrx_word' id='word_1_172' title='bbox 2543 1528 2786 1598; x_wconf 78' lang='grc' dir='ltr'>φέρεται.</span> <span class='ocrx_word' id='word_1_173' title='bbox 2832 1544 2849 1576; x_wconf 78' lang='lat' dir='ltr'><strong>t</strong></span> <span class='ocrx_word' id='word_1_174' title='bbox 2884 1524 3165 1587; x_wconf 88' lang='lat' dir='ltr'><strong>Catenam,</strong></span> <span class='ocrx_word' id='word_1_175' title='bbox 3204 1525 3377 1594; x_wconf 88' lang='lat' dir='ltr'><strong>inquit</strong></span> <span class='ocrx_word' id='word_1_176' title='bbox 3404 1525 3575 1579; x_wconf 85' lang='lat' dir='ltr'><strong>Euse-</strong></span> 
     </span>
    </p>
   </div>
   <div class='ocr_carea' id='block_1_25' title="bbox 273 1605 3571 1687">
    <p class='ocr_par' dir='ltr' id='par_1_25' title="bbox 273 1605 3571 1687">
     <span class='ocr_line' id='line_1_25' title="bbox 273 1605 3571 1687; baseline 0.003 -29"><span class='ocrx_word' id='word_1_177' title='bbox 273 1605 384 1656; x_wconf 84' lang='lat' dir='ltr'><strong>omni</strong></span> <span class='ocrx_word' id='word_1_178' title='bbox 413 1621 637 1674; x_wconf 87' lang='lat' dir='ltr'><strong>prorsus</strong></span> <span class='ocrx_word' id='word_1_179' title='bbox 687 1613 865 1665; x_wconf 77' lang='lat' dir='ltr'><strong>:etati</strong></span> <span class='ocrx_word' id='word_1_180' title='bbox 926 1630 1084 1667; x_wconf 85' lang='lat' dir='ltr'><strong>suns</strong></span> <span class='ocrx_word' id='word_1_181' title='bbox 1135 1626 1222 1669; x_wconf 89' lang='lat' dir='ltr'><strong>est</strong></span> <span class='ocrx_word' id='word_1_182' title='bbox 1255 1619 1396 1686; x_wconf 88' lang='lat' dir='ltr'><strong>apud</strong></span> <span class='ocrx_word' id='word_1_183' title='bbox 1440 1634 1539 1672; x_wconf 92' lang='lat' dir='ltr'><strong>nos</strong></span> <span class='ocrx_word' id='word_1_184' title='bbox 1578 1620 1768 1686; x_wconf 88' lang='lat' dir='ltr'><strong>honor,</strong></span> <span class='ocrx_word' id='word_1_185' title='bbox 1808 1624 1902 1675; x_wconf 89' lang='lat' dir='ltr'><strong>sed</strong></span> <span class='ocrx_word' id='word_1_186' title='bbox 2004 1620 2123 1673; x_wconf 79' lang='lat' dir='ltr'><strong>hius</strong></span> <span class='ocrx_word' id='word_1_187' title='bbox 2158 1620 2222 1683; x_wconf 83' lang='lat'><strong>“,</strong></span> <span class='ocrx_word' id='word_1_188' title='bbox 2256 1628 2309 1673; x_wconf 92' lang='lat' dir='ltr'><strong>et</strong></span> <span class='ocrx_word' id='word_1_189' title='bbox 2343 1619 2714 1674; x_wconf 77' lang='lat' dir='ltr'><strong>collectionem</strong></span> <span class='ocrx_word' id='word_1_190' title='bbox 2748 1618 2933 1673; x_wconf 89' lang='lat' dir='ltr'><strong>nescio</strong></span> <span class='ocrx_word' id='word_1_191' title='bbox 2958 1632 3120 1686; x_wconf 86' lang='lat' dir='ltr'><strong>quam</strong></span> <span class='ocrx_word' id='word_1_192' title='bbox 3149 1615 3571 1687; x_wconf 80' lang='lat' dir='ltr'><strong>Evangeliorum</strong></span> 
     </span>
    </p>
   </div>
   <div class='ocr_carea' id='block_1_26' title="bbox 277 1694 3575 1781">
    <p class='ocr_par' dir='ltr' id='par_1_26' title="bbox 277 1694 3575 1781">
     <span class='ocr_line' id='line_1_26' title="bbox 277 1694 3575 1781; baseline 0.005 -36"><span class='ocrx_word' id='word_1_193' title='bbox 277 1694 399 1765; x_wconf 68' lang='lat' dir='ltr'><strong>longe</strong></span> <span class='ocrx_word' id='word_1_194' title='bbox 438 1698 591 1751; x_wconf 84' lang='lat' dir='ltr'><strong>abest</strong></span> <span class='ocrx_word' id='word_1_195' title='bbox 645 1701 940 1757; x_wconf 73' lang='lat' dir='ltr'><strong>lascivia.</strong></span> <span class='ocrx_word' id='word_1_196' title='bbox 1001 1726 1022 1755; x_wconf 72' lang='grc' dir='ltr'><strong>ι</strong></span> <span class='ocrx_word' id='word_1_197' title='bbox 1062 1706 1357 1763; x_wconf 68' lang='lat' dir='ltr'><strong>llmrcbant</strong></span> <span class='ocrx_word' id='word_1_198' title='bbox 1387 1712 1559 1765; x_wconf 88' lang='lat' dir='ltr'><strong>adhuc</strong></span> <span class='ocrx_word' id='word_1_199' title='bbox 1584 1714 1764 1766; x_wconf 89' lang='lat' dir='ltr'><strong>animo</strong></span> <span class='ocrx_word' id='word_1_200' title='bbox 1792 1713 1900 1766; x_wconf 88' lang='lat' dir='ltr'><strong>Ta-</strong></span> <span class='ocrx_word' id='word_1_201' title='bbox 2004 1712 2299 1771; x_wconf 70' lang='lat' dir='ltr'><strong>contemnit,</strong></span> <span class='ocrx_word' id='word_1_202' title='bbox 2336 1726 2497 1779; x_wconf 90' lang='lat' dir='ltr'><strong>quam</strong></span> <span class='ocrx_word' id='word_1_203' title='bbox 2518 1708 2897 1781; x_wconf 76' lang='grc' dir='ltr'>Διατεσσάρων</span> <span class='ocrx_word' id='word_1_204' title='bbox 2921 1707 3219 1763; x_wconf 77' lang='lat' dir='ltr'><strong>nominavit</strong></span> <span class='ocrx_word' id='word_1_205' title='bbox 3244 1708 3419 1778; x_wconf 86' lang='lat' dir='ltr'><strong>:quod</strong></span> <span class='ocrx_word' id='word_1_206' title='bbox 3437 1722 3575 1777; x_wconf 88' lang='lat' dir='ltr'><strong>opus</strong></span> 
     </span>
    </p>
   </div>
   <div class='ocr_carea' id='block_1_27' title="bbox 279 1786 3570 1873">
    <p class='ocr_par' dir='ltr' id='par_1_27' title="bbox 279 1786 3570 1873">
     <span class='ocr_line' id='line_1_27' title="bbox 279 1786 3570 1873; baseline 0.005 -36"><span class='ocrx_word' id='word_1_207' title='bbox 279 1786 387 1840; x_wconf 78' lang='lat' dir='ltr'><strong>tiani</strong></span> <span class='ocrx_word' id='word_1_208' title='bbox 410 1830 422 1853; x_wconf 96' lang='lat'><strong>,</strong></span> <span class='ocrx_word' id='word_1_209' title='bbox 456 1804 577 1845; x_wconf 79' lang='lat' dir='ltr'><strong>cum</strong></span> <span class='ocrx_word' id='word_1_210' title='bbox 622 1793 755 1846; x_wconf 65' lang='lat' dir='ltr'><strong>haec</strong></span> <span class='ocrx_word' id='word_1_211' title='bbox 791 1798 1139 1862; x_wconf 86' lang='lat' dir='ltr'><strong>scriberet,</strong></span> <span class='ocrx_word' id='word_1_212' title='bbox 1174 1816 1280 1853; x_wconf 85' lang='lat' dir='ltr'><strong>non</strong></span> <span class='ocrx_word' id='word_1_213' title='bbox 1314 1802 1486 1855; x_wconf 90' lang='lat' dir='ltr'><strong>solum</strong></span> <span class='ocrx_word' id='word_1_214' title='bbox 1517 1802 1715 1857; x_wconf 89' lang='lat' dir='ltr'><strong>Justini</strong></span> <span class='ocrx_word' id='word_1_215' title='bbox 1757 1821 1897 1873; x_wconf 69' lang='lat' dir='ltr'><strong>prze-</strong></span> <span class='ocrx_word' id='word_1_216' title='bbox 1930 1867 1965 1873; x_wconf 37' lang='grc' dir='ltr'><strong>Α</strong></span> <span class='ocrx_word' id='word_1_217' title='bbox 2005 1820 2032 1857; x_wconf 89' lang='lat' dir='ltr'><strong>a</strong></span> <span class='ocrx_word' id='word_1_218' title='bbox 2062 1803 2380 1872; x_wconf 87' lang='lat' dir='ltr'><strong>quibusdam</strong></span> <span class='ocrx_word' id='word_1_219' title='bbox 2421 1802 2713 1857; x_wconf 86' lang='lat' dir='ltr'><strong>etiamnum</strong></span> <span class='ocrx_word' id='word_1_220' title='bbox 2759 1802 3013 1854; x_wconf 86' lang='lat' dir='ltr'><strong>habetur.</strong></span> <span class='ocrx_word' id='word_1_221' title='bbox 3056 1819 3075 1853; x_wconf 75' lang='grc' dir='ltr'><strong>ι</strong></span> <span class='ocrx_word' id='word_1_222' title='bbox 3108 1800 3173 1854; x_wconf 87' lang='grc' dir='ltr'>Ει</span> <span class='ocrx_word' id='word_1_223' title='bbox 3203 1799 3532 1870; x_wconf 83' lang='lat' dir='ltr'><strong>Epiphanius</strong></span> <span class='ocrx_word' id='word_1_224' title='bbox 3555 1840 3570 1861; x_wconf 94' lang='lat'><strong>,</strong></span> 
     </span>
    </p>
   </div>
   <div class='ocr_carea' id='block_1_28' title="bbox 279 1867 1879 1965">
    <p class='ocr_par' dir='ltr' id='par_1_28' title="bbox 279 1885 1855 1957">
     <span class='ocr_line' id='line_1_28' title="bbox 279 1885 1855 1957; baseline 0.012 -29"><span class='ocrx_word' id='word_1_225' title='bbox 279 1890 443 1946; x_wconf 76' lang='lat' dir='ltr'><strong>cepta,</strong></span> <span class='ocrx_word' id='word_1_226' title='bbox 469 1896 633 1949; x_wconf 79' lang='lat' dir='ltr'><strong>quem</strong></span> <span class='ocrx_word' id='word_1_227' title='bbox 682 1885 894 1939; x_wconf 76' lang='lat' dir='ltr'><strong>virum</strong></span> <span class='ocrx_word' id='word_1_228' title='bbox 937 1888 1000 1940; x_wconf 90' lang='lat' dir='ltr'><strong>in</strong></span> <span class='ocrx_word' id='word_1_229' title='bbox 1051 1890 1252 1957; x_wconf 80' lang='lat' dir='ltr'><strong>primis</strong></span> <span class='ocrx_word' id='word_1_230' title='bbox 1294 1892 1671 1946; x_wconf 86' lang='lat' dir='ltr'><strong>admirandum</strong></span> <span class='ocrx_word' id='word_1_231' title='bbox 1696 1905 1855 1949; x_wconf 88' lang='lat' dir='ltr'><strong>vocat</strong></span> 
     </span>
    </p>
   </div>
   <div class='ocr_carea' id='block_1_29' title="bbox 1981 1867 3568 1965">
    <p class='ocr_par' dir='ltr' id='par_1_29' title="bbox 2004 1867 3568 1965">
     <span class='ocr_line' id='line_1_29' title="bbox 2004 1867 3568 1965; baseline -0.004 -10"><span class='ocrx_word' id='word_1_232' title='bbox 2004 1867 2192 1955; x_wconf 63' lang='lat' dir='ltr'><strong>inseres.</strong></span> <span class='ocrx_word' id='word_1_233' title='bbox 2239 1900 2307 1953; x_wconf 74' lang='lat'><strong>46</strong></span> <span class='ocrx_word' id='word_1_234' title='bbox 2353 1917 2365 1952; x_wconf 90' lang='lat'>:</span> <span class='ocrx_word' id='word_1_235' title='bbox 2418 1899 2646 1965; x_wconf 83' lang='grc' dir='ltr'>Λέγεται</span> <span class='ocrx_word' id='word_1_236' title='bbox 2678 1896 2734 1949; x_wconf 81' lang='grc' dir='ltr'><strong>δὲ</strong></span> <span class='ocrx_word' id='word_1_237' title='bbox 2772 1896 2830 1949; x_wconf 83' lang='grc' dir='ltr'><strong>τὸ</strong></span> <span class='ocrx_word' id='word_1_238' title='bbox 2863 1867 3278 1963; x_wconf 47' lang='grc' dir='ltr'>Διατεσσάρωᾶ·</span> <span class='ocrx_word' id='word_1_239' title='bbox 3305 1867 3568 1964; x_wconf 16' lang='grc' dir='ltr'><strong>ήΕὐαγγέ-</strong></span> 
     </span>
    </p>
   </div>
   <div class='ocr_carea' id='block_1_30' title="bbox 279 1970 1879 2063">
    <p class='ocr_par' dir='ltr' id='par_1_30' title="bbox 279 1970 1879 2052">
     <span class='ocr_line' id='line_1_30' title="bbox 279 1970 1879 2052; baseline 0.011 -32"><span class='ocrx_word' id='word_1_240' title='bbox 279 1970 541 2024; x_wconf 79' lang='lat' dir='ltr'><strong>sedetiam</strong></span> <span class='ocrx_word' id='word_1_241' title='bbox 586 1976 864 2041; x_wconf 64' lang='lat' dir='ltr'><strong>prmclari</strong></span> <span class='ocrx_word' id='word_1_242' title='bbox 931 1978 1017 2032; x_wconf 90' lang='lat' dir='ltr'><strong>illi</strong></span> <span class='ocrx_word' id='word_1_243' title='bbox 1072 1980 1297 2048; x_wconf 89' lang='lat' dir='ltr'><strong>pictatis</strong></span> <span class='ocrx_word' id='word_1_244' title='bbox 1331 1992 1541 2047; x_wconf 88' lang='lat' dir='ltr'><strong>motus,</strong></span> <span class='ocrx_word' id='word_1_245' title='bbox 1578 2000 1716 2052; x_wconf 86' lang='lat' dir='ltr'><strong>quos</strong></span> <span class='ocrx_word' id='word_1_246' title='bbox 1766 1987 1879 2038; x_wconf 71' lang='lat' dir='ltr'><strong>olin</strong></span> 
     </span>
    </p>
   </div>
   <div class='ocr_carea' id='block_1_31' title="bbox 1981 1970 3575 2063">
    <p class='ocr_par' dir='ltr' id='par_1_31' title="bbox 1998 1991 3575 2063">
     <span class='ocr_line' id='line_1_31' title="bbox 1998 1991 3575 2063; baseline 0 -18"><span class='ocrx_word' id='word_1_247' title='bbox 1998 1993 2108 2047; x_wconf 84' lang='grc' dir='ltr'>λιον</span> <span class='ocrx_word' id='word_1_248' title='bbox 2130 1994 2219 2047; x_wconf 80' lang='grc' dir='ltr'><strong>ὑπ’</strong></span> <span class='ocrx_word' id='word_1_249' title='bbox 2236 1992 2396 2046; x_wconf 77' lang='grc' dir='ltr'>αὐτοῦ</span> <span class='ocrx_word' id='word_1_250' title='bbox 2426 1992 2767 2063; x_wconf 79' lang='grc' dir='ltr'>γεγενῆσθαι,</span> <span class='ocrx_word' id='word_1_251' title='bbox 2790 1993 2925 2063; x_wconf 85' lang='grc' dir='ltr'>ὅπερ</span> <span class='ocrx_word' id='word_1_252' title='bbox 2946 1992 3095 2047; x_wconf 82' lang='grc' dir='ltr'>κατὰ</span> <span class='ocrx_word' id='word_1_253' title='bbox 3109 1992 3415 2060; x_wconf 78' lang='grc' dir='ltr'>Ἐϐραίους</span> <span class='ocrx_word' id='word_1_254' title='bbox 3430 1991 3575 2057; x_wconf 78' lang='grc' dir='ltr'>τινὲς</span> 
     </span>
    </p>
   </div>
   <div class='ocr_carea' id='block_1_32' title="bbox 272 2071 1879 2153">
    <p class='ocr_par' dir='ltr' id='par_1_32' title="bbox 272 2071 1879 2133">
     <span class='ocr_line' id='line_1_32' title="bbox 272 2071 1879 2133; baseline 0.013 -21"><span class='ocrx_word' id='word_1_255' title='bbox 272 2076 651 2129; x_wconf 57' lang='lat' dir='ltr'><strong>mrsenserat,</strong></span> <span class='ocrx_word' id='word_1_256' title='bbox 690 2083 827 2120; x_wconf 87' lang='lat' dir='ltr'><strong>cum</strong></span> <span class='ocrx_word' id='word_1_257' title='bbox 862 2071 1189 2125; x_wconf 85' lang='lat' dir='ltr'><strong>miraretur</strong></span> <span class='ocrx_word' id='word_1_258' title='bbox 1222 2073 1272 2126; x_wconf 92' lang='lat' dir='ltr'><strong>in</strong></span> <span class='ocrx_word' id='word_1_259' title='bbox 1309 2075 1458 2129; x_wconf 84' lang='lat' dir='ltr'><strong>libris</strong></span> <span class='ocrx_word' id='word_1_260' title='bbox 1487 2079 1659 2132; x_wconf 90' lang='lat' dir='ltr'><strong>sacris</strong></span> <span class='ocrx_word' id='word_1_261' title='bbox 1690 2079 1879 2133; x_wconf 71' lang='lat' dir='ltr'><strong>doctri«</strong></span> 
     </span>
    </p>
   </div>
   <div class='ocr_carea' id='block_1_33' title="bbox 1981 2071 3572 2153">
    <p class='ocr_par' dir='ltr' id='par_1_33' title="bbox 1997 2082 3572 2153">
     <span class='ocr_line' id='line_1_33' title="bbox 1997 2082 3572 2153; baseline -0.002 -14"><span class='ocrx_word' id='word_1_262' title='bbox 1997 2085 2269 2139; x_wconf 76' lang='grc' dir='ltr'>καλοῦσι.‹</span> <span class='ocrx_word' id='word_1_263' title='bbox 2294 2084 2499 2138; x_wconf 89' lang='lat' dir='ltr'><strong>Ferunt</strong></span> <span class='ocrx_word' id='word_1_264' title='bbox 2526 2100 2659 2153; x_wconf 88' lang='lat' dir='ltr'><strong>opus</strong></span> <span class='ocrx_word' id='word_1_265' title='bbox 2687 2082 2840 2150; x_wconf 91' lang='lat' dir='ltr'><strong>illud,</strong></span> <span class='ocrx_word' id='word_1_266' title='bbox 2859 2085 3002 2153; x_wconf 88' lang='lat' dir='ltr'><strong>quod</strong></span> <span class='ocrx_word' id='word_1_267' title='bbox 3032 2096 3097 2138; x_wconf 77' lang='lat' dir='ltr'><strong>ex</strong></span> <span class='ocrx_word' id='word_1_268' title='bbox 3126 2097 3361 2152; x_wconf 89' lang='lat' dir='ltr'><strong>quatuor</strong></span> <span class='ocrx_word' id='word_1_269' title='bbox 3392 2084 3572 2138; x_wconf 83' lang='lat' dir='ltr'><strong>Evan-</strong></span> 
     </span>
    </p>
   </div>
   <div class='ocr_carea' id='block_1_34' title="bbox 274 2154 3573 2245">
    <p class='ocr_par' dir='ltr' id='par_1_34' title="bbox 274 2154 3573 2245">
     <span class='ocr_line' id='line_1_34' title="bbox 274 2154 3573 2245; baseline 0.009 -42"><span class='ocrx_word' id='word_1_270' title='bbox 274 2168 389 2205; x_wconf 65' lang='grc' dir='ltr'>ηοω</span> <span class='ocrx_word' id='word_1_271' title='bbox 414 2154 690 2211; x_wconf 65' lang='grc' dir='ltr'>ὶιςητειὶρὶε</span> <span class='ocrx_word' id='word_1_272' title='bbox 722 2162 1096 2227; x_wconf 84' lang='lat' dir='ltr'><strong>oppositam,</strong></span> <span class='ocrx_word' id='word_1_273' title='bbox 1119 2165 1376 2218; x_wconf 75' lang='lat' dir='ltr'><strong>universa:</strong></span> <span class='ocrx_word' id='word_1_274' title='bbox 1404 2168 1692 2222; x_wconf 81' lang='lat' dir='ltr'><strong>creationis</strong></span> <span class='ocrx_word' id='word_1_275' title='bbox 1724 2170 1896 2240; x_wconf 75' lang='lat' dir='ltr'><strong>expli-</strong></span> <span class='ocrx_word' id='word_1_276' title='bbox 1994 2176 2149 2245; x_wconf 63' lang='lat' dir='ltr'><strong>gallis</strong></span> <span class='ocrx_word' id='word_1_277' title='bbox 2174 2185 2487 2231; x_wconf 79' lang='lat' dir='ltr'><strong>contextum</strong></span> <span class='ocrx_word' id='word_1_278' title='bbox 2518 2182 2602 2228; x_wconf 88' lang='lat' dir='ltr'><strong>est</strong></span> <span class='ocrx_word' id='word_1_279' title='bbox 2627 2218 2640 2241; x_wconf 90' lang='lat'><strong>,</strong></span> <span class='ocrx_word' id='word_1_280' title='bbox 2679 2176 2932 2244; x_wconf 88' lang='lat' dir='ltr'><strong>quodque</strong></span> <span class='ocrx_word' id='word_1_281' title='bbox 2976 2178 3263 2228; x_wconf 75' lang='lat' dir='ltr'><strong>secundum</strong></span> <span class='ocrx_word' id='word_1_282' title='bbox 3318 2172 3573 2228; x_wconf 74' lang='lat' dir='ltr'><strong>Hebra’os</strong></span> 
     </span>
    </p>
   </div>
   <div class='ocr_carea' id='block_1_35' title="bbox 267 2247 3573 2335">
    <p class='ocr_par' dir='ltr' id='par_1_35' title="bbox 267 2247 3573 2335">
     <span class='ocr_line' id='line_1_35' title="bbox 267 2247 3573 2335; baseline 0.006 -39"><span class='ocrx_word' id='word_1_283' title='bbox 267 2247 522 2299; x_wconf 73' lang='lat' dir='ltr'><strong>rationem</strong></span> <span class='ocrx_word' id='word_1_284' title='bbox 570 2262 735 2316; x_wconf 84' lang='lat' dir='ltr'><strong>captu</strong></span> <span class='ocrx_word' id='word_1_285' title='bbox 774 2251 1051 2319; x_wconf 77' lang='lat' dir='ltr'><strong>facilem,</strong></span> <span class='ocrx_word' id='word_1_286' title='bbox 1085 2272 1148 2308; x_wconf 89' lang='lat' dir='ltr'><strong>ac</strong></span> <span class='ocrx_word' id='word_1_287' title='bbox 1173 2257 1494 2325; x_wconf 75' lang='lat' dir='ltr'><strong>singularem</strong></span> <span class='ocrx_word' id='word_1_288' title='bbox 1530 2262 1893 2317; x_wconf 84' lang='lat' dir='ltr'><strong>universorum</strong></span> <span class='ocrx_word' id='word_1_289' title='bbox 1994 2269 2235 2324; x_wconf 80' lang='lat' dir='ltr'><strong>nonnulli</strong></span> <span class='ocrx_word' id='word_1_290' title='bbox 2270 2277 2483 2335; x_wconf 88' lang='lat' dir='ltr'><strong>vocant,</strong></span> <span class='ocrx_word' id='word_1_291' title='bbox 2523 2267 2591 2323; x_wconf 88' lang='lat' dir='ltr'><strong>ab</strong></span> <span class='ocrx_word' id='word_1_292' title='bbox 2636 2283 2701 2323; x_wconf 89' lang='lat' dir='ltr'><strong>eo</strong></span> <span class='ocrx_word' id='word_1_293' title='bbox 2744 2285 2866 2324; x_wconf 90' lang='lat' dir='ltr'><strong>esse</strong></span> <span class='ocrx_word' id='word_1_294' title='bbox 2914 2268 3305 2335; x_wconf 89' lang='lat' dir='ltr'><strong>conscriptum.</strong></span> <span class='ocrx_word' id='word_1_295' title='bbox 3343 2283 3362 2317; x_wconf 74' lang='grc' dir='ltr'><strong>ι</strong></span> <span class='ocrx_word' id='word_1_296' title='bbox 3411 2264 3573 2319; x_wconf 87' lang='lat' dir='ltr'><strong>Plura</strong></span> 
     </span>
    </p>
   </div>
   <div class='ocr_carea' id='block_1_36' title="bbox 266 2340 3568 2430">
    <p class='ocr_par' dir='ltr' id='par_1_36' title="bbox 266 2340 3568 2430">
     <span class='ocr_line' id='line_1_36' title="bbox 266 2340 3568 2430; baseline 0.001 -18"><span class='ocrx_word' id='word_1_297' title='bbox 266 2340 700 2403; x_wconf 59' lang='grc' dir='ltr'><strong>τάηάναῖιιηιό</strong></span> <span class='ocrx_word' id='word_1_298' title='bbox 1995 2370 2179 2415; x_wconf 84' lang='lat' dir='ltr'><strong>narrat</strong></span> <span class='ocrx_word' id='word_1_299' title='bbox 2226 2361 2639 2424; x_wconf 85' lang='lat' dir='ltr'><strong>Theodoretus.</strong></span> <span class='ocrx_word' id='word_1_300' title='bbox 2693 2376 2760 2415; x_wconf 83' lang='lat' dir='ltr'><strong>ex</strong></span> <span class='ocrx_word' id='word_1_301' title='bbox 2813 2362 3009 2430; x_wconf 88' lang='lat' dir='ltr'><strong>quibus</strong></span> <span class='ocrx_word' id='word_1_302' title='bbox 3056 2362 3159 2415; x_wconf 85' lang='lat' dir='ltr'><strong>hoc</strong></span> <span class='ocrx_word' id='word_1_303' title='bbox 3211 2360 3568 2430; x_wconf 82' lang='lat' dir='ltr'><strong>Evangelium</strong></span> 
     </span>
    </p>
   </div>
   <div class='ocr_carea' id='block_1_37' title="bbox 333 2430 1879 2527">
    <p class='ocr_par' dir='ltr' id='par_1_37' title="bbox 333 2430 1879 2516">
     <span class='ocr_line' id='line_1_37' title="bbox 333 2430 1879 2516; baseline 0.014 -36"><span class='ocrx_word' id='word_1_304' title='bbox 333 2430 629 2483; x_wconf 83' lang='lat' dir='ltr'><strong>immerito</strong></span> <span class='ocrx_word' id='word_1_305' title='bbox 682 2434 985 2501; x_wconf 74' lang='lat' dir='ltr'><strong>vituperat</strong></span> <span class='ocrx_word' id='word_1_306' title='bbox 1037 2436 1182 2491; x_wconf 86' lang='lat' dir='ltr'><strong>idem</strong></span> <span class='ocrx_word' id='word_1_307' title='bbox 1236 2440 1323 2492; x_wconf 88' lang='lat' dir='ltr'><strong>vir</strong></span> <span class='ocrx_word' id='word_1_308' title='bbox 1376 2443 1724 2501; x_wconf 90' lang='lat' dir='ltr'><strong>doctissimus</strong></span> <span class='ocrx_word' id='word_1_309' title='bbox 1772 2463 1879 2516; x_wconf 67' lang='lat' dir='ltr'><strong>qua</strong></span> 
     </span>
    </p>
   </div>
   <div class='ocr_carea' id='block_1_38' title="bbox 1981 2430 3571 2527">
    <p class='ocr_par' dir='ltr' id='par_1_38' title="bbox 1991 2449 3571 2527">
     <span class='ocr_line' id='line_1_38' title="bbox 1991 2449 3571 2527; baseline 0.002 -21"><span class='ocrx_word' id='word_1_310' title='bbox 1991 2456 2150 2524; x_wconf 84' lang='lat' dir='ltr'><strong>quale</strong></span> <span class='ocrx_word' id='word_1_311' title='bbox 2198 2455 2359 2509; x_wconf 87' lang='lat' dir='ltr'><strong>fuerit</strong></span> <span class='ocrx_word' id='word_1_312' title='bbox 2400 2456 2623 2527; x_wconf 83' lang='lat' dir='ltr'><strong>intelligi</strong></span> <span class='ocrx_word' id='word_1_313' title='bbox 2658 2463 2850 2526; x_wconf 87' lang='lat' dir='ltr'><strong>potest.</strong></span> <span class='ocrx_word' id='word_1_314' title='bbox 2898 2449 3065 2518; x_wconf 69' lang='grc' dir='ltr'>Οὗτος</span> <span class='ocrx_word' id='word_1_315' title='bbox 3112 2454 3205 2507; x_wconf 78' lang='grc' dir='ltr'><strong>καὶ</strong></span> <span class='ocrx_word' id='word_1_316' title='bbox 3239 2453 3297 2507; x_wconf 83' lang='grc' dir='ltr'><strong>τὸ</strong></span> <span class='ocrx_word' id='word_1_317' title='bbox 3331 2456 3571 2509; x_wconf 84' lang='grc' dir='ltr'>Διατεσ-</span> 
     </span>
    </p>
   </div>
   <div class='ocr_carea' id='block_1_39' title="bbox 260 2521 1879 2615">
    <p class='ocr_par' dir='ltr' id='par_1_39' title="bbox 260 2521 1879 2605">
     <span class='ocr_line' id='line_1_39' title="bbox 260 2521 1879 2605; baseline 0.016 -38"><span class='ocrx_word' id='word_1_318' title='bbox 260 2522 419 2583; x_wconf 78' lang='lat' dir='ltr'><strong>apud</strong></span> <span class='ocrx_word' id='word_1_319' title='bbox 466 2521 766 2578; x_wconf 85' lang='lat' dir='ltr'><strong>Tatianum</strong></span> <span class='ocrx_word' id='word_1_320' title='bbox 810 2528 884 2580; x_wconf 88' lang='lat' dir='ltr'><strong>de</strong></span> <span class='ocrx_word' id='word_1_321' title='bbox 924 2543 1161 2596; x_wconf 89' lang='lat' dir='ltr'><strong>corpore</strong></span> <span class='ocrx_word' id='word_1_322' title='bbox 1188 2572 1202 2595; x_wconf 95' lang='lat'><strong>,</strong></span> <span class='ocrx_word' id='word_1_323' title='bbox 1248 2532 1428 2587; x_wconf 89' lang='lat' dir='ltr'><strong>anima</strong></span> <span class='ocrx_word' id='word_1_324' title='bbox 1466 2545 1521 2589; x_wconf 92' lang='lat' dir='ltr'><strong>et</strong></span> <span class='ocrx_word' id='word_1_325' title='bbox 1555 2538 1783 2605; x_wconf 86' lang='lat' dir='ltr'><strong>spiritu,</strong></span> <span class='ocrx_word' id='word_1_326' title='bbox 1827 2556 1879 2594; x_wconf 80' lang='lat' dir='ltr'><strong>at</strong></span> 
     </span>
    </p>
   </div>
   <div class='ocr_carea' id='block_1_40' title="bbox 1981 2521 3569 2615">
    <p class='ocr_par' dir='ltr' id='par_1_40' title="bbox 1991 2543 3569 2615">
     <span class='ocr_line' id='line_1_40' title="bbox 1991 2543 3569 2615; baseline 0.001 -19"><span class='ocrx_word' id='word_1_327' title='bbox 1991 2543 2193 2612; x_wconf 66' lang='grc' dir='ltr'>(τάρων</span> <span class='ocrx_word' id='word_1_328' title='bbox 2224 2544 2550 2615; x_wconf 74' lang='grc' dir='ltr'>καλούμενον</span> <span class='ocrx_word' id='word_1_329' title='bbox 2586 2543 2924 2598; x_wconf 76' lang='grc' dir='ltr'>συντέθεικεν</span> <span class='ocrx_word' id='word_1_330' title='bbox 2958 2543 3304 2613; x_wconf 79' lang='grc' dir='ltr'>Εὑαγγέλιον,</span> <span class='ocrx_word' id='word_1_331' title='bbox 3362 2546 3460 2610; x_wconf 82' lang='grc' dir='ltr'><strong>τάς</strong></span> <span class='ocrx_word' id='word_1_332' title='bbox 3509 2563 3569 2600; x_wconf 85' lang='grc' dir='ltr'><strong>τε</strong></span> 
     </span>
    </p>
   </div>
   <div class='ocr_carea' id='block_1_41' title="bbox 254 2612 1879 2711">
    <p class='ocr_par' dir='ltr' id='par_1_41' title="bbox 254 2612 1879 2685">
     <span class='ocr_line' id='line_1_41' title="bbox 254 2612 1879 2685; baseline 0.015 -24"><span class='ocrx_word' id='word_1_333' title='bbox 254 2612 515 2667; x_wconf 83' lang='lat' dir='ltr'><strong>duorum</strong></span> <span class='ocrx_word' id='word_1_334' title='bbox 574 2618 884 2685; x_wconf 85' lang='lat' dir='ltr'><strong>spirituum</strong></span> <span class='ocrx_word' id='word_1_335' title='bbox 942 2622 1297 2678; x_wconf 90' lang='lat' dir='ltr'><strong>distinctione</strong></span> <span class='ocrx_word' id='word_1_336' title='bbox 1339 2626 1611 2681; x_wconf 82' lang='lat' dir='ltr'><strong>dicuntur.</strong></span> <span class='ocrx_word' id='word_1_337' title='bbox 1664 2629 1879 2685; x_wconf 87' lang='lat' dir='ltr'><strong>Etiamsi</strong></span> 
     </span>
    </p>
   </div>
   <div class='ocr_carea' id='block_1_42' title="bbox 1981 2612 3569 2711">
    <p class='ocr_par' dir='ltr' id='par_1_42' title="bbox 1990 2612 3569 2711">
     <span class='ocr_line' id='line_1_42' title="bbox 1990 2612 3569 2711; baseline 0.001 -22"><span class='ocrx_word' id='word_1_338' title='bbox 1990 2637 2335 2706; x_wconf 81' lang='grc' dir='ltr'>γενεαλογίας</span> <span class='ocrx_word' id='word_1_339' title='bbox 2384 2612 2683 2709; x_wconf 62' lang='grc' dir='ltr'>στερικόψας</span> <span class='ocrx_word' id='word_1_340' title='bbox 2707 2679 2721 2702; x_wconf 96' lang='grc'><strong>,</strong></span> <span class='ocrx_word' id='word_1_341' title='bbox 2759 2637 2851 2692; x_wconf 78' lang='grc' dir='ltr'>καὶ</span> <span class='ocrx_word' id='word_1_342' title='bbox 2888 2637 2955 2691; x_wconf 74' lang='grc' dir='ltr'>τὰ</span> <span class='ocrx_word' id='word_1_343' title='bbox 2988 2612 3127 2691; x_wconf 83' lang='grc' dir='ltr'>ἄλλα</span> <span class='ocrx_word' id='word_1_344' title='bbox 3154 2639 3256 2692; x_wconf 85' lang='grc' dir='ltr'><strong>ὅσα</strong></span> <span class='ocrx_word' id='word_1_345' title='bbox 3304 2640 3366 2692; x_wconf 78' lang='grc' dir='ltr'>ὲκ</span> <span class='ocrx_word' id='word_1_346' title='bbox 3400 2638 3569 2711; x_wconf 82' lang='grc' dir='ltr'>σπέρ-</span> 
     </span>
    </p>
   </div>
   <div class='ocr_carea' id='block_1_43' title="bbox 254 2703 1879 2801">
    <p class='ocr_par' dir='ltr' id='par_1_43' title="bbox 254 2703 1879 2790">
     <span class='ocr_line' id='line_1_43' title="bbox 254 2703 1879 2790; baseline 0.012 -36"><span class='ocrx_word' id='word_1_347' title='bbox 254 2703 548 2761; x_wconf 76' lang='lat' dir='ltr'><strong>Tatianus</strong></span> <span class='ocrx_word' id='word_1_348' title='bbox 589 2709 884 2765; x_wconf 86' lang='lat' dir='ltr'><strong>hominem</strong></span> <span class='ocrx_word' id='word_1_349' title='bbox 938 2726 1006 2765; x_wconf 76' lang='lat' dir='ltr'><strong>ex</strong></span> <span class='ocrx_word' id='word_1_350' title='bbox 1063 2728 1323 2781; x_wconf 88' lang='lat' dir='ltr'><strong>corpore,</strong></span> <span class='ocrx_word' id='word_1_351' title='bbox 1370 2718 1548 2771; x_wconf 86' lang='lat' dir='ltr'><strong>anima</strong></span> <span class='ocrx_word' id='word_1_352' title='bbox 1594 2730 1648 2773; x_wconf 86' lang='lat' dir='ltr'><strong>et</strong></span> <span class='ocrx_word' id='word_1_353' title='bbox 1698 2722 1879 2790; x_wconf 77' lang='lat' dir='ltr'><strong>Spiritu</strong></span> 
     </span>
    </p>
   </div>
   <div class='ocr_carea' id='block_1_44' title="bbox 1981 2703 3570 2801">
    <p class='ocr_par' dir='ltr' id='par_1_44' title="bbox 1993 2703 3570 2801">
     <span class='ocr_line' id='line_1_44' title="bbox 1993 2703 3570 2801; baseline 0.001 -20"><span class='ocrx_word' id='word_1_354' title='bbox 1993 2703 2159 2798; x_wconf 80' lang='grc' dir='ltr'>ματος</span> <span class='ocrx_word' id='word_1_355' title='bbox 2209 2703 2372 2784; x_wconf 62' lang='grc' dir='ltr'>Δαϐἳδ</span> <span class='ocrx_word' id='word_1_356' title='bbox 2423 2703 2559 2783; x_wconf 73' lang='grc' dir='ltr'>κατὰ</span> <span class='ocrx_word' id='word_1_357' title='bbox 2591 2703 2791 2801; x_wconf 39' lang='grc' dir='ltr'>-σάρκα</span> <span class='ocrx_word' id='word_1_358' title='bbox 2843 2729 3207 2799; x_wconf 78' lang='grc' dir='ltr'>γεγενημένον</span> <span class='ocrx_word' id='word_1_359' title='bbox 3242 2729 3331 2783; x_wconf 84' lang='grc' dir='ltr'><strong>τὸν</strong></span> <span class='ocrx_word' id='word_1_360' title='bbox 3365 2703 3570 2801; x_wconf 77' lang='grc' dir='ltr'>Κύριον</span> 
     </span>
    </p>
   </div>
   <div class='ocr_carea' id='block_1_45' title="bbox 255 2803 1879 2895">
    <p class='ocr_par' dir='ltr' id='par_1_45' title="bbox 255 2803 1879 2875">
     <span class='ocr_line' id='line_1_45' title="bbox 255 2803 1879 2875; baseline 0.008 -24"><span class='ocrx_word' id='word_1_361' title='bbox 255 2811 681 2866; x_wconf 77' lang='lat' dir='ltr'><strong>componeret,</strong></span> <span class='ocrx_word' id='word_1_362' title='bbox 716 2803 956 2857; x_wconf 88' lang='lat' dir='ltr'><strong>minime</strong></span> <span class='ocrx_word' id='word_1_363' title='bbox 987 2804 1036 2857; x_wconf 91' lang='lat' dir='ltr'><strong>id</strong></span> <span class='ocrx_word' id='word_1_364' title='bbox 1077 2808 1401 2873; x_wconf 82' lang='lat' dir='ltr'><strong>reprehendi</strong></span> <span class='ocrx_word' id='word_1_365' title='bbox 1457 2809 1713 2875; x_wconf 85' lang='lat' dir='ltr'><strong>deberet,</strong></span> <span class='ocrx_word' id='word_1_366' title='bbox 1763 2828 1879 2865; x_wconf 86' lang='lat' dir='ltr'><strong>cum</strong></span> 
     </span>
    </p>
   </div>
   <div class='ocr_carea' id='block_1_46' title="bbox 1981 2803 3573 2895">
    <p class='ocr_par' dir='ltr' id='par_1_46' title="bbox 1987 2822 3573 2895">
     <span class='ocr_line' id='line_1_46' title="bbox 1987 2822 3573 2895; baseline 0 -21"><span class='ocrx_word' id='word_1_367' title='bbox 1987 2822 2272 2875; x_wconf 85' lang='grc' dir='ltr'>δείκνυσιν.</span> <span class='ocrx_word' id='word_1_368' title='bbox 2311 2824 2637 2894; x_wconf 77' lang='grc' dir='ltr'>Ἐχρήσαντο</span> <span class='ocrx_word' id='word_1_369' title='bbox 2672 2823 2727 2875; x_wconf 80' lang='grc' dir='ltr'><strong>δὲ</strong></span> <span class='ocrx_word' id='word_1_370' title='bbox 2754 2822 2927 2893; x_wconf 81' lang='grc' dir='ltr'>τούτῳ</span> <span class='ocrx_word' id='word_1_371' title='bbox 2958 2823 3018 2876; x_wconf 76' lang='grc' dir='ltr'><strong>οὐ</strong></span> <span class='ocrx_word' id='word_1_372' title='bbox 3057 2823 3274 2893; x_wconf 88' lang='grc' dir='ltr'>μόνοιοὶ</span> <span class='ocrx_word' id='word_1_373' title='bbox 3306 2822 3403 2895; x_wconf 82' lang='grc' dir='ltr'><strong>τῆς</strong></span> <span class='ocrx_word' id='word_1_374' title='bbox 3436 2822 3573 2876; x_wconf 83' lang='grc' dir='ltr'>ὲκεί-</span> 
     </span>
    </p>
   </div>
   <div class='ocr_carea' id='block_1_47' title="bbox 257 2888 1879 2985">
    <p class='ocr_par' dir='ltr' id='par_1_47' title="bbox 257 2888 1879 2965">
     <span class='ocr_line' id='line_1_47' title="bbox 257 2888 1879 2965; baseline 0.01 -26"><span class='ocrx_word' id='word_1_375' title='bbox 257 2888 479 2941; x_wconf 77' lang='lat' dir='ltr'><strong>anima</strong></span> <span class='ocrx_word' id='word_1_376' title='bbox 523 2905 666 2959; x_wconf 63' lang='lat' dir='ltr'><strong>sepe</strong></span> <span class='ocrx_word' id='word_1_377' title='bbox 721 2893 958 2957; x_wconf 72' lang='lat' dir='ltr'><strong>Spiritus</strong></span> <span class='ocrx_word' id='word_1_378' title='bbox 1015 2904 1261 2958; x_wconf 81' lang='lat' dir='ltr'><strong>vocetur,</strong></span> <span class='ocrx_word' id='word_1_379' title='bbox 1313 2913 1375 2950; x_wconf 88' lang='lat' dir='ltr'><strong>ac</strong></span> <span class='ocrx_word' id='word_1_380' title='bbox 1430 2898 1665 2965; x_wconf 86' lang='lat' dir='ltr'><strong>Spiritus</strong></span> <span class='ocrx_word' id='word_1_381' title='bbox 1711 2901 1879 2955; x_wconf 85' lang='lat' dir='ltr'><strong>sancti</strong></span> 
     </span>
    </p>
   </div>
   <div class='ocr_carea' id='block_1_48' title="bbox 1981 2888 3573 2985">
    <p class='ocr_par' dir='ltr' id='par_1_48' title="bbox 1988 2888 3573 2985">
     <span class='ocr_line' id='line_1_48' title="bbox 1988 2888 3573 2985; baseline 0.002 -20"><span class='ocrx_word' id='word_1_382' title='bbox 1988 2931 2079 2966; x_wconf 87' lang='grc' dir='ltr'><strong>νου</strong></span> <span class='ocrx_word' id='word_1_383' title='bbox 2117 2888 2471 2985; x_wconf 32' lang='grc' dir='ltr'>συμμορίςίξί</span> <span class='ocrx_word' id='word_1_384' title='bbox 2499 2914 2633 2969; x_wconf 78' lang='grc' dir='ltr'>ἀλλὰ</span> <span class='ocrx_word' id='word_1_385' title='bbox 2666 2914 2757 2967; x_wconf 76' lang='grc' dir='ltr'><strong>καὶ</strong></span> <span class='ocrx_word' id='word_1_386' title='bbox 2790 2915 2837 2967; x_wconf 82' lang='grc' dir='ltr'><strong>οἱ</strong></span> <span class='ocrx_word' id='word_1_387' title='bbox 2871 2888 2982 2977; x_wconf 77' lang='grc' dir='ltr'>τοῖς</span> <span class='ocrx_word' id='word_1_388' title='bbox 3033 2888 3404 2978; x_wconf 59' lang='grc' dir='ltr'>ἀποστολικοές</span> <span class='ocrx_word' id='word_1_389' title='bbox 3443 2915 3573 2969; x_wconf 69' lang='grc' dir='ltr'>ἑπόμ-</span> 
     </span>
    </p>
   </div>
   <div class='ocr_carea' id='block_1_49' title="bbox 258 2981 1879 3076">
    <p class='ocr_par' dir='ltr' id='par_1_49' title="bbox 258 2981 1879 3057">
     <span class='ocr_line' id='line_1_49' title="bbox 258 2981 1879 3057; baseline 0.01 -26"><span class='ocrx_word' id='word_1_390' title='bbox 258 2981 498 3034; x_wconf 85' lang='lat' dir='ltr'><strong>donum</strong></span> <span class='ocrx_word' id='word_1_391' title='bbox 531 2999 672 3053; x_wconf 58' lang='lat' dir='ltr'><strong>sape</strong></span> <span class='ocrx_word' id='word_1_392' title='bbox 704 2985 953 3039; x_wconf 88' lang='lat' dir='ltr'><strong>hominis</strong></span> <span class='ocrx_word' id='word_1_393' title='bbox 987 2988 1214 3057; x_wconf 88' lang='lat' dir='ltr'><strong>spiritus</strong></span> <span class='ocrx_word' id='word_1_394' title='bbox 1247 2990 1475 3045; x_wconf 86' lang='lat' dir='ltr'><strong>dicatur.</strong></span> <span class='ocrx_word' id='word_1_395' title='bbox 1522 2994 1592 3045; x_wconf 80' lang='lat' dir='ltr'><strong>At</strong></span> <span class='ocrx_word' id='word_1_396' title='bbox 1624 2993 1879 3048; x_wconf 78' lang='lat' dir='ltr'><strong>Tatianus</strong></span> 
     </span>
    </p>
   </div>
   <div class='ocr_carea' id='block_1_50' title="bbox 1981 2981 3568 3076">
    <p class='ocr_par' dir='ltr' id='par_1_50' title="bbox 1991 2981 3568 3076">
     <span class='ocr_line' id='line_1_50' title="bbox 1991 2981 3568 3076; baseline 0.003 -21"><span class='ocrx_word' id='word_1_397' title='bbox 1991 3020 2144 3074; x_wconf 86' lang='grc' dir='ltr'>μενοι</span> <span class='ocrx_word' id='word_1_398' title='bbox 2178 2981 2445 3074; x_wconf 84' lang='grc' dir='ltr'>δόγμασι,</span> <span class='ocrx_word' id='word_1_399' title='bbox 2501 3004 2596 3075; x_wconf 78' lang='grc' dir='ltr'><strong>τὴν</strong></span> <span class='ocrx_word' id='word_1_400' title='bbox 2646 3006 2741 3075; x_wconf 81' lang='grc' dir='ltr'><strong>τῆς</strong></span> <span class='ocrx_word' id='word_1_401' title='bbox 2795 3004 3066 3075; x_wconf 79' lang='grc' dir='ltr'>συνθήκης</span> <span class='ocrx_word' id='word_1_402' title='bbox 3101 3005 3436 3076; x_wconf 79' lang='grc' dir='ltr'>πανουργίαν</span> <span class='ocrx_word' id='word_1_403' title='bbox 3468 3006 3568 3059; x_wconf 76' lang='grc' dir='ltr'><strong>οὐκ</strong></span> 
     </span>
    </p>
   </div>
   <div class='ocr_carea' id='block_1_51' title="bbox 260 3073 1883 3153">
    <p class='ocr_par' dir='ltr' id='par_1_51' title="bbox 260 3073 1883 3153">
     <span class='ocr_line' id='line_1_51' title="bbox 260 3073 1883 3153; baseline 0.012 -32"><span class='ocrx_word' id='word_1_404' title='bbox 260 3073 531 3126; x_wconf 76' lang='lat' dir='ltr'><strong>animam</strong></span> <span class='ocrx_word' id='word_1_405' title='bbox 562 3076 864 3144; x_wconf 78' lang='lat' dir='ltr'><strong>distinguit</strong></span> <span class='ocrx_word' id='word_1_406' title='bbox 899 3095 927 3131; x_wconf 90' lang='lat' dir='ltr'><strong>a</strong></span> <span class='ocrx_word' id='word_1_407' title='bbox 964 3080 1021 3133; x_wconf 88' lang='lat' dir='ltr'><strong>S.</strong></span> <span class='ocrx_word' id='word_1_408' title='bbox 1057 3081 1295 3149; x_wconf 88' lang='lat' dir='ltr'><strong>Spiritu,</strong></span> <span class='ocrx_word' id='word_1_409' title='bbox 1325 3093 1383 3137; x_wconf 90' lang='lat' dir='ltr'><strong>ut</strong></span> <span class='ocrx_word' id='word_1_410' title='bbox 1415 3086 1670 3153; x_wconf 81' lang='lat' dir='ltr'><strong>templum</strong></span> <span class='ocrx_word' id='word_1_411' title='bbox 1702 3087 1768 3141; x_wconf 92' lang='lat' dir='ltr'><strong>ab</strong></span> <span class='ocrx_word' id='word_1_412' title='bbox 1800 3089 1883 3140; x_wconf 84' lang='lat' dir='ltr'><strong>in—</strong></span> 
     </span>
    </p>
   </div>
   <div class='ocr_carea' id='block_1_52' title="bbox 268 3161 1885 3243">
    <p class='ocr_par' dir='ltr' id='par_1_52' title="bbox 268 3161 1885 3243">
     <span class='ocr_line' id='line_1_52' title="bbox 268 3161 1885 3243; baseline 0.012 -33"><span class='ocrx_word' id='word_1_413' title='bbox 268 3161 583 3218; x_wconf 80' lang='lat' dir='ltr'><strong>habitante</strong></span> <span class='ocrx_word' id='word_1_414' title='bbox 621 3166 778 3233; x_wconf 88' lang='lat' dir='ltr'><strong>Deo,</strong></span> <span class='ocrx_word' id='word_1_415' title='bbox 820 3185 879 3222; x_wconf 91' lang='lat' dir='ltr'><strong>n.</strong></span> <span class='ocrx_word' id='word_1_416' title='bbox 912 3170 999 3223; x_wconf 78' lang='grc'><strong>15.</strong></span> <span class='ocrx_word' id='word_1_417' title='bbox 1044 3171 1101 3224; x_wconf 90' lang='lat' dir='ltr'><strong>In</strong></span> <span class='ocrx_word' id='word_1_418' title='bbox 1145 3174 1246 3226; x_wconf 90' lang='lat' dir='ltr'><strong>hoc</strong></span> <span class='ocrx_word' id='word_1_419' title='bbox 1278 3176 1596 3243; x_wconf 80' lang='lat' dir='ltr'><strong>gravissime</strong></span> <span class='ocrx_word' id='word_1_420' title='bbox 1631 3178 1885 3232; x_wconf 84' lang='lat' dir='ltr'><strong>errabant</strong></span> 
     </span>
    </p>
   </div>
   <div class='ocr_carea' id='block_1_53' title="bbox 1988 3096 3566 3169">
    <p class='ocr_par' dir='ltr' id='par_1_53' title="bbox 1988 3096 3566 3169">
     <span class='ocr_line' id='line_1_53' title="bbox 1988 3096 3566 3169; baseline -0.001 -18"><span class='ocrx_word' id='word_1_421' title='bbox 1988 3097 2321 3167; x_wconf 75' lang='grc' dir='ltr'>ἐγνωκότες,</span> <span class='ocrx_word' id='word_1_422' title='bbox 2357 3097 2491 3153; x_wconf 83' lang='grc' dir='ltr'>ἀλλὰ</span> <span class='ocrx_word' id='word_1_423' title='bbox 2540 3096 2903 3169; x_wconf 76' lang='grc' dir='ltr'>ἁπλούστερον</span> <span class='ocrx_word' id='word_1_424' title='bbox 2948 3097 3023 3160; x_wconf 82' lang='grc' dir='ltr'><strong>ὡς</strong></span> <span class='ocrx_word' id='word_1_425' title='bbox 3070 3098 3316 3167; x_wconf 79' lang='grc' dir='ltr'>συντόμῳ</span> <span class='ocrx_word' id='word_1_426' title='bbox 3370 3096 3445 3168; x_wconf 82' lang='grc' dir='ltr'>τῷ</span> <span class='ocrx_word' id='word_1_427' title='bbox 3481 3097 3566 3166; x_wconf 86' lang='grc' dir='ltr'><strong>βι-</strong></span> 
     </span>
    </p>
   </div>
   <div class='ocr_carea' id='block_1_54' title="bbox 1987 3184 3567 3262">
    <p class='ocr_par' dir='ltr' id='par_1_54' title="bbox 1987 3184 3567 3262">
     <span class='ocr_line' id='line_1_54' title="bbox 1987 3184 3567 3262; baseline -0.001 -20"><span class='ocrx_word' id='word_1_428' title='bbox 1987 3190 2116 3262; x_wconf 81' lang='grc' dir='ltr'><strong>ϐλίῳ</strong></span> <span class='ocrx_word' id='word_1_429' title='bbox 2136 3192 2483 3262; x_wconf 77' lang='grc' dir='ltr'>χρησάμενοι.</span> <span class='ocrx_word' id='word_1_430' title='bbox 2507 3184 2675 3260; x_wconf 70' lang='grc' dir='ltr'>Εὗρον</span> <span class='ocrx_word' id='word_1_431' title='bbox 2696 3189 2750 3241; x_wconf 76' lang='grc' dir='ltr'>δὲ</span> <span class='ocrx_word' id='word_1_432' title='bbox 2790 3188 2943 3256; x_wconf 82' lang='grc' dir='ltr'>κάγὼ</span> <span class='ocrx_word' id='word_1_433' title='bbox 2973 3188 3189 3251; x_wconf 83' lang='grc' dir='ltr'>πλείους</span> <span class='ocrx_word' id='word_1_434' title='bbox 3218 3189 3250 3259; x_wconf 79' lang='grc' dir='ltr'>ἢ</span> <span class='ocrx_word' id='word_1_435' title='bbox 3285 3188 3567 3252; x_wconf 78' lang='grc' dir='ltr'>διακοσίας</span> 
     </span>
    </p>
   </div>
   <div class='ocr_carea' id='block_1_55' title="bbox 268 3249 1879 3351">
    <p class='ocr_par' dir='ltr' id='par_1_55' title="bbox 268 3249 1877 3337">
     <span class='ocr_line' id='line_1_55' title="bbox 268 3249 1877 3337; baseline 0.012 -34"><span class='ocrx_word' id='word_1_436' title='bbox 268 3249 701 3321; x_wconf 72' lang='lat' dir='ltr'><strong>Valentiniani,</strong></span> <span class='ocrx_word' id='word_1_437' title='bbox 744 3260 891 3326; x_wconf 87' lang='lat' dir='ltr'><strong>quod</strong></span> <span class='ocrx_word' id='word_1_438' title='bbox 930 3262 1121 3315; x_wconf 65' lang='lat' dir='ltr'><strong>animm</strong></span> <span class='ocrx_word' id='word_1_439' title='bbox 1164 3279 1277 3317; x_wconf 66' lang='lat' dir='ltr'><strong>sure</strong></span> <span class='ocrx_word' id='word_1_440' title='bbox 1323 3280 1508 3319; x_wconf 83' lang='lat' dir='ltr'><strong>semen</strong></span> <span class='ocrx_word' id='word_1_441' title='bbox 1543 3262 1572 3320; x_wconf 84' lang='lat' dir='ltr'><strong>a</strong></span> <span class='ocrx_word' id='word_1_442' title='bbox 1603 3266 1877 3337; x_wconf 81' lang='lat' dir='ltr'><strong>Sapientia</strong></span> 
     </span>
    </p>
   </div>
   <div class='ocr_carea' id='block_1_56' title="bbox 1981 3249 3567 3351">
    <p class='ocr_par' dir='ltr' id='par_1_56' title="bbox 1986 3249 3567 3351">
     <span class='ocr_line' id='line_1_56' title="bbox 1986 3249 3567 3351; baseline -0.001 -20"><span class='ocrx_word' id='word_1_443' title='bbox 2229 3249 2480 3343; x_wconf 54' lang='grc' dir='ltr'>τοιαύτας</span> <span class='ocrx_word' id='word_1_444' title='bbox 2514 3249 2721 3342; x_wconf 43' lang='grc' dir='ltr'>ὲνιταῖς</span> <span class='ocrx_word' id='word_1_445' title='bbox 2755 3249 2885 3348; x_wconf 59' lang='lat' dir='ltr'><strong>amp&quot;</strong></span> <span class='ocrx_word' id='word_1_446' title='bbox 2908 3280 3037 3348; x_wconf 86' lang='grc' dir='ltr'>ἡμῖν</span> <span class='ocrx_word' id='word_1_447' title='bbox 3074 3249 3390 3349; x_wconf 68' lang='grc' dir='ltr'>ἐκκλησίαις</span> <span class='ocrx_word' id='word_1_448' title='bbox 3422 3249 3567 3332; x_wconf 54' lang='grc' dir='ltr'><strong>τεντῖιζ</strong></span> 
     </span>
    </p>
   </div>
   <div class='ocr_carea' id='block_1_57' title="bbox 268 3343 1881 3420">
    <p class='ocr_par' dir='ltr' id='par_1_57' title="bbox 268 3343 1881 3420">
     <span class='ocr_line' id='line_1_57' title="bbox 268 3343 1881 3420; baseline 0.012 -26"><span class='ocrx_word' id='word_1_449' title='bbox 268 3343 550 3409; x_wconf 76' lang='lat' dir='ltr'><strong>injectum</strong></span> <span class='ocrx_word' id='word_1_450' title='bbox 584 3349 837 3403; x_wconf 86' lang='lat' dir='ltr'><strong>dicerent</strong></span> <span class='ocrx_word' id='word_1_451' title='bbox 859 3391 874 3414; x_wconf 95' lang='lat'><strong>,</strong></span> <span class='ocrx_word' id='word_1_452' title='bbox 898 3352 1054 3420; x_wconf 88' lang='lat' dir='ltr'><strong>cujus</strong></span> <span class='ocrx_word' id='word_1_453' title='bbox 1078 3354 1343 3409; x_wconf 82' lang='lat' dir='ltr'><strong>beneficio</strong></span> <span class='ocrx_word' id='word_1_454' title='bbox 1375 3357 1602 3411; x_wconf 84' lang='lat' dir='ltr'><strong>salutem</strong></span> <span class='ocrx_word' id='word_1_455' title='bbox 1626 3368 1881 3413; x_wconf 80' lang='lat' dir='ltr'><strong>a-ternam</strong></span> 
     </span>
    </p>
   </div>
   <div class='ocr_carea' id='block_1_58' title="bbox 268 3435 1879 3519">
    <p class='ocr_par' dir='ltr' id='par_1_58' title="bbox 268 3435 1879 3519">
     <span class='ocr_line' id='line_1_58' title="bbox 268 3435 1879 3519; baseline 0.012 -33"><span class='ocrx_word' id='word_1_456' title='bbox 268 3435 389 3488; x_wconf 75' lang='lat' dir='ltr'><strong>sibi</strong></span> <span class='ocrx_word' id='word_1_457' title='bbox 435 3453 497 3491; x_wconf 87' lang='lat' dir='ltr'><strong>ne</strong></span> <span class='ocrx_word' id='word_1_458' title='bbox 533 3442 797 3494; x_wconf 80' lang='lat' dir='ltr'><strong>maximis</strong></span> <span class='ocrx_word' id='word_1_459' title='bbox 832 3443 1053 3510; x_wconf 87' lang='lat' dir='ltr'><strong>quidem</strong></span> <span class='ocrx_word' id='word_1_460' title='bbox 1079 3456 1133 3499; x_wconf 89' lang='lat' dir='ltr'><strong>et</strong></span> <span class='ocrx_word' id='word_1_461' title='bbox 1177 3450 1451 3517; x_wconf 83' lang='lat' dir='ltr'><strong>perpetuis</strong></span> <span class='ocrx_word' id='word_1_462' title='bbox 1480 3451 1703 3519; x_wconf 75' lang='lat' dir='ltr'><strong>flagitiis</strong></span> <span class='ocrx_word' id='word_1_463' title='bbox 1741 3453 1879 3519; x_wconf 90' lang='lat' dir='ltr'><strong>eripi</strong></span> 
     </span>
    </p>
   </div>
   <div class='ocr_carea' id='block_1_59' title="bbox 270 3533 1877 3612">
    <p class='ocr_par' dir='ltr' id='par_1_59' title="bbox 270 3533 1877 3612">
     <span class='ocr_line' id='line_1_59' title="bbox 270 3533 1877 3612; baseline 0.012 -33"><span class='ocrx_word' id='word_1_464' title='bbox 270 3541 455 3593; x_wconf 76' lang='lat' dir='ltr'><strong>posse</strong></span> <span class='ocrx_word' id='word_1_465' title='bbox 472 3533 855 3588; x_wconf 80' lang='lat' dir='ltr'><strong>confidebant.</strong></span> <span class='ocrx_word' id='word_1_466' title='bbox 877 3537 1020 3590; x_wconf 81' lang='lat' dir='ltr'><strong>Nihil</strong></span> <span class='ocrx_word' id='word_1_467' title='bbox 1041 3539 1221 3594; x_wconf 91' lang='lat' dir='ltr'><strong>simile</strong></span> <span class='ocrx_word' id='word_1_468' title='bbox 1241 3540 1468 3596; x_wconf 85' lang='lat' dir='ltr'><strong>Tatiano</strong></span> <span class='ocrx_word' id='word_1_469' title='bbox 1493 3544 1652 3611; x_wconf 86' lang='lat' dir='ltr'><strong>objici</strong></span> <span class='ocrx_word' id='word_1_470' title='bbox 1680 3554 1877 3612; x_wconf 90' lang='lat' dir='ltr'><strong>potest.</strong></span> 
     </span>
    </p>
   </div>
   <div class='ocr_carea' id='block_1_60' title="bbox 268 3618 1880 3703">
    <p class='ocr_par' dir='ltr' id='par_1_60' title="bbox 268 3618 1880 3703">
     <span class='ocr_line' id='line_1_60' title="bbox 268 3618 1880 3703; baseline 0.012 -31"><span class='ocrx_word' id='word_1_471' title='bbox 268 3618 603 3682; x_wconf 79' lang='lat' dir='ltr'><strong>Quinetiam</strong></span> <span class='ocrx_word' id='word_1_472' title='bbox 656 3627 713 3677; x_wconf 89' lang='lat' dir='ltr'><strong>in</strong></span> <span class='ocrx_word' id='word_1_473' title='bbox 761 3630 865 3680; x_wconf 89' lang='lat' dir='ltr'><strong>hoc</strong></span> <span class='ocrx_word' id='word_1_474' title='bbox 914 3629 1216 3686; x_wconf 86' lang='lat' dir='ltr'><strong>laudandus</strong></span> <span class='ocrx_word' id='word_1_475' title='bbox 1255 3636 1398 3701; x_wconf 88' lang='lat' dir='ltr'><strong>quod</strong></span> <span class='ocrx_word' id='word_1_476' title='bbox 1444 3634 1703 3703; x_wconf 87' lang='lat' dir='ltr'><strong>Spiritum</strong></span> <span class='ocrx_word' id='word_1_477' title='bbox 1756 3653 1880 3692; x_wconf 91' lang='lat' dir='ltr'><strong>san-</strong></span> 
     </span>
    </p>
   </div>
   <div class='ocr_carea' id='block_1_61' title="bbox 1987 3368 3565 3442">
    <p class='ocr_par' dir='ltr' id='par_1_61' title="bbox 1987 3368 3565 3442">
     <span class='ocr_line' id='line_1_61' title="bbox 1987 3368 3565 3442; baseline -0.002 -18"><span class='ocrx_word' id='word_1_478' title='bbox 1987 3371 2231 3442; x_wconf 85' lang='grc' dir='ltr'>μημένας</span> <span class='ocrx_word' id='word_1_479' title='bbox 2253 3412 2265 3434; x_wconf 90' lang='grc'><strong>,</strong></span> <span class='ocrx_word' id='word_1_480' title='bbox 2303 3371 2397 3424; x_wconf 67' lang='grc' dir='ltr'><strong>καὶ</strong></span> <span class='ocrx_word' id='word_1_481' title='bbox 2432 3371 2608 3434; x_wconf 79' lang='grc' dir='ltr'>πάσας</span> <span class='ocrx_word' id='word_1_482' title='bbox 2663 3368 2979 3439; x_wconf 84' lang='grc' dir='ltr'>συναγαγὼν</span> <span class='ocrx_word' id='word_1_483' title='bbox 3030 3370 3333 3439; x_wconf 78' lang='grc' dir='ltr'>ἀπεθέμην,</span> <span class='ocrx_word' id='word_1_484' title='bbox 3364 3369 3455 3422; x_wconf 55' lang='grc' dir='ltr'><strong>καλ¹</strong></span> <span class='ocrx_word' id='word_1_485' title='bbox 3500 3370 3565 3421; x_wconf 75' lang='grc' dir='ltr'>τὰ</span> 
     </span>
    </p>
   </div>
   <div class='ocr_carea' id='block_1_62' title="bbox 1981 3460 3565 3534">
    <p class='ocr_par' dir='ltr' id='par_1_62' title="bbox 1981 3460 3565 3534">
     <span class='ocr_line' id='line_1_62' title="bbox 1981 3460 3565 3534; baseline -0.002 -18"><span class='ocrx_word' id='word_1_486' title='bbox 1981 3463 2089 3516; x_wconf 83' lang='grc' dir='ltr'><strong>τῶν</strong></span> <span class='ocrx_word' id='word_1_487' title='bbox 2151 3466 2428 3534; x_wconf 80' lang='grc' dir='ltr'>τεσσάρων</span> <span class='ocrx_word' id='word_1_488' title='bbox 2486 3460 2880 3530; x_wconf 80' lang='grc' dir='ltr'>εὐαγγελιστῶν</span> <span class='ocrx_word' id='word_1_489' title='bbox 2930 3461 3322 3531; x_wconf 86' lang='grc' dir='ltr'>ἀντεισήγαγον</span> <span class='ocrx_word' id='word_1_490' title='bbox 3386 3460 3565 3527; x_wconf 77' lang='grc' dir='ltr'>Εὐαγ-</span> 
     </span>
    </p>
   </div>
   <div class='ocr_carea' id='block_1_63' title="bbox 1980 3552 3561 3621">
    <p class='ocr_par' dir='ltr' id='par_1_63' title="bbox 1980 3552 3561 3621">
     <span class='ocr_line' id='line_1_63' title="bbox 1980 3552 3561 3621; baseline -0.002 -14"><span class='ocrx_word' id='word_1_491' title='bbox 1980 3555 2154 3621; x_wconf 82' lang='grc' dir='ltr'>γέλια.</span> <span class='ocrx_word' id='word_1_492' title='bbox 2187 3574 2204 3606; x_wconf 81' lang='lat' dir='ltr'><strong>t</strong></span> <span class='ocrx_word' id='word_1_493' title='bbox 2231 3553 2330 3608; x_wconf 81' lang='lat' dir='ltr'><strong>llic</strong></span> <span class='ocrx_word' id='word_1_494' title='bbox 2365 3553 2737 3621; x_wconf 79' lang='lat' dir='ltr'><strong>Evangelinm,</strong></span> <span class='ocrx_word' id='word_1_495' title='bbox 2764 3552 2937 3621; x_wconf 89' lang='lat' dir='ltr'><strong>inquit</strong></span> <span class='ocrx_word' id='word_1_496' title='bbox 2962 3552 3028 3614; x_wconf 84' lang='grc'>¹¹,</span> <span class='ocrx_word' id='word_1_497' title='bbox 3048 3556 3192 3621; x_wconf 86' lang='lat' dir='ltr'><strong>quod</strong></span> <span class='ocrx_word' id='word_1_498' title='bbox 3216 3552 3561 3607; x_wconf 82' lang='lat' dir='ltr'><strong>Dialessaron</strong></span> 
     </span>
    </p>
   </div>
   <div class='ocr_carea' id='block_1_64' title="bbox 1981 3644 3555 3715">
    <p class='ocr_par' dir='ltr' id='par_1_64' title="bbox 1981 3644 3555 3715">
     <span class='ocr_line' id='line_1_64' title="bbox 1981 3644 3555 3715; baseline -0.003 -14"><span class='ocrx_word' id='word_1_499' title='bbox 1981 3648 2200 3711; x_wconf 91' lang='lat' dir='ltr'><strong>dicitur,</strong></span> <span class='ocrx_word' id='word_1_500' title='bbox 2236 3647 2574 3715; x_wconf 86' lang='lat' dir='ltr'><strong>composuit,</strong></span> <span class='ocrx_word' id='word_1_501' title='bbox 2625 3645 2922 3712; x_wconf 84' lang='lat' dir='ltr'><strong>amputatis</strong></span> <span class='ocrx_word' id='word_1_502' title='bbox 2954 3644 3287 3713; x_wconf 82' lang='lat' dir='ltr'><strong>genealogiis</strong></span> <span class='ocrx_word' id='word_1_503' title='bbox 3332 3655 3383 3699; x_wconf 92' lang='lat' dir='ltr'><strong>et</strong></span> <span class='ocrx_word' id='word_1_504' title='bbox 3435 3644 3555 3698; x_wconf 88' lang='lat' dir='ltr'><strong>aliis</strong></span> 
     </span>
    </p>
   </div>
   <div class='ocr_carea' id='block_1_65' title="bbox 265 3719 1880 3795">
    <p class='ocr_par' dir='ltr' id='par_1_65' title="bbox 265 3719 1880 3795">
     <span class='ocr_line' id='line_1_65' title="bbox 265 3719 1880 3795; baseline 0.011 -31"><span class='ocrx_word' id='word_1_505' title='bbox 265 3724 435 3768; x_wconf 77' lang='lat' dir='ltr'><strong>ctum</strong></span> <span class='ocrx_word' id='word_1_506' title='bbox 457 3758 470 3778; x_wconf 92' lang='lat'><strong>,</strong></span> <span class='ocrx_word' id='word_1_507' title='bbox 514 3732 678 3784; x_wconf 85' lang='lat' dir='ltr'><strong>quem</strong></span> <span class='ocrx_word' id='word_1_508' title='bbox 717 3719 887 3774; x_wconf 82' lang='lat' dir='ltr'><strong>Deum</strong></span> <span class='ocrx_word' id='word_1_509' title='bbox 919 3720 1221 3791; x_wconf 79' lang='lat' dir='ltr'><strong>perfectum</strong></span> <span class='ocrx_word' id='word_1_510' title='bbox 1261 3737 1447 3788; x_wconf 83' lang='lat' dir='ltr'><strong>vocat,</strong></span> <span class='ocrx_word' id='word_1_511' title='bbox 1479 3743 1506 3779; x_wconf 86' lang='lat' dir='ltr'><strong>a</strong></span> <span class='ocrx_word' id='word_1_512' title='bbox 1540 3729 1732 3795; x_wconf 85' lang='lat' dir='ltr'><strong>spiritu</strong></span> <span class='ocrx_word' id='word_1_513' title='bbox 1766 3745 1880 3782; x_wconf 86' lang='lat' dir='ltr'><strong>ma-</strong></span> 
     </span>
    </p>
   </div>
   <div class='ocr_carea' id='block_1_66' title="bbox 264 3807 1880 3884">
    <p class='ocr_par' dir='ltr' id='par_1_66' title="bbox 264 3807 1880 3884">
     <span class='ocr_line' id='line_1_66' title="bbox 264 3807 1880 3884; baseline 0.014 -28"><span class='ocrx_word' id='word_1_514' title='bbox 264 3807 484 3860; x_wconf 72' lang='lat' dir='ltr'><strong>teriam</strong></span> <span class='ocrx_word' id='word_1_515' title='bbox 554 3815 895 3878; x_wconf 71' lang='lat' dir='ltr'><strong>pervadente</strong></span> <span class='ocrx_word' id='word_1_516' title='bbox 950 3815 1262 3884; x_wconf 83' lang='lat' dir='ltr'><strong>distinguat.</strong></span> <span class='ocrx_word' id='word_1_517' title='bbox 1330 3818 1535 3873; x_wconf 90' lang='lat' dir='ltr'><strong>Similis</strong></span> <span class='ocrx_word' id='word_1_518' title='bbox 1600 3820 1880 3878; x_wconf 89' lang='lat' dir='ltr'><strong>distinctio</strong></span> 
     </span>
    </p>
   </div>
   <div class='ocr_carea' id='block_1_67' title="bbox 260 3898 1431 3971">
    <p class='ocr_par' dir='ltr' id='par_1_67' title="bbox 260 3898 1431 3971">
     <span class='ocr_line' id='line_1_67' title="bbox 260 3898 1431 3971; baseline 0.014 -24"><span class='ocrx_word' id='word_1_519' title='bbox 260 3900 420 3964; x_wconf 76' lang='lat' dir='ltr'><strong>apud</strong></span> <span class='ocrx_word' id='word_1_520' title='bbox 444 3898 826 3969; x_wconf 81' lang='lat' dir='ltr'><strong>Theophilum</strong></span> <span class='ocrx_word' id='word_1_521' title='bbox 853 3945 866 3966; x_wconf 91' lang='lat'><strong>,</strong></span> <span class='ocrx_word' id='word_1_522' title='bbox 905 3905 997 3959; x_wconf 83' lang='lat' dir='ltr'><strong>lib.</strong></span> <span class='ocrx_word' id='word_1_523' title='bbox 1029 3922 1081 3971; x_wconf 88' lang='grc' dir='ltr'><strong>ι,</strong></span> <span class='ocrx_word' id='word_1_524' title='bbox 1114 3924 1165 3960; x_wconf 92' lang='lat' dir='ltr'><strong>n.</strong></span> <span class='ocrx_word' id='word_1_525' title='bbox 1198 3908 1231 3962; x_wconf 84' lang='lat'><strong>5</strong></span> <span class='ocrx_word' id='word_1_526' title='bbox 1258 3919 1310 3963; x_wconf 90' lang='lat' dir='ltr'><strong>et</strong></span> <span class='ocrx_word' id='word_1_527' title='bbox 1335 3909 1365 3961; x_wconf 88' lang='lat'><strong>7</strong></span> <span class='ocrx_word' id='word_1_528' title='bbox 1391 3911 1431 3963; x_wconf 92' lang='grc'><strong>⁷.</strong></span> 
     </span>
    </p>
   </div>
   <div class='ocr_carea' id='block_1_68' title="bbox 342 3988 1875 4077">
    <p class='ocr_par' dir='ltr' id='par_1_68' title="bbox 342 3988 1875 4077">
     <span class='ocr_line' id='line_1_68' title="bbox 342 3988 1875 4077; baseline 0.014 -36"><span class='ocrx_word' id='word_1_529' title='bbox 342 3988 439 4041; x_wconf 73' lang='lat' dir='ltr'><strong>IV.</strong></span> <span class='ocrx_word' id='word_1_530' title='bbox 469 3991 865 4063; x_wconf 76' lang='lat' dir='ltr'><strong>Nequissintos</strong></span> <span class='ocrx_word' id='word_1_531' title='bbox 896 4012 1114 4055; x_wconf 91' lang='lat' dir='ltr'><strong>errores</strong></span> <span class='ocrx_word' id='word_1_532' title='bbox 1138 4000 1397 4057; x_wconf 86' lang='lat' dir='ltr'><strong>Tatianus</strong></span> <span class='ocrx_word' id='word_1_533' title='bbox 1418 4007 1736 4077; x_wconf 78' lang='lat' dir='ltr'><strong>pervulgata</strong></span> <span class='ocrx_word' id='word_1_534' title='bbox 1762 4009 1875 4063; x_wconf 64' lang='lat' dir='ltr'><strong>hae-</strong></span> 
     </span>
    </p>
   </div>
   <div class='ocr_carea' id='block_1_69' title="bbox 250 4082 1877 4165">
    <p class='ocr_par' dir='ltr' id='par_1_69' title="bbox 250 4082 1877 4165">
     <span class='ocr_line' id='line_1_69' title="bbox 250 4082 1877 4165; baseline 0.015 -35"><span class='ocrx_word' id='word_1_535' title='bbox 250 4082 588 4137; x_wconf 69' lang='lat' dir='ltr'><strong>reticorum</strong></span> <span class='ocrx_word' id='word_1_536' title='bbox 615 4088 703 4138; x_wconf 74' lang='lat' dir='ltr'><strong>via</strong></span> <span class='ocrx_word' id='word_1_537' title='bbox 732 4088 1017 4155; x_wconf 88' lang='lat' dir='ltr'><strong>defendit,</strong></span> <span class='ocrx_word' id='word_1_538' title='bbox 1067 4107 1166 4146; x_wconf 91' lang='lat' dir='ltr'><strong>nec</strong></span> <span class='ocrx_word' id='word_1_539' title='bbox 1208 4096 1504 4165; x_wconf 85' lang='lat' dir='ltr'><strong>quidquam</strong></span> <span class='ocrx_word' id='word_1_540' title='bbox 1538 4098 1640 4152; x_wconf 90' lang='lat' dir='ltr'><strong>sibi</strong></span> <span class='ocrx_word' id='word_1_541' title='bbox 1680 4101 1731 4153; x_wconf 94' lang='lat' dir='ltr'><strong>in</strong></span> <span class='ocrx_word' id='word_1_542' title='bbox 1765 4101 1877 4155; x_wconf 89' lang='lat' dir='ltr'><strong>vio-</strong></span> 
     </span>
    </p>
   </div>
   <div class='ocr_carea' id='block_1_70' title="bbox 248 4170 1877 4260">
    <p class='ocr_par' dir='ltr' id='par_1_70' title="bbox 248 4170 1877 4260">
     <span class='ocr_line' id='line_1_70' title="bbox 248 4170 1877 4260; baseline 0.015 -38"><span class='ocrx_word' id='word_1_543' title='bbox 248 4170 453 4227; x_wconf 78' lang='lat' dir='ltr'><strong>landis</strong></span> <span class='ocrx_word' id='word_1_544' title='bbox 515 4174 829 4247; x_wconf 87' lang='lat' dir='ltr'><strong>Scripturis</strong></span> <span class='ocrx_word' id='word_1_545' title='bbox 879 4180 1036 4235; x_wconf 77' lang='lat' dir='ltr'><strong>duxit</strong></span> <span class='ocrx_word' id='word_1_546' title='bbox 1087 4184 1512 4254; x_wconf 87' lang='lat' dir='ltr'><strong>impermissum.</strong></span> <span class='ocrx_word' id='word_1_547' title='bbox 1559 4189 1877 4260; x_wconf 79' lang='lat' dir='ltr'><strong>Recipiebat</strong></span> 
     </span>
    </p>
   </div>
   <div class='ocr_carea' id='block_1_71' title="bbox 244 4262 1876 4352">
    <p class='ocr_par' dir='ltr' id='par_1_71' title="bbox 244 4262 1876 4352">
     <span class='ocr_line' id='line_1_71' title="bbox 244 4262 1876 4352; baseline 0.015 -39"><span class='ocrx_word' id='word_1_548' title='bbox 244 4262 353 4316; x_wconf 66' lang='lat' dir='ltr'><strong>me</strong></span> <span class='ocrx_word' id='word_1_549' title='bbox 382 4266 627 4334; x_wconf 83' lang='lat' dir='ltr'><strong>quidem</strong></span> <span class='ocrx_word' id='word_1_550' title='bbox 660 4270 956 4341; x_wconf 85' lang='lat' dir='ltr'><strong>plerasque</strong></span> <span class='ocrx_word' id='word_1_551' title='bbox 988 4272 1322 4346; x_wconf 90' lang='lat' dir='ltr'><strong>Scripturas,</strong></span> <span class='ocrx_word' id='word_1_552' title='bbox 1355 4282 1481 4337; x_wconf 88' lang='lat' dir='ltr'><strong>licet</strong></span> <span class='ocrx_word' id='word_1_553' title='bbox 1512 4298 1677 4352; x_wconf 80' lang='lat' dir='ltr'><strong>prave</strong></span> <span class='ocrx_word' id='word_1_554' title='bbox 1708 4286 1876 4339; x_wconf 88' lang='lat' dir='ltr'><strong>inter-</strong></span> 
     </span>
    </p>
   </div>
   <div class='ocr_carea' id='block_1_72' title="bbox 238 4354 3556 4449">
    <p class='ocr_par' dir='ltr' id='par_1_72' title="bbox 238 4354 3556 4449">
     <span class='ocr_line' id='line_1_72' title="bbox 238 4354 3556 4449; baseline 0.007 -40"><span class='ocrx_word' id='word_1_555' title='bbox 238 4367 627 4449; x_wconf 44' lang='lat' dir='ltr'><strong>armaretur.</strong></span> <span class='ocrx_word' id='word_1_556' title='bbox 665 4360 828 4429; x_wconf 78' lang='lat' dir='ltr'><strong>Nam,</strong></span> <span class='ocrx_word' id='word_1_557' title='bbox 860 4372 921 4418; x_wconf 90' lang='lat' dir='ltr'><strong>ut</strong></span> <span class='ocrx_word' id='word_1_558' title='bbox 949 4381 1108 4435; x_wconf 87' lang='lat' dir='ltr'><strong>supra</strong></span> <span class='ocrx_word' id='word_1_559' title='bbox 1155 4369 1407 4437; x_wconf 83' lang='lat' dir='ltr'><strong>vidimus,</strong></span> <span class='ocrx_word' id='word_1_560' title='bbox 1442 4374 1573 4429; x_wconf 88' lang='lat' dir='ltr'><strong>illud</strong></span> <span class='ocrx_word' id='word_1_561' title='bbox 1597 4354 1870 4431; x_wconf 67' lang='lat' dir='ltr'><strong>Genesis:</strong></span> <span class='ocrx_word' id='word_1_562' title='bbox 1974 4354 2074 4435; x_wconf 80' lang='lat' dir='ltr'><strong>siis</strong></span> <span class='ocrx_word' id='word_1_563' title='bbox 2124 4354 2359 4442; x_wconf 80' lang='lat' dir='ltr'><strong>nostris,</strong></span> <span class='ocrx_word' id='word_1_564' title='bbox 2389 4392 2528 4447; x_wconf 90' lang='lat' dir='ltr'><strong>quos</strong></span> <span class='ocrx_word' id='word_1_565' title='bbox 2574 4392 2763 4433; x_wconf 92' lang='lat' dir='ltr'><strong>omnes</strong></span> <span class='ocrx_word' id='word_1_566' title='bbox 2809 4378 2866 4433; x_wconf 90' lang='lat' dir='ltr'><strong>in</strong></span> <span class='ocrx_word' id='word_1_567' title='bbox 2921 4391 3088 4433; x_wconf 93' lang='lat' dir='ltr'><strong>unum</strong></span> <span class='ocrx_word' id='word_1_568' title='bbox 3130 4386 3420 4449; x_wconf 82' lang='lat' dir='ltr'><strong>congestos</strong></span> <span class='ocrx_word' id='word_1_569' title='bbox 3469 4394 3556 4435; x_wconf 78' lang='lat' dir='ltr'><strong>se-</strong></span> 
     </span>
    </p>
   </div>
   <div class='ocr_carea' id='block_1_73' title="bbox 238 4443 3552 4541">
    <p class='ocr_par' dir='ltr' id='par_1_73' title="bbox 238 4443 3552 4541">
     <span class='ocr_line' id='line_1_73' title="bbox 238 4443 3552 4541; baseline 0.008 -43"><span class='ocrx_word' id='word_1_570' title='bbox 238 4443 401 4501; x_wconf 74' lang='lat' dir='ltr'><strong>Fiat</strong></span> <span class='ocrx_word' id='word_1_571' title='bbox 428 4450 541 4503; x_wconf 66' lang='lat' dir='ltr'><strong>tu:</strong></span> <span class='ocrx_word' id='word_1_572' title='bbox 566 4453 612 4519; x_wconf 80' lang='grc'>⁸,</span> <span class='ocrx_word' id='word_1_573' title='bbox 643 4456 927 4522; x_wconf 89' lang='lat' dir='ltr'><strong>precantis</strong></span> <span class='ocrx_word' id='word_1_574' title='bbox 950 4472 1101 4523; x_wconf 86' lang='lat' dir='ltr'><strong>esse,</strong></span> <span class='ocrx_word' id='word_1_575' title='bbox 1134 4476 1239 4515; x_wconf 90' lang='lat' dir='ltr'><strong>non</strong></span> <span class='ocrx_word' id='word_1_576' title='bbox 1270 4463 1511 4533; x_wconf 75' lang='lat' dir='ltr'><strong>iubentis</strong></span> <span class='ocrx_word' id='word_1_577' title='bbox 1544 4464 1825 4523; x_wconf 78' lang='lat' dir='ltr'><strong>etfutiebat</strong></span> <span class='ocrx_word' id='word_1_578' title='bbox 1855 4486 1870 4523; x_wconf 91' lang='lat'><strong>:</strong></span> <span class='ocrx_word' id='word_1_579' title='bbox 1976 4471 2153 4539; x_wconf 88' lang='lat' dir='ltr'><strong>posui,</strong></span> <span class='ocrx_word' id='word_1_580' title='bbox 2177 4480 2230 4525; x_wconf 90' lang='lat' dir='ltr'><strong>et</strong></span> <span class='ocrx_word' id='word_1_581' title='bbox 2262 4485 2358 4539; x_wconf 90' lang='lat' dir='ltr'><strong>pro</strong></span> <span class='ocrx_word' id='word_1_582' title='bbox 2390 4443 2476 4525; x_wconf 82' lang='lat' dir='ltr'><strong>bis</strong></span> <span class='ocrx_word' id='word_1_583' title='bbox 2504 4477 2735 4541; x_wconf 89' lang='lat' dir='ltr'><strong>quatuor</strong></span> <span class='ocrx_word' id='word_1_584' title='bbox 2764 4443 3552 4541; x_wconf 40' lang='lat' dir='ltr'><strong>evangelistarum&#39;Evangelia</strong></span> 
     </span>
    </p>
   </div>
   <div class='ocr_carea' id='block_1_74' title="bbox 232 4542 2335 4657">
    <p class='ocr_par' dir='ltr' id='par_1_74' title="bbox 232 4542 2335 4657">
     <span class='ocr_line' id='line_1_74' title="bbox 232 4542 2335 4657; baseline 0.01 -64"><span class='ocrx_word' id='word_1_585' title='bbox 232 4542 469 4595; x_wconf 70' lang='lat' dir='ltr'><strong>vinum</strong></span> <span class='ocrx_word' id='word_1_586' title='bbox 520 4558 589 4599; x_wconf 76' lang='lat' dir='ltr'><strong>ex</strong></span> <span class='ocrx_word' id='word_1_587' title='bbox 645 4548 882 4615; x_wconf 88' lang='lat' dir='ltr'><strong>quodam</strong></span> <span class='ocrx_word' id='word_1_588' title='bbox 928 4551 1091 4607; x_wconf 78' lang='lat' dir='ltr'><strong>Amos</strong></span> <span class='ocrx_word' id='word_1_589' title='bbox 1138 4558 1526 4624; x_wconf 85' lang='lat' dir='ltr'><strong>testimonio’,</strong></span> <span class='ocrx_word' id='word_1_590' title='bbox 1581 4563 1869 4616; x_wconf 88' lang='lat' dir='ltr'><strong>matrimo-</strong></span> <span class='ocrx_word' id='word_1_591' title='bbox 1901 4602 1947 4657; x_wconf 70' lang='grc' dir='ltr'>Β</span> <span class='ocrx_word' id='word_1_592' title='bbox 1979 4562 2278 4616; x_wconf 73' lang='lat' dir='ltr'><strong>introduxi.</strong></span> <span class='ocrx_word' id='word_1_593' title='bbox 2317 4580 2335 4613; x_wconf 74' lang='grc' dir='ltr'><strong>ι</strong></span> 
     </span>
    </p>
   </div>
   <div class='ocr_carea' id='block_1_75' title="bbox 242 4634 3551 4721">
    <p class='ocr_par' dir='ltr' id='par_1_75' title="bbox 242 4634 3551 4721">
     <span class='ocr_line' id='line_1_75' title="bbox 242 4634 3551 4721; baseline 0.005 -35"><span class='ocrx_word' id='word_1_594' title='bbox 242 4634 428 4689; x_wconf 80' lang='lat' dir='ltr'><strong>nium</strong></span> <span class='ocrx_word' id='word_1_595' title='bbox 460 4652 537 4691; x_wconf 82' lang='lat' dir='ltr'><strong>ex</strong></span> <span class='ocrx_word' id='word_1_596' title='bbox 577 4639 691 4693; x_wconf 88' lang='lat' dir='ltr'><strong>alio</strong></span> <span class='ocrx_word' id='word_1_597' title='bbox 723 4641 877 4697; x_wconf 88' lang='lat' dir='ltr'><strong>Pauli</strong></span> <span class='ocrx_word' id='word_1_598' title='bbox 926 4645 1268 4703; x_wconf 87' lang='lat' dir='ltr'><strong>interdictum</strong></span> <span class='ocrx_word' id='word_1_599' title='bbox 1312 4665 1432 4706; x_wconf 88' lang='lat' dir='ltr'><strong>esse</strong></span> <span class='ocrx_word' id='word_1_600' title='bbox 1481 4654 1865 4709; x_wconf 86' lang='lat' dir='ltr'><strong>contendebat.</strong></span> <span class='ocrx_word' id='word_1_601' title='bbox 1901 4634 1946 4657; x_wconf 68' lang='grc' dir='ltr'><em>υ</em></span> <span class='ocrx_word' id='word_1_602' title='bbox 2045 4652 2123 4707; x_wconf 81' lang='lat' dir='ltr'><strong>Ex</strong></span> <span class='ocrx_word' id='word_1_603' title='bbox 2149 4652 2235 4706; x_wconf 80' lang='lat' dir='ltr'><strong>liis</strong></span> <span class='ocrx_word' id='word_1_604' title='bbox 2260 4660 2407 4721; x_wconf 88' lang='lat' dir='ltr'><strong>patet</strong></span> <span class='ocrx_word' id='word_1_605' title='bbox 2429 4649 2776 4706; x_wconf 84' lang='lat' dir='ltr'><strong>Harmoniam</strong></span> <span class='ocrx_word' id='word_1_606' title='bbox 2805 4650 3183 4720; x_wconf 81' lang='lat' dir='ltr'><strong>evangelicum,</strong></span> <span class='ocrx_word' id='word_1_607' title='bbox 3215 4666 3337 4721; x_wconf 57' lang='lat' dir='ltr'><strong>quae,</strong></span> <span class='ocrx_word' id='word_1_608' title='bbox 3362 4658 3551 4706; x_wconf 82' lang='lat' dir='ltr'><strong>exstat</strong></span> 
     </span>
    </p>
   </div>
   <div class='ocr_carea' id='block_1_76' title="bbox 250 4726 3551 4815">
    <p class='ocr_par' dir='ltr' id='par_1_76' title="bbox 250 4726 3551 4815">
     <span class='ocr_line' id='line_1_76' title="bbox 250 4726 3551 4815; baseline 0.005 -35"><span class='ocrx_word' id='word_1_609' title='bbox 250 4742 277 4775; x_wconf 71' lang='grc' dir='ltr'><strong>α</strong></span> <span class='ocrx_word' id='word_1_610' title='bbox 316 4726 623 4783; x_wconf 80' lang='lat' dir='ltr'><strong>Tentabat</strong></span> <span class='ocrx_word' id='word_1_611' title='bbox 648 4733 815 4787; x_wconf 87' lang='lat' dir='ltr'><strong>etiam</strong></span> <span class='ocrx_word' id='word_1_612' title='bbox 836 4776 850 4798; x_wconf 87' lang='lat'><strong>,</strong></span> <span class='ocrx_word' id='word_1_613' title='bbox 882 4745 1018 4791; x_wconf 90' lang='lat' dir='ltr'><strong>teste</strong></span> <span class='ocrx_word' id='word_1_614' title='bbox 1059 4738 1296 4807; x_wconf 71' lang='lat' dir='ltr'><strong>Irenaeo,</strong></span> <span class='ocrx_word' id='word_1_615' title='bbox 1322 4742 1551 4801; x_wconf 88' lang='lat' dir='ltr'><strong>subinde</strong></span> <span class='ocrx_word' id='word_1_616' title='bbox 1578 4746 1655 4800; x_wconf 90' lang='lat' dir='ltr'><strong>uti</strong></span> <span class='ocrx_word' id='word_1_617' title='bbox 1684 4746 1867 4815; x_wconf 85' lang='lat' dir='ltr'><strong>hujus-</strong></span> <span class='ocrx_word' id='word_1_618' title='bbox 1973 4746 2073 4800; x_wconf 90' lang='lat' dir='ltr'><strong>sub</strong></span> <span class='ocrx_word' id='word_1_619' title='bbox 2117 4745 2334 4799; x_wconf 88' lang='lat' dir='ltr'><strong>nomine</strong></span> <span class='ocrx_word' id='word_1_620' title='bbox 2375 4742 2589 4799; x_wconf 88' lang='lat' dir='ltr'><strong>Tatiani</strong></span> <span class='ocrx_word' id='word_1_621' title='bbox 2623 4746 2675 4799; x_wconf 91' lang='lat' dir='ltr'><strong>in</strong></span> <span class='ocrx_word' id='word_1_622' title='bbox 2719 4743 2974 4801; x_wconf 78' lang='lat' dir='ltr'><strong>Biblioth.</strong></span> <span class='ocrx_word' id='word_1_623' title='bbox 3007 4745 3161 4800; x_wconf 82' lang='lat' dir='ltr'><strong>Patr.</strong></span> <span class='ocrx_word' id='word_1_624' title='bbox 3206 4745 3250 4777; x_wconf 76' lang='lat'>”</span> <span class='ocrx_word' id='word_1_625' title='bbox 3291 4760 3396 4799; x_wconf 91' lang='lat' dir='ltr'><strong>non</strong></span> <span class='ocrx_word' id='word_1_626' title='bbox 3427 4758 3551 4797; x_wconf 83' lang='lat' dir='ltr'><strong>esse</strong></span> 
     </span>
    </p>
   </div>
   <div class='ocr_carea' id='block_1_77' title="bbox 252 4822 1879 4906">
    <p class='ocr_par' dir='ltr' id='par_1_77' title="bbox 252 4822 1867 4900">
     <span class='ocr_line' id='line_1_77' title="bbox 252 4822 1867 4900; baseline 0.015 -29"><span class='ocrx_word' id='word_1_627' title='bbox 252 4822 422 4873; x_wconf 75' lang='lat' dir='ltr'><strong>modi</strong></span> <span class='ocrx_word' id='word_1_628' title='bbox 484 4839 515 4876; x_wconf 85' lang='lat' dir='ltr'><strong>a</strong></span> <span class='ocrx_word' id='word_1_629' title='bbox 562 4824 733 4881; x_wconf 80' lang='lat' dir='ltr'><strong>Paulo</strong></span> <span class='ocrx_word' id='word_1_630' title='bbox 773 4829 987 4884; x_wconf 87' lang='lat' dir='ltr'><strong>assidue</strong></span> <span class='ocrx_word' id='word_1_631' title='bbox 1035 4834 1242 4889; x_wconf 86' lang='lat' dir='ltr'><strong>dictis:</strong></span> <span class='ocrx_word' id='word_1_632' title='bbox 1280 4835 1544 4900; x_wconf 83' lang='lat' dir='ltr'><strong>Quoniam</strong></span> <span class='ocrx_word' id='word_1_633' title='bbox 1592 4841 1650 4893; x_wconf 85' lang='lat' dir='ltr'><strong>in</strong></span> <span class='ocrx_word' id='word_1_634' title='bbox 1697 4840 1867 4894; x_wconf 79' lang='lat' dir='ltr'><strong>Adam</strong></span> 
     </span>
    </p>
   </div>
   <div class='ocr_carea' id='block_1_78' title="bbox 1981 4822 3550 4906">
    <p class='ocr_par' dir='ltr' id='par_1_78' title="bbox 1981 4833 3550 4906">
     <span class='ocr_line' id='line_1_78' title="bbox 1981 4833 3550 4906; baseline -0.003 -15"><span class='ocrx_word' id='word_1_635' title='bbox 1981 4838 2215 4903; x_wconf 79' lang='lat' dir='ltr'><strong>l&#39;atiani;</strong></span> <span class='ocrx_word' id='word_1_636' title='bbox 2254 4836 2451 4906; x_wconf 87' lang='lat' dir='ltr'><strong>quippe</strong></span> <span class='ocrx_word' id='word_1_637' title='bbox 2498 4851 2619 4891; x_wconf 90' lang='lat' dir='ltr'><strong>cum</strong></span> <span class='ocrx_word' id='word_1_638' title='bbox 2650 4836 2994 4906; x_wconf 79' lang='lat' dir='ltr'><strong>genealogias</strong></span> <span class='ocrx_word' id='word_1_639' title='bbox 3024 4851 3053 4889; x_wconf 91' lang='lat' dir='ltr'><strong>a</strong></span> <span class='ocrx_word' id='word_1_640' title='bbox 3087 4835 3316 4890; x_wconf 85' lang='lat' dir='ltr'><strong>Tatiano</strong></span> <span class='ocrx_word' id='word_1_641' title='bbox 3365 4833 3550 4889; x_wconf 65' lang='lat' dir='ltr'><strong>sublao</strong></span> 
     </span>
    </p>
   </div>
   <div class='ocr_carea' id='block_1_79' title="bbox 262 4918 3547 4998">
    <p class='ocr_par' dir='ltr' id='par_1_79' title="bbox 262 4918 3547 4998">
     <span class='ocr_line' id='line_1_79' title="bbox 262 4918 3547 4998; baseline 0.005 -36"><span class='ocrx_word' id='word_1_642' title='bbox 262 4927 465 4967; x_wconf 71' lang='lat' dir='ltr'><strong>omnes</strong></span> <span class='ocrx_word' id='word_1_643' title='bbox 509 4918 833 4974; x_wconf 72' lang='lat' dir='ltr'><strong>moriuntur.</strong></span> <span class='ocrx_word' id='word_1_644' title='bbox 869 4922 913 4953; x_wconf 82' lang='lat'>&quot;</span> <span class='ocrx_word' id='word_1_645' title='bbox 948 4941 967 4973; x_wconf 78' lang='grc' dir='ltr'><strong>ι</strong></span> <span class='ocrx_word' id='word_1_646' title='bbox 1015 4922 1242 4979; x_wconf 90' lang='lat' dir='ltr'><strong>Plurimi</strong></span> <span class='ocrx_word' id='word_1_647' title='bbox 1296 4924 1530 4983; x_wconf 84' lang='lat' dir='ltr'><strong>faciebat</strong></span> <span class='ocrx_word' id='word_1_648' title='bbox 1574 4930 1868 4998; x_wconf 89' lang='lat' dir='ltr'><strong>Epistolam</strong></span> <span class='ocrx_word' id='word_1_649' title='bbox 1970 4938 2054 4983; x_wconf 89' lang='lat' dir='ltr'><strong>tas</strong></span> <span class='ocrx_word' id='word_1_650' title='bbox 2076 4928 2374 4985; x_wconf 89' lang='lat' dir='ltr'><strong>contineat.</strong></span> <span class='ocrx_word' id='word_1_651' title='bbox 2401 4926 2549 4982; x_wconf 84' lang='lat' dir='ltr'><strong>Hanc</strong></span> <span class='ocrx_word' id='word_1_652' title='bbox 2576 4938 2753 4981; x_wconf 89' lang='lat' dir='ltr'><strong>tamen</strong></span> <span class='ocrx_word' id='word_1_653' title='bbox 2778 4926 3013 4981; x_wconf 90' lang='lat' dir='ltr'><strong>Tatiauo</strong></span> <span class='ocrx_word' id='word_1_654' title='bbox 3038 4926 3371 4981; x_wconf 86' lang='lat' dir='ltr'><strong>attribnebat</strong></span> <span class='ocrx_word' id='word_1_655' title='bbox 3393 4934 3547 4980; x_wconf 84' lang='lat' dir='ltr'><strong>sexto</strong></span> 
     </span>
    </p>
   </div>
   <div class='ocr_carea' id='block_1_80' title="bbox 270 5003 3544 5090">
    <p class='ocr_par' dir='ltr' id='par_1_80' title="bbox 270 5003 3544 5090">
     <span class='ocr_line' id='line_1_80' title="bbox 270 5003 3544 5090; baseline 0.004 -34"><span class='ocrx_word' id='word_1_656' title='bbox 270 5004 341 5055; x_wconf 78' lang='lat' dir='ltr'><strong>ad</strong></span> <span class='ocrx_word' id='word_1_657' title='bbox 375 5003 605 5073; x_wconf 78' lang='lat' dir='ltr'><strong>Titum;</strong></span> <span class='ocrx_word' id='word_1_658' title='bbox 654 5010 751 5065; x_wconf 88' lang='lat' dir='ltr'><strong>sed</strong></span> <span class='ocrx_word' id='word_1_659' title='bbox 798 5015 1052 5083; x_wconf 85' lang='lat' dir='ltr'><strong>quamvis</strong></span> <span class='ocrx_word' id='word_1_660' title='bbox 1083 5018 1251 5074; x_wconf 87' lang='lat' dir='ltr'><strong>multa</strong></span> <span class='ocrx_word' id='word_1_661' title='bbox 1294 5018 1447 5075; x_wconf 89' lang='lat' dir='ltr'><strong>Pauli</strong></span> <span class='ocrx_word' id='word_1_662' title='bbox 1480 5023 1547 5076; x_wconf 89' lang='lat' dir='ltr'><strong>ad</strong></span> <span class='ocrx_word' id='word_1_663' title='bbox 1579 5037 1710 5078; x_wconf 92' lang='lat' dir='ltr'><strong>usus</strong></span> <span class='ocrx_word' id='word_1_664' title='bbox 1739 5039 1867 5081; x_wconf 90' lang='lat' dir='ltr'><strong>suos</strong></span> <span class='ocrx_word' id='word_1_665' title='bbox 1968 5020 2164 5075; x_wconf 65' lang='lat' dir='ltr'><strong>saeculo</strong></span> <span class='ocrx_word' id='word_1_666' title='bbox 2193 5020 2380 5075; x_wconf 83' lang='lat' dir='ltr'><strong>Victor</strong></span> <span class='ocrx_word' id='word_1_667' title='bbox 2420 5019 2730 5090; x_wconf 84' lang='lat' dir='ltr'><strong>Capuanus.</strong></span> <span class='ocrx_word' id='word_1_668' title='bbox 2759 5018 2867 5074; x_wconf 91' lang='lat' dir='ltr'><strong>Sed</strong></span> <span class='ocrx_word' id='word_1_669' title='bbox 2919 5034 2983 5074; x_wconf 89' lang='lat' dir='ltr'><strong>ea</strong></span> <span class='ocrx_word' id='word_1_670' title='bbox 3034 5019 3102 5074; x_wconf 86' lang='lat' dir='ltr'><strong>de</strong></span> <span class='ocrx_word' id='word_1_671' title='bbox 3150 5034 3208 5073; x_wconf 89' lang='lat' dir='ltr'><strong>re</strong></span> <span class='ocrx_word' id='word_1_672' title='bbox 3256 5017 3398 5071; x_wconf 87' lang='lat' dir='ltr'><strong>nulla</strong></span> <span class='ocrx_word' id='word_1_673' title='bbox 3432 5018 3544 5086; x_wconf 88' lang='lat' dir='ltr'><strong>jam</strong></span> 
     </span>
    </p>
   </div>
   <div class='ocr_carea' id='block_1_81' title="bbox 272 5093 3546 5184">
    <p class='ocr_par' dir='ltr' id='par_1_81' title="bbox 272 5093 3546 5184">
     <span class='ocr_line' id='line_1_81' title="bbox 272 5093 3546 5184; baseline 0.004 -38"><span class='ocrx_word' id='word_1_674' title='bbox 272 5093 473 5151; x_wconf 81' lang='lat' dir='ltr'><strong>idonea</strong></span> <span class='ocrx_word' id='word_1_675' title='bbox 522 5100 783 5171; x_wconf 82' lang='lat' dir='ltr'><strong>duceret,</strong></span> <span class='ocrx_word' id='word_1_676' title='bbox 820 5108 1115 5163; x_wconf 89' lang='lat' dir='ltr'><strong>nonnullas</strong></span> <span class='ocrx_word' id='word_1_677' title='bbox 1163 5117 1347 5167; x_wconf 86' lang='lat' dir='ltr'><strong>tamen</strong></span> <span class='ocrx_word' id='word_1_678' title='bbox 1382 5113 1551 5181; x_wconf 66' lang='lat' dir='ltr'><strong>{illius</strong></span> <span class='ocrx_word' id='word_1_679' title='bbox 1599 5115 1860 5184; x_wconf 89' lang='lat' dir='ltr'><strong>epistolas</strong></span> <span class='ocrx_word' id='word_1_680' title='bbox 1967 5112 2111 5167; x_wconf 89' lang='lat' dir='ltr'><strong>inter</strong></span> <span class='ocrx_word' id='word_1_681' title='bbox 2159 5111 2401 5167; x_wconf 88' lang='lat' dir='ltr'><strong>eruditos</strong></span> <span class='ocrx_word' id='word_1_682' title='bbox 2451 5110 2745 5165; x_wconf 90' lang='lat' dir='ltr'><strong>dissensio.</strong></span> <span class='ocrx_word' id='word_1_683' title='bbox 2792 5111 2863 5164; x_wconf 83' lang='lat' dir='ltr'><strong>At</strong></span> <span class='ocrx_word' id='word_1_684' title='bbox 2911 5110 3179 5163; x_wconf 88' lang='lat' dir='ltr'><strong>Baronius</strong></span> <span class='ocrx_word' id='word_1_685' title='bbox 3232 5119 3286 5162; x_wconf 93' lang='lat' dir='ltr'><strong>et</strong></span> <span class='ocrx_word' id='word_1_686' title='bbox 3334 5106 3546 5162; x_wconf 88' lang='lat' dir='ltr'><strong>Caveus</strong></span> 
     </span>
    </p>
   </div>
   <div class='ocr_carea' id='block_1_82' title="bbox 280 5185 3543 5264">
    <p class='ocr_par' dir='ltr' id='par_1_82' title="bbox 280 5185 3543 5264">
     <span class='ocr_line' id='line_1_82' title="bbox 280 5185 3543 5264; baseline 0.003 -22"><span class='ocrx_word' id='word_1_687' title='bbox 280 5185 493 5257; x_wconf 78' lang='lat' dir='ltr'><strong>reiecit,</strong></span> <span class='ocrx_word' id='word_1_688' title='bbox 539 5208 635 5264; x_wconf 84' lang='lat' dir='ltr'><strong>spe</strong></span> <span class='ocrx_word' id='word_1_689' title='bbox 691 5198 913 5256; x_wconf 77' lang='lat' dir='ltr'><strong>sublata</strong></span> <span class='ocrx_word' id='word_1_690' title='bbox 983 5200 1238 5258; x_wconf 74' lang='lat' dir='ltr'><strong>eludendi</strong></span> <span class='ocrx_word' id='word_1_691' title='bbox 1293 5214 1346 5259; x_wconf 76' lang='lat' dir='ltr'><strong>ct</strong></span> <span class='ocrx_word' id='word_1_692' title='bbox 1394 5205 1701 5260; x_wconf 77' lang='lat' dir='ltr'><strong>cavillandi.</strong></span> <span class='ocrx_word' id='word_1_693' title='bbox 1745 5206 1871 5263; x_wconf 55' lang='lat' dir='ltr'><strong>Hac</strong></span> <span class='ocrx_word' id='word_1_694' title='bbox 1972 5200 2120 5256; x_wconf 91' lang='lat' dir='ltr'><strong>litem</strong></span> <span class='ocrx_word' id='word_1_695' title='bbox 2176 5209 2462 5256; x_wconf 87' lang='lat' dir='ltr'><strong>moverunt</strong></span> <span class='ocrx_word' id='word_1_696' title='bbox 2510 5202 2578 5256; x_wconf 93' lang='lat' dir='ltr'><strong>de</strong></span> <span class='ocrx_word' id='word_1_697' title='bbox 2625 5200 2728 5255; x_wconf 88' lang='lat' dir='ltr'><strong>alia</strong></span> <span class='ocrx_word' id='word_1_698' title='bbox 2788 5199 3088 5254; x_wconf 82' lang='lat' dir='ltr'><strong>Harmonia</strong></span> <span class='ocrx_word' id='word_1_699' title='bbox 3135 5199 3431 5254; x_wconf 86' lang='lat' dir='ltr'><strong>Ammonio</strong></span> <span class='ocrx_word' id='word_1_700' title='bbox 3485 5198 3543 5252; x_wconf 87' lang='lat' dir='ltr'><strong>in</strong></span> 
     </span>
    </p>
   </div>
   <div class='ocr_carea' id='block_1_83' title="bbox 286 5276 3542 5366">
    <p class='ocr_par' dir='ltr' id='par_1_83' title="bbox 286 5276 3542 5366">
     <span class='ocr_line' id='line_1_83' title="bbox 286 5276 3542 5366; baseline 0.004 -37"><span class='ocrx_word' id='word_1_701' title='bbox 286 5276 529 5337; x_wconf 81' lang='lat' dir='ltr'><strong>discimus</strong></span> <span class='ocrx_word' id='word_1_702' title='bbox 578 5298 642 5340; x_wconf 81' lang='lat' dir='ltr'><strong>ex</strong></span> <span class='ocrx_word' id='word_1_703' title='bbox 686 5286 1076 5361; x_wconf 74' lang='lat' dir='ltr'><strong>Hieronymo.</strong></span> <span class='ocrx_word' id='word_1_704' title='bbox 1105 5292 1199 5360; x_wconf 87' lang='lat' dir='ltr'><strong>qui</strong></span> <span class='ocrx_word' id='word_1_705' title='bbox 1241 5294 1319 5349; x_wconf 87' lang='lat' dir='ltr'><strong>sic</strong></span> <span class='ocrx_word' id='word_1_706' title='bbox 1368 5294 1609 5362; x_wconf 82' lang='lat' dir='ltr'><strong>loquitur</strong></span> <span class='ocrx_word' id='word_1_707' title='bbox 1631 5310 1865 5366; x_wconf 71' lang='lat' dir='ltr'><strong>prooem.</strong></span> <span class='ocrx_word' id='word_1_708' title='bbox 1972 5294 2166 5349; x_wconf 90' lang='lat' dir='ltr'><strong>iisdem</strong></span> <span class='ocrx_word' id='word_1_709' title='bbox 2194 5292 2417 5348; x_wconf 87' lang='lat' dir='ltr'><strong>Patrum</strong></span> <span class='ocrx_word' id='word_1_710' title='bbox 2438 5292 2778 5348; x_wconf 75' lang='lat' dir='ltr'><strong>Bibliotltecis</strong></span> <span class='ocrx_word' id='word_1_711' title='bbox 2807 5291 3012 5348; x_wconf 86' lang='lat' dir='ltr'><strong>tributa</strong></span> <span class='ocrx_word' id='word_1_712' title='bbox 3042 5292 3108 5358; x_wconf 74' lang='lat'><strong>“,</strong></span> <span class='ocrx_word' id='word_1_713' title='bbox 3132 5307 3298 5361; x_wconf 90' lang='lat' dir='ltr'><strong>quam</strong></span> <span class='ocrx_word' id='word_1_714' title='bbox 3322 5291 3542 5362; x_wconf 87' lang='lat' dir='ltr'><strong>quidem</strong></span> 
     </span>
    </p>
   </div>
   <div class='ocr_carea' id='block_1_84' title="bbox 282 5376 3543 5454">
    <p class='ocr_par' dir='ltr' id='par_1_84' title="bbox 282 5376 3543 5454">
     <span class='ocr_line' id='line_1_84' title="bbox 282 5376 3543 5454; baseline 0.002 -26"><span class='ocrx_word' id='word_1_715' title='bbox 282 5376 549 5431; x_wconf 71' lang='lat' dir='ltr'><strong>Commeat.</strong></span> <span class='ocrx_word' id='word_1_716' title='bbox 580 5379 635 5433; x_wconf 90' lang='lat' dir='ltr'><strong>in</strong></span> <span class='ocrx_word' id='word_1_717' title='bbox 678 5380 867 5450; x_wconf 84' lang='lat' dir='ltr'><strong>Epist.</strong></span> <span class='ocrx_word' id='word_1_718' title='bbox 916 5379 990 5434; x_wconf 88' lang='lat' dir='ltr'><strong>ad</strong></span> <span class='ocrx_word' id='word_1_719' title='bbox 1023 5377 1230 5437; x_wconf 84' lang='lat' dir='ltr'><strong>Titum.</strong></span> <span class='ocrx_word' id='word_1_720' title='bbox 1263 5401 1282 5435; x_wconf 74' lang='grc' dir='ltr'><strong>ι</strong></span> <span class='ocrx_word' id='word_1_721' title='bbox 1319 5384 1425 5439; x_wconf 84' lang='lat' dir='ltr'><strong>Sed</strong></span> <span class='ocrx_word' id='word_1_722' title='bbox 1458 5385 1748 5454; x_wconf 86' lang='lat' dir='ltr'><strong>Tatianus,</strong></span> <span class='ocrx_word' id='word_1_723' title='bbox 1784 5387 1870 5441; x_wconf 90' lang='lat' dir='ltr'><strong>in-</strong></span> <span class='ocrx_word' id='word_1_724' title='bbox 1971 5402 2080 5442; x_wconf 89' lang='lat' dir='ltr'><strong>non</strong></span> <span class='ocrx_word' id='word_1_725' title='bbox 2128 5386 2400 5441; x_wconf 83' lang='lat' dir='ltr'><strong>Ammonii</strong></span> <span class='ocrx_word' id='word_1_726' title='bbox 2452 5385 2546 5441; x_wconf 85' lang='lat' dir='ltr'><strong>sed</strong></span> <span class='ocrx_word' id='word_1_727' title='bbox 2594 5386 2809 5440; x_wconf 87' lang='lat' dir='ltr'><strong>Tatiani</strong></span> <span class='ocrx_word' id='word_1_728' title='bbox 2858 5398 2979 5439; x_wconf 87' lang='lat' dir='ltr'><strong>esse</strong></span> <span class='ocrx_word' id='word_1_729' title='bbox 3026 5384 3386 5440; x_wconf 90' lang='lat' dir='ltr'><strong>contendunt.</strong></span> <span class='ocrx_word' id='word_1_730' title='bbox 3433 5382 3543 5437; x_wconf 89' lang='lat' dir='ltr'><strong>Sed</strong></span> 
     </span>
    </p>
   </div>
   <div class='ocr_carea' id='block_1_85' title="bbox 276 5461 3544 5548">
    <p class='ocr_par' dir='ltr' id='par_1_85' title="bbox 276 5461 3544 5548">
     <span class='ocr_line' id='line_1_85' title="bbox 276 5461 3544 5548; baseline -0.001 -19"><span class='ocrx_word' id='word_1_731' title='bbox 276 5461 404 5533; x_wconf 70' lang='grc' dir='ltr'>σεῖε.</span> <span class='ocrx_word' id='word_1_732' title='bbox 445 5466 876 5529; x_wconf 81' lang='lat' dir='ltr'><strong>Encratitarum</strong></span> <span class='ocrx_word' id='word_1_733' title='bbox 932 5472 1318 5541; x_wconf 85' lang='lat' dir='ltr'><strong>patriarcbes,</strong></span> <span class='ocrx_word' id='word_1_734' title='bbox 1350 5477 1441 5546; x_wconf 92' lang='lat' dir='ltr'><strong>qui</strong></span> <span class='ocrx_word' id='word_1_735' title='bbox 1478 5486 1533 5532; x_wconf 92' lang='lat' dir='ltr'><strong>et</strong></span> <span class='ocrx_word' id='word_1_736' title='bbox 1569 5479 1683 5546; x_wconf 78' lang='lat' dir='ltr'><strong>ipse</strong></span> <span class='ocrx_word' id='word_1_737' title='bbox 1734 5494 1869 5534; x_wconf 84' lang='lat' dir='ltr'><strong>non-</strong></span> <span class='ocrx_word' id='word_1_738' title='bbox 1969 5487 2306 5548; x_wconf 89' lang='lat' dir='ltr'><strong>postremum</strong></span> <span class='ocrx_word' id='word_1_739' title='bbox 2358 5476 2487 5530; x_wconf 91' lang='lat' dir='ltr'><strong>illud</strong></span> <span class='ocrx_word' id='word_1_740' title='bbox 2515 5491 2651 5547; x_wconf 91' lang='lat' dir='ltr'><strong>opus</strong></span> <span class='ocrx_word' id='word_1_741' title='bbox 2683 5474 2864 5529; x_wconf 88' lang='lat' dir='ltr'><strong>Latini</strong></span> <span class='ocrx_word' id='word_1_742' title='bbox 2896 5474 3181 5545; x_wconf 90' lang='lat' dir='ltr'><strong>scriptoris</strong></span> <span class='ocrx_word' id='word_1_743' title='bbox 3213 5484 3298 5530; x_wconf 90' lang='lat' dir='ltr'><strong>est</strong></span> <span class='ocrx_word' id='word_1_744' title='bbox 3328 5488 3544 5545; x_wconf 80' lang='lat' dir='ltr'><strong>germa-</strong></span> 
     </span>
    </p>
   </div>
   <div class='ocr_carea' id='block_1_86' title="bbox 258 5557 3540 5639">
    <p class='ocr_par' dir='ltr' id='par_1_86' title="bbox 258 5557 3540 5639">
     <span class='ocr_line' id='line_1_86' title="bbox 258 5557 3540 5639; baseline 0.003 -30"><span class='ocrx_word' id='word_1_745' title='bbox 258 5557 413 5621; x_wconf 73' lang='lat' dir='ltr'><strong>nule</strong></span> <span class='ocrx_word' id='word_1_746' title='bbox 450 5564 608 5624; x_wconf 80' lang='lat' dir='ltr'><strong>Pauli</strong></span> <span class='ocrx_word' id='word_1_747' title='bbox 655 5564 977 5639; x_wconf 80' lang='lat' dir='ltr'><strong>Epistolas</strong></span> <span class='ocrx_word' id='word_1_748' title='bbox 1032 5560 1260 5632; x_wconf 65' lang='lat' dir='ltr'><strong>reiecit,</strong></span> <span class='ocrx_word' id='word_1_749' title='bbox 1286 5566 1425 5623; x_wconf 87' lang='lat' dir='ltr'><strong>hanc</strong></span> <span class='ocrx_word' id='word_1_750' title='bbox 1470 5568 1553 5623; x_wconf 90' lang='lat' dir='ltr'><strong>vel</strong></span> <span class='ocrx_word' id='word_1_751' title='bbox 1587 5571 1825 5624; x_wconf 80' lang='lat' dir='ltr'><strong>maxime</strong></span> <span class='ocrx_word' id='word_1_752' title='bbox 1846 5612 1861 5638; x_wconf 97' lang='lat'><strong>,</strong></span> <span class='ocrx_word' id='word_1_753' title='bbox 1971 5569 2231 5625; x_wconf 87' lang='lat' dir='ltr'><strong>nissimus</strong></span> <span class='ocrx_word' id='word_1_754' title='bbox 2256 5569 2423 5635; x_wconf 87' lang='lat' dir='ltr'><strong>fetus,</strong></span> <span class='ocrx_word' id='word_1_755' title='bbox 2455 5582 2557 5624; x_wconf 90' lang='lat' dir='ltr'><strong>nec</strong></span> <span class='ocrx_word' id='word_1_756' title='bbox 2584 5566 2748 5622; x_wconf 87' lang='lat' dir='ltr'><strong>ullam</strong></span> <span class='ocrx_word' id='word_1_757' title='bbox 2779 5582 3004 5639; x_wconf 88' lang='lat' dir='ltr'><strong>prorsus</strong></span> <span class='ocrx_word' id='word_1_758' title='bbox 3032 5577 3219 5622; x_wconf 87' lang='lat' dir='ltr'><strong>notam</strong></span> <span class='ocrx_word' id='word_1_759' title='bbox 3259 5567 3443 5632; x_wconf 85' lang='lat' dir='ltr'><strong>habet,</strong></span> <span class='ocrx_word' id='word_1_760' title='bbox 3475 5581 3540 5619; x_wconf 77' lang='lat' dir='ltr'><strong>cx</strong></span> 
     </span>
    </p>
   </div>
   <div class='ocr_carea' id='block_1_87' title="bbox 293 5670 1879 5745">
    <p class='ocr_par' dir='ltr' id='par_1_87' title="bbox 293 5670 1879 5745">
     <span class='ocr_line' id='line_1_87' title="bbox 293 5670 1879 5745; baseline -0.002 -9"><span class='ocrx_word' id='word_1_761' title='bbox 293 5679 457 5737; x_wconf 80' lang='lat' dir='ltr'><strong>‘Ibt&#39;rl.</strong></span> <span class='ocrx_word' id='word_1_762' title='bbox 573 5682 597 5714; x_wconf 84' lang='lat'><strong><em>’</em></strong></span> <span class='ocrx_word' id='word_1_763' title='bbox 618 5682 695 5738; x_wconf 76' lang='grc' dir='ltr'><strong>Ν.</strong></span> <span class='ocrx_word' id='word_1_764' title='bbox 729 5678 837 5735; x_wconf 74' lang='grc'><strong>15.</strong></span> <span class='ocrx_word' id='word_1_765' title='bbox 1013 5670 1273 5745; x_wconf 52' lang='lat' dir='ltr'><strong>“Equi,</strong></span> <span class='ocrx_word' id='word_1_766' title='bbox 1304 5674 1357 5729; x_wconf 75' lang='lat'><strong>3.</strong></span> <span class='ocrx_word' id='word_1_767' title='bbox 1492 5681 1513 5711; x_wconf 73' lang='grc' dir='ltr'>θ</span> <span class='ocrx_word' id='word_1_768' title='bbox 1539 5681 1703 5736; x_wconf 84' lang='lat' dir='ltr'><strong>Amos</strong></span> <span class='ocrx_word' id='word_1_769' title='bbox 1741 5698 1801 5739; x_wconf 85' lang='lat' dir='ltr'><strong>tt.</strong></span> <span class='ocrx_word' id='word_1_770' title='bbox 1826 5680 1879 5734; x_wconf 88' lang='lat'><strong>8.</strong></span> 
     </span>
    </p>
   </div>
   <div class='ocr_carea' id='block_1_88' title="bbox 1981 5670 3538 5745">
    <p class='ocr_par' dir='ltr' id='par_1_88' title="bbox 2010 5680 3538 5745">
     <span class='ocr_line' id='line_1_88' title="bbox 2010 5680 3538 5745; baseline -0.003 -8"><span class='ocrx_word' id='word_1_771' title='bbox 2010 5683 2053 5713; x_wconf 82' lang='grc'><strong>¹⁰</strong></span> <span class='ocrx_word' id='word_1_772' title='bbox 2084 5682 2101 5736; x_wconf 98' lang='lat' dir='ltr'>I</span> <span class='ocrx_word' id='word_1_773' title='bbox 2129 5682 2253 5737; x_wconf 84' lang='lat' dir='ltr'><strong>Cor.</strong></span> <span class='ocrx_word' id='word_1_774' title='bbox 2280 5698 2367 5745; x_wconf 83' lang='lat' dir='ltr'><strong>xv,</strong></span> <span class='ocrx_word' id='word_1_775' title='bbox 2402 5681 2492 5738; x_wconf 63' lang='grc' dir='ltr'><strong>ΕΞ.</strong></span> <span class='ocrx_word' id='word_1_776' title='bbox 2630 5683 2670 5713; x_wconf 78' lang='grc'><strong>¹¹</strong></span> <span class='ocrx_word' id='word_1_777' title='bbox 2699 5680 2817 5735; x_wconf 91' lang='lat' dir='ltr'><strong>Lib.</strong></span> <span class='ocrx_word' id='word_1_778' title='bbox 2846 5696 2918 5744; x_wconf 90' lang='lat' dir='ltr'><strong>tv,</strong></span> <span class='ocrx_word' id='word_1_779' title='bbox 2960 5698 3009 5737; x_wconf 90' lang='lat' dir='ltr'><strong>c.</strong></span> <span class='ocrx_word' id='word_1_780' title='bbox 3047 5681 3139 5737; x_wconf 72' lang='lat'><strong>29.</strong></span> <span class='ocrx_word' id='word_1_781' title='bbox 3270 5683 3313 5713; x_wconf 83' lang='grc'>¹²</span> <span class='ocrx_word' id='word_1_782' title='bbox 3342 5680 3538 5735; x_wconf 60' lang='lat' dir='ltr'><strong>Haeret.</strong></span> 
     </span>
    </p>
   </div>
   <div class='ocr_carea' id='block_1_89' title="bbox 220 5741 1879 5827">
    <p class='ocr_par' dir='ltr' id='par_1_89' title="bbox 220 5741 1875 5827">
     <span class='ocr_line' id='line_1_89' title="bbox 220 5741 1875 5827; baseline 0.002 -25"><span class='ocrx_word' id='word_1_783' title='bbox 220 5752 348 5821; x_wconf 58' lang='lat' dir='ltr'><strong>(an,</strong></span> <span class='ocrx_word' id='word_1_784' title='bbox 394 5757 487 5812; x_wconf 71' lang='lat' dir='ltr'><strong>lib,</strong></span> <span class='ocrx_word' id='word_1_785' title='bbox 556 5772 597 5827; x_wconf 61' lang='grc' dir='ltr'>ι,</span> <span class='ocrx_word' id='word_1_786' title='bbox 633 5771 695 5813; x_wconf 72' lang='grc' dir='ltr'>ε,</span> <span class='ocrx_word' id='word_1_787' title='bbox 772 5746 891 5807; x_wconf 80' lang='lat'><strong>20.</strong></span> <span class='ocrx_word' id='word_1_788' title='bbox 954 5819 967 5823; x_wconf 22' lang='grc' dir='ltr'><em>ῃ</em></span> <span class='ocrx_word' id='word_1_789' title='bbox 1051 5741 1096 5773; x_wconf 80' lang='grc'><strong>⁸³</strong></span> <span class='ocrx_word' id='word_1_790' title='bbox 1128 5741 1266 5803; x_wconf 82' lang='lat' dir='ltr'><strong>Edit.</strong></span> <span class='ocrx_word' id='word_1_791' title='bbox 1318 5746 1514 5817; x_wconf 67' lang='lat' dir='ltr'><strong>Paris,</strong></span> <span class='ocrx_word' id='word_1_792' title='bbox 1568 5759 1700 5806; x_wconf 90' lang='lat' dir='ltr'><strong>tom.</strong></span> <span class='ocrx_word' id='word_1_793' title='bbox 1750 5750 1875 5822; x_wconf 81' lang='lat' dir='ltr'><strong>Vll;</strong></span> 
     </span>
    </p>
   </div>
   <div class='ocr_carea' id='block_1_90' title="bbox 1981 5741 3541 5827">
    <p class='ocr_par' dir='ltr' id='par_1_90' title="bbox 1981 5741 3541 5825">
     <span class='ocr_line' id='line_1_90' title="bbox 1981 5741 3541 5825; baseline -0.005 -17"><span class='ocrx_word' id='word_1_794' title='bbox 1981 5768 2115 5825; x_wconf 72' lang='lat'><strong>.03.,</strong></span> <span class='ocrx_word' id='word_1_795' title='bbox 2178 5741 2395 5809; x_wconf 86' lang='lat' dir='ltr'><strong>tum.ll.</strong></span> <span class='ocrx_word' id='word_1_796' title='bbox 2544 5752 2585 5783; x_wconf 74' lang='lat'>&quot;</span> <span class='ocrx_word' id='word_1_797' title='bbox 2633 5752 2774 5808; x_wconf 82' lang='lat' dir='ltr'><strong>Edit.</strong></span> <span class='ocrx_word' id='word_1_798' title='bbox 2838 5741 3011 5809; x_wconf 63' lang='lat' dir='ltr'><strong>Paris.</strong></span> <span class='ocrx_word' id='word_1_799' title='bbox 3084 5765 3122 5808; x_wconf 91' lang='lat' dir='ltr'><strong>t.</strong></span> <span class='ocrx_word' id='word_1_800' title='bbox 3185 5749 3274 5804; x_wconf 68' lang='lat' dir='ltr'><strong>VII</strong></span> <span class='ocrx_word' id='word_1_801' title='bbox 3380 5751 3541 5819; x_wconf 79' lang='lat' dir='ltr'><strong>Lug.,</strong></span> 
     </span>
    </p>
   </div>
   <div class='ocr_carea' id='block_1_91' title="bbox 213 5831 354 5890">
    <p class='ocr_par' dir='ltr' id='par_1_91' title="bbox 213 5831 354 5890">
     <span class='ocr_line' id='line_1_91' title="bbox 213 5831 354 5890; baseline -0.028 0"><span class='ocrx_word' id='word_1_802' title='bbox 213 5846 244 5890; x_wconf 78' lang='grc' dir='ltr'><strong>ι</strong></span> <span class='ocrx_word' id='word_1_803' title='bbox 280 5831 354 5890; x_wconf 83' lang='grc' dir='ltr'><strong>ω.</strong></span> 
     </span>
    </p>
   </div>
   <div class='ocr_carea' id='block_1_92' title="bbox 1980 3736 3557 3805">
    <p class='ocr_par' dir='ltr' id='par_1_92' title="bbox 1980 3736 3557 3805">
     <span class='ocr_line' id='line_1_92' title="bbox 1980 3736 3557 3805; baseline -0.002 -12"><span class='ocrx_word' id='word_1_804' title='bbox 1980 3740 2249 3799; x_wconf 86' lang='lat' dir='ltr'><strong>omnibus,</strong></span> <span class='ocrx_word' id='word_1_805' title='bbox 2271 3754 2390 3805; x_wconf 71' lang='lat' dir='ltr'><strong>qua:</strong></span> <span class='ocrx_word' id='word_1_806' title='bbox 2414 3738 2701 3791; x_wconf 88' lang='lat' dir='ltr'><strong>Dominum</strong></span> <span class='ocrx_word' id='word_1_807' title='bbox 2728 3750 2793 3790; x_wconf 84' lang='lat' dir='ltr'><strong>ex</strong></span> <span class='ocrx_word' id='word_1_808' title='bbox 2822 3736 3033 3789; x_wconf 90' lang='lat' dir='ltr'><strong>semine</strong></span> <span class='ocrx_word' id='word_1_809' title='bbox 3064 3736 3229 3789; x_wconf 85' lang='lat' dir='ltr'><strong>David</strong></span> <span class='ocrx_word' id='word_1_810' title='bbox 3258 3736 3557 3791; x_wconf 87' lang='lat' dir='ltr'><strong>secundum</strong></span> 
     </span>
    </p>
   </div>
   <div class='ocr_carea' id='block_1_93' title="bbox 1981 3826 3561 3897">
    <p class='ocr_par' dir='ltr' id='par_1_93' title="bbox 1981 3826 3561 3897">
     <span class='ocr_line' id='line_1_93' title="bbox 1981 3826 3561 3897; baseline -0.003 -12"><span class='ocrx_word' id='word_1_811' title='bbox 1981 3846 2196 3885; x_wconf 86' lang='lat' dir='ltr'><strong>carnem</strong></span> <span class='ocrx_word' id='word_1_812' title='bbox 2222 3842 2406 3883; x_wconf 85' lang='lat' dir='ltr'><strong>natum</strong></span> <span class='ocrx_word' id='word_1_813' title='bbox 2433 3827 2750 3884; x_wconf 83' lang='lat' dir='ltr'><strong>ostendunt.</strong></span> <span class='ocrx_word' id='word_1_814' title='bbox 2778 3827 2963 3897; x_wconf 89' lang='lat' dir='ltr'><strong>quue</strong></span> <span class='ocrx_word' id='word_1_815' title='bbox 2983 3826 3063 3881; x_wconf 87' lang='lat' dir='ltr'><strong>usl</strong></span> <span class='ocrx_word' id='word_1_816' title='bbox 3091 3835 3240 3891; x_wconf 88' lang='lat' dir='ltr'><strong>sunt,</strong></span> <span class='ocrx_word' id='word_1_817' title='bbox 3268 3844 3372 3882; x_wconf 91' lang='lat' dir='ltr'><strong>non</strong></span> <span class='ocrx_word' id='word_1_818' title='bbox 3401 3829 3561 3882; x_wconf 91' lang='lat' dir='ltr'><strong>modo</strong></span> 
     </span>
    </p>
   </div>
   <div class='ocr_carea' id='block_1_94' title="bbox 1980 3920 3555 3993">
    <p class='ocr_par' dir='ltr' id='par_1_94' title="bbox 1980 3920 3555 3993">
     <span class='ocr_line' id='line_1_94' title="bbox 1980 3920 3555 3993; baseline -0.003 -15"><span class='ocrx_word' id='word_1_819' title='bbox 1980 3924 2067 3991; x_wconf 90' lang='lat' dir='ltr'><strong>qui</strong></span> <span class='ocrx_word' id='word_1_820' title='bbox 2101 3924 2218 3993; x_wconf 89' lang='lat' dir='ltr'><strong>ejus</strong></span> <span class='ocrx_word' id='word_1_821' title='bbox 2264 3932 2422 3977; x_wconf 85' lang='lat' dir='ltr'><strong>erant</strong></span> <span class='ocrx_word' id='word_1_822' title='bbox 2455 3932 2639 3985; x_wconf 63' lang='lat' dir='ltr'><strong>sectae,</strong></span> <span class='ocrx_word' id='word_1_823' title='bbox 2689 3920 2781 3976; x_wconf 90' lang='lat' dir='ltr'><strong>sed</strong></span> <span class='ocrx_word' id='word_1_824' title='bbox 2836 3920 2873 3975; x_wconf 90' lang='lat' dir='ltr'><strong>ii</strong></span> <span class='ocrx_word' id='word_1_825' title='bbox 2928 3921 3092 3975; x_wconf 90' lang='lat' dir='ltr'><strong>etiam</strong></span> <span class='ocrx_word' id='word_1_826' title='bbox 3129 3920 3218 3990; x_wconf 93' lang='lat' dir='ltr'><strong>qui</strong></span> <span class='ocrx_word' id='word_1_827' title='bbox 3256 3920 3555 3989; x_wconf 85' lang='lat' dir='ltr'><strong>apostolica</strong></span> 
     </span>
    </p>
   </div>
   <div class='ocr_carea' id='block_1_95' title="bbox 1979 4012 3553 4084">
    <p class='ocr_par' dir='ltr' id='par_1_95' title="bbox 1979 4012 3553 4084">
     <span class='ocr_line' id='line_1_95' title="bbox 1979 4012 3553 4084; baseline -0.003 -14"><span class='ocrx_word' id='word_1_828' title='bbox 1979 4015 2228 4084; x_wconf 82' lang='lat' dir='ltr'><strong>dogmata</strong></span> <span class='ocrx_word' id='word_1_829' title='bbox 2275 4015 2662 4083; x_wconf 86' lang='lat' dir='ltr'><strong>sequebantur,</strong></span> <span class='ocrx_word' id='word_1_830' title='bbox 2707 4012 3124 4080; x_wconf 89' lang='lat' dir='ltr'><strong>compositionis</strong></span> <span class='ocrx_word' id='word_1_831' title='bbox 3167 4012 3413 4067; x_wconf 84' lang='lat' dir='ltr'><strong>fraudem</strong></span> <span class='ocrx_word' id='word_1_832' title='bbox 3447 4027 3553 4066; x_wconf 92' lang='lat' dir='ltr'><strong>non</strong></span> 
     </span>
    </p>
   </div>
   <div class='ocr_carea' id='block_1_96' title="bbox 1977 4101 3555 4175">
    <p class='ocr_par' dir='ltr' id='par_1_96' title="bbox 1977 4101 3555 4175">
     <span class='ocr_line' id='line_1_96' title="bbox 1977 4101 3555 4175; baseline -0.003 -15"><span class='ocrx_word' id='word_1_833' title='bbox 1977 4112 2395 4175; x_wconf 84' lang='lat' dir='ltr'><strong>cognoscentes,</strong></span> <span class='ocrx_word' id='word_1_834' title='bbox 2433 4104 2525 4159; x_wconf 88' lang='lat' dir='ltr'><strong>sed</strong></span> <span class='ocrx_word' id='word_1_835' title='bbox 2572 4101 2877 4172; x_wconf 86' lang='lat' dir='ltr'><strong>simplicius</strong></span> <span class='ocrx_word' id='word_1_836' title='bbox 2906 4110 3164 4170; x_wconf 85' lang='lat' dir='ltr'><strong>tanquam</strong></span> <span class='ocrx_word' id='word_1_837' title='bbox 3198 4104 3555 4172; x_wconf 86' lang='lat' dir='ltr'><strong>compendia-</strong></span> 
     </span>
    </p>
   </div>
   <div class='ocr_carea' id='block_1_97' title="bbox 1979 4193 3557 4263">
    <p class='ocr_par' dir='ltr' id='par_1_97' title="bbox 1979 4193 3557 4263">
     <span class='ocr_line' id='line_1_97' title="bbox 1979 4193 3557 4263; baseline -0.003 -12"><span class='ocrx_word' id='word_1_838' title='bbox 1979 4198 2060 4251; x_wconf 91' lang='lat' dir='ltr'><strong>rio</strong></span> <span class='ocrx_word' id='word_1_839' title='bbox 2093 4196 2230 4251; x_wconf 87' lang='lat' dir='ltr'><strong>libro</strong></span> <span class='ocrx_word' id='word_1_840' title='bbox 2261 4205 2495 4250; x_wconf 90' lang='lat' dir='ltr'><strong>utentes.</strong></span> <span class='ocrx_word' id='word_1_841' title='bbox 2522 4193 2723 4248; x_wconf 87' lang='lat' dir='ltr'><strong>Nactus</strong></span> <span class='ocrx_word' id='word_1_842' title='bbox 2751 4208 2871 4249; x_wconf 90' lang='lat' dir='ltr'><strong>sum</strong></span> <span class='ocrx_word' id='word_1_843' title='bbox 2900 4193 3063 4249; x_wconf 87' lang='lat' dir='ltr'><strong>etiam</strong></span> <span class='ocrx_word' id='word_1_844' title='bbox 3114 4194 3230 4263; x_wconf 90' lang='lat' dir='ltr'><strong>ipse</strong></span> <span class='ocrx_word' id='word_1_845' title='bbox 3260 4194 3429 4249; x_wconf 90' lang='lat' dir='ltr'><strong>libros</strong></span> <span class='ocrx_word' id='word_1_846' title='bbox 3458 4195 3557 4249; x_wconf 62' lang='lat' dir='ltr'><strong>hu»</strong></span> 
     </span>
    </p>
   </div>
   <div class='ocr_carea' id='block_1_98' title="bbox 1974 4285 3553 4357">
    <p class='ocr_par' dir='ltr' id='par_1_98' title="bbox 1974 4285 3553 4357">
     <span class='ocr_line' id='line_1_98' title="bbox 1974 4285 3553 4357; baseline 0 -15"><span class='ocrx_word' id='word_1_847' title='bbox 1974 4287 2205 4356; x_wconf 82' lang='lat' dir='ltr'><strong>jusmodi</strong></span> <span class='ocrx_word' id='word_1_848' title='bbox 2231 4301 2391 4357; x_wconf 86' lang='lat' dir='ltr'><strong>supra</strong></span> <span class='ocrx_word' id='word_1_849' title='bbox 2419 4286 2684 4341; x_wconf 90' lang='lat' dir='ltr'><strong>ducentos</strong></span> <span class='ocrx_word' id='word_1_850' title='bbox 2713 4285 2766 4339; x_wconf 90' lang='lat' dir='ltr'><strong>in</strong></span> <span class='ocrx_word' id='word_1_851' title='bbox 2797 4286 3006 4340; x_wconf 90' lang='lat' dir='ltr'><strong>honore</strong></span> <span class='ocrx_word' id='word_1_852' title='bbox 3032 4285 3247 4340; x_wconf 89' lang='lat' dir='ltr'><strong>habitos</strong></span> <span class='ocrx_word' id='word_1_853' title='bbox 3275 4285 3332 4339; x_wconf 92' lang='lat' dir='ltr'><strong>in</strong></span> <span class='ocrx_word' id='word_1_854' title='bbox 3365 4286 3553 4343; x_wconf 87' lang='lat' dir='ltr'><strong>Eccle-</strong></span> 
     </span>
    </p>
   </div>
  </div>
