3948 6256
484 410 587 466 179

1363 409 1419 464 S.
1459 403 1791 463 JUSTINUS
1826 395 2306 457 PHILOSOPHUS
2336 393 2424 448 ET
2453 391 2767 449 MARTYR‘.

3635 377 3748 430 180

484 551 589 604 qua
643 531 896 590 Latinum
944 548 976 588 e
1021 531 1211 589 Graeco
1258 532 1464 586 factum
1509 546 1804 602 agnoscas.
1851 529 2059 584 Deinde

2186 521 2241 593 ιὴ
2290 518 2561 587 παύσησθε
2595 517 2686 570 τοῦ
2741 514 2917 577 θύειν,
2965 510 3024 564 οὐ
3079 507 3343 561 παύσεται
3385 502 3478 574 ἀφ’
3518 498 3675 573 Σιμῶν
3709 501 3748 569 ἡ

484 642 615 681 vero
643 627 788 681 milia
815 641 1040 697 prorsus
1069 628 1120 680 in
1161 643 1217 681 re
1245 628 1455 682 Tatiani
1499 628 1694 682 haeresi
1727 625 2053 688 consulit‘,

488 717 584 771 sed
627 717 800 788 legem
847 717 1010 773 illusis
1057 719 1134 772 sic
1179 719 1557 781 commendat,
1593 719 1752 788 idque
1780 719 1962 773 verbis
2006 718 2059 771 in

493 807 774 875 Scriptura
797 823 902 860 non
928 808 1481 876 exstantilms(neque
1502 808 1645 862 enim
1672 809 1753 863 uti
1772 808 1911 862 solet
1935 807 2064 876 ipsis

493 896 795 967 Scriptura:
821 899 1036 968 verbis)
1066 909 1126 953 ut
1157 897 1389 954 Tatiano
1418 901 1599 969 allingi
1637 917 1741 954 non
1775 901 1967 969 possit.

563 990 650 1044 VI.
705 989 840 1045 Cum
897 1001 1005 1045 tam
1062 991 1171 1045 late
1219 995 1522 1046 manaverit
1575 994 1736 1061 hujus
1784 992 2063 1058 Evangelii

495 1081 657 1144 fama,
688 1083 996 1136 accuratius
1029 1083 1464 1154 investigandum
1499 1084 1655 1140 nobis
1681 1095 1796 1148 est,
1834 1085 1964 1152 quid
2000 1085 2067 1139 de

493 1188 561 1228 eo
591 1181 802 1229 veteres
851 1175 1110 1230 dixerint.
1154 1175 1289 1230 illud
1341 1177 1393 1230 in
1440 1177 1629 1245 primis
1671 1175 2065 1231 observandum

494 1275 613 1330 est,
648 1267 794 1335 quod
840 1269 916 1323 ait
952 1269 1313 1338 Epiphanius,
1340 1270 1444 1324 hoc
1468 1269 1683 1323 Tatiani
1717 1270 2066 1340 Evangelium

495 1372 524 1411 a
559 1357 837 1414 nonnullis
883 1364 1183 1414 secundum
1233 1360 1492 1417 Hebraeos
1542 1363 1745 1416 vocari.
1791 1360 1888 1416 Vix
1941 1378 2063 1431 pro-

496 1453 644 1508 fecto
699 1453 956 1508 credibile
995 1465 1080 1508 est
1129 1454 1385 1509 Hebrzeos
1435 1455 1590 1520 illos,
1641 1471 1871 1524 quorum
1932 1455 2067 1516 alii,

497 1559 691 1614 nempe
715 1543 988 1610 Nazareni,
1019 1545 1153 1614 legis
1183 1547 1621 1600 observationem
1654 1563 1774 1600 cum
1814 1547 2070 1600 Ecclesia:

497 1635 779 1690 catholicae
825 1638 1072 1691 doctrina
1121 1638 1458 1707 jungehant;
1510 1641 1600 1692 alii
1647 1655 1811 1703 vero,
1880 1655 2070 1709 nempe

498 1727 736 1782 Ebionazi
759 1729 822 1792 ‘“,
847 1729 1124 1784 Christum
1137 1731 1436 1799 simplicem
1457 1734 1728 1786 hominem
1744 1749 1811 1787 ex
1829 1732 2067 1800 Virgine,

495 1821 582 1873 vel
614 1820 779 1874 etiam
813 1836 876 1875 ex
903 1820 1138 1890 Josepho
1169 1822 1410 1890 genitum
1443 1823 1738 1888 dicebant,
1774 1825 2072 1894 Evangelio

498 1999 825 2056 fabricatum
878 2001 1085 2071 fuerat,
1137 2020 1266 2060 usos
1318 2005 1505 2060 fuisse.
1560 2011 1636 2061 Ac
1689 2010 1757 2062 de
1797 2005 2076 2064 Nazarazis

500 2095 720 2162 quidem
748 2098 972 2154 minime
998 2098 1251 2162 dubium,
1285 2101 1416 2168 quin
1451 2100 1516 2152 ad
1554 2115 1684 2155 usus
1706 2118 1834 2156 suos
1859 2104 2075 2158 ascive-

503 2189 615 2241 rint
667 2204 774 2244 non
831 2189 1050 2244 Tatiani
1106 2191 1492 2260 Evangelium,
1567 2194 1661 2248 sed
1726 2191 1854 2249 illud
1930 2198 2075 2266 quod

503 2280 561 2334 S.
584 2276 953 2352 Hieronymus
975 2282 1184 2340 Graecis
1216 2301 1278 2339 ae
1302 2285 1512 2340 Latinis
1539 2285 1733 2342 litteris
1761 2288 2073 2343 illustravit.

502 2376 575 2428 At
617 2377 759 2443 quod
804 2386 1016 2445 spectat
1053 2376 1118 2430 ad
1167 2377 1486 2444 Ebionitas,
1527 2379 1880 2450 Evangelium
1932 2383 2074 2451 quod

502 2467 584 2523 eis
634 2469 889 2523 attribuit
937 2469 1272 2540 Epiphanius
1323 2473 1375 2524 in
1433 2474 1624 2527 haeresi
1679 2475 1780 2539 56,
1827 2491 1948 2544 qua:
1997 2487 2080 2531 est

501 2559 912 2626 Ebionitarum,
961 2563 1101 2616 idem
1149 2579 1373 2632 prorsus
1406 2567 1622 2622 videtur
1675 2583 1794 2623 esse
1840 2585 1904 2623 ac
1946 2569 2074 2623 illud

503 2651 716 2709 Tatiani
754 2655 1122 2712 diatessaron.

575 2749 634 2801 1⁸
667 2749 733 2803 Ιιι-
755 2749 1084 2820 Evangelio,
1110 2754 1254 2820 quod
1283 2753 1617 2822 Epiphanius
1648 2755 1916 2808 Ebionitis
1954 2769 2080 2822 pro-

501 2839 682 2909 prium
716 2842 897 2905 tradit,
931 2853 1222 2910 amputata:
1256 2855 1416 2897 erant
1445 2845 1967 2915 genealogiae".'Ev
2002 2845 2080 2915 τῷ

501 2933 634 3000 γοῦν
691 2933 842 3006 παρὰ
891 2935 1074 2998 αὐτοῖς
1118 2936 1420 3007 εὐαγγελίῳ
1461 2939 1609 2992 κατά
1643 2937 1946 2992 Ματθαῶιν
1974 2939 2082 2991 ὀνο-

505 3027 817 3096 μαζομένῳ,
837 3027 936 3098 οὐχ
950 3027 1054 3099 ὅλῳ
1075 3027 1131 3080 δὲ
1149 3028 1252 3100 πλη
1261 3045 1319 3100 ρε
1327 3030 1523 3099 στάτῳ,
1538 3029 1672 3083 ἀλλὰ
1686 3030 2073 3105 νενοθευμὲνιει,

503 3117 596 3171 καὶ
637 3121 1174 3193 ἠκρωτηριασμένοι,
1220 3123 1506 3193 Ἑϐραικὸν
1528 3124 1582 3177 δὲ
1611 3125 2079 3184 τοῦτοκαλοῦσιν,

504 3210 830 3280 ἐμφέρεται,
864 3229 917 3265 κ.
946 3231 994 3266 τ.
1025 3214 1074 3266 λ.
1127 3231 1146 3263 ι
1177 3213 1344 3284 Igitur
1386 3216 1439 3269 in
1483 3231 1548 3269 eo
1578 3218 1719 3286 quod
1761 3231 1928 3284 penes
1958 3216 2080 3269 illos

2164 592 2320 687 ὀργή.
2374 631 2392 663 ι
2425 612 2535 682 Ego
2569 611 2636 663 ad
2669 603 2982 675 abroganda
3019 600 3288 656 sacriﬁcia
3328 600 3486 659 veni,
3522 603 3578 647 et
3632 592 3749 645 nisi

2165 685 2478 760 sacriﬁcare
2509 701 2812 762 desieritis,
2842 697 2938 751 Dei
2969 696 3020 748 in
3045 709 3141 747 vos
3172 693 3250 744 ira
3286 707 3391 744 non
3425 685 3692 742 cessabit.
3722 702 3742 736 ι

2165 795 2270 850 Pro
2302 810 2366 850 eo
2396 793 2536 864 quod
2569 791 2808 846 Joannes
2852 789 3050 842 dicitur
3083 784 3341 854 ἀκρίδας,
3382 781 3433 836 id
3465 788 3547 833 est
3591 777 3759 830 locu--

2166 900 2281 942 stas
2312 887 2613 940 comedisse
2635 925 2649 948 ,
2685 884 2770 936 isli
2805 879 3061 952 ἐγκρίδας
3096 879 3352 948 Epichyta
3404 873 3608 928 mellita
3648 885 3756 938 po-

2167 989 2406 1034 suerant.
2443 978 2574 1032 Illud
2607 975 2811 1031 Christi
2849 973 2988 1043 apud
3020 973 3224 1026 Lucam
3253 988 3266 1023 :
3303 967 3572 1021 Desiderio
3601 964 3764 1017 desi-

2168 1074 2348 1125 deravi
2386 1072 2482 1124 hoc
2524 1071 2731 1123 Pascha
2767 1067 3091 1121 manducare
3121 1065 3382 1118 vobiscum
3406 1061 3472 1123 ’°,
3530 1059 3615 1113 sic
3665 1057 3760 1111 in-

2169 1163 2482 1217 vertebatur
2516 1162 2568 1215 in
2605 1159 2900 1228 Evangelio
2936 1149 3760 1220 Ebionitarum:qmerentibus

2169 1254 2482 1320 discipulis:
2511 1252 2610 1307 Ubi
2634 1255 2709 1306 vis
2736 1267 2978 1317 paremus
3011 1248 3105 1302 tibi
3133 1249 3397 1301 comedere
3426 1243 3638 1296 Pascha
3665 1243 3712 1272 ’ί
3734 1241 3764 1294 ?

2172 1349 2250 1401 sic
2283 1347 2533 1401 Christus
2566 1345 2967 1412 respondebat:
2998 1341 3088 1413 Μὴ
3120 1338 3383 1410 ἐπιθυμίᾳ
3416 1336 3761 1407 ἐπεθύμησα

2172 1440 2338 1512 κρέας
2371 1437 2526 1492 τοῦτο
2554 1437 2613 1490 τὸ
2643 1437 2827 1506 πάσχα
2851 1436 3042 1505 φαγεῖν
3075 1433 3188 1504 μεθ’
3216 1432 3399 1503 ὑμῶν;
3441 1451 3460 1482 ι
3487 1429 3762 1499 Nunquid

2173 1531 2450 1586 desiderio
2495 1529 2800 1584 desideravi
2845 1542 3066 1582 carnem
3115 1527 3220 1580 hoc
3256 1525 3464 1579 Pascha
3513 1523 3763 1577 mandu-

2173 1638 2301 1676 care
2325 1621 2646 1677 vobiscum?
2674 1641 2692 1673 ι
2722 1621 2776 1675 ln
2812 1622 2899 1674 his
2936 1633 3238 1690 agnoscere
3266 1618 3393 1671 licet
3426 1633 3532 1671 non
3568 1617 3762 1671 solum

2176 1715 2393 1768 Tatiani
2419 1714 2608 1768 deliria
2629 1757 2644 1781 ,
2672 1712 2764 1768 sed
2796 1713 2961 1767 etiam
2994 1711 3138 1765 illius
3170 1711 3222 1765 in
3267 1708 3650 1779 pervcrtendis
3684 1710 3764 1760 ad

2178 1809 2466 1864 arbitrium
2513 1807 2815 1877 Scripturis
2859 1805 3162 1868 audaciam,
3209 1803 3277 1858 de
3318 1819 3425 1872 qua
3456 1801 3769 1868 Eusebius,

400 1945 404 1949 -
499 1909 739 1976 Tatiani,
767 1915 908 1981 quod
946 1915 1012 1967 ad
1046 1914 1441 1969 dissimillimos
1465 1932 1682 1972 errores
1717 1918 2070 1972 insinuandos
2109 1911 2150 1966 Β
2185 1901 2353 1965 "is!"
2385 1918 2458 1966 IV.
2487 1901 2578 1960 29-

2245 1991 2304 2044 ’5⁸
2344 1991 2693 2062 Evangelium
2745 1991 3043 2046 secundum
3099 1988 3394 2049 Hebraeos,
3427 1987 3569 2057 quod
3624 1987 3770 2056 Epi-

2180 2083 2383 2150 phanio
2409 2093 2594 2135 notum
2629 2082 2751 2147 fuit,
2788 2098 2893 2136 non
2916 2123 2930 2147 ,
2962 2091 3022 2134 ut
3055 2081 3185 2134 illud
3213 2081 3356 2148 quod
3387 2077 3770 2149 Hieronymus

2181 2176 2574 2244 interpretatus
2615 2185 2736 2237 est,
2783 2175 2901 2229 solo
2935 2174 3171 2228 Matthaci
3210 2181 3468 2227 contextu
3504 2175 3772 2225 contine-

2180 2266 2374 2332 batur;
2443 2269 2536 2324 sed
2601 2267 2760 2337 plane
2822 2277 2879 2320 ut
2939 2265 3290 2336 Evangelium
3358 2265 3573 2320 Tatiani
3638 2266 3778 2316 Διαι-

2181 2361 2496 2430 τεσσάρων,
2529 2377 2592 2413 ex
2627 2361 2748 2414 aliis
2793 2361 3249 2430 evangelistarum
3278 2357 3412 2412 locis
3440 2356 3638 2412 callide
3673 2372 3776 2410 as-

2182 2455 2319 2506 sutis
2355 2454 2662 2508 constabat.
2715 2451 3012 2521 Perspicua
3064 2468 3152 2506 res
3195 2463 3279 2508 est
3319 2462 3432 2506 tum
3478 2467 3544 2505 ex
3590 2450 3774 2504 Luca:

2184 2546 2407 2610 verbis,
2438 2561 2558 2613 qum
2602 2543 2761 2598 modo
2809 2546 2862 2597 in
2915 2545 3018 2598 hoc
3062 2542 3359 2613 Evangelio
3402 2541 3639 2612 maligne
3673 2540 3775 2594 dc-

2185 2646 2326 2690 torta
2366 2637 2638 2701 vidimus,
2678 2647 2792 2690 tum
2841 2652 2905 2691 ex
2942 2637 3051 2690 alio
3099 2635 3446 2703 testimonio,
3500 2635 3647 2701 quod
3693 2633 3776 2687 ab

2185 2732 2490 2800 Epiphanio
2541 2732 2848 2801 appositmn
2872 2770 2887 2796 ,
2921 2749 2978 2785 ιι.
3005 2731 3103 2794 15,
3158 2729 3358 2800 partim
3387 2744 3452 2783 ex
3484 2726 3729 2781 Matthazi
3750 2765 3771 2791 ,

2185 2823 2382 2891 partim
2413 2836 2478 2876 ex
2501 2821 2667 2875 Marci
2692 2831 2748 2876 et
2776 2820 2935 2876 Luca:
2961 2821 3142 2874 verbis
3182 2817 3471 2875 conﬂatum
3504 2825 3605 2870 est.

2255 2915 2311 2968 4ο
2347 2914 2406 2968 ln
2439 2915 2629 2968 eodem
2674 2914 2976 2969 secundum
3027 2913 3284 2967 Hebraeos
3318 2908 3610 2979 Evangelio
3660 2904 3770 2959 ba-

2185 3008 2420 3076 ptismus
2470 3007 2672 3060 Christi
2721 3006 3087 3071 describitur,
3133 3013 3192 3058 ut
3237 3003 3378 3072 apud
3432 3002 3771 3070 magistrum

2186 3097 2397 3151 Tatiani
2431 3095 2743 3151 Justinum:
2780 3097 2862 3150 hec
2892 3095 3069 3148 Patris
3094 3109 3254 3148 voces
3287 3092 3487 3146 audita:
3522 3106 3772 3145 narran-

2186 3203 2327 3245 tur:
2382 3191 2696 3260 Ego-hodie
2743 3191 2902 3260 genui
2954 3192 3102 3245 te”:
3152 3205 3408 3260 magnum
3466 3187 3648 3241 lumen
3707 3187 3772 3240 in

503 3308 590 3354 est
630 3300 866 3356 Matthmi
900 3280 1225 3374 Evangelio,
1254 3305 1429 3374 inquit
1481 3280 1609 3374 cap:
1640 3307 1728 3370 15,
1761 3280 2078 3376 quanquam
2108 3280 2152 3340 ε
2184 3285 2424 3341 “mane
2453 3285 2655 3340 diem"
2685 3282 2981 3340 θπυίδίδεθο

505 3405 575 3445 ne
603 3391 874 3462 integrum
902 3395 1121 3464 quidem
1162 3397 1292 3452 illud
1322 3399 1546 3464 habent,
1577 3401 1671 3454 sed
1710 3399 2076 3455 adulteratum

506 3497 571 3536 ac
619 3485 905 3551 mutilmn,
938 3487 1100 3556 idque
1146 3489 1320 3556 ipsum
1369 3487 1699 3544 Hebraicum
1736 3501 1961 3554 vocant,
2004 3491 2078 3544 ita

508 3574 772 3642 Scriptum
801 3585 905 3636 est,
931 3585 1038 3632 etc.
1070 3596 1088 3628 ι
1125 3577 1188 3630 Ει
1222 3577 1362 3630 infra
1384 3579 1428 3610 ¹⁸
1457 3596 1468 3630 :
1504 3581 1776 3652 Κήρινθος
1804 3581 1895 3636 καὶ
1931 3583 2084 3652 Καρ-

509 3667 720 3738 πόκρας
755 3667 832 3737 τῷ
855 3667 1003 3738 αὐτῷ
1032 3667 1304 3740 χρώμενοι
1338 3670 1494 3741 δῆθεν
1529 3675 1656 3744 παρ’
1693 3673 1878 3737 αὐτοῖς
1909 3673 2085 3744 Εὐαγ-

475 3756 674 3828 “·γελίῳ
701 3758 806 3812 ἀπὸ
827 3761 926 3830 τῆς
954 3761 1126 3832 ἀρχῆς
1149 3761 1242 3813 τοῦ
1268 3763 1406 3816 κατὰ
1441 3763 1715 3817 Ματθαῖον
1741 3766 2082 3834 εὐαγγελίου,

507 3850 599 3905 διὰ
632 3851 730 3922 τῆς
767 3852 1117 3921 γενεαλογίας
1147 3852 1431 3923 βούλονται
1473 3860 1744 3928 παριστᾷν
1795 3861 1860 3913 ὲκ
1921 3862 2086 3932 σπέρ-

514 3964 682 4016 ματος
723 3946 916 4017 Ἰωσὴφ
955 3946 1048 4000 καὶ
1083 3946 1303 4017 Μαρίας
1343 3943 1480 3999 εἶναι
1516 3948 1608 4002 τὸν
1639 3951 1892 4021 Χριστόν.
1928 3946 2086 4005 Οὗτοι

509 4040 750 4094 δίε-ἄλλα
796 4041 918 4092 τινὰ
949 4039 1303 4092 διανοοῦνται.
1358 4041 1782 4113 Παρακόψαντες
1835 4045 1945 4115 γὰρ
1989 4048 2084 4109 τὰς

511 4135 664 4206 παρὰ
695 4133 772 4206 τῷ
799 4133 1061 4202 Ματθαίῳ
1091 4133 1456 4202 γενεαλογίας,
1492 4135 1752 4205 ἄρχονται
1783 4139 1882 4210 τὴν
1913 4139 2087 4210 ἀρχὴν

511 4227 807 4294 ποιεῖσθαι,
837 4227 912 4292 ὡς
942 4228 1224 4299 προεῖπον.
1262 4245 1280 4277 ι
1311 4228 1602 4282 Cerintbus
1627 4231 1769 4282 enim
1803 4242 1850 4284 el
1878 4230 1951 4285 Ca
1965 4247 2088 4301 rpo-

511 4329 692 4374 crates
719 4321 907 4374 eodem
936 4317 1195 4381 Matthazi,
1231 4331 1288 4372 nt
1315 4321 1533 4388 quidem
1555 4322 1762 4386 volunt,
1791 4322 2087 4393 Evangelio

513 4414 636 4467 freti
668 4451 683 4476 ,
718 4427 784 4466 ex
821 4413 939 4480 ejus
974 4413 1132 4467 initio
1158 4413 1477 4481 Christique
1507 4416 1822 4486 genealogia
1853 4417 2089 4485 probare

514 4505 787 4570 nituntur,
813 4504 1092 4559 Christum
1123 4520 1154 4558 e
1185 4503 1410 4574 Josephi
1436 4517 1492 4560 et
1515 4507 1696 4562 Mariae
1725 4509 1934 4564 semine
1965 4525 2088 4564 esse

513 4608 882 4668 procreatum.
935 4598 1015 4654 Illi
1067 4599 1405 4673 (Ebionitm)
1445 4611 1634 4657 contra
1682 4603 1908 4656 omnino
1963 4613 2082 4656 sta-
2117 4635 2160 4688 Β

515 4701 693 4746 luunt.
723 4691 858 4745 Nam
889 4692 1037 4745 omni
1084 4692 1394 4763 genealogia
1437 4704 1711 4764 amputata
1747 4695 1873 4749 inde
1893 4735 1908 4758 ,
1939 4696 2081 4749 unde

515 4784 794 4848 diximus,
842 4783 1059 4838 initium
1107 4786 1330 4840 ducunt.
1363 4807 1379 4837 ι
1420 4787 1656 4840 Deerant
1701 4802 1831 4857 ergo
1884 4787 1938 4839 iu
1988 4787 2080 4840 illo

514 4881 809 4934 secundum
843 4879 1096 4933 Hebraeos
1128 4880 1424 4950 Evangelio
1455 4882 1806 4950 genealogiaz,
1849 4895 1986 4948 quas
2014 4897 2078 4934 ex

513 4970 810 5042 Evangelio
852 4973 1263 5042 Διατεσσὰρων,
1297 4983 1350 5024 ιιι
1381 4989 1502 5042 qua:
1534 4972 1746 5024 Tatiani
1778 4973 1971 5026 haeresi
1999 4974 2080 5025 in-

513 5071 944 5131 commodarent,
974 5077 1280 5136 amputatae
1313 5066 1479 5120 fuisse
1512 5066 2081 5120 Theodoretustesla-

515 5173 624 5223 tur,
661 5161 752 5215 lib.
786 5177 801 5215 ι
840 5161 1040 5215 eret.
1074 5161 1208 5228 fab.,
1235 5175 1282 5213 c.
1312 5158 1400 5212 20.

584 5252 644 5306 2°
698 5252 754 5306 In
801 5252 992 5305 eodem
1041 5250 1418 5304 Ebionitarum
1469 5251 1584 5305 sive
1632 5253 1931 5305 secundum
1981 5250 2084 5304 He-

517 5347 693 5400 braeos
717 5345 1012 5414 Evangelio
1047 5344 1214 5397 multa
1236 5344 1338 5396 alia
1372 5346 1741 5398 occurrebant
1775 5345 1840 5398 ad
1863 5343 2080 5396 Tatiani

522 5435 589 5489 de
621 5435 739 5504 lege
769 5435 932 5490 Mosis
962 5444 1013 5488 et
1043 5436 1108 5488 de
1147 5433 1460 5488 animalimn
1487 5452 1588 5487 usu
1619 5449 1839 5488 errores
1866 5449 2084 5487 accom-

517 5531 756 5583 modata.
807 5529 901 5583 Sic
931 5528 1257 5597 loquebatur
1287 5529 1542 5583 Christus
1593 5529 1646 5581 in
1692 5529 1796 5582 hoc
1841 5527 2087 5592 Evange-

515 5621 702 5678 lio":
741 5622 864 5676 Ὅτι
907 5617 1072 5675 ἦλθον
1115 5622 1413 5676 καταλῦσαι
1456 5622 1552 5684 τὰς
1589 5620 1809 5683 θυσίας,
1859 5619 1950 5672 καὶ
1993 5618 2086 5670 ἐὰν

587 5786 633 5819 ι·
663 5785 795 5851 Cap.
845 5785 912 5837 ιε
939 5792 992 5836 et
1018 5783 1104 5837 ιδ.
1236 5786 1278 5814 η
1319 5784 1519 5836 ιιςιιτρε.
1553 5743 1715 5840 46,ρῖ
1757 5785 1804 5836 ι.

523 5855 606 5912 l5.
681 5857 722 5889 ¹¹
758 5855 946 5909 Matth.
980 5870 1128 5920 xxvi,
1171 5854 1253 5907 Π.
1335 5855 1378 5884 ⁸³
1412 5855 1530 5907 Art.
1565 5870 1682 5921 λιιι,
1709 5853 1796 5907 55.

1933 5785 1973 5812 ετ
2011 5781 2212 5834 ιιςι-ι-υς.
2245 5782 2335 5847 56,
2365 5798 2413 5834 ο.
2449 5783 2533 5838 15.

1875 5856 1918 5884 υ
1953 5854 2157 5907 “utres.
2186 5853 2273 5916 50,
2304 5871 2356 5906 ιι.
2389 5854 2472 5906 Ην

2256 3401 2442 3456 Sensit
2474 3400 2811 3470 Epiphanius
2844 3401 3012 3455 multa
3063 3416 3187 3456 esse
3227 3402 3281 3456 in
3313 3402 3420 3456 hoc
3467 3399 3777 3470 Evangelia

2183 3510 2306 3549 cum
2354 3494 2623 3549 Ebionitis
2654 3496 2947 3564 pugnantia
2964 3495 3034 3547 ⁸³.
3067 3493 3200 3549 Nam
3227 3510 3350 3550 cum
3379 3494 3659 3549 Christqu
3690 3495 3774 3549 ab

2183 3586 2264 3639 eis
2293 3585 2596 3654 simplicem
2640 3585 2915 3640 hominem
2957 3585 3266 3642 existimari
3312 3586 3513 3649 sciret,
3563 3587 3766 3638 mirari

2185 3675 2320 3730 satis
2352 3690 2458 3729 non
2485 3685 2720 3743 poterat,
2745 3691 2843 3727 cur
2875 3675 2990 3730 hare
3020 3676 3224 3732 Christi
3267 3675 3437 3731 verba
3466 3692 3479 3728 :
3509 3674 3644 3740 Quae
3687 3686 3772 3729 est

2186 3776 2354 3818 mater
2381 3782 2494 3819 mea
2524 3777 2570 3818 et
2605 3766 2800 3834 fratres
2832 3767 2930 3820 mei
2945 3768 3029 3821 “‘2
3060 3769 3112 3821 in
3153 3769 3298 3822 hunc
3340 3782 3496 3822 usum
3528 3767 3769 3821 adhibe-

2186 3869 2347 3925 rent,
2381 3859 2746 3914 utChristum
2795 3861 3092 3928 probarent
3138 3861 3417 3915 hominem
3449 3875 3556 3914 non
3602 3873 3772 3924 esse,

2189 3951 2282 4004 sed
2313 3966 2408 4006 eos
2438 3953 2666 4020 putabat
2711 3966 2898 4006 secum
2953 3953 3096 4021 ipsos
3126 3967 3392 4021 pugnare.
3431 3953 3501 4006 At
3533 3951 3777 4006 incredi-

2189 4043 2314 4097 bilis
2331 4051 2582 4096 esttanta
2602 4043 2992 4106 inconstantia,
3021 4053 3078 4095 ut
3104 4043 3356 4097 emndem
3384 4053 3438 4096 et
3467 4041 3772 4097 hominem

2188 4150 2256 4188 ex
2286 4135 2598 4189 hominibus
2625 4135 2868 4204 genitum
2921 4136 3196 4200 dixerint,
3245 4145 3298 4188 et
3328 4135 3601 4189 hominem
3635 4149 3776 4189 esse

2190 4227 2528 4294 negaverint.
2557 4226 2721 4281 Multa
2759 4228 2861 4281 alia
2913 4227 3184 4283 Ebionitis
3225 4227 3475 4281 attribuit
3525 4226 3772 4294 Epipha-

2190 4321 2336 4383 nius,
2367 4334 2491 4373 cum
2521 4334 2583 4372 ea
2614 4321 2889 4388 opinione,
2918 4337 3080 4389 quam
3139 4323 3206 4376 de
3245 4321 3349 4374 illis
3381 4331 3490 4374 tota
3519 4321 3774 4388 antiqui-

2191 4423 2275 4465 tas
2320 4413 2645 4478 conlirmat,
2678 4413 2900 4468 omnino
2940 4415 3256 4483 pugnantia.
3298 4415 3606 4468 Delestatos
3652 4412 3770 4468 illis

2189 4518 2309 4558 esse
2339 4519 2528 4557 omnes
2557 4506 2850 4573 prophetas
2875 4506 3136 4568 declarat,
3193 4523 3246 4558 ιι.
3281 4504 3366 4558 15.
3404 4505 3467 4557 At
3495 4521 3615 4574 quia
3641 4515 3773 4558 sunt

2190 4596 2500 4663 prophetica,
2531 4598 2574 4650 si
2605 4598 2806 4652 Irenaeo
2837 4598 3130 4664 credimus,
3184 4598 3276 4652 lib.
3304 4615 3345 4665 ι,
3372 4615 3422 4652 c.
3460 4598 3551 4663 26,
3587 4599 3767 4652 curio.

2187 4690 2299 4742 sius
2339 4702 2596 4756 ωτροηεινε
2625 4692 2960 4744 nitebantur.
2990 4689 3153 4744 Addit
3190 4691 3527 4759 Epiphanius
3557 4705 3654 4744 eos
3695 4690 3770 4744 ab

2190 4782 2444 4838 omnibus
2471 4785 2724 4838 animatis
2747 4826 2760 4849 ,
2795 4794 3077 4855 propterea
3104 4787 3248 4854 quod
3276 4799 3306 4839 e
3338 4786 3623 4838 concubitu
3673 4801 3774 4854 ge-

2191 4878 2302 4929 nita
2337 4887 2498 4939 sunt,
2526 4878 2828 4939 abstinere,
2861 4893 2996 4945 aqua
3037 4887 3241 4930 tantum
3277 4877 3328 4929 in
3361 4876 3638 4946 mysteriis
3670 4894 3767 4932 cc-

2191 4968 2463 5022 lehraudis
2520 4969 2634 5033 uti,
2693 4984 2756 5020 ac
2806 4970 2948 5022 inter
3000 4967 3184 5022 Jesum
3257 4984 3322 5022 ac
3369 4967 3648 5022 Christum
3715 4970 3770 5023 id

2189 5061 2521 5116 discriminis
2551 5077 2772 5129 ponere,
2813 5063 3170 5116 ttthrislum
3215 5062 3308 5114 Dei
3353 5061 3548 5116 Filium
3591 5063 3645 5116 in
3674 5060 3770 5116 Je-

2189 5169 2308 5207 sum
2345 5153 2692 5208 descendisse
2735 5153 2938 5208 dicant.
2989 5154 3224 5207 Credere
3271 5154 3522 5224 equidem
3577 5153 3774 5207 malim

2192 5247 2479 5301 Ebionmos
2528 5248 2595 5302 ab
2643 5247 2942 5315 Epiphanio
2981 5262 3104 5300 cum
3154 5246 3402 5300 Ccrinthi
3440 5256 3533 5299 aut
3563 5245 3771 5314 Carpo-

2194 5341 2364 5394 cratis
2405 5350 2500 5393 aut
2529 5339 2647 5393 aliis
2684 5338 2948 5405 ejusmodi
2996 5340 3160 5391 sectis
3209 5338 3499 5403 confundi,
3535 5355 3652 5405 qme
3678 5337 3770 5392 Je-

2194 5449 2315 5485 sum
2347 5433 2566 5501 quidem
2606 5431 2877 5485 hominem
2925 5446 2991 5482 ex
3034 5430 3345 5485 hominibus
3374 5432 3613 5498 genitura
3645 5444 3768 5484 esse

2194 5521 2469 5586 dicebant,
2499 5524 2593 5577 sed
2625 5539 2745 5576 cum
2778 5524 3053 5577 Christum
3085 5523 3472 5590 impassihilem
3505 5537 3625 5575 esse
3651 5532 3768 5574 sta-

2198 5625 2413 5669 tuerent
2437 5655 2452 5680 ,
2482 5630 2545 5668 ac
2576 5615 2738 5668 Deum
2770 5617 2969 5670 veteris
3024 5615 3330 5669 testamenti
3364 5625 3418 5668 et
3449 5613 3768 5669 Creatorem

2646 5784 2686 5813 ¹⁸
2713 5781 2775 5835 Ν.
2811 5783 2897 5838 Η.
3009 5783 3050 5812 ¹⁹
3081 5780 3145 5835 Ν.
3183 5781 3274 5836 22.

2551 5854 2592 5886 ’⁸
2650 5853 2840 5908 Matth.
2883 5869 2977 5918 λιι,
3034 5852 3124 5907 48.

3383 5781 3427 5812 ³⁸
3462 5780 3592 5835 Luc.
3627 5793 3766 5846 ml,
