3948 6256
192 373 270 428 ΒΡ

193 496 343 550 uta-di
386 509 865 568 aversarentur,
904 503 1017 572 plu
1031 506 1246 560 rimunt
1278 506 1559 560 afﬁnitatis
1585 521 1706 560 cum
1737 505 1842 558 Ta-

203 590 321 645 tiae
343 590 702 659 habuerunt,
737 609 816 649 ac
845 595 995 664 ejus
1023 598 1341 669 Evangelio
1364 614 1471 653 non
1495 597 1837 652 incommode

213 686 268 736 ad
285 698 489 738 errores
523 700 667 740 suos
695 687 789 740 uti
837 701 1206 756 potuerunt.

273 777 369 831 ιιι.
398 776 593 832 Facile
643 781 1036 837 crediderim
1093 785 1232 838 illud
1267 783 1430 838 etiam
1467 783 1836 852 Evangelium,

234 873 344 942 quod
371 871 680 926 secundum
729 871 1002 927 Petrum
1059 875 1378 939 dicebatur,
1415 874 1627 927 Tatiani
1658 873 1836 926 Evan-

248 963 350 1036 ιῶο
373 964 656 1018 diversum
706 980 834 1019 non
875 980 1042 1021 esse.
1093 965 1334 1036 Tempus
1363 975 1418 1020 et
1463 981 1552 1019 res
1582 966 1712 1035 ipsa:
1742 966 1843 1020 mi-

261 1056 757 1120 riﬁcemnreniunt,
806 1068 876 1111 ut
907 1059 1194 1113 discimus
1227 1073 1292 1112 ex
1327 1057 1642 1112 testimonio
1678 1055 1844 1110 Sera-

272 1149 760 1220 pionisAutiocbeni
789 1151 1057 1219 episcopi
1087 1151 1227 1218 apud
1265 1149 1596 1215 Eusebium,
1628 1164 1708 1211 νι,
1745 1146 1834 1199 12.

273 1242 615 1309 kantequam
663 1239 812 1294 illud
865 1241 1026 1295 Petri
1081 1241 1434 1310 Evangelium
1484 1255 1581 1307 per
1622 1254 1681 1294 se
1726 1239 1842 1307 ipse

270 1332 601 1387 enuntiasset
625 1375 641 1398 ,
705 1333 1060 1401 permiserat
1100 1341 1158 1385 ut
1190 1332 1460 1402 legeretur
1503 1333 1557 1385 in
1599 1330 1840 1400 partecia

265 1424 571 1486 anssensi,
617 1438 691 1477 ne
724 1423 882 1478 forte
924 1424 1256 1489 discordiae,
1299 1424 1497 1492 quibus
1554 1422 1838 1474 materiam

264 1513 468 1565 dederat
514 1510 650 1564 illud
697 1511 1113 1579 Evangelium,
1146 1513 1428 1582 graviores
1476 1510 1691 1565 ﬁerent.
1732 1509 1838 1565 Sed

261 1611 530 1669 poaquam
579 1600 722 1655 illud
772 1603 1059 1672 perlegit,
1106 1603 1162 1658 in
1205 1603 1438 1674 gratiam
1473 1617 1696 1667 eorum,
1743 1600 1833 1670 qui

259 1693 458 1760 decepti
484 1693 710 1747 fuerant
735 1732 752 1758 ,
793 1693 1008 1749 librum
1039 1695 1388 1764 composuit,
1420 1695 1474 1747 in
1506 1708 1612 1762 quo
1642 1693 1720 1747 sic
1757 1692 1838 1745 lo-

260 1785 512 1854 quebatnr
541 1801 558 1838 :
600 1785 990 1858 Ἐδυνήθημεν
1021 1787 1133 1860 γὰρ
1171 1787 1301 1858 παρ’
1335 1785 1508 1839 ἄλλων
1531 1784 1640 1838 τῶν
1671 1785 1841 1854 ἀσκη-

260 1877 460 1930 σὰντων
488 1877 653 1932 τοῦτο
684 1879 750 1931 τὸ
772 1879 1135 1948 Εὑαγγὲλιον,
1157 1878 1399 1932 τουτέστι
1422 1877 1573 1950 παρὰ
1592 1876 1700 1930 τῶν
1731 1877 1844 1930 δια-

255 1969 426 2040 δόχων
449 1970 556 2024 τῶν
587 1971 1033 2042 καταρξαμένων
1057 1969 1224 2025 αὑτοῦ
1244 2010 1258 2033 ,
1281 1968 1374 2032 οὒς
1392 1969 1632 2039 Δοκητὰς
1657 1966 1846 2021 καλοῦ-

255 2078 351 2130 μεν
392 2062 493 2132 (τὰ
524 2063 639 2133 γὰρ
683 2062 916 2116 πλείονα
951 2062 1277 2134 φρονήματα
1321 2061 1541 2114 ἐκείνων
1583 2059 1699 2112 ἐστὶ
1745 2059 1847 2128 τῆς

246 2153 629 2224 διδασκαλίας)
666 2154 1015 2225 χρησάμενοι
1060 2154 1190 2225 παρ’
1237 2152 1414 2206 αὐτῶν
1446 2151 1674 2204 διελθεῖν
1698 2167 1711 2181 ·
1754 2151 1847 2203 καὶ

247 2247 438 2317 εὗρεῖν
459 2248 528 2301 τὰ
554 2248 656 2318 μὲν
680 2247 912 2299 πλείονα
944 2245 1042 2299 τοῦ
1071 2244 1234 2317 ὀρθοῦ
1267 2245 1421 2314 λόγου
1449 2243 1542 2298 τοῦ
1571 2243 1845 2314 Σωτῆρος,

243 2338 373 2389 τινὰ
420 2337 477 2390 δὲ
515 2337 1064 2409 προσ-διεσταλμένα,
1109 2337 1150 2390 ba
1175 2337 1268 2390 καὶ
1319 2336 1666 2409 ὑπετάξαμεν
1698 2337 1844 2406 ὑμῖν.

249 2447 269 2479 ι
301 2427 540 2482 Mutuati
562 2405 722 2482 enim
751 2405 1133 2497 supradictum
1169 2429 1515 2498 Evangelium
1542 2405 1618 2482 ab
1637 2405 1847 2497 iis,rqui

240 2518 389 2573 illud
433 2536 534 2573 usu
582 2532 642 2575 et
676 2522 1080 2576 exercitatione
1129 2529 1554 2588 promorerunt,
1591 2521 1644 2573 id
1690 2529 1772 2574 est
1819 2535 1850 2572 a

242 2613 679 2668 successoribus
729 2629 934 2667 eorum
983 2614 1076 2682 qui
1127 2612 1254 2666 illud
1298 2613 1666 2682 incoeperunt,
1715 2627 1852 2680 quos

244 2703 489 2758 lucens
519 2719 795 2758 vocamus
847 2710 1015 2773 (sunt
1058 2703 1203 2756 enim
1250 2703 1522 2772 pleraeque
1569 2702 1854 2756 sententia:

241 2808 321 2844 cx
374 2807 558 2848 eorum
583 2795 872 2864 doctrina)
905 2795 1119 2864 legendi
1148 2795 1356 2863 copiam
1385 2796 1532 2848 nacti
1563 2810 1769 2861 sumus,
1802 2805 1856 2848 et

241 2884 729 2954 deprehendimus
755 2888 979 2958 quidem
1027 2889 1082 2941 in
1125 2888 1401 2957 plerisque
1429 2897 1633 2942 rectam
1666 2888 1854 2941 Salva-

249 2977 412 3030 toris
435 2977 750 3032 doctrinam
777 3017 796 3043 ,
826 2977 922 3032 sed
954 2989 1132 3032 tamen
1162 2979 1374 3033 detorta
1418 2992 1540 3034 esse
1571 2979 1856 3056 nonnulla,

256 3080 462 3134 quaeet
485 3071 644 3125 robis
667 3069 1029 3139 subiecimus.
1062 3089 1086 3122 ι
1117 3069 1405 3139 Serapion,
1438 3070 1528 3140 qui
1557 3069 1856 3124 Ecclesium

1283 387 1349 444 D.
1387 385 1653 441 MARANI
1679 383 2068 440 PREFATIO.
2099 417 2165 425 —
2194 382 2372 437 PARS
2404 379 2488 436 lll‘.

3403 377 3508 434 {89.

2517 497 2745 556 CAPUT
2784 496 2897 552 XIII

2228 623 2300 675 De
2332 621 2485 690 gestis
2511 627 2557 671 et
2585 613 2800 687 scriptis
2832 613 3205 682 Athenagora.

1943 729 1984 778 Ι.
2006 729 2365 779 Testimonium
2387 723 2806 789 PbilippiSldetaa
2827 721 2891 769 de
2915 719 3230 789 Athenagora
3271 717 3515 789 expendi-

2007 775 2867 840 t—urimllflnﬂidem‘thenagoras
2908 793 2964 829 ac
3001 775 3374 840 Atbénogenes.
3421 775 3509 827 ΙΙΙ.

2005 853 2246 914 Apologia
2291 851 2350 914 ab
2389 863 2450 897 eo
2491 840 2764 914 oblaticii.
2791 843 2999 914 Aurelio
3020 842 3226 911 ejusque
3249 840 3512 914 filio‘gop‘tf

2004 900 2270 962 Vmbdoflv.
2296 912 2470 961 Oblata
2495 922 2620 958 anno
2661 906 2768 966 176,
2790 916 2886 952 nec
2924 900 3081 950 solum
3125 900 3322 962 scripta.
3349 900 3408 950 ν.
3435 901 3511 949 De

2005 977 2103 1024 alio
2126 976 2260 1024 illius
2283 973 2425 1032 libro,
2449 970 2533 1034 qui
2557 973 2637 1019 est
2654 967 2718 1017 de
2738 965 3105 1016 resurrectione
3125 967 3448 1012 mortuorum.

2013 1079 2054 1134 l.
2114 1081 2514 1149 Athenagoram
2556 1073 2948 1129 Atheniensem
3005 1086 3070 1124 ac
3128 1066 3511 1138 philosophum

1941 1172 2108 1227 fuisse
2151 1173 2351 1225 indicat
2395 1170 2512 1238 ejus
2551 1180 2776 1236 operum
2811 1163 3014 1220 titulus.
3054 1161 3130 1215 De
3179 1159 3338 1214 rebus
3369 1159 3514 1215 illius

1941 1265 2106 1334 gestis
2145 1278 2252 1317 non
2286 1262 2558 1316 uberrima
2589 1268 2673 1314 est
2707 1256 2921 1313 dicendi
2955 1271 3136 1325 seges,
3185 1269 3306 1309 cum
3341 1253 3514 1321 ipsius

1942 1370 2137 1409 nomen
2189 1367 2327 1424 pene
2364 1351 2570 1406 oblivio
2610 1348 2898 1403 deleverit.
2935 1345 3071 1399 Nam
3104 1345 3147 1398 si
3179 1342 3513 1396 Methodium

1942 1457 2232 1517 martyrem
2263 1455 2317 1501 et
2347 1442 2654 1512 Philippum
2682 1440 2924 1495 Sidetam
2969 1436 3212 1505 excipias
3233 1476 3247 1501 ,
3277 1449 3511 1505 quorum

1940 1540 2078 1594 alter
2109 1554 2270 1591 unam
2302 1537 2542 1605 aliquam
2591 1533 2959 1601 Athenagorae
2999 1529 3327 1585 sententiam
3370 1525 3515 1594 apud

1940 1628 2301 1700 Epiphanium
2337 1628 2531 1682 hteres.
2560 1624 2646 1688 64,
2698 1633 2749 1678 et
2790 1623 3040 1676 Photium
3074 1621 3197 1676 cod.
3224 1618 3330 1672 2'24
3362 1617 3512 1681 citat,

1943 1721 2081 1775 alter
2113 1724 2177 1775 de
2207 1720 2300 1774 illo
2336 1719 2573 1775 breviter
2601 1726 2654 1772 et
2684 1716 2837 1786 quasi
2875 1715 3145 1768 transiens
3175 1716 3384 1764 locutus
3407 1718 3512 1770 est,

1873 1845 1917 1899 Β
1945 1816 2110 1870 altum
2154 1815 2219 1866 de
2253 1813 2355 1866 hoc
2387 1809 2587 1865 eximio
2618 1807 2886 1874 scriptore
2934 1804 2986 1856 in
3042 1813 3151 1855 tota
3193 1799 3516 1868 antiquitate

1947 1905 2244 1961 silentium.
2271 1903 2467 1958 Debuit
2502 1913 2682 1956 tamen
2716 1898 2866 1951 illius
2904 1895 3044 1949 fama
3077 1893 3243 1947 latius
3269 1906 3513 1955 manare,

1948 1999 1991 2053 si
2023 2011 2147 2050 vera
2193 2006 2318 2052 sunt
2364 2008 2482 2064 quae
2512 1993 2766 2063 perhibet
2799 1987 3084 2056 Philippus
3115 1984 3299 2038 Sideta
3322 2022 3338 2048 ,
3379 1995 3519 2050 pra:-

1947 2088 2112 2143 fuisse
2145 2087 2295 2141 illum
2326 2085 2524 2139 scholae
2567 2080 2968 2144 Alexandrinae,
2999 2079 3159 2145 eique
3183 2074 3235 2127 iu
3263 2074 3364 2127 hoc
3399 2087 3520 2126 mu-

1950 2195 2079 2234 nere
2127 2176 2451 2246 discipulum
2493 2174 2828 2227 Clementem
2865 2165 3218 2224 successisse.
3259 2162 3550 2217 Refertur

1871 508 1917 566 A

1953 2272 2053 2324 hoc
2097 2266 2464 2323 testimonium
2497 2262 2730 2332 Philippi
2782 2260 2981 2315 Sidetas
3029 2258 3081 2311 in
3134 2255 3363 2326 quodam
3409 2251 3520 2306 fra-

1952 2369 2205 2431 gmento,
2250 2359 2392 2426 quod
2437 2373 2504 2411 ex
2559 2353 2849 2428 Nicrphori
2899 2349 3144 2413 Callisti,
3197 2355 3255 2400 ut
3300 2341 3541 2412 conjicit-

1955 2450 2254 2505 Dodwellus
2277 2490 2291 2512 ,
2325 2448 2578 2516 operibus
2602 2454 2923 2512 excerptum
2955 2441 3020 2494 ad
3055 2439 3261 2494 calcem
3310 2435 3522 2488 disser-

1957 2544 2216 2598 tatiouum
2249 2539 2509 2595 Dodwelli
2545 2539 2597 2591 in
2628 2535 2891 2592 lrenmum
2923 2533 3143 2603 legitur.
3194 2527 3285 2582 Sic
3320 2526 3522 2580 habent

1954 2652 2072 2706 qua:
2111 2638 2176 2690 de
2205 2636 2548 2704 Athenagora
2589 2632 2664 2687 ibi
2711 2631 2966 2684 dicuntur
2991 2643 3006 2683 :
3030 2624 3143 2678 Καί
3172 2640 3304 2694 φησι
3336 2620 3524 2674 Φίλιπ-

1956 2746 2055 2791 πος
2085 2730 2114 2780 ὁ
2145 2725 2369 2798 Σιδητὴς
2401 2728 2458 2779 ὲν
2487 2725 2629 2794 λόγῳ
2660 2722 2735 2776 κδ’
2763 2739 2775 2751 ·
2815 2719 2948 2773 «Τοῦ
2971 2713 3445 2772 διδασκαλείουτοῦ
3463 2716 3523 2768 ὲν

1970 2818 2339 2891 Ἀλεξανδρείᾳ
2387 2816 2752 2887 Ἀθηναγόρας
2798 2811 3014 2884 πρῶτος
3055 2811 3330 2882 ἡγήσατο,
3382 2805 3525 2861 κατὰ

1956 2916 2083 2976 τοὺς
2135 2894 2357 2984 χρόνους
2401 2909 2655 2980 ἀκμάσας
2705 2904 2981 2978 Ἀδριανοῦ
3038 2905 3130 2957 καὶ
3187 2899 3523 2962 Ἀντωνίνου,

1957 3001 2038 3070 οἷς
2066 3004 2264 3059 καὶτὸν
2290 3003 2429 3074 ὑπὲρ
2457 2998 2795 3073 Χριστιανῶν
2825 2994 3215 3069 πρεσϐευτικὸν
3242 2988 3525 3063 προσεφώ-

1960 3115 2148 3170 νησενε
2185 3097 2323 3167 ἀνὴρ
2371 3097 2428 3148 ἐν
2462 3093 2608 3164 αὐτῷ
2641 3089 3010 3164 χριστιανίσας
3054 3087 3132 3157 τῷ
3175 3085 3398 3158 τρίϐωνι
3431 3081 3527 3135 καὶ

259 3160 664 3214 Antiochenam
719 3160 866 3215 rexit
912 3160 979 3214 ab
1012 3175 1156 3215 anno
1202 3160 1304 3215 i90
1329 3175 1515 3228 usque
1545 3161 1611 3213 ad
1645 3175 1842 3213 annum

1960 3160 2044 3260 τῆξ
2093 3160 2494 3258 Ἀκαδτίξιαῖκῆς
2529 3160 2722 3254 didi-ila;
2755 3180 3168 3253 προϊστάμενος.
3213 3172 3380 3238 Οὗτος
3419 3173 3548 3245 πρὸ.

263 3247 409 3313 Si],
429 3252 812 3320 degebat-cum
839 3252 1050 3307 Tatiaui
1079 3251 1506 3308 successoribus.
1533 3251 1601 3305 Ut
1629 3251 1840 3304 Tatiani

270 3337 612 3395 diatessaron
632 3380 652 3405 ,
696 3341 777 3394 ita
808 3343 938 3397 illud
966 3343 1129 3397 etiam
1151 3385 1166 3409 ,
1194 3341 1336 3411 quod
1367 3341 1510 3395 Petri
1539 3343 1840 3407 dicebatur,

270 3427 629 3502 Evangelia]
661 3443 817 3488 tanta
847 3443 969 3491 arte
996 3435 1379 3490 concinnatum
1415 3441 1532 3489 erat
1561 3444 1619 3487 ut
1644 3432 1844 3488 Catho-

276 3519 399 3576 ﬁcis
424 3537 531 3577 non
559 3523 901 3580 doctissimis
947 3524 1130 3579 fucum
1174 3524 1420 3580 faceret:
1451 3537 1738 3594 utrumque
1777 3525 1844 3579 ab

276 3613 504 3668 eruditis
533 3615 835 3686 episcopis,
867 3614 1208 3674 Theodoreto
1231 3627 1287 3672 et
1309 3616 1632 3686 Serapione,
1661 3618 1846 3672 admo-

276 3704 378 3757 niti
421 3720 455 3760 e
494 3706 755 3761 manibus
796 3706 1164 3776 proiecerunt.
1206 3707 1474 3763 Praeterea
1522 3709 1844 3762 Docetarum

276 3810 379 3850 usu
425 3797 712 3852 terebatur
755 3798 1104 3868 Evangelium
1161 3801 1452 3854 secundum
1490 3799 1709 3854 Petrum
1746 3816 1759 3851 :
1793 3809 1849 3852 at

278 3885 538 3958 pleraque
578 3899 890 3944 commenta
927 3906 959 3942 a
991 3888 1222 3945 Tatiano
1253 3890 1461 3944 Doeeta:
1502 3899 1848 3957 acceperant,

281 3992 380 4032 nec
404 3979 566 4033 video
599 3994 706 4033 cur
748 3994 855 4032 non
905 3978 1037 4033 illud
1079 3979 1245 4034 etiam
1292 3978 1642 4049 Evangelium
1680 3979 1748 4034 ab
1786 3995 1852 4034 eo

283 4070 642 4138 acceperint,
691 4081 788 4122 aut
856 4085 953 4124 cur
1001 4070 1570 4126 novivarchitectandi
1632 4086 1851 4140 operam

282 4163 643 4230 susceperint,
675 4176 800 4216 cum
831 4163 1218 4218 communibus
1241 4164 1525 4219 erroribus
1554 4163 1689 4217 satis
1732 4178 1855 4232 pro-

283 4252 504 4307 vidisset
555 4253 860 4318 Tatianus,
908 4268 974 4308 ac
1013 4253 1229 4308 etiamsi
1275 4253 1404 4324 quid
1459 4253 1604 4305 inter
1649 4267 1742 4306 eos
1789 4251 1856 4304 de

281 4360 446 4400 carne
508 4347 722 4400 Christi
788 4361 894 4402 non
963 4346 1316 4410 conveniret,
1383 4345 1434 4398 in
1502 4346 1604 4399 hoc
1675 4353 1853 4396 tamen

283 4434 544 4502 utrisque.
585 4436 642 4487 in
700 4448 990 4488 commune
1035 4431 1366 4504 genealogus
1414 4432 1603 4487 recisis
1652 4445 1854 4485 consu-

283 4524 490 4579 luisset.

351 4618 540 4689 Neqne
567 4620 703 4675 illud
735 4619 1097 4675 omittendum
1123 4659 1138 4683 ,
1167 4619 1312 4688 quod
1343 4629 1571 4673 testatur
1599 4616 1856 4674 Theodo—

289 4721 474 4777 retas,
531 4711 739 4767 ﬂeret.
781 4713 923 4780 fab.,
975 4711 1072 4765 lib.
1110 4727 1190 4776 ll,
1238 4725 1359 4779 cap.
1389 4710 1461 4775 2,
1508 4709 1856 4778 Evangelium

291 4802 425 4860 Petri
455 4806 576 4860 usui
604 4805 776 4861 fuisse
798 4804 1105 4863 Nazaraeis.
1137 4805 1190 4859 ld
1223 4805 1464 4874 profecto
1494 4802 1813 4858 incredibile
1838 4819 1850 4854 :

293 4914 406 4952 nam
471 4897 718 4954 Νηεηί
769 4899 826 4953 id
881 4914 1053 4951 unum
1098 4897 1433 4967 peccabant,
1486 4895 1631 4964 quod
1683 4895 1876 4963 legem,

295 4987 448 5044 Hosis
473 4989 746 5046 obstinate
791 4989 1124 5044 retinerent.
1151 4986 1256 5041 Sed
1279 5004 1400 5041 cum
1441 4986 1678 5039 Nazarzei
1719 5001 1861 5054 saepe

294 5083 683 5138 coMuadantur
713 5097 849 5137 cum
887 5078 1195 5144 Ebionitis,
1221 5093 1359 5148 quos
1405 5077 1598 5133 scribit
1627 5076 1862 5146 Epipha-

291 5174 396 5230 nius
443 5173 655 5232 Tatiai
699 5169 1022 5242 Evangelia
1069 5183 1192 5224 usos
1242 5169 1437 5237 fuisse,
1486 5169 1608 5224 inde
1651 5169 1862 5222 videtur

284 5269 482 5329 «nodi
503 5269 737 5328 occasio
761 5264 970 5322 oblata
997 5260 1356 5317 Theodorcto.

1941 3280 2032 3333 τοῦ
2079 3279 2286 3332 Κέλσου
2326 3277 2468 3332 κατὰ
2500 3274 2838 3347 Χριστιανῶν
2871 3271 3076 3344 γράψαι
3128 3265 3523 3341 προθυμηθεὶς,

1945 3370 2181 3442 ἐντυχὼν
2229 3372 2349 3432 ταῖς
2393 3369 2563 3431 θείαις
2589 3367 2834 3438 Γραφαῖς
2897 3366 2976 3427 είς
3029 3362 3089 3415 τὸ
3138 3360 3528 3432 ἀκριϐέστερον

1945 3462 2345 3533 ἀγωνίσασθαι,
2381 3460 2553 3524 οὕτως
2602 3459 2772 3512 εἵλετο
2817 3456 2896 3527 τῷ
2944 3453 3192 3524 παναγίῳ
3226 3451 3524 3522 Πνεύματι,

1946 3556 2089 3610 ὥστε
2119 3553 2454 3616 διδάσκαλον,
2485 3550 2623 3606 κατᾶ
2656 3549 2743 3604 τὸν
2786 3549 2955 3620 μέγαν
2988 3544 3217 3609 Παῦλον,
3256 3544 3381 3597 ἀντὶ
3403 3541 3529 3596 διώ-

1946 3665 2073 3701 κτον
2097 3645 2462 3716 γενέσθαιτῆς
2486 3643 2717 3705 πίστεως
2748 3636 2816 3714 ἦς
2848 3639 3088 3694 ἐδίωκεν.
3116 3658 3134 3689 ι
3168 3636 3372 3690 Τούτου
3425 3651 3526 3705 μα-

1948 3739 2114 3809 θητὴν
2162 3736 2412 3807 γενέσθαι
2463 3736 2625 3807 φησιν
2678 3735 2707 3787 ὁ
2746 3731 3006 3794 Φίλιππος
3057 3729 3148 3783 τὸν
3201 3725 3540 3809 στρωματὲαέ

1948 3805 2247 3902 Κλήιιεντα
2317 3829 2410 3882 καὶ
2469 3805 2768 3880 Πάνταινον
2819 3823 2912 3877 τοῦ
2976 3823 3312 3898 Κλήμεντος.
3374 3838 3392 3871 ι
3435 3805 3540 3872 Αἱ(

1951 3920 2228 3989 Philippus
2259 3919 2439 3974 Sideta
2458 3919 2511 3971 iu
2529 3931 2694 3971 scrin.
2713 3913 2785 3968 24
2799 3931 2889 3967 :—
2905 3913 3118 3968 Scholze
3135 3909 3527 3970 Alexandrina:

1952 4013 2159 4082 primus
2242 4009 2953 4080 prwfuiththenagoras,
3028 4007 3120 4074 qui
3193 4002 3548 4071 temporibus-

1953 4103 2180 4157 Adriani
2211 4111 2266 4156 et
2300 4099 2556 4155 Antonini
2587 4098 2807 4164 ﬂoruit,
2865 4096 3060 4166 quibus
3105 4095 3272 4148 etiam
3320 4093 3526 4163 legato-

1957 4194 2094 4247 riam
2153 4191 2464 4246 orationem
2529 4203 2628 4257 pro
2679 4185 3011 4241 Christianis
3072 4181 3391 4250 inscripsit;
3439 4178 3528 4232 vir

1955 4287 2320 4341 Christianam
2370 4280 2687 4348 religionem
2739 4279 2793 4331 in
2846 4280 2962 4345 ipso
3011 4276 3180 4345 pallio
3223 4271 3557 4344 professus,”

1957 4391 2021 4430 ac
2065 4374 2264 4429 scholzu
2295 4373 2624 4427 academicze
2655 4369 2964 4440 praefectus.
3009 4369 3057 4422 Is
3083 4383 3206 4421 cum
3235 4375 3363 4420 ante
3403 4363 3528 4418 Cel-

1887 4491 1931 4546 D
1962 4483 2081 4522 sum
2128 4467 2179 4520 in
2224 4467 2407 4519 animo
2439 4463 2670 4517 haberet
2703 4461 2967 4515 adversus
2999 4457 3340 4514 Christianos
3383 4454 3527 4510 scri-

1962 4558 2110 4622 bere,
2148 4556 2332 4624 legens
2368 4555 2580 4609 divinas
2633 4550 2946 4622 Scripturas
2983 4550 3048 4604 ad
3078 4549 3390 4603 accuratius
3427 4561 3531 4616 pu-

1962 4650 2256 4719 gnandum,
2284 4649 2364 4703 sic
2391 4647 2595 4716 Spiritu
2627 4654 2818 4698 sancto
2849 4653 3042 4712 captus
3069 4650 3173 4704 est,
3197 4653 3255 4694 ut
3288 4652 3438 4694 more
3462 4652 3528 4692 ac

1961 4743 2124 4796 modo
2171 4741 2345 4810 magni
2393 4739 2543 4794 Pauli
2595 4754 2695 4807 pro
2745 4745 3092 4807 persecutore
3140 4735 3333 4788 doctor
3371 4732 3540 4784 lieret

1964 4835 2114 4890 illius.
2134 4835 2413 4888 doctrinae
2438 4847 2598 4900 quam
2620 4830 3087 4884 iusectabatur.-—
3099 4826 3273 4896 Hujus
3291 4823 3528 4890 discipu-

1964 4926 2072 4979 lum
2106 4925 2273 4978 fuisse
2318 4925 2392 4976 ait
2427 4923 2708 4990 Philippus
2729 4919 3064 4974 Clementem
3096 4913 3528 4970 Alexandrinum

1963 5025 2019 5069 et
2049 5014 2362 5068 Pantmnum
2389 5012 2702 5066 Clementis.
2730 5031 2747 5063 ι

2036 5108 2296 5173 Quamvis
2343 5120 2445 5157 non
2510 5104 2744 5158 maxima
2785 5103 2858 5156 sit
2913 5102 3214 5155 auctoritas
3266 5093 3523 5163 Philippi,

1967 5200 2192 5270 ejusque
2217 5214 2373 5267 opus,
2405 5199 2547 5267 quod
2610 5194 2908 5249 Historiam
2935 5192 3297 5246 Christianam
3333 5189 3534 5242 inscri-

1966 5303 2174 5362 pserat,
2213 5292 2389 5344 doctis
2437 5289 2643 5357 pariter
2708 5296 2764 5341 et
2815 5285 3046 5340 indoctis
3099 5282 3287 5336 inutile
3325 5281 3533 5347 judicet

1969 5385 2248 5448 Socrates,
2277 5380 2376 5433 lib.
2409 5393 2543 5442 xvn,
2567 5392 2689 5446 cap.
2719 5377 2810 5438 27,
2844 5375 2929 5428 cui
2963 5372 3261 5428 asseutitur
3287 5371 3533 5435 l’hotius,

1969 5472 2092 5528 cod.
2121 5469 2211 5536 55,
2238 5486 2362 5524 cum
2390 5478 2568 5521 tamen
2625 5465 2932 5521 Dodwellus
2977 5462 3082 5532 ipsi
3109 5463 3272 5516 etiam
3300 5461 3535 5514 Eusebio

1979 5567 2034 5618 in
2071 5565 2175 5618 hoc
2198 5563 2263 5615 de
2290 5563 2634 5627 Athenagora
2669 5569 2725 5612 et
2773 5557 2895 5611 aliis
2924 5555 3305 5611 Alexandrina:
3335 5554 3536 5608 schola:

1973 5657 2286 5709 rectoribus
2336 5650 2646 5706 testimonio
2699 5649 3132 5717 anteponendum
3180 5656 3354 5717 putat,
3410 5658 3532 5712 pro-

1981 5757 2166 5818 pterea
2198 5744 2341 5814 quod
2369 5739 2647 5800 lthodonis
2676 5738 2972 5809 discipulus
3018 5738 3145 5804 fuit,
3178 5738 3270 5809 qui
3306 5735 3538 5794 Alexan-
