3948 6256
468 338 568 395 185

1362 359 1420 412 S.
1458 358 1785 416 JUSTINL'S
1817 362 2288 425 PHILOSOPHUS
2318 371 2405 425 ΕΤ
2442 374 2746 431 MARTYB.

3599 388 3707 443 184

469 459 642 515 drinte
673 464 875 521 schola;
931 478 1058 537 post
1110 468 1392 543 Didymum
1429 479 1661 546 praefuit,
1692 492 1745 536 et
1782 485 2026 540 eamdem
2061 498 2102 552 Α
2135 506 2282 558 gorm
2311 494 2699 559 conversione,
2730 503 2785 549 et
2835 494 3155 551 Christianae
3187 499 3458 570 religionis
3490 498 3544 554 in
3582 502 3701 571 ipso

466 552 806 617 scholamlin
840 559 1027 614 urbem
1080 561 1265 618 Sidam
1305 572 1606 636 transtulit,
1642 575 1731 627 ubi
1754 590 1875 629 eum
1907 592 1935 629 a
1964 593 2023 632 se

463 642 707 696 auditum
736 659 925 700 narrat
948 648 1222 721 Philippus
1277 665 1409 710 teste
1442 663 1685 729 excerpti
1720 665 1881 719 modo
1910 666 2026 721 lau-

2122 582 2288 650 pallio
2306 584 2645 651 professione
2674 596 2984 640 narrantur.
3008 587 3128 641 Haec
3141 588 3284 642 enim
3306 591 3528 645 minime
3547 608 3697 661 repu-

2124 683 2325 739 gnant;
2357 674 2449 727 sed
2477 676 2708 728 certiora
2736 686 2943 740 essent,
2966 678 3009 731 si
3044 676 3320 747 Philippus
3346 681 3609 750 majorem
3644 685 3698 735 in

460 731 571 783 dati
608 743 848 800 auctore,
894 738 1009 792 sive
1060 742 1107 794 is
1137 741 1475 813 Nicephorus
1523 752 1615 816 sit,
1659 768 1752 807 seu
1797 754 2026 821 quilibet
2123 731 2349 812 biStoria
2386 762 2674 816 scribenda
2715 763 2869 816 ﬁdem
2896 780 2958 817 ac
2978 764 3307 834 diligentiam
3339 769 3697 824 declarasset.

463 821 621 876 alius.
654 823 806 881 Haud
835 830 1084 898 equidem
1120 840 1431 905 negaverim
1468 840 1722 899 Dodwelli
1756 846 2020 900 rationem

463 912 515 965 id
549 914 750 983 valere,
781 927 842 972 ut
887 921 933 975 si
978 924 1108 992 quid
1150 939 1336 983 narret
1376 930 1678 1002 Philippus,
1715 937 1858 1004 quod
1895 953 2019 992 eum

460 1005 684 1071 optimis
744 1015 1111 1069 monumentis
1141 1033 1247 1071 non
1285 1032 1510 1091 pugnet,
1553 1025 1604 1077 id
1645 1026 1927 1095 probetur.
1954 1030 2022 1083 At

462 1111 734 1166 nunquam
792 1102 1105 1172 impetrabit
1144 1108 1471 1180 Dodweilus,
1535 1124 1594 1169 ut
1648 1117 1883 1186 scriptor
1912 1135 2016 1174 non

458 1192 637 1258 magni
660 1196 936 1263 ponderis,
963 1197 1153 1255 Proeio
1177 1215 1231 1256 et
1268 1205 1512 1262 Sisinnio
1547 1212 1773 1278 aequalis
1807 1227 1870 1266 ac
1896 1212 2015 1265 dia-

457 1282 580 1333 coni
618 1299 845 1341 munere
874 1290 977 1343 sub
1015 1290 1221 1347 Joanne
1246 1295 1633 1369 Chrysostomo
1677 1304 2014 1371 perfunctus,

456 1370 713 1441 Eusebio,
772 1379 863 1447 qui
910 1389 964 1434 et
1012 1384 1291 1451 antiquior
1333 1398 1387 1442 et
1430 1370 1742 1446 accuratior
1791 1404 1896 1459 est,
1951 1410 2017 1451 ac

456 1464 626 1521 multo
653 1467 803 1536 plura
833 1472 1032 1527 schola:
1063 1476 1448 1535 Alexandrina:
1500 1496 1869 1554 monumenta,
1898 1487 2015 1556 piu-

455 1570 651 1627 resque
682 1564 923 1618 eruditos
948 1568 1100 1620 viros
1150 1580 1242 1621 aut
1292 1571 1339 1624 ei
1385 1571 1668 1640 iirmfeetos
1726 1586 1820 1630 aut
1862 1576 1914 1628 in
1950 1592 2011 1631 ea

456 1648 733 1706 institutos
760 1654 996 1720 viderat,
1028 1667 1415 1727 anteponatur.
1449 1665 1630 1729 Quare
1672 1673 1730 1718 ut
1765 1668 2011 1722 omittam

454 1738 613 1810 longe
636 1757 664 1794 a
697 1758 823 1798 vero
854 1747 1112 1802 aberrare
1148 1749 1478 1821 Philippum,
1532 1769 1651 1809 cum
1703 1756 2013 1826 Apologiam

450 1828 816 1899 Athenagora:
868 1834 1286 1903 imperatoribus
1335 1841 1577 1898 Adriano
1623 1856 1679 1899 et
1737 1848 2012 1905 Antonino

451 1921 765 1990 inscriptam
815 1937 1005 1994 putat;
1061 1931 1230 1985 multa
1262 1935 1314 1987 in
1344 1937 1536 1990 eodem
1594 1940 1905 1995 testimonio
1936 1941 2012 1996 le-

450 2023 653 2081 guntur
678 2018 872 2084 partim
904 2019 1045 2075 haud
1078 2023 1230 2077 valde
1272 2027 1599 2092 probabilia,
1647 2031 1845 2097 partim
1877 2033 2009 2087 falsa

449 2120 672 2173 prorsus
700 2116 753 2161 et
781 2111 1037 2167 absurda.
1070 2112 1186 2167 Non
1236 2115 1469 2172 libenter
1490 2121 1815 2175 crediderim
1843 2124 2009 2178 Athe-

450 2212 704 2267 nagoram
738 2199 1121 2260 Alexandrinae
1152 2208 1351 2263 schola:
1384 2210 1688 2277 praefuisse.
1726 2213 2009 2281 Quomodo

448 2291 592 2343 enim
620 2292 671 2345 in
710 2302 817 2348 tam
860 2296 969 2351 alto
1005 2307 1058 2350 et
1107 2299 1325 2353 sublimi
1367 2301 1484 2356 loco
1518 2304 1589 2356 ita
1638 2305 1782 2360 illius
1804 2309 2007 2376 scripta

446 2380 677 2447 latuere,
708 2394 766 2437 ut
796 2387 940 2440 nulla
965 2405 1188 2457 prorsus
1211 2392 1277 2445 ad
1311 2391 1600 2449 Eusebium
1646 2413 1776 2451 aura
1812 2413 2006 2466 perve-

444 2472 633 2528 niret?
666 2474 797 2531 Illud
833 2489 980 2534 certe
1023 2483 1125 2536 dici
1165 2500 1271 2537 non
1305 2497 1481 2553 potest
1513 2488 1654 2556 quod
1688 2490 1765 2541 ait
1799 2489 2005 2557 Philip-

443 2578 549 2630 pus
575 2566 975 2637 Athenagoram
1014 2573 1141 2628 huic
1172 2577 1375 2630 schola:
1424 2581 1657 2647 primum
1698 2584 2002 2651 prmfuisse.

443 2652 578 2708 Nam
609 2657 810 2714 diserte
844 2671 1076 2718 testatur
1108 2666 1374 2724 Eusebius
1396 2673 1442 2703 ’⁸
1475 2672 1782 2729 litterarum
1821 2693 2006 2731 sacra-

443 2760 561 2799 rum
588 2750 831 2805 scholam
878 2754 990 2823 jam
1027 2757 1150 2811 inde
1177 2777 1204 2812 a
1233 2762 1425 2830 priscis
1465 2767 1817 2833 temporibus,
1853 2780 2004 2841 ante-

440 2853 601 2903 quam
642 2842 690 2895 ei
734 2857 991 2909 praeesset
1038 2847 1349 2915 Pantaenus,
1384 2854 1436 2907 in
1470 2855 1604 2911 urbe
1637 2858 2001 2914 Alexandrina

440 2926 742 2984 institutam
769 2932 954 2989 fuisse.

510 3018 625 3073 Non
662 3023 840 3077 minus
894 3027 1128 3084 absurde
1192 3031 1333 3085 idem
1374 3032 1653 3103 Philippus
1692 3037 2003 3108 Athenago-

440 3127 555 3166 ram
599 3114 893 3172 Clementis
944 3120 1332 3190 Alcxandrini,
1393 3124 1722 3184 Clementem
1758 3130 1998 3185 Pantaeni

2192 849 2255 905 ll.
2288 851 2651 922 Suspicantnr
2687 857 2789 910 viri
2833 858 3288 925 praestantissimi,
3347 860 3617 916 Baronius
3648 862 3702 893 "

2121 952 2175 994 et
2210 942 2597 1001 Tillemontius
2636 947 3039 1016 Athenagoram
3072 950 3322 1005 eumdem
3371 967 3494 1007 esse
3527 968 3591 1006 ac
3629 952 3692 1009 S.

2120 1033 2525 1103 Athenogenem
2562 1048 2890 1109 martyrem,
2920 1040 3080 1110 cujus
3112 1042 3368 1113 hymnum
3396 1046 3693 1115 quemdam

2119 1121 2354 1178 laudavit
2409 1124 2649 1182 Basilius
2703 1128 2755 1181 in
2791 1130 2930 1184 libro
2963 1131 3041 1186 De
3089 1133 3293 1201 Spiritu
3339 1150 3693 1209 sancto,cap.

2118 1214 2210 1278 29.
2238 1219 2592 1286 compositum
2630 1235 2659 1274 a
2693 1219 2749 1278 S.
2782 1231 3025 1295 martyre
3046 1236 3100 1279 et
3123 1227 3406 1296 discipulis
3437 1230 3705 1286 relictum~~

2119 1306 2295 1360 instar
2346 1307 2624 1377 cujusdam
2676 1312 2921 1381 amuleti,
2959 1330 3085 1368 eum
3121 1316 3243 1385 igne
3272 1318 3496 1387 jamjam
3535 1336 3691 1373 com-

2118 1397 2397 1454 burendus
2430 1410 2598 1455 esset.
2641 1403 2850 1459 Revera
2884 1416 3082 1475 praeter
3106 1409 3341 1463 nominis
3372 1411 3694 1465 similitudi-

2117 1501 2262 1554 nem,
2297 1504 2417 1558 qua:
2457 1492 2642 1547 fucum
2695 1495 2938 1550 librariis
2992 1500 3174 1552 facere
3224 1501 3434 1567 potuit,
3467 1503 3695 1558 videtur

2118 1578 2503 1645 Athenogenes
2555 1587 2865 1642 eruditione
2934 1604 2996 1642 ac
3054 1589 3334 1658 discipulis
3392 1591 3691 1661 ﬂoruisse,

2116 1673 2260 1740 quod
2294 1674 2511 1741 quidem
2546 1693 2650 1731 non
2679 1681 2856 1735 minus
2887 1692 3011 1751 apte
3036 1684 3085 1735 in
3115 1684 3493 1753 philosophum
3524 1688 3695 1743 Athe-

2116 1762 2359 1817 niensem
2402 1769 2679 1823 convenit.
2734 1770 3135 1841 Athenagoram
3184 1789 3400 1844 passum
3438 1793 3560 1833 esse
3586 1795 3693 1848 pro

2047 1880 2090 1935 Β
2116 1853 2334 1909 Christo
2369 1859 2512 1910 nulla
2544 1860 2837 1927 perhibent
2891 1864 3137 1919 historiae
3170 1879 3537 1924 monumenta.
3573 1871 3689 1926 Sed

2118 1950 2176 1993 ut
2206 1940 2324 2008 eius
2358 1947 2556 2015 scripta
2587 1964 2724 2017 pene
2756 1951 2809 2002 in
2846 1952 3126 2008 oblivione
3156 1955 3444 2022 jacuerunt
3467 1999 3481 2024 ,
3518 1959 3592 2013 ita
3630 1972 3693 2014 et

2114 2034 2438 2102 martyrium
2475 2036 2643 2093 latere
2674 2042 2962 2109 potuisset.
3013 2043 3125 2098 Nec
3158 2046 3403 2113 profecto
3450 2051 3693 2105 mirarer

2111 2122 2155 2175 si
2188 2124 2355 2177 vitam
2388 2141 2483 2192 pro
2514 2128 2737 2184 Christo
2758 2133 3112 2200 profudisset,
3146 2139 3239 2205 qui
3282 2143 3382 2195 sub
3405 2156 3469 2195 eo
3500 2144 3690 2211 impe-

2109 2220 2311 2275 ratore,
2336 2216 2436 2268 sub
2461 2231 2568 2283 quo
2613 2217 2826 2274 delatus
2876 2222 3219 2279 Christianus
3278 2242 3490 2294 poenam
3533 2236 3686 2301 capi-

2112 2302 2271 2355 talem
2310 2320 2417 2358 non
2445 2306 2757 2378 effugiebat,
2814 2327 2920 2367 non
2962 2317 3122 2369 modo
3173 2320 3413 2388 seipsum
3461 2322 3689 2378 deferre

2108 2407 2270 2449 ausus
2293 2406 2394 2462 est,
2454 2400 2549 2452 sed
2602 2401 2764 2454 etiam
2818 2402 3188 2462 Christianam
3238 2411 3555 2481 religionem
3596 2416 3685 2469 sic

2108 2485 2420 2553 defendere,
2452 2498 2513 2543 ut
2543 2491 2928 2560 imperatorem
2958 2500 3330 2567 superstitioni
3363 2504 3684 2560 addietissi-

2106 2591 2250 2630 mum
2281 2577 2591 2646 alloquens,
2654 2582 2947 2640 Christiani
3005 2588 3187 2643 cultus
3234 2595 3583 2649 sanctitatem
3621 2606 3684 2650 et

2106 2664 2455 2722 intaminatos
2512 2669 2942 2728 Christianorum
3002 2692 3182 2733 mores
3233 2696 3355 2734 cum
3426 2686 3686 2751 turpibus

2104 2756 2385 2825 gentilium
2416 2760 2705 2815 sacriﬁciis
2732 2772 2787 2817 et
2811 2765 3120 2823 simulacris
3148 2784 3211 2824 ac
3232 2773 3341 2826 vita
3373 2779 3683 2845 corruptis-

2104 2848 2240 2899 sima
2265 2861 2633 2917 compararet.
2672 2852 2800 2918 Sed,
2829 2866 2887 2910 ut
2916 2858 3260 2915 observatum
3313 2874 3394 2918 est
3445 2867 3510 2919 ad
3559 2869 3685 2922 lau-

2106 2936 2290 2992 datum
2334 2941 2519 2996 Basilii
2559 2944 2763 3011 locum,
2828 2950 3180 3008 verisimilius
3238 2965 3321 3010 est
3366 2958 3682 3031 Atheuoge-

2102 3044 2223 3082 nem
2253 3031 2399 3084 illum
2428 3047 2458 3085 a
2494 3033 2551 3089 S.
2580 3035 2781 3093 Basnlio
2837 3045 3151 3105 memorari,
3180 3061 3337 3113 quem
3390 3054 3488 3103 sub
3537 3052 3674 3105 Dio-

2100 3121 2335 3177 cletiano
2353 3124 2732 3197 Martyrologia
2756 3130 2820 3183 ad
2851 3132 2991 3186 diem
3011 3136 3078 3189 16
3100 3137 3224 3190 Julii
3254 3156 3375 3194 cum
3403 3145 3678 3199 nonnullis

440 3206 755 3275 magistrum
814 3211 984 3267 fuisse
1054 3219 1262 3273 ειειυίι,
1328 3219 1568 3274 Dubitari
1647 3237 1752 3274 non
1822 3233 2066 3293 ροιθειρ
2102 3212 2226 3265 aliis
2259 3230 2475 3282 passum
2534 3230 2654 3272 esse
2713 3218 3049 3279 Sebastizein
3086 3228 3338 3281 Armenia
3377 3241 3673 3290 testantur.

437 3299 565 3364 quin
629 3299 881 3357 Clemens
906 3305 1305 3365 Alexandrinus
1336 3327 1440 3366 non
1473 3314 1731 3383 magister
1759 3314 1997 3370 Pantaeni

436 3390 537 3442 sed.
555 3391 851 3461 discipulus
886 3394 1071 3450 fuerit.
1099 3399 1390 3469 Acceptam
1422 3418 1449 3456 a
1503 3403 1764 3460 Pantaeno
1797 3406 2001 3460 doctri-

436 3499 561 3537 nam
598 3495 753 3553 grato
800 3488 981 3541 animo
1036 3492 1370 3546 memorabat
1434 3494 1485 3546 in
1555 3494 1995 3565 Ilypotyposibus.

437 3572 569 3624 Rem
607 3583 834 3628 testatur
857 3576 1140 3646 Eusebius,
1200 3580 1363 3645 Hist.,
1408 3598 1461 3646 v,
1498 3600 1618 3652 cap.
1649 3587 1708 3638 ii
1745 3604 1758 3638 :
1812 3587 1907 3649 ’⁸ος
1935 3586 1998 3655 δὴ

436 3664 527 3721 καὶ
554 3664 809 3734 ὀνομαστὶ
838 3669 893 3719 ὲν
927 3664 1013 3732 αἷς
1044 3671 1328 3736 συνέταξεν
1360 3674 1800 3731 ’Υποτυπὼσεσιν
1824 3679 1897 3741 ὡς
1933 3678 1996 3730 ἂν

432 3752 749 3810 διδασκάλου
778 3757 869 3811 τοῦ
902 3759 1199 3814 Πανταίνου
1236 3764 1527 3835 μέμνηται.
1583 3786 1601 3817 ι
1638 3769 1893 3823 Clemens
1941 3771 1993 3822 in

386 3898 393 3913 ,
432 3844 835 3902 lnstitutionum
865 3848 1017 3904 libris
1042 3868 1069 3904 a
1090 3868 1148 3907 se
1173 3858 1495 3923 conscriptis
1521 3859 1724 3913 diserte
1754 3858 1992 3915 Pantaeni

431 3948 492 3989 ut
526 3940 769 4007 magistri
798 3944 1093 3997 meminit.»
1132 3946 1195 3999 Et
1230 3946 1473 4012 Pholius,
1503 3952 1624 4003 cod.
1656 3938 1780 4016 i09,
1816 3955 1883 4006 de
1908 3969 1997 4007 eo—

433 4030 553 4083 dem
583 4030 901 4087 Clemente:
936 4035 1196 4108 Μαθητὴς
1225 4038 1302 4103 δὲ,
1325 4040 1400 4103 ὡς
1434 4041 1594 4104 αὐτός
1627 4058 1778 4112 φησι,
1806 4043 1993 4112 γέγονε

430 4122 751 4179 Πανταίνου.
790 4144 808 4175 ι
830 4126 1175 4193 Fuitautem,
1206 4133 1657 4198 quemadmodum
1684 4138 1797 4204 ipse
1828 4147 1993 4190 testa-

430 4224 540 4278 tur,
566 4216 863 4285 diseipulus
903 4218 1199 4274 Pantmni.»
1237 4221 1425 4277 Fidem
1453 4238 1581 4293 ergo
1617 4242 1722 4279 non
1754 4238 1993 4282 meretur

429 4306 730 4378 Philippus,
765 4326 888 4365 cum
925 4312 991 4364 de
1036 4314 1199 4370 rebus
1234 4314 1528 4371 Clementis
1571 4327 1855 4386 tantOpere
1884 4320 1991 4374 dis-

430 4410 618 4467 crepat
654 4403 720 4454 ab
752 4403 869 4471 ipso
902 4403 1200 4460 Clemente.
1228 4406 1404 4475 Atque
1424 4408 1550 4463 hinc
1574 4410 1734 4464 etiam
1759 4412 1988 4480 perspici

427 4504 606 4558 potest
630 4511 732 4547 non
764 4497 912 4549 inani
947 4498 1279 4566 conjectura,
1306 4502 1555 4555 utvisum
1586 4512 1667 4557 est
1696 4504 1984 4570 Dodwello,

2171 3302 2257 3358 IK.
2302 3306 2434 3360 Cum
2491 3308 2641 3375 plura
2705 3327 2809 3366 non
2860 3326 3172 3383 suppetant,
3223 3334 3342 3387 quae
3388 3323 3456 3375 de
3504 3325 3678 3379 rebus

2099 3398 2460 3468 Athenagora:
2486 3402 2855 3472 disseramus,
2911 3410 3246 3465 veniendum
3273 3416 3337 3467 ad
3366 3413 3509 3468 illius
3530 3419 3676 3471 scri-

2100 3500 2189 3558 pta
2235 3506 2460 3558 quorum
2507 3493 2665 3563 longe
2704 3499 3217 3563 praestantissimum
3272 3501 3503 3570 Legatio,
3551 3507 3675 3561 sive

2100 3578 2355 3650 Apologia
2381 3598 2475 3650 pro
2500 3582 2833 3639 Christianis.
2860 3586 3108 3641 Oblatam
3158 3588 3329 3644 fuisse
3351 3591 3421 3644 Μ.
3446 3593 3673 3651 Aurelio

2098 3671 2328 3740 ejusque
2357 3673 2466 3726 lilio
2507 3674 2802 3730 Commodo
2860 3678 3019 3746 idque
3058 3694 3199 3733 anno
3246 3681 3351 3743 1,77
3374 3682 3671 3755 Baronius,

2098 3764 2359 3822 Petavius
2390 3778 2445 3822 et
2487 3768 2864 3825 Tillemontius
2913 3774 3246 3829 existimant.
3278 3775 3477 3831 Contra
3520 3777 3671 3835 Lab-

2096 3857 2266 3922 bteus,
2301 3859 2500 3925 Pagius
2529 3869 2581 3915 et
2631 3862 2955 3930 Dodwelius,
2993 3864 3417 3933 imperatoribus
3449 3868 3519 3923 M.
3544 3872 3666 3924 Au-

2095 3950 2230 4004 relio
2269 3960 2323 4004 et
2363 3951 2529 4008 Lucio
2558 3953 2697 4009 Vero
2741 3956 3069 4023 inscriptam,
3114 3961 3491 4027 contendunt;
3519 3964 3670 4016 Dod-

2094 4038 2282 4093 wellus
2311 4041 2526 4108 quidem
2581 4056 2722 4098 anno
2754 4044 2887 4111 168,
2937 4046 3136 4115 Pagius
3177 4063 3304 4103 vero
3355 4065 3497 4105 anno
3536 4053 3677 4119 i66.

2092 4130 2148 4183 ln
2184 4130 2286 4185 hac
2316 4134 2713 4188 sententiarum
2757 4138 3021 4193 varietate
3044 4154 3148 4192 non
3184 4138 3415 4196 diiIieiiis
3456 4144 3665 4197 delibe-

2092 4222 2234 4275 ratio
2260 4233 2342 4277 est
2400 4234 2549 4278 utros
2590 4241 2906 4295 sequamur.
2962 4228 3180 4283 Baronii
3215 4233 3358 4285 enim
3412 4233 3666 4288 etTilie—

2092 4315 2283 4367 montii
2318 4318 2645 4370 sententiam
2674 4321 2724 4371 in
2758 4320 3057 4376 clarissima
3091 4324 3210 4377 lucc
3239 4337 3512 4394 exponunt
3539 4329 3663 4385 haec

2092 4404 2449 4476 Athenagortr
2501 4410 2663 4464 verba
2695 4412 2738 4442 ’⁷
2770 4430 2782 4464 :
2819 4413 2973 4477 Τίνες
3031 4414 3141 4485 γὰρ
3183 4417 3277 4468 καὶ
3330 4417 3662 4493 δικαιότεροι

2092 4490 2166 4549 ὧν
2222 4497 2427 4552 δέονται
2486 4504 2687 4569 τυχεῖν,
2718 4503 2751 4572 ἢ
2783 4503 2974 4566 οἵτινες
3024 4506 3148 4575 περὶ
3197 4506 3295 4575 μὲν
3335 4507 3434 4577 τῆς
3477 4490 3662 4579 apii};

427 4586 522 4639 sed
548 4585 717 4640 ﬁrmis
749 4587 961 4641 indiciis
1006 4588 1296 4643 Eusebium
1332 4592 1451 4656 niti,
1487 4608 1608 4646 cum
1668 4597 1984 4664 magistrum

2105 4588 2192 4658 τῆς
2217 4590 2484 4665 ὑμετέρας
2511 4563 2800 4663 εὗξίόμεθιι,
2840 4594 2925 4647 ἵνα
2955 4563 3109 4658 indic.
3132 4563 3226 4666 ne;
3259 4563 3429 4667 παρᾶ-
3448 4563 3661 4671 rutra;

427 4675 600 4739 illum,
622 4692 779 4744 quem
810 4675 1060 4733 Clemens
1097 4682 1287 4736 ordine
1338 4692 1392 4735 et
1421 4692 1666 4753 tempore
1708 4685 1981 4756 ultimum,

426 4776 480 4819 at
530 4770 721 4821 merito
778 4769 934 4838 longe
984 4774 1275 4841 principem
1334 4776 1387 4828 in
1437 4776 1669 4847 Egypto
1714 4779 1979 4849 audierat,

423 4858 737 4916 Pantaanum
801 4861 967 4917 fuisse
1023 4866 1316 4919 concludit.
1382 4865 1513 4921 Nam
1571 4885 1691 4923 cum
1732 4871 1981 4928 Clemens

423 4951 516 5004 uni
545 4961 755 5006 tantum
788 4957 1074 5023 magistro,
1118 4968 1178 5011 ut
1236 4960 1349 5026 ipse
1380 4969 1629 5025 testatur,
1660 4977 1878 5031 operam
1923 4965 1975 5019 in

420 5038 658 5112 Egypto
694 5044 921 5107 dederit,
966 5061 1197 5117 cumque
1227 5048 1513 5104 Pantmnus
1548 5051 1599 5105 in
1634 5052 1867 5123 IEgypto
1890 5055 1983 5109 do-

422 5135 616 5199 cuerit,
664 5145 720 5190 et
766 5137 1013 5193 auditore
1064 5156 1196 5194 usus
1249 5142 1321 5196 sit
1356 5142 1667 5210 Clemente,
1706 5161 1770 5197 an
1803 5146 1981 5200 inanis

419 5227 699 5282 conclusio
733 5238 815 5282 est
861 5230 1183 5298 magistrum
1226 5232 1397 5299 illum,
1446 5249 1607 5303 quem
1658 5236 1828 5289 solum
1860 5236 1981 5291 Cle-

420 5333 572 5373 mens
603 5318 847 5389 (Strom.,
886 5338 923 5388 1,
958 5338 1010 5391 p.
1044 5323 1171 5391 271)
1217 5325 1269 5377 in
1321 5324 1553 5396 [Egypto
1603 5328 1843 5393 audivit,
1871 5345 1976 5385 non

422 5411 585 5465 alium
618 5427 739 5466 esse
770 5414 1065 5468 Pantzeno?
1094 5415 1353 5469 Fabulam
1382 5418 1563 5487 itaque
1592 5419 1799 5473 redolet
1837 5421 1981 5488 ejus-

422 5503 563 5555 modi
598 5502 846 5561 historia.
872 5504 980 5559 Ncc
1014 5517 1194 5561 tamen
1226 5523 1277 5561 In
1324 5508 1555 5579 Philippi
1597 5508 1793 5565 Sidette
1828 5513 1981 5567 testi-

420 5594 604 5651 monio
634 5595 836 5665 pariter
858 5596 1163 5666 rejecerim,
1196 5614 1316 5669 quae
1360 5600 1425 5655 de
1475 5602 1704 5657 mirabili
1737 5603 1979 5657 Athena-

2094 4678 2233 4732 κατὰ
2259 4680 2318 4733 τὸ
2346 4681 2678 4735 δικαιότατον
2709 4684 3019 4755 διαδέχησθε
3050 4687 3147 4757 τὴν
3171 4688 3461 4757 βασιλείαν,
3489 4690 3663 4763 αὔξη-

2095 4787 2177 4824 σιν
2212 4771 2269 4824 δὲ
2302 4774 2395 4826 καὶ
2448 4774 2686 4828 ἐπίδοσιν
2749 4778 2781 4846 ὴ
2843 4776 2984 4847 ἁρχὴ
3033 4778 3217 4848 ὑμῶν,
3263 4781 3476 4835 πάντων
3516 4784 3662 4836 ὑπα-

2092 4863 2313 4934 χειρίων
2339 4865 2691 4935 γιγνομένων,
2724 4866 3007 4941 λαμϐάνῃ;
3056 4886 3075 4919 t
3111 4870 3337 4935 Quinam
3394 4874 3536 4927 enim
3576 4877 3656 4929 di-

2089 4957 2334 5023 gniores,
2362 4956 2453 5023 qui
2504 4971 2567 5010 ea
2616 4972 2734 5025 qua:
2766 4968 2955 5025 petunt
3010 4960 3316 5027 impetrent,
3357 4978 3516 5031 quam
3555 4968 3651 5034 qui

2091 5061 2190 5113 pro
2247 5046 2477 5116 imperio
2526 5056 2707 5103 vestro
2762 5065 3067 5117 precamur,
3106 5062 3162 5105 ut
3214 5054 3359 5108 ﬁlius
3395 5071 3424 5107 a
3470 5067 3650 5125 patre,

2088 5150 2247 5209 prout
2292 5142 2665 5210 aequissimum
2704 5153 2807 5209 est,
2856 5160 3079 5215 regnum
3140 5150 3443 5217 accipiatis,
3470 5160 3526 5204 et
3555 5166 3654 5205 ac-

2090 5233 2435 5288 cessionibus
2458 5249 2522 5287 ac
2552 5234 2904 5291 incrementis
2933 5238 3214 5308 imperium
3242 5252 3508 5305 vestrum,
3531 5258 3654 5296 om-

2087 5324 2247 5378 nibus
2298 5326 2485 5379 ditioni
2520 5338 2715 5381 vestra:
2769 5327 3063 5396 subjectis,
3096 5341 3358 5401 augeatur
3380 5333 3406 5387 τ
3441 5353 3459 5383 ι
3519 5334 3649 5391 Hth

2082 5414 2330 5483 profecto
2354 5417 2419 5471 ad
2450 5416 2522 5471 Μ.
2552 5418 2831 5474 Aurelium
2879 5433 2934 5476 et
2988 5420 3052 5475 L.
3080 5421 3278 5476 Verum
3317 5425 3506 5478 referri
3537 5442 3645 5479 non

2083 5513 2329 5576 possunt.
2361 5507 2531 5562 Ambo
2557 5510 2794 5579 adoptati
2826 5510 3040 5566 fuerant
3087 5514 3153 5568 ab
3180 5515 3489 5577 Antonino;
3518 5532 3645 5569 neu-

2049 5613 2167 5657 -ter
2199 5604 2420 5661 alterius
2442 5614 2639 5676 pater;
2662 5621 2761 5662 nec
2801 5607 3165 5683 aequissimum
3208 5617 3324 5664 erat
3352 5618 3409 5663 ut
3446 5605 3646 5673 Lucius

487 5754 531 5785 "
558 5752 722 5823 llist.,
771 5756 864 5823 lib.
898 5773 949 5837 ν,
978 5759 1119 5829 c.l_O,
1201 5764 1244 5793 ’θ
1275 5761 1470 5823 Baron.
1499 5764 1563 5819 ad
1604 5766 1666 5820 18
1694 5763 1812 5829 Jan.
1889 5767 1931 5799 ²⁷
1970 5763 2037 5827 Νι
2073 5764 2162 5825 3.7.
