3948 6256
244 360 324 416 "3
1310 374 1370 433 ι).
1414 374 1681 431 mnam
1713 374 1880 430 eius]

1985 374 2097 433 l‘lO.
2125 406 2195 417 —-
2227 375 2409 432 PARS
2440 375 2527 434 Ill.
3466 378 3567 433 186

244 481 344 583 In:
366 480 617 583 Ᾱυγθιῖο.
651 485 1081 583 ﬂuicumpari
1117 494 1263 563 jure
1283 496 1393 566 jam
1423 507 1535 553 tum
1565 500 1888 569 imperabat,
1919 513 1967 567 Α
2066 497 2252 554 Placet
2298 496 2648 554 Tillemontio
2702 511 2876 552 annus
2909 494 3031 561 177,
3062 496 3196 566 quia
3243 495 3568 551 Commodns

245 574 322 627 sed
349 575 528 639 potius
556 586 621 629 ut
649 575 838 634 Marci
870 582 1044 641 illius
1077 601 1328 658 regnum
1360 605 1389 643 a
1417 600 1575 659 patre
1600 591 1891 660 aliquando
1995 590 2342 660 imperatoris
2373 590 2609 655 titulum,
2656 605 2815 659 quem
2853 590 2902 644 ei
2952 589 3326 658 Athenagoras
3369 587 3566 650 defert,

246 675 511 733 δι-ειιιετοι-
1992 690 2116 735 ante
2139 696 2382 737 mensem
2406 681 2764 737 Novembrem
2793 681 2918 735 anni
2949 681 3050 735 176
3072 696 3177 735 non
3206 689 3290 734 est
3318 682 3563 749 adeptus.

307 757 357 809 In
381 759 633 811 eamdem
653 766 1031 819 sententiam
1051 767 1193 822 haec
1214 771 1482 841 leguntur,
1502 770 1656 825 n.18:
1678 771 1890 839 Ἔχοιτε
1992 771 2099 826 Sed
2129 787 2251 825 cum
2277 782 2531 841 paternos
2560 771 2745 826 titulos
2776 760 3120 825 manifestum
3160 772 3375 826 sitcum
3400 769 3568 825 Com-

257 852 327 918 ὰ-ςῗ
363 850 570 903 ἑαυτῶν
602 853 706 906 καὶ
738 855 851 926 τὴν
886 860 1254 933 ἐπουράνιον
1284 862 1554 933 βασιλείαν
1582 861 1880 927 ἐξετάζειν·

1990 864 2150 918 modo
2179 864 2569 919 communicari
2600 864 2669 918 ob
2695 863 2787 917 lilii
2818 877 3016 918 nomen
3042 860 3205 930 etjns
3235 861 3567 915 hereditatis

265 945 322 1007 ὡς
349 943 453 1014 γὰρ
471 944 608 1015 ὑμῖν
638 950 825 1019 πατρὶ
848 952 961 1003 καὶ
995 953 1112 1024 υἱῷ
1145 956 1327 1008 πάντα
1360 956 1710 1027 κεχείρωται,
1750 956 1880 1008 ἄνω-

1988 970 2021 1010 a
2060 965 2254 1011 natura
2302 965 2612 1025 acceptum;
2658 970 2756 1010 cur
2805 970 2911 1008 non
2942 955 3108 1007 etiam
3139 953 3188 1007 ei
3221 951 3566 1021 imperatoris

274 1036 344 1088 hev
475 1036 769 1106 βασιλείαν
806 1042 1123 1112 εἰληφόσιν
1158 1045 1481 1116 (βασιλέως
1510 1046 1621 1115 γὰρ
1639 1044 1880 1113 Ψκῆέν

1990 1047 2181 1103 titulus
2223 1048 2388 1102 tribui
2435 1048 2626 1117 potuit,
2667 1057 2958 1113 antequam
3005 1044 3154 1098 illum
3192 1043 3417 1098 solemni
3471 1043 3565 1096 de-

286 1129 401 1198 χεῳὶ
422 1131 567 1185 θεοῦ
589 1131 660 1193 ’⁸,
690 1134 841 1205 φησὶ
856 1134 926 1188 τὸ
946 1138 1307 1207 προφητικὸν
1328 1137 1592 1208 Πνεῦμα),
1615 1136 1786 1198 οὕτως
1810 1135 1889 1189 ἑνὶ

288 1217 383 1287 Θεῷ
407 1220 496 1272 καὶ
528 1219 607 1289 τῷ
630 1223 770 1292 παρ’
815 1224 1003 1277 αὐτοῦ
1042 1226 1229 1297 Λόγῳ,
1252 1226 1364 1297 Υἱῷ
1396 1226 1668 1296 νοουμένῳ
1696 1225 1889 1297 ἁμερί-

294 1328 404 1379 πῳ,
436 1312 609 1364 πάντα
656 1315 1086 1372 ὑποτέτακται.
1150 1337 1169 1369 t
1200 1318 1351 1373 Licet
1386 1327 1564 1371 autem
1607 1333 1673 1370 ex
1705 1317 1886 1371 vobis-

296 1402 516 1469 metipsis
542 1418 782 1469 regnum
822 1409 1077 1462 cteleste
1112 1410 1387 1478 spectetis.
1421 1409 1883 1474 Quemadmodum

297 1496 426 1546 enim
449 1496 599 1549 vobis
630 1498 782 1563 patri
812 1508 876 1552 et
906 1499 1050 1561 ﬁlio,
1076 1510 1274 1569 parent
1313 1502 1516 1566 omnia,
1541 1503 1735 1569 quippe
1764 1517 1885 1555 cum

304 1601 498 1639 sursum
539 1602 782 1655 regnum
834 1593 1180 1659 acceperitis
1237 1592 1447 1661 (Anima
1484 1594 1621 1646 enim
1649 1593 1786 1660 regis
1828 1592 1888 1646 in

300 1695 445 1730 manu
490 1678 606 1741 Dei,
666 1681 860 1750 inquit
905 1683 1141 1750 spiritus
1193 1681 1741 1751 propheticus"),sic
1786 1684 1883 1739 uni

304 1769 404 1821 ilco
429 1770 651 1839 ejusque
668 1770 888 1838 Verbo,
921 1788 1087 1841 quem
1122 1773 1317 1827 Filium
1343 1773 1457 1840 ejus
1489 1789 1761 1839 nunquam
1798 1789 1886 1828 se-

1988 1146 2145 1190 creto
2189 1135 2500 1205 acciperet?
2546 1134 2638 1190 Sic
2680 1136 2843 1188 etiam
2882 1150 3005 1188 cum
3043 1134 3121 1186 ait
3148 1133 3561 1201 Athenagoras:

1997 1224 2154 1279 Vobis
2183 1227 2323 1294 patri
2362 1243 2424 1279 ac
2462 1226 2576 1294 ﬁlio
2605 1234 2791 1293 parent
2812 1224 3009 1285 omnia,
3042 1237 3146 1277 non
3187 1221 3413 1274 ascitum
3441 1232 3567 1273 esse

1990 1316 2043 1369 in
2092 1317 2301 1385 imperii
2353 1317 2668 1371 societatem
2716 1315 3069 1369 Commodum
3117 1313 3389 1382 signiticat
3437 1310 3561 1380 (etsi

1988 1408 2132 1462 enim
2179 1409 2453 1475 Augustus
2507 1406 2681 1462 factus
2734 1414 2816 1461 est
2868 1419 3010 1459 anno
3054 1404 3181 1467 177,
3225 1417 3330 1457 non
3383 1410 3562 1455 tamen

1989 1497 2246 1551 credibile
2274 1508 2357 1552 est
2376 1514 2519 1560 enin,
2546 1495 2783 1566 quandiu
2815 1496 2949 1549 vixit
2976 1505 3152 1564 pater,
3179 1493 3565 1561 gubernanda-

1987 1602 2109 1643 rutn
2144 1604 2322 1641 rerum
2356 1588 2615 1657 plurimas
2642 1597 2825 1656 partes
2851 1587 3215 1654 sustinuisse),
3238 1587 3333 1639 sed
3362 1584 3561 1639 civium

1987 1681 2238 1734 allectum
2267 1680 2541 1750 exprimit,
2574 1680 2740 1734 lilium
2774 1681 2913 1749 patri
2955 1682 3007 1733 in
3045 1681 3191 1733 omni
3221 1678 3484 1746 obsequio
3510 1687 3565 1730 et

1987 1773 2369 1826 observatione
2391 1773 2815 1841 adjungcntium.
2854 1770 3011 1825 Tanti
3042 1786 3172 1840 ergo
3202 1786 3323 1825 esse
3351 1786 3455 1823 non
3485 1770 3565 1821 vi.

302 1861 579 1924 parabilem
615 1862 1015 1932 intelligimus,
1041 1864 1284 1929 subjecta
1318 1872 1441 1916 sunt
1467 1864 1703 1916 omnia.»
1739 1862 1879 1916 Prte-
1912 1860 1955 1914 B
1984 1861 2145 1914 detur
2175 1863 2334 1917 allata
2364 1880 2391 1917 a
2427 1863 2772 1918 'l'illemontio
2800 1866 2962 1927 ratio,
2990 1876 3046 1916 ut
3080 1865 3219 1916 hanc
3250 1861 3564 1929 Apologiam

301 1950 442 2002 clara
486 1966 617 2005 sane
649 1956 1001 2021 comparatio
1026 1995 1040 2018 ,
1078 1955 1124 2008 si
1176 1956 1241 2009 de
1278 1956 1347 2010 M.
1378 1954 1602 2009 Aurelio
1633 1962 1688 2007 et
1712 1952 1875 2008 Com-

304 2042 459 2093 modo
483 2052 705 2111 agatur,
738 2060 866 2097 cuni
891 2046 1196 2112 praesertim
1240 2048 1372 2099 satis
1416 2046 1615 2100 indicet
1642 2046 1881 2099 Athena—

300 2145 481 2198 goras,
515 2134 645 2199 quid
674 2135 897 2188 intersit
943 2136 1085 2187 inter
1116 2137 1353 2188 divinam
1383 2146 1435 2189 et
1465 2137 1754 2189 humanam
1786 2150 1881 2205 ge-
1908 2146 1913 2151 '

302 2224 664 2287 iterationem,
698 2226 831 2278 dum
894 2226 1092 2279 Filium
1134 2227 1224 2281 Dei
1254 2242 1281 2279 a
1314 2227 1472 2281 Patre
1504 2228 1744 2297 separari
1773 2243 1881 2285 non

300 2328 463 2379 posse
487 2314 759 2371 declarat.
788 2320 858 2371 At
886 2317 1108 2388 indigna
1140 2334 1365 2386 prorsus
1386 2330 1441 2373 et
1468 2322 1702 2375 absurda
1734 2336 1883 2375 com-

302 2410 518 2470 paratio
545 2407 767 2475 fuisset,
808 2412 853 2464 si
884 2413 949 2465 de
975 2412 1046 2465 Μ.
1083 2414 1299 2467 Aurelio
1330 2424 1383 2468 et
1425 2413 1593 2469 Lucio
1629 2414 1766 2469 Vero
1797 2413 1880 2470 lo-

303 2509 469 2551 cuius
502 2500 701 2555 fuisset
722 2504 1123 2572 Athenagoras,
1155 2519 1291 2572 quos
1322 2503 1522 2559 fratres
1576 2504 1749 2559 fuisse
1776 2520 1879 2559 non

308 2591 489 2654 potuit
517 2592 803 2661 ignorare.
843 2596 1022 2662 Atque
1049 2595 1215 2648 etiam
1265 2596 1309 2649 si
1363 2596 1462 2649 sibi
1504 2596 1747 2651 ﬁnxisset
1770 2596 1879 2650 Lu-

312 2681 458 2731 cium
494 2680 691 2733 Verum
724 2696 755 2735 a
800 2681 870 2736 Μ.
915 2684 1141 2738 Aurelio
1171 2686 1485 2753 adoptatum
1518 2685 1718 2752 fuisse;
1746 2686 1883 2741 nihil

318 2780 492 2825 tamen
523 2774 695 2843 magis
737 2775 1015 2846 pugnabat
1062 2792 1183 2830 cum
1230 2778 1347 2832 aliis
1374 2777 1491 2844 cjtts
1520 2777 1589 2832 de
1617 2777 1884 2834 Trinitate

321 2864 616 2931 principiis,
653 2880 816 2933 quam
844 2875 902 2918 ut
927 2877 1193 2920 aeternum
1234 2866 1327 2921 Dei
1377 2867 1571 2921 Filium
1604 2882 1725 2921 cum
1754 2868 1885 2922 ado-

326 2955 467 3019 ptivo
496 2955 602 3008 filio
624 2968 982 3025 compararet.

398 3047 501 3099 lluc
529 3049 733 3101 accedit
760 3053 899 3117 quod
964 3051 1153 3105 Oratio
1198 3054 1247 3105 in
1298 3055 1555 3109 omnibus
1597 3056 1882 3110 codicibus

334 3139 631 3193 inscribitur
682 3142 1111 3209 imperatoribus
1143 3144 1219 3198 Μ.
1271 3146 1485 3199 Aurelio
1523 3148 1807 3211 Antonino,
1832 3160 1880 3202 et

334 3227 394 3282 ι.
438 3233 639 3284 Aurelio
693 3232 1009 3298 Commode,
1066 3239 1410 3303 Armeniacis,
1462 3239 1775 3293 Sarmaticis
1807 3251 1877 3309 et,

330 3323 457 3385 quod
486 3323 764 3375 maximum
822 3335 919 3388 est,
958 3325 1300 3393 philosophis.
1332 3328 1498 3382 Porro
1552 3329 1770 3395 Lucius,
1811 3349 1879 3386 ex

334 3430 430 3479 quo
455 3413 573 3469 Veri
635 3432 834 3469 nomen
882 3433 1008 3471 cum
1069 3419 1297 3489 imperio
1328 3426 1560 3491 accepit,
1602 3440 1876 3493 nunquam

328 3506 642 3561 Commodus
678 3511 989 3576 appellatus
1013 3523 1115 3573 est,
1146 3514 1247 3565 nisi
1278 3515 1416 3568 forte
1447 3517 1516 3569 ab
1547 3516 1878 3588 Hieronymo

328 3611 423 3649 non
454 3598 565 3651 sine
610 3601 757 3667 gravi
811 3600 1255 3667 hallucinaliouc,
1293 3620 1409 3673 quae
1442 3608 1493 3660 in
1553 3610 1874 3677 scriptorem

322 3689 566 3755 aqualem
592 3706 700 3743 non
734 3692 903 3745 cadit.
956 3692 1141 3761 Neque
1193 3696 1354 3749 etiam
1385 3697 1550 3752 Lucio
1582 3700 1722 3753 Vero
1748 3716 1877 3755 con-

321 3782 459 3847 gruit
486 3781 779 3838 Sarmatici
837 3801 1163 3855 cognomen,
1217 3789 1357 3856 quod
1408 3805 1476 3844 ne
1524 3792 1637 3860 ipse
1661 3794 1874 3860 quidem

317 3870 650 3931 [Aurelius
703 3890 831 3933 ante
884 3896 1086 3933 annum
1122 3883 1226 3935 170
1274 3895 1367 3937 aut
1412 3885 1552 3940 forte
1583 3888 1745 3943 etiam
1780 3890 1878 3943 174

313 3969 617 4037 assumpsit.
652 3970 809 4036 Quod
842 3974 919 4025 ait
959 3974 1341 4045 Athenagoras
1390 3976 1640 4034 Proteum
1678 3991 1877 4036 semet-

313 4060 475 4126 ipsum
502 4065 633 4133 περὶ
666 4062 764 4133 τὴν
782 4063 1088 4135 Ὀλυμπίαν
1122 4068 1501 4136 combussisse,
1540 4072 1591 4125 id
1627 4072 1699 4126 ita
1733 4074 1879 4127 acci-

311 4151 383 4217 pit
405 4152 729 4217 Dodwellus,
754 4155 910 4221 quasi
964 4156 1102 4209 idem
1142 4158 1347 4212 valeret
1374 4174 1439 4213 ac
1478 4161 1529 4213 in
1565 4163 1662 4216 hac
1690 4161 1876 4232 Olym-

309 4242 477 4308 piade.
503 4246 591 4307 At,
634 4246 850 4299 etiamsi
879 4246 1189 4317 Olympicos
1216 4250 1368 4304 ludos
1392 4252 1730 4320 designasset
1776 4259 1877 4310 hac

308 4346 436 4385 voce
491 4334 919 4401 Athenagoras,
963 4353 1069 4390 non
1128 4353 1247 4392 eam
1300 4340 1675 4411 Olympiadem
1729 4345 1876 4398 dcsi-

310 4434 522 4491 gnasset
553 4426 609 4477 in
640 4441 744 4492 qua
775 4427 1084 4483 scribebat:
1111 4444 1213 4481 non
1244 4434 1411 4500 magis
1441 4432 1685 4499 profecto
1712 4450 1874 4502 quam

309 4528 426 4566 cum
450 4519 546 4579 ait,
582 4532 641 4567 ιι.
678 4516 766 4578 14,
801 4519 1001 4571 caulem
1035 4534 1063 4571 a
1096 4519 1725 4594 ΤΙιυτιεοιιεὈλυμπιὰσι
1754 4540 1878 4592 pcr—

306 4615 595 4673 petratam.
629 4608 908 4676 Ejusmodi
966 4612 1187 4666 vocibus
1242 4616 1450 4683 antiqui
1501 4632 1645 4671 nunc
1700 4619 1871 4687 ipsam

314 4700 517 4762 urbem,
546 4714 692 4753 nunc
723 4716 849 4754 cum
875 4702 1010 4757 urbe
1064 4705 1207 4770 ipsos
1235 4707 1391 4761 ludos
1421 4707 1724 4779 designant.
1782 4711 1875 4767 Sic

316 4785 693 4853 Philostratus,
736 4787 839 4842 Vit.
876 4792 1054 4859 Apol.,
1084 4809 1155 4856 Iv,
1190 4796 1223 4849 8
1250 4814 1263 4849 :
1292 4799 1498 4851 Ὄντων
1530 4799 1869 4871 Ὀλυμπίων·

314 4892 427 4943 cap.
460 4878 513 4939 9,
545 4882 606 4931 ἐν
632 4880 925 4952 Ὀλυμπίᾳ,
957 4886 1076 4937 κατ’
1109 4885 1503 4957 Ὀλυμπίαν,θι
1529 4908 1580 4946 c.
1614 4892 1699 4957 11,
1738 4895 1874 4964 μετὰ

315 4966 405 5037 τὴν
429 4968 763 5039 Ὀλυμπιαν’
796 4972 1065 5036 Ᾱῐιίειιιυε,
1088 4975 1181 5029 lib.
1217 4993 1292 5041 tv,
1324 4994 1373 5032 c.
1404 4980 1459 5046 9,
1492 4984 1549 5034 ὲν
1582 4984 1871 5057 Ὀλυμπίᾳ,

316 5068 366 5110 et
388 5060 479 5112 lib.
504 5076 586 5127 rx,
618 5077 742 5131 cap.
783 5063 878 5127 54,
906 5066 985 5128 εἰς
1013 5066 1306 5137 Ὀλύμπια.

380 5152 460 5206 IV.
501 5154 615 5210 Hoc
635 5172 772 5225 opus
806 5169 935 5212 ante
968 5175 1168 5214 annum
1197 5163 1300 5217 176
1325 5175 1417 5219 aut
1442 5167 1545 5220 177
1576 5170 1738 5223 scribi
1768 5187 1874 5226 non

319 5245 547 5309 potuisse
577 5247 770 5313 probat
794 5262 1008 5302 somnia
1040 5250 1127 5304 illa
1153 5268 1278 5321 pax,
1310 5271 1471 5323 quam
1496 5268 1609 5312 toto
1637 5261 1769 5315 orbe
1794 5279 1879 5317 re-

319 5349 471 5400 gnare
497 5337 573 5387 ait
599 5336 1008 5404 Athenagoras,
1038 5354 1187 5391 num.
1222 5341 1272 5394 1.
1314 5341 1472 5406 Nam,
1509 5355 1567 5397 ut
1591 5344 1884 5403 observant

322 5424 569 5480 Baronius
604 5436 660 5481 et
708 5427 1117 5494 Tillemontius,
1146 5432 1198 5485 in
1229 5440 1343 5488 toto
1368 5434 1438 5487 M.
1467 5435 1670 5490 Aurelii
1716 5439 1886 5507 impe-

323 5515 393 5567 rio
431 5515 521 5569 vix
560 5518 727 5571 ullum
760 5529 998 5585 tempus,
1031 5532 1227 5588 praeter
1258 5538 1459 5577 annum
1490 5525 1592 5577 176
1618 5533 1674 5581 et
1704 5527 1828 5593 177,
1854 5544 1882 5581 a

324 5606 461 5663 beilis
488 5623 717 5664 vacuum
752 5610 1024 5678 reperias.

378 5766 420 5799 ³³
451 5764 613 5823 Prom
650 5782 771 5837 ut,
805 5767 863 5822 1.

1982 1964 2128 2004 anno
2160 1952 2257 2004 177
2284 1953 2618 2009 addicamus.
2650 1953 2755 2007 Sed
2788 1954 2932 2007 illius
2963 1954 3029 2007 ad
3060 1968 3261 2007 annum
3288 1951 3388 2006 176
3418 1950 3564 2004 refe-

1982 2043 2160 2096 rendae
2213 2045 2591 2098 necessitatem
2647 2045 2925 2112 imponere
2974 2044 3186 2099 videtur
3248 2051 3561 2111 susceptum

1982 2134 2083 2189 hoc
2114 2150 2260 2190 anno
2296 2138 2400 2190 iter
2428 2151 2459 2189 a
2490 2135 2560 2189 Μ.
2590 2136 2813 2191 Aurelio
2848 2138 2899 2190 in
2934 2134 3222 2199 Grazciam,
3255 2134 3468 2205 Syriam
3503 2144 3557 2188 ct

1978 2226 2295 2297 Egyptum.
2330 2227 2454 2282 Sive
2485 2228 2629 2283 enim
2680 2228 2905 2281 Athenis
2940 2226 3137 2280 vixerit
3166 2225 3562 2293 Athenagoras,

1982 2328 2040 2373 ut
2076 2335 2152 2385 ex
2201 2320 2509 2389 philosophi
2543 2319 2892 2374 Atheniensis
2944 2317 3099 2372 titulo
3139 2316 3314 2385 colligi
3357 2323 3564 2384 posset,

1981 2410 2095 2465 sive
2134 2410 2509 2475 Alexandriae;
2548 2410 2891 2479 imperatoris
2917 2407 3205 2479 przesentia
3235 2406 3318 2460 his
3348 2407 3401 2460 in
3432 2404 3566 2459 locis

1980 2503 2423 2571 percommodam
2460 2502 2643 2555 attulit
2676 2502 3017 2556 occasionem
3052 2497 3340 2553 oll'erendac
3371 2494 3567 2565 Apolo-

1981 2595 2081 2662 gia:
2108 2608 2126 2644 .·
2159 2608 2260 2649 nec
2290 2608 2617 2664 quemquam
2649 2594 2916 2647 dicturum
2975 2602 3108 2661 puto
3154 2589 3559 2657 Athenagoram

1980 2687 2344 2753 przetermissa
2391 2687 2492 2740 hac
2541 2686 2831 2741 occasione
2881 2684 3108 2738 Romam
3140 2697 3285 2735 anno
3316 2677 3563 2747 sequenti

1980 2778 2217 2842 venisse,
2251 2788 2309 2831 ut
2340 2778 2441 2833 hoc
2484 2780 2565 2833 sui
2613 2779 2663 2832 iu
2711 2776 3007 2832 Ecclesium
3040 2774 3243 2828 amoris
3286 2761 3561 2841 specimen

1983 2871 2190 2926 ederet.

2060 2982 2078 3014 t
2114 2960 2309 3015 Badius
2359 2961 2411 3013 in
2454 2958 2646 3013 Lexico
2672 2959 2927 3012 historico
2957 2954 3161 3011 Gallice
3191 2955 3362 3018 edito,
3388 2951 3564 3021 inquit

1984 3054 2263 3109 Fabricius
2287 3054 2645 3122 ",nunquam
2686 3052 2922 3105 oblatam
2975 3048 3187 3118 publico
3228 3046 3541 3101 Christiano

1987 3162 2105 3198 l‘tllll
2137 3146 2356 3199 nomine
2381 3154 2553 3213 putat,
2581 3144 2672 3197 sed
2703 3153 2907 3195 tantum
2932 3142 3190 3213 scriptam
3210 3138 3461 3204 privatim
3495 3136 3562 3189 ab

1908 3204 1953 3262 θ
1983 3204 2618 3306 ΑιΙιθηειεοτα,’ρ(ςιτίιιάθ
2667 3244 2726 3287 ιιι
2778 3235 2830 3286 in
2876 3204 3061 3286 Gallia
3106 3230 3174 3283 ab
3226 3245 3367 3287 anno
3425 3227 3562 3282 1684

1982 3330 2135 3384 inulti
2187 3343 2217 3382 e
2274 3326 2582 3381 reformatis
2627 3323 3064 3392 persecutionem
3124 3322 3303 3389 passis
3352 3318 3560 3371 libellos

1980 3418 2245 3488 ejusmodi
2294 3416 2564 3486 supplices
2609 3424 2663 3468 et
2701 3413 2976 3482 apologias
3020 3411 3084 3464 ad
3118 3426 3296 3478 regem
3330 3410 3563 3477 scripse-

1980 3521 2107 3565 runt
2155 3509 2571 3577 edideruntque,
2622 3508 2734 3574 regi
2792 3519 3062 3572 nunquam
3117 3502 3347 3560 oblatas.
3403 3520 3423 3552 ι
3457 3500 3566 3554 lui-

1979 3616 2141 3669 quam
2170 3614 2293 3655 esse
2325 3600 2463 3652 hanc
2488 3600 2553 3650 de
2584 3597 2925 3664 Athenagora
2958 3595 3269 3663 opinionem
3301 3592 3561 3646 fatebitur

1978 3689 2224 3758 quisquis
2250 3689 2421 3757 ipsam
2449 3685 2759 3755 Apologiam
2788 3684 3094 3738 accuratius
3124 3682 3415 3752 expendet.
3440 3681 3561 3749 Ipse

1979 3780 2166 3834 titulus
2195 3780 2594 3848 Athenagoram
2625 3778 2787 3845 legati
2816 3777 3049 3844 quodam
3073 3788 3297 3827 munere
3332 3774 3560 3842 perfun-

1979 3873 2029 3939 gi
2060 3874 2231 3925 docet.
2274 3868 2353 3922 Eo
2383 3878 2596 3938 spectat
2633 3877 2742 3920 tota
2774 3866 2916 3920 illius
2941 3866 3140 3929 oratio,
3176 3874 3231 3919 ut
3261 3865 3557 3932 imperato-

1982 3964 2057 4016 ris
2092 3961 2524 4016 benevolentiam
2555 3959 2881 4014 Christianis
2912 3959 3196 4021 conciliet;
3245 3940 3569 4016 dissimulat:

1981 4052 2327 4120 imperatoris
2350 4051 2401 4104 in
2430 4051 2771 4105 Christianos
2800 4049 2983 4102 odium
3014 4061 3228 4101 causam
3280 4060 3400 4099 esse
3434 4059 3559 4113 pee-

1980 4145 2301 4208 sccutionis,
2334 4144 2431 4197 sed
2456 4142 2792 4197 Christianos
2816 4140 2999 4195 vexari
3024 4148 3077 4192 et
3101 4138 3274 4192 occidi
3304 4138 3402 4199 ait,
3431 4137 3562 4204 quia

1983 4238 2108 4290 illos
2136 4250 2239 4288 non
2262 4241 2438 4287 tuetur
2456 4231 2759 4300 patrocinio
2788 4245 2886 4284 suo
2911 4230 3202 4298 imperator
3225 4244 3239 4279 :
3260 4227 3312 4279 in
3331 4225 3566 4285 exordio,

1977 4341 2031 4383 et
2059 4327 2415 4383 conclusione
2442 4334 2495 4378 et
2523 4323 2767 4392 pluribus
2798 4320 2919 4374 aliis
2944 4321 2996 4373 in
3019 4320 3154 4373 locis
3188 4318 3330 4371 illius
3368 4317 3565 4375 laudes

1980 4418 2137 4487 plena
2180 4431 2342 4468 manu
2388 4416 2444 4468 in
2501 4424 2645 4467 astra
2699 4412 2865 4475 tollit,
2912 4412 3071 4479 eique
3110 4425 3172 4462 ac
3221 4411 3337 4478 ejus
3374 4408 3558 4461 domui

1980 4510 2320 4563 Christianos
2351 4506 2588 4561 maximo
2618 4505 2796 4559 studio
2833 4513 2889 4557 et
2930 4503 3191 4570 obsequio
3224 4502 3409 4554 alIixos
3440 4514 3569 4555 esse

1983 4600 2344 4656 asseverat“.
2376 4598 2520 4666 Quot
2547 4597 2766 4652 adhibet
2812 4606 3154 4667 argumenta,
3187 4595 3409 4649 totidem
3456 4592 3563 4644 uti-

1986 4708 2075 4752 tur
2098 4694 2481 4750 occasionibus
2518 4692 2802 4745 deliniendi
2834 4689 3179 4759 imperatoris
3208 4700 3257 4742 et
3286 4687 3561 4756 perhono-

1985 4792 2136 4846 riﬁce
2166 4789 2494 4860 appellandi.
2527 4786 2660 4852 Quis
2694 4801 2798 4838 non
2831 4787 2975 4837 videt
3004 4785 3075 4836 ita
3104 4781 3386 4836 disserenti
3427 4779 3567 4833 seria

1984 4883 2126 4952 ptori
2160 4882 2300 4936 idem
2339 4896 2403 4935 ac
2430 4879 2641 4934 Justino
2671 4889 2722 4931 et
2753 4878 2979 4931 Tatiano
3008 4878 3059 4930 in
3090 4873 3430 4927 Orationibus
3462 4878 3561 4923 ad-

1986 4990 2165 5027 versus
2195 4972 2431 5035 (ἕπεσθε,
2479 4970 2745 5025 Clementi
2779 4970 2830 5022 in
2868 4965 3225 5033 Protreptit‘o,
3256 4962 3474 5031 Origeui
3509 4963 3564 5023 in

1986 5068 2142 5122 libris
2171 5074 2354 5119 contra
2388 5061 2617 5126 Celsum,
2649 5060 2986 5131 prepositum
3020 5074 3123 5111 non
3147 5072 3289 5119 esse,
3324 5064 3383 5107 ut
3421 5054 3555 5118 γετῷ

1986 5164 2149 5208 tatem
2174 5153 2451 5223 religiOnis
2475 5150 2798 5205 Christianae
2824 5149 3203 5202 tantummodo
3225 5149 3562 5199 demonstret

1985 5264 2048 5302 ac
2070 5263 2282 5302 errores
2304 5246 2582 5315 gentilium
2611 5255 2820 5317 arguat,
2844 5244 2937 5298 sed
2976 5243 3103 5296 illud
3139 5242 3305 5293 etiam
3330 5239 3563 5293 maxime

1988 5353 2045 5396 ut
2098 5341 2487 5411 persecutionis
2542 5340 2702 5393 ﬁnem
2758 5336 3039 5406 impetret?
3073 5336 3299 5387 Videtur
3347 5332 3450 5387 sibi
3497 5336 3563 5388 ad

1990 5435 2309 5488 imitandum
2346 5432 2692 5502 proposuisse
2722 5430 3002 5497 Apologia:
3042 5425 3100 5480 S.
3136 5425 3356 5489 Justini,
3412 5423 3566 5491 cujus

1988 5525 2234 5593 exemplo
2266 5539 2363 5577 nec
2396 5524 2720 5578 atbeismum
2756 5536 2880 5574 cum
2907 5526 3109 5574 sancta:
3134 5516 3418 5571 Trinitatis
3444 5515 3563 5570 cnl-

1992 5627 2072 5683 tu,
2100 5632 2197 5673 nec
2222 5618 2325 5671 alia
2358 5617 2597 5672 facinora
2629 5629 2749 5670 cum
2778 5613 3020 5668 moribus
3041 5619 3094 5666 et
3126 5609 3371 5677 doctrinm
3407 5609 3562 5665 Chri-

940 5766 985 5799 ²⁹
1012 5765 1266 5837 Bibliolb.
1299 5772 1419 5841 Gr.,
1457 5781 1587 5829 tom.
1612 5772 1679 5830 γ.
1740 5775 1799 5829 .³⁹
1827 5773 1890 5841 Ν.
1926 5774 1957 5830 4
1990 5784 2044 5841 ct
2073 5775 2157 5839 38.
