3948 6256
367 266 421 348 3}

444 330 559 386 187

1354 309 1420 382 's.
1456 322 1786 379 JUSTINUS
1810 313 2291 376 PHILOSOPHUS
2322 315 2410 371 ET
2439 314 2745 372 manu.

3583 299 3740 368 iss.‘

439 448 738 502 stianornm
765 444 1062 500 consistere
1086 458 1243 514 posse
1264 442 1622 498 demonstrat.
1644 444 1842 498 Ducem
1867 441 2017 511 sequi
2047 453 2093 508 Α
2128 453 2344 507 nagorze
2373 435 2572 503 prodiit
2604 448 2745 486 anno
2789 430 2926 486 1569
2969 446 3106 499 opus
3136 430 3212 484 De
3241 446 3357 484 vero
3381 439 3426 483 et
3457 429 3679 498 perfecto

437 538 710 592 Justinum
740 537 972 600 videtur,
998 551 1119 590 cum
1147 535 1411 604 queritur,
1445 536 1586 603 quod
1614 535 1787 589 solum
1818 549 2010 588 nomen

437 630 493 684 in
532 629 857 686 Christianis
899 627 1211 691 damnetur,
1245 643 1392 680 num.
1431 627 1484 695 2',
1530 643 1652 681 cum
1688 627 1922 696 postulat
1955 635 2013 679 ut

2116 547 2318 594 amore,
2352 529 2534 582 verbis
2581 527 2796 594 quidem
2845 541 2875 578 e
2923 523 3113 577 Graeco
3141 538 3389 578 sermone
3416 521 3677 577 Gallicum

2113 619 2342 682 factum,
2391 616 2486 673 sed
2531 630 2718 670 revera
2747 629 2774 666 a
2810 625 3100 681 personato
3133 615 3426 682 interprete
3466 611 3678 666 Funueo

433 719 622 773 eadem
665 722 718 772 in
748 718 870 772 illos
904 733 968 771 ac
1015 717 1069 771 in
1117 717 1252 772 alios
1303 718 1551 771 homines
1599 716 1788 786 judicii
1837 718 2016 772 forma
2111 711 2566 776 fabricatum,cui
2601 709 2805 761 larvam
2831 708 3048 775 egregie
3076 706 3371 760 detractam
3400 706 3520 760 vide
3541 705 3677 773 apud

433 820 684 865 servetur
711 827 736 876 ;,
762 824 883 864 cum
916 810 1326 880 persecutiones
1356 825 1458 863 non
1505 809 1727 864 aliunde
1755 810 1885 864 oriri
1916 811 2009 864 de-

433 902 628 966 clarat,
657 917 818 970 quam
863 917 929 957 ex
973 902 1196 971 antiqua
1248 901 1366 955 vitii
1409 917 1531 956 cum
1576 901 1773 955 virtute
1805 917 2002 970 pugna,

431 993 653 1056 num.5,
678 1007 798 1046 cum
823 990 1163 1045 Christianos
1193 991 1261 1044 ab
1292 991 1395 1045 hac
1426 992 1532 1044 vita
1565 990 1630 1043 ad
1658 990 1819 1042 aliam
1849 990 2006 1058 longe

428 1084 705 1138 meliorem
735 1098 854 1137 cum
881 1084 990 1137 Deo
1019 1091 1074 1137 et
1104 1081 1243 1152 apud
1270 1082 1435 1152 Deum
1464 1082 1853 1136 traducendam
1879 1097 2004 1149 pro-

427 1174 596 1229 ticisci
624 1173 803 1239 docet,
839 1190 988 1228 num.
1028 1173 1127 1238 1‘2,
1158 1183 1212 1228 et
1258 1189 1378 1229 cum
1409 1174 1475 1229 de
1506 1174 1817 1243 angelorum
1849 1173 1999 1241 lapsu

427 1264 688 1336 loquitur,
723 1281 871 1320 num.
898 1266 992 1320 24.

493 1356 770 1412 .Iustinum
803 1358 959 1424 longe
987 1369 1210 1426 superat
1247 1358 1620 1424 Athenagoras
1655 1357 1890 1426 expolito
1921 1359 1999 1412 di-

422 1451 579 1504 cendi
607 1466 828 1520 genere,
854 1452 1060 1506 ordinis
1103 1462 1387 1506 venustate
1413 1463 1468 1506 et
1498 1453 1770 1521 peracutis
1811 1453 1878 1505 ad
1907 1467 2005 1506 ca-

423 1542 676 1610 ptandam
728 1542 1154 1597 benevolentiam
1207 1543 1644 1599 circuitionibus.
1687 1543 1997 1612 Simplicior

419 1630 562 1684 enim
593 1629 837 1688 Justinus
867 1643 922 1687 et
957 1636 1168 1703 parcior
1200 1633 1253 1687 in
1297 1633 1593 1688 laudando.
1624 1633 1776 1701 Quod
1809 1635 1853 1688 si
1887 1651 1992 1689 non

422 1731 528 1776 tam
562 1721 724 1776 nmlta
767 1737 797 1777 e
834 1721 1131 1793 Scripturis
1159 1734 1214 1779 et
1239 1724 1442 1780 Christi
1492 1725 1761 1796 mysteriis
1800 1727 2002 1795 repetit

2108 801 2440 864 Fabricium,
2480 809 2611 852 tom.
2645 798 2707 862 V,
2745 796 2996 851 Biblioth.
3022 794 3138 860 (ἐτη,
3169 811 3220 864 p.
3248 796 3335 850 88.

2179 892 2465 959 Displicuit
2502 888 2724 944 Petavio
2752 889 2895 958 quod
2943 889 3020 942 ait
3058 888 3429 957 Athenagoras
3478 889 3533 941 in
3579 890 3676 944 hoc

2107 983 2189 1036 De
2215 983 2595 1036 resurrectione
2626 981 2789 1046 libro,
2836 996 2892 1033 n.
2924 980 3011 1044 ii,
3065 989 3159 1034 aut
3187 979 3378 1034 saltem
3409 981 3554 1049 quod
3584 980 3676 1035 do-

2106 1071 2350 1126 ctissimo
2380 1070 2627 1137 theologo
2657 1069 2806 1123 visus
2835 1080 2918 1124 est
2941 1070 3142 1136 dicere,
3178 1089 3196 1120 ι
3224 1071 3365 1138 quod
3389 1071 3532 1124 Deus
3561 1081 3676 1140 pot-

2104 1171 2188 1214 est
2218 1161 2266 1214 id
2293 1177 2415 1214 eum
2445 1162 2599 1225 velle,
2623 1171 2677 1215 et
2704 1163 2848 1231 quod
2884 1160 2994 1213 vult
3019 1161 3071 1212 id
3093 1162 3313 1214 omnino
3337 1177 3518 1230 posse,
3541 1183 3559 1216 ›
3585 1164 3673 1216 καὶ

2101 1253 2170 1305 τὸ
2203 1253 2427 1306 δυνατὸν
2476 1253 2730 1323 βουλητὸν
2770 1253 2862 1305 καὶ
2908 1251 2968 1306 τὸ
2992 1252 3068 1323 τῷ
3095 1252 3212 1323 Θεῴ
3253 1253 3506 1325 βουλητὸν
3540 1255 3675 1308 πάν-

2101 1359 2208 1406 τως
2239 1341 2376 1396 εἶναι
2409 1342 2651 1397 δυνατόν.
2690 1341 2795 1398 Sed
2829 1343 2959 1396 nihil
2989 1353 3238 1412 superest
3274 1344 3606 1399 dilIicultatis
3630 1345 3672 1401 si

2100 1433 2250 1489 loetts
2289 1445 2547 1489 accurate
2587 1436 2949 1504 expendatur.
2981 1435 3098 1489 Non
3146 1437 3288 1491 enim
3325 1437 3456 1490 illud
3488 1437 3676 1509 βουλη-

2099 1527 2192 1579 τόν
2225 1527 2360 1580 dicit
2392 1526 2792 1597 Athenagoras,
2823 1527 2967 1594 quod
3002 1527 3142 1583 Deus
3174 1528 3440 1583 facturum
3485 1545 3546 1584 se
3586 1531 3673 1584 de-

2099 1618 2291 1685 crevit,
2313 1619 2406 1673 sed
2431 1620 2573 1688 quod
2599 1619 2734 1672 velle
2763 1629 2959 1687 potest.
2987 1619 3078 1674 Sic
3102 1631 3282 1681 antea,
3308 1637 3365 1674 n.
3402 1623 3489 1684 10,
3517 1620 3674 1674 ἀϐού-

2097 1708 2255 1780 λητον
2285 1707 2535 1777 intelligit
2567 1709 2617 1762 id
2651 1710 2796 1777 quod
2839 1708 2981 1763 Deus
3028 1710 3164 1764 velle
3203 1726 3308 1763 non
3356 1720 3556 1780 potest.
3589 1712 3673 1764 Ait

415 1812 816 1883 Athenagoras,
847 1830 1006 1884 quam
1037 1816 1204 1870 multa
1229 1819 1368 1885 apud
1393 1815 1664 1871 Justinum
1696 1818 1782 1871 his
1811 1818 1878 1872 de
1910 1833 1980 1872 rc-

2095 1801 2237 1853 enitn
2276 1799 2483 1854 idcirco
2511 1799 2806 1869 ἀϐούλητον
2835 1815 2976 1866 esse,
3007 1802 3133 1868 quia
3178 1803 3259 1855 vel
3302 1802 3562 1869 injustum
3594 1813 3682 1857 est.

415 1901 519 1957 bus
541 1915 836 1960 occurrunt
872 1927 884 1961 :
915 1906 1128 1960 videtur
1154 1909 1339 1977 petitis
1366 1924 1433 1962 ex
1467 1909 1676 1962 ratione
1707 1923 1996 1977 argumen-

419 1996 488 2050 tis
521 1997 948 2066 siugularitatem
982 2000 1100 2066 Dei,
1129 2011 1181 2054 et
1208 2002 1626 2056 simulacrorum
1656 2005 1836 2058 cultus
1862 2004 1994 2058 stul-

415 2087 588 2142 titiam
638 2089 1010 2144 demonstrare
1060 2090 1317 2147 maluisse
1364 2103 1417 2145 et
1462 2093 1514 2145 in
1569 2094 1655 2148 his
1688 2094 1989 2160 immorari,

412 2176 540 2249 quia
567 2177 708 2233 hanc
734 2180 1040 2249 disputandi
1073 2181 1340 2235 rationem
1365 2183 1670 2252 philosophi
1703 2185 1992 2253 imperato-

412 2273 490 2326 ris
513 2273 736 2327 auribus
759 2274 1054 2342 gratiorem
1088 2273 1320 2328 futuram
1351 2277 1623 2345 sperabat.
1649 2276 1782 2330 Dum
1809 2286 1991 2330 autem

411 2365 468 2420 in
502 2365 586 2420 his
615 2375 933 2433 occupatur,
965 2368 1114 2420 visus
1143 2377 1226 2420 est
1261 2367 1480 2422 Petavio
1512 2369 1636 2438 (lib.
1669 2384 1707 2434 ι,
1741 2369 1816 2422 De
1854 2368 1986 2438 Deo,

411 2469 536 2524 pag.
568 2453 674 2522 85)
709 2455 1008 2509 accidentia
1054 2455 1108 2508 in
1139 2455 1249 2509 Deo
1281 2457 1588 2511 admittere.
1623 2459 1793 2513 Vocat
1832 2459 1920 2514 ille
1945 2461 1987 2491 ³¹

409 2545 625 2613 quidem
659 2545 752 2599 Dei
787 2546 1043 2599 attributa
1076 2545 1142 2599 τὰ
1163 2546 1666 2618 ὲπισυμϐεϐηκότα,
1695 2566 1759 2604 ac
1789 2551 1986 2605 bonum

407 2637 521 2691 Deo
563 2637 739 2692 inesse
785 2637 916 2690 dicit
965 2636 1105 2689 κατὰ
1143 2638 1504 2710 συμϐεϐηκός,
1557 2642 1650 2695 sed
1702 2657 1822 2696 cum
1875 2642 1987 2711 ipse

408 2737 643 2782 mentem
681 2743 835 2782 suam
867 2729 1097 2798 aperiat,
1129 2745 1236 2782 non
1291 2731 1505 2785 videtur
1553 2733 1601 2786 ei
1655 2733 1724 2786 ob
1758 2733 1981 2788 verbum

407 2816 473 2871 lis
497 2817 872 2889 impiugenda,
901 2821 989 2874 ubi
1015 2821 1279 2875 sententia
1321 2822 1373 2874 in
1405 2831 1518 2876 tuto
1548 2835 1649 2878 est.
1687 2825 1858 2879 Simili
1904 2827 1985 2879 itt-

405 2909 682 2979 dulgentia
741 2915 998 2967 utendum
1050 2915 1104 2968 in
1158 2914 1582 2981 'l‘crtullianum,
1627 2918 1768 2986 apud
1819 2933 1988 2986 quem.

404 3003 595 3056 eodem
643 3019 808 3059 sensu
857 3007 1117 3060 attributa
1175 3006 1267 3060 Dei
1321 3017 1585 3062 vocantur
1633 3011 1983 3080 appendices,

403 3091 499 3148 lib.
531 3109 550 3148 ι
581 3095 634 3150 in
668 3095 863 3163 Marc.,
896 3113 1016 3166 cap.
1047 3098 1136 3152 25.

476 3186 541 3242 ν.
582 3189 986 3260 Athenagoram
1021 3191 1187 3246 multa
1217 3194 1501 3263 scripsisse
1531 3195 1805 3266 conjicere
1849 3211 1976 3264 pos-

403 3294 594 3337 sumus
617 3296 685 3338 ex
718 3283 872 3338 initio
900 3283 1025 3338 libri
1062 3285 1138 3338 De
1167 3288 1568 3348 resurrectione,
1605 3289 1692 3342 ubi
1727 3299 1976 3357 testatur,

401 3391 458 3428 se
486 3391 861 3445 nonnunquam
889 3392 1152 3432 sermones
1175 3395 1268 3447 pro
1297 3381 1513 3433 ueritate
1541 3381 1628 3445 iis,
1661 3398 1780 3452 qua:
1800 3382 1865 3435 de
1895 3399 1981 3436 ue-

403 3466 562 3520 ritate
590 3466 868 3533 habentur,
895 3472 1232 3538 pra'mittere,
1261 3471 1419 3540 idque
1443 3472 1531 3526 illo
1557 3473 1608 3526 in
1632 3472 1772 3528 libro
1797 3474 1978 3532 facere

400 3555 675 3610 statuisse.
710 3556 827 3623 Quo
860 3569 1100 3627 tempore
1151 3558 1251 3613 hoc
1295 3575 1432 3628 opus
1481 3563 1743 3631 scriptum
1789 3564 1974 3630 fuerit,

401 3657 644 3703 statuere
675 3663 780 3703 non
810 3665 1066 3718 possunt;
1101 3651 1195 3705 sed
1218 3660 1397 3706 tamen
1425 3653 1679 3722 Apologia
1709 3657 1977 3723 posterius

401 3736 639 3802 videtur,
665 3753 828 3806 quam
863 3742 940 3792 sic
968 3738 1218 3805 absolvit,
1244 3751 1302 3794 ut
1337 3742 1761 3810 disputationem
1796 3744 1864 3798 de
1889 3761 1978 3799 re-

403 3831 740 3884 surreCtione
787 3831 1022 3885 nondum
1058 3834 1390 3902 suscepisse,
1425 3836 1518 3889 sed
1570 3837 1623 3889 iit
1658 3835 1802 3890 aliud
1837 3846 1975 3891 tem-

401 3937 504 3991 pus
527 3920 744 3978 dill'erre
771 3924 1039 3978 videatur.
1068 3923 1159 3978 Sic
1183 3925 1326 3978 enim
1351 3925 1591 3994 loquitur
1619 3946 1633 3982 :
1669 3927 1825 3981 Ἀλλὰ
1845 3930 1976 3983 ἀνα-

402 4013 604 4067 κείσθω
627 4014 722 4085 μὲν
744 4016 771 4066 ὁ
794 4015 920 4086 περὶ
937 4014 1036 4087 τῆς
1056 4015 1403 4082 ἀναστάσεως
1427 4018 1603 4086 λόγος.
1627 4018 1759 4074 «Sed
1787 4020 1888 4075 hac
1911 4022 1976 4076 de

399 4107 790 4161 resurrectione
819 4107 1185 4176 disputatione
1219 4111 1686 4179 supersedeamus.
1724 4132 1742 4164 ι
1775 4112 1976 4180 Quatu-

393 4199 477 4250 vis
527 4198 749 4251 minime
800 4197 1021 4253 dubium
1074 4201 1146 4256 sit
1193 4203 1320 4270 quin
1375 4203 1487 4255 haec
1533 4203 1831 4270 disputatio
1869 4218 1972 4258 non

394 4291 740 4358 pronuntiata
789 4293 884 4345 sed
935 4293 1133 4360 scripta
1169 4293 1349 4359 fuerit,
1391 4295 1470 4348 sic
1503 4304 1678 4349 tamen
1712 4295 1972 4365 loquitur,

393 4393 447 4432 tt.
479 4379 568 4447 25,
601 4381 753 4448 quasi
798 4383 846 4435 ei
899 4386 1233 4453 propositum
1287 4385 1356 4438 sit
1394 4387 1692 4438 summatim
1739 4385 1840 4448 his,
1885 4387 1969 4456 qui

2005 3135 2048 3191 Ο
2079 3171 2099 3220 Ι
2109 3205 2121 3218 .
2149 3169 2341 3218 Athena

2096 1890 2180 1943 vel
2220 1891 2494 1961 indiguutn
2539 1892 2667 1945 Deo.
2711 1892 2783 1944 Τὸ
2810 1891 2918 1964 γὰρ
2953 1890 3329 1965 ἀ6ούλητον,ἢ
3372 1894 3450 1957 ὡς
3494 1894 3690 1948 ἄδικον.

2095 1982 2240 2052 αὑτῷ
2291 1984 2436 2036 ἐστιν
2482 1983 2794 2054 ἀϐούλητον,
2829 1983 2862 2055 ἢ
2896 1984 2970 2049 ὡς
3002 1984 3236 2051 ἀνάξιον.
3296 1985 3481 2054 Itaque
3513 1986 3669 2039 ἁϐού·

2095 2074 2253 2146 λητον
2301 2077 2644 2144 interpretari
2694 2092 2798 2130 non
2845 2077 3082 2131 dubitavi
3115 2077 3168 2130 id
3195 2078 3335 2146 quod
3369 2079 3420 2130 in
3456 2078 3546 2131 Dei
3577 2095 3665 2132 vo-

2096 2166 2358 2220 luntatem
2388 2182 2493 2220 non
2527 2169 2697 2233 cadit,
2729 2177 2784 2222 et
2835 2165 3090 2236 βουλητόν
3125 2169 3176 2220 id
3213 2169 3352 2236 quod
3401 2169 3543 2222 velle
3572 2185 3665 2238 po-

2095 2266 2218 2311 test.
2259 2257 2402 2322 Quos
2433 2257 2633 2312 refellit
2665 2258 2842 2314 hocin
2873 2259 3014 2313 libro
3041 2259 3434 2327 Athenagoras,
3477 2260 3530 2314 hi
3573 2262 3667 2314 mi-

2092 2351 2236 2404 nime
2263 2351 2609 2418 inquirebant
2634 2363 2814 2405 utrum
2841 2353 3297 2406 resurrectionem
3334 2352 3482 2407 Deus
3505 2369 3665 2409 necne

2091 2441 2399 2508 promiserit
2445 2442 2778 2506 hominibus,
2830 2443 2921 2496 sed
2965 2457 3084 2496 eam
3129 2443 3242 2496 lieri
3288 2444 3512 2497 omnino
3560 2460 3662 2498 non

2089 2547 2246 2601 posse
2271 2533 2686 2588 contendebant.
2719 2533 2896 2600 Quare
2927 2535 3307 2603 Athenagoras
3329 2537 3525 2588 statuit
3551 2550 3660 2600 eos,

2087 2623 2132 2676 si
2163 2639 2285 2677 cum
2317 2624 2502 2693 aliquo
2536 2625 2762 2679 rationis
2795 2624 2977 2679 colore
3019 2626 3279 2679 increduli
3326 2641 3446 2685 esse
3479 2627 3658 2693 velint,

2088 2716 2464 2770 demonstrare
2497 2715 2694 2770 debere
2727 2717 3182 2772 resurrectionem
3207 2718 3290 2771 vel
3316 2719 3365 2770 in
3394 2717 3492 2772 Dei
3512 2729 3658 2788 pote-

2084 2815 2302 2874 statem,
2337 2805 2422 2861 vel
2447 2805 2499 2859 in
2531 2806 2648 2875 ejus
2672 2807 3006 2862 voluntatem
3037 2824 3142 2862 non
3176 2809 3395 2862 cadere.

2649 2939 2875 2996 CAPUT
2927 2937 3064 2998 XIV.

2243 3056 2324 3109 An
2350 3056 2708 3125 Athenagoras
2733 3053 2977 3108 Montani
3003 3063 3154 3106 sectte
3180 3055 3489 3108 (td/mserit.

2149 3169 2599 3279 Athenagorzeloca
2625 3182 2687 3216 ex
2711 3167 2894 3230 quibus
2935 3175 3050 3216 nata
3096 3169 3327 3228 suspicio.
3354 3167 3414 3216 ll.
3447 3169 3548 3216 lies
3585 3169 3657 3236 di:

2134 3231 2332 3290 judican
2371 3244 2476 3278 aex
2505 3232 2778 3292 primordiis
2813 3229 3229 3292 Montanistaruni.
3247 3229 3331 3292 ill.
3363 3229 3506 3278 Multi
3549 3243 3669 3278 anui.

2142 3289 2336 3341 ﬂu-xere
2362 3289 2625 3353 antequam
2647 3292 2854 3340 schisma
2879 3291 3176 3353 conﬂarem.
3204 3289 3303 3353 IV._
3323 3291 3658 3340 Tertullianus

2141 3362 2259 3402 ante
2279 3351 2573 3403 MontaniSta
2599 3367 2742 3414 quam
2764 3353 3112 3400 schismaticus.
3137 3351 3195 3402 Υ.
3211 3351 3428 3414 Difﬁcile
3455 3359 3534 3401 est
3562 3360 3658 3401 sta-

2142 3421 2285 3463 tuere
2309 3428 2406 3476 quo
2430 3413 2654 3476 tempore
2679 3414 2958 3462 absolutum
2978 3413 3292 3463 schisma.Vl.
3319 3415 3655 3476 Athenagoras

2144 3475 2435 3525 eorum’nec
2455 3475 2732 3525 schismatis
2753 3476 3106 3538 needoctrinae
3120 3477 3384 3538 particeps.
3411 3475 3531 3524 Vll.
3546 3477 3654 3523 llto-

2143 3551 2252 3587 rum
2277 3546 2503 3587 exstases
2528 3539 2753 3600 probatas
2773 3537 2829 3584 ei
2845 3535 2998 3585 fuisse
3028 3535 3168 3586 nullo
3189 3544 3326 3598 patet
3345 3544 3651 3599 argumento.

2148 3642 2189 3696 Ι.
2226 3643 2598 3698 Examinanda
2623 3644 2779 3698 nobis
2815 3644 3041 3714 quaestio
3073 3658 3176 3697 non
3207 3643 3355 3710 parvi
3390 3651 3444 3696 et
3477 3643 3544 3696 ad
3574 3642 3652 3694 l'a-

2080 3750 2220 3788 mam
2244 3735 2601 3805 Athenagorae
2627 3745 2681 3790 et
2705 3738 2773 3790 ad
2814 3736 3188 3805 antiquitatem
3221 3733 3650 3788 ecclesiasticam

2078 3829 2361 3882 momenti.
2395 3827 2794 3892 Tillemontius,
2826 3827 2979 3894 cujus
3009 3843 3115 3881 non
3160 3827 3338 3880 minus
3386 3827 3652 3880 laudanda

2078 3921 2132 3974 in
2185 3920 2424 3988 antiquis
2477 3922 2640 3975 rebus
2688 3920 3050 3989 diiudicandis
3106 3920 3352 3986 aequitas,
3384 3934 3549 3988 quam
3598 3918 3651 3972 in

2075 4013 2479 4082 comportandis
2530 4021 2586 4066 et
2617 4013 2964 4082 colligendis
3017 4012 3254 4065 eruditio
3282 4051 3297 4076 ,
3344 4013 3653 4080 suspicatur

2074 4105 2477 4174 Athenagoram
2526 4105 2911 4161 Montanislam
2940 4105 3131 4159 fuisse.
3172 4122 3189 4155 ι
3221 4103 3376 4157 Haud
3404 4105 3539 4168 scio,
3571 4103 3649 4156 in-

2075 4195 2220 4264 quit,
2250 4205 2288 4253 t.
2321 4196 2381 4263 ll,
2406 4213 2458 4265 p.
2483 4195 2606 4258 550,
2634 4212 2702 4250 an
2732 4197 2971 4250 adhibita
2998 4195 3064 4249 ab
3090 4208 3156 4249 eo
3181 4203 3237 4248 ct
3261 4196 3325 4249 de
3348 4194 3646 4263 prephetis,

2077 4303 2183 4356 quo
2208 4297 2448 4357 tempore
2467 4299 2710 4344 exstases
2733 4289 2970 4343 Montani
2992 4288 3288 4342 Ecclesium
3322 4288 3647 4357 perturbare

2078 4379 2430 4448 incipiebant,
2465 4391 2519 4436 et
2564 4382 2630 4436 de
2681 4381 2932 4434 secundis
2963 4381 3164 4448 nuptiis
3202 4380 3450 4448 loquendi
3483 4380 3646 4442 ratio,

391 4487 703 4538 conuenere,
728 4475 961 4528 indicare
989 4478 1112 4543 quid
1139 4479 1202 4530 de
1233 4480 1610 4532 resurrectione
1641 4480 1964 4533 sentiendum
2001 4470 2044 4524 Ι)
2075 4473 2345 4526 llteluendi
2383 4472 2558 4528 locum
2603 4472 2793 4527 afferat
2836 4487 2900 4526 ne
2947 4473 3032 4526 ltis
3067 4472 3313 4541 partibus
3345 4470 3644 4538 implicatus

389 4564 479 4630 sit,
511 4573 561 4618 et
592 4579 917 4635 argumenta,
940 4568 1126 4637 quibus
1164 4569 1260 4621 hoc
1286 4570 1472 4638 dogma
1509 4570 1713 4637 nititur,
1761 4573 1828 4623 ad
1874 4588 1964 4623 au-

388 4656 649 4709 dientium
670 4657 977 4726 facultatem
1001 4661 1416 4712 accommodare.
1434 4660 1690 4725 Quamvis
1713 4661 1958 4717 adhibita

389 4747 441 4800 in
487 4748 588 4802 hoc
621 4763 784 4818 opere
827 4759 1138 4818 argumenta
1175 4749 1318 4818 ipsos
1363 4751 1527 4804 etiam
1565 4752 1845 4806 haereticos
1879 4751 1960 4807 fe-

388 4839 568 4906 riant,
608 4841 824 4895 videtur
869 4849 1050 4896 tatnen
1109 4841 1458 4910 philosophos
1492 4843 1832 4910 potissimum
1865 4861 1958 4899 vo-

387 4930 552 4986 luisse
581 4931 848 4987 refellere.
884 4931 1016 4987 Nam
1062 4935 1324 5004 quidquid
1371 4934 1625 5002 objicitur
1659 4935 1728 4988 ab
1764 4936 1956 4990 adver-

386 5024 568 5090 sariis,
594 5025 645 5078 id
674 5024 992 5079 ratiunculis
1015 5026 1358 5078 continetur:
1383 5025 1644 5095 quidquid
1672 5041 1958 5094 argumen-

387 5123 563 5168 torum
594 5114 816 5169 adhibet
856 5116 1254 5186 Athenagoras,
1302 5117 1357 5170 id
1389 5133 1453 5171 ex
1487 5118 1722 5172 hominis
1765 5127 1957 5170 natura

382 5216 438 5260 et
482 5205 578 5260 Dei
618 5205 828 5274 justitia
863 5208 1077 5277 repetit.
1113 5206 1267 5263 Unde
1310 5210 1493 5267 etiam.
1525 5225 1580 5262 ιι.
1608 5207 1665 5274 3,
1694 5209 1955 5276 informis,

383 5312 438 5354 ut
467 5301 545 5354 illi
567 5302 894 5364 existimant,
924 5316 1113 5369 nempe
1137 5300 1458 5368 philoSOphi,
1487 5302 1713 5354 materia
1736 5301 1954 5354 dicitur.

381 5395 448 5447 At
472 5409 536 5446 ea
573 5407 678 5447 non
707 5393 875 5462 tangit
916 5407 1037 5462 quae
1066 5408 1129 5445 ex
1165 5392 1465 5460 Scripturis
1512 5403 1566 5444 et
1592 5392 1794 5445 Christi
1835 5407 1954 5460 my-

380 5486 564 5542 steriis
594 5487 860 5540 Catholici
899 5487 962 5538 ad
993 5485 1330 5554 probandum
1369 5487 1469 5538 hoc
1502 5485 1714 5553 dogma,
1743 5493 1798 5538 et
1841 5484 1952 5537 hae-

382 5577 536 5632 retici
589 5577 657 5630 ad
705 5576 1054 5631 evertendum
1083 5577 1371 5633 ducebant.
1400 5575 1511 5633 Sub
1548 5576 1763 5633 nomine
1792 5574 1952 5628 Athe-

453 5737 494 5769 ³⁸
530 5735 572 5792 Ν
623 5739 694 5793 ‘25
718 5745 770 5792 et
797 5738 888 5793 24.

2068 4563 2298 4618 fuerit.»
2361 4563 2435 4618 De
2498 4567 2776 4634 prophetis
2829 4565 2908 4619 sic
2960 4565 3200 4633 loquitur
3241 4564 3639 4630 Athenagoras,

2066 4658 2245 4727 Apol.,
2279 4675 2426 4712 num.
2457 4659 2490 4712 9
2522 4677 2534 4713 :
2570 4661 2632 4712 Οἳ
2681 4661 2798 4712 κατ’
2832 4659 3085 4711 ἔκστασιν
3117 4656 3224 4710 τῶν
3257 4659 3315 4708 ὲν
3348 4656 3528 4718 aurei;
3559 4653 3643 4705 λο-

2065 4750 2299 4820 γισμῶν,
2335 4752 2652 4821 κινήσαντος
2701 4751 2895 4812 αὐτοὺς
2927 4749 3019 4801 τοῦ
3055 4748 3196 4800 Θείου
3244 4744 3577 4818 Πνεύματος,
3607 4741 3642 4798 ἃ

2066 4845 2393 4915 ὲνηργοῦντο
2441 4843 2783 4913 ἐξεφώνησαν
2805 4860 2818 4873 ·
2871 4841 3316 4913 συγχρησαμένου
3349 4840 3442 4898 τοῦ
3473 4837 3643 4893 Πνεύ-

2068 4952 2236 5005 ματος
2287 4935 2418 4988 ὡσεὶ
2469 4934 2563 4987 καὶ
2614 4935 2850 5007 αὐλητὴς
2901 4934 3060 4988 αὐλὸν
3110 4932 3433 4996 ὲμπνεύσαι.
3490 4951 3507 4982 ι
3541 4930 3638 4994 Qui

2063 5038 2242 5080 mente
2271 5037 2324 5081 et
2355 5028 2537 5081 animo
2567 5039 2722 5082 extra
2770 5042 2828 5083 se
2877 5028 3038 5096 rapti,
3086 5027 3396 5096 impellente
3431 5025 3633 5095 Spiritu

2062 5127 2273 5181 sancto,
2321 5133 2442 5185 qua:
2499 5118 2630 5185 ipsis
2684 5118 3107 5186 inspirabantur,
3145 5133 3208 5171 ea
3270 5127 3398 5170 sunt
3449 5116 3632 5179 locuti,

2061 5218 2249 5262 utente
2281 5208 2385 5262 illis
2431 5209 2639 5278 Spiritu
2666 5218 2878 5272 sancto,
2912 5210 3059 5262 velut
3085 5211 3129 5263 si
3166 5209 3352 5262 tibiant
3387 5207 3532 5261 inﬂet.
3566 5207 3634 5258 ti-

2061 5299 2243 5354 bicen.
2278 5320 2296 5353 ι
2343 5300 2419 5354 De
2469 5302 2718 5356 secundis
2754 5314 2932 5356 autem
2964 5303 3164 5370 nuptiis
3195 5303 3309 5355 ha-c
3347 5303 3626 5363 habemus,

2062 5408 2118 5445 tt.
2158 5392 2226 5446 55
2258 5412 2271 5447 :
2310 5395 2384 5446 υύ
2420 5395 2528 5465 γὰρ
2565 5394 2760 5465 μελέτῃ
2781 5395 2973 5463 λόγων,
3007 5395 3117 5446 ἀλλ’
3145 5393 3397 5457 ἐπιδείξει
3431 5391 3521 5447 καὶ
3552 5391 3629 5442 δι-

2056 5483 2321 5556 δασκαλίᾳ
2371 5486 2546 5555 ἔργων
2606 5486 2674 5538 τὰ
2719 5487 2994 5557 ήμέτερα”
3048 5487 3080 5557 ἢ
3132 5480 3241 5548 οἷὸς
3288 5501 3371 5547 τις
3415 5481 3622 5551 ἐτέχθη,

2059 5573 2260 5641 μένειν,
2297 5577 2328 5646 ἢ
2377 5576 2460 5644 ἐφ’
2494 5577 2572 5630 ἐνὶ
2623 5577 2802 5648 γάμῳ.
2823 5577 2878 5631 Ὀ
2907 5577 3014 5648 γὰρ
3062 5575 3307 5646 δεύτερος
3353 5575 3623 5645 εὐπρεπῄς
