3948 6256
247 429 323 483 I39
1284 417 1349 472 [ι.
1398 408 1662 470 ιιιΑιιΑΝι
1701 396 2092 460 ΡΒΛῈΡΑῊΟ.
2119 424 2189 435 -
2215 388 2394 446 rans
2430 388 2517 443 Ill.
3499 365 3602 416 tuo

1558 530 1653 600 τὴν
1685 526 1919 596 γυναῖκα

2052 516 2150 569 lace
2177 514 2270 566 ille
2294 514 2346 565 in
2379 510 2519 562 libro
2552 503 2626 557 De
2651 500 2799 572 fuga,
2825 513 2874 551 c.
2913 496 2966 562 9,
2993 493 3083 548 ubi
3108 491 3269 546 etiam
3292 477 3398 541 duo
3437 479 3602 536 refert

2591 596 2601 600 -
2890 588 2903 600 .
2999 595 3009 600 _
3294 579 3498 600 ,ΛΑΜ
3539 574 3602 600 ω,

2019 605 2329 664 testimonia
2363 596 2626 656 Montani,
2663 607 2784 661 qua:
2819 585 3256 644 exhortationem
3294 579 3503 633 habent
3538 574 3604 626 ad

2018 697 2361 767 martyrium,
2408 703 2464 746 at
2517 687 2697 754 fugam
2726 681 2948 736 minime
2979 677 3366 731 condemnant.
3391 668 3600 722 Secuno

2018 793 2114 845 das
2148 765 2367 855 nuptias
2412 781 2758 836 abstulerunt
2809 768 3172 830 Montanistze,
3218 778 3356 817 nova
3387 773 3519 814 sane
3554 765 3609 809 et

2021 880 2256 935 inaudita
2288 874 2539 936 audacia,
2571 869 2663 923 sed
2691 879 2874 919 tamen
2907 863 2958 916 in
2977 856 3293 930 primordiis
3320 856 3392 908 ita
3416 849 3603 907 mode-

2019 983 2157 1035 rate,
2191 978 2252 1022 ut
2283 982 2405 1022 cum
2439 949 2751 1033 digamis'in
2792 952 3034 1008 Ecclesia
3065 946 3477 1004 communicare
3493 957 3604 996 non

2020 1064 2356 1120 dubitarent.
2385 1055 2670 1123 Quomodo
2702 1050 2846 1106 enim
2881 1063 2940 1102 se
2978 1045 3081 1100 hac
3127 1045 3179 1098 in
3213 1055 3270 1095 re
3306 1037 3601 1110 gesserint,

2021 1153 2257 1221 spectari
2287 1159 2466 1221 potest
2493 1163 2557 1201 ex
2609 1158 2797 1199 eorum
2834 1142 2886 1194 in
2927 1138 3051 1191 aliis
3083 1135 3242 1188 rebus
3279 1126 3471 1200 agendi
3512 1139 3602 1178 ra-

2024 1251 2186 1302 tione.
2232 1219 2428 1298 Nescio
2457 1255 2566 1309 quo
2617 1245 2778 1306 pacto
2822 1232 3037 1286 inducta
3087 1228 3266 1280 fuerat
3311 1224 3363 1275 in
3394 1219 3607 1288 aliquas

2023 1341 2300 1399 Ecclesias
2336 1341 2834 1391 noneonseotanea
2869 1334 3138 1397 przecepto
3182 1317 3423 1389 Apostoli
3478 1330 3608 1370 con-

2025 1435 2278 1496 suetudo,
2320 1440 2380 1484 ut
2413 1428 2652 1497 virgines
2685 1425 2740 1477 in
2788 1419 3018 1476 ecclesia
3049 1415 3226 1469 velum
3264 1416 3604 1465 excuterent.

2033 1527 2282 1597 Virgines
2307 1522 2466 1577 novis
2494 1516 2796 1589 prsphetiis
2825 1513 3055 1566 addicta:
3081 1508 3260 1562 velmn
3294 1507 3607 1564 servarunt,

2029 1621 2122 1676 sed
2153 1632 2334 1673 tamen
2371 1614 2494 1668 aliis
2521 1611 2643 1665 velo
2675 1605 2993 1662 carentibus
3018 1607 3257 1657 molestae
3283 1612 3390 1652 non
3414 1601 3607 1654 erant;

2029 1713 2201 1766 donec
2252 1711 2369 1762 ista:
2421 1706 2822 1772 impetrarunt,
2868 1705 2926 1748 ut
2971 1696 3077 1749 hoc
3107 1691 3425 1750 discrimen,
3468 1682 3613 1753 quod

2029 1819 2121 1858 eas
2151 1801 2369 1861 urebat,
2400 1795 2706 1850 tolleretur.
2746 1789 2838 1844 Sic
2880 1803 2992 1840 rem
3043 1791 3268 1837 enarrat
3318 1776 3617 1832 Tertullia-

1954 1900 1999 1955 B
2029 1913 2148 1958 nus,
2185 1894 2280 1948 lib.
2318 1891 2396 1943 De
2420 1887 2516 1942 vel.
2549 1886 2706 1953 virg.,
2741 1897 2862 1950 cap.
2892 1880 2959 1932 5:
2997 1896 3014 1928 ι
3064 1872 3429 1928 Tolerabilius
3475 1870 3614 1939 apud

243 552 328 601 ἐστι
361 543 731 616 μεγάλ’ος
767 543 905 615 γὰρ
943 543 1020 596 ἂν
1063 542 1352 612 ἀπολύσῃ,
1382 535 1534 606 φησὶ,

242 633 394 697 αὗταί),
430 635 529 686 καὶ
580 635 848 705 γαμήσῃ
907 632 1130 704 ἄλλην,
1177 630 1466 702 μοιχείην
1504 620 1626 674 οὔτε
1661 613 1913 670 ἀπολύειν

241 729 522 799 ἐκτρέπων
556 721 633 798 ἦς
672 726 924 779 ἐπαυσέ
961 744 1063 789 τις
1101 726 1210 795 τὴν
1235 717 1549 792 παρθενίαν,
1572 711 1694 767 οὔτε
1717 712 1914 774 ἐπιγα-

245 822 431 894 μείν.’0
463 819 582 892 γὰρ
620 818 1006 888 ἀποστερῶν
1051 817 1256 871 ἑαυτὸν
1290 814 1386 884 τῆς
1430 806 1702 881 προτέρας
1731 816 1918 867 γυναι*

244 915 337 978 ιδς,
363 913 456 966 καὶ
490 914 544 965 εἰ
579 911 878 984 τέθνηκε-,ς
929 911 1142 982 tu;qu
1166 906 1295 962 ’ἐστι
1328 892 1915 974 παρακεκαλυμμένος,

253 1005 591 1078 παραεειῖνων
637 1005 755 1075 μὲν
801 1004 923 1074 τὴν
979 1007 1158 1075 χεῖρα
1187 998 1281 1053 τοῦ
1315 995 1472 1054 Θεοῦ,
1507 994 1591 1045 ὅτι
1624 992 1681 1042 ὲν
1715 987 1856 1056 ἀρχῇ
1890 985 1918 1035 ὁ

261 1100 364 1165 θεὸς
396 1101 500 1152 ’ἐντι
535 1098 726 1170 ἄνδρα.
766 1097 1013 1150 ἔπλασε
1069 1095 1170 1152 καὶ
1218 1093 1344 1165 μίαν
1390 1089 1655 1157 γ·.›ναῖκα’
1690 1081 1835 1134 λύων
1864 1079 1920 1131 δὲ

271 1197 342 1268 τὴν
375 1194 557 1265 signa.
593 1193 748 1264 πρὸς
792 1190 1007 1261 σάρκα
1037 1187 1188 1243 κατὰ
1240 1184 1336 1254 τὴν
1381 1182 1573 1234 ἕνωσιν
1603 1175 1737 1247 πρὸς
1775 1172 1921 1244 μίξιν

277 1292 335 1352 εἰς
362 1285 454 1340 τοῦ
487 1284 696 1353 γένους
736 1281 1090 1336 κοινωνίαν.
1134 1299 1151 1330 ι
1181 1278 1363 1346 Neque
1387 1274 1528 1327 enim
1563 1267 1919 1324 meditatione

283 1395 572 1435 sermonum
629 1377 737 1431 sed
797 1373 1304 1429 demonstratione
1337 1383 1390 1420 et
1425 1363 1707 1432 disciplina
1746 1357 1918 1412 actio-

291 1489 400 1528 num
432 1488 518 1525 res
552 1480 778 1523 nostra:
813 1467 1213 1527 continentur,
1251 1473 1309 1515 ut
1334 1461 1568 1530 quisque
1609 1453 1691 1507 vel
1741 1450 1922 1521 qualis

295 1577 437 1619 natus
469 1572 579 1624 est,
615 1570 894 1622 maneat,
932 1558 1023 1612 vel
1057 1557 1237 1610 unicis
1289 1555 1340 1605 in
1393 1549 1616 1618 nuptiis.
1655 1543 1922 1598 Secunda:

305 1667 432 1714 enim
466 1660 741 1713 decorum
798 1654 1172 1711 adulterium.
1215 1650 1530 1716 Quicunque
1569 1645 1706 1696 enim
1763 1640 1924 1692 dimi-

311 1753 441 1816 serit,
470 1750 680 1818 inquit,
715 1764 952 1800 uxorem
979 1761 1130 1798 suam
1163 1750 1214 1796 et
1248 1741 1408 1793 aliam
1437 1738 1665 1798 duxerit,
1695 1733 1926 1786 moecha-

321 1842 474 1906 tur";
503 1856 605 1894 nec
634 1853 768 1892 eam
811 1836 1025 1890 dimitti
1063 1835 1268 1896 sinens,
1315 1830 1473 1898 cujus
1520 1823 1816 1895 virginitati
1866 1822 1925 1873 ti-

320 1949 431 1988 nem
463 1933 588 2002 quis
625 1928 938 1998 imposuit,
977 1942 1080 1981 nec
1127 1925 1289 1978 aliam
1344 1923 1570 1989 insuper
1605 1918 1749 1971 duci.
1787 1914 1920 1968 Nam

324 2025 406 2093 qui
433 2038 485 2077 se
508 2023 628 2091 ipse
659 2022 847 2091 prima
877 2035 1051 2090 uxore
1085 2016 1304 2087 spoliat,
1335 2011 1551 2068 etiamsi
1588 2017 1800 2063 mortua
1836 2007 1926 2070 sit,

325 2115 527 2169 oornlta
564 2115 809 2182 quadam
838 2112 1059 2164 ratione
1094 2119 1176 2163 est
1206 2106 1452 2169 adulter;
1488 2113 1596 2156 tum
1639 2100 1783 2169 quod
1818 2114 1931 2150 ma-

329 2221 448 2258 num
473 2205 567 2258 Dei
598 2203 1053 2273 transgrediatur
1084 2202 1236 2270 (nam
1269 2197 1426 2251 initio
1459 2194 1602 2249 Deus
1639 2207 1803 2244 unum
1831 2190 1931 2242 ho-

329 2299 520 2353 minem
556 2297 718 2351 finxit
748 2312 814 2349 ac
851 2310 1014 2347 unam
1052 2291 1384 2360 mulierem),
1412 2298 1525 2342 tum
1571 2286 1713 2355 quod
1750 2281 1932 2336 carnis

333 2405 450 2442 cum
480 2404 649 2442 carne
679 2386 1129 2454 coniunctionem
1161 2382 1395 2451 quodam
1420 2379 1583 2432 veluti
1615 2375 1834 2429 vinculo
1866 2374 1931 2426 ad

333 2477 798 2533 commiscendum
850 2491 1022 2546 genus
1072 2473 1383 2542 colligatum
1429 2469 1712 2524 dissolvat.
1744 2486 1762 2519 ι
1799 2465 1932 2520 Cum

341 2573 428 2626 bis
474 2571 700 2625 nimium
742 2569 998 2623 videntur
1050 2581 1360 2634 congruere
1385 2578 1504 2632 quae
1530 2562 1669 2628 apud
1709 2559 1934 2612 Tertul-

344 2665 538 2717 liannm
573 2661 837 2727 leguntur
881 2659 947 2711 de
994 2658 1255 2712 secundis
1283 2655 1504 2724 nuptiis.
1543 2651 1652 2705 Has
1685 2650 1936 2714 nuptiali-

348 2756 435 2806 bus
465 2763 509 2806 et
543 2750 811 2805 dotalibus
839 2751 883 2802 si
905 2749 1043 2820 forte
1069 2747 1265 2800 tabulis
1300 2764 1330 2798 a
1364 2744 1596 2797 max/tia:
1622 2751 1671 2794 et
1704 2741 1939 2809 fornica-

350 2845 495 2898 tionis
518 2860 672 2913 apere
701 2843 939 2896 diversas
968 2855 1090 2895 esse
1121 2842 1197 2893 ait
1220 2838 1294 2892 De
1317 2840 1470 2906 pud.,
1497 2853 1546 2890 c.
1580 2836 1630 2888 1.
1666 2833 1736 2888 Ut
1767 2845 1941 2900 neque

355 2937 647 3004 repudium,
685 2937 762 2989 ita
817 2950 914 2988 nec
968 2930 1307 2987 matrimonii
1354 2943 1638 2982 numerum
1686 2925 1754 2978 ab
1784 2921 1940 2976 initio

358 3029 506 3084 fuisse
548 3030 807 3084 observat
833 3026 910 3080 De
939 3040 1268 3093 monogam.,
1300 3037 1419 3090 cap.
1448 3020 1502 3074 9.
1535 3018 1628 3072 Sic
1669 3015 1934 3084 loquitur,

355 3136 469 3190 cap.
501 3121 586 3175 ﬂ:
623 3139 644 3172 ι
678 3121 864 3187 Neque
884 3118 967 3172 lex
995 3116 1219 3170 abstulit
1243 3113 1560 3183 repudium;
1587 3105 1942 3175 habuitquod

353 3213 578 3266 auferret
607 3229 622 3264 :
654 3226 794 3264 nova
825 3207 1109 3278 prophetia
1161 3207 1456 3259 secundum
1507 3199 1939 3260 matrimonium,
1969 3241 2010 3298 Ο

349 3322 450 3360 non
496 3307 677 3358 minus
727 3301 1012 3370 repudium
1048 3297 1271 3366 prioris.
1305 3314 1323 3347 ›

413 3397 476 3452 ll.
513 3396 622 3450 Sed
658 3405 844 3448 tamen
888 3391 931 3446 si
977 3390 1387 3445 consideremus
1432 3385 1634 3453 quibus
1673 3383 1941 3453 gradibus

343 3484 690 3538 lontanistze
718 3496 786 3535 eo
817 3479 1192 3550 pervenerint,
1227 3489 1287 3533 ut
1320 3479 1386 3531 ab
1432 3476 1688 3530 omnibus
1719 3476 1942 3527 damna-

342 3586 566 3642 rentur;
601 3591 706 3630 nec
731 3583 937 3644 aperta:
962 3571 1177 3626 illorum
1203 3570 1432 3625 haarcsis
1463 3567 1677 3622 afﬁnem
1713 3566 1945 3634 reperie-

340 3684 465 3722 mus
498 3670 951 3735 Athenagoram;
1002 3665 1115 3718 imo
1160 3675 1226 3715 ne
1269 3675 1457 3714 eorum
1500 3656 1717 3728 quidem
1768 3655 1946 3708 fauto-

341 3774 481 3826 rem,
505 3773 631 3830 qua
679 3757 734 3810 in
765 3752 1080 3825 primordiis
1109 3751 1440 3806 moderatius
1461 3747 1796 3801 sentiebant.
1824 3744 1943 3798 Non

343 3855 491 3908 enim
517 3851 714 3908 statim
748 3858 915 3918 atque
939 3846 1146 3916 prodiit
1177 3843 1487 3908 Montanus,
1516 3839 1722 3908 jejunia
1770 3840 1949 3893 instar

349 3944 483 4011 legis
522 3944 844 4012 imponere,
893 3936 1076 4006 fugam
1114 3935 1168 3988 in
1231 3931 1707 4004 persecutionibus
1737 3939 1946 3992 vetare,

350 4036 618 4090 secundas
650 4033 872 4103 nuptias
897 4028 1150 4083 adulterii
1185 4027 1326 4081 netis
1380 4039 1552 4079 ausus
1583 4033 1668 4077 est
1702 4023 1944 4076 inurere.

351 4125 484 4180 Rem
513 4126 690 4179 multo
715 4123 974 4178 callidius
1003 4118 1430 4173 administravit.
1469 4115 1682 4184 Jejunia
1714 4115 1822 4180 his,
1857 4116 1947 4183 qui

353 4219 500 4273 illum
539 4217 884 4276 audiebant,
944 4213 1010 4266 ad
1058 4213 1288 4280 alicujus
1337 4223 1518 4263 causa:
1562 4207 1945 4269 occasionem,

359 4327 463 4362 non
514 4310 613 4364 toti
665 4305 934 4361 Ecclesia:
963 4303 1030 4357 ad
1056 4310 1373 4372 perpetuam
1401 4313 1672 4352 annorum
1717 4297 1948 4350 redeun-

360 4407 488 4458 tium
533 4405 711 4456 vicem
759 4397 1098 4469 imponebat.
1130 4413 1150 4446 ι
1206 4393 1449 4462 Spiritus
1480 4399 1737 4453 sanctus,
1778 4388 1953 4457 inquit

363 4494 731 4549 Tertullianus
767 4490 843 4544 De
861 4488 1070 4557 jejun.,
1114 4501 1166 4541 c.
1210 4484 1290 4545 15,
1323 4498 1444 4536 cum
1484 4483 1535 4536 in
1562 4481 1760 4550 quibus
1790 4478 1952 4533 Vellet

2033 2004 2132 2043 nos
2165 1999 2340 2054 usque
2368 1980 2619 2052 proxime
2649 1977 2872 2043 utrique
2909 1967 3286 2024 consuetudini
3313 1962 3618 2017 communi-

2034 2081 2283 2136 cabatur.
2313 2071 2563 2130 Arbitrio
2595 2067 2862 2138 permissa
2891 2079 2978 2118 res
3004 2069 3145 2125 erat,
3177 2068 3235 2112 ut
3262 2073 3491 2126 (piaeque
3523 2069 3619 2109 vo-

2034 2170 2227 2224 luisset
2251 2176 2345 2219 ant
2386 2164 2489 2233 tegi
2521 2172 2614 2214 aut
2641 2157 2919 2227 prostitui,
2955 2154 3102 2208 sicut
3137 2159 3192 2205 et
3217 2150 3450 2203 nubere:
3473 2147 3619 2215 quod

2034 2273 2088 2318 ct
2120 2262 2295 2332 ipsum
2323 2271 2499 2324 neque
2528 2252 2746 2322 cogitur
2773 2261 2947 2317 neque
2970 2241 3319 2316 prohibetur.
3345 2239 3618 2294 Contenta

2035 2371 2157 2411 era.
2196 2351 2448 2406 veritatis
2481 2345 2687 2418 pacisci
2729 2358 2849 2396 cum
2887 2334 3304 2398 consuetudine,
3354 2341 3413 2384 ut
3457 2329 3623 2383 tacite

2037 2450 2138 2502 sub
2171 2441 2586 2500 consuetudinis
2614 2435 2833 2490 nomine
2857 2433 3133 2486 frueretur
3154 2442 3212 2481 se
3237 2426 3319 2479 vel
3345 2440 3408 2480 ex
3435 2432 3618 2494 parte,

2039 2539 2131 2593 sed
2168 2535 2424 2605 quoniam
2471 2535 2716 2598 coeperat
2747 2524 2953 2594 agnitio
2983 2517 3287 2590 prolicere,
3331 2525 3388 2569 ut
3421 2529 3514 2583 per
3553 2513 3622 2566 li--

2039 2628 2276 2684 centiam
2313 2625 2602 2688 utriusque
2639 2617 2809 2672 moris
2856 2612 3118 2667 imlicium
3174 2607 3420 2662 melioris
3453 2603 3625 2674 partis

2039 2729 2383 2788 emergeret;
2417 2715 2600 2769 statim
2651 2711 2740 2764 ille
2777 2705 3125 2760 adversarius
3165 2703 3456 2761 bonorum,
3487 2693 3620 2750 mul-

2043 2823 2206 2879 toque
2240 2807 2640 2866 institutorum,
2674 2801 2801 2856 fecit
2827 2815 2964 2870 Opus
2993 2812 3174 2852 suum.
3217 2792 3482 2848 Ambiunl.
3511 2788 3627 2844 vit-

2042 2907 2197 2974 gines
2232 2903 2508 2957 hominum
2541 2901 2807 2950 adversus
2837 2891 3078 2962 virgines
3115 2887 3238 2950 Dei,
3278 2885 3418 2940 nuda
3468 2880 3628 2953 plane

2045 2996 2225 3050 fronte
2268 2997 2319 3048 in
2351 2989 2702 3048 temerariam
2749 2985 3037 3040 audaciam
3071 2981 3415 3036 excitata...
3454 2978 3598 3032 Scan

2047 3089 2368 3150 dalizamur,
2406 3084 2694 3151 inquiunt,
2733 3078 2857 3146 quia
2890 3075 3047 3128 aliter
3077 3073 3200 3127 alia:
3246 3071 3578 3126 incedunt...

2047 3181 2154 3236 Cur
2191 3194 2294 3233 non
2339 3178 2510 3247 magis
2553 3175 2634 3228 lue
2689 3177 2989 3240 querantur
3036 3164 3294 3219 seandalo
3345 3161 3446 3215 sibi
3504 3173 3630 3214 esse

2047 3271 2437 3342 petua'antiam,
2518 3263 2910 3334 impudentiam
2979 3255 3333 3313 ostentatitiae
3403 3252 3630 3321 virgini-

2047 3365 2203 3419 tatis?
2237 3381 2255 3414 ι

2114 3457 2280 3511 Suam
2328 3453 2648 3507 Montanum
2693 3445 2946 3500 haeresim
2998 3443 3049 3496 iu
3095 3437 3412 3510 primordiis
3449 3436 3636 3508 aliqua

2047 3547 2288 3602 lenitatis
2331 3546 2456 3598 fuco
2505 3539 2902 3600 dissimulasse,
2936 3535 3066 3589 illud
3095 3533 3260 3586 etiam
3305 3537 3638 3600 argumento

2045 3651 2152 3700 est,
2190 3640 2334 3705 quod
2367 3640 2434 3691 de
2461 3635 2577 3706 ejus
2603 3627 2906 3703 prophetiis
2931 3625 3100 3679 varia:
3144 3637 3209 3675 ac
3251 3621 3638 3687 discrepantes

2049 3734 2206 3788 fuere
2247 3728 2657 3786 Catholicorum
2705 3720 3014 3778 sententiae.
3062 3714 3196 3768 Nam
3243 3723 3300 3766 ut
3358 3709 3636 3780 prophetae

2049 3839 2248 3881 munus
2279 3838 2343 3876 ac
2375 3834 2570 3874 nomen
2599 3815 2701 3870 sibi
2729 3827 2987 3880 arrogare
3017 3809 3184 3878 carpit
3204 3847 3218 3872 ,
3265 3803 3418 3858 multi
3455 3803 3634 3865 illum,

2053 3928 2187 3972 teste
2211 3915 2446 3970 Eusebio
2461 3911 2526 3978 ³³,
2545 3905 2811 3976 ejusmodi
2838 3905 2998 3958 donis
3020 3909 3278 3956 ornatum
3301 3911 3423 3951 esse
3456 3891 3638 3947 credi-

2051 4015 2272 4075 derunt,
2302 4023 2422 4078 qua:
2449 4015 2578 4058 tunc
2611 4017 2736 4055 rara
2764 4001 2816 4053 in
2841 3995 3085 4051 Ecclesia
3129 4007 3234 4045 non
3273 4000 3448 4042 erant.
3490 3988 3558 4039 At
3588 3984 3634 4038 si

2051 4107 2234 4162 statim
2258 4117 2322 4156 ea
2358 4099 2676 4161 vomuisset,
2708 4108 2831 4163 qua:
2862 4099 3049 4159 postea
3075 4083 3269 4139 elfutiit
3290 4123 3304 4145 ,
3340 4081 3482 4133 nulla
3514 4091 3636 4132 esse

2053 4199 2321 4270 potuisset
2373 4195 2517 4248 inter
2558 4189 2873 4246 Catholicos
2919 4181 3225 4252 ambigendi
3283 4180 3443 4232 ratio.
3485 4174 3638 4229 Illius

2056 4287 2392 4347 anathemati
2428 4299 2638 4339 moram
2661 4297 2766 4335 non
2793 4277 3102 4332 attulissent
3133 4285 3412 4333 exstases,
3442 4271 3485 4322 si
3516 4279 3638 4322 sese

2054 4382 2312 4451 aperiens
2338 4377 2524 4431 statim
2553 4375 2804 4439 dixisset,
2838 4371 2889 4425 id
2923 4368 3068 4440 quod
3097 4367 3165 4420 ab
3197 4379 3263 4417 eo
3295 4371 3388 4415 aut
3419 4360 3486 4413 ab
3522 4359 3639 4425 ejus

2058 4450 2382 4527 mulieribus
2429 4470 2637 4522 dictum
2687 4464 2857 4518 refert
2899 4459 3269 4515 Tertullianus
3316 4453 3392 4507 De
3435 4450 3636 4520 pudic.,

366 4589 522 4642 terris
553 4597 608 4642 et
642 4600 742 4655 per
764 4596 906 4652 quos
937 4579 1103 4633 vellet
1133 4577 1476 4646 praedicaret,
1506 4587 1572 4627 ex
1604 4571 1943 4640 providentia
1978 4584 2021 4636 Ι)
2056 4583 2176 4635 cap.
2199 4565 2261 4618 21
2296 4581 2310 4618 :
2342 4581 2359 4612 ι
2389 4561 2573 4616 Potest
2598 4557 2839 4612 Ecclesia
2867 4555 3071 4609 donare
3097 4552 3385 4610 delictum;
3417 4546 3510 4599 sed
3533 4557 3640 4596 non

367 4676 769 4733 imminentium
798 4714 813 4738 ,
845 4673 960 4727 sive
1010 4669 1507 4724 ecclesiasticarum
1559 4664 1949 4730 tentationum,

368 4776 476 4828 sive
505 4769 876 4827 mundialium
905 4765 1207 4836 plagarum,
1244 4776 1351 4830 qua
1395 4759 1740 4824 Paracletus,
1789 4757 1840 4810 id
1871 4765 1954 4810 est

368 4866 684 4927 advocatus,
733 4859 800 4912 ad
839 4855 1178 4911 exorandum
1199 4849 1461 4918 judicent,
1497 4847 1806 4916 ltujusmodi
1845 4847 1954 4900 otti-

371 4957 572 5009 ciorum
607 4949 850 5006 remedia
887 4945 1199 5001 mandabat.
1227 4942 1360 4996 Puta
1391 4957 1556 5004 nunc,
1596 4939 1663 4992 ad
1692 4953 1956 4992 exerccno

374 5049 488 5101 dam
526 5042 846 5100 sobrietatis
884 5050 940 5094 et
989 5037 1341 5092 abstinentia:
1390 5031 1761 5100 disciplinam,
1807 5031 1955 5084 hunc

375 5138 460 5207 qui
496 5137 816 5206 recipimus,
867 5129 1183 5187 necessario
1229 5132 1394 5184 etiam
1437 5143 1558 5198 quae
1589 5135 1719 5179 tunc
1752 5124 1959 5179 consti-

376 5231 474 5287 tuit
501 5233 892 5286 observamus.
928 5247 947 5278 ι
979 5225 1168 5294 Neque
1205 5224 1368 5277 etiam
1409 5221 1590 5290 fugam
1635 5221 1858 5275 omnino
1904 5219 1956 5270 in

375 5322 850 5395 persecutionibus
909 5319 1225 5374 damnabat.
1280 5316 1537 5370 Testatur
1591 5311 1960 5367 Tertullianus

376 5436 495 5472 eum
544 5421 831 5473 hortatum
865 5427 988 5468 esse
1032 5413 1100 5465 ad
1151 5410 1510 5480 martyrium;
1562 5405 1741 5474 fugam
1795 5405 1862 5458 ab
1893 5417 1961 5456 eo

379 5516 593 5582 penitus
628 5507 974 5581 prohibitam
1020 5504 1201 5559 dicere
1255 5518 1360 5555 non
1409 5500 1595 5555 audet.
1635 5517 1653 5548 ι
1695 5496 1960 5566 Spiritum

382 5621 505 5660 vero
540 5605 585 5656 si
619 5600 902 5664 consulas,
947 5597 1074 5667 quid
1102 5597 1269 5667 magis
1298 5605 1558 5649 sermone
1601 5591 1694 5646 illo
1734 5589 1967 5658 Spiritus

381 5697 608 5770 probat?
637 5695 850 5751 Omnes
897 5705 1037 5762 pene
1081 5693 1146 5744 ad
1201 5689 1524 5760 martyrium
1561 5686 1903 5744 exhortatur.
1945 5700 1962 5734 ι

451 5858 498 5890 ³²
524 5855 724 5912 lauti.
759 5865 885 5919 xui,
918 5849 973 5905 9.
1045 5847 1087 5880 ³³
1115 5845 1278 5917 llist.,
1308 5863 1357 5914 v,
1391 5847 1444 5902 '5.

2057 4659 2253 4712 faciam
2286 4668 2352 4708 ne
2377 4662 2431 4706 et
2456 4653 2558 4704 alia
2586 4650 2916 4717 delinquant.
2952 4663 2970 4696 ι

2134 4746 2221 4802 111.
2251 4747 2441 4816 Opera:
2464 4743 2700 4814 pretium
2726 4749 2810 4794 est
2834 4740 3125 4791 observare
3157 4732 3354 4786 multos
3378 4743 3550 4781 annos
3575 4726 3643 4778 ab

2069 4842 2230 4898 initio
2257 4848 2420 4894 seclaa
2451 4835 2744 4896 efﬂuxisse,
2780 4843 3071 4899 antequam
3109 4836 3203 4880 aut
3238 4823 3455 4878 tolerari
3502 4819 3645 4872 desi-

2068 4943 2263 4990 nerent
2298 4931 2675 4994 Montanistm,
2720 4934 2816 4978 aut
2858 4937 2916 4976 se
2965 4920 3106 4974 ultro
3140 4919 3208 4971 ab
3251 4916 3505 4968 omnibus
3541 4912 3645 4965 Ec-

2069 5027 2249 5082 clesiis
2278 5024 2678 5078 abscindercnt.
2715 5019 2867 5070 Anno
2906 5013 3028 5076 177,
3065 5012 3114 5065 id
3152 5018 3254 5070 est,
3293 5022 3387 5060 sex
3423 5005 3581 5057 annis
3613 5017 3644 5054 a

2058 5128 2219 5174 secta:
2253 5114 2574 5185 primordio,
2608 5110 2950 5164 confessores
2983 5105 3370 5171 Lugdunenses
3393 5108 3441 5150 et
3478 5094 3646 5148 Vien—

2060 5227 2277 5276 nenses,
2313 5209 2399 5264 vel
2427 5227 2456 5260 a
2489 5205 2750 5260 fratribus
2780 5202 2920 5255 Asia:
2955 5209 3008 5252 et
3043 5194 3286 5265 Phrygim
3310 5189 3542 5246 consulti
3579 5187 3645 5240 de

2060 5307 2163 5360 hac
2201 5301 2560 5365 dissensione,
2593 5295 2678 5349 vel
2713 5293 2982 5348 charitate
3017 5287 3234 5358 propria
3267 5282 3500 5346 incitati,
3524 5293 3648 5346 par-

2061 5400 2154 5452 tim
2186 5397 2254 5450 ad
2284 5397 2475 5463 fratres
2518 5393 2573 5445 in
2611 5388 2740 5441 Asia
2787 5396 2832 5439 et
2879 5381 3112 5450 Phrygia
3155 5381 3428 5444 degentes,
3473 5370 3647 5439 inquit

2071 5491 2360 5554 Eusebius,
2391 5487 2558 5550 llist.,
2588 5484 2684 5537 lib.
2718 5497 2772 5546 v,
2799 5497 2848 5533 c.
2881 5477 2937 5541 3,
2973 5475 3163 5544 pertint
3206 5472 3272 5523 ad
3310 5467 3650 5521 Eleutherum

2077 5583 2328 5637 Romana:
2369 5580 2512 5632 urbis
2543 5575 2839 5644 episcopum
2870 5570 3210 5634 scripserant,
3258 5578 3350 5631 pro
3389 5573 3517 5628 pace
3542 5552 3650 5606 Ec-

2078 5678 2356 5732 clcsiarum
2415 5670 2568 5743 quasi
2628 5666 2888 5739 legatione
2940 5661 3228 5731 fungentes.
3291 5651 3503 5707 Nullum
3565 5648 3653 5702 hic
