3948 6256
350 341 445 398 191

1255 348 1314 403 S.
1352 346 1683 404 JUSTINUS
1713 347 2194 407 PHILOSOPHUS
2228 350 2314 406 ET
2348 347 2658 405 MARTYR.
3506 354 3575 405 19

350 459 613 524 schisma,
649 462 741 515 sed
772 462 1065 519 vehemens
1101 463 1409 532 dissensio,
1466 468 1619 536 cujus
1670 470 1923 525 sedandae
1951 479 1996 533 Α
2027 470 2287 525 ecclesias
2328 480 2383 525 et
2415 470 2589 525 eidem
2627 470 2937 525 auctoritati
2973 471 3253 541 paruisse;
3304 483 3427 523 cum
3482 466 3610 520 alias

350 564 473 620 spes
503 550 806 619 all‘ulgebat.

422 641 607 695 Trium
638 643 1012 700 Romanorum
1046 648 1359 718 pontificum
1400 654 1832 705 communionem
1868 665 1923 706 et

353 733 801 801 approbationem
852 737 951 789 sibi
997 739 1289 793 conciliare
1323 742 1501 794 conati
1547 752 1674 795 sunt
1712 742 1920 796 Monta-

351 827 525 890 nistzc,
563 826 656 880 sed
683 844 902 896 operam
939 830 1205 888 luserunt.
1250 832 1385 885 Rem
1426 833 1689 888 discimus
1738 852 1801 890 ex
1838 836 1921 889 his

352 914 668 970 Tertulliani
709 918 886 971 verbis
910 930 1094 973 contra
1120 918 1314 986 Prom,
1336 938 1385 977 c.
1416 924 1437 976 I
1479 942 1491 978 :
1526 942 1544 974 ‹
1589 923 1730 977 Idem
1766 925 1918 993 (Pra-

351 1012 503 1075 xeas)
542 1019 667 1062 tunc
698 1014 1009 1078 episcopmn
1061 1012 1362 1067 Romanum
1396 1026 1781 1081 agnoscentem
1807 1016 1919 1083 jam

352 1099 662 1165 prephetias
708 1100 982 1166 Montani,
1030 1101 1249 1169 Priscae,
1297 1104 1631 1170 Maximillae,
1666 1118 1721 1161 et
1754 1123 1819 1162 ex
1857 1124 1917 1161 ea

352 1190 624 1257 agnitione
652 1206 842 1259 pacem
880 1193 1137 1248 Ecclesiis
1171 1196 1317 1249 Asize
1338 1206 1392 1251 et
1416 1196 1660 1268 Phrygia
1683 1198 1921 1253 inferen-

353 1288 481 1343 tem,
519 1281 649 1335 falsa
674 1284 740 1336 de
766 1284 899 1352 ipsis
930 1286 1208 1353 prophetis
1237 1299 1287 1341 et
1326 1287 1581 1343 Eeclesiis
1612 1305 1799 1343 eorum
1833 1306 1921 1345 as—

351 1373 690 1434 severando,
742 1384 797 1427 et
842 1389 1233 1443 praacessorum
1278 1377 1393 1444 ejus
1440 1380 1793 1434 auctoritates
1828 1382 1921 1436 de-

353 1460 641 1527 fendendo,
688 1468 865 1533 coegit
914 1476 967 1521 et
1026 1468 1237 1525 litteras
1292 1472 1443 1539 pacis
1500 1487 1759 1529 revocare
1810 1474 1918 1544 jam

350 1555 612 1620 emissas,
647 1566 700 1610 et
736 1572 765 1610 a
804 1560 1083 1627 proposito
1135 1563 1567 1631 recipiendorum
1615 1563 1921 1621 charisma-

357 1656 467 1700 tum
520 1663 856 1705 coucessare.
916 1671 935 1704 ι
978 1654 1143 1723 Hujus
1198 1656 1502 1724 pontificis,
1557 1658 1649 1725 qui
1705 1671 1841 1725 pene
1888 1673 1917 1712 a

355 1735 696 1793 Montanistis
714 1742 971 1809 deceptus
1003 1744 1123 1807 fuit,
1155 1758 1516 1814 pratcessores
1555 1747 1773 1799 iudicati
1817 1747 1918 1800 hoc

350 1829 472 1883 loco
506 1831 593 1883 alii
649 1847 769 1886 esse
814 1849 919 1887 non
968 1846 1224 1903 possunt,
1259 1854 1419 1906 quam
1473 1840 1630 1892 Soter
1663 1839 1765 1891 sub
1809 1856 1917 1907 quo
1951 1865 1991 1918 Β

350 1932 495 1976 secta
534 1924 766 1991 prodiit,
819 1935 874 1979 et
919 1926 1239 1989 Eleutherus
1278 1930 1364 1983 cui
1418 1931 1605 1983 Vielor
1649 1933 1922 1986 successit

349 2028 491 2066 anno
522 2015 644 2069 I92.
681 2015 868 2085 Itaque
906 2020 1123 2074 Victore
1158 2022 1457 2077 Ecclesiam
1496 2025 1796 2078 Romanam
1836 2040 1921 2079 re-

350 2113 507 2171 gente
537 2115 628 2158 aut
663 2107 854 2162 saltem
895 2109 945 2160 in
984 2110 1298 2177 primordiis
1358 2114 1501 2169 illius
1545 2118 1914 2184 pontificatus,

350 2196 402 2249 id
442 2208 525 2251 est
574 2201 732 2255 annis
764 2201 950 2271 viginti
986 2214 1039 2259 et
1085 2207 1314 2274 amplius
1367 2218 1489 2275 post
1536 2209 1772 2264 Montani
1810 2213 1918 2279 pri-

349 2289 579 2351 mordia,
621 2292 859 2345 nondum
902 2291 1239 2349 Montanistze
1272 2296 1340 2349 ab
1378 2298 1621 2353 Ecclesia
1659 2301 1920 2358 discesseo

348 2389 494 2443 rant,
534 2382 773 2436 nondum
828 2384 895 2438 ab
948 2400 1010 2438 ea
1064 2398 1223 2440 erant
1256 2389 1437 2454 ejecti.
1477 2390 1782 2449 Verisimile
1834 2405 1920 2450 est

348 2470 599 2525 homines
645 2475 911 2541 superbos
958 2478 1224 2545 repulsam
1263 2480 1399 2535 hanc
1445 2499 1549 2535 non
1595 2484 1780 2539 tulisse
1824 2504 1917 2555 pa-

348 2562 575 2628 tienter;
633 2565 726 2617 sed
796 2577 972 2619 tamen
1028 2566 1208 2635 plures
1264 2573 1389 2625 anui
1440 2573 1508 2629 ab
1560 2575 1662 2629 hoc
1719 2589 1917 2632 eventu

347 2652 708 2721 ellluxerunt,
765 2668 1055 2727 antequam
1109 2664 1345 2717 schisma
1400 2642 1579 2734 palam
1625 2678 1679 2722 et
1731 2680 1916 2739 aperte

346 2757 674 2816 erumperet.
714 2747 845 2800 Nam
882 2749 1267 2828 Tertullianus,
1304 2769 1462 2821 quem
1500 2758 1799 2811 verisimile
1832 2770 1918 2814 est

348 2839 551 2904 Romm,
596 2856 717 2895 cum
757 2843 872 2896 lucc
922 2855 1235 2911 agerentur,
1276 2846 1467 2913 fuisse,
1524 2849 1575 2902 in
1634 2852 1735 2905 hac
1785 2854 1916 2907 urbe

348 2930 673 2986 Montanista
723 2933 896 2986 factus
948 2946 1063 2998 est,
1114 2937 1155 2989 si
1202 2954 1319 2991 eam
1372 2939 1699 3010 llieronyuto
1754 2941 1912 2997 fidem

349 3025 627 3087 habemus,
656 3040 773 3093 qua:
798 3027 869 3079 illi
898 3028 995 3080 hac
1028 3029 1079 3080 in
1114 3046 1169 3082 re
1195 3046 1299 3082 non
1337 3032 1548 3084 videtur
1580 3035 1912 3102 deneganda.

347 3113 395 3166 Is
428 3115 571 3168 enim
608 3116 660 3169 in
702 3117 840 3170 libro
877 3118 949 3171 De
974 3121 1156 3188 script.
1190 3123 1370 3174 ccc/es.
1402 3134 1590 3175 narrat
1623 3123 1912 3179 Tertullia-

349 3226 473 3262 nutn
505 3211 703 3264 invidia
732 3222 775 3264 et
803 3216 1134 3267 contumeliis
1167 3218 1479 3269 clericorum
1523 3218 1774 3270 Erclerirc
1809 3217 1915 3273 Ro-
1944 3211 1984 3266 C
2026 3232 2041 3263 ι
2082 3209 2269 3278 Itaque
2306 3210 2391 3263 isti
2416 3247 2430 3272 ν
2467 3208 2640 3275 inquit
2668 3208 2728 3269 ³⁸,

346 3319 518 3357 mana:
543 3306 610 3357 ad
636 3304 873 3359 Montani
898 3310 1088 3375 dagma
1116 3310 1411 3379 delapsum.
1447 3310 1623 3363 Itcdiit
1649 3322 1841 3365 taincn-
1860 3313 1911 3366 iu

344 3390 584 3447 Africam
644 3396 881 3450 nondum
937 3398 1373 3453 schismaticus:
1433 3415 1555 3453 nam
1616 3402 1915 3457 Catholicis

343 3486 637 3552 permistus
684 3496 834 3553 erat,
882 3489 1053 3558 iisque
1094 3492 1444 3548 audientibus
1481 3492 1774 3555 Praxeam,
1823 3496 1916 3562 qui

345 3591 411 3630 ex
445 3576 591 3633 Italia
624 3581 675 3633 in
700 3580 940 3636 Africam
974 3594 1226 3648 venerat,
1269 3586 1448 3652 ibique
1483 3601 1727 3639 errorem
1759 3602 1912 3640 suum

346 3672 660 3739 spargebat,
695 3671 859 3742 fregit
892 3682 945 3727 et
978 3677 1237 3738 convicit,
1269 3688 1430 3745 atque
1462 3678 1711 3731 hteresim
1738 3680 1919 3747 coegit

344 3761 597 3828 cjurare;
670 3772 775 3816 tum
822 3766 1036 3819 demum
1086 3768 1321 3821 schisma
1356 3768 1671 3823 conflatum.
1725 3770 1913 3825 Totam

345 3867 457 3906 rem
494 3855 574 3908 sic
608 3855 723 3923 ipse
754 3865 964 3919 narrat,
998 3872 1119 3927 cap.
1158 3859 1182 3911 1
1227 3861 1279 3913 in
1310 3859 1511 3915 Praua:
1545 3881 1562 3911 ι
1601 3861 1917 3918 Fruticave—

347 3952 470 3995 rant
494 3959 677 3998 avenae
708 3944 1001 4001 Praxeante
1028 3987 1041 4011 ,
1078 3950 1163 4004 hic
1199 3965 1412 4017 quoque
1447 3954 1915 4020 supersentiuatze,

345 4034 743 4090 dormientibus
770 4037 957 4093 multis
1006 4038 1057 4092 in
1093 4041 1442 4108 simplicitate
1472 4042 1768 4109 doctrinae;
1810 4053 1918 4097 tra-

346 4127 520 4181 ducta:
561 4129 759 4183 dehinc
802 4145 901 4197 per
921 4146 1081 4200 quem
1128 4132 1268 4187 Deus
1290 4133 1483 4197 voluit,
1520 4135 1687 4187 etiam
1718 4135 1917 4189 avulsae

345 4219 690 4271 videbantur.
746 4220 983 4290 Denique
1025 4234 1241 4277 caverat
1296 4225 1583 4293 pristinum
1626 4225 1817 4280 doctor
1852 4228 1917 4280 de

345 4312 722 4364 emendatione
770 4326 913 4366 sua:
960 4325 1017 4369 et
1071 4324 1253 4368 manet
1302 4316 1723 4384 chirographum
1778 4318 1917 4385 apud

348 4402 660 4471 psychicos,
704 4406 844 4472 apud
885 4420 1023 4475 quos
1058 4418 1183 4460 tunc
1230 4418 1378 4477 gesta
1427 4423 1515 4461 res
1549 4419 1630 4462 est
1672 4426 1684 4461 :
1720 4410 1919 4463 exinde

346 4492 641 4545 silentium.
680 4494 745 4547 Et
786 4510 884 4549 nos
919 4497 1134 4565 quidem
1171 4508 1355 4565 postea
1394 4500 1599 4567 agnitio
1649 4498 1915 4554 Paraeleti

344 4592 398 4635 et
430 4584 673 4639 defensio
717 4586 978 4655 disjunxit
1026 4603 1053 4640 a
1107 4589 1400 4659 psyclticis.
1451 4610 1469 4642 ι
1523 4591 1790 4646 Accurata
1835 4605 1917 4648 est

344 4673 663 4730 Tertulliani
721 4679 858 4731 ratio
902 4678 1195 4746 loquendi:
1232 4698 1334 4735 non
1372 4680 1519 4734 illum
1564 4682 1675 4736 sola
1707 4685 1915 4753 agnitio

348 4769 469 4824 falsi
502 4770 809 4838 Paracleti,
863 4774 959 4827 sed
1005 4775 1237 4829 maxime
1291 4775 1535 4829 defensio
1575 4775 1836 4843 disjunxit
1883 4794 1911 4831 a

343 4862 655 4918 Catholicis.
694 4864 957 4919 Nimirum
996 4876 1293 4936 agnoverat
1322 4878 1613 4937 antequam
1644 4870 1912 4924 schisma-

346 4955 450 5008 tice
482 4956 815 5013 defenderet.

412 5046 500 5101 IV.
538 5046 931 5103 Tertulliauum
980 5064 1084 5104 non
1129 5053 1309 5106 statim
1360 5068 1423 5107 ac
1470 5052 1797 5107 Montanista
1836 5054 1915 5107 fa-

342 5148 463 5194 ctus
494 5148 597 5206 est,
626 5141 693 5194 ab
728 5140 982 5195 Ecclesiae
1010 5142 1389 5197 communione
1419 5145 1693 5199 exteriore
1715 5144 1918 5199 disces-

342 5233 480 5288 sisse
516 5235 667 5286 testis
705 5244 788 5285 est
826 5234 957 5287 liber
992 5233 1066 5286 De
1103 5233 1335 5287 vetandis
1374 5236 1663 5305 virginibus
1693 5274 1709 5300 ,
1761 5236 1917 5305 cujus

342 5322 620 5379 scribendi
654 5326 892 5389 occasio,
928 5334 989 5378 ut
1016 5324 1125 5393 jam
1158 5324 1413 5390 vidimus,
1450 5327 1656 5380 exstitit
1685 5338 1805 5381 orta
1837 5329 1924 5382 in-

344 5428 428 5475 ter
460 5412 907 5467 Montamstarum
942 5422 998 5469 et
1029 5413 1432 5470 Catholicorum
1465 5417 1704 5486 virgines
1743 5417 1799 5472 in
1828 5419 1925 5473 iis-

342 5505 462 5558 dem
498 5504 749 5559 ecclesiis
793 5513 849 5558 et
890 5505 993 5561 sub
1037 5504 1229 5561 iisdem
1283 5509 1593 5575 pastoribus
1625 5509 1921 5568 dissensio.

344 5599 575 5656 Necesse
623 5607 705 5655 est
744 5600 888 5657 enim
934 5610 1193 5672 utrasque
1232 5603 1284 5659 in
1331 5606 1552 5663 easdem
1599 5606 1919 5665 convenisse

420 5759 462 5795 ιι
484 5758 614 5831 Cap.
649 5759 736 5819 12.

2026 577 2132 616 non
2159 562 2491 627 velareutur,
2521 562 2641 615 alia;
2673 562 2849 615 socias
2874 577 3000 616 suas
3036 560 3206 615 velari
3236 560 3465 614 moleste
3494 556 3608 610 fer-

2026 661 2166 715 rent,
2201 662 2255 705 et
2289 652 2492 707 idcirco
2518 654 2659 721 apud
2691 667 2803 718 eos,
2822 654 2914 722 qui
2948 654 3274 707 auctoritate
3296 657 3605 721 praeerant,

2024 754 2247 811 agerent
2274 754 2334 798 ut
2368 745 2541 799 velum
2575 746 2976 799 detraheretur.
3016 745 3149 800 Tota
3186 760 3272 800 res
3308 745 3361 799 in
3409 743 3607 798 Eccle-

2025 833 2101 886 sia
2135 836 2399 903 agebatur
2422 873 2437 897 ,
2476 848 2572 887 nec
2610 833 2736 887 dum
2772 836 2839 888 ab
2883 849 2945 887 ea
2996 833 3358 889 Tertullianus
3391 834 3605 888 disces-

2025 934 2191 978 serat.
2220 943 2237 975 ‹
2270 926 2422 993 Apud
2450 940 2545 978 nos
2575 939 2745 993 usque
2778 925 3024 995 proxime
3048 926 3263 994 utrique
3302 938 3603 980 consuetu-

2025 1014 2135 1067 dini
2173 1016 2699 1070 counnunicabatur.
2758 1034 2778 1068 ι
2831 1016 3136 1081 Quinetiam
3192 1018 3242 1071 in
3295 1016 3399 1071 hoc
3452 1016 3602 1071 libro

2022 1106 2243 1174 opponit
2272 1106 2599 1161 adversariis
2634 1107 2747 1163 suis
2782 1118 2997 1164 exteras
3025 1109 3322 1177 ecclesias,
3367 1110 3604 1179 quibus-

2023 1211 2144 1248 cum
2190 1205 2245 1249 et
2282 1212 2341 1251 se
2372 1206 2427 1251 et
2472 1199 2818 1254 adversarios
2854 1201 3236 1255 communione
3275 1200 3602 1268 coujunctos

2022 1301 2144 1341 esse
2181 1287 2437 1341 declarat.
2489 1309 2508 1340 ι
2567 1288 2682 1343 Non
2732 1305 3049 1361 possumus,
3103 1292 3305 1359 inquit,
3358 1306 3475 1360 cap.
3521 1292 3595 1358 ‘3,

2027 1388 2283 1441 respuere
2312 1382 2778 1443 consuetudinem,
2801 1396 2965 1450 quam
2984 1382 3243 1435 damnare
3274 1398 3377 1435 non
3404 1397 3603 1451 possuo

2024 1485 2163 1534 tuus,
2192 1479 2376 1537 utpote
2396 1487 2500 1523 non
2520 1482 2861 1539 extraneam,
2890 1474 3014 1541 quia
3046 1489 3150 1527 non
3186 1484 3600 1534 extraneorum,

2020 1572 2146 1611 cum
2198 1560 2396 1627 quibus
2439 1561 2646 1616 scilicet
2694 1565 3167 1617 communicamus
3210 1563 3299 1631 jus
3347 1565 3494 1633 pacis
3542 1574 3604 1617 ct

2023 1665 2215 1703 nomen
2254 1650 2637 1707 fraternitatis.
2678 1654 2795 1709 Utta
2830 1656 2989 1710 nobis
3018 1668 3070 1709 et
3115 1656 3216 1711 illis
3251 1658 3414 1720 fides,
3452 1670 3602 1709 unus

2024 1744 2184 1809 Deus,
2238 1763 2376 1800 unus
2423 1746 2697 1811 Christus,
2746 1749 2935 1803 eadem
2972 1766 3114 1818 spes,
3157 1752 3344 1805 eadem
3390 1751 3599 1807 lavacri

2024 1846 2384 1889 sacramenta.
2418 1836 2596 1891 Semel
2630 1840 2858 1892 dixerim
2901 1855 3007 1892 uua
3049 1839 3288 1893 Ecclesia
3327 1856 3531 1894 sumus.
3573 1862 3596 1894 ι

2025 1924 2193 1990 Quam
2224 1926 2510 1981 dissimilia
2539 1930 2653 1983 hmc
2674 1938 2799 1983 sunt
2834 1928 3015 1999 impiis
3044 1939 3098 1984 et
3138 1931 3438 1985 inhonestis
3464 1947 3598 1985 con-

2024 2018 2197 2083 viciis,
2230 2033 2351 2086 quae
2383 2031 2573 2089 postea
2614 2021 2984 2075 Tertullianus
3029 2037 3127 2076 nec
3165 2023 3381 2077 modum
3424 2023 3600 2076 ullum

2023 2127 2121 2165 nec
2154 2113 2444 2165 consilium
2480 2114 2723 2168 retinens
2757 2114 2806 2165 in
2842 2114 3140 2168 Ecclesiam
3175 2114 3361 2169 elfudit
3394 2133 3407 2166 :
3447 2116 3605 2169 velut.

2022 2218 2145 2256 cum
2172 2204 2249 2256 ait
2281 2204 2331 2256 in
2362 2202 2503 2256 libro
2543 2203 2617 2256 De
2648 2205 2938 2271 pudicitia,
2973 2219 3093 2273 cap.
3139 2205 3201 2259 ις
3236 2223 3253 2256 ι
3288 2205 3402 2257 Erit
3429 2206 3603 2272 igitur

2020 2304 2073 2348 et
2115 2296 2202 2349 hic
2237 2297 2498 2351 adversus
2544 2296 2837 2366 psychicos
2889 2296 3106 2360 titulus,
3151 2298 3416 2351 adversus
3458 2314 3601 2351 mea:

2020 2403 2234 2455 quoque
2257 2390 2539 2442 sententia:
2570 2398 2715 2442 retro
2750 2403 2913 2458 penes
2944 2389 3066 2441 illos
3107 2389 3456 2454 societatem,
3484 2404 3602 2457 quo

2022 2482 2189 2547 magis
2224 2480 2321 2533 hoc
2361 2481 2489 2533 mihi
2529 2481 2579 2535 in
2616 2489 2797 2533 notam
2850 2479 3086 2533 levitatis
3123 2480 3413 2547 objectcut.
3446 2479 3601 2533 Nun-

2018 2585 2179 2639 quam
2213 2571 2494 2623 societatis
2534 2572 2818 2640 repudium
2851 2570 3028 2624 delicti
3067 2570 3438 2639 prazjudiciunt
3484 2580 3596 2633 est,

2018 2662 2173 2730 quasi
2208 2677 2314 2713 non
2346 2660 2558 2715 facilius
2582 2662 2655 2714 sit
2680 2675 2868 2714 errare
2900 2675 3022 2713 cum
3068 2661 3334 2729 pluribus,
3374 2660 3599 2728 quando

2019 2753 2221 2804 veritas
2256 2767 2377 2803 cum
2423 2752 2614 2820 paucis
2648 2761 2881 2805 ametur.
2916 2769 2934 2803 ι
2979 2751 3317 2821 Scripturatn
3353 2749 3601 2804 Pastoris

2019 2850 2112 2907 ait,
2143 2860 2263 2913 cap.
2296 2844 2380 2907 II,
2411 2847 2552 2898 inter
2585 2844 2895 2913 apocrypha
2934 2844 3157 2909 referri,
3187 2846 3249 2897 ab
3286 2845 3429 2896 omni
3462 2861 3595 2897 con»

2018 2939 2137 2991 ciiio
2168 2936 2529 2989 Ecclesiarum
2558 2937 2718 2987 etiam
2758 2946 3045 2987 vestrarum
3066 2976 3083 2991 .
3109 2934 3316 3003 inquit,
3345 2935 3595 2988 Catholi-

2019 3044 2111 3083 cos
2150 3028 2447 3095 alloquens.
2511 3024 2680 3096 Negat
2743 3025 3039 3080 Catholicis
3096 3026 3277 3080 inesse
3331 3026 3595 3094 Spiritum

2018 3130 2264 3173 sanctum
2317 3117 2440 3185 quia
2498 3117 2649 3169 illurn
2700 3116 2750 3168 iu
2807 3114 3058 3168 Montano
3117 3131 3221 3169 non
3274 3127 3596 3183 agnoscunt.

2787 3208 2876 3276 qui
2929 3208 3093 3261 alium
3142 3207 3482 3262 Paracletum
3540 3209 3593 3260 iu

2017 3304 2280 3375 apostolis
2316 3312 2369 3356 et
2409 3317 2504 3371 per
2537 3300 2812 3370 apostolos
2841 3310 3163 3370 receperunt
3184 3341 3197 3362 ,
3221 3315 3379 3368 quem
3406 3314 3506 3353 nec
3538 3299 3593 3352 in

2015 3396 2295 3466 prophetis
2344 3394 2583 3463 propriis
2631 3394 2899 3460 agnitum,
2943 3392 3056 3461 jam
3102 3408 3198 3447 nec
3248 3392 3298 3445 in
3336 3390 3596 3460 apostolis

2016 3487 2316 3556 possident,
2344 3501 2444 3553 age
2485 3499 2627 3538 nunc
2655 3484 2739 3538 vel
2770 3484 2836 3538 de
2880 3482 3179 3552 apostolico
3232 3483 3593 3537 iustrmuento

2016 3581 2247 3632 doceant
2292 3574 2534 3630 maculas
2580 3574 2765 3629 carnis
2817 3584 2936 3641 post
2987 3574 3256 3642 baptisma
3309 3588 3593 3641 respersm,

2013 3674 2330 3742 paenitentia
2366 3670 2496 3724 dilui
2536 3682 2717 3737 posse.
2760 3686 2778 3719 ι
2812 3666 2877 3719 Et
2908 3682 3030 3736 cap.
3068 3666 3130 3719 2|
3163 3685 3176 3720 :
3216 3687 3233 3718 ι
3267 3667 3407 3735 Quid
3453 3683 3596 3721 mmc

2015 3773 2069 3818 et
2103 3765 2168 3816 ad
2201 3762 2522 3824 Ecclesium,
2545 3770 2599 3812 et
2627 3759 2846 3828 quidem
2885 3769 3033 3811 tuam
3072 3760 3367 3829 psycbice?
3390 3778 3407 3809 ι

2089 3856 2480 3917 Tillemontius,
2511 3853 2600 3921 qui
2658 3851 3008 3905 Moutanistas
3062 3852 3335 3905 existimat
3381 3861 3585 3905 sectam

2017 3950 2087 4004 ab
2124 3948 2361 4004 Ecclesia
2411 3946 2709 4000 abscissam
2754 3942 2923 3997 fuisse
2955 3954 3248 4011 antequam
3293 3944 3340 3997 ei
3395 3958 3589 3997 nomen

2019 4040 2171 4094 daret
2211 4037 2603 4100 Tertullianus,
2642 4037 2780 4087 hanc
2824 4034 3129 4102 opinionem
3162 4034 3368 4102 accepit
3413 4034 3599 4089 abhis

2020 4133 2143 4186 libri
2179 4133 2251 4183 De
2286 4131 2411 4197 fuga
2438 4128 2658 4181 verbis:
2691 4144 2709 4175 ‹
2758 4124 2948 4178 Dicitis
2992 4128 3159 4191 enim,
3201 4124 3462 4193 quoniam
3511 4126 3595 4178 in-

2020 4224 2233 4278 condite
2283 4220 2667 4280 convenimns,
2704 4219 2866 4274 simul
2911 4218 3267 4273 convenimus
3307 4227 3364 4270 et
3410 4217 3595 4285 plures

2022 4315 2406 4370 concurrimus
2439 4313 2490 4366 in
2524 4312 2859 4378 Ecclesium;
2893 4310 3186 4381 qumrimur
3214 4324 3244 4363 a
3285 4309 3598 4363 nationibus

2021 4416 2075 4460 et
2110 4407 2361 4459 timemus
2400 4419 2469 4458 ne
2504 4406 2791 4458 turbentur
2816 4403 3262 4469 nationes,tcap.
3284 4415 3365 4455 ιιι.
3396 4400 3597 4455 Existi-

1998 4494 2191 4550 “mavit
2220 4496 2304 4549 vir
2333 4495 2681 4549 doctissimus
2714 4494 2801 4546 hic
2825 4488 3053 4547 describi
3082 4506 3310 4561 synaxes
3332 4489 3600 4543 Montani-

2023 4600 2227 4643 starum
2250 4605 2262 4641 :
2287 4597 2341 4641 at
2369 4588 2514 4655 ipsos
2540 4584 2870 4649 Catholicos,
2896 4601 2924 4637 a
2950 4584 3143 4653 quibus
3172 4581 3447 4636 consultus
3480 4581 3599 4635 fue-

2022 4690 2125 4747 rat,
2157 4680 2269 4733 hzcc
2308 4681 2549 4733 dicentes
2599 4678 2804 4733 inducit
2835 4674 3223 4741 Tertullianus,
3254 4683 3415 4743 atque
3453 4674 3598 4729 hanc

2022 4789 2242 4829 causam
2272 4772 2582 4833 alferentes,
2608 4785 2706 4825 cur
2733 4766 3043 4837 fugiendum
3074 4767 3164 4832 sit,
3182 4777 3232 4819 et
3260 4782 3288 4819 a
3317 4768 3599 4821 conventi-

2018 4868 2118 4922 bus
2140 4866 2545 4928 abstinendum,
2563 4863 2688 4934 quia
2715 4864 2995 4928 nimirum,
3012 4862 3056 4914 si
3080 4861 3374 4917 Christiani
3402 4861 3596 4917 solitas

2020 4974 2256 5030 synaxcs
2282 4960 2500 5021 obeant,
2529 4958 2641 5011 haec
2668 4953 2953 5008 multitudo
2976 4953 3132 5008 facile
3157 4954 3599 5022 deprehendatur

2020 5069 2050 5107 a
2082 5052 2398 5123 gentilibus.
2435 5050 2587 5107 Unde
2618 5048 2989 5103 Tertullianus
3020 5048 3169 5101 addit
3199 5070 3211 5102 :
3243 5046 3437 5104 Annon
3483 5048 3596 5103 sci-

2021 5142 2091 5196 tis
2134 5141 2276 5208 quod
2322 5141 2463 5195 Deus
2506 5140 2749 5194 omnium
2798 5138 2868 5191 sit
2918 5137 3216 5191 Dominus?
3262 5136 3326 5191 Et
3373 5138 3417 5192 si
3463 5138 3598 5196 velit

2025 5235 2187 5299 Deus,
2217 5232 2804 5299 tunepersecutionem
2830 5230 3085 5299 patieris;
3112 5231 3157 5283 si
3189 5246 3315 5283 vero
3339 5231 3596 5298 noluerit,

2029 5337 2157 5382 tunc
2188 5326 2427 5381 silebant
2459 5327 2729 5380 nationes.
2770 5344 2786 5376 ι
2821 5323 2957 5377 Ilinc
2991 5325 3157 5377 etiam
3200 5333 3391 5378 auctor
3428 5335 3511 5379 est
3544 5326 3595 5379 ei

2027 5420 2119 5489 qui
2170 5418 2505 5483 consulebat,
2543 5426 2600 5470 ut
2645 5419 2689 5472 si
2743 5417 2974 5471 interdiu
3011 5432 3115 5471 non
3165 5426 3359 5486 potest,
3402 5416 3596 5472 saltem

2029 5522 2188 5567 nocte
2229 5519 2284 5565 et
2330 5526 2451 5565 cum
2495 5510 2679 5579 paucis
2724 5508 3032 5573 conveniat,
3077 5510 3119 5562 si
3170 5522 3274 5561 non
3311 5508 3437 5562 licet
3471 5523 3599 5563 eum

2031 5602 2395 5661 multitudine.
2430 5620 2449 5654 ι
2481 5601 2783 5667 Ροειι-οιιιο,
2815 5599 2860 5655 si
2905 5598 3159 5671 colligere
3200 5598 3437 5654 interdiu
3487 5614 3595 5654 non
