3948 6256
411 367 514 422 195

1323 360 1379 416 S.
1411 357 1745 416 JUSTINUS
1778 354 2265 414 PHILOSOPHUS
2296 357 2380 412 ET
2418 357 2734 418 MARTYR.

3569 362 3673 418 19-5

407 483 702 556 prophetia:
731 481 964 550 insignia
998 480 1116 534 sine
1142 479 1457 549 prophetica
1489 479 1662 550 gratia
1699 479 1799 534 sibi
1834 493 1987 532 arro-
2019 500 2062 554 Α
2092 477 2161 528 Iis
2237 476 2418 529 scelus
2489 476 2728 544 nequitia
2810 475 3260 532 Montanistarum
3335 483 3675 549 pervenerit.

404 592 596 649 gautes
626 577 840 646 egregie
873 575 1134 642 depingit,
1182 573 1278 628 lib.
1327 589 1398 636 tv,
1445 589 1564 642 cap.
1608 575 1698 637 55,
1737 576 1789 626 n'.
1827 573 1880 626 6.
1919 573 1988 625 At

403 669 712 727 schismatis
739 668 916 720 scelus
955 666 1103 719 falsa:
1137 667 1436 734 prophetiae
1467 665 1782 733 adjunctum
1814 666 1881 718 ab
1909 665 1988 719 eis

402 764 568 816 fuisse
598 777 706 813 non
735 758 886 812 dicit.
918 758 1031 812 Non
1063 767 1238 810 tamen
1275 757 1497 810 dubium
1523 768 1666 811 esset
1693 759 1824 826 quin
1858 767 1987 811 tunc

401 851 738 907 schismatici
781 849 1016 914 fuerint,
1066 849 1109 902 si
1157 849 1220 901 de
1267 849 1372 901 illis
1415 848 1614 902 dictum
1669 859 1814 902 esset
1857 849 1987 902 illud

400 944 590 998 Irentei
617 941 661 974 ⁸ο
686 959 702 997 :
734 959 752 993 ι
776 942 882 998 Alii
916 956 1046 995 vero
1077 950 1135 994 ut
1156 942 1350 993 donum
1376 940 1610 1009 Spiritus
1635 940 1984 1004 frustrentur,

400 1035 544 1103 quod
582 1035 636 1086 in
671 1032 984 1086 novissimis
1014 1031 1354 1098 temporibus
1389 1032 1690 1085 secundum
1723 1032 1982 1100 placitum

399 1127 579 1182 Patris
614 1125 839 1180 effusum
891 1136 975 1179 est
1009 1127 1060 1179 in
1095 1125 1395 1178 humanum
1439 1139 1634 1193 genus,
1683 1125 1829 1177 illaut
1865 1140 1987 1193 spe-

400 1222 539 1274 ciem
597 1235 700 1273 non
750 1221 1076 1281 admittunt,
1125 1234 1245 1288 qua:
1290 1227 1372 1273 est
1411 1219 1708 1273 secundum
1759 1217 1985 1273 Joannis

400 1311 769 1382 Evangelium,
794 1311 847 1364 iu
873 1326 976 1380 qua
1013 1310 1355 1364 Paracletum
1389 1325 1448 1364 se
1482 1311 1774 1364 missurum
1804 1312 1986 1364 Domi-

402 1420 504 1458 nus
531 1403 783 1472 promisit
809 1421 822 1468 ;
851 1404 945 1457 sed
974 1402 1135 1456 simul
1162 1413 1217 1457 et
1250 1402 1602 1470 Evangelium
1652 1411 1706 1456 et
1749 1403 1984 1471 prophev

400 1496 566 1549 ticum
623 1493 890 1564 repellunt
945 1493 1227 1564 Spiritum.
1281 1512 1300 1544 ›
1350 1492 1515 1547 Miror
1569 1493 1800 1547 eruditis
1855 1495 1984 1547 viris

399 1587 747 1641 Tillemontio
794 1595 850 1641 et
900 1586 1209 1640 novissima:
1244 1584 1500 1639 editionis
1546 1585 1757 1639 auctori
1803 1586 1983 1638 visum

395 1695 520 1735 esse
545 1680 804 1734 Irenaeum
835 1683 900 1734 de
930 1679 1273 1733 Montanistis
1311 1679 1476 1748 loqui.
1513 1677 1798 1743 Quomodo
1837 1677 1982 1731 enim

399 1771 458 1825 S.
484 1768 709 1825 Joannis
738 1770 1087 1840 Evangelium
1131 1771 1202 1825 ob
1237 1773 1413 1824 sancti
1466 1769 1707 1838 Spiritus
1751 1770 1985 1839 premis-

2091 572 2146 622 3°
2181 567 2255 623 Ne
2288 569 2417 622 illud
2449 571 2666 639 quidem
2709 570 2986 638 probabile
3017 572 3527 642 estAthenagoram
3561 576 3674 629 ulla

2090 676 2210 713 cum
2247 661 2504 715 Montano
2550 662 2946 716 consuetudine
2992 672 3086 716 aut
3133 664 3396 718 doctrinae
3439 682 3680 722 consen-

2090 754 2246 806 sione
2298 755 2650 822 conjunctqu
2705 753 2894 807 fuisse.
2949 753 3083 806 Nam
3135 757 3276 823 quod
3315 755 3380 810 de
3418 759 3684 814 secundis

2090 844 2290 910 nuptiis
2320 847 2526 908 statuit,
2555 845 2607 898 id
2639 861 2704 898 ex
2743 844 2950 898 Christi
2991 847 3190 912 verbis,
3232 847 3540 919 Quicunque
3580 849 3677 902 di-

2087 935 2289 987 miserit
2325 953 2542 989 uxorem
2607 953 2755 989 suam
2816 945 2866 989 et
2934 937 3098 989 aliam
3150 938 3382 1004 duxerit,
3434 943 3671 995 macha-

2089 1035 2175 1077 tur
2217 1027 2284 1091 υ,
2335 1027 2610 1081 subtiliter
2664 1027 3045 1081 ratiocinando
3098 1029 3360 1084 deducit:
3415 1045 3473 1084 at
3513 1045 3680 1086 nova

2089 1117 2390 1185 prophetia:
2421 1118 2717 1172 auctoritas
2747 1120 2969 1175 minime
3008 1120 3080 1173 illi
3127 1121 3180 1174 in
3221 1129 3454 1175 mentem
3497 1121 3675 1174 venit.

2089 1209 2264 1277 Atque
2314 1208 2366 1260 iu
2421 1209 2524 1263 hoc
2579 1210 2870 1264 manifesta
2913 1221 2998 1266 est
3050 1212 3192 1265 illius
3236 1230 3265 1265 a
3324 1211 3680 1266 Montanistis

2089 1301 2378 1354 dissensio.
2415 1300 2506 1355 lsti
2543 1303 2688 1356 enim
2724 1305 2914 1359 unicas
2941 1305 3161 1373 nuptias
3187 1318 3365 1372 neque
3390 1321 3418 1357 a
3448 1303 3679 1359 Christo

2090 1407 2266 1460 neque
2306 1393 2372 1448 ab
2427 1396 2691 1463 apostolis
2740 1397 3092 1465 praescriptas
3139 1396 3469 1462 fatebantur,
3505 1399 3604 1450 sed
3639 1411 3674 1449 a

2088 1482 2394 1550 Paracleto,
2425 1502 2586 1553 quem
2623 1503 2652 1541 a
2691 1488 2914 1542 Christo
2955 1491 3138 1543 datum
3172 1489 3425 1544 Montano
3448 1501 3503 1543 et
3541 1489 3674 1544 Pri-

2088 1574 2256 1627 scillae
2300 1586 2360 1629 et
2400 1576 2710 1632 Maximilla:
2752 1580 3028 1643 dicebant,
3064 1589 3124 1633 ut
3149 1583 3399 1650 quoniam
3432 1581 3674 1634 humana

2087 1668 2427 1723 mediocritas
2458 1671 2635 1724 omnia
2669 1672 2829 1724 semel
2859 1689 3045 1740 capere
3072 1689 3175 1726 non
3205 1683 3433 1742 poterat,
3473 1675 3676 1743 paula-

2087 1761 2179 1813 tim
2195 1762 2512 1831 dirigentur
2527 1776 2574 1817 et
2597 1768 2938 1819 ordinaretur
2956 1775 3004 1820 et
3023 1769 3091 1820 ad
3111 1767 3397 1836 perfectum
3413 1771 3677 1835 perduce—

395 1863 604 1918 sionem
661 1862 1020 1930 reiecissent,
1066 1878 1202 1931 quos
1241 1870 1455 1916 constat
1500 1861 1552 1914 in
1604 1861 1710 1915 illis
1753 1860 1977 1915 Joannis

2084 1862 2227 1904 retur
2256 1854 2536 1922 disciplina
2559 1858 2622 1909 ab
2650 1856 2743 1909 illo
2760 1857 2959 1911 uicario
2990 1857 3202 1911 Domini
3225 1859 3430 1928 Spiritu
3453 1870 3668 1929 sancto,

396 1955 565 2021 locis,
604 1956 694 2010 ubi
743 1954 980 2024 Spiritus
1033 1955 1391 2023 promittitur,
1440 1954 1771 2023 praecipuum
1816 1964 1981 2008 secta:

396 2062 508 2101 stite
555 2049 863 2118 praesidium
912 2047 1298 2102 constituisse?
1343 2045 1474 2113 Quae
1518 2055 1822 2113 sequuntur
1868 2046 1981 2099 Ire-

397 2155 570 2193 naeum
615 2141 680 2194 de
732 2139 1076 2194 Montanistis
1126 2155 1232 2192 non
1285 2138 1432 2207 loqui
1481 2137 1826 2204 confirmant,
1876 2139 1980 2192 etsi

397 2238 597 2300 augent
642 2231 1018 2285 difﬁcultatem
1051 2230 1405 2300 dignoscendi
1451 2245 1715 2296 quosnam
1760 2228 1983 2298 potissi-

398 2339 544 2377 mum
594 2323 859 2392 exagitet.
909 2321 1076 2376 Addit
1110 2321 1254 2376 enim
1291 2339 1306 2375 :
1343 2339 1361 2372 ι
1393 2319 1642 2375 Infelices
1685 2334 1846 2383 vere,
1890 2321 1980 2388 qui

397 2415 884 2483 pseudoprophetaa
922 2414 1142 2482 quidem
1189 2428 1310 2467 esse
1353 2411 1565 2475 volunt,
1604 2413 1980 2482 propheticam

395 2521 526 2560 vero
560 2506 791 2576 gratiam
817 2505 1088 2574 repellunt
1116 2505 1183 2558 ab
1215 2503 1491 2570 Ecclesia;
1526 2503 1725 2559 similia
1765 2504 1980 2573 patien-

397 2606 482 2651 tes
524 2597 610 2650 his
655 2597 748 2663 qui
791 2605 1013 2664 propter
1039 2611 1132 2650 eos
1182 2594 1275 2664 qui
1318 2596 1371 2649 in
1418 2595 1692 2666 hypocrisi
1733 2596 1978 2658 veniunt,

395 2689 558 2742 etiam
599 2703 629 2740 a
665 2687 893 2740 fratrum
942 2690 1325 2743 communione
1368 2702 1426 2744 se
1469 2689 1763 2743 abstinent.
1812 2689 1982 2743 Datur

397 2789 578 2832 autem
614 2778 866 2848 intelligi,
904 2779 1048 2847 quod
1093 2779 1626 2850 hujustnodi'neque
1671 2781 1978 2848 apostolum

398 2870 625 2923 Paulum
669 2869 957 2938 recipiant.
999 2889 1019 2921 ι
1051 2869 1319 2924 Discimus
1364 2885 1432 2925 ex
1481 2873 1565 2925 his
1616 2872 1797 2926 verbis
1841 2887 1979 2926 non-

398 2963 573 3018 nullos
589 2963 890 3026 exstitisse,
909 2962 1002 3032 qui
1027 2977 1056 3016 a
1079 2962 1460 3018 communione
1476 2977 1597 3018 sese
1613 2974 1976 3029 removerent,

402 3069 471 3109 ne
504 3071 626 3108 cum
662 3055 957 3127 hypocritis
998 3055 1484 3110 communicarent.
1518 3056 1651 3110 Cum
1694 3056 1779 3111 his
1829 3071 1978 3111 com—

396 3155 553 3212 parat
597 3161 692 3201 eos
730 3148 823 3217 qui
868 3147 927 3202 S.
976 3145 1202 3202 Joannis
1250 3148 1597 3218 Evangelium
1635 3150 1974 3219 rejiciebant,

395 3238 523 3308 quia
554 3239 605 3292 in
639 3240 740 3293 hoc
772 3239 1005 3293 maxime
1044 3239 1339 3308 Evangelio
1373 3242 1704 3310 promittitur
1739 3243 1978 3312 Spiritus

398 3341 642 3384 sanctus.
672 3330 900 3399 Utrique
941 3345 1069 3400 ergo
1103 3333 1403 3402 peceabant
1450 3334 1858 3389 inconsiderato
1889 3351 1983 3388 eo-

397 3438 520 3476 rum
550 3423 640 3492 qui
679 3423 886 3477 sanCtis
913 3424 1072 3477 rebus
1099 3425 1420 3488 abutuntur,
1449 3427 1601 3493 odio;
1645 3435 1806 3496 atque
1831 3437 1888 3480 ut
1920 3427 1980 3490 ii,

396 3515 535 3582 quia
561 3514 940 3567 connuunione
963 3515 1349 3580 abscedebant,
1377 3516 1449 3569 ita
1475 3532 1534 3571 se
1552 3518 1832 3586 gerebant,
1857 3519 1979 3586 quia

397 3605 516 3674 plus
555 3621 708 3674 aequo
744 3604 941 3660 infensi
980 3616 1139 3662 erant
1182 3609 1481 3679 hypocritis
1525 3613 1980 3666 communicanti-

400 3696 537 3761 bns;
571 3698 642 3750 ita
672 3712 895 3752 necesse
922 3706 1006 3751 est
1042 3709 1099 3752 ut
1129 3714 1222 3752 eos
1261 3701 1349 3768 qui
1391 3701 1737 3773 Evangelium
1759 3703 1983 3760 Joannis

397 3797 451 3841 et
481 3790 894 3858 promissionem
937 3791 1113 3844 sancti
1146 3790 1381 3859 Spiritus
1431 3793 1766 3862 rejiciebant,
1807 3797 1858 3850 id
1902 3798 1983 3851 fe-

397 3883 537 3936 cisse
560 3883 804 3937 dicamus
829 3895 1048 3953 propter
1083 3901 1176 3941 eos
1211 3889 1302 3956 qui
1349 3887 1640 3956 Evangelio
1663 3900 1716 3943 et
1745 3893 1977 3959 promis-

397 3973 551 4028 sione
587 3973 971 4029 abutebantur.
1015 3977 1199 4044 Quare
1231 3996 1336 4034 non
1373 3981 1711 4037 Montanistae
1739 3983 1989 4055 Evange-

395 4063 530 4117 lium
565 4063 623 4119 S.
655 4063 883 4119 Joannis
923 4067 1177 4135 rejecisse
1218 4071 1431 4126 dicendi
1481 4083 1626 4139 sunt,
1665 4079 1760 4129 sed
1804 4077 1982 4144 potius

397 4159 525 4210 dum
556 4173 639 4222 eo,
682 4158 746 4210 ad
791 4174 964 4213 causae
1003 4176 1115 4214 suae
1151 4162 1520 4218 defensionem
1563 4165 1882 4230 abutuntur,
1917 4169 1982 4221 il-

396 4249 497 4302 tius
518 4249 790 4317 rejiciendi
817 4265 1002 4306 ansam
1021 4253 1390 4311 immoderatis
1407 4259 1729 4313 adversariis
1745 4260 1975 4316 dedisse.

468 4338 528 4394 Si
551 4339 732 4394 minus
770 4347 1010 4398 statuere
1042 4361 1336 4413 possumus
1351 4364 1460 4417 quo
1475 4349 1822 4418 potissimum
1840 4359 1978 4407 tem-

395 4438 528 4493 pore
547 4423 888 4481 Montanistae
905 4430 1242 4488 schtsmatici
1266 4433 1470 4488 fuerint
1491 4453 1506 4503 ;
1527 4437 1658 4491 illud
1677 4441 1869 4494 saltem
1889 4457 1976 4498 as-

2082 1941 2360 2000 Tau'rULL.
2385 1944 2459 1999 De
2481 1945 2741 2016 uel.virg.,
2765 1964 2817 2004 c.
2849 1950 2903 2006 1.
2920 1948 3064 2003 Nihil
3087 1951 3263 2005 simile
3280 1952 3670 2021 Athenagoras

2081 2036 2336 2103 designat
2365 2053 2378 2102 ;
2416 2038 2550 2092 solis
2577 2038 2783 2093 Christi
2819 2041 3004 2095 verbis
3033 2041 3250 2095 nititur.
3285 2042 3469 2112 Neque
3495 2045 3669 2098 etiam

2087 2126 2153 2179 de
2206 2127 2576 2196 Montanistis,
2624 2131 2717 2184 sed
2770 2132 2838 2185 de
2881 2131 3211 2187 Christianis
3240 2133 3338 2199 ait,
3375 2151 3525 2189 num.
3569 2135 3670 2199 53.

2083 2233 2528 2289 unumquemque
2578 2221 2664 2275 vel
2707 2223 2886 2294 qualis
2949 2238 3109 2281 natus
3154 2239 3240 2282 est
3290 2241 3533 2292 manere,
3587 2230 3672 2283 uel

2081 2310 2250 2363 unicis
2286 2311 2340 2364 in
2381 2315 2604 2382 nuptiis.

2159 2401 2273 2461 Vll.
2314 2404 2428 2459 Non
2453 2406 2659 2476 justior
2682 2411 2980 2466 accusandi
3011 2410 3375 2484 Athenagorae
3403 2428 3566 2469 causa
3595 2429 3668 2469 ex

2084 2493 2231 2550 illius
2271 2496 2337 2551 de
2369 2499 2756 2568 prophetarum
2796 2503 3003 2558 exstasi
3048 2504 3211 2558 dictis
3251 2505 3492 2560 ducitur.
3523 2505 3668 2562 Nam

2083 2587 2136 2640 1°
2165 2589 2379 2644 etiamsi
2417 2606 2522 2645 non
2561 2592 2756 2648 fuisset
2788 2610 2856 2650 ex
2888 2596 3105 2651 illorqu
3140 2613 3395 2662 numero,
3425 2600 3519 2668 qui
3549 2609 3669 2654 sta-

2086 2678 2180 2731 tim
2223 2681 2731 2739 animadverterunt
2775 2688 2905 2756 quid
2939 2689 3051 2744 vitii
3104 2690 3311 2745 inesset
3352 2694 3668 2748 exstasibus

2082 2769 2543 2828 Montanistarum
2573 2786 2630 2830 et
2660 2779 2871 2832 oritura
2919 2794 2987 2834 ex
3034 2782 3119 2835 his
3164 2783 3473 2839 hominibus
3520 2785 3666 2839 mala

2081 2873 2519 2931 prospexerunt;
2549 2880 2655 2919 non
2709 2868 2914 2922 idcirco
2953 2869 3192 2925 Montani
3224 2888 3332 2927 non
3365 2874 3486 2928 dico
3513 2876 3670 2928 schi-

2082 2955 2269 3018 smati,
2323 2957 2418 3010 sed
2475 2958 2560 3011 vel
2602 2960 2866 3016 doctrinae
2923 2963 3174 3018 addictus
3215 2966 3320 3021 dici
3354 2974 3561 3034 posset.
3605 2969 3665 3020 In

2082 3044 2170 3099 illa
2204 3047 2350 3101 enim
2395 3049 2756 3117 dissensione,
2802 3070 2966 3122 quam
3012 3057 3080 3110 de
3122 3055 3469 3112 Montanistis
3520 3061 3668 3114 inter

2080 3136 2394 3194 Catholicos
2425 3151 2671 3196 exortam
2724 3153 2908 3199 narrat
2951 3145 3240 3209 Eusebius,
3272 3145 3444 3214 Hist.,
3488 3162 3564 3212 iv,
3602 3148 3662 3212 5,

2081 3231 2396 3298 quicunque
2438 3235 2754 3303 prophetias
2786 3235 3027 3290 Montani
3068 3252 3173 3290 non
3213 3238 3551 3294 damnabant
3575 3241 3665 3296 vel

2082 3321 2247 3374 etiam
2277 3325 2605 3390 probabant,
2640 3340 2744 3379 non
2785 3327 2992 3382 idcirco
3026 3327 3282 3383 Montano
3311 3331 3578 3399 regendos
3601 3345 3664 3385 se

2081 3416 2497 3469 committebant
2545 3435 2558 3471 :
2618 3427 2672 3472 et
2749 3419 2990 3487 quandiu
3064 3420 3361 3476 Catholicis
3406 3422 3662 3492 permisti

2082 3504 2235 3560 fuere
2281 3507 2649 3576 Montanistaa,
2698 3511 2841 3564 haud
2898 3512 3121 3566 dubium
3163 3515 3296 3582 quin
3349 3515 3506 3568 multi
3562 3530 3665 3570 eos

2082 3597 2425 3654 laudaverint
2476 3611 2530 3655 et
2589 3603 2658 3657 ab
2708 3603 2788 3658 eis
2833 3604 3036 3658 laudati
3070 3605 3292 3672 fuerint,
3339 3621 3440 3660 nec
3475 3616 3660 3661 tamen

2082 3702 2275 3742 eorum
2308 3691 2522 3746 vivendi
2549 3703 2605 3747 et
2634 3695 2904 3750 sentiendi
2932 3698 3171 3751 rationes
3207 3698 3376 3752 secuti
3419 3699 3550 3753 sint.
3581 3700 3660 3756 Ex

2084 3798 2193 3852 quo
2220 3785 2385 3838 etiam
2410 3797 2560 3851 patet
2589 3804 2751 3858 quam
2787 3790 3032 3860 iniquum
3061 3806 3334 3862 quamque
3361 3793 3661 3847 absurdum

2085 3876 2246 3942 foret,
2290 3882 2628 3949 exprobrare
2671 3883 2928 3940 Ecclesiae
2974 3887 3254 3942 catholica:
3297 3886 3505 3942 cultum
3539 3901 3658 3939 mu-

2083 3966 2279 4022 lierum
2329 3970 2572 4026 Montani
2639 3983 2803 4028 secta:
2855 3977 3213 4043 addietarum,
3265 3979 3392 4048 quia
3443 3977 3660 4032 scilicet

2081 4072 2287 4114 sancta:
2324 4062 2604 4132 Perpetua:
2641 4078 2697 4120 et
2731 4081 2936 4123 sancta:
2973 4069 3276 4125 Felicitatis
3311 4073 3447 4126 Acta
3485 4070 3661 4126 colle-

2082 4163 2167 4204 cta
2193 4163 2323 4206 sunt
2353 4154 2422 4207 ab
2449 4157 2670 4210 homine
2705 4157 2841 4211 sicut
2871 4159 3195 4228 prophetiae,
3224 4173 3282 4215 ut
3306 4173 3392 4217 est
3431 4167 3483 4218 in
3516 4178 3660 4232 pra:-

2082 4242 2308 4311 fatione,
2364 4246 2443 4299 ita
2493 4258 2544 4300 et
2594 4250 2817 4304 visiones
2854 4267 3011 4305 novas
3043 4265 3372 4322 agnoscente
3395 4267 3449 4310 et
3483 4259 3659 4315 hono-

2083 4347 2259 4390 rante.
2299 4339 2522 4394 Difﬁcile
2553 4351 2637 4394 est
2666 4341 3014 4399 Montanistis
3056 4347 3296 4401 invidere
3323 4349 3654 4419 scriptorem

2081 4432 2156 4482 ita
2189 4430 2296 4483 illis
2331 4435 2671 4501 temporibus
2695 4437 2762 4490 de
2793 4439 2947 4492 novis
2970 4442 3269 4508 prophetiis
3298 4443 3609 4511 loquentem
3636 4460 3654 4498 :

394 4529 646 4570 εενειιαιιθ
678 4518 826 4582 licet,
861 4521 1134 4578 scribeme
1171 4524 1484 4596 Apologia,"
1525 4527 1876 4600 Athenagora
1917 4541 1973 4587 ει
2005 4550 2048 4603 D
2081 4518 2320 4574 Montani
2347 4533 2673 4578 sectatorem
2720 4524 2891 4581 fuisse
2935 4532 3213 4585 contendit
3246 4530 3512 4601 Valesius,
3554 4551 3652 4590 ne-

395 4605 583 4660 multis
609 4615 731 4675 post
752 4611 932 4675 annis,
955 4615 1196 4668 nondum
1213 4632 1309 4671 eos
1327 4617 1396 4672 ab
1421 4618 1667 4675 Ecclesia
1700 4625 1972 4680 catholica

391 4697 732 4756 discessisse.

469 4789 552 4842 Vl.
598 4791 725 4848 Haec
781 4807 1039 4852 accurate
1096 4800 1383 4870 explorare
1439 4815 1669 4862 conatus
1719 4824 1860 4877 sum,
1907 4823 1970 4865 ut

394 4880 694 4938 habeamus
721 4890 851 4956 quid
897 4889 964 4943 de
998 4890 1101 4946 fide
1132 4894 1491 4965 Athenagorze
1524 4907 1849 4955 statuamus.
1887 4906 1964 4959 Ac

399 4971 451 5025 1ο
474 4975 691 5042 quidem
749 4994 1069 5035 asseverare
1105 4998 1392 5052 possumus
1431 4991 1697 5043 secundas
1748 4995 1962 5061 nuptias

397 5062 468 5116 ab
520 5081 586 5119 eo
631 5068 852 5124 minime
913 5073 1198 5129 damnatas
1257 5077 1442 5131 fuisse.
1498 5079 1781 5145 Quomodo
1818 5086 1964 5137 enim

405 5155 527 5209 illas
561 5159 890 5225 damnasset,
929 5181 1064 5233 quas
1119 5181 1186 5220 ne
1242 5167 1527 5223 Montanus
1572 5174 1785 5238 quidem
1839 5185 1964 5232 tunc

397 5251 658 5316 temporis
683 5255 1045 5308 condemnare
1085 5259 1356 5312 audebat?
1380 5260 1437 5311 2°
1473 5261 1693 5316 Etiamsi
1724 5265 1962 5321 Athena-

395 5354 558 5407 goras
588 5342 818 5399 Montani
870 5348 1117 5413 partibus
1150 5364 1208 5401 se
1250 5350 1586 5415 addixisset,
1623 5370 1727 5408 non
1779 5367 1959 5411 tamen

395 5431 542 5486 illius
590 5437 792 5488 nomini
845 5436 992 5492 labes
1042 5441 1358 5494 schismatis
1407 5444 1672 5499 inhaerere
1713 5449 1956 5513 deberet,

393 5537 516 5575 cum
546 5538 686 5578 anno
724 5525 828 5582 176
860 5544 965 5594 quo
1005 5530 1297 5597 scribebat,
1350 5550 1414 5589 ac
1471 5536 1713 5605 pluribus
1767 5552 1952 5607 postea

393 5613 593 5685 elapsis
623 5621 780 5674 annis
808 5623 1043 5676 nondum
1075 5625 1138 5677 ad
1168 5635 1470 5681 extremum
1506 5630 1640 5684 illud
1680 5633 1955 5685 schisma-

462 5776 511 5810 “’
543 5777 661 5834 Lib.
697 5796 779 5850 ιιι,
825 5800 872 5838 c.
906 5785 993 5851 Η,
1027 5803 1079 5841 ιι.
1112 5787 1165 5842 9.
1313 5788 1353 5820 "
1396 5789 1585 5846 Matth.
1623 5809 1735 5860 xix,
1763 5795 1814 5848 9.

2076 4627 2170 4685 gat
2208 4616 2554 4674 Ruinartius.
2585 4621 2689 4675 Sed
2721 4622 2766 4676 si
2797 4626 2844 4678 is
2881 4623 3203 4680 Montanista
3245 4625 3368 4690 fuit,
3417 4645 3525 4683 non
3572 4632 3654 4685 id-

2073 4708 2220 4763 circo
2249 4709 2596 4767 Montanistis
2636 4725 2840 4768 sanctae
2886 4715 2993 4769 illae
3033 4729 3300 4790 martyres
3341 4723 3648 4787 tradendae;

2076 4810 2172 4852 aut
2203 4813 2352 4855 certe
2383 4804 2632 4858 eamdem
2664 4815 2847 4858 notam
2894 4822 3001 4861 non
3047 4809 3267 4879 effugiet
3305 4810 3361 4866 S.
3413 4813 3650 4868 Rutilius

2071 4905 2303 4964 martyr,
2350 4910 2510 4964 quem
2541 4899 2784 4966 quidem,
2823 4903 2928 4955 etsi
2979 4901 3296 4958 Montanum
3334 4919 3646 4975 Sperneret,

2073 4988 2284 5052 magnis
2331 4997 2510 5042 tamen
2544 4990 2809 5057 laudibus
2855 4997 3074 5049 ornavit
3113 4996 3504 5065 Tertulliauus,
3545 4999 3646 5056 lib.

2069 5074 2149 5129 De
2172 5079 2297 5144 fuga
2334 5080 2386 5131 in
2413 5097 2634 5148 persta,
2660 5098 2710 5136 c.
2743 5082 2795 5136 5.

2141 5172 2197 5224 2°
2238 5173 2314 5226 Ne
2358 5175 2490 5230 illud
2540 5179 2759 5247 quidem
2814 5181 2919 5235 dici
2963 5192 3147 5252 potest
3189 5184 3548 5242 Montanistas
3579 5187 3650 5242 ab

2071 5263 2418 5337 Athenagora
2453 5270 2684 5339 rejectos
2727 5280 2782 5325 et
2811 5273 3094 5329 damnatos
3132 5292 3238 5330 non
3283 5277 3468 5334 fuisse.
3509 5277 3646 5332 Nam

2071 5355 2130 5411 S.
2158 5358 2411 5414 Clemens
2437 5361 2592 5419 Alex.
2646 5365 2788 5418 hanc
2828 5376 3033 5419 sectam
3080 5368 3224 5421 inter
3275 5371 3512 5425 haereses
3554 5389 3643 5426 re-

2066 5464 2272 5521 censet,
2320 5456 2414 5509 sed
2457 5467 2634 5513 tamen
2689 5463 2999 5530 prophetas,
3061 5463 3248 5518 itidem
3306 5475 3364 5518 ut
3401 5468 3646 5520 Athena-

2065 5560 2249 5613 goras,
2282 5551 2333 5602 in
2380 5553 2584 5605 exstasi
2639 5553 2846 5610 locutos
2890 5559 3157 5626 agnoscit,
3199 5568 3254 5612 et
3302 5561 3640 5628 pseudopro-

2070 5639 2259 5700 phetas
2309 5657 2521 5709 omnes,
2562 5647 2654 5715 qui
2711 5657 2837 5702 ante
2886 5650 3162 5705 Christum
3207 5653 3446 5720 fuerant,
3491 5655 3641 5708 fures
