3948 6256
210 372 334 430 197
1294 404 1301 412 ·
1356 381 1419 435 D.
1456 377 1722 435 MABANI
1758 370 2145 430 PlUEFATlO.
2172 403 2239 412 ——-
2265 369 2448 427 PARS
2488 369 2585 427 lll.
3469 370 3573 426 198

203 498 369 553 inisse
396 497 610 568 prohat
640 497 725 562 δ’,
755 500 906 567 quia
936 518 1145 556 revera
1171 502 1557 571 pr0phetabant
1591 501 1643 553 in
1669 498 1899 567 exstasi,
1932 512 1978 567 Α
2009 510 2114 548 non
2153 494 2204 547 id
2238 492 2369 546 mihi
2400 491 2611 545 videtur
2645 486 2881 543 indicari
2907 495 3021 542 tres
3069 485 3188 542 'rllos
3219 485 3571 554 patriarchas

226 594 478 648 nimirum
508 594 789 649 imitante
853 606 920 650 et
974 596 1309 651 suﬂ‘urante
1344 595 1561 649 diabolo
1609 592 1892 663 prOpheti-
1994 587 2184 641 eodem
2206 584 2291 638 -M.
2321 583 2524 637 Aurelii
2558 597 2703 635 anno
2741 580 2943 635 electos
2984 580 3171 643 fuisse,
3223 578 3315 634 sed
3358 588 3570 633 tantum

244 704 354 744 eam
381 685 678 739 exstasim.
719 685 881 740 Vide
921 686 994 741 S.
1049 688 1407 740 Ambrosium
1442 686 1493 737 in
1523 684 1664 752 psal.
1698 697 1892 735 χχχιχ.
1998 677 2190 731 eodem
2248 677 2367 730 illos
2408 686 2649 742 tempore
2693 672 2988 727 Ecclesiam
3021 673 3382 740 gubernasse.
3433 668 3568 723 Nam

323 779 385 833 3°
419 776 566 830 Nihil
596 776 695 828 hic
731 777 1147 846 Athenagora:
1185 793 1309 831 cum
1340 775 1693 828 Montanistis
1729 788 1743 826 :
1777 782 1893 826 tota
1997 770 2040 821 si
2083 768 2302 821 Eusebii
2358 766 2521 819 verba
2572 764 2762 819 stricte
2804 772 3119 828 sumantur,
3188 776 3255 815 ex
3308 761 3393 815 his
3445 758 3573 811 illud

274 868 346 923 illi
386 883 503 922 cum
552 865 808 921 ethnicis
871 868 1225 935 disputatio.
1276 866 1575 933 Prophetas
1623 874 1780 917 extra
1838 877 1897 915 se
1997 858 2177 926 potius
2205 855 2615 924 sequetur,jam
2645 864 2756 907 tum
2789 854 3094 907 Antiochize
3124 851 3373 905 ﬂoruisse
3398 850 3573 904 Theo-

298 960 653 1033 nptosiuisse
684 960 863 1023 dicit,
914 976 1039 1014 non
1083 961 1231 1028 quod
1274 972 1498 1011 necesse
1538 972 1658 1009 esse
1701 956 1895 1007 crede-
1997 948 2228 1017 p‘hilum,
2258 962 2379 1001 cum
2430 946 2589 1001 Soter
2638 944 2887 1008 Aniceto,
2935 944 3265 1013 Agrippinus
3296 939 3573 996 Celadioni

314 1066 467 1118 ποιμα
497 1055 546 1106 in
597 1052 793 1120 spiritu
850 1052 1025 1105 homo
1077 1050 1419 1113 constitutus,
1474 1057 1531 1100 ut
1561 1048 1636 1101 ait
1680 1047 1896 1101 Tertul-

316 1151 465 1206 iianus
488 1145 794 1208 “,excidat
837 1160 1034 1207 sensu,
1078 1142 1423 1195 obumbratus
1461 1141 1661 1194 scilicet
1700 1140 1896 1193 virtute

324 1240 494 1301 dicina,
518 1239 612 1293 sed
641 1238 773 1305 quia
813 1252 947 1289 cum
983 1236 1224 1289 exstasis
1258 1235 1311 1287 in
1348 1233 1626 1302 gentilium
1656 1230 1895 1285 oraculis

325 1331 492 1385 divina:
521 1328 913 1397 inspirationis
946 1337 1078 1379 nota
1111 1325 1428 1387 haberetur,
1468 1322 1759 1389 prophetas
1807 1321 1894 1375 di-

328 1425 499 1476 rinitus
530 1421 704 1475 fuisse
754 1419 1070 1484 inspiratos
1102 1426 1423 1486 argumento
1459 1415 1523 1467 ad
1572 1428 1897 1482 permoven-

326 1515 413 1567 dos
462 1513 695 1583 gentiles
752 1511 958 1565 idoneo
1009 1510 1246 1578 probare
1300 1507 1535 1561 volebat.
1576 1505 1690 1559 Non
1729 1505 1897 1559 multo

329 1605 467 1659 aliter
490 1605 705 1658 locutus
744 1603 802 1655 in
838 1599 1219 1654 Cohortatione
1241 1596 1490 1651 Justinus
1519 1595 1585 1659 “,
1615 1594 1704 1662 qui
1731 1594 1894 1649 etiam

329 1695 525 1765 Sibyllae
559 1704 851 1763 potentem
887 1690 1130 1745 atllatum
1170 1688 1374 1742 laudat.
1402 1688 1491 1741 Sic
1523 1687 1686 1740 etiam
1719 1686 1898 1741 Theo-

326 1788 508 1856 philus,
549 1785 651 1838 lib.
694 1799 759 1846 u,
793 1798 851 1835 n.
889 1783 945 1838 9.
979 1782 1126 1836 Idem
1155 1781 1370 1836 Philoni
1400 1781 1615 1833 videtur
1652 1778 1899 1848 proposi-

1998 1039 2278 1093 successit.

2069 1155 2133 1209 ll.
2176 1154 2384 1208 Praeter
2423 1152 2808 1222 quotidianum
2852 1149 3055 1205 laboris
3094 1163 3159 1204 ac
3193 1147 3574 1204 sollicitudinis

1998 1262 2249 1318 pensum,
2290 1245 2433 1314 quod
2471 1243 2725 1297 omnibus
2753 1242 3023 1311 episcopis
3064 1239 3401 1306 impositum,
3432 1238 3575 1291 haud

2000 1354 2191 1409 parum
2226 1338 2429 1405 negotii
2463 1337 2717 1397 haereses,
2749 1350 2868 1403 qua:
2908 1343 3035 1386 tunc
3065 1331 3369 1386 Ecclesiain
3400 1344 3576 1398 oppu-

2001 1431 2258 1499 gnabant,
2297 1427 2601 1495 Theophilo
2635 1432 2821 1480 nostro
2850 1423 3200 1478 addiderunt.
3252 1420 3402 1475 lllius
3435 1419 3574 1489 vigi-

1996 1520 2171 1574 lantia
2214 1529 2269 1574 et
2310 1518 2552 1573 excubiae
2600 1532 2701 1586 pro
2750 1514 3056 1571 commissis
3097 1513 3289 1567 ovibus
3339 1508 3576 1578 spectari

2002 1619 2230 1681 possunt
2268 1627 2335 1665 ex
2374 1610 2574 1675 studio,
2608 1608 2752 1677 quod
2798 1608 2851 1661 in
2902 1603 3258 1674 proﬂigandis
3304 1603 3579 1657 haereticis

2003 1712 2057 1756 et
2084 1717 2115 1755 a
2142 1716 2307 1771 grege
2342 1715 2443 1753 suo
2480 1697 2796 1751 avertendis
2825 1694 3170 1762 signiﬁcavit.
3210 1693 3301 1746 Sic
3329 1694 3474 1747 enim
3510 1691 3579 1747 de

2006 1794 2095 1849 illo
2118 1793 2380 1847 Eusebius
2414 1790 2459 1821 ‘°
2486 1807 2499 1843 :
2529 1788 2648 1842 Τῶν
2678 1804 2741 1855 γε
2776 1786 2879 1857 μὴν
2901 1783 3191 1856 αἱρετικῶν
3216 1783 3364 1837 οὐδὲν
3400 1785 3580 1855 χεῖρον

331 1888 430 1931 tum
464 1874 660 1940 fuisse,
687 1890 818 1928 cum
860 1876 928 1927 de
972 1872 1357 1941 prophetarum
1399 1870 1601 1923 exstasi
1637 1869 1896 1937 loquitur,

2017 1885 2096 1937 cui
2149 1885 2268 1939 τότε
2317 1880 2567 1947 ζιζανίων
2620 1880 2774 1950 δίκην
2834 1877 3242 1947 λυμαινομένων
3299 1873 3389 1927 τὸν
3451 1873 3582 1927 εἱλι-

330 1982 507 2036 nempe
535 1976 593 2019 ut
622 1964 861 2033 gloriam
890 1972 948 2017 et
974 1964 1139 2016 decus
1171 1977 1356 2015 eorum
1382 1959 1604 2014 extollat
1633 1973 1696 2011 ac
1737 1958 1903 2025 inspi-

328 2062 587 2113 rationem
620 2057 841 2126 probet.
876 2055 999 2107 V'id.
1030 2055 1124 2107 lib.
1156 2070 1221 2116 'll,
1259 2053 1408 2121 Legis
1448 2051 1695 2120 allegan,
1734 2063 1786 2115 p.
1810 2048 1900 2112 52,

325 2161 379 2206 et
401 2150 599 2204 librum
627 2165 643 2201 :
684 2145 820 2211 Qui:
844 2162 1019 2199 rerum
1046 2146 1345 2198 divinarum
1370 2144 1554 2197 lateres.

2005 1978 2162 2050 κρινῆ
2198 1976 2298 2046 τῆς
2335 1973 2693 2044 ἀπωτολικῆς
2728 1969 3072 2032 διδασκαλίας
3106 1969 3326 2041 σπόρον,
3359 1969 3407 2020 oi
3448 1984 3584 2020 παν-

2004 2070 2197 2138 ταχόσε
2219 2066 2325 2121 τῶν
2344 2065 2680 2133 Ἑκκλησιῶν
2714 2061 2990 2132 ποιμένες,
3013 2058 3198 2130 ὥσπερ
3224 2055 3375 2120 τινὰς
3409 2056 3581 2129 Θῆρας

2003 2160 2226 2232 ἀγρίους
2267 2160 2373 2212 τῶν
2419 2157 2512 2211 τοῦ
2555 2154 2790 2228 Χριστοῦ
2851 2152 3135 2226 προϐάτων
3187 2148 3582 2212 ἀποσοϐοῦντες

920 2238 1148 2294 CAPUT
1186 2237 1302 2292 XV.
1600 2318 1601 2321 η
2004 2252 2197 2313 αὐτοὺς
2226 2252 2493 2322 ἀνεῖργον·
2530 2248 2650 2301 τοτὲ
2681 2247 2798 2317 μὲν,
2842 2248 2959 2307 ταῖς
2992 2242 3126 2317 πρὸς
3155 2242 3281 2305 τοὺς
3322 2239 3582 2308 ἀδελφοὺς

393 2337 466 2391 De
497 2336 658 2404 gestis
689 2343 741 2388 et
766 2332 981 2400 scriptis
1010 2332 1180 2413 sancti
1213 2329 1489 2412 Theophili
1525 2328 1834 2382 Antiocheni

988 2418 1246 2470 episcopi.

2017 2339 2302 2403 νουθεσίαις
2348 2340 2442 2393 καὶ
2488 2336 2860 2408 παραινέσεσν
2907 2334 3027 2387 τοτὲ
3070 2333 3148 2395 δὲ,
3194 2329 3332 2403 πρὸς
3380 2328 3584 2392 αὐτοὺς

2017 2436 2333 2470 summis-enm.
2362 2430 2719 2470 νιιηηδιιόιιςυηι
2766 2426 3035 2470 ἇγηάιοοιε
3071 2442 3129 2470 τε
3170 2425 3250 2470 εἰς
3292 2422 3584 2470 πρόσωπον

326 2499 365 2547 l.
383 2500 455 2548 De
476 2501 805 2547 conversione
835 2500 889 2545 et.
904 2494 1194 2558 episcopatu
1218 2493 1270 2558 S._
1282 2491 1563 2558 Theophili.
1588 2489 1651 2537 Ιῐ.
1674 2489 1747 2538 De
1768 2488 1904 2535 illius

388 2561 663 2621 deperditis
689 2553 1059 2621 operibusilll.
1080 2553 1348 2621 Theophili
1373 2568 1468 2602 non
1494 2562 1610 2621 sunt.
1654 2562 1903 2621 commen-

390 2610 503 2669 tarii
521 2625 571 2669 in
598 2610 897 2682 Evangelia.
923 2618 1133 2682 lV._Qu_a
1152 2610 1403 2682 occasione
1427 2612 1594 2682 scripti
1620 2610 1906 2682 adAuto‘lx-

389 2698 500 2731 cum
539 2693 645 2729 tres
694 2669 827 2731 libri.
856 2681 915 2729 ν.
942 2669 1330 2727 ὃυὶἶιῖοηπηοόὶ
1376 2669 1583 2736 imperio
1606 2674 1792 2736 scripti.
1819 2669 1900 2736 Vl.

387 2746 651 2793 Refellitur
662 2744 954 2794 Dodwellus
965 2742 1047 2801 qui
1072 2740 1219 2787 alium
1239 2733 1564 2799 Theophilum
1586 2733 1906 2794 excogitavit,

396 2830 438 2882 1.
485 2828 658 2883 Natus
692 2836 782 2881 est
822 2842 887 2881 ac
930 2826 1213 2880 institutus
1250 2821 1583 2889 Theophilus
1625 2819 1677 2871 in
1714 2830 1906 2884 super-

333 2924 611 2975 stitionum
636 2922 986 2975 ethnicarum
1030 2915 1299 2979 tenebris;
1331 2915 1581 2981 idemque
1620 2909 1697 2962 illi
1726 2906 1906 2961 conti-

334 3014 429 3079 git,
461 3012 601 3080 quod
634 3010 703 3064 de
732 3024 792 3063 se
824 3009 925 3076 ipsi
958 3006 1207 3061 Justinus
1236 3015 1287 3060 et
1313 3004 1594 3067 Tatianus,
1629 3003 1694 3054 de
1732 3000 1903 3053 Athe-

338 3120 530 3171 nagora
589 3101 879 3170 Philippus
927 3099 1117 3152 Sideta
1170 3106 1481 3159 testantur,
1546 3103 1605 3146 ut
1662 3091 1903 3159 legendis

337 3196 633 3263 Scripturis
674 3196 744 3247 ad
789 3192 1159 3246 Christianam
1198 3189 1507 3257 religionem
1553 3192 1901 3240 convertere-

338 3298 441 3345 tur.
472 3290 602 3343 Rem
654 3288 773 3356 ipse
809 3285 890 3338 sic
921 3294 1111 3337 narrat
1137 3281 1236 3335 sub
1269 3280 1428 3333 linem
1467 3278 1591 3331 libri
1632 3276 1792 3344 primi
1835 3274 1901 3327 ad

333 3380 645 3448 Autolycum
673 3396 693 3431 :
733 3395 752 3426 ι
786 3375 864 3430 Ne
890 3377 967 3430 sis
1011 3376 1178 3445 igitur
1216 3369 1550 3431 incredulus,
1591 3367 1686 3421 sed
1733 3365 1911 3433 potius

334 3474 511 3526 crede.
545 3470 683 3525 Nam
722 3480 779 3524 et
816 3469 932 3536 ipse
982 3482 1088 3520 non
1124 3464 1410 3519 credebam
1451 3460 1907 3515 resurrectionem

336 3565 606 3631 futuram;
642 3564 740 3619 sed
782 3578 928 3617 nunc
965 3561 1149 3627 credo,
1181 3570 1474 3629 postquam
1505 3557 1618 3611 haec
1648 3554 1913 3610 attentius

339 3658 718 3719 considerari;
769 3655 932 3711 simul
970 3654 1115 3723 quod
1157 3654 1210 3705 in
1259 3664 1444 3705 sacras
1479 3648 1792 3717 Scripturas
1831 3648 1916 3700 in-

338 3752 441 3805 cidi
489 3760 812 3805 sanctorum
860 3749 1283 3817 pr0phetarum,
1339 3744 1431 3812 qui
1476 3757 1585 3811 per
1643 3740 1913 3808 Spiritum

341 3852 583 3897 sanctum
612 3851 670 3895 et
702 3839 977 3909 praterita
1019 3841 1211 3891 eodem
1240 3851 1347 3903 quo
1377 3843 1528 3903 gesta
1573 3842 1700 3885 sunt
1736 3832 1915 3895 modo,

343 3945 393 3987 et
424 3933 718 4003 praesentia
763 3934 954 3987 eodem
1002 3945 1111 3998 quo
1152 3937 1417 3997 geruntur
1446 3926 1838 3995 praedixerunt,
1864 3931 1921 3975 et

346 4022 518 4077 futura
546 4025 742 4078 eodem
774 4023 967 4077 ordine
998 4036 1106 4092 quo
1147 4019 1527 4088 perﬁcientur.
1584 4016 1719 4069 Cum
1760 4015 1920 4082 igitur

347 4132 405 4170 ea
430 4132 547 4186 qua
595 4116 861 4170 eveniunt
903 4126 960 4168 et
1010 4112 1266 4182 praedicta
1321 4110 1454 4164 olim
1502 4106 1920 4161 demonstratio-

352 4225 465 4263 nem
524 4210 658 4262 mihi
711 4208 1043 4269 exhibeant;
1093 4219 1195 4257 nou
1255 4219 1375 4257 sum
1435 4200 1771 4265 incredulus,
1827 4197 1921 4251 sed

354 4304 507 4357 credo
537 4304 931 4370 obtemperans
958 4297 1088 4351 Deo.

411 4394 564 4447 Hunc
591 4391 957 4459 Theophilum
1002 4386 1333 4449 Dodwellus,
1385 4398 1544 4451 quem
1585 4380 1728 4435 infra
1763 4379 1922 4433 refel-

355 4484 535 4548 lemus,
560 4484 714 4552 justo
754 4482 969 4552 longius
1006 4479 1074 4533 ab
1105 4478 1404 4548 apostolica
1441 4483 1602 4527 aetate
1646 4483 1924 4525 removere

358 4587 409 4630 et
430 4576 719 4645 episcopali
750 4576 1017 4643 dignitate
1054 4571 1290 4641 spoliare
1318 4582 1483 4622 ausus
1510 4574 1622 4631 est;
1658 4564 1749 4617 alii
1787 4578 1921 4616 non-

363 4669 480 4721 nulli
540 4684 666 4723 cum
728 4683 816 4732 eo,
874 4667 960 4720 cui
1007 4668 1175 4719 Actus
1221 4661 1592 4732 apostolorum
1650 4654 1919 4722 inscripti,

363 4764 526 4815 minus
572 4761 711 4815 belle
753 4757 1067 4813 confudere.
1106 4756 1289 4825 Longe
1347 4754 1416 4806 ab
1465 4752 1569 4804 hoc
1617 4747 1920 4815 Theophila

365 4855 513 4907 distat
536 4853 630 4906 ille
661 4861 870 4913 noster,
901 4850 991 4918 qui
1035 4859 1248 4902 mortuo
1290 4846 1456 4899 Erote
1497 4843 1686 4911 quinto
1728 4839 1923 4893 Antio-

368 4945 482 4999 chia:
503 4945 781 5013 episcopo,
813 4945 961 4997 circa
984 4956 1185 4994 annuat
1236 4938 1304 4991 Μ.
1335 4935 1541 4990 Aurelii
1572 4942 1848 4993 octavum,
1873 4932 1923 4984 id

369 5049 440 5089 est
463 5053 665 5089 annum
698 5035 900 5088 Christi
934 5034 1054 5095 168,
1086 5031 1444 5085 Antiocheam
1484 5025 1597 5080 sedi
1637 5022 1925 5092 praafectus

366 5125 469 5178 fuit.
510 5126 767 5179 Testatur
806 5125 955 5178 enim
996 5122 1259 5175 Eusebius
1302 5133 1447 5170 anno
1492 5115 1651 5183 hujus
1688 5115 1925 5181 impera-

369 5219 482 5271 toris
529 5226 726 5271 octavo
767 5215 959 5268 Roma:
990 5211 1235 5265 Soterem
1285 5209 1539 5269 Aniccto,
1585 5203 1924 5259 Alexandriae

367 5309 624 5363 Celadioni
670 5308 1036 5377 Agrippinum
1079 5302 1449 5365 successisse;
1496 5314 1561 5352 ac
1614 5297 1795 5351 statim
1830 5296 1925 5348 ad-

369 5400 434 5451 dit
460 5398 504 5430 “
535 5417 549 5451 :
588 5396 903 5470 Τηνιγπῦτα
951 5393 1050 5446 καὶ
1089 5392 1179 5444 ἐπὶ
1204 5392 1300 5461 τῆς
1333 5389 1646 5458 Ἀντιοχέων
1698 5384 1924 5453 Ἐκκλη-

368 5490 733 5560 «hostem;
759 5490 925 5550 ἕκτος
960 5484 1071 5538 ἀπὸ
1098 5482 1199 5535 τῶν
1233 5481 1542 5535 ἀποστόλων
1575 5474 1922 5547 ὲγνωρίζετο.

374 5581 552 5636 «Tunc
600 5591 782 5635 autem
827 5586 888 5631 et
947 5576 1006 5627 in
1059 5573 1386 5625 Antiochena
1436 5568 1686 5624 Ecclesia
1739 5575 1924 5618 sextus

370 5674 427 5727 ab
450 5674 693 5742 apostolis
734 5663 1094 5735 TheOphilus
1144 5661 1381 5717 ﬂorebat.
1431 5680 1448 5711 ›
1494 5660 1706 5726 Quibus
1744 5655 1927 5709 verbis

425 5814 466 5846 ⁶¹
487 5811 707 5873 Strom.,
732 5822 771 5870 ι,
802 5819 860 5871 p.
896 5796 1046 5851 549.
1080 5789 1577 5859 “L.n'inilarc.,c.
1607 5790 1696 5843 22.

1951 4599 1996 4653 D

2003 2436 2333 2506 γυμνότερον
2362 2430 2741 2500 ἀποδυόμενοι,
2766 2426 3035 2497 ἀγράφοις
3071 2442 3129 2477 τε
3170 2425 3250 2486 εἰς
3292 2422 3585 2494 πρόσωπον

2004 2524 2262 2597 ζητήσεσι
2293 2522 2388 2576 καὶ
2428 2520 2778 2589 ἀνατροπαῖς·
2831 2516 2931 2587 ἤδη
2979 2515 3034 2567 δὲ
3063 2512 3157 2566 καὶ
3191 2512 3258 2565 δι’
3293 2510 3586 2583 ἐγγράφων

2004 2615 2412 2689 ὑπομνημάτων
2452 2611 2554 2675 τὰς
2594 2610 2748 2674 δόξας
2788 2607 2967 2662 αὐτῶν
3012 2604 3423 2675 ἀκριϐεστάτοις
3441 2604 3585 2670 ὲλέγ-

1999 2730 2115 2783 χοις
2179 2706 2567 2767 διευθύνοντες.
2597 2704 2662 2755 "0
2686 2702 2749 2769 γέ
2777 2718 2856 2753 τοι
2878 2698 3136 2766 Θεόφιλος
3157 2698 3253 2750 σὺν
3275 2698 3386 2759 τοῖς
3406 2694 3584 2757 ἀλλοις

2003 2800 2142 2857 κατά
2171 2802 2372 2852 τούτων
2407 2794 2877 2868 στρατευσάμενος
2921 2790 3081 2861 δῆλός
3117 2791 3263 2842 ἐστιν
3291 2786 3399 2841 ἀπό
3442 2803 3588 2849 τινος

2002 2894 2101 2947 οὐκ
2136 2889 2375 2960 ἀγεννῶς
2408 2885 2556 2956 αὑτῷ
2578 2885 2718 2938 κατὰ
2738 2882 3065 2955 Μαρκίωνος
3092 2876 3467 2950 πεπονημέθου
3500 2873 3589 2927 λό-

2002 3002 2122 3054 γου,
2146 2983 2203 3045 ὃς
2240 2983 2335 3035 καὶ
2374 2981 2535 3042 αὐτὸς
2585 2976 2701 3048 μεθ’
2746 2970 2820 3029 ὧν
2852 2973 3025 3028 ἄλλων
3066 2973 3381 3043 εἰρήκαμεν,
3420 2966 3588 3020 είσέτι

2003 3076 2097 3130 νῦν
2143 3075 2522 3129 διασέσωσται.
2556 3070 2754 3124 Τοῦτον
2794 3068 2888 3139 μὲν
2932 3062 3023 3119 οὖν
3060 3063 3287 3133 ἓὸδομος
3331 3060 3440 3115 ἀπὸ
3479 3058 3587 3112 τῶν

2003 3169 2309 3223 ἀποστόλων
2325 3168 2422 3237 τῆς
2439 3165 2747 3235 Ἀντιοχέων
2762 3158 3086 3228 Ἐκκλησίας
3100 3156 3398 3226 διαδέχεται
3414 3152 3589 3219 Μαξι-

2015 3266 2184 3332 μῖνος.
2230 3280 2245 3312 ι
2286 3260 2455 3313 Porro
2486 3272 2607 3311 cum
2644 3255 3000 3309 nihilominus
3039 3252 3142 3305 hac
3171 3250 3336 3303 etiam
3382 3257 3588 3315 tempe-

2013 3365 2154 3407 state
2199 3346 2436 3407 haaretici
2484 3349 2820 3402 zizaniorum
2862 3345 3037 3398 instar
3068 3343 3336 3395 sinceram
3369 3347 3589 3408 aposto-

2015 3447 2129 3498 lica:
2153 3445 2411 3497 doctrinze
2440 3449 2732 3495 sementem
2761 3434 3179 3496 labefactarent,
3218 3431 3585 3485 Ecclesiarum

2017 3544 2131 3587 toto
2157 3533 2289 3586 orbe
2320 3541 2582 3599 pastores,
2614 3542 2708 3581 eos
2742 3535 2999 3593 tanquam
3028 3522 3175 3576 feras
3207 3532 3369 3589 atque
3394 3520 3590 3572 imma-

2017 3640 2115 3678 nes
2152 3623 2361 3678 belluas
2404 3624 2471 3674 ab
2518 3620 2643 3673 ovili
2692 3616 2901 3671 Christi
2946 3614 3141 3683 fugare
3187 3619 3352 3679 atque
3396 3620 3589 3662 arcere

2020 3716 2425 3786 properabant;
2489 3710 2687 3781 partim
2744 3706 3014 3762 hortando
3064 3713 3129 3757 et
3194 3698 3587 3758 commonendo

2021 3808 2243 3871 fratres,
2296 3805 2494 3875 partim
2547 3803 2807 3856 adversus
2858 3798 3004 3867 ipsos
3047 3795 3335 3848 haareticos
3376 3790 3589 3846 fortiter

2019 3898 2401 3954 colluctando:
2442 3909 2579 3965 quos
2622 3892 2705 3947 vel
2734 3888 3028 3960 propositis
3069 3885 3316 3939 cominus
3353 3883 3589 3937 interro-

2025 3991 2341 4061 gationibus
2369 3989 2490 4041 viva
2522 3999 2673 4048 voce,
2708 3982 2790 4037 vel
2820 3981 2974 4034 libris
3010 3973 3419 4031 accuratissime
3446 3969 3587 4027 serio

2025 4086 2156 4154 ptis,
2200 4083 2486 4153 opiniones
2556 4091 2743 4132 eorum
2819 4068 3152 4133 refellendo,
3205 4061 3587 4120 confutabant.

2026 4152 2363 4245 TheOphilus
2397 4172 2561 4242 igitur
2595 4185 2699 4223 una
2733 4181 2854 4219 cum
2896 4160 3108 4216 caeteris
3156 4158 3418 4211 adversus
3468 4152 3591 4206 illos

2024 4244 2311 4322 hmreticos
2338 4260 2681 4333 depugnavit,
2713 4268 2770 4310 ut
2813 4262 3022 4309 constat
3071 4266 3138 4305 ex
3168 4249 3404 4317 quodam
3447 4244 3591 4297 illius

2024 4360 2163 4414 libro
2212 4358 2629 4423 haudquaquam
2676 4346 2999 4417 spernendo,
3032 4356 3189 4410 quem
3225 4349 3414 4393 contra
3443 4336 3589 4388 Mar-

2026 4450 2242 4503 cionem
2272 4443 2596 4505 elaboravit,
2636 4438 2728 4507 qui
2772 4436 2912 4489 liber
2947 4448 3071 4487 cum
3104 4429 3228 4483 aliis
3251 4442 3390 4496 quos
3426 4424 3589 4480 retuli

2025 4540 2318 4594 etiamnum
2370 4542 2565 4589 exstat.
2615 4550 2635 4583 ι
2680 4530 2983 4596 Scripserat
3032 4522 3191 4575 etiam
3236 4515 3590 4585 Theophilus,

2023 4630 2260 4685 Eusebio
2311 4637 2365 4681 et
2431 4626 2763 4695 Hieronymo
2808 4618 3056 4680 testibus,
3108 4614 3271 4667 alium
3332 4611 3590 4664 adversus

2027 4721 2380 4789 Hermogenis
2420 4717 2668 4773 hmrcsim
2701 4714 2920 4774 librum,
2948 4710 3000 4762 in
3037 4721 3143 4777 quo
3177 4700 3502 4759 testimoniis
3524 4713 3592 4752 ex

2024 4812 2254 4867 Joannis
2288 4807 2610 4880 Apocalypsi
2660 4803 2958 4872 desumptis
3005 4801 3282 4853 utebatur.
3322 4793 3455 4847 Cum
3504 4789 3592 4843 his

2026 4910 2287 4970 adversus
2316 4904 2601 4965 han-elices
2632 4892 3137 4952 elucubrationibus
3187 4880 3449 4941 interiere
3498 4880 3591 4934 alii

2026 5001 2264 5067 ejusdem
2289 4995 2430 5057 libri,
2450 4996 2503 5046 in
2530 4993 2718 5062 quibus
2746 4989 2999 5040 elementa
3021 4983 3146 5050 ﬁdei
3170 4978 3403 5047 exposita
3426 4974 3593 5043 fuisse

2028 5096 2257 5145 testatur
2281 5086 2547 5141 Eusebius
2590 5101 2605 5137 :
2646 5082 2755 5134 Καὶ
2790 5081 2952 5150 ἕτερα
2991 5077 3047 5129 δέ
3088 5090 3208 5127 τινα
3251 5066 3593 5140 κατηχητικὰ

2030 5182 2193 5238 αὑτοῦ
2251 5179 2448 5251 βιϐλία,
2506 5179 2638 5238 sive,
2682 5184 2740 5227 ut
2778 5174 3171 5239 interpretatur
3205 5162 3592 5230 Hieronymus.

2031 5278 2201 5329 breves
2248 5249 2602 5341 elegantesque
2636 5274 2892 5319 tractatus
2939 5260 3007 5312 ad
3049 5257 3443 5325 a'di/icationem
3484 5249 3595 5302 Ec-

2029 5370 2204 5422 clesia:
2237 5369 2367 5435 perli
2376 5372 2572 5416 nentes.

2101 5460 2269 5515 Forte
2321 5459 2373 5510 in
2424 5456 2508 5508 his
2555 5446 3070 5521 pertractationibus
3117 5435 3435 5496 numerandi
3464 5439 3595 5486 sunt

2032 5554 2182 5617 libri,
2220 5566 2359 5619 quos
2391 5565 2420 5601 a
2454 5562 2513 5599 se
2568 5545 2798 5612 scriptos
2846 5545 3079 5592 testatur
3116 5528 3474 5597 Theophilus.
3533 5521 3593 5619 in

2027 5608 2123 5701 lib.
2162 5608 2201 5699 it
2232 5608 2309 5697 ,λιι
2349 5608 2833 5707 Autolycum—citat
2877 5629 3116 5699 primum
3167 5622 3237 5677 De
3270 5615 3504 5671 historiis
3531 5608 3593 5664 li-

1773 5785 1818 5819 “
1859 5784 1922 5839 Ν.
1953 5784 1986 5839 9
2012 5780 2183 5838 et57.
2256 5772 2762 5839 “Hist.,lib.1v,c.
2800 5765 2865 5819 l9
2896 5773 2950 5819 et
2975 5762 3061 5818 20.
3140 5759 3182 5791 "
3218 5748 3589 5821 Hist.,tv,24.
