  <div class='ocr_page' id='page_1' title='image "/cluster/home/n/w/nwhite01/storage/ocr_20150623/6/mdp.39015004289917/107.png"; bbox 0 0 3948 6256; ppageno 0'>
   <div class='ocr_carea' id='block_1_1' title="bbox 421 354 526 411">
    <p class='ocr_par' dir='ltr' id='par_1_1' title="bbox 421 354 526 411">
     <span class='ocr_line' id='line_1_1' title="bbox 421 354 526 411; baseline -0.038 1"><span class='ocrx_word' id='word_1_1' title='bbox 421 354 526 411; x_wconf 74' lang='grc'><strong>199</strong></span> 
     </span>
    </p>
   </div>
   <div class='ocr_carea' id='block_1_2' title="bbox 1330 321 2748 401">
    <p class='ocr_par' dir='ltr' id='par_1_2' title="bbox 1330 321 2748 401">
     <span class='ocr_line' id='line_1_2' title="bbox 1330 321 2748 401; baseline -0.013 0"><span class='ocrx_word' id='word_1_2' title='bbox 1330 344 1390 401; x_wconf 92' lang='lat' dir='ltr'><strong>S.</strong></span> <span class='ocrx_word' id='word_1_3' title='bbox 1428 334 1763 401; x_wconf 77' lang='lat' dir='ltr'><strong>JUSTINUS</strong></span> <span class='ocrx_word' id='word_1_4' title='bbox 1793 328 2277 395; x_wconf 83' lang='lat' dir='ltr'><strong>PHILOSOPHUS</strong></span> <span class='ocrx_word' id='word_1_5' title='bbox 2310 325 2397 388; x_wconf 86' lang='lat' dir='ltr'><strong>ET</strong></span> <span class='ocrx_word' id='word_1_6' title='bbox 2436 321 2748 387; x_wconf 79' lang='lat' dir='ltr'><strong>MARTYR.</strong></span> 
     </span>
    </p>
   </div>
   <div class='ocr_carea' id='block_1_3' title="bbox 3553 317 3668 370">
    <p class='ocr_par' dir='ltr' id='par_1_3' title="bbox 3553 317 3668 370">
     <span class='ocr_line' id='line_1_3' title="bbox 3553 317 3668 370; baseline -0.009 -1"><span class='ocrx_word' id='word_1_7' title='bbox 3553 317 3668 370; x_wconf 67' lang='grc' dir='ltr'><strong>2οῦ</strong></span> 
     </span>
    </p>
   </div>
   <div class='ocr_carea' id='block_1_4' title="bbox 420 437 3665 541">
    <p class='ocr_par' dir='ltr' id='par_1_4' title="bbox 420 437 3665 541">
     <span class='ocr_line' id='line_1_4' title="bbox 420 437 3665 541; baseline -0.014 -11"><span class='ocrx_word' id='word_1_8' title='bbox 420 478 604 536; x_wconf 87' lang='lat' dir='ltr'><strong>hrum,</strong></span> <span class='ocrx_word' id='word_1_9' title='bbox 635 472 689 527; x_wconf 89' lang='lat' dir='ltr'><strong>in</strong></span> <span class='ocrx_word' id='word_1_10' title='bbox 719 483 829 541; x_wconf 92' lang='lat' dir='ltr'><strong>quo</strong></span> <span class='ocrx_word' id='word_1_11' title='bbox 859 469 925 524; x_wconf 91' lang='lat' dir='ltr'><strong>de</strong></span> <span class='ocrx_word' id='word_1_12' title='bbox 971 464 1412 538; x_wconf 91' lang='lat' dir='ltr'><strong>generationibus</strong></span> <span class='ocrx_word' id='word_1_13' title='bbox 1454 464 1758 532; x_wconf 89' lang='lat' dir='ltr'><strong>primorum</strong></span> <span class='ocrx_word' id='word_1_14' title='bbox 1795 458 1978 514; x_wconf 92' lang='lat' dir='ltr'><strong>homi-</strong></span> <span class='ocrx_word' id='word_1_15' title='bbox 2011 465 2060 521; x_wconf 76' lang='grc' dir='ltr'><strong>Α</strong></span> <span class='ocrx_word' id='word_1_16' title='bbox 2091 453 2396 525; x_wconf 76' lang='lat' dir='ltr'><strong>apostolum</strong></span> <span class='ocrx_word' id='word_1_17' title='bbox 2447 449 2755 520; x_wconf 87' lang='lat' dir='ltr'><strong>episcopus,</strong></span> <span class='ocrx_word' id='word_1_18' title='bbox 2800 442 2892 513; x_wconf 85' lang='lat' dir='ltr'><strong>qui</strong></span> <span class='ocrx_word' id='word_1_19' title='bbox 2938 450 3171 512; x_wconf 91' lang='lat' dir='ltr'><strong>quatuor</strong></span> <span class='ocrx_word' id='word_1_20' title='bbox 3198 437 3665 509; x_wconf 72' lang='lat' dir='ltr'><strong>eVangelistarum</strong></span> 
     </span>
    </p>
   </div>
   <div class='ocr_carea' id='block_1_5' title="bbox 420 551 1988 634">
    <p class='ocr_par' dir='ltr' id='par_1_5' title="bbox 420 551 1988 634">
     <span class='ocr_line' id='line_1_5' title="bbox 420 551 1988 634; baseline -0.011 -14"><span class='ocrx_word' id='word_1_21' title='bbox 420 580 552 620; x_wconf 90' lang='lat' dir='ltr'><strong>num</strong></span> <span class='ocrx_word' id='word_1_22' title='bbox 579 571 787 634; x_wconf 79' lang='lat' dir='ltr'><strong>egerat.</strong></span> <span class='ocrx_word' id='word_1_23' title='bbox 808 561 901 615; x_wconf 87' lang='lat' dir='ltr'><strong>Sic</strong></span> <span class='ocrx_word' id='word_1_24' title='bbox 932 567 1112 612; x_wconf 90' lang='lat' dir='ltr'><strong>autem</strong></span> <span class='ocrx_word' id='word_1_25' title='bbox 1147 555 1567 625; x_wconf 89' lang='lat' dir='ltr'><strong>loquitur,num.</strong></span> <span class='ocrx_word' id='word_1_26' title='bbox 1598 554 1667 608; x_wconf 80' lang='lat'><strong>50</strong></span> <span class='ocrx_word' id='word_1_27' title='bbox 1692 567 1709 606; x_wconf 88' lang='lat'><strong>:</strong></span> <span class='ocrx_word' id='word_1_28' title='bbox 1738 552 1848 605; x_wconf 74' lang='grc' dir='ltr'>Καὶ</span> <span class='ocrx_word' id='word_1_29' title='bbox 1878 551 1988 622; x_wconf 79' lang='grc' dir='ltr'><strong>γὰρ</strong></span> 
     </span>
    </p>
   </div>
   <div class='ocr_carea' id='block_1_6' title="bbox 419 643 1989 727">
    <p class='ocr_par' dir='ltr' id='par_1_6' title="bbox 419 643 1989 727">
     <span class='ocr_line' id='line_1_6' title="bbox 419 643 1989 727; baseline -0.011 -16"><span class='ocrx_word' id='word_1_30' title='bbox 419 660 485 712; x_wconf 68' lang='grc' dir='ltr'><strong>ὲκ</strong></span> <span class='ocrx_word' id='word_1_31' title='bbox 517 656 712 727; x_wconf 80' lang='grc' dir='ltr'><strong>μέρους</strong></span> <span class='ocrx_word' id='word_1_32' title='bbox 744 653 843 725; x_wconf 72' lang='grc' dir='ltr'><strong>ἤδη</strong></span> <span class='ocrx_word' id='word_1_33' title='bbox 870 652 1157 721; x_wconf 83' lang='grc' dir='ltr'>γεγένηται</span> <span class='ocrx_word' id='word_1_34' title='bbox 1214 649 1342 718; x_wconf 82' lang='grc' dir='ltr'>ἡμῖν</span> <span class='ocrx_word' id='word_1_35' title='bbox 1374 646 1529 713; x_wconf 84' lang='grc' dir='ltr'>λόγος</span> <span class='ocrx_word' id='word_1_36' title='bbox 1558 648 1614 698; x_wconf 84' lang='grc' dir='ltr'>ὲν</span> <span class='ocrx_word' id='word_1_37' title='bbox 1647 645 1816 715; x_wconf 78' lang='grc' dir='ltr'>ἑτέρῳ</span> <span class='ocrx_word' id='word_1_38' title='bbox 1847 643 1989 711; x_wconf 85' lang='grc' dir='ltr'><strong>λόγῳ</strong></span> 
     </span>
    </p>
   </div>
   <div class='ocr_carea' id='block_1_7' title="bbox 418 733 1989 816">
    <p class='ocr_par' dir='ltr' id='par_1_7' title="bbox 418 733 1989 816">
     <span class='ocr_line' id='line_1_7' title="bbox 418 733 1989 816; baseline -0.011 -14"><span class='ocrx_word' id='word_1_39' title='bbox 418 748 494 811; x_wconf 86' lang='grc' dir='ltr'><strong>ὡς</strong></span> <span class='ocrx_word' id='word_1_40' title='bbox 556 747 740 801; x_wconf 76' lang='grc' dir='ltr'><strong>ἐπάνω</strong></span> <span class='ocrx_word' id='word_1_41' title='bbox 797 744 1225 816; x_wconf 82' lang='grc' dir='ltr'>προειρήκαμεν,</span> <span class='ocrx_word' id='word_1_42' title='bbox 1260 739 1360 808; x_wconf 81' lang='grc' dir='ltr'>τῆς</span> <span class='ocrx_word' id='word_1_43' title='bbox 1390 736 1737 806; x_wconf 79' lang='grc' dir='ltr'>γενεαλογίας</span> <span class='ocrx_word' id='word_1_44' title='bbox 1771 738 1804 805; x_wconf 91' lang='grc' dir='ltr'><strong>ή</strong></span> <span class='ocrx_word' id='word_1_45' title='bbox 1836 733 1989 798; x_wconf 79' lang='grc' dir='ltr'>τάξις</span> 
     </span>
    </p>
   </div>
   <div class='ocr_carea' id='block_1_8' title="bbox 422 826 1986 909">
    <p class='ocr_par' dir='ltr' id='par_1_8' title="bbox 422 826 1986 909">
     <span class='ocr_line' id='line_1_8' title="bbox 422 826 1986 909; baseline -0.01 -16"><span class='ocrx_word' id='word_1_46' title='bbox 422 842 481 893; x_wconf 79' lang='grc' dir='ltr'>ὲν</span> <span class='ocrx_word' id='word_1_47' title='bbox 512 841 577 909; x_wconf 79' lang='grc' dir='ltr'>τῇ</span> <span class='ocrx_word' id='word_1_48' title='bbox 611 834 803 907; x_wconf 79' lang='grc' dir='ltr'>πρώτῃ</span> <span class='ocrx_word' id='word_1_49' title='bbox 838 834 1003 905; x_wconf 77' lang='grc' dir='ltr'>βίϐλῳ</span> <span class='ocrx_word' id='word_1_50' title='bbox 1035 835 1099 903; x_wconf 75' lang='grc' dir='ltr'>τῇ</span> <span class='ocrx_word' id='word_1_51' title='bbox 1134 830 1268 898; x_wconf 75' lang='grc' dir='ltr'>περὶ</span> <span class='ocrx_word' id='word_1_52' title='bbox 1304 827 1599 896; x_wconf 75' lang='grc' dir='ltr'><strong>ἱστοριῶν.</strong></span> <span class='ocrx_word' id='word_1_53' title='bbox 1644 845 1661 878; x_wconf 78' lang='grc' dir='ltr'><strong>ι</strong></span> <span class='ocrx_word' id='word_1_54' title='bbox 1697 826 1815 881; x_wconf 77' lang='lat' dir='ltr'><strong>lam</strong></span> <span class='ocrx_word' id='word_1_55' title='bbox 1841 827 1986 879; x_wconf 91' lang='lat' dir='ltr'><strong>enim</strong></span> 
     </span>
    </p>
   </div>
   <div class='ocr_carea' id='block_1_9' title="bbox 424 917 1989 997">
    <p class='ocr_par' dir='ltr' id='par_1_9' title="bbox 424 917 1989 997">
     <span class='ocr_line' id='line_1_9' title="bbox 424 917 1989 997; baseline -0.01 -12"><span class='ocrx_word' id='word_1_56' title='bbox 424 945 453 985; x_wconf 83' lang='lat' dir='ltr'><strong>a</strong></span> <span class='ocrx_word' id='word_1_57' title='bbox 478 931 635 984; x_wconf 89' lang='lat' dir='ltr'><strong>nobis</strong></span> <span class='ocrx_word' id='word_1_58' title='bbox 664 929 842 997; x_wconf 90' lang='lat' dir='ltr'><strong>aliqua</strong></span> <span class='ocrx_word' id='word_1_59' title='bbox 875 942 942 981; x_wconf 82' lang='lat' dir='ltr'><strong>ex</strong></span> <span class='ocrx_word' id='word_1_60' title='bbox 970 937 1128 996; x_wconf 90' lang='lat' dir='ltr'><strong>parte</strong></span> <span class='ocrx_word' id='word_1_61' title='bbox 1152 925 1402 979; x_wconf 88' lang='lat' dir='ltr'><strong>instituta</strong></span> <span class='ocrx_word' id='word_1_62' title='bbox 1432 931 1515 976; x_wconf 90' lang='lat' dir='ltr'><strong>est</strong></span> <span class='ocrx_word' id='word_1_63' title='bbox 1542 921 1656 974; x_wconf 59' lang='lat' dir='ltr'><strong>haec</strong></span> <span class='ocrx_word' id='word_1_64' title='bbox 1687 917 1989 986; x_wconf 80' lang='lat' dir='ltr'><strong>disputatio</strong></span> 
     </span>
    </p>
   </div>
   <div class='ocr_carea' id='block_1_10' title="bbox 427 1013 1989 1091">
    <p class='ocr_par' dir='ltr' id='par_1_10' title="bbox 427 1013 1989 1091">
     <span class='ocr_line' id='line_1_10' title="bbox 427 1013 1989 1091; baseline -0.008 -14"><span class='ocrx_word' id='word_1_65' title='bbox 427 1023 481 1077; x_wconf 90' lang='lat' dir='ltr'><strong>in</strong></span> <span class='ocrx_word' id='word_1_66' title='bbox 516 1023 625 1076; x_wconf 92' lang='lat' dir='ltr'><strong>alio</strong></span> <span class='ocrx_word' id='word_1_67' title='bbox 664 1037 849 1091; x_wconf 91' lang='lat' dir='ltr'><strong>opere,</strong></span> <span class='ocrx_word' id='word_1_68' title='bbox 878 1031 937 1074; x_wconf 86' lang='grc' dir='ltr'><strong>ιιι</strong></span> <span class='ocrx_word' id='word_1_69' title='bbox 962 1036 1124 1089; x_wconf 86' lang='lat' dir='ltr'><strong>supra</strong></span> <span class='ocrx_word' id='word_1_70' title='bbox 1145 1013 1405 1079; x_wconf 82' lang='lat' dir='ltr'><strong>diximus.</strong></span> <span class='ocrx_word' id='word_1_71' title='bbox 1440 1033 1632 1085; x_wconf 87' lang='lat' dir='ltr'><strong>nempe</strong></span> <span class='ocrx_word' id='word_1_72' title='bbox 1658 1015 1989 1086; x_wconf 67' lang='lat' dir='ltr'><strong>genealogis:</strong></span> 
     </span>
    </p>
   </div>
   <div class='ocr_carea' id='block_1_11' title="bbox 423 1105 1989 1180">
    <p class='ocr_par' dir='ltr' id='par_1_11' title="bbox 423 1105 1989 1180">
     <span class='ocr_line' id='line_1_11' title="bbox 423 1105 1989 1180; baseline -0.008 -12"><span class='ocrx_word' id='word_1_73' title='bbox 423 1114 597 1169; x_wconf 83' lang='lat' dir='ltr'><strong>series</strong></span> <span class='ocrx_word' id='word_1_74' title='bbox 628 1113 681 1166; x_wconf 90' lang='lat' dir='ltr'><strong>in</strong></span> <span class='ocrx_word' id='word_1_75' title='bbox 724 1114 900 1180; x_wconf 89' lang='lat' dir='ltr'><strong>primo</strong></span> <span class='ocrx_word' id='word_1_76' title='bbox 929 1111 1005 1166; x_wconf 92' lang='lat' dir='ltr'><strong>De</strong></span> <span class='ocrx_word' id='word_1_77' title='bbox 1056 1112 1294 1165; x_wconf 73' lang='lat' dir='ltr'><strong>historiis</strong></span> <span class='ocrx_word' id='word_1_78' title='bbox 1332 1110 1491 1162; x_wconf 92' lang='lat' dir='ltr'><strong>libro.</strong></span> <span class='ocrx_word' id='word_1_79' title='bbox 1521 1128 1539 1160; x_wconf 72' lang='grc' dir='ltr'><strong>ι</strong></span> <span class='ocrx_word' id='word_1_80' title='bbox 1570 1108 1657 1159; x_wconf 83' lang='lat' dir='ltr'><strong>Ait</strong></span> <span class='ocrx_word' id='word_1_81' title='bbox 1684 1105 1844 1175; x_wconf 90' lang='lat' dir='ltr'><strong>paulo</strong></span> <span class='ocrx_word' id='word_1_82' title='bbox 1871 1112 1989 1173; x_wconf 87' lang='lat' dir='ltr'><strong>post</strong></span> 
     </span>
    </p>
   </div>
   <div class='ocr_carea' id='block_1_12' title="bbox 423 1198 1987 1273">
    <p class='ocr_par' dir='ltr' id='par_1_12' title="bbox 423 1198 1987 1273">
     <span class='ocr_line' id='line_1_12' title="bbox 423 1198 1987 1273; baseline -0.005 -15"><span class='ocrx_word' id='word_1_83' title='bbox 423 1220 483 1259; x_wconf 87' lang='lat' dir='ltr'><strong>se</strong></span> <span class='ocrx_word' id='word_1_84' title='bbox 514 1205 569 1258; x_wconf 91' lang='lat' dir='ltr'><strong>in</strong></span> <span class='ocrx_word' id='word_1_85' title='bbox 603 1204 792 1259; x_wconf 90' lang='lat' dir='ltr'><strong>eodem</strong></span> <span class='ocrx_word' id='word_1_86' title='bbox 826 1204 963 1258; x_wconf 91' lang='lat' dir='ltr'><strong>libro</strong></span> <span class='ocrx_word' id='word_1_87' title='bbox 993 1203 1170 1273; x_wconf 89' lang='lat' dir='ltr'><strong>egisse</strong></span> <span class='ocrx_word' id='word_1_88' title='bbox 1209 1204 1273 1257; x_wconf 90' lang='lat' dir='ltr'><strong>de</strong></span> <span class='ocrx_word' id='word_1_89' title='bbox 1316 1202 1477 1256; x_wconf 88' lang='lat' dir='ltr'><strong>rebus</strong></span> <span class='ocrx_word' id='word_1_90' title='bbox 1524 1199 1660 1253; x_wconf 82' lang='lat' dir='ltr'><strong>Noe.</strong></span> <span class='ocrx_word' id='word_1_91' title='bbox 1708 1198 1855 1251; x_wconf 86' lang='lat' dir='ltr'><strong>Libri</strong></span> <span class='ocrx_word' id='word_1_92' title='bbox 1912 1198 1987 1251; x_wconf 89' lang='lat' dir='ltr'><strong>illi</strong></span> 
     </span>
    </p>
   </div>
   <div class='ocr_carea' id='block_1_13' title="bbox 424 1290 1988 1365">
    <p class='ocr_par' dir='ltr' id='par_1_13' title="bbox 424 1290 1988 1365">
     <span class='ocr_line' id='line_1_13' title="bbox 424 1290 1988 1365; baseline -0.008 -14"><span class='ocrx_word' id='word_1_93' title='bbox 424 1296 811 1359; x_wconf 77' lang='lat' dir='ltr'><strong>Historiarum,</strong></span> <span class='ocrx_word' id='word_1_94' title='bbox 847 1310 1078 1365; x_wconf 89' lang='lat' dir='ltr'><strong>quorum</strong></span> <span class='ocrx_word' id='word_1_95' title='bbox 1112 1294 1164 1347; x_wconf 93' lang='lat' dir='ltr'><strong>in</strong></span> <span class='ocrx_word' id='word_1_96' title='bbox 1217 1294 1391 1362; x_wconf 91' lang='lat' dir='ltr'><strong>primo</strong></span> <span class='ocrx_word' id='word_1_97' title='bbox 1420 1290 1757 1359; x_wconf 83' lang='lat' dir='ltr'><strong>Theophilus</strong></span> <span class='ocrx_word' id='word_1_98' title='bbox 1786 1302 1988 1357; x_wconf 87' lang='lat' dir='ltr'><strong>genea-</strong></span> 
     </span>
    </p>
   </div>
   <div class='ocr_carea' id='block_1_14' title="bbox 422 1378 1990 1460">
    <p class='ocr_par' dir='ltr' id='par_1_14' title="bbox 422 1378 1990 1460">
     <span class='ocr_line' id='line_1_14' title="bbox 422 1378 1990 1460; baseline -0.006 -18"><span class='ocrx_word' id='word_1_99' title='bbox 422 1387 583 1460; x_wconf 66' lang='lat' dir='ltr'><strong>logiaa</strong></span> <span class='ocrx_word' id='word_1_100' title='bbox 613 1389 810 1444; x_wconf 90' lang='lat' dir='ltr'><strong>seriem</strong></span> <span class='ocrx_word' id='word_1_101' title='bbox 846 1388 1087 1452; x_wconf 80' lang='lat' dir='ltr'><strong>texebat,</strong></span> <span class='ocrx_word' id='word_1_102' title='bbox 1115 1385 1365 1453; x_wconf 91' lang='lat' dir='ltr'><strong>inscripti</strong></span> <span class='ocrx_word' id='word_1_103' title='bbox 1416 1385 1667 1437; x_wconf 89' lang='lat' dir='ltr'><strong>videntur</strong></span> <span class='ocrx_word' id='word_1_104' title='bbox 1698 1381 1866 1434; x_wconf 80' lang='lat' dir='ltr'><strong>fuisse</strong></span> <span class='ocrx_word' id='word_1_105' title='bbox 1888 1378 1990 1433; x_wconf 88' lang='lat' dir='ltr'><strong>Ge-</strong></span> 
     </span>
    </p>
   </div>
   <div class='ocr_carea' id='block_1_15' title="bbox 424 1471 1985 1544">
    <p class='ocr_par' dir='ltr' id='par_1_15' title="bbox 424 1471 1985 1544">
     <span class='ocr_line' id='line_1_15' title="bbox 424 1471 1985 1544; baseline -0.006 -9"><span class='ocrx_word' id='word_1_106' title='bbox 424 1481 563 1535; x_wconf 85' lang='lat' dir='ltr'><strong>nesis</strong></span> <span class='ocrx_word' id='word_1_107' title='bbox 594 1481 801 1535; x_wconf 84' lang='lat' dir='ltr'><strong>mundi.</strong></span> <span class='ocrx_word' id='word_1_108' title='bbox 835 1480 925 1533; x_wconf 89' lang='lat' dir='ltr'><strong>Ait</strong></span> <span class='ocrx_word' id='word_1_109' title='bbox 952 1479 1121 1542; x_wconf 89' lang='lat' dir='ltr'><strong>enim,</strong></span> <span class='ocrx_word' id='word_1_110' title='bbox 1158 1495 1212 1531; x_wconf 93' lang='lat' dir='ltr'><strong>n.</strong></span> <span class='ocrx_word' id='word_1_111' title='bbox 1243 1478 1332 1541; x_wconf 73' lang='lat'><strong>28,</strong></span> <span class='ocrx_word' id='word_1_112' title='bbox 1379 1491 1437 1531; x_wconf 89' lang='lat' dir='ltr'><strong>se</strong></span> <span class='ocrx_word' id='word_1_113' title='bbox 1462 1474 1883 1544; x_wconf 78' lang='lat' dir='ltr'><strong>disputationem</strong></span> <span class='ocrx_word' id='word_1_114' title='bbox 1917 1471 1985 1525; x_wconf 90' lang='lat' dir='ltr'><strong>de</strong></span> 
     </span>
    </p>
   </div>
   <div class='ocr_carea' id='block_1_16' title="bbox 426 1563 1987 1639">
    <p class='ocr_par' dir='ltr' id='par_1_16' title="bbox 426 1563 1987 1639">
     <span class='ocr_line' id='line_1_16' title="bbox 426 1563 1987 1639; baseline -0.007 -15"><span class='ocrx_word' id='word_1_115' title='bbox 426 1572 670 1625; x_wconf 78' lang='lat' dir='ltr'><strong>daemone</strong></span> <span class='ocrx_word' id='word_1_116' title='bbox 705 1569 1146 1639; x_wconf 65' lang='lat' dir='ltr'><strong>praetermittere,</strong></span> <span class='ocrx_word' id='word_1_117' title='bbox 1179 1568 1305 1637; x_wconf 85' lang='lat' dir='ltr'><strong>quia</strong></span> <span class='ocrx_word' id='word_1_118' title='bbox 1355 1567 1513 1635; x_wconf 86' lang='lat' dir='ltr'><strong>longa</strong></span> <span class='ocrx_word' id='word_1_119' title='bbox 1565 1574 1650 1619; x_wconf 91' lang='lat' dir='ltr'><strong>est</strong></span> <span class='ocrx_word' id='word_1_120' title='bbox 1687 1563 1889 1627; x_wconf 86' lang='lat' dir='ltr'><strong>oratio,</strong></span> <span class='ocrx_word' id='word_1_121' title='bbox 1925 1576 1987 1614; x_wconf 86' lang='lat' dir='ltr'><strong>ac</strong></span> 
     </span>
    </p>
   </div>
   <div class='ocr_carea' id='block_1_17' title="bbox 424 1644 1990 1728">
    <p class='ocr_par' dir='ltr' id='par_1_17' title="bbox 424 1644 1990 1728">
     <span class='ocr_line' id='line_1_17' title="bbox 424 1644 1990 1728; baseline -0.007 -13"><span class='ocrx_word' id='word_1_122' title='bbox 424 1678 486 1715; x_wconf 90' lang='lat' dir='ltr'><strong>ea</strong></span> <span class='ocrx_word' id='word_1_123' title='bbox 521 1663 587 1715; x_wconf 89' lang='lat' dir='ltr'><strong>de</strong></span> <span class='ocrx_word' id='word_1_124' title='bbox 637 1676 694 1713; x_wconf 90' lang='lat' dir='ltr'><strong>re</strong></span> <span class='ocrx_word' id='word_1_125' title='bbox 725 1660 850 1714; x_wconf 84' lang='lat' dir='ltr'><strong>alibi</strong></span> <span class='ocrx_word' id='word_1_126' title='bbox 901 1660 1036 1728; x_wconf 90' lang='lat' dir='ltr'><strong>egit.</strong></span> <span class='ocrx_word' id='word_1_127' title='bbox 1073 1657 1218 1722; x_wconf 83' lang='lat' dir='ltr'><strong>Mox,</strong></span> <span class='ocrx_word' id='word_1_128' title='bbox 1262 1674 1317 1711; x_wconf 87' lang='grc' dir='ltr'><strong>ιι.</strong></span> <span class='ocrx_word' id='word_1_129' title='bbox 1351 1657 1444 1722; x_wconf 71' lang='lat'><strong>29,</strong></span> <span class='ocrx_word' id='word_1_130' title='bbox 1475 1656 1553 1710; x_wconf 93' lang='lat' dir='ltr'><strong>sic</strong></span> <span class='ocrx_word' id='word_1_131' title='bbox 1594 1644 1835 1724; x_wconf 78' lang='lat' dir='ltr'><strong>loquitur</strong></span> <span class='ocrx_word' id='word_1_132' title='bbox 1866 1671 1879 1706; x_wconf 89' lang='lat'>:</span> <span class='ocrx_word' id='word_1_133' title='bbox 1908 1652 1990 1704; x_wconf 86' lang='grc' dir='ltr'><strong>Τὰ</strong></span> 
     </span>
    </p>
   </div>
   <div class='ocr_carea' id='block_1_18' title="bbox 427 1738 1990 1822">
    <p class='ocr_par' dir='ltr' id='par_1_18' title="bbox 427 1738 1990 1822">
     <span class='ocr_line' id='line_1_18' title="bbox 427 1738 1990 1822; baseline -0.009 -18"><span class='ocrx_word' id='word_1_134' title='bbox 427 1750 524 1822; x_wconf 85' lang='grc' dir='ltr'>μὲν</span> <span class='ocrx_word' id='word_1_135' title='bbox 556 1747 649 1804; x_wconf 80' lang='grc' dir='ltr'><strong>οὖν</strong></span> <span class='ocrx_word' id='word_1_136' title='bbox 680 1749 796 1803; x_wconf 84' lang='grc' dir='ltr'>κατ’</span> <span class='ocrx_word' id='word_1_137' title='bbox 828 1749 1021 1811; x_wconf 77' lang='grc' dir='ltr'>αὐτοὺς</span> <span class='ocrx_word' id='word_1_138' title='bbox 1054 1746 1221 1799; x_wconf 79' lang='grc' dir='ltr'>πλείω</span> <span class='ocrx_word' id='word_1_139' title='bbox 1241 1746 1351 1816; x_wconf 85' lang='grc' dir='ltr'>ἕχει</span> <span class='ocrx_word' id='word_1_140' title='bbox 1382 1745 1480 1814; x_wconf 82' lang='grc' dir='ltr'><strong>τὴν</strong></span> <span class='ocrx_word' id='word_1_141' title='bbox 1503 1741 1763 1812; x_wconf 80' lang='grc' dir='ltr'>ἱστορίαν,</span> <span class='ocrx_word' id='word_1_142' title='bbox 1797 1741 1857 1792; x_wconf 88' lang='grc' dir='ltr'><strong>οὐ</strong></span> <span class='ocrx_word' id='word_1_143' title='bbox 1885 1738 1990 1810; x_wconf 80' lang='grc' dir='ltr'>μὴν</span> 
     </span>
    </p>
   </div>
   <div class='ocr_carea' id='block_1_19' title="bbox 2091 533 3671 612">
    <p class='ocr_par' dir='ltr' id='par_1_19' title="bbox 2091 533 3671 612">
     <span class='ocr_line' id='line_1_19' title="bbox 2091 533 3671 612; baseline -0.013 -9"><span class='ocrx_word' id='word_1_144' title='bbox 2091 550 2144 603; x_wconf 91' lang='lat' dir='ltr'><strong>in</strong></span> <span class='ocrx_word' id='word_1_145' title='bbox 2191 561 2356 603; x_wconf 87' lang='lat' dir='ltr'><strong>unum</strong></span> <span class='ocrx_word' id='word_1_146' title='bbox 2386 558 2522 612; x_wconf 90' lang='lat' dir='ltr'><strong>opus</strong></span> <span class='ocrx_word' id='word_1_147' title='bbox 2546 543 2686 596; x_wconf 88' lang='lat' dir='ltr'><strong>dicta</strong></span> <span class='ocrx_word' id='word_1_148' title='bbox 2716 538 3089 607; x_wconf 88' lang='lat' dir='ltr'><strong>compingens,</strong></span> <span class='ocrx_word' id='word_1_149' title='bbox 3130 533 3329 603; x_wconf 77' lang='lat' dir='ltr'><strong>ingenii</strong></span> <span class='ocrx_word' id='word_1_150' title='bbox 3374 533 3455 585; x_wconf 90' lang='lat' dir='ltr'><strong>sui</strong></span> <span class='ocrx_word' id='word_1_151' title='bbox 3504 533 3671 583; x_wconf 79' lang='lat' dir='ltr'><strong>nobis</strong></span> 
     </span>
    </p>
   </div>
   <div class='ocr_carea' id='block_1_20' title="bbox 2091 621 3669 697">
    <p class='ocr_par' dir='ltr' id='par_1_20' title="bbox 2091 621 3669 697">
     <span class='ocr_line' id='line_1_20' title="bbox 2091 621 3669 697; baseline -0.015 -4"><span class='ocrx_word' id='word_1_152' title='bbox 2091 645 2439 693; x_wconf 88' lang='lat' dir='ltr'><strong>monumenta</strong></span> <span class='ocrx_word' id='word_1_153' title='bbox 2486 632 2710 697; x_wconf 84' lang='lat' dir='ltr'><strong>dimisit,</strong></span> <span class='ocrx_word' id='word_1_154' title='bbox 2770 630 2885 683; x_wconf 83' lang='lat' dir='ltr'><strong>haec</strong></span> <span class='ocrx_word' id='word_1_155' title='bbox 2931 641 3095 695; x_wconf 87' lang='lat' dir='ltr'><strong>super</strong></span> <span class='ocrx_word' id='word_1_156' title='bbox 3139 623 3242 678; x_wconf 90' lang='lat' dir='ltr'><strong>bac</strong></span> <span class='ocrx_word' id='word_1_157' title='bbox 3305 622 3571 692; x_wconf 84' lang='lat' dir='ltr'><strong>parabola</strong></span> <span class='ocrx_word' id='word_1_158' title='bbox 3609 621 3669 670; x_wconf 85' lang='lat' dir='ltr'><strong>in</strong></span> 
     </span>
    </p>
   </div>
   <div class='ocr_carea' id='block_1_21' title="bbox 2088 711 3669 781">
    <p class='ocr_par' dir='ltr' id='par_1_21' title="bbox 2088 711 3669 781">
     <span class='ocr_line' id='line_1_21' title="bbox 2088 711 3669 781; baseline -0.012 -1"><span class='ocrx_word' id='word_1_159' title='bbox 2088 728 2204 780; x_wconf 85' lang='lat' dir='ltr'><strong>suis</strong></span> <span class='ocrx_word' id='word_1_160' title='bbox 2226 721 2637 780; x_wconf 88' lang='lat' dir='ltr'><strong>commentariis</strong></span> <span class='ocrx_word' id='word_1_161' title='bbox 2680 729 2765 772; x_wconf 91' lang='lat' dir='ltr'><strong>est</strong></span> <span class='ocrx_word' id='word_1_162' title='bbox 2808 718 3042 771; x_wconf 79' lang='lat' dir='ltr'><strong>locutus.</strong></span> <span class='ocrx_word' id='word_1_163' title='bbox 3078 733 3096 766; x_wconf 72' lang='grc' dir='ltr'><strong>ι</strong></span> <span class='ocrx_word' id='word_1_164' title='bbox 3135 713 3249 768; x_wconf 91' lang='lat' dir='ltr'><strong>Duo</strong></span> <span class='ocrx_word' id='word_1_165' title='bbox 3279 727 3407 781; x_wconf 89' lang='lat' dir='ltr'><strong>ergo</strong></span> <span class='ocrx_word' id='word_1_166' title='bbox 3438 711 3669 765; x_wconf 73' lang='lat' dir='ltr'><strong>navavit</strong></span> 
     </span>
    </p>
   </div>
   <div class='ocr_carea' id='block_1_22' title="bbox 2091 802 3668 885">
    <p class='ocr_par' dir='ltr' id='par_1_22' title="bbox 2091 802 3668 885">
     <span class='ocr_line' id='line_1_22' title="bbox 2091 802 3668 885; baseline -0.012 -14"><span class='ocrx_word' id='word_1_167' title='bbox 2091 814 2465 885; x_wconf 86' lang='lat' dir='ltr'><strong>The0philus:</strong></span> <span class='ocrx_word' id='word_1_168' title='bbox 2513 813 2689 881; x_wconf 89' lang='lat' dir='ltr'><strong>primo</strong></span> <span class='ocrx_word' id='word_1_169' title='bbox 2738 807 3195 878; x_wconf 87' lang='lat' dir='ltr'><strong>evangelistarnm</strong></span> <span class='ocrx_word' id='word_1_170' title='bbox 3245 804 3391 859; x_wconf 90' lang='lat' dir='ltr'><strong>dicta</strong></span> <span class='ocrx_word' id='word_1_171' title='bbox 3419 802 3668 870; x_wconf 71' lang='lat' dir='ltr'><strong>collegit,</strong></span> 
     </span>
    </p>
   </div>
   <div class='ocr_carea' id='block_1_23' title="bbox 2088 894 3673 974">
    <p class='ocr_par' dir='ltr' id='par_1_23' title="bbox 2088 894 3673 974">
     <span class='ocr_line' id='line_1_23' title="bbox 2088 894 3673 974; baseline -0.011 -12"><span class='ocrx_word' id='word_1_172' title='bbox 2088 918 2144 962; x_wconf 90' lang='lat' dir='ltr'><strong>et</strong></span> <span class='ocrx_word' id='word_1_173' title='bbox 2187 922 2308 974; x_wconf 84' lang='lat' dir='ltr'><strong>quae</strong></span> <span class='ocrx_word' id='word_1_174' title='bbox 2340 904 2540 960; x_wconf 89' lang='lat' dir='ltr'><strong>similia</strong></span> <span class='ocrx_word' id='word_1_175' title='bbox 2594 910 2751 956; x_wconf 87' lang='lat' dir='ltr'><strong>erant</strong></span> <span class='ocrx_word' id='word_1_176' title='bbox 2800 901 2874 954; x_wconf 89' lang='lat' dir='ltr'><strong>ita</strong></span> <span class='ocrx_word' id='word_1_177' title='bbox 2929 898 3233 965; x_wconf 75' lang='lat' dir='ltr'><strong>contexuit,</strong></span> <span class='ocrx_word' id='word_1_178' title='bbox 3280 894 3438 965; x_wconf 91' lang='lat' dir='ltr'><strong>quasi</strong></span> <span class='ocrx_word' id='word_1_179' title='bbox 3492 909 3673 948; x_wconf 89' lang='lat' dir='ltr'><strong>unum</strong></span> 
     </span>
    </p>
   </div>
   <div class='ocr_carea' id='block_1_24' title="bbox 2088 984 3674 1065">
    <p class='ocr_par' dir='ltr' id='par_1_24' title="bbox 2088 984 3674 1065">
     <span class='ocr_line' id='line_1_24' title="bbox 2088 984 3674 1065; baseline -0.009 -13"><span class='ocrx_word' id='word_1_180' title='bbox 2088 1008 2274 1053; x_wconf 89' lang='lat' dir='ltr'><strong>essent</strong></span> <span class='ocrx_word' id='word_1_181' title='bbox 2303 1012 2459 1065; x_wconf 92' lang='lat' dir='ltr'><strong>opus.</strong></span> <span class='ocrx_word' id='word_1_182' title='bbox 2518 995 2719 1049; x_wconf 80' lang='lat' dir='ltr'><strong>Deinde</strong></span> <span class='ocrx_word' id='word_1_183' title='bbox 2764 992 3189 1046; x_wconf 80' lang='lat' dir='ltr'><strong>commentarios</strong></span> <span class='ocrx_word' id='word_1_184' title='bbox 3235 1002 3360 1041; x_wconf 90' lang='lat' dir='ltr'><strong>suos</strong></span> <span class='ocrx_word' id='word_1_185' title='bbox 3385 984 3674 1055; x_wconf 71' lang='lat' dir='ltr'><strong>adiunxit.</strong></span> 
     </span>
    </p>
   </div>
   <div class='ocr_carea' id='block_1_25' title="bbox 2090 1077 3672 1158">
    <p class='ocr_par' dir='ltr' id='par_1_25' title="bbox 2090 1077 3672 1158">
     <span class='ocr_line' id='line_1_25' title="bbox 2090 1077 3672 1158; baseline -0.008 -15"><span class='ocrx_word' id='word_1_186' title='bbox 2090 1090 2235 1157; x_wconf 92' lang='lat' dir='ltr'><strong>Opus</strong></span> <span class='ocrx_word' id='word_1_187' title='bbox 2264 1087 2505 1158; x_wconf 82' lang='lat' dir='ltr'><strong>profecto</strong></span> <span class='ocrx_word' id='word_1_188' title='bbox 2536 1086 2691 1154; x_wconf 87' lang='lat' dir='ltr'><strong>longe</strong></span> <span class='ocrx_word' id='word_1_189' title='bbox 2726 1086 2791 1139; x_wconf 87' lang='lat' dir='ltr'><strong>ab</strong></span> <span class='ocrx_word' id='word_1_190' title='bbox 2816 1101 2880 1139; x_wconf 87' lang='lat' dir='ltr'><strong>eo</strong></span> <span class='ocrx_word' id='word_1_191' title='bbox 2904 1085 3178 1138; x_wconf 82' lang='lat' dir='ltr'><strong>diversum</strong></span> <span class='ocrx_word' id='word_1_192' title='bbox 3213 1081 3354 1150; x_wconf 84' lang='lat' dir='ltr'><strong>quod</strong></span> <span class='ocrx_word' id='word_1_193' title='bbox 3384 1077 3537 1131; x_wconf 88' lang='lat' dir='ltr'><strong>Tatia</strong></span> <span class='ocrx_word' id='word_1_194' title='bbox 3552 1092 3672 1131; x_wconf 87' lang='lat' dir='ltr'><strong>nus</strong></span> 
     </span>
    </p>
   </div>
   <div class='ocr_carea' id='block_1_26' title="bbox 2089 1170 3681 1243">
    <p class='ocr_par' dir='ltr' id='par_1_26' title="bbox 2089 1170 3681 1243">
     <span class='ocr_line' id='line_1_26' title="bbox 2089 1170 3681 1243; baseline -0.008 -11"><span class='ocrx_word' id='word_1_195' title='bbox 2089 1180 2422 1243; x_wconf 79' lang='lat' dir='ltr'><strong>elaboravit;</strong></span> <span class='ocrx_word' id='word_1_196' title='bbox 2454 1192 2555 1232; x_wconf 92' lang='lat' dir='ltr'><strong>nec</strong></span> <span class='ocrx_word' id='word_1_197' title='bbox 2581 1178 2775 1229; x_wconf 90' lang='lat' dir='ltr'><strong>merito</strong></span> <span class='ocrx_word' id='word_1_198' title='bbox 2806 1175 3110 1242; x_wconf 81' lang='lat' dir='ltr'><strong>suspicatus</strong></span> <span class='ocrx_word' id='word_1_199' title='bbox 3141 1183 3225 1227; x_wconf 85' lang='lat' dir='ltr'><strong>est</strong></span> <span class='ocrx_word' id='word_1_200' title='bbox 3268 1170 3515 1225; x_wconf 80' lang='lat' dir='ltr'><strong>Valesius</strong></span> <span class='ocrx_word' id='word_1_201' title='bbox 3546 1182 3681 1222; x_wconf 89' lang='lat' dir='ltr'><strong>me-</strong></span> 
     </span>
    </p>
   </div>
   <div class='ocr_carea' id='block_1_27' title="bbox 2091 1263 3673 1340">
    <p class='ocr_par' dir='ltr' id='par_1_27' title="bbox 2091 1263 3673 1340">
     <span class='ocr_line' id='line_1_27' title="bbox 2091 1263 3673 1340; baseline -0.008 -14"><span class='ocrx_word' id='word_1_202' title='bbox 2091 1273 2265 1326; x_wconf 83' lang='lat' dir='ltr'><strong>moria</strong></span> <span class='ocrx_word' id='word_1_203' title='bbox 2309 1271 2521 1340; x_wconf 87' lang='lat' dir='ltr'><strong>lapsum</strong></span> <span class='ocrx_word' id='word_1_204' title='bbox 2549 1283 2671 1322; x_wconf 88' lang='lat' dir='ltr'><strong>esse</strong></span> <span class='ocrx_word' id='word_1_205' title='bbox 2708 1268 3119 1337; x_wconf 90' lang='lat' dir='ltr'><strong>Hieronymum,</strong></span> <span class='ocrx_word' id='word_1_206' title='bbox 3151 1276 3205 1319; x_wconf 89' lang='lat' dir='ltr'><strong>et</strong></span> <span class='ocrx_word' id='word_1_207' title='bbox 3242 1263 3540 1332; x_wconf 83' lang='lat' dir='ltr'><strong>TheOphilu</strong></span> <span class='ocrx_word' id='word_1_208' title='bbox 3576 1271 3673 1314; x_wconf 86' lang='lat' dir='ltr'><strong>at-</strong></span> 
     </span>
    </p>
   </div>
   <div class='ocr_carea' id='block_1_28' title="bbox 2094 1354 3677 1429">
    <p class='ocr_par' dir='ltr' id='par_1_28' title="bbox 2094 1354 3677 1429">
     <span class='ocr_line' id='line_1_28' title="bbox 2094 1354 3677 1429; baseline -0.008 -14"><span class='ocrx_word' id='word_1_209' title='bbox 2094 1364 2357 1417; x_wconf 91' lang='lat' dir='ltr'><strong>tribuisse</strong></span> <span class='ocrx_word' id='word_1_210' title='bbox 2411 1376 2545 1429; x_wconf 88' lang='lat' dir='ltr'><strong>opus</strong></span> <span class='ocrx_word' id='word_1_211' title='bbox 2590 1358 2828 1411; x_wconf 87' lang='lat' dir='ltr'><strong>Tatiani.</strong></span> <span class='ocrx_word' id='word_1_212' title='bbox 2886 1356 3018 1410; x_wconf 83' lang='lat' dir='ltr'><strong>Nam</strong></span> <span class='ocrx_word' id='word_1_213' title='bbox 3067 1354 3329 1409; x_wconf 86' lang='lat' dir='ltr'><strong>Tatianus</strong></span> <span class='ocrx_word' id='word_1_214' title='bbox 3380 1366 3677 1407; x_wconf 88' lang='lat' dir='ltr'><strong>commen-</strong></span> 
     </span>
    </p>
   </div>
   <div class='ocr_carea' id='block_1_29' title="bbox 2092 1443 3669 1519">
    <p class='ocr_par' dir='ltr' id='par_1_29' title="bbox 2092 1443 3669 1519">
     <span class='ocr_line' id='line_1_29' title="bbox 2092 1443 3669 1519; baseline -0.008 -12"><span class='ocrx_word' id='word_1_215' title='bbox 2092 1455 2264 1508; x_wconf 88' lang='lat' dir='ltr'><strong>tarios</strong></span> <span class='ocrx_word' id='word_1_216' title='bbox 2356 1468 2461 1506; x_wconf 90' lang='lat' dir='ltr'><strong>non</strong></span> <span class='ocrx_word' id='word_1_217' title='bbox 2540 1449 2864 1519; x_wconf 86' lang='lat' dir='ltr'><strong>adjunxerat</strong></span> <span class='ocrx_word' id='word_1_218' title='bbox 2942 1447 3400 1516; x_wconf 88' lang='lat' dir='ltr'><strong>evangelistarum</strong></span> <span class='ocrx_word' id='word_1_219' title='bbox 3471 1443 3669 1497; x_wconf 84' lang='lat' dir='ltr'><strong>dictis.</strong></span> 
     </span>
    </p>
   </div>
   <div class='ocr_carea' id='block_1_30' title="bbox 2091 1536 3674 1611">
    <p class='ocr_par' dir='ltr' id='par_1_30' title="bbox 2091 1536 3674 1611">
     <span class='ocr_line' id='line_1_30' title="bbox 2091 1536 3674 1611; baseline -0.006 -12"><span class='ocrx_word' id='word_1_220' title='bbox 2091 1544 2292 1599; x_wconf 86' lang='lat' dir='ltr'><strong>Narrat</strong></span> <span class='ocrx_word' id='word_1_221' title='bbox 2332 1543 2459 1597; x_wconf 84' lang='lat' dir='ltr'><strong>alibi</strong></span> <span class='ocrx_word' id='word_1_222' title='bbox 2496 1542 2866 1611; x_wconf 84' lang='lat' dir='ltr'><strong>Hieronymus</strong></span> <span class='ocrx_word' id='word_1_223' title='bbox 2900 1539 3098 1609; x_wconf 84' lang='lat' dir='ltr'><strong>legisse</strong></span> <span class='ocrx_word' id='word_1_224' title='bbox 3134 1553 3193 1593; x_wconf 90' lang='lat' dir='ltr'><strong>se</strong></span> <span class='ocrx_word' id='word_1_225' title='bbox 3242 1536 3674 1593; x_wconf 89' lang='lat' dir='ltr'><strong>commentarios</strong></span> 
     </span>
    </p>
   </div>
   <div class='ocr_carea' id='block_1_31' title="bbox 2092 1632 2461 1704">
    <p class='ocr_par' dir='ltr' id='par_1_31' title="bbox 2092 1632 2461 1704">
     <span class='ocr_line' id='line_1_31' title="bbox 2092 1632 2461 1704; baseline 0.003 -15"><span class='ocrx_word' id='word_1_226' title='bbox 2092 1634 2375 1704; x_wconf 80' lang='lat' dir='ltr'><strong>Theophili</strong></span> <span class='ocrx_word' id='word_1_227' title='bbox 2396 1632 2461 1690; x_wconf 62' lang='grc'><strong>⁸⁷.</strong></span> 
     </span>
    </p>
   </div>
   <div class='ocr_carea' id='block_1_32' title="bbox 2164 1716 3671 1781">
    <p class='ocr_par' dir='ltr' id='par_1_32' title="bbox 2164 1716 3671 1781">
     <span class='ocr_line' id='line_1_32' title="bbox 2164 1716 3671 1781; baseline -0.009 -1"><span class='ocrx_word' id='word_1_228' title='bbox 2164 1727 2239 1780; x_wconf 88' lang='lat' dir='ltr'><strong>Ex</strong></span> <span class='ocrx_word' id='word_1_229' title='bbox 2276 1728 2378 1781; x_wconf 88' lang='lat' dir='ltr'><strong>hac</strong></span> <span class='ocrx_word' id='word_1_230' title='bbox 2416 1722 2803 1779; x_wconf 71' lang='lat' dir='ltr'><strong>observatione</strong></span> <span class='ocrx_word' id='word_1_231' title='bbox 2834 1720 2964 1773; x_wconf 89' lang='lat' dir='ltr'><strong>illud</strong></span> <span class='ocrx_word' id='word_1_232' title='bbox 3005 1720 3170 1777; x_wconf 87' lang='lat' dir='ltr'><strong>etiam</strong></span> <span class='ocrx_word' id='word_1_233' title='bbox 3202 1718 3543 1772; x_wconf 83' lang='lat' dir='ltr'><strong>manifestum</strong></span> <span class='ocrx_word' id='word_1_234' title='bbox 3581 1716 3671 1777; x_wconf 85' lang='lat' dir='ltr'><strong>lit,</strong></span> 
     </span>
    </p>
   </div>
   <div class='ocr_carea' id='block_1_33' title="bbox 423 1802 1997 1912">
    <p class='ocr_par' dir='ltr' id='par_1_33' title="bbox 423 1802 1992 1912">
     <span class='ocr_line' id='line_1_33' title="bbox 423 1802 1992 1912; baseline -0.01 -16"><span class='ocrx_word' id='word_1_235' title='bbox 423 1802 809 1912; x_wconf 82' lang='grc' dir='ltr'><strong>τὴν</strong></span> <span class='ocrx_word' id='word_1_236' title='bbox 837 1802 1142 1909; x_wconf 66' lang='grc' dir='ltr'>οἰκονομίαν</span> <span class='ocrx_word' id='word_1_237' title='bbox 1174 1802 1649 1907; x_wconf 41' lang='grc' dir='ltr'><strong>τῆςῆὲξηγῆσεωςί</strong></span> <span class='ocrx_word' id='word_1_238' title='bbox 1684 1802 1763 1885; x_wconf 71' lang='grc' dir='ltr'>διδ</span> <span class='ocrx_word' id='word_1_239' title='bbox 1795 1832 1863 1883; x_wconf 80' lang='grc' dir='ltr'>τὰ</span> <span class='ocrx_word' id='word_1_240' title='bbox 1886 1802 1992 1901; x_wconf 46' lang='grc' dir='ltr'>’τῆς</span> 
     </span>
    </p>
   </div>
   <div class='ocr_carea' id='block_1_34' title="bbox 2105 1802 3677 1912">
    <p class='ocr_par' dir='ltr' id='par_1_34' title="bbox 2105 1808 3677 1886">
     <span class='ocr_line' id='line_1_34' title="bbox 2105 1808 3677 1886; baseline -0.01 -13"><span class='ocrx_word' id='word_1_241' title='bbox 2105 1817 2395 1886; x_wconf 79' lang='lat' dir='ltr'><strong>Theophilo</strong></span> <span class='ocrx_word' id='word_1_242' title='bbox 2427 1828 2612 1870; x_wconf 89' lang='lat' dir='ltr'><strong>nostro</strong></span> <span class='ocrx_word' id='word_1_243' title='bbox 2643 1815 2869 1867; x_wconf 84' lang='lat' dir='ltr'><strong>attribui</strong></span> <span class='ocrx_word' id='word_1_244' title='bbox 2925 1831 3029 1866; x_wconf 89' lang='lat' dir='ltr'><strong>nun</strong></span> <span class='ocrx_word' id='word_1_245' title='bbox 3091 1826 3248 1875; x_wconf 84' lang='lat' dir='ltr'><strong>posse</strong></span> <span class='ocrx_word' id='word_1_246' title='bbox 3300 1811 3490 1863; x_wconf 87' lang='lat' dir='ltr'><strong>breves</strong></span> <span class='ocrx_word' id='word_1_247' title='bbox 3540 1808 3677 1859; x_wconf 84' lang='lat' dir='ltr'><strong>illos</strong></span> 
     </span>
    </p>
   </div>
   <div class='ocr_carea' id='block_1_35' title="bbox 426 1919 1995 2003">
    <p class='ocr_par' dir='ltr' id='par_1_35' title="bbox 426 1919 1995 2003">
     <span class='ocr_line' id='line_1_35' title="bbox 426 1919 1995 2003; baseline -0.01 -18"><span class='ocrx_word' id='word_1_248' title='bbox 426 1932 663 2003; x_wconf 77' lang='grc' dir='ltr'>ἱστορίας</span> <span class='ocrx_word' id='word_1_249' title='bbox 694 1930 912 1985; x_wconf 86' lang='grc' dir='ltr'>δύναται</span> <span class='ocrx_word' id='word_1_250' title='bbox 941 1927 1322 1998; x_wconf 79' lang='grc' dir='ltr'>ἀκριϐέστερον</span> <span class='ocrx_word' id='word_1_251' title='bbox 1340 1923 1545 1989; x_wconf 80' lang='grc' dir='ltr'>διδάξαι</span> <span class='ocrx_word' id='word_1_252' title='bbox 1577 1922 1714 1993; x_wconf 79' lang='grc' dir='ltr'>αὑτὴ</span> <span class='ocrx_word' id='word_1_253' title='bbox 1749 1924 1782 1992; x_wconf 73' lang='grc' dir='ltr'><strong>η</strong></span> <span class='ocrx_word' id='word_1_254' title='bbox 1818 1919 1995 1989; x_wconf 77' lang='grc' dir='ltr'>βίϐλος</span> 
     </span>
    </p>
   </div>
   <div class='ocr_carea' id='block_1_36' title="bbox 424 2013 1993 2097">
    <p class='ocr_par' dir='ltr' id='par_1_36' title="bbox 424 2013 1993 2097">
     <span class='ocr_line' id='line_1_36' title="bbox 424 2013 1993 2097; baseline -0.01 -18"><span class='ocrx_word' id='word_1_255' title='bbox 424 2028 543 2097; x_wconf 74' lang='grc' dir='ltr'>ἥτις</span> <span class='ocrx_word' id='word_1_256' title='bbox 576 2019 1200 2095; x_wconf 77' lang='grc' dir='ltr'>ὲπιγράφεταιΓένεσις</span> <span class='ocrx_word' id='word_1_257' title='bbox 1232 2018 1481 2087; x_wconf 81' lang='grc' dir='ltr'><strong>κόσμου.</strong></span> <span class='ocrx_word' id='word_1_258' title='bbox 1512 2034 1531 2067; x_wconf 75' lang='grc' dir='ltr'><strong>ι</strong></span> <span class='ocrx_word' id='word_1_259' title='bbox 1569 2015 1647 2070; x_wconf 85' lang='lat' dir='ltr'><strong>Ac</strong></span> <span class='ocrx_word' id='word_1_260' title='bbox 1670 2030 1731 2067; x_wconf 86' lang='lat' dir='ltr'><strong>ea</strong></span> <span class='ocrx_word' id='word_1_261' title='bbox 1754 2013 1993 2081; x_wconf 90' lang='lat' dir='ltr'><strong>quidem,</strong></span> 
     </span>
    </p>
   </div>
   <div class='ocr_carea' id='block_1_37' title="bbox 426 2104 1988 2187">
    <p class='ocr_par' dir='ltr' id='par_1_37' title="bbox 426 2104 1988 2187">
     <span class='ocr_line' id='line_1_37' title="bbox 426 2104 1988 2187; baseline -0.01 -16"><span class='ocrx_word' id='word_1_262' title='bbox 426 2133 546 2187; x_wconf 64' lang='lat' dir='ltr'><strong>qua:</strong></span> <span class='ocrx_word' id='word_1_263' title='bbox 576 2118 643 2171; x_wconf 91' lang='lat' dir='ltr'><strong>ad</strong></span> <span class='ocrx_word' id='word_1_264' title='bbox 677 2117 794 2171; x_wconf 91' lang='lat' dir='ltr'><strong>illos</strong></span> <span class='ocrx_word' id='word_1_265' title='bbox 832 2123 1083 2184; x_wconf 88' lang='lat' dir='ltr'><strong>spectant</strong></span> <span class='ocrx_word' id='word_1_266' title='bbox 1110 2110 1353 2183; x_wconf 83' lang='lat' dir='ltr'><strong>(Abelem</strong></span> <span class='ocrx_word' id='word_1_267' title='bbox 1393 2118 1449 2163; x_wconf 92' lang='lat' dir='ltr'><strong>et</strong></span> <span class='ocrx_word' id='word_1_268' title='bbox 1483 2107 1643 2176; x_wconf 85' lang='lat' dir='ltr'><strong>Cain)</strong></span> <span class='ocrx_word' id='word_1_269' title='bbox 1698 2104 1988 2173; x_wconf 90' lang='lat' dir='ltr'><strong>plurimam</strong></span> 
     </span>
    </p>
   </div>
   <div class='ocr_carea' id='block_1_38' title="bbox 428 2195 1991 2268">
    <p class='ocr_par' dir='ltr' id='par_1_38' title="bbox 428 2195 1991 2268">
     <span class='ocr_line' id='line_1_38' title="bbox 428 2195 1991 2268; baseline -0.01 -7"><span class='ocrx_word' id='word_1_270' title='bbox 428 2209 628 2261; x_wconf 86' lang='lat' dir='ltr'><strong>habent</strong></span> <span class='ocrx_word' id='word_1_271' title='bbox 684 2207 992 2268; x_wconf 85' lang='lat' dir='ltr'><strong>historiam,</strong></span> <span class='ocrx_word' id='word_1_272' title='bbox 1053 2204 1163 2257; x_wconf 91' lang='lat' dir='ltr'><strong>imo</strong></span> <span class='ocrx_word' id='word_1_273' title='bbox 1217 2198 1549 2256; x_wconf 87' lang='lat' dir='ltr'><strong>narrationis</strong></span> <span class='ocrx_word' id='word_1_274' title='bbox 1589 2195 1991 2252; x_wconf 78' lang='lat' dir='ltr'><strong>(economiam:</strong></span> 
     </span>
    </p>
   </div>
   <div class='ocr_carea' id='block_1_39' title="bbox 428 2285 1996 2365">
    <p class='ocr_par' dir='ltr' id='par_1_39' title="bbox 428 2285 1996 2365">
     <span class='ocr_line' id='line_1_39' title="bbox 428 2285 1996 2365; baseline -0.008 -15"><span class='ocrx_word' id='word_1_275' title='bbox 428 2310 598 2365; x_wconf 89' lang='lat' dir='ltr'><strong>quare</strong></span> <span class='ocrx_word' id='word_1_276' title='bbox 646 2294 886 2349; x_wconf 88' lang='lat' dir='ltr'><strong>discendi</strong></span> <span class='ocrx_word' id='word_1_277' title='bbox 946 2294 1172 2363; x_wconf 88' lang='lat' dir='ltr'><strong>cupidos</strong></span> <span class='ocrx_word' id='word_1_278' title='bbox 1221 2290 1535 2345; x_wconf 85' lang='lat' dir='ltr'><strong>accuratius</strong></span> <span class='ocrx_word' id='word_1_279' title='bbox 1580 2294 1758 2357; x_wconf 89' lang='lat' dir='ltr'><strong>potest</strong></span> <span class='ocrx_word' id='word_1_280' title='bbox 1801 2285 1867 2340; x_wconf 90' lang='lat' dir='ltr'><strong>de</strong></span> <span class='ocrx_word' id='word_1_281' title='bbox 1893 2286 1996 2339; x_wconf 89' lang='lat' dir='ltr'><strong>hac</strong></span> 
     </span>
    </p>
   </div>
   <div class='ocr_carea' id='block_1_40' title="bbox 428 2376 1992 2453">
    <p class='ocr_par' dir='ltr' id='par_1_40' title="bbox 428 2376 1992 2453">
     <span class='ocr_line' id='line_1_40' title="bbox 428 2376 1992 2453; baseline -0.01 -12"><span class='ocrx_word' id='word_1_282' title='bbox 428 2387 657 2441; x_wconf 75' lang='lat' dir='ltr'><strong>historia</strong></span> <span class='ocrx_word' id='word_1_283' title='bbox 689 2387 824 2440; x_wconf 88' lang='lat' dir='ltr'><strong>liber</strong></span> <span class='ocrx_word' id='word_1_284' title='bbox 861 2386 996 2453; x_wconf 90' lang='lat' dir='ltr'><strong>ipse,</strong></span> <span class='ocrx_word' id='word_1_285' title='bbox 1022 2383 1112 2451; x_wconf 91' lang='lat' dir='ltr'><strong>qui</strong></span> <span class='ocrx_word' id='word_1_286' title='bbox 1154 2379 1364 2435; x_wconf 87' lang='lat' dir='ltr'><strong>Genesis</strong></span> <span class='ocrx_word' id='word_1_287' title='bbox 1419 2378 1605 2433; x_wconf 86' lang='lat' dir='ltr'><strong>mundi</strong></span> <span class='ocrx_word' id='word_1_288' title='bbox 1655 2376 1992 2438; x_wconf 90' lang='lat' dir='ltr'><strong>inscribitur,</strong></span> 
     </span>
    </p>
   </div>
   <div class='ocr_carea' id='block_1_41' title="bbox 430 2468 1996 2546">
    <p class='ocr_par' dir='ltr' id='par_1_41' title="bbox 430 2468 1996 2546">
     <span class='ocr_line' id='line_1_41' title="bbox 430 2468 1996 2546; baseline -0.008 -12"><span class='ocrx_word' id='word_1_289' title='bbox 430 2480 686 2535; x_wconf 91' lang='lat' dir='ltr'><strong>edocere.</strong></span> <span class='ocrx_word' id='word_1_290' title='bbox 725 2498 744 2529; x_wconf 75' lang='grc' dir='ltr'><strong>ι</strong></span> <span class='ocrx_word' id='word_1_291' title='bbox 782 2477 1007 2532; x_wconf 74' lang='lat' dir='ltr'><strong>Videtur</strong></span> <span class='ocrx_word' id='word_1_292' title='bbox 1042 2478 1218 2546; x_wconf 87' lang='lat' dir='ltr'><strong>prima</strong></span> <span class='ocrx_word' id='word_1_293' title='bbox 1251 2475 1431 2545; x_wconf 87' lang='lat' dir='ltr'><strong>specie</strong></span> <span class='ocrx_word' id='word_1_294' title='bbox 1481 2473 1571 2526; x_wconf 88' lang='lat' dir='ltr'><strong>hic</strong></span> <span class='ocrx_word' id='word_1_295' title='bbox 1619 2470 1849 2525; x_wconf 90' lang='lat' dir='ltr'><strong>indicari</strong></span> <span class='ocrx_word' id='word_1_296' title='bbox 1884 2468 1996 2537; x_wconf 92' lang='lat' dir='ltr'><strong>pri-</strong></span> 
     </span>
    </p>
   </div>
   <div class='ocr_carea' id='block_1_42' title="bbox 428 2562 1993 2636">
    <p class='ocr_par' dir='ltr' id='par_1_42' title="bbox 428 2562 1993 2636">
     <span class='ocr_line' id='line_1_42' title="bbox 428 2562 1993 2636; baseline -0.007 -12"><span class='ocrx_word' id='word_1_297' title='bbox 428 2588 550 2624; x_wconf 88' lang='lat' dir='ltr'><strong>mus</strong></span> <span class='ocrx_word' id='word_1_298' title='bbox 607 2570 953 2624; x_wconf 86' lang='lat' dir='ltr'><strong>Pentateuchi</strong></span> <span class='ocrx_word' id='word_1_299' title='bbox 1012 2569 1186 2633; x_wconf 90' lang='lat' dir='ltr'><strong>liber,</strong></span> <span class='ocrx_word' id='word_1_300' title='bbox 1237 2582 1398 2636; x_wconf 90' lang='lat' dir='ltr'><strong>quem</strong></span> <span class='ocrx_word' id='word_1_301' title='bbox 1463 2564 1712 2619; x_wconf 90' lang='lat' dir='ltr'><strong>eruditus</strong></span> <span class='ocrx_word' id='word_1_302' title='bbox 1761 2562 1993 2618; x_wconf 84' lang='lat' dir='ltr'><strong>Wolﬁus</strong></span> 
     </span>
    </p>
   </div>
   <div class='ocr_carea' id='block_1_43' title="bbox 429 2653 1993 2729">
    <p class='ocr_par' dir='ltr' id='par_1_43' title="bbox 429 2653 1993 2729">
     <span class='ocr_line' id='line_1_43' title="bbox 429 2653 1993 2729; baseline -0.008 -12"><span class='ocrx_word' id='word_1_303' title='bbox 429 2662 683 2719; x_wconf 85' lang='lat' dir='ltr'><strong>Genesim</strong></span> <span class='ocrx_word' id='word_1_304' title='bbox 723 2662 906 2716; x_wconf 89' lang='lat' dir='ltr'><strong>mundi</strong></span> <span class='ocrx_word' id='word_1_305' title='bbox 942 2663 1196 2715; x_wconf 83' lang='lat' dir='ltr'><strong>observat</strong></span> <span class='ocrx_word' id='word_1_306' title='bbox 1229 2658 1491 2729; x_wconf 89' lang='lat' dir='ltr'><strong>appellari</strong></span> <span class='ocrx_word' id='word_1_307' title='bbox 1528 2658 1582 2711; x_wconf 92' lang='lat' dir='ltr'><strong>in</strong></span> <span class='ocrx_word' id='word_1_308' title='bbox 1618 2670 1721 2710; x_wconf 88' lang='lat' dir='ltr'><strong>ms.</strong></span> <span class='ocrx_word' id='word_1_309' title='bbox 1752 2653 1993 2707; x_wconf 80' lang='lat' dir='ltr'><strong>Alexan-</strong></span> 
     </span>
    </p>
   </div>
   <div class='ocr_carea' id='block_1_44' title="bbox 430 2743 1991 2822">
    <p class='ocr_par' dir='ltr' id='par_1_44' title="bbox 430 2743 1991 2822">
     <span class='ocr_line' id='line_1_44' title="bbox 430 2743 1991 2822; baseline -0.007 -15"><span class='ocrx_word' id='word_1_310' title='bbox 430 2754 591 2808; x_wconf 93' lang='lat' dir='ltr'><strong>drino</strong></span> <span class='ocrx_word' id='word_1_311' title='bbox 618 2763 671 2808; x_wconf 91' lang='lat' dir='ltr'><strong>et</strong></span> <span class='ocrx_word' id='word_1_312' title='bbox 700 2754 840 2821; x_wconf 89' lang='lat' dir='ltr'><strong>apud</strong></span> <span class='ocrx_word' id='word_1_313' title='bbox 873 2752 1231 2822; x_wconf 82' lang='lat' dir='ltr'><strong>Epipltanium</strong></span> <span class='ocrx_word' id='word_1_314' title='bbox 1284 2751 1337 2805; x_wconf 89' lang='lat' dir='ltr'><strong>in</strong></span> <span class='ocrx_word' id='word_1_315' title='bbox 1369 2749 1507 2803; x_wconf 85' lang='lat' dir='ltr'><strong>libro</strong></span> <span class='ocrx_word' id='word_1_316' title='bbox 1543 2747 1620 2801; x_wconf 86' lang='lat' dir='ltr'><strong>De</strong></span> <span class='ocrx_word' id='word_1_317' title='bbox 1666 2743 1991 2816; x_wconf 79' lang='lat' dir='ltr'><strong>ponderibus</strong></span> 
     </span>
    </p>
   </div>
   <div class='ocr_carea' id='block_1_45' title="bbox 428 2836 1994 2910">
    <p class='ocr_par' dir='ltr' id='par_1_45' title="bbox 428 2836 1994 2910">
     <span class='ocr_line' id='line_1_45' title="bbox 428 2836 1994 2910; baseline -0.008 -11"><span class='ocrx_word' id='word_1_318' title='bbox 428 2854 478 2899; x_wconf 82' lang='lat' dir='ltr'><strong>et</strong></span> <span class='ocrx_word' id='word_1_319' title='bbox 511 2846 789 2899; x_wconf 78' lang='lat' dir='ltr'><strong>mensuris.</strong></span> <span class='ocrx_word' id='word_1_320' title='bbox 823 2844 915 2899; x_wconf 72' lang='lat' dir='ltr'><strong>Hae</strong></span> <span class='ocrx_word' id='word_1_321' title='bbox 944 2859 1126 2909; x_wconf 91' lang='lat' dir='ltr'><strong>voces,</strong></span> <span class='ocrx_word' id='word_1_322' title='bbox 1177 2842 1308 2896; x_wconf 84' lang='lat' dir='ltr'><strong>liber</strong></span> <span class='ocrx_word' id='word_1_323' title='bbox 1351 2842 1482 2910; x_wconf 87' lang='lat' dir='ltr'><strong>ipse,</strong></span> <span class='ocrx_word' id='word_1_324' title='bbox 1514 2840 1686 2908; x_wconf 86' lang='lat' dir='ltr'><strong>ipsam</strong></span> <span class='ocrx_word' id='word_1_325' title='bbox 1734 2836 1994 2891; x_wconf 90' lang='lat' dir='ltr'><strong>Genesim</strong></span> 
     </span>
    </p>
   </div>
   <div class='ocr_carea' id='block_1_46' title="bbox 432 2928 1998 3005">
    <p class='ocr_par' dir='ltr' id='par_1_46' title="bbox 432 2928 1998 3005">
     <span class='ocr_line' id='line_1_46' title="bbox 432 2928 1998 3005; baseline -0.008 -16"><span class='ocrx_word' id='word_1_326' title='bbox 432 2944 560 3005; x_wconf 84' lang='lat' dir='ltr'><strong>apte</strong></span> <span class='ocrx_word' id='word_1_327' title='bbox 594 2936 903 3005; x_wconf 87' lang='lat' dir='ltr'><strong>designant,</strong></span> <span class='ocrx_word' id='word_1_328' title='bbox 941 2943 1001 2988; x_wconf 93' lang='lat' dir='ltr'><strong>ut</strong></span> <span class='ocrx_word' id='word_1_329' title='bbox 1030 2934 1231 2988; x_wconf 82' lang='lat' dir='ltr'><strong>fontem</strong></span> <span class='ocrx_word' id='word_1_330' title='bbox 1275 2946 1342 2986; x_wconf 83' lang='lat' dir='ltr'><strong>ex</strong></span> <span class='ocrx_word' id='word_1_331' title='bbox 1372 2945 1481 3000; x_wconf 91' lang='lat' dir='ltr'><strong>quo</strong></span> <span class='ocrx_word' id='word_1_332' title='bbox 1502 2930 1680 2985; x_wconf 91' lang='lat' dir='ltr'><strong>omnis</strong></span> <span class='ocrx_word' id='word_1_333' title='bbox 1711 2928 1887 2982; x_wconf 90' lang='lat' dir='ltr'><strong>dehis</strong></span> <span class='ocrx_word' id='word_1_334' title='bbox 1911 2939 1998 2978; x_wconf 88' lang='lat' dir='ltr'><strong>re-</strong></span> 
     </span>
    </p>
   </div>
   <div class='ocr_carea' id='block_1_47' title="bbox 438 3017 1997 3094">
    <p class='ocr_par' dir='ltr' id='par_1_47' title="bbox 438 3017 1997 3094">
     <span class='ocr_line' id='line_1_47' title="bbox 438 3017 1997 3094; baseline -0.008 -16"><span class='ocrx_word' id='word_1_335' title='bbox 438 3026 539 3080; x_wconf 88' lang='lat' dir='ltr'><strong>bus</strong></span> <span class='ocrx_word' id='word_1_336' title='bbox 566 3026 860 3094; x_wconf 88' lang='lat' dir='ltr'><strong>disputatio</strong></span> <span class='ocrx_word' id='word_1_337' title='bbox 897 3026 1208 3079; x_wconf 89' lang='lat' dir='ltr'><strong>deducitur.</strong></span> <span class='ocrx_word' id='word_1_338' title='bbox 1261 3020 1367 3076; x_wconf 87' lang='lat' dir='ltr'><strong>Sed</strong></span> <span class='ocrx_word' id='word_1_339' title='bbox 1410 3029 1588 3074; x_wconf 91' lang='lat' dir='ltr'><strong>tamen</strong></span> <span class='ocrx_word' id='word_1_340' title='bbox 1620 3033 1743 3072; x_wconf 91' lang='lat' dir='ltr'><strong>cum</strong></span> <span class='ocrx_word' id='word_1_341' title='bbox 1785 3017 1997 3085; x_wconf 89' lang='lat' dir='ltr'><strong>primus</strong></span> 
     </span>
    </p>
   </div>
   <div class='ocr_carea' id='block_1_48' title="bbox 433 3110 2065 3209">
    <p class='ocr_par' dir='ltr' id='par_1_48' title="bbox 433 3110 2065 3209">
     <span class='ocr_line' id='line_1_48' title="bbox 433 3110 2065 3209; baseline -0.009 -36"><span class='ocrx_word' id='word_1_342' title='bbox 433 3118 787 3176; x_wconf 89' lang='lat' dir='ltr'><strong>Pentateuchi</strong></span> <span class='ocrx_word' id='word_1_343' title='bbox 815 3116 952 3170; x_wconf 87' lang='lat' dir='ltr'><strong>liber</strong></span> <span class='ocrx_word' id='word_1_344' title='bbox 980 3131 1085 3169; x_wconf 91' lang='lat' dir='ltr'><strong>non</strong></span> <span class='ocrx_word' id='word_1_345' title='bbox 1114 3113 1286 3169; x_wconf 88' lang='lat' dir='ltr'><strong>soleat</strong></span> <span class='ocrx_word' id='word_1_346' title='bbox 1317 3112 1565 3178; x_wconf 88' lang='lat' dir='ltr'><strong>inscribi,</strong></span> <span class='ocrx_word' id='word_1_347' title='bbox 1599 3110 1813 3165; x_wconf 77' lang='lat' dir='ltr'><strong>Genesis</strong></span> <span class='ocrx_word' id='word_1_348' title='bbox 1853 3123 1999 3160; x_wconf 81' lang='lat' dir='ltr'><strong>mun-</strong></span> <span class='ocrx_word' id='word_1_349' title='bbox 2024 3151 2065 3209; x_wconf 75' lang='lat' dir='ltr'><strong>C</strong></span> 
     </span>
    </p>
   </div>
   <div class='ocr_carea' id='block_1_49' title="bbox 431 3200 1995 3278">
    <p class='ocr_par' dir='ltr' id='par_1_49' title="bbox 431 3200 1995 3278">
     <span class='ocr_line' id='line_1_49' title="bbox 431 3200 1995 3278; baseline -0.01 -11"><span class='ocrx_word' id='word_1_350' title='bbox 431 3212 509 3278; x_wconf 81' lang='lat' dir='ltr'><strong>di,</strong></span> <span class='ocrx_word' id='word_1_351' title='bbox 538 3213 631 3266; x_wconf 90' lang='lat' dir='ltr'><strong>sed</strong></span> <span class='ocrx_word' id='word_1_352' title='bbox 663 3217 869 3262; x_wconf 90' lang='lat' dir='ltr'><strong>tantmn</strong></span> <span class='ocrx_word' id='word_1_353' title='bbox 901 3204 1138 3271; x_wconf 83' lang='lat' dir='ltr'><strong>Genesis,</strong></span> <span class='ocrx_word' id='word_1_354' title='bbox 1180 3204 1316 3258; x_wconf 89' lang='lat' dir='ltr'><strong>nihil</strong></span> <span class='ocrx_word' id='word_1_355' title='bbox 1347 3201 1671 3273; x_wconf 88' lang='lat' dir='ltr'><strong>prohibebat</strong></span> <span class='ocrx_word' id='word_1_356' title='bbox 1714 3200 1995 3267; x_wconf 90' lang='lat' dir='ltr'><strong>Theophi-</strong></span> 
     </span>
    </p>
   </div>
   <div class='ocr_carea' id='block_1_50' title="bbox 434 3288 1997 3370">
    <p class='ocr_par' dir='ltr' id='par_1_50' title="bbox 434 3288 1997 3370">
     <span class='ocr_line' id='line_1_50' title="bbox 434 3288 1997 3370; baseline -0.011 -13"><span class='ocrx_word' id='word_1_357' title='bbox 434 3304 543 3357; x_wconf 92' lang='lat' dir='ltr'><strong>lum</strong></span> <span class='ocrx_word' id='word_1_358' title='bbox 608 3299 899 3370; x_wconf 83' lang='lat' dir='ltr'><strong>quominus</strong></span> <span class='ocrx_word' id='word_1_359' title='bbox 959 3312 1096 3363; x_wconf 92' lang='lat' dir='ltr'><strong>opus</strong></span> <span class='ocrx_word' id='word_1_360' title='bbox 1151 3309 1310 3350; x_wconf 87' lang='lat' dir='ltr'><strong>suum</strong></span> <span class='ocrx_word' id='word_1_361' title='bbox 1371 3293 1701 3348; x_wconf 88' lang='lat' dir='ltr'><strong>inscriberet</strong></span> <span class='ocrx_word' id='word_1_362' title='bbox 1754 3288 1997 3343; x_wconf 81' lang='lat' dir='ltr'><strong>Genesim</strong></span> 
     </span>
    </p>
   </div>
   <div class='ocr_carea' id='block_1_51' title="bbox 432 3383 1999 3459">
    <p class='ocr_par' dir='ltr' id='par_1_51' title="bbox 432 3383 1999 3459">
     <span class='ocr_line' id='line_1_51' title="bbox 432 3383 1999 3459; baseline -0.009 -12"><span class='ocrx_word' id='word_1_363' title='bbox 432 3394 657 3459; x_wconf 88' lang='lat' dir='ltr'><strong>mundi;</strong></span> <span class='ocrx_word' id='word_1_364' title='bbox 680 3401 736 3447; x_wconf 89' lang='lat' dir='ltr'><strong>et</strong></span> <span class='ocrx_word' id='word_1_365' title='bbox 766 3407 888 3445; x_wconf 92' lang='lat' dir='ltr'><strong>cum</strong></span> <span class='ocrx_word' id='word_1_366' title='bbox 926 3388 1086 3458; x_wconf 90' lang='lat' dir='ltr'><strong>paulo</strong></span> <span class='ocrx_word' id='word_1_367' title='bbox 1114 3399 1239 3441; x_wconf 87' lang='lat' dir='ltr'><strong>ante</strong></span> <span class='ocrx_word' id='word_1_368' title='bbox 1264 3386 1495 3441; x_wconf 83' lang='lat' dir='ltr'><strong>dixisset</strong></span> <span class='ocrx_word' id='word_1_369' title='bbox 1524 3400 1585 3439; x_wconf 85' lang='lat' dir='ltr'><strong>se</strong></span> <span class='ocrx_word' id='word_1_370' title='bbox 1616 3384 1671 3437; x_wconf 91' lang='lat' dir='ltr'><strong>in</strong></span> <span class='ocrx_word' id='word_1_371' title='bbox 1692 3383 1799 3436; x_wconf 91' lang='lat' dir='ltr'><strong>alio</strong></span> <span class='ocrx_word' id='word_1_372' title='bbox 1831 3395 1999 3450; x_wconf 90' lang='lat' dir='ltr'><strong>opere</strong></span> 
     </span>
    </p>
   </div>
   <div class='ocr_carea' id='block_1_52' title="bbox 434 3475 1998 3555">
    <p class='ocr_par' dir='ltr' id='par_1_52' title="bbox 434 3475 1998 3555">
     <span class='ocr_line' id='line_1_52' title="bbox 434 3475 1998 3555; baseline -0.008 -18"><span class='ocrx_word' id='word_1_373' title='bbox 434 3485 612 3555; x_wconf 76' lang='lat' dir='ltr'><strong>egisse</strong></span> <span class='ocrx_word' id='word_1_374' title='bbox 636 3489 701 3538; x_wconf 91' lang='lat' dir='ltr'><strong>de</strong></span> <span class='ocrx_word' id='word_1_375' title='bbox 724 3483 985 3545; x_wconf 68' lang='lat' dir='ltr'><strong>dwmone,</strong></span> <span class='ocrx_word' id='word_1_376' title='bbox 1009 3479 1100 3546; x_wconf 91' lang='lat' dir='ltr'><strong>qui</strong></span> <span class='ocrx_word' id='word_1_377' title='bbox 1123 3478 1295 3531; x_wconf 90' lang='lat' dir='ltr'><strong>Adam</strong></span> <span class='ocrx_word' id='word_1_378' title='bbox 1323 3484 1377 3531; x_wconf 93' lang='lat' dir='ltr'><strong>et</strong></span> <span class='ocrx_word' id='word_1_379' title='bbox 1402 3476 1565 3530; x_wconf 87' lang='lat' dir='ltr'><strong>Evam</strong></span> <span class='ocrx_word' id='word_1_380' title='bbox 1594 3475 1847 3535; x_wconf 84' lang='lat' dir='ltr'><strong>tentavit,</strong></span> <span class='ocrx_word' id='word_1_381' title='bbox 1872 3486 1998 3525; x_wconf 79' lang='lat' dir='ltr'><strong>mox</strong></span> 
     </span>
    </p>
   </div>
   <div class='ocr_carea' id='block_1_53' title="bbox 438 3565 1995 3642">
    <p class='ocr_par' dir='ltr' id='par_1_53' title="bbox 438 3565 1995 3642">
     <span class='ocr_line' id='line_1_53' title="bbox 438 3565 1995 3642; baseline -0.008 -11"><span class='ocrx_word' id='word_1_382' title='bbox 438 3576 679 3631; x_wconf 87' lang='lat' dir='ltr'><strong>discendi</strong></span> <span class='ocrx_word' id='word_1_383' title='bbox 699 3574 927 3642; x_wconf 86' lang='lat' dir='ltr'><strong>cupidos</strong></span> <span class='ocrx_word' id='word_1_384' title='bbox 954 3570 1021 3623; x_wconf 90' lang='lat' dir='ltr'><strong>ad</strong></span> <span class='ocrx_word' id='word_1_385' title='bbox 1049 3571 1224 3639; x_wconf 87' lang='lat' dir='ltr'><strong>ipsum</strong></span> <span class='ocrx_word' id='word_1_386' title='bbox 1259 3568 1458 3623; x_wconf 89' lang='lat' dir='ltr'><strong>librum</strong></span> <span class='ocrx_word' id='word_1_387' title='bbox 1485 3568 1761 3621; x_wconf 87' lang='lat' dir='ltr'><strong>dimittere</strong></span> <span class='ocrx_word' id='word_1_388' title='bbox 1795 3565 1995 3633; x_wconf 89' lang='lat' dir='ltr'><strong>potuit.</strong></span> 
     </span>
    </p>
   </div>
   <div class='ocr_carea' id='block_1_54' title="bbox 437 3657 1996 3736">
    <p class='ocr_par' dir='ltr' id='par_1_54' title="bbox 437 3657 1996 3736">
     <span class='ocr_line' id='line_1_54' title="bbox 437 3657 1996 3736; baseline -0.009 -13"><span class='ocrx_word' id='word_1_389' title='bbox 437 3668 543 3723; x_wconf 86' lang='lat' dir='ltr'><strong>Sed</strong></span> <span class='ocrx_word' id='word_1_390' title='bbox 562 3665 704 3736; x_wconf 90' lang='lat' dir='ltr'><strong>quod</strong></span> <span class='ocrx_word' id='word_1_391' title='bbox 733 3665 861 3718; x_wconf 92' lang='lat' dir='ltr'><strong>mihi</strong></span> <span class='ocrx_word' id='word_1_392' title='bbox 892 3662 1270 3717; x_wconf 86' lang='lat' dir='ltr'><strong>necessitatem</strong></span> <span class='ocrx_word' id='word_1_393' title='bbox 1295 3660 1524 3729; x_wconf 88' lang='lat' dir='ltr'><strong>imponit</strong></span> <span class='ocrx_word' id='word_1_394' title='bbox 1545 3658 1701 3726; x_wconf 87' lang='lat' dir='ltr'><strong>hujus</strong></span> <span class='ocrx_word' id='word_1_395' title='bbox 1733 3658 1880 3722; x_wconf 68' lang='lat' dir='ltr'><strong>libri,</strong></span> <span class='ocrx_word' id='word_1_396' title='bbox 1905 3657 1996 3726; x_wconf 87' lang='lat' dir='ltr'><strong>qui</strong></span> 
     </span>
    </p>
   </div>
   <div class='ocr_carea' id='block_1_55' title="bbox 439 3744 1999 3818">
    <p class='ocr_par' dir='ltr' id='par_1_55' title="bbox 439 3744 1999 3818">
     <span class='ocr_line' id='line_1_55' title="bbox 439 3744 1999 3818; baseline -0.007 -6"><span class='ocrx_word' id='word_1_397' title='bbox 439 3758 849 3812; x_wconf 87' lang='lat' dir='ltr'><strong>inscribebatur</strong></span> <span class='ocrx_word' id='word_1_398' title='bbox 914 3752 1131 3807; x_wconf 79' lang='lat' dir='ltr'><strong>Genesis</strong></span> <span class='ocrx_word' id='word_1_399' title='bbox 1188 3750 1405 3814; x_wconf 82' lang='lat' dir='ltr'><strong>mundi,</strong></span> <span class='ocrx_word' id='word_1_400' title='bbox 1475 3744 1783 3818; x_wconf 58' lang='lat' dir='ltr'><strong>Theophilo&#39;</strong></span> <span class='ocrx_word' id='word_1_401' title='bbox 1834 3750 1999 3802; x_wconf 90' lang='lat' dir='ltr'><strong>attri-</strong></span> 
     </span>
    </p>
   </div>
   <div class='ocr_carea' id='block_1_56' title="bbox 438 3842 1997 3913">
    <p class='ocr_par' dir='ltr' id='par_1_56' title="bbox 438 3842 1997 3913">
     <span class='ocr_line' id='line_1_56' title="bbox 438 3842 1997 3913; baseline -0.008 -7"><span class='ocrx_word' id='word_1_402' title='bbox 438 3851 673 3913; x_wconf 88' lang='lat' dir='ltr'><strong>buendi;</strong></span> <span class='ocrx_word' id='word_1_403' title='bbox 716 3863 837 3902; x_wconf 88' lang='lat' dir='ltr'><strong>cum</strong></span> <span class='ocrx_word' id='word_1_404' title='bbox 895 3844 1227 3913; x_wconf 85' lang='lat' dir='ltr'><strong>Theophilus</strong></span> <span class='ocrx_word' id='word_1_405' title='bbox 1285 3844 1453 3906; x_wconf 91' lang='lat' dir='ltr'><strong>dicat,</strong></span> <span class='ocrx_word' id='word_1_406' title='bbox 1512 3858 1565 3895; x_wconf 91' lang='lat' dir='ltr'><strong>n.</strong></span> <span class='ocrx_word' id='word_1_407' title='bbox 1601 3842 1695 3905; x_wconf 79' lang='grc'>50,</span> <span class='ocrx_word' id='word_1_408' title='bbox 1722 3857 1751 3895; x_wconf 92' lang='lat' dir='ltr'><strong>a</strong></span> <span class='ocrx_word' id='word_1_409' title='bbox 1792 3857 1851 3895; x_wconf 90' lang='lat' dir='ltr'><strong>se</strong></span> <span class='ocrx_word' id='word_1_410' title='bbox 1881 3842 1997 3910; x_wconf 85' lang='lat' dir='ltr'><strong>jam</strong></span> 
     </span>
    </p>
   </div>
   <div class='ocr_carea' id='block_1_57' title="bbox 437 3934 1996 4004">
    <p class='ocr_par' dir='ltr' id='par_1_57' title="bbox 437 3934 1996 4004">
     <span class='ocr_line' id='line_1_57' title="bbox 437 3934 1996 4004; baseline -0.009 -6"><span class='ocrx_word' id='word_1_411' title='bbox 437 3945 666 3998; x_wconf 90' lang='lat' dir='ltr'><strong>citatum</strong></span> <span class='ocrx_word' id='word_1_412' title='bbox 694 3939 860 3992; x_wconf 90' lang='lat' dir='ltr'><strong>fuisse</strong></span> <span class='ocrx_word' id='word_1_413' title='bbox 882 3936 1078 3991; x_wconf 92' lang='lat' dir='ltr'><strong>librum</strong></span> <span class='ocrx_word' id='word_1_414' title='bbox 1107 3936 1159 3989; x_wconf 92' lang='lat' dir='ltr'><strong>in</strong></span> <span class='ocrx_word' id='word_1_415' title='bbox 1186 3950 1293 4003; x_wconf 90' lang='lat' dir='ltr'><strong>quo</strong></span> <span class='ocrx_word' id='word_1_416' title='bbox 1319 3935 1385 3988; x_wconf 91' lang='lat' dir='ltr'><strong>de</strong></span> <span class='ocrx_word' id='word_1_417' title='bbox 1407 3934 1739 4004; x_wconf 85' lang='lat' dir='ltr'><strong>genealogiis</strong></span> <span class='ocrx_word' id='word_1_418' title='bbox 1766 3936 1996 4002; x_wconf 80' lang='lat' dir='ltr'><strong>agebat;</strong></span> 
     </span>
    </p>
   </div>
   <div class='ocr_carea' id='block_1_58' title="bbox 440 4025 2001 4094">
    <p class='ocr_par' dir='ltr' id='par_1_58' title="bbox 440 4025 2001 4094">
     <span class='ocr_line' id='line_1_58' title="bbox 440 4025 2001 4094; baseline -0.009 -4"><span class='ocrx_word' id='word_1_419' title='bbox 440 4035 619 4090; x_wconf 89' lang='lat' dir='ltr'><strong>nullus</strong></span> <span class='ocrx_word' id='word_1_420' title='bbox 650 4032 791 4086; x_wconf 88' lang='lat' dir='ltr'><strong>alius</strong></span> <span class='ocrx_word' id='word_1_421' title='bbox 818 4029 1059 4085; x_wconf 89' lang='lat' dir='ltr'><strong>occurrit</strong></span> <span class='ocrx_word' id='word_1_422' title='bbox 1113 4028 1289 4091; x_wconf 90' lang='lat' dir='ltr'><strong>locus,</strong></span> <span class='ocrx_word' id='word_1_423' title='bbox 1334 4026 1389 4080; x_wconf 89' lang='lat' dir='ltr'><strong>itt</strong></span> <span class='ocrx_word' id='word_1_424' title='bbox 1421 4039 1533 4094; x_wconf 91' lang='lat' dir='ltr'><strong>quo</strong></span> <span class='ocrx_word' id='word_1_425' title='bbox 1564 4026 1671 4079; x_wconf 91' lang='lat' dir='ltr'><strong>hoc</strong></span> <span class='ocrx_word' id='word_1_426' title='bbox 1702 4040 1838 4093; x_wconf 92' lang='lat' dir='ltr'><strong>opus</strong></span> <span class='ocrx_word' id='word_1_427' title='bbox 1867 4025 2001 4077; x_wconf 87' lang='lat' dir='ltr'><strong>citet</strong></span> 
     </span>
    </p>
   </div>
   <div class='ocr_carea' id='block_1_59' title="bbox 440 4115 2002 4196">
    <p class='ocr_par' dir='ltr' id='par_1_59' title="bbox 440 4115 2002 4196">
     <span class='ocr_line' id='line_1_59' title="bbox 440 4115 2002 4196; baseline -0.008 -15"><span class='ocrx_word' id='word_1_428' title='bbox 440 4136 638 4196; x_wconf 67' lang='lat' dir='ltr'><strong>praeter</strong></span> <span class='ocrx_word' id='word_1_429' title='bbox 688 4139 838 4191; x_wconf 91' lang='lat' dir='ltr'><strong>eum,</strong></span> <span class='ocrx_word' id='word_1_430' title='bbox 887 4123 940 4177; x_wconf 87' lang='lat' dir='ltr'><strong>in</strong></span> <span class='ocrx_word' id='word_1_431' title='bbox 992 4135 1101 4189; x_wconf 89' lang='lat' dir='ltr'><strong>quo</strong></span> <span class='ocrx_word' id='word_1_432' title='bbox 1130 4119 1346 4189; x_wconf 77' lang='lat' dir='ltr'><strong>legendi</strong></span> <span class='ocrx_word' id='word_1_433' title='bbox 1380 4119 1651 4172; x_wconf 88' lang='lat' dir='ltr'><strong>studiosos</strong></span> <span class='ocrx_word' id='word_1_434' title='bbox 1680 4116 1899 4171; x_wconf 86' lang='lat' dir='ltr'><strong>dimittit</strong></span> <span class='ocrx_word' id='word_1_435' title='bbox 1933 4115 2002 4168; x_wconf 90' lang='lat' dir='ltr'><strong>ad</strong></span> 
     </span>
    </p>
   </div>
   <div class='ocr_carea' id='block_1_60' title="bbox 441 4204 2000 4278">
    <p class='ocr_par' dir='ltr' id='par_1_60' title="bbox 441 4204 2000 4278">
     <span class='ocr_line' id='line_1_60' title="bbox 441 4204 2000 4278; baseline -0.009 -7"><span class='ocrx_word' id='word_1_436' title='bbox 441 4216 681 4271; x_wconf 85' lang='lat' dir='ltr'><strong>Genesim</strong></span> <span class='ocrx_word' id='word_1_437' title='bbox 732 4214 938 4278; x_wconf 81' lang='lat' dir='ltr'><strong>mundi,</strong></span> <span class='ocrx_word' id='word_1_438' title='bbox 968 4213 1101 4267; x_wconf 87' lang='lat' dir='ltr'><strong>Cum</strong></span> <span class='ocrx_word' id='word_1_439' title='bbox 1135 4212 1201 4265; x_wconf 91' lang='lat' dir='ltr'><strong>de</strong></span> <span class='ocrx_word' id='word_1_440' title='bbox 1253 4212 1416 4266; x_wconf 89' lang='lat' dir='ltr'><strong>rebus</strong></span> <span class='ocrx_word' id='word_1_441' title='bbox 1451 4208 1564 4263; x_wconf 83' lang='lat' dir='ltr'><strong>Noe</strong></span> <span class='ocrx_word' id='word_1_442' title='bbox 1592 4206 1831 4261; x_wconf 85' lang='lat' dir='ltr'><strong>declaret</strong></span> <span class='ocrx_word' id='word_1_443' title='bbox 1859 4219 1919 4259; x_wconf 90' lang='lat' dir='ltr'><strong>se</strong></span> <span class='ocrx_word' id='word_1_444' title='bbox 1947 4204 2000 4258; x_wconf 92' lang='lat' dir='ltr'><strong>in</strong></span> 
     </span>
    </p>
   </div>
   <div class='ocr_carea' id='block_1_61' title="bbox 440 4296 2001 4373">
    <p class='ocr_par' dir='ltr' id='par_1_61' title="bbox 440 4296 2001 4373">
     <span class='ocr_line' id='line_1_61' title="bbox 440 4296 2001 4373; baseline -0.008 -11"><span class='ocrx_word' id='word_1_445' title='bbox 440 4307 626 4362; x_wconf 89' lang='lat' dir='ltr'><strong>eodem</strong></span> <span class='ocrx_word' id='word_1_446' title='bbox 664 4304 802 4359; x_wconf 89' lang='lat' dir='ltr'><strong>libro</strong></span> <span class='ocrx_word' id='word_1_447' title='bbox 829 4304 1029 4373; x_wconf 79' lang='lat' dir='ltr'><strong>egisse,</strong></span> <span class='ocrx_word' id='word_1_448' title='bbox 1067 4317 1174 4358; x_wconf 90' lang='lat' dir='ltr'><strong>non</strong></span> <span class='ocrx_word' id='word_1_449' title='bbox 1209 4301 1375 4356; x_wconf 88' lang='lat' dir='ltr'><strong>alimn</strong></span> <span class='ocrx_word' id='word_1_450' title='bbox 1405 4300 1624 4353; x_wconf 85' lang='lat' dir='ltr'><strong>videtur</strong></span> <span class='ocrx_word' id='word_1_451' title='bbox 1675 4297 1918 4351; x_wconf 89' lang='lat' dir='ltr'><strong>indicare</strong></span> <span class='ocrx_word' id='word_1_452' title='bbox 1946 4296 2001 4349; x_wconf 85' lang='lat' dir='ltr'><strong>in</strong></span> 
     </span>
    </p>
   </div>
   <div class='ocr_carea' id='block_1_62' title="bbox 441 4388 2001 4463">
    <p class='ocr_par' dir='ltr' id='par_1_62' title="bbox 441 4388 2001 4463">
     <span class='ocr_line' id='line_1_62' title="bbox 441 4388 2001 4463; baseline -0.008 -10"><span class='ocrx_word' id='word_1_453' title='bbox 441 4399 582 4453; x_wconf 88' lang='lat' dir='ltr'><strong>libro</strong></span> <span class='ocrx_word' id='word_1_454' title='bbox 640 4396 822 4463; x_wconf 90' lang='lat' dir='ltr'><strong>tertio,</strong></span> <span class='ocrx_word' id='word_1_455' title='bbox 878 4410 1028 4449; x_wconf 92' lang='lat' dir='ltr'><strong>num.</strong></span> <span class='ocrx_word' id='word_1_456' title='bbox 1075 4393 1165 4457; x_wconf 78' lang='grc'><strong>19,</strong></span> <span class='ocrx_word' id='word_1_457' title='bbox 1220 4391 1312 4446; x_wconf 89' lang='lat' dir='ltr'><strong>ubi</strong></span> <span class='ocrx_word' id='word_1_458' title='bbox 1375 4391 1455 4445; x_wconf 87' lang='lat' dir='ltr'><strong>ait</strong></span> <span class='ocrx_word' id='word_1_459' title='bbox 1507 4404 1567 4445; x_wconf 86' lang='lat' dir='ltr'><strong>se</strong></span> <span class='ocrx_word' id='word_1_460' title='bbox 1601 4389 1728 4443; x_wconf 90' lang='lat' dir='ltr'><strong>alibi</strong></span> <span class='ocrx_word' id='word_1_461' title='bbox 1774 4388 2001 4443; x_wconf 85' lang='lat' dir='ltr'><strong>demon-</strong></span> 
     </span>
    </p>
   </div>
   <div class='ocr_carea' id='block_1_63' title="bbox 2098 1900 3676 1977">
    <p class='ocr_par' dir='ltr' id='par_1_63' title="bbox 2098 1900 3676 1977">
     <span class='ocr_line' id='line_1_63' title="bbox 2098 1900 3676 1977; baseline -0.008 -11"><span class='ocrx_word' id='word_1_462' title='bbox 2098 1910 2547 1969; x_wconf 87' lang='lat' dir='ltr'><strong>commentarios,</strong></span> <span class='ocrx_word' id='word_1_463' title='bbox 2585 1912 2677 1977; x_wconf 89' lang='lat' dir='ltr'><strong>qui</strong></span> <span class='ocrx_word' id='word_1_464' title='bbox 2709 1910 2805 1961; x_wconf 92' lang='lat' dir='ltr'><strong>sub</strong></span> <span class='ocrx_word' id='word_1_465' title='bbox 2831 1906 2947 1975; x_wconf 84' lang='lat' dir='ltr'><strong>ejus</strong></span> <span class='ocrx_word' id='word_1_466' title='bbox 2980 1906 3197 1959; x_wconf 87' lang='lat' dir='ltr'><strong>nomine</strong></span> <span class='ocrx_word' id='word_1_467' title='bbox 3225 1904 3279 1957; x_wconf 91' lang='lat' dir='ltr'><strong>in</strong></span> <span class='ocrx_word' id='word_1_468' title='bbox 3312 1900 3676 1955; x_wconf 80' lang='lat' dir='ltr'><strong>Bibliotheeis</strong></span> 
     </span>
    </p>
   </div>
   <div class='ocr_carea' id='block_1_64' title="bbox 2094 1995 3679 2069">
    <p class='ocr_par' dir='ltr' id='par_1_64' title="bbox 2094 1995 3679 2069">
     <span class='ocr_line' id='line_1_64' title="bbox 2094 1995 3679 2069; baseline -0.01 -12"><span class='ocrx_word' id='word_1_469' title='bbox 2094 2003 2316 2057; x_wconf 85' lang='lat' dir='ltr'><strong>Patrum</strong></span> <span class='ocrx_word' id='word_1_470' title='bbox 2350 2002 2483 2055; x_wconf 89' lang='lat' dir='ltr'><strong>editi</strong></span> <span class='ocrx_word' id='word_1_471' title='bbox 2510 2000 2751 2069; x_wconf 91' lang='lat' dir='ltr'><strong>singulos</strong></span> <span class='ocrx_word' id='word_1_472' title='bbox 2794 1998 3154 2068; x_wconf 84' lang='lat' dir='ltr'><strong>eVangelistas</strong></span> <span class='ocrx_word' id='word_1_473' title='bbox 3185 1995 3477 2062; x_wconf 86' lang='lat' dir='ltr'><strong>separatim</strong></span> <span class='ocrx_word' id='word_1_474' title='bbox 3509 1996 3679 2047; x_wconf 86' lang='lat' dir='ltr'><strong>libris</strong></span> 
     </span>
    </p>
   </div>
   <div class='ocr_carea' id='block_1_65' title="bbox 2096 2085 3677 2164">
    <p class='ocr_par' dir='ltr' id='par_1_65' title="bbox 2096 2085 3677 2164">
     <span class='ocr_line' id='line_1_65' title="bbox 2096 2085 3677 2164; baseline -0.005 -17"><span class='ocrx_word' id='word_1_475' title='bbox 2096 2104 2328 2164; x_wconf 88' lang='lat' dir='ltr'><strong>quatuor</strong></span> <span class='ocrx_word' id='word_1_476' title='bbox 2359 2103 2654 2162; x_wconf 90' lang='lat' dir='ltr'><strong>exponunt.</strong></span> <span class='ocrx_word' id='word_1_477' title='bbox 2687 2090 2957 2144; x_wconf 68' lang='lat' dir='ltr'><strong>Prmterea</strong></span> <span class='ocrx_word' id='word_1_478' title='bbox 3002 2089 3123 2157; x_wconf 86' lang='lat' dir='ltr'><strong>quis</strong></span> <span class='ocrx_word' id='word_1_479' title='bbox 3152 2085 3400 2139; x_wconf 87' lang='lat' dir='ltr'><strong>Latinum</strong></span> <span class='ocrx_word' id='word_1_480' title='bbox 3429 2086 3677 2152; x_wconf 86' lang='lat' dir='ltr'><strong>scripto-</strong></span> 
     </span>
    </p>
   </div>
   <div class='ocr_carea' id='block_1_66' title="bbox 2096 2174 3672 2251">
    <p class='ocr_par' dir='ltr' id='par_1_66' title="bbox 2096 2174 3672 2251">
     <span class='ocr_line' id='line_1_66' title="bbox 2096 2174 3672 2251; baseline -0.006 -12"><span class='ocrx_word' id='word_1_481' title='bbox 2096 2200 2210 2239; x_wconf 88' lang='lat' dir='ltr'><strong>rem</strong></span> <span class='ocrx_word' id='word_1_482' title='bbox 2244 2200 2349 2236; x_wconf 91' lang='lat' dir='ltr'><strong>non</strong></span> <span class='ocrx_word' id='word_1_483' title='bbox 2385 2192 2644 2251; x_wconf 87' lang='lat' dir='ltr'><strong>agnoscat</strong></span> <span class='ocrx_word' id='word_1_484' title='bbox 2686 2184 2771 2236; x_wconf 90' lang='lat' dir='ltr'><strong>his</strong></span> <span class='ocrx_word' id='word_1_485' title='bbox 2808 2181 2860 2232; x_wconf 89' lang='lat' dir='ltr'><strong>in</strong></span> <span class='ocrx_word' id='word_1_486' title='bbox 2896 2177 3170 2231; x_wconf 64' lang='lat' dir='ltr'><strong>verbis“?</strong></span> <span class='ocrx_word' id='word_1_487' title='bbox 3207 2196 3225 2228; x_wconf 73' lang='grc' dir='ltr'><strong>ι</strong></span> <span class='ocrx_word' id='word_1_488' title='bbox 3266 2176 3368 2231; x_wconf 87' lang='lat' dir='ltr'><strong>Per</strong></span> <span class='ocrx_word' id='word_1_489' title='bbox 3398 2177 3527 2238; x_wconf 87' lang='lat' dir='ltr'><strong>iota,</strong></span> <span class='ocrx_word' id='word_1_490' title='bbox 3555 2174 3672 2229; x_wconf 84' lang='lat' dir='ltr'><strong>Ve-</strong></span> 
     </span>
    </p>
   </div>
   <div class='ocr_carea' id='block_1_67' title="bbox 2100 2271 3677 2345">
    <p class='ocr_par' dir='ltr' id='par_1_67' title="bbox 2100 2271 3677 2345">
     <span class='ocr_line' id='line_1_67' title="bbox 2100 2271 3677 2345; baseline -0.006 -15"><span class='ocrx_word' id='word_1_491' title='bbox 2100 2286 2186 2331; x_wconf 92' lang='lat' dir='ltr'><strong>tus</strong></span> <span class='ocrx_word' id='word_1_492' title='bbox 2214 2276 2488 2345; x_wconf 84' lang='lat' dir='ltr'><strong>significat</strong></span> <span class='ocrx_word' id='word_1_493' title='bbox 2514 2275 2944 2340; x_wconf 87' lang='lat' dir='ltr'><strong>Testamentum,</strong></span> <span class='ocrx_word' id='word_1_494' title='bbox 2965 2289 3071 2341; x_wconf 89' lang='lat' dir='ltr'><strong>quo</strong></span> <span class='ocrx_word' id='word_1_495' title='bbox 3101 2272 3397 2340; x_wconf 84' lang='lat' dir='ltr'><strong>Deealogus</strong></span> <span class='ocrx_word' id='word_1_496' title='bbox 3420 2271 3677 2323; x_wconf 87' lang='lat' dir='ltr'><strong>contine-</strong></span> 
     </span>
    </p>
   </div>
   <div class='ocr_carea' id='block_1_68' title="bbox 2101 2364 3672 2438">
    <p class='ocr_par' dir='ltr' id='par_1_68' title="bbox 2101 2364 3672 2438">
     <span class='ocr_line' id='line_1_68' title="bbox 2101 2364 3672 2438; baseline -0.004 -14"><span class='ocrx_word' id='word_1_497' title='bbox 2101 2380 2219 2436; x_wconf 87' lang='lat' dir='ltr'><strong>tur;</strong></span> <span class='ocrx_word' id='word_1_498' title='bbox 2256 2372 2364 2424; x_wconf 91' lang='lat' dir='ltr'><strong>iota</strong></span> <span class='ocrx_word' id='word_1_499' title='bbox 2407 2369 2551 2423; x_wconf 90' lang='lat' dir='ltr'><strong>enim</strong></span> <span class='ocrx_word' id='word_1_500' title='bbox 2581 2384 2679 2438; x_wconf 88' lang='lat' dir='ltr'><strong>pro</strong></span> <span class='ocrx_word' id='word_1_501' title='bbox 2713 2369 2898 2422; x_wconf 89' lang='lat' dir='ltr'><strong>decem</strong></span> <span class='ocrx_word' id='word_1_502' title='bbox 2943 2378 3027 2421; x_wconf 88' lang='lat' dir='ltr'><strong>est</strong></span> <span class='ocrx_word' id='word_1_503' title='bbox 3072 2367 3211 2434; x_wconf 90' lang='lat' dir='ltr'><strong>apud</strong></span> <span class='ocrx_word' id='word_1_504' title='bbox 3241 2364 3479 2419; x_wconf 86' lang='lat' dir='ltr'><strong>Graecos.</strong></span> <span class='ocrx_word' id='word_1_505' title='bbox 3510 2366 3672 2431; x_wconf 80' lang='lat' dir='ltr'><strong>Apex</strong></span> 
     </span>
    </p>
   </div>
   <div class='ocr_carea' id='block_1_69' title="bbox 2097 2459 3671 2531">
    <p class='ocr_par' dir='ltr' id='par_1_69' title="bbox 2097 2459 3671 2531">
     <span class='ocr_line' id='line_1_69' title="bbox 2097 2459 3671 2531; baseline -0.003 -15"><span class='ocrx_word' id='word_1_506' title='bbox 2097 2473 2278 2517; x_wconf 87' lang='lat' dir='ltr'><strong>autem</strong></span> <span class='ocrx_word' id='word_1_507' title='bbox 2330 2470 2567 2531; x_wconf 89' lang='lat' dir='ltr'><strong>quatuor</strong></span> <span class='ocrx_word' id='word_1_508' title='bbox 2622 2462 2833 2516; x_wconf 81' lang='lat' dir='ltr'><strong>litteras</strong></span> <span class='ocrx_word' id='word_1_509' title='bbox 2879 2462 3106 2527; x_wconf 88' lang='lat' dir='ltr'><strong>habens,</strong></span> <span class='ocrx_word' id='word_1_510' title='bbox 3160 2475 3256 2529; x_wconf 85' lang='lat' dir='ltr'><strong>per</strong></span> <span class='ocrx_word' id='word_1_511' title='bbox 3306 2459 3671 2529; x_wconf 85' lang='lat' dir='ltr'><strong>Evangelium</strong></span> 
     </span>
    </p>
   </div>
   <div class='ocr_carea' id='block_1_70' title="bbox 2096 2551 3675 2623">
    <p class='ocr_par' dir='ltr' id='par_1_70' title="bbox 2096 2551 3675 2623">
     <span class='ocr_line' id='line_1_70' title="bbox 2096 2551 3675 2623; baseline -0.003 -15"><span class='ocrx_word' id='word_1_512' title='bbox 2096 2555 2456 2623; x_wconf 82' lang='lat' dir='ltr'><strong>quadruplex,</strong></span> <span class='ocrx_word' id='word_1_513' title='bbox 2511 2552 2917 2608; x_wconf 88' lang='lat' dir='ltr'><strong>Testamentum</strong></span> <span class='ocrx_word' id='word_1_514' title='bbox 2968 2553 3174 2607; x_wconf 87' lang='lat' dir='ltr'><strong>indicat</strong></span> <span class='ocrx_word' id='word_1_515' title='bbox 3223 2552 3449 2606; x_wconf 81' lang='lat' dir='ltr'><strong>Novum.</strong></span> <span class='ocrx_word' id='word_1_516' title='bbox 3502 2570 3523 2605; x_wconf 74' lang='grc' dir='ltr'><strong>ι</strong></span> <span class='ocrx_word' id='word_1_517' title='bbox 3564 2551 3675 2605; x_wconf 75' lang='lat' dir='ltr'><strong>His</strong></span> 
     </span>
    </p>
   </div>
   <div class='ocr_carea' id='block_1_71' title="bbox 2098 2645 3670 2700">
    <p class='ocr_par' dir='ltr' id='par_1_71' title="bbox 2098 2645 3670 2700">
     <span class='ocr_line' id='line_1_71' title="bbox 2098 2645 3670 2700; baseline -0.001 -2"><span class='ocrx_word' id='word_1_518' title='bbox 2098 2647 2238 2699; x_wconf 87' lang='lat' dir='ltr'><strong>adde.</strong></span> <span class='ocrx_word' id='word_1_519' title='bbox 2274 2646 2528 2699; x_wconf 88' lang='lat' dir='ltr'><strong>nonnulla</strong></span> <span class='ocrx_word' id='word_1_520' title='bbox 2578 2646 2629 2698; x_wconf 89' lang='lat' dir='ltr'><strong>in</strong></span> <span class='ocrx_word' id='word_1_521' title='bbox 2684 2646 2770 2699; x_wconf 90' lang='lat' dir='ltr'><strong>his</strong></span> <span class='ocrx_word' id='word_1_522' title='bbox 2825 2645 3242 2699; x_wconf 88' lang='lat' dir='ltr'><strong>commentariis</strong></span> <span class='ocrx_word' id='word_1_523' title='bbox 3272 2658 3562 2700; x_wconf 82' lang='lat' dir='ltr'><strong>occurrere</strong></span> <span class='ocrx_word' id='word_1_524' title='bbox 3598 2660 3670 2697; x_wconf 73' lang='lat' dir='ltr'><strong>ex</strong></span> 
     </span>
    </p>
   </div>
   <div class='ocr_carea' id='block_1_72' title="bbox 2094 2736 3675 2807">
    <p class='ocr_par' dir='ltr' id='par_1_72' title="bbox 2094 2736 3675 2807">
     <span class='ocr_line' id='line_1_72' title="bbox 2094 2736 3675 2807; baseline -0.006 -11"><span class='ocrx_word' id='word_1_525' title='bbox 2094 2738 2311 2796; x_wconf 84' lang='lat' dir='ltr'><strong>Latinis</strong></span> <span class='ocrx_word' id='word_1_526' title='bbox 2357 2737 2612 2793; x_wconf 89' lang='lat' dir='ltr'><strong>Patribus</strong></span> <span class='ocrx_word' id='word_1_527' title='bbox 2656 2739 2938 2807; x_wconf 87' lang='lat' dir='ltr'><strong>desumpta</strong></span> <span class='ocrx_word' id='word_1_528' title='bbox 2958 2738 3132 2805; x_wconf 62' lang='lat' dir='ltr'><strong>‘9;ex</strong></span> <span class='ocrx_word' id='word_1_529' title='bbox 3174 2736 3499 2807; x_wconf 89' lang='lat' dir='ltr'><strong>Hieronymo</strong></span> <span class='ocrx_word' id='word_1_530' title='bbox 3529 2752 3675 2804; x_wconf 82' lang='lat' dir='ltr'><strong>qua-</strong></span> 
     </span>
    </p>
   </div>
   <div class='ocr_carea' id='block_1_73' title="bbox 2100 2830 3672 2902">
    <p class='ocr_par' dir='ltr' id='par_1_73' title="bbox 2100 2830 3672 2902">
     <span class='ocr_line' id='line_1_73' title="bbox 2100 2830 3672 2902; baseline -0.003 -16"><span class='ocrx_word' id='word_1_531' title='bbox 2100 2843 2224 2886; x_wconf 87' lang='lat' dir='ltr'><strong>tuor</strong></span> <span class='ocrx_word' id='word_1_532' title='bbox 2253 2848 2473 2899; x_wconf 88' lang='lat' dir='ltr'><strong>causas,</strong></span> <span class='ocrx_word' id='word_1_533' title='bbox 2503 2847 2601 2886; x_wconf 90' lang='lat' dir='ltr'><strong>cur</strong></span> <span class='ocrx_word' id='word_1_534' title='bbox 2623 2849 2689 2886; x_wconf 78' lang='lat' dir='ltr'><strong>ex</strong></span> <span class='ocrx_word' id='word_1_535' title='bbox 2716 2833 3043 2902; x_wconf 89' lang='lat' dir='ltr'><strong>desponsata</strong></span> <span class='ocrx_word' id='word_1_536' title='bbox 3092 2830 3345 2884; x_wconf 88' lang='lat' dir='ltr'><strong>Christus</strong></span> <span class='ocrx_word' id='word_1_537' title='bbox 3375 2840 3534 2883; x_wconf 89' lang='lat' dir='ltr'><strong>natus</strong></span> <span class='ocrx_word' id='word_1_538' title='bbox 3569 2831 3672 2889; x_wconf 83' lang='lat' dir='ltr'><strong>sit.</strong></span> 
     </span>
    </p>
   </div>
   <div class='ocr_carea' id='block_1_74' title="bbox 2098 2920 3674 2994">
    <p class='ocr_par' dir='ltr' id='par_1_74' title="bbox 2098 2920 3674 2994">
     <span class='ocr_line' id='line_1_74' title="bbox 2098 2920 3674 2994; baseline -0.004 -15"><span class='ocrx_word' id='word_1_539' title='bbox 2098 2939 2166 2979; x_wconf 87' lang='lat' dir='ltr'><strong>ex</strong></span> <span class='ocrx_word' id='word_1_540' title='bbox 2199 2925 2259 2979; x_wconf 88' lang='lat' dir='ltr'><strong>S.</strong></span> <span class='ocrx_word' id='word_1_541' title='bbox 2312 2925 2569 2994; x_wconf 80' lang='lat' dir='ltr'><strong>Cypriani</strong></span> <span class='ocrx_word' id='word_1_542' title='bbox 2622 2924 2849 2993; x_wconf 89' lang='lat' dir='ltr'><strong>epistola</strong></span> <span class='ocrx_word' id='word_1_543' title='bbox 2882 2923 2948 2977; x_wconf 92' lang='lat' dir='ltr'><strong>ad</strong></span> <span class='ocrx_word' id='word_1_544' title='bbox 2988 2922 3238 2991; x_wconf 86' lang='lat' dir='ltr'><strong>Magnum</strong></span> <span class='ocrx_word' id='word_1_545' title='bbox 3286 2921 3551 2990; x_wconf 87' lang='lat' dir='ltr'><strong>insignem</strong></span> <span class='ocrx_word' id='word_1_546' title='bbox 3588 2920 3674 2973; x_wconf 56' lang='lat' dir='ltr'><strong>loa</strong></span> 
     </span>
    </p>
   </div>
   <div class='ocr_carea' id='block_1_75' title="bbox 2098 3014 3673 3086">
    <p class='ocr_par' dir='ltr' id='par_1_75' title="bbox 2098 3014 3673 3086">
     <span class='ocr_line' id='line_1_75' title="bbox 2098 3014 3673 3086; baseline -0.004 -17"><span class='ocrx_word' id='word_1_547' title='bbox 2098 3032 2218 3069; x_wconf 88' lang='lat' dir='ltr'><strong>cum</strong></span> <span class='ocrx_word' id='word_1_548' title='bbox 2263 3018 2330 3070; x_wconf 88' lang='lat' dir='ltr'><strong>de</strong></span> <span class='ocrx_word' id='word_1_549' title='bbox 2381 3032 2609 3086; x_wconf 87' lang='lat' dir='ltr'><strong>corpore</strong></span> <span class='ocrx_word' id='word_1_550' title='bbox 2649 3026 2703 3070; x_wconf 92' lang='lat' dir='ltr'><strong>et</strong></span> <span class='ocrx_word' id='word_1_551' title='bbox 2751 3016 3013 3085; x_wconf 85' lang='lat' dir='ltr'><strong>sanguine</strong></span> <span class='ocrx_word' id='word_1_552' title='bbox 3068 3014 3311 3080; x_wconf 89' lang='lat' dir='ltr'><strong>Domini;</strong></span> <span class='ocrx_word' id='word_1_553' title='bbox 3364 3028 3430 3067; x_wconf 79' lang='lat' dir='ltr'><strong>ex</strong></span> <span class='ocrx_word' id='word_1_554' title='bbox 3474 3014 3673 3067; x_wconf 88' lang='lat' dir='ltr'><strong>eodem</strong></span> 
     </span>
    </p>
   </div>
   <div class='ocr_carea' id='block_1_76' title="bbox 2102 3105 3673 3178">
    <p class='ocr_par' dir='ltr' id='par_1_76' title="bbox 2102 3105 3673 3178">
     <span class='ocr_line' id='line_1_76' title="bbox 2102 3105 3673 3178; baseline -0.001 -18"><span class='ocrx_word' id='word_1_555' title='bbox 2102 3107 2432 3177; x_wconf 88' lang='lat' dir='ltr'><strong>Hieronymo</strong></span> <span class='ocrx_word' id='word_1_556' title='bbox 2492 3109 3004 3178; x_wconf 83' lang='lat' dir='ltr'><strong>interpretationem</strong></span> <span class='ocrx_word' id='word_1_557' title='bbox 3043 3105 3286 3160; x_wconf 86' lang='lat' dir='ltr'><strong>Latinam</strong></span> <span class='ocrx_word' id='word_1_558' title='bbox 3326 3118 3514 3158; x_wconf 88' lang='lat' dir='ltr'><strong>eorum</strong></span> <span class='ocrx_word' id='word_1_559' title='bbox 3546 3119 3673 3172; x_wconf 72' lang='lat' dir='ltr'><strong>qua:</strong></span> 
     </span>
    </p>
   </div>
   <div class='ocr_carea' id='block_1_77' title="bbox 2100 3181 3673 3267">
    <p class='ocr_par' dir='ltr' id='par_1_77' title="bbox 2100 3181 3673 3267">
     <span class='ocr_line' id='line_1_77' title="bbox 2100 3181 3673 3267; baseline -0.004 -15"><span class='ocrx_word' id='word_1_560' title='bbox 2100 3197 2432 3267; x_wconf 91' lang='lat' dir='ltr'><strong>Theophilus</strong></span> <span class='ocrx_word' id='word_1_561' title='bbox 2473 3198 2539 3251; x_wconf 91' lang='lat' dir='ltr'><strong>de</strong></span> <span class='ocrx_word' id='word_1_562' title='bbox 2578 3198 2832 3264; x_wconf 86' lang='lat' dir='ltr'><strong>parabola</strong></span> <span class='ocrx_word' id='word_1_563' title='bbox 2868 3181 3131 3251; x_wconf 68' lang='lat' dir='ltr'><strong>deconomi</strong></span> <span class='ocrx_word' id='word_1_564' title='bbox 3156 3197 3507 3250; x_wconf 87' lang='lat' dir='ltr'><strong>disseruerat.</strong></span> <span class='ocrx_word' id='word_1_565' title='bbox 3536 3194 3673 3247; x_wconf 86' lang='lat' dir='ltr'><strong>lun-</strong></span> 
     </span>
    </p>
   </div>
   <div class='ocr_carea' id='block_1_78' title="bbox 2102 3288 3672 3359">
    <p class='ocr_par' dir='ltr' id='par_1_78' title="bbox 2102 3288 3672 3359">
     <span class='ocr_line' id='line_1_78' title="bbox 2102 3288 3672 3359; baseline -0.001 -18"><span class='ocrx_word' id='word_1_566' title='bbox 2102 3290 2182 3341; x_wconf 91' lang='lat' dir='ltr'><strong>tili</strong></span> <span class='ocrx_word' id='word_1_567' title='bbox 2213 3304 2438 3357; x_wconf 90' lang='lat' dir='ltr'><strong>prorsus</strong></span> <span class='ocrx_word' id='word_1_568' title='bbox 2467 3289 2651 3343; x_wconf 87' lang='lat' dir='ltr'><strong>labore</strong></span> <span class='ocrx_word' id='word_1_569' title='bbox 2679 3289 2914 3343; x_wconf 83' lang='lat' dir='ltr'><strong>Grabius</strong></span> <span class='ocrx_word' id='word_1_570' title='bbox 2944 3289 3058 3342; x_wconf 73' lang='lat' dir='ltr'><strong>haec</strong></span> <span class='ocrx_word' id='word_1_571' title='bbox 3083 3288 3141 3343; x_wconf 88' lang='lat' dir='ltr'><strong>S.</strong></span> <span class='ocrx_word' id='word_1_572' title='bbox 3169 3289 3494 3359; x_wconf 86' lang='lat' dir='ltr'><strong>Cyprianum</strong></span> <span class='ocrx_word' id='word_1_573' title='bbox 3519 3299 3571 3341; x_wconf 89' lang='lat' dir='ltr'><strong>et</strong></span> <span class='ocrx_word' id='word_1_574' title='bbox 3605 3288 3672 3342; x_wconf 82' lang='lat' dir='ltr'><strong>S.</strong></span> 
     </span>
    </p>
   </div>
   <div class='ocr_carea' id='block_1_79' title="bbox 2100 3380 3675 3453">
    <p class='ocr_par' dir='ltr' id='par_1_79' title="bbox 2100 3380 3675 3453">
     <span class='ocr_line' id='line_1_79' title="bbox 2100 3380 3675 3453; baseline 0 -19"><span class='ocrx_word' id='word_1_575' title='bbox 2100 3380 2491 3453; x_wconf 75' lang='lat' dir='ltr'><strong>Hieronymum</strong></span> <span class='ocrx_word' id='word_1_576' title='bbox 2533 3398 2561 3434; x_wconf 88' lang='lat' dir='ltr'><strong>a</strong></span> <span class='ocrx_word' id='word_1_577' title='bbox 2613 3381 2914 3451; x_wconf 88' lang='lat' dir='ltr'><strong>Theophilo</strong></span> <span class='ocrx_word' id='word_1_578' title='bbox 2986 3390 3258 3433; x_wconf 89' lang='lat' dir='ltr'><strong>mutuatos</strong></span> <span class='ocrx_word' id='word_1_579' title='bbox 3296 3395 3418 3435; x_wconf 90' lang='lat' dir='ltr'><strong>esse</strong></span> <span class='ocrx_word' id='word_1_580' title='bbox 3476 3380 3675 3449; x_wconf 82' lang='lat' dir='ltr'><strong>opina-</strong></span> 
     </span>
    </p>
   </div>
   <div class='ocr_carea' id='block_1_80' title="bbox 2101 3473 3673 3543">
    <p class='ocr_par' dir='ltr' id='par_1_80' title="bbox 2101 3473 3673 3543">
     <span class='ocr_line' id='line_1_80' title="bbox 2101 3473 3673 3543; baseline -0.001 -16"><span class='ocrx_word' id='word_1_581' title='bbox 2101 3475 2271 3529; x_wconf 73' lang='lat' dir='ltr'><strong>tur&quot;.</strong></span> <span class='ocrx_word' id='word_1_582' title='bbox 2310 3474 2416 3529; x_wconf 88' lang='lat' dir='ltr'><strong>Sed</strong></span> <span class='ocrx_word' id='word_1_583' title='bbox 2455 3474 2499 3529; x_wconf 90' lang='lat' dir='ltr'><strong>si</strong></span> <span class='ocrx_word' id='word_1_584' title='bbox 2558 3474 2671 3527; x_wconf 67' lang='lat' dir='ltr'><strong>haec</strong></span> <span class='ocrx_word' id='word_1_585' title='bbox 2704 3474 3035 3543; x_wconf 88' lang='lat' dir='ltr'><strong>Theophilus</strong></span> <span class='ocrx_word' id='word_1_586' title='bbox 3093 3473 3279 3527; x_wconf 63' lang='lat' dir='ltr'><strong>Griece</strong></span> <span class='ocrx_word' id='word_1_587' title='bbox 3335 3474 3673 3539; x_wconf 87' lang='lat' dir='ltr'><strong>scripsisset,</strong></span> 
     </span>
    </p>
   </div>
   <div class='ocr_carea' id='block_1_81' title="bbox 2101 3566 3673 3632">
    <p class='ocr_par' dir='ltr' id='par_1_81' title="bbox 2101 3566 3673 3632">
     <span class='ocr_line' id='line_1_81' title="bbox 2101 3566 3673 3632; baseline -0.003 -11"><span class='ocrx_word' id='word_1_588' title='bbox 2101 3567 2247 3621; x_wconf 77' lang='lat' dir='ltr'><strong>haud</strong></span> <span class='ocrx_word' id='word_1_589' title='bbox 2306 3566 2544 3620; x_wconf 83' lang='lat' dir='ltr'><strong>libenter</strong></span> <span class='ocrx_word' id='word_1_590' title='bbox 2588 3566 2913 3620; x_wconf 85' lang='lat' dir='ltr'><strong>crediderim</strong></span> <span class='ocrx_word' id='word_1_591' title='bbox 2965 3567 3312 3632; x_wconf 86' lang='lat' dir='ltr'><strong>interpretem</strong></span> <span class='ocrx_word' id='word_1_592' title='bbox 3364 3567 3506 3619; x_wconf 90' lang='lat' dir='ltr'><strong>illius</strong></span> <span class='ocrx_word' id='word_1_593' title='bbox 3557 3576 3673 3618; x_wconf 81' lang='lat' dir='ltr'><strong>tam</strong></span> 
     </span>
    </p>
   </div>
   <div class='ocr_carea' id='block_1_82' title="bbox 2101 3654 3679 3714">
    <p class='ocr_par' dir='ltr' id='par_1_82' title="bbox 2101 3654 3679 3714">
     <span class='ocr_line' id='line_1_82' title="bbox 2101 3654 3679 3714; baseline -0.003 -1"><span class='ocrx_word' id='word_1_594' title='bbox 2101 3670 2359 3714; x_wconf 81' lang='lat' dir='ltr'><strong>accurate</strong></span> <span class='ocrx_word' id='word_1_595' title='bbox 2394 3666 2646 3711; x_wconf 79' lang='lat' dir='ltr'><strong>venatum</strong></span> <span class='ocrx_word' id='word_1_596' title='bbox 2700 3671 2819 3710; x_wconf 88' lang='lat' dir='ltr'><strong>esse</strong></span> <span class='ocrx_word' id='word_1_597' title='bbox 2865 3655 3030 3709; x_wconf 84' lang='lat' dir='ltr'><strong>citata</strong></span> <span class='ocrx_word' id='word_1_598' title='bbox 3082 3668 3110 3706; x_wconf 90' lang='lat' dir='ltr'><strong>a</strong></span> <span class='ocrx_word' id='word_1_599' title='bbox 3154 3654 3362 3709; x_wconf 83' lang='lat' dir='ltr'><strong>Latinis</strong></span> <span class='ocrx_word' id='word_1_600' title='bbox 3412 3654 3679 3709; x_wconf 91' lang='lat' dir='ltr'><strong>Patribus</strong></span> 
     </span>
    </p>
   </div>
   <div class='ocr_carea' id='block_1_83' title="bbox 2101 3748 3674 3814">
    <p class='ocr_par' dir='ltr' id='par_1_83' title="bbox 2101 3748 3674 3814">
     <span class='ocr_line' id='line_1_83' title="bbox 2101 3748 3674 3814; baseline -0.001 -11"><span class='ocrx_word' id='word_1_601' title='bbox 2101 3750 2239 3811; x_wconf 86' lang='lat' dir='ltr'><strong>loca,</strong></span> <span class='ocrx_word' id='word_1_602' title='bbox 2282 3758 2343 3805; x_wconf 90' lang='lat' dir='ltr'><strong>ut</strong></span> <span class='ocrx_word' id='word_1_603' title='bbox 2396 3764 2588 3805; x_wconf 85' lang='lat' dir='ltr'><strong>eorum</strong></span> <span class='ocrx_word' id='word_1_604' title='bbox 2635 3750 2799 3802; x_wconf 89' lang='lat' dir='ltr'><strong>verba</strong></span> <span class='ocrx_word' id='word_1_605' title='bbox 2846 3748 2897 3800; x_wconf 90' lang='lat' dir='ltr'><strong>in</strong></span> <span class='ocrx_word' id='word_1_606' title='bbox 2946 3761 3102 3800; x_wconf 87' lang='lat' dir='ltr'><strong>suam</strong></span> <span class='ocrx_word' id='word_1_607' title='bbox 3156 3748 3674 3814; x_wconf 85' lang='lat' dir='ltr'><strong>interpretationem</strong></span> 
     </span>
    </p>
   </div>
   <div class='ocr_carea' id='block_1_84' title="bbox 2104 3836 3672 3907">
    <p class='ocr_par' dir='ltr' id='par_1_84' title="bbox 2104 3836 3672 3907">
     <span class='ocr_line' id='line_1_84' title="bbox 2104 3836 3672 3907; baseline 0 -16"><span class='ocrx_word' id='word_1_608' title='bbox 2104 3837 2448 3893; x_wconf 82' lang='lat' dir='ltr'><strong>transferret.</strong></span> <span class='ocrx_word' id='word_1_609' title='bbox 2524 3837 2816 3892; x_wconf 64' lang='lat' dir='ltr'><strong>Praaterea&#39;</strong></span> <span class='ocrx_word' id='word_1_610' title='bbox 2863 3838 2907 3891; x_wconf 92' lang='lat' dir='ltr'><strong>si</strong></span> <span class='ocrx_word' id='word_1_611' title='bbox 2978 3837 3342 3907; x_wconf 77' lang='lat' dir='ltr'><strong>Hiet&#39;Onytnns</strong></span> <span class='ocrx_word' id='word_1_612' title='bbox 3395 3852 3424 3889; x_wconf 90' lang='lat' dir='ltr'><strong>a</strong></span> <span class='ocrx_word' id='word_1_613' title='bbox 3480 3836 3672 3891; x_wconf 88' lang='lat' dir='ltr'><strong>Theo-</strong></span> 
     </span>
    </p>
   </div>
   <div class='ocr_carea' id='block_1_85' title="bbox 2103 3926 3675 3997">
    <p class='ocr_par' dir='ltr' id='par_1_85' title="bbox 2103 3926 3675 3997">
     <span class='ocr_line' id='line_1_85' title="bbox 2103 3926 3675 3997; baseline 0 -16"><span class='ocrx_word' id='word_1_614' title='bbox 2103 3929 2255 3997; x_wconf 90' lang='lat' dir='ltr'><strong>philo</strong></span> <span class='ocrx_word' id='word_1_615' title='bbox 2312 3937 2603 3996; x_wconf 85' lang='lat' dir='ltr'><strong>acceperat</strong></span> <span class='ocrx_word' id='word_1_616' title='bbox 2664 3937 2898 3996; x_wconf 86' lang='lat' dir='ltr'><strong>quatuor</strong></span> <span class='ocrx_word' id='word_1_617' title='bbox 2952 3927 3072 3981; x_wconf 86' lang='lat' dir='ltr'><strong>illas</strong></span> <span class='ocrx_word' id='word_1_618' title='bbox 3125 3942 3338 3990; x_wconf 86' lang='lat' dir='ltr'><strong>causas,</strong></span> <span class='ocrx_word' id='word_1_619' title='bbox 3401 3926 3470 3980; x_wconf 91' lang='lat' dir='ltr'><strong>ob</strong></span> <span class='ocrx_word' id='word_1_620' title='bbox 3527 3943 3675 3996; x_wconf 90' lang='lat' dir='ltr'><strong>quas</strong></span> 
     </span>
    </p>
   </div>
   <div class='ocr_carea' id='block_1_86' title="bbox 2101 4020 3670 4089">
    <p class='ocr_par' dir='ltr' id='par_1_86' title="bbox 2101 4020 3670 4089">
     <span class='ocr_line' id='line_1_86' title="bbox 2101 4020 3670 4089; baseline -0.001 -15"><span class='ocrx_word' id='word_1_621' title='bbox 2101 4020 2358 4075; x_wconf 89' lang='lat' dir='ltr'><strong>Christus</strong></span> <span class='ocrx_word' id='word_1_622' title='bbox 2401 4036 2465 4074; x_wconf 86' lang='lat' dir='ltr'><strong>ex</strong></span> <span class='ocrx_word' id='word_1_623' title='bbox 2524 4020 2847 4089; x_wconf 85' lang='lat' dir='ltr'><strong>desponsata</strong></span> <span class='ocrx_word' id='word_1_624' title='bbox 2900 4029 3093 4082; x_wconf 86' lang='lat' dir='ltr'><strong>natus,</strong></span> <span class='ocrx_word' id='word_1_625' title='bbox 3150 4036 3247 4073; x_wconf 92' lang='lat' dir='ltr'><strong>cur</strong></span> <span class='ocrx_word' id='word_1_626' title='bbox 3294 4032 3546 4089; x_wconf 89' lang='lat' dir='ltr'><strong>quartam</strong></span> <span class='ocrx_word' id='word_1_627' title='bbox 3604 4020 3670 4074; x_wconf 89' lang='lat' dir='ltr'><strong>S.</strong></span> 
     </span>
    </p>
   </div>
   <div class='ocr_carea' id='block_1_87' title="bbox 2101 4110 3683 4180">
    <p class='ocr_par' dir='ltr' id='par_1_87' title="bbox 2101 4110 3683 4180">
     <span class='ocr_line' id='line_1_87' title="bbox 2101 4110 3683 4180; baseline 0.001 -15"><span class='ocrx_word' id='word_1_628' title='bbox 2101 4111 2328 4180; x_wconf 80' lang='lat' dir='ltr'><strong>lgnatio.</strong></span> <span class='ocrx_word' id='word_1_629' title='bbox 2348 4112 2546 4165; x_wconf 85' lang='lat' dir='ltr'><strong>nullam</strong></span> <span class='ocrx_word' id='word_1_630' title='bbox 2565 4128 2782 4180; x_wconf 85' lang='lat' dir='ltr'><strong>prorsus</strong></span> <span class='ocrx_word' id='word_1_631' title='bbox 2801 4112 2857 4166; x_wconf 70' lang='grc' dir='ltr'><strong>Β.</strong></span> <span class='ocrx_word' id='word_1_632' title='bbox 2881 4110 3171 4179; x_wconf 90' lang='lat' dir='ltr'><strong>Theophilo</strong></span> <span class='ocrx_word' id='word_1_633' title='bbox 3188 4121 3457 4180; x_wconf 87' lang='lat' dir='ltr'><strong>acceptam</strong></span> <span class='ocrx_word' id='word_1_634' title='bbox 3476 4110 3683 4166; x_wconf 79' lang='lat' dir='ltr'><strong>refert?</strong></span> 
     </span>
    </p>
   </div>
   <div class='ocr_carea' id='block_1_88' title="bbox 2175 4199 3679 4272">
    <p class='ocr_par' dir='ltr' id='par_1_88' title="bbox 2175 4199 3679 4272">
     <span class='ocr_line' id='line_1_88' title="bbox 2175 4199 3679 4272; baseline 0.002 -16"><span class='ocrx_word' id='word_1_635' title='bbox 2175 4199 2266 4256; x_wconf 81' lang='lat' dir='ltr'><strong>IV.</strong></span> <span class='ocrx_word' id='word_1_636' title='bbox 2297 4200 2454 4256; x_wconf 75' lang='lat' dir='ltr'><strong>Nunc</strong></span> <span class='ocrx_word' id='word_1_637' title='bbox 2484 4202 2552 4255; x_wconf 91' lang='lat' dir='ltr'><strong>de</strong></span> <span class='ocrx_word' id='word_1_638' title='bbox 2583 4204 2760 4258; x_wconf 81' lang='lat' dir='ltr'><strong>tribus</strong></span> <span class='ocrx_word' id='word_1_639' title='bbox 2791 4202 2861 4255; x_wconf 83' lang='lat' dir='ltr'><strong>ad</strong></span> <span class='ocrx_word' id='word_1_640' title='bbox 2896 4203 3208 4272; x_wconf 84' lang='lat' dir='ltr'><strong>Autolycum</strong></span> <span class='ocrx_word' id='word_1_641' title='bbox 3266 4204 3420 4257; x_wconf 90' lang='lat' dir='ltr'><strong>libris</strong></span> <span class='ocrx_word' id='word_1_642' title='bbox 3455 4206 3679 4259; x_wconf 86' lang='lat' dir='ltr'><strong>exami-</strong></span> 
     </span>
    </p>
   </div>
   <div class='ocr_carea' id='block_1_89' title="bbox 2106 4293 3682 4362">
    <p class='ocr_par' dir='ltr' id='par_1_89' title="bbox 2106 4293 3682 4362">
     <span class='ocr_line' id='line_1_89' title="bbox 2106 4293 3682 4362; baseline 0.004 -17"><span class='ocrx_word' id='word_1_643' title='bbox 2106 4293 2343 4346; x_wconf 89' lang='lat' dir='ltr'><strong>nandum</strong></span> <span class='ocrx_word' id='word_1_644' title='bbox 2394 4293 2551 4348; x_wconf 90' lang='lat' dir='ltr'><strong>nobis</strong></span> <span class='ocrx_word' id='word_1_645' title='bbox 2597 4302 2679 4346; x_wconf 90' lang='lat' dir='ltr'><strong>est</strong></span> <span class='ocrx_word' id='word_1_646' title='bbox 2720 4307 2843 4362; x_wconf 72' lang='lat' dir='ltr'><strong>qua:</strong></span> <span class='ocrx_word' id='word_1_647' title='bbox 2891 4294 3058 4347; x_wconf 87' lang='lat' dir='ltr'><strong>fuerit</strong></span> <span class='ocrx_word' id='word_1_648' title='bbox 3102 4296 3315 4349; x_wconf 91' lang='lat' dir='ltr'><strong>illorum</strong></span> <span class='ocrx_word' id='word_1_649' title='bbox 3350 4296 3682 4352; x_wconf 66' lang='lat' dir='ltr'><strong>scribendo.</strong></span> 
     </span>
    </p>
   </div>
   <div class='ocr_carea' id='block_1_90' title="bbox 2105 4385 3676 4455">
    <p class='ocr_par' dir='ltr' id='par_1_90' title="bbox 2105 4385 3676 4455">
     <span class='ocr_line' id='line_1_90' title="bbox 2105 4385 3676 4455; baseline 0.001 -16"><span class='ocrx_word' id='word_1_650' title='bbox 2105 4399 2223 4439; x_wconf 85' lang='lat' dir='ltr'><strong>rum</strong></span> <span class='ocrx_word' id='word_1_651' title='bbox 2275 4400 2470 4448; x_wconf 89' lang='lat' dir='ltr'><strong>causa,</strong></span> <span class='ocrx_word' id='word_1_652' title='bbox 2526 4392 2581 4437; x_wconf 89' lang='lat' dir='ltr'><strong>et</strong></span> <span class='ocrx_word' id='word_1_653' title='bbox 2629 4399 2737 4453; x_wconf 90' lang='lat' dir='ltr'><strong>quo</strong></span> <span class='ocrx_word' id='word_1_654' title='bbox 2788 4385 3129 4455; x_wconf 86' lang='lat' dir='ltr'><strong>potissimum</strong></span> <span class='ocrx_word' id='word_1_655' title='bbox 3187 4394 3427 4454; x_wconf 89' lang='lat' dir='ltr'><strong>tempore</strong></span> <span class='ocrx_word' id='word_1_656' title='bbox 3476 4386 3676 4450; x_wconf 88' lang='lat' dir='ltr'><strong>scripti</strong></span> 
     </span>
    </p>
   </div>
   <div class='ocr_carea' id='block_1_91' title="bbox 441 4471 2333 4551">
    <p class='ocr_par' dir='ltr' id='par_1_91' title="bbox 441 4471 2333 4551">
     <span class='ocr_line' id='line_1_91' title="bbox 441 4471 2333 4551; baseline -0.01 -8"><span class='ocrx_word' id='word_1_657' title='bbox 441 4498 647 4543; x_wconf 86' lang='lat' dir='ltr'><strong>strasse</strong></span> <span class='ocrx_word' id='word_1_658' title='bbox 695 4501 878 4540; x_wconf 87' lang='lat' dir='ltr'><strong>arcam</strong></span> <span class='ocrx_word' id='word_1_659' title='bbox 935 4500 1042 4538; x_wconf 89' lang='lat' dir='ltr'><strong>non</strong></span> <span class='ocrx_word' id='word_1_660' title='bbox 1082 4500 1111 4537; x_wconf 91' lang='lat' dir='ltr'><strong>a</strong></span> <span class='ocrx_word' id='word_1_661' title='bbox 1140 4481 1491 4546; x_wconf 82' lang='lat' dir='ltr'><strong>Deucalione,</strong></span> <span class='ocrx_word' id='word_1_662' title='bbox 1546 4481 1639 4535; x_wconf 90' lang='lat' dir='ltr'><strong>sed</strong></span> <span class='ocrx_word' id='word_1_663' title='bbox 1682 4496 1710 4533; x_wconf 91' lang='lat' dir='ltr'><strong>a</strong></span> <span class='ocrx_word' id='word_1_664' title='bbox 1740 4478 1873 4543; x_wconf 62' lang='lat' dir='ltr'><strong>hoe,</strong></span> <span class='ocrx_word' id='word_1_665' title='bbox 1910 4492 2005 4532; x_wconf 88' lang='lat' dir='ltr'><strong>cu-</strong></span> <span class='ocrx_word' id='word_1_666' title='bbox 2032 4491 2081 4551; x_wconf 78' lang='grc' dir='ltr'><strong>ι)</strong></span> <span class='ocrx_word' id='word_1_667' title='bbox 2105 4471 2333 4529; x_wconf 84' lang='lat' dir='ltr'><strong>fuerint.</strong></span> 
     </span>
    </p>
   </div>
   <div class='ocr_carea' id='block_1_92' title="bbox 435 4568 2004 4650">
    <p class='ocr_par' dir='ltr' id='par_1_92' title="bbox 435 4568 2004 4650">
     <span class='ocr_line' id='line_1_92' title="bbox 435 4568 2004 4650; baseline -0.006 -16"><span class='ocrx_word' id='word_1_668' title='bbox 435 4578 527 4650; x_wconf 84' lang='lat' dir='ltr'><strong>jus</strong></span> <span class='ocrx_word' id='word_1_669' title='bbox 540 4592 734 4633; x_wconf 89' lang='lat' dir='ltr'><strong>nomen</strong></span> <span class='ocrx_word' id='word_1_670' title='bbox 753 4576 893 4630; x_wconf 86' lang='lat' dir='ltr'><strong>idem</strong></span> <span class='ocrx_word' id='word_1_671' title='bbox 918 4582 1075 4630; x_wconf 90' lang='lat' dir='ltr'><strong>sonat</strong></span> <span class='ocrx_word' id='word_1_672' title='bbox 1094 4589 1157 4628; x_wconf 88' lang='lat' dir='ltr'><strong>ac</strong></span> <span class='ocrx_word' id='word_1_673' title='bbox 1178 4573 1412 4642; x_wconf 90' lang='lat' dir='ltr'><strong>requies,</strong></span> <span class='ocrx_word' id='word_1_674' title='bbox 1435 4580 1798 4626; x_wconf 89' lang='lat' dir='ltr'><strong>constructam</strong></span> <span class='ocrx_word' id='word_1_675' title='bbox 1814 4568 2004 4625; x_wconf 78' lang='lat' dir='ltr'><strong>fuisse.</strong></span> 
     </span>
    </p>
   </div>
   <div class='ocr_carea' id='block_1_93' title="bbox 513 4662 2009 4734">
    <p class='ocr_par' dir='ltr' id='par_1_93' title="bbox 513 4662 2009 4734">
     <span class='ocr_line' id='line_1_93' title="bbox 513 4662 2009 4734; baseline -0.008 -9"><span class='ocrx_word' id='word_1_676' title='bbox 513 4670 602 4725; x_wconf 90' lang='lat' dir='ltr'><strong>Ill.</strong></span> <span class='ocrx_word' id='word_1_677' title='bbox 641 4670 715 4724; x_wconf 92' lang='lat' dir='ltr'><strong>De</strong></span> <span class='ocrx_word' id='word_1_678' title='bbox 750 4667 1143 4725; x_wconf 89' lang='lat' dir='ltr'><strong>commentario</strong></span> <span class='ocrx_word' id='word_1_679' title='bbox 1178 4664 1462 4734; x_wconf 88' lang='lat' dir='ltr'><strong>Theophili</strong></span> <span class='ocrx_word' id='word_1_680' title='bbox 1492 4665 1544 4717; x_wconf 91' lang='lat' dir='ltr'><strong>in</strong></span> <span class='ocrx_word' id='word_1_681' title='bbox 1579 4662 1932 4733; x_wconf 84' lang='lat' dir='ltr'><strong>Evangelium</strong></span> <span class='ocrx_word' id='word_1_682' title='bbox 1955 4668 2009 4714; x_wconf 89' lang='lat' dir='ltr'><strong>et</strong></span> 
     </span>
    </p>
   </div>
   <div class='ocr_carea' id='block_1_94' title="bbox 446 4752 2009 4827">
    <p class='ocr_par' dir='ltr' id='par_1_94' title="bbox 446 4752 2009 4827">
     <span class='ocr_line' id='line_1_94' title="bbox 446 4752 2009 4827; baseline -0.007 -9"><span class='ocrx_word' id='word_1_683' title='bbox 446 4763 500 4818; x_wconf 92' lang='lat' dir='ltr'><strong>in</strong></span> <span class='ocrx_word' id='word_1_684' title='bbox 532 4763 829 4817; x_wconf 78' lang='lat' dir='ltr'><strong>Proverbia</strong></span> <span class='ocrx_word' id='word_1_685' title='bbox 872 4760 953 4814; x_wconf 90' lang='lat' dir='ltr'><strong>sic</strong></span> <span class='ocrx_word' id='word_1_686' title='bbox 990 4757 1232 4827; x_wconf 88' lang='lat' dir='ltr'><strong>loquitur</strong></span> <span class='ocrx_word' id='word_1_687' title='bbox 1266 4755 1624 4827; x_wconf 87' lang='lat' dir='ltr'><strong>Hieronymus</strong></span> <span class='ocrx_word' id='word_1_688' title='bbox 1669 4754 1722 4808; x_wconf 91' lang='lat' dir='ltr'><strong>in</strong></span> <span class='ocrx_word' id='word_1_689' title='bbox 1754 4754 1893 4807; x_wconf 91' lang='lat' dir='ltr'><strong>libro</strong></span> <span class='ocrx_word' id='word_1_690' title='bbox 1931 4752 2009 4807; x_wconf 82' lang='lat' dir='ltr'><strong>De</strong></span> 
     </span>
    </p>
   </div>
   <div class='ocr_carea' id='block_1_95' title="bbox 445 4844 2009 4921">
    <p class='ocr_par' dir='ltr' id='par_1_95' title="bbox 445 4844 2009 4921">
     <span class='ocr_line' id='line_1_95' title="bbox 445 4844 2009 4921; baseline -0.006 -13"><span class='ocrx_word' id='word_1_691' title='bbox 445 4852 789 4921; x_wconf 83' lang='lat' dir='ltr'><strong>scriptoribus</strong></span> <span class='ocrx_word' id='word_1_692' title='bbox 833 4848 1205 4905; x_wconf 69' lang='lat' dir='ltr'><strong>ecclesiasticis</strong></span> <span class='ocrx_word' id='word_1_693' title='bbox 1226 4862 1245 4901; x_wconf 94' lang='lat'><em>:</em></span> <span class='ocrx_word' id='word_1_694' title='bbox 1285 4866 1303 4897; x_wconf 70' lang='grc' dir='ltr'><strong>ι</strong></span> <span class='ocrx_word' id='word_1_695' title='bbox 1333 4845 1460 4916; x_wconf 87' lang='lat' dir='ltr'><strong>Legi</strong></span> <span class='ocrx_word' id='word_1_696' title='bbox 1493 4846 1592 4901; x_wconf 86' lang='lat' dir='ltr'><strong>sub</strong></span> <span class='ocrx_word' id='word_1_697' title='bbox 1626 4846 1846 4901; x_wconf 89' lang='lat' dir='ltr'><strong>nomine</strong></span> <span class='ocrx_word' id='word_1_698' title='bbox 1887 4844 2009 4914; x_wconf 70' lang='lat' dir='ltr'><strong>eius</strong></span> 
     </span>
    </p>
   </div>
   <div class='ocr_carea' id='block_1_96' title="bbox 448 4936 2007 5012">
    <p class='ocr_par' dir='ltr' id='par_1_96' title="bbox 448 4936 2007 5012">
     <span class='ocr_line' id='line_1_96' title="bbox 448 4936 2007 5012; baseline -0.008 -13"><span class='ocrx_word' id='word_1_699' title='bbox 448 4944 505 4999; x_wconf 86' lang='lat' dir='ltr'><strong>in</strong></span> <span class='ocrx_word' id='word_1_700' title='bbox 533 4941 889 5012; x_wconf 85' lang='lat' dir='ltr'><strong>Evangelium</strong></span> <span class='ocrx_word' id='word_1_701' title='bbox 918 4950 972 4993; x_wconf 91' lang='lat' dir='ltr'><strong>et</strong></span> <span class='ocrx_word' id='word_1_702' title='bbox 994 4940 1047 4992; x_wconf 87' lang='lat' dir='ltr'><strong>in</strong></span> <span class='ocrx_word' id='word_1_703' title='bbox 1075 4938 1368 4993; x_wconf 85' lang='lat' dir='ltr'><strong>Proverbia</strong></span> <span class='ocrx_word' id='word_1_704' title='bbox 1398 4936 1704 4992; x_wconf 89' lang='lat' dir='ltr'><strong>Salomonis</strong></span> <span class='ocrx_word' id='word_1_705' title='bbox 1730 4949 2007 4990; x_wconf 87' lang='lat' dir='ltr'><strong>commen-</strong></span> 
     </span>
    </p>
   </div>
   <div class='ocr_carea' id='block_1_97' title="bbox 451 5024 2006 5103">
    <p class='ocr_par' dir='ltr' id='par_1_97' title="bbox 451 5024 2006 5103">
     <span class='ocr_line' id='line_1_97' title="bbox 451 5024 2006 5103; baseline -0.009 -11"><span class='ocrx_word' id='word_1_706' title='bbox 451 5037 639 5100; x_wconf 86' lang='lat' dir='ltr'><strong>tarios,</strong></span> <span class='ocrx_word' id='word_1_707' title='bbox 688 5033 779 5103; x_wconf 91' lang='lat' dir='ltr'><strong>qui</strong></span> <span class='ocrx_word' id='word_1_708' title='bbox 819 5031 1099 5086; x_wconf 88' lang='lat' dir='ltr'><strong>mihicum</strong></span> <span class='ocrx_word' id='word_1_709' title='bbox 1141 5029 1480 5097; x_wconf 89' lang='lat' dir='ltr'><strong>superiorum</strong></span> <span class='ocrx_word' id='word_1_710' title='bbox 1526 5026 1859 5080; x_wconf 82' lang='lat' dir='ltr'><strong>voluminum</strong></span> <span class='ocrx_word' id='word_1_711' title='bbox 1892 5024 2006 5079; x_wconf 86' lang='lat' dir='ltr'><strong>ele-</strong></span> 
     </span>
    </p>
   </div>
   <div class='ocr_carea' id='block_1_98' title="bbox 449 5116 2007 5200">
    <p class='ocr_par' dir='ltr' id='par_1_98' title="bbox 449 5116 2007 5200">
     <span class='ocr_line' id='line_1_98' title="bbox 449 5116 2007 5200; baseline -0.009 -17"><span class='ocrx_word' id='word_1_712' title='bbox 449 5129 627 5200; x_wconf 85' lang='lat' dir='ltr'><strong>gantia</strong></span> <span class='ocrx_word' id='word_1_713' title='bbox 659 5136 716 5182; x_wconf 91' lang='lat' dir='ltr'><strong>et</strong></span> <span class='ocrx_word' id='word_1_714' title='bbox 763 5124 948 5192; x_wconf 88' lang='lat' dir='ltr'><strong>phrasi</strong></span> <span class='ocrx_word' id='word_1_715' title='bbox 990 5137 1097 5177; x_wconf 91' lang='lat' dir='ltr'><strong>non</strong></span> <span class='ocrx_word' id='word_1_716' title='bbox 1148 5122 1404 5176; x_wconf 90' lang='lat' dir='ltr'><strong>videntur</strong></span> <span class='ocrx_word' id='word_1_717' title='bbox 1434 5133 1754 5187; x_wconf 86' lang='lat' dir='ltr'><strong>congruere.</strong></span> <span class='ocrx_word' id='word_1_718' title='bbox 1780 5136 1798 5169; x_wconf 72' lang='grc' dir='ltr'><strong>ι</strong></span> <span class='ocrx_word' id='word_1_719' title='bbox 1856 5116 2007 5171; x_wconf 87' lang='lat' dir='ltr'><strong>Idem</strong></span> 
     </span>
    </p>
   </div>
   <div class='ocr_carea' id='block_1_99' title="bbox 451 5208 2008 5287">
    <p class='ocr_par' dir='ltr' id='par_1_99' title="bbox 451 5208 2008 5287">
     <span class='ocr_line' id='line_1_99' title="bbox 451 5208 2008 5287; baseline -0.01 -11"><span class='ocrx_word' id='word_1_720' title='bbox 451 5222 505 5276; x_wconf 89' lang='lat' dir='ltr'><strong>in</strong></span> <span class='ocrx_word' id='word_1_721' title='bbox 535 5216 761 5287; x_wconf 83' lang='lat' dir='ltr'><strong>epistola</strong></span> <span class='ocrx_word' id='word_1_722' title='bbox 798 5216 865 5270; x_wconf 91' lang='lat' dir='ltr'><strong>ad</strong></span> <span class='ocrx_word' id='word_1_723' title='bbox 894 5214 1194 5284; x_wconf 83' lang='lat' dir='ltr'><strong>Algasiam,</strong></span> <span class='ocrx_word' id='word_1_724' title='bbox 1224 5217 1418 5281; x_wconf 64' lang='lat' dir='ltr'><strong>quaest.</strong></span> <span class='ocrx_word' id='word_1_725' title='bbox 1452 5209 1508 5275; x_wconf 88' lang='lat'><strong>6,</strong></span> <span class='ocrx_word' id='word_1_726' title='bbox 1541 5210 1714 5262; x_wconf 92' lang='lat' dir='ltr'><strong>utitur</strong></span> <span class='ocrx_word' id='word_1_727' title='bbox 1758 5208 2008 5263; x_wconf 88' lang='lat' dir='ltr'><strong>testimo-</strong></span> 
     </span>
    </p>
   </div>
   <div class='ocr_carea' id='block_1_100' title="bbox 452 5298 2007 5375">
    <p class='ocr_par' dir='ltr' id='par_1_100' title="bbox 452 5298 2007 5375">
     <span class='ocr_line' id='line_1_100' title="bbox 452 5298 2007 5375; baseline -0.005 -15"><span class='ocrx_word' id='word_1_728' title='bbox 452 5306 542 5360; x_wconf 91' lang='lat' dir='ltr'><strong>nio</strong></span> <span class='ocrx_word' id='word_1_729' title='bbox 572 5302 1116 5375; x_wconf 83' lang='lat' dir='ltr'><strong>quodamTheophili</strong></span> <span class='ocrx_word' id='word_1_730' title='bbox 1146 5299 1494 5366; x_wconf 86' lang='lat' dir='ltr'><strong>Antiocheni,</strong></span> <span class='ocrx_word' id='word_1_731' title='bbox 1526 5300 1670 5369; x_wconf 90' lang='lat' dir='ltr'><strong>quod</strong></span> <span class='ocrx_word' id='word_1_732' title='bbox 1705 5300 1757 5353; x_wconf 93' lang='lat' dir='ltr'><strong>in</strong></span> <span class='ocrx_word' id='word_1_733' title='bbox 1787 5298 2007 5368; x_wconf 79' lang='lat' dir='ltr'><strong>Appen-</strong></span> 
     </span>
    </p>
   </div>
   <div class='ocr_carea' id='block_1_101' title="bbox 452 5388 2011 5459">
    <p class='ocr_par' dir='ltr' id='par_1_101' title="bbox 452 5388 2011 5459">
     <span class='ocr_line' id='line_1_101' title="bbox 452 5388 2011 5459; baseline -0.003 -9"><span class='ocrx_word' id='word_1_734' title='bbox 452 5395 569 5450; x_wconf 84' lang='lat' dir='ltr'><strong>dice</strong></span> <span class='ocrx_word' id='word_1_735' title='bbox 605 5394 913 5450; x_wconf 90' lang='lat' dir='ltr'><strong>referimus.</strong></span> <span class='ocrx_word' id='word_1_736' title='bbox 952 5390 1071 5459; x_wconf 87' lang='lat' dir='ltr'><strong>Quo</strong></span> <span class='ocrx_word' id='word_1_737' title='bbox 1102 5401 1278 5445; x_wconf 90' lang='lat' dir='ltr'><strong>autem</strong></span> <span class='ocrx_word' id='word_1_738' title='bbox 1318 5404 1386 5445; x_wconf 81' lang='lat' dir='ltr'><strong>ex</strong></span> <span class='ocrx_word' id='word_1_739' title='bbox 1415 5404 1581 5458; x_wconf 88' lang='lat' dir='ltr'><strong>opere</strong></span> <span class='ocrx_word' id='word_1_740' title='bbox 1612 5388 1891 5458; x_wconf 90' lang='lat' dir='ltr'><strong>Theophili</strong></span> <span class='ocrx_word' id='word_1_741' title='bbox 1917 5390 2011 5445; x_wconf 85' lang='lat' dir='ltr'><strong>de-</strong></span> 
     </span>
    </p>
   </div>
   <div class='ocr_carea' id='block_1_102' title="bbox 450 5478 2005 5557">
    <p class='ocr_par' dir='ltr' id='par_1_102' title="bbox 450 5478 2005 5557">
     <span class='ocr_line' id='line_1_102' title="bbox 450 5478 2005 5557; baseline -0.005 -17"><span class='ocrx_word' id='word_1_742' title='bbox 450 5493 721 5557; x_wconf 84' lang='lat' dir='ltr'><strong>sumptum</strong></span> <span class='ocrx_word' id='word_1_743' title='bbox 752 5487 844 5550; x_wconf 92' lang='lat' dir='ltr'><strong>sit,</strong></span> <span class='ocrx_word' id='word_1_744' title='bbox 890 5484 1249 5553; x_wconf 89' lang='lat' dir='ltr'><strong>Hieronymus</strong></span> <span class='ocrx_word' id='word_1_745' title='bbox 1298 5481 1559 5536; x_wconf 87' lang='lat' dir='ltr'><strong>declarat.</strong></span> <span class='ocrx_word' id='word_1_746' title='bbox 1596 5498 1616 5531; x_wconf 78' lang='grc' dir='ltr'><strong>ι</strong></span> <span class='ocrx_word' id='word_1_747' title='bbox 1652 5478 2005 5549; x_wconf 86' lang='lat' dir='ltr'><strong>Theophilus,</strong></span> 
     </span>
    </p>
   </div>
   <div class='ocr_carea' id='block_1_103' title="bbox 453 5570 2004 5647">
    <p class='ocr_par' dir='ltr' id='par_1_103' title="bbox 453 5570 2004 5647">
     <span class='ocr_line' id='line_1_103' title="bbox 453 5570 2004 5647; baseline -0.007 -12"><span class='ocrx_word' id='word_1_748' title='bbox 453 5580 651 5647; x_wconf 86' lang='lat' dir='ltr'><strong>inquit,</strong></span> <span class='ocrx_word' id='word_1_749' title='bbox 682 5577 1031 5631; x_wconf 71' lang='lat' dir='ltr'><strong>Antiuchenaa</strong></span> <span class='ocrx_word' id='word_1_750' title='bbox 1058 5574 1319 5630; x_wconf 63' lang='lat' dir='ltr'><strong>Ecclesia:</strong></span> <span class='ocrx_word' id='word_1_751' title='bbox 1345 5573 1604 5641; x_wconf 88' lang='lat' dir='ltr'><strong>septimus</strong></span> <span class='ocrx_word' id='word_1_752' title='bbox 1635 5579 1755 5641; x_wconf 90' lang='lat' dir='ltr'><strong>post</strong></span> <span class='ocrx_word' id='word_1_753' title='bbox 1786 5570 2004 5625; x_wconf 89' lang='lat' dir='ltr'><strong>Petrum</strong></span> 
     </span>
    </p>
   </div>
   <div class='ocr_carea' id='block_1_104' title="bbox 522 5732 1127 5803">
    <p class='ocr_par' dir='ltr' id='par_1_104' title="bbox 522 5732 1127 5803">
     <span class='ocr_line' id='line_1_104' title="bbox 522 5732 1127 5803; baseline -0.012 -11"><span class='ocrx_word' id='word_1_754' title='bbox 522 5737 567 5769; x_wconf 73' lang='grc' dir='ltr'><strong>δ’</strong></span> <span class='ocrx_word' id='word_1_755' title='bbox 608 5734 825 5803; x_wconf 86' lang='lat' dir='ltr'><strong>Prolog.</strong></span> <span class='ocrx_word' id='word_1_756' title='bbox 856 5734 907 5787; x_wconf 92' lang='lat' dir='ltr'><strong>in</strong></span> <span class='ocrx_word' id='word_1_757' title='bbox 933 5732 1127 5788; x_wconf 78' lang='lat' dir='ltr'><strong>Matth;</strong></span> 
     </span>
    </p>
   </div>
   <div class='ocr_carea' id='block_1_105' title="bbox 1204 5731 2028 5789">
    <p class='ocr_par' dir='ltr' id='par_1_105' title="bbox 1204 5731 2028 5789">
     <span class='ocr_line' id='line_1_105' title="bbox 1204 5731 2028 5789; baseline 0 0"><span class='ocrx_word' id='word_1_758' title='bbox 1204 5731 1411 5789; x_wconf 67' lang='lat' dir='ltr'><strong>“-Lib.</strong></span> <span class='ocrx_word' id='word_1_759' title='bbox 1447 5748 1485 5788; x_wconf 86' lang='grc' dir='ltr'>ι.</span> <span class='ocrx_word' id='word_1_760' title='bbox 1561 5733 1605 5765; x_wconf 71' lang='grc'>⁸³</span> <span class='ocrx_word' id='word_1_761' title='bbox 1643 5731 1761 5788; x_wconf 90' lang='lat' dir='ltr'><strong>Lib.</strong></span> <span class='ocrx_word' id='word_1_762' title='bbox 1796 5747 1831 5787; x_wconf 91' lang='lat' dir='ltr'><strong>tt</strong></span> <span class='ocrx_word' id='word_1_763' title='bbox 1858 5743 1911 5787; x_wconf 89' lang='lat' dir='ltr'><strong>ct</strong></span> <span class='ocrx_word' id='word_1_764' title='bbox 1944 5748 2028 5789; x_wconf 83' lang='lat' dir='ltr'><strong>Ill.</strong></span> 
     </span>
    </p>
   </div>
   <div class='ocr_carea' id='block_1_106' title="bbox 2180 4561 3679 4632">
    <p class='ocr_par' dir='ltr' id='par_1_106' title="bbox 2180 4561 3679 4632">
     <span class='ocr_line' id='line_1_106' title="bbox 2180 4561 3679 4632; baseline 0 -14"><span class='ocrx_word' id='word_1_765' title='bbox 2180 4562 2412 4618; x_wconf 84' lang='lat' dir='ltr'><strong>Videtur</strong></span> <span class='ocrx_word' id='word_1_766' title='bbox 2458 4561 2759 4632; x_wconf 88' lang='lat' dir='ltr'><strong>Autolycus</strong></span> <span class='ocrx_word' id='word_1_767' title='bbox 2803 4562 3041 4617; x_wconf 89' lang='lat' dir='ltr'><strong>amicitia</strong></span> <span class='ocrx_word' id='word_1_768' title='bbox 3074 4578 3199 4617; x_wconf 90' lang='lat' dir='ltr'><strong>cum</strong></span> <span class='ocrx_word' id='word_1_769' title='bbox 3232 4561 3535 4632; x_wconf 85' lang='lat' dir='ltr'><strong>Theophilo</strong></span> <span class='ocrx_word' id='word_1_770' title='bbox 3568 4580 3679 4618; x_wconf 85' lang='lat' dir='ltr'><strong>no—</strong></span> 
     </span>
    </p>
   </div>
   <div class='ocr_carea' id='block_1_107' title="bbox 2111 4652 3681 4721">
    <p class='ocr_par' dir='ltr' id='par_1_107' title="bbox 2111 4652 3681 4721">
     <span class='ocr_line' id='line_1_107' title="bbox 2111 4652 3681 4721; baseline 0.003 -14"><span class='ocrx_word' id='word_1_771' title='bbox 2111 4660 2224 4707; x_wconf 90' lang='lat' dir='ltr'><strong>stro</strong></span> <span class='ocrx_word' id='word_1_772' title='bbox 2254 4653 2579 4721; x_wconf 89' lang='lat' dir='ltr'><strong>conjunctus</strong></span> <span class='ocrx_word' id='word_1_773' title='bbox 2613 4652 2802 4711; x_wconf 80' lang='lat' dir='ltr'><strong>fuisse.</strong></span> <span class='ocrx_word' id='word_1_774' title='bbox 2853 4654 3099 4709; x_wconf 88' lang='lat' dir='ltr'><strong>Amicum</strong></span> <span class='ocrx_word' id='word_1_775' title='bbox 3133 4656 3278 4709; x_wconf 89' lang='lat' dir='ltr'><strong>enim</strong></span> <span class='ocrx_word' id='word_1_776' title='bbox 3315 4655 3463 4710; x_wconf 87' lang='lat' dir='ltr'><strong>illum</strong></span> <span class='ocrx_word' id='word_1_777' title='bbox 3510 4668 3681 4713; x_wconf 74' lang='lat' dir='ltr'><strong>voCat</strong></span> 
     </span>
    </p>
   </div>
   <div class='ocr_carea' id='block_1_108' title="bbox 2112 4741 3679 4814">
    <p class='ocr_par' dir='ltr' id='par_1_108' title="bbox 2112 4741 3679 4814">
     <span class='ocr_line' id='line_1_108' title="bbox 2112 4741 3679 4814; baseline 0.004 -19"><span class='ocrx_word' id='word_1_778' title='bbox 2112 4741 2444 4812; x_wconf 88' lang='lat' dir='ltr'><strong>Theophilus</strong></span> <span class='ocrx_word' id='word_1_779' title='bbox 2475 4742 2575 4796; x_wconf 89' lang='lat' dir='ltr'><strong>sub</strong></span> <span class='ocrx_word' id='word_1_780' title='bbox 2609 4744 2769 4797; x_wconf 84' lang='lat' dir='ltr'><strong>linem</strong></span> <span class='ocrx_word' id='word_1_781' title='bbox 2818 4742 2945 4796; x_wconf 87' lang='lat' dir='ltr'><strong>libri</strong></span> <span class='ocrx_word' id='word_1_782' title='bbox 2994 4743 3178 4811; x_wconf 89' lang='lat' dir='ltr'><strong>primi,</strong></span> <span class='ocrx_word' id='word_1_783' title='bbox 3228 4753 3284 4798; x_wconf 91' lang='lat' dir='ltr'><strong>et</strong></span> <span class='ocrx_word' id='word_1_784' title='bbox 3314 4744 3378 4797; x_wconf 90' lang='lat' dir='ltr'><strong>ad</strong></span> <span class='ocrx_word' id='word_1_785' title='bbox 3413 4744 3679 4814; x_wconf 71' lang='lat' dir='ltr'><strong>frequens</strong></span> 
     </span>
    </p>
   </div>
   <div class='ocr_carea' id='block_1_109' title="bbox 2110 4832 3681 4904">
    <p class='ocr_par' dir='ltr' id='par_1_109' title="bbox 2110 4832 3681 4904">
     <span class='ocr_line' id='line_1_109' title="bbox 2110 4832 3681 4904; baseline 0.005 -17"><span class='ocrx_word' id='word_1_786' title='bbox 2110 4832 2437 4904; x_wconf 91' lang='lat' dir='ltr'><strong>colloquium</strong></span> <span class='ocrx_word' id='word_1_787' title='bbox 2466 4836 2659 4888; x_wconf 85' lang='lat' dir='ltr'><strong>invitat</strong></span> <span class='ocrx_word' id='word_1_788' title='bbox 2691 4836 2793 4888; x_wconf 90' lang='lat' dir='ltr'><strong>sub</strong></span> <span class='ocrx_word' id='word_1_789' title='bbox 2833 4833 2994 4889; x_wconf 79' lang='lat' dir='ltr'><strong>ﬁnem</strong></span> <span class='ocrx_word' id='word_1_790' title='bbox 3022 4837 3269 4891; x_wconf 87' lang='lat' dir='ltr'><strong>secundi.</strong></span> <span class='ocrx_word' id='word_1_791' title='bbox 3305 4838 3517 4892; x_wconf 89' lang='lat' dir='ltr'><strong>Inerant</strong></span> <span class='ocrx_word' id='word_1_792' title='bbox 3545 4840 3681 4895; x_wconf 91' lang='lat' dir='ltr'><strong>huic</strong></span> 
     </span>
    </p>
   </div>
   <div class='ocr_carea' id='block_1_110' title="bbox 2112 4928 3676 4997">
    <p class='ocr_par' dir='ltr' id='par_1_110' title="bbox 2112 4928 3676 4997">
     <span class='ocr_line' id='line_1_110' title="bbox 2112 4928 3676 4997; baseline 0 -13"><span class='ocrx_word' id='word_1_793' title='bbox 2112 4929 2317 4984; x_wconf 91' lang='lat' dir='ltr'><strong>homini</strong></span> <span class='ocrx_word' id='word_1_794' title='bbox 2347 4944 2451 4981; x_wconf 93' lang='lat' dir='ltr'><strong>non</strong></span> <span class='ocrx_word' id='word_1_795' title='bbox 2473 4943 2639 4997; x_wconf 87' lang='lat' dir='ltr'><strong>parva</strong></span> <span class='ocrx_word' id='word_1_796' title='bbox 2669 4928 3004 4982; x_wconf 78' lang='lat' dir='ltr'><strong>ethnicorum</strong></span> <span class='ocrx_word' id='word_1_797' title='bbox 3036 4929 3300 4984; x_wconf 89' lang='lat' dir='ltr'><strong>virtutum</strong></span> <span class='ocrx_word' id='word_1_798' title='bbox 3326 4939 3676 4992; x_wconf 86' lang='lat' dir='ltr'><strong>ornamenta.</strong></span> 
     </span>
    </p>
   </div>
   <div class='ocr_carea' id='block_1_111' title="bbox 2112 5019 3679 5091">
    <p class='ocr_par' dir='ltr' id='par_1_111' title="bbox 2112 5019 3679 5091">
     <span class='ocr_line' id='line_1_111' title="bbox 2112 5019 3679 5091; baseline 0 -16"><span class='ocrx_word' id='word_1_799' title='bbox 2112 5032 2169 5075; x_wconf 85' lang='lat' dir='ltr'><strong>et</strong></span> <span class='ocrx_word' id='word_1_800' title='bbox 2195 5019 2528 5074; x_wconf 82' lang='lat' dir='ltr'><strong>indefessum</strong></span> <span class='ocrx_word' id='word_1_801' title='bbox 2558 5019 2769 5089; x_wconf 91' lang='lat' dir='ltr'><strong>legendi</strong></span> <span class='ocrx_word' id='word_1_802' title='bbox 2802 5020 3064 5075; x_wconf 86' lang='lat' dir='ltr'><strong>studium.</strong></span> <span class='ocrx_word' id='word_1_803' title='bbox 3091 5021 3371 5091; x_wconf 88' lang='lat' dir='ltr'><strong>Optimum</strong></span> <span class='ocrx_word' id='word_1_804' title='bbox 3406 5021 3558 5075; x_wconf 92' lang='lat' dir='ltr'><strong>illum</strong></span> <span class='ocrx_word' id='word_1_805' title='bbox 3581 5037 3679 5075; x_wconf 80' lang='lat' dir='ltr'><strong>sa-</strong></span> 
     </span>
    </p>
   </div>
   <div class='ocr_carea' id='block_1_112' title="bbox 2116 5109 3676 5181">
    <p class='ocr_par' dir='ltr' id='par_1_112' title="bbox 2116 5109 3676 5181">
     <span class='ocr_line' id='line_1_112' title="bbox 2116 5109 3676 5181; baseline -0.003 -16"><span class='ocrx_word' id='word_1_806' title='bbox 2116 5112 2254 5166; x_wconf 84' lang='lat' dir='ltr'><strong>lutat</strong></span> <span class='ocrx_word' id='word_1_807' title='bbox 2282 5109 2617 5180; x_wconf 88' lang='lat' dir='ltr'><strong>Theophilus</strong></span> <span class='ocrx_word' id='word_1_808' title='bbox 2644 5110 2805 5181; x_wconf 91' lang='lat' dir='ltr'><strong>eique</strong></span> <span class='ocrx_word' id='word_1_809' title='bbox 2836 5112 3137 5181; x_wconf 75' lang='lat' dir='ltr'><strong>prudentia:</strong></span> <span class='ocrx_word' id='word_1_810' title='bbox 3188 5112 3397 5166; x_wconf 90' lang='lat' dir='ltr'><strong>laudent</strong></span> <span class='ocrx_word' id='word_1_811' title='bbox 3432 5111 3623 5165; x_wconf 91' lang='lat' dir='ltr'><strong>tribuit</strong></span> <span class='ocrx_word' id='word_1_812' title='bbox 3660 5124 3676 5161; x_wconf 93' lang='lat'>:</span> 
     </span>
    </p>
   </div>
   <div class='ocr_carea' id='block_1_113' title="bbox 2118 5203 3677 5274">
    <p class='ocr_par' dir='ltr' id='par_1_113' title="bbox 2118 5203 3677 5274">
     <span class='ocr_line' id='line_1_113' title="bbox 2118 5203 3677 5274; baseline 0.002 -18"><span class='ocrx_word' id='word_1_813' title='bbox 2118 5203 2351 5274; x_wconf 87' lang='lat' dir='ltr'><strong>plurima</strong></span> <span class='ocrx_word' id='word_1_814' title='bbox 2407 5203 2605 5272; x_wconf 85' lang='lat' dir='ltr'><strong>legisse</strong></span> <span class='ocrx_word' id='word_1_815' title='bbox 2643 5210 2899 5269; x_wconf 90' lang='lat' dir='ltr'><strong>testatur,</strong></span> <span class='ocrx_word' id='word_1_816' title='bbox 2952 5218 3015 5258; x_wconf 89' lang='lat' dir='ltr'><strong>ac</strong></span> <span class='ocrx_word' id='word_1_817' title='bbox 3059 5204 3115 5259; x_wconf 92' lang='lat' dir='ltr'><strong>in</strong></span> <span class='ocrx_word' id='word_1_818' title='bbox 3152 5206 3300 5258; x_wconf 89' lang='lat' dir='ltr'><strong>omni</strong></span> <span class='ocrx_word' id='word_1_819' title='bbox 3336 5205 3677 5274; x_wconf 85' lang='lat' dir='ltr'><strong>eruditione,</strong></span> 
     </span>
    </p>
   </div>
   <div class='ocr_carea' id='block_1_114' title="bbox 2121 5294 3683 5365">
    <p class='ocr_par' dir='ltr' id='par_1_114' title="bbox 2121 5294 3683 5365">
     <span class='ocr_line' id='line_1_114' title="bbox 2121 5294 3683 5365; baseline -0.001 -12"><span class='ocrx_word' id='word_1_820' title='bbox 2121 5296 2256 5359; x_wconf 86' lang='lat' dir='ltr'><strong>sive,</strong></span> <span class='ocrx_word' id='word_1_821' title='bbox 2292 5304 2351 5350; x_wconf 92' lang='lat' dir='ltr'><strong>ut</strong></span> <span class='ocrx_word' id='word_1_822' title='bbox 2380 5296 2499 5364; x_wconf 91' lang='lat' dir='ltr'><strong>ipse</strong></span> <span class='ocrx_word' id='word_1_823' title='bbox 2526 5294 2783 5365; x_wconf 88' lang='lat' dir='ltr'><strong>appellat,</strong></span> <span class='ocrx_word' id='word_1_824' title='bbox 2840 5294 2894 5348; x_wconf 91' lang='lat' dir='ltr'><strong>in</strong></span> <span class='ocrx_word' id='word_1_825' title='bbox 2936 5296 3187 5350; x_wconf 87' lang='lat' dir='ltr'><strong>omnibus</strong></span> <span class='ocrx_word' id='word_1_826' title='bbox 3231 5296 3475 5364; x_wconf 81' lang='lat' dir='ltr'><strong>Operosis</strong></span> <span class='ocrx_word' id='word_1_827' title='bbox 3520 5298 3683 5365; x_wconf 90' lang='lat' dir='ltr'><strong>nugis</strong></span> 
     </span>
    </p>
   </div>
   <div class='ocr_carea' id='block_1_115' title="bbox 2118 5385 3683 5449">
    <p class='ocr_par' dir='ltr' id='par_1_115' title="bbox 2118 5385 3683 5449">
     <span class='ocr_line' id='line_1_115' title="bbox 2118 5385 3683 5449; baseline 0 -10"><span class='ocrx_word' id='word_1_828' title='bbox 2118 5394 2270 5439; x_wconf 86' lang='lat' dir='ltr'><strong>tanto</strong></span> <span class='ocrx_word' id='word_1_829' title='bbox 2302 5386 2481 5439; x_wconf 86' lang='lat' dir='ltr'><strong>studio</strong></span> <span class='ocrx_word' id='word_1_830' title='bbox 2512 5385 2743 5449; x_wconf 88' lang='lat' dir='ltr'><strong>versari,</strong></span> <span class='ocrx_word' id='word_1_831' title='bbox 2776 5394 2834 5438; x_wconf 92' lang='lat' dir='ltr'><strong>ut</strong></span> <span class='ocrx_word' id='word_1_832' title='bbox 2859 5395 3044 5439; x_wconf 86' lang='lat' dir='ltr'><strong>noctes</strong></span> <span class='ocrx_word' id='word_1_833' title='bbox 3072 5385 3124 5439; x_wconf 85' lang='lat' dir='ltr'><strong>in</strong></span> <span class='ocrx_word' id='word_1_834' title='bbox 3172 5385 3517 5441; x_wconf 88' lang='lat' dir='ltr'><strong>bibliothecis</strong></span> <span class='ocrx_word' id='word_1_835' title='bbox 3547 5402 3683 5441; x_wconf 89' lang='lat' dir='ltr'><strong>con-</strong></span> 
     </span>
    </p>
   </div>
   <div class='ocr_carea' id='block_1_116' title="bbox 2119 5464 3683 5553">
    <p class='ocr_par' dir='ltr' id='par_1_116' title="bbox 2119 5464 3683 5553">
     <span class='ocr_line' id='line_1_116' title="bbox 2119 5464 3683 5553; baseline 0.001 -17"><span class='ocrx_word' id='word_1_836' title='bbox 2119 5496 2333 5536; x_wconf 91' lang='lat' dir='ltr'><strong>sumere</strong></span> <span class='ocrx_word' id='word_1_837' title='bbox 2362 5498 2467 5536; x_wconf 90' lang='lat' dir='ltr'><strong>non</strong></span> <span class='ocrx_word' id='word_1_838' title='bbox 2490 5480 2784 5535; x_wconf 89' lang='lat' dir='ltr'><strong>dubitaret.</strong></span> <span class='ocrx_word' id='word_1_839' title='bbox 2819 5480 2925 5536; x_wconf 90' lang='lat' dir='ltr'><strong>Sed</strong></span> <span class='ocrx_word' id='word_1_840' title='bbox 2964 5482 3062 5535; x_wconf 90' lang='lat' dir='ltr'><strong>has</strong></span> <span class='ocrx_word' id='word_1_841' title='bbox 3091 5481 3339 5553; x_wconf 86' lang='lat' dir='ltr'><strong>Autolyci</strong></span> <span class='ocrx_word' id='word_1_842' title='bbox 3360 5464 3562 5537; x_wconf 81' lang='lat' dir='ltr'><strong>laudes</strong></span> <span class='ocrx_word' id='word_1_843' title='bbox 3590 5498 3683 5551; x_wconf 86' lang='lat' dir='ltr'><strong>pe-</strong></span> 
     </span>
    </p>
   </div>
   <div class='ocr_carea' id='block_1_117' title="bbox 2122 5572 3682 5643">
    <p class='ocr_par' dir='ltr' id='par_1_117' title="bbox 2122 5572 3682 5643">
     <span class='ocr_line' id='line_1_117' title="bbox 2122 5572 3682 5643; baseline 0.001 -17"><span class='ocrx_word' id='word_1_844' title='bbox 2122 5573 2264 5627; x_wconf 87' lang='lat' dir='ltr'><strong>nitus</strong></span> <span class='ocrx_word' id='word_1_845' title='bbox 2296 5574 2563 5628; x_wconf 90' lang='lat' dir='ltr'><strong>obruebat</strong></span> <span class='ocrx_word' id='word_1_846' title='bbox 2613 5573 2832 5643; x_wconf 78' lang='lat' dir='ltr'><strong>indigna</strong></span> <span class='ocrx_word' id='word_1_847' title='bbox 2884 5572 3101 5628; x_wconf 89' lang='lat' dir='ltr'><strong>homine</strong></span> <span class='ocrx_word' id='word_1_848' title='bbox 3133 5574 3291 5628; x_wconf 90' lang='lat' dir='ltr'><strong>docto</strong></span> <span class='ocrx_word' id='word_1_849' title='bbox 3328 5575 3379 5627; x_wconf 92' lang='lat' dir='ltr'><strong>in</strong></span> <span class='ocrx_word' id='word_1_850' title='bbox 3413 5590 3571 5628; x_wconf 91' lang='lat' dir='ltr'><strong>omne</strong></span> <span class='ocrx_word' id='word_1_851' title='bbox 3608 5576 3682 5627; x_wconf 84' lang='lat' dir='ltr'><strong>si-</strong></span> 
     </span>
    </p>
   </div>
   <div class='ocr_carea' id='block_1_118' title="bbox 2106 5732 2822 5805">
    <p class='ocr_par' dir='ltr' id='par_1_118' title="bbox 2106 5732 2822 5805">
     <span class='ocr_line' id='line_1_118' title="bbox 2106 5732 2822 5805; baseline -0.004 -16"><span class='ocrx_word' id='word_1_852' title='bbox 2106 5734 2152 5766; x_wconf 86' lang='grc'><strong>⁸⁰</strong></span> <span class='ocrx_word' id='word_1_853' title='bbox 2193 5734 2472 5805; x_wconf 83' lang='lat' dir='ltr'><strong>Spicilcg..</strong></span> <span class='ocrx_word' id='word_1_854' title='bbox 2504 5750 2557 5799; x_wconf 55' lang='grc' dir='ltr'><strong>λη.</strong></span> <span class='ocrx_word' id='word_1_855' title='bbox 2592 5732 2822 5788; x_wconf 72' lang='lat' dir='ltr'><strong>CCXXI.</strong></span> 
     </span>
    </p>
   </div>
  </div>
