3948 6256
139 364 217 416 2‘31
1237 372 1300 430 D.
1340 371 1606 426 MARANI
1635 367 2027 424 Pli/EFATIO.
2052 398 2124 409 —-
2154 366 2340 423 PARS
2373 367 2465 424 Ill.

3393 369 3499 425 2112

147 482 489 538 mulacrorum
543 500 746 558 genus
784 490 1034 559 pietas,
1101 503 1160 549 et
1214 495 1509 563 periniqua
1547 495 1613 548 de
1653 491 1814 548 Chri-
1848 503 1887 554 Α
1921 493 2099 562 lycum
2135 489 2470 560 Theophilus
2512 491 2578 544 ad
2633 489 2892 558 frequens
2930 488 3264 559 colloquium
3290 504 3307 554 ;
3333 487 3498 557 idque

159 581 324 634 stianis
351 595 416 634 ex
445 595 696 637 rumore
728 586 1034 654 populari
1095 588 1312 658 opinio.
1355 585 1491 640 Nam
1521 585 1615 652 qui
1646 595 1806 640 ciete-

177 688 330 728 rmuu
357 689 547 729 rerum
581 675 856 745 diligens
892 689 1044 734 erat
1099 681 1391 749 indagator
1412 719 1428 743 ,
1463 677 1811 732 Christianos

194 769 489 839 mgiigenter
529 767 839 834 audiebat,
883 783 1123 842 eosque
1149 771 1445 826 malesanis
1483 769 1811 824 commentis

212 861 425 918 credulus
442 875 568 916 cum
591 861 908 917 sororibus
936 863 1206 927 misceri,
1240 874 1295 918 et
1321 877 1520 918 carnes
1536 863 1811 916 humanas

230 970 384 1010 vorare
419 953 800 1008 existimabat.
829 953 1052 1008 Talem
1085 955 1246 1010 nobis
1282 953 1611 1024 Autolycum
1643 951 1810 1007 variis

247 1053 285 1107 in
309 1049 419 1104 locis
440 1045 682 1116 depingit
714 1045 1109 1114 Theophilus.

295 1143 536 1211 Opinatus
575 1149 663 1194 est
716 1137 1132 1193 Tillemontius
1180 1137 1444 1206 scriptum
1477 1134 1546 1190 ab
1576 1134 1805 1205 Autoly-

245 1252 293 1289 co
319 1237 566 1288 adversus
599 1232 973 1286 Christianos
1010 1232 1216 1284 librum
1263 1227 1566 1298 Tthpbilo
1614 1236 1807 1281 nostro

241 1328 373 1394 hujus
417 1323 866 1379 elucubrationis
918 1321 1276 1376 occasionem
1333 1321 1698 1374 ministrasse.
1742 1316 1810 1371 At

237 1422 417 1471 nullum
451 1418 680 1471 omnino
733 1415 908 1482 hujus
971 1418 1240 1468 adversus
1291 1413 1636 1468 Christianos
1683 1410 1806 1464 libri

231 1511 521 1579 vestigium.
547 1507 869 1563 Obtuderat
917 1504 1284 1574 TheOphitam
1330 1503 1635 1574 Autolycus
1693 1503 1810 1557 ina-

229 1601 375 1654 uibus
402 1599 787 1662 sermonibus,
838 1597 996 1652 fictos
1022 1611 1088 1649 ac
1113 1596 1292 1662 pictos
1314 1596 1449 1648 deos
1475 1595 1763 1647 venditans
1789 1607 1805 1657 ;

225 1693 511 1749 Christiani
544 1707 753 1745 nomen
792 1689 972 1744 instar
1005 1687 1196 1758 probri
1227 1686 1508 1756 obiecerat
1532 1703 1548 1753 ;
1573 1700 1640 1739 ac
1687 1695 1808 1737 tan-

226 1788 338 1840 dem
361 1785 657 1854 quasierat
691 1793 753 1836 ut
776 1782 949 1837 Deum
976 1797 1138 1836 suum
1185 1779 1520 1836 ostenderet.
1555 1777 1661 1832 Sed
1691 1777 1808 1831 hinc

1915 583 2130 638 videtur
2188 584 2293 637 iste
2339 597 2448 636 non
2488 581 2794 652 neglexisse
2828 598 2843 646 ;
2878 583 2974 636 sed
3006 597 3130 636 cum
3164 582 3342 638 adhuc
3377 597 3500 652 post

1911 675 2012 730 hos
2041 689 2371 744 congressus
2399 674 2688 728 veritatem
2722 673 2899 728 instar
2941 673 3120 729 delirii
3154 676 3404 742 haberet,
3434 689 3498 729 ac

1908 778 2165 824 recentes
2192 781 2315 821 esse
2357 766 2568 820 litteras
2625 775 2841 821 nostras
2887 767 2988 821 sibi
3020 768 3275 838 fingeret,
3303 784 3497 824 eorum

1911 858 2297 927 antiquitatem
2323 855 2660 926 Theophilus
2687 856 2741 910 in
2768 855 2908 912 libro
2931 858 3092 915 tertio
3119 860 3495 916 demonstrare

1913 947 2176 1004 instituit.

1988 1040 2050 1095 V.
2081 1038 2444 1110 Suppeditant
2469 1041 2525 1095 hi
2558 1041 2685 1097 libri
2718 1057 2821 1096 non
2863 1042 3128 1099 obscuras
3159 1054 3338 1110 notas,
3373 1047 3494 1114 qui-

1914 1132 2016 1187 bus
2043 1131 2342 1199 dijudicare
2391 1134 2687 1201 possimus,
2717 1150 2824 1204 quo
2851 1145 3096 1204 tempore
3145 1139 3334 1208 scripti
3371 1138 3490 1195 fue-

1914 1219 2048 1274 rint.
2107 1219 2240 1274 Nam
2293 1223 2702 1293 chronologiam
2745 1224 2798 1278 in
2852 1225 2990 1281 libro
3043 1231 3205 1285 tertio
3253 1235 3493 1299 pertexit

1913 1310 2246 1382 Theophilus
2272 1313 2338 1368 ab
2375 1314 2584 1383 origine
2635 1317 2818 1370 mundi
2872 1332 3042 1386 usque
3082 1320 3150 1375 ad
3199 1321 3270 1378 Μ.
3318 1325 3495 1380 Aure-

1916 1406 2068 1471 liutn,
2104 1421 2265 1476 quem
2294 1407 2362 1462 19
2388 1423 2586 1474 annos,
2620 1410 2739 1465 dics
2771 1411 2858 1476 10,
2891 1415 3188 1480 imperasse
3233 1426 3490 1474 testatur.

1912 1497 2063 1553 Citat
2094 1499 2260 1552 etiam
2312 1500 2700 1570 Chryserotem
2732 1502 2803 1556 M.
2832 1506 3036 1562 Aurelii
3069 1508 3341 1579 libertum,
3373 1514 3488 1582 qui,

1912 1597 2054 1646 teste
2098 1590 2401 1661 Theophilo
2433 1603 2639 1656 nostro,
2669 1603 2968 1665 temporum
3015 1602 3212 1656 seriem
3238 1604 3308 1658 ab
3345 1603 3492 1662 Urbe

1913 1682 2134 1737 condita
2163 1699 2339 1754 usque
2375 1686 2443 1740 ad
2491 1687 2699 1741 obitum
2733 1692 2950 1758 patroni
2998 1693 3082 1746 sui
3143 1695 3495 1766 imperatoris

1917 1776 1990 1831 Μ.
2031 1777 2240 1834 Aurelii
2267 1779 2650 1848 descripserat.
2684 1782 2761 1836 Ex
2782 1783 2867 1838 his
2899 1793 3047 1853 patet
3078 1787 3176 1842 hos
3208 1788 3375 1846 libros
3393 1793 3494 1847 sub

227 1879 464 1939 dicteria,
511 1891 639 1945 qua:
692 1873 1034 1945 Theophilus
1069 1873 1125 1926 in
1174 1860 1353 1943 primo
1403 1871 1547 1924 libro
1583 1867 1802 1933 refellit,
1841 1859 1881 1917 Β
1911 1869 2210 1926 Commodo
2243 1873 2475 1941 scriptos
2501 1889 2641 1942 esse,
2675 1892 2774 1931 nec
2806 1879 2982 1933 serius
3008 1889 3102 1936 aut
3127 1882 3290 1937 citius
3315 1885 3496 1940 collo-

225 1986 328 2024 που
373 1971 581 2038 scripto
623 1967 804 2022 fuisse
836 1967 1186 2036 consignata,
1228 1961 1285 2018 ut
1312 1964 1490 2019 visum
1524 1969 1612 2017 est
1641 1961 1809 2016 Tille-

226 2061 448 2124 montio,
478 2062 581 2115 sed
621 2061 680 2114 in
717 2060 955 2129 quodam
986 2057 1270 2127 colloquio
1289 2057 1516 2126 jactata,
1557 2069 1624 2109 ex
1648 2053 1810 2107 initio

222 2153 341 2208 libri
375 2153 606 2207 secundi
651 2152 1037 2222 perspicimus,
1072 2151 1162 2203 ubi
1190 2148 1521 2218 Theophilus
1573 2147 1813 2202 breviter

221 2260 518 2300 recensens
552 2260 681 2314 qua:
729 2245 872 2297 inter
915 2257 1010 2297 eos
1042 2241 1306 2295 hactenus
1359 2242 1810 2304 intercesserant,

218 2339 566 2408 ιὶιεἘπειδὴ
604 2338 716 2407 πρὸ
747 2335 954 2388 ωύτων
987 2333 1098 2386 τῶν
1136 2333 1358 2404 ἡμερῶν
1400 2333 1615 2401 ἐγένετο
1654 2330 1810 2400 λόγος

218 2431 365 2499 ἡμῖν,
400 2424 448 2483 ὦ
474 2426 793 2495 ἀγαθώτατε
811 2427 1109 2488 Αὑτόλυκε,
1134 2425 1437 2496 πυθομένου
1474 2440 1566 2476 σου
1599 2423 1685 2487 τίς
1708 2439 1810 2493 μου

215 2525 244 2574 ὁ
271 2521 426 2584 θεὸς,
463 2520 564 2572 καὶ
594 2518 665 2571 δι’
697 2517 880 2586 ὀλίγου
915 2516 1292 2587 παρασχόντος
1339 2533 1431 2568 σου
1476 2514 1545 2568 τὰ
1602 2508 1716 2567 ὦτα
1742 2515 1811 2586 τῇ

217 2613 402 2682 ὁμιλίᾳ
435 2611 621 2682 ἡμῶν,
640 2610 773 2680 περὶ
801 2609 902 2678 τῆς
935 2607 1244 2668 θεοσεϐείας
1279 2624 1379 2678 μου
1403 2605 1669 2676 ἐξεθέμην
1694 2619 1810 2659 σοι’

221 2704 298 2754 ἔτι
333 2703 390 2756 δὲ
443 2705 540 2756 χαί
590 2697 1002 2771 ἁποταξὰμενοι
1067 2701 1300 2762 ἑαυτοῖς,
1355 2697 1494 2768 μετὰ
1551 2697 1812 2768 πλείστης

221 2795 398 2861 ςιλίας
453 2794 845 2865 ἐπορεύθημεν
897 2793 1130 2856 ἕκαστος
1181 2795 1261 2857 εἰς
1292 2792 1381 2844 τὸν
1416 2789 1607 2844 ἑαυτοῦ
1641 2785 1810 2853 οἷκον,

222 2887 420 2956 καίπερ
438 2888 696 2960 σκληρῶς
712 2885 782 2939 τὰ
800 2885 992 2958 πρῶτα
1011 2885 1225 2955 ἔχοντος
1242 2883 1380 2956 ςσοῦ)
1400 2884 1534 2956 πρὸς
1553 2885 1716 2954 ἡμᾶς·
1736 2879 1814 2935 οἷ-

220 2979 319 3041 δας
365 2979 479 3050 γὰρ
529 2980 627 3033 καὶ
679 2980 980 3050 μέμνησαι,
1015 2980 1098 3032 ὅτι
1131 2976 1392 3040 ὑπέλαϐες
1431 2975 1642 3047 μωρίαν
1673 2970 1812 3033 εἶναι

224 3071 311 3122 τὸν
342 3071 498 3139 λὸγην
530 3072 714 3142 ἡμῶν.
747 3090 766 3123 1
809 3072 950 3126 Cum
1006 3079 1136 3123 ante
1186 3067 1284 3122 bos
1337 3068 1453 3122 dies
1502 3080 1810 3122 sermonem

224 3162 362 3215 inter
389 3179 512 3226 nos,
545 3163 758 3232 optime
794 3159 1079 3232 Autolyce,
1133 3159 1502 3224 haberemus;
1544 3159 1808 3228 quaerenti

227 3253 322 3306 tibi
353 3254 612 3322 quisnam
638 3269 797 3309 meus
820 3263 968 3308 esset
987 3254 1152 3319 Deus,
1193 3267 1257 3307 ac
1291 3251 1647 3322 disputationi
1679 3266 1812 3304 mea:

225 3360 384 3399 aures
420 3345 746 3414 aliquandiu
785 3344 1050 3412 pratbeuti
1119 3343 1441 3412 religionem
1499 3356 1677 3396 meam
1717 3356 1812 3394 cx-

228 3439 399 3505 posui.
453 3439 526 3492 Ita
578 3449 695 3492 tum
728 3438 1111 3500 discessimus,
1158 3444 1216 3490 ut
1238 3433 1556 3490 amicissimi
1591 3433 1810 3488 domum

235 3533 552 3599 rediremus,
583 3531 838 3599 quamvis
867 3539 1029 3584 antea
1057 3529 1375 3584 duriuscule
1427 3545 1638 3583 mecum
1671 3531 1812 3600 egis-

234 3636 335 3675 ses.
361 3623 513 3678 Nosti
548 3624 702 3677 enim
752 3633 812 3676 et
855 3621 1151 3677 meministi
1183 3623 1470 3678 stultitiam
1498 3623 1595 3677 tibi
1638 3622 1812 3677 videri

233 3724 473 3768 nostram
503 3717 844 3769 doctrinam.
878 3733 896 3765 ι

297 3806 376 3860 E1
419 3807 504 3860 his
561 3807 732 3875 liquet
763 3808 1084 3879 Autolycum
1138 3823 1245 3862 non
1284 3807 1492 3876 scripto
1527 3807 1626 3862 sed
1661 3823 1812 3864 mero

238 3912 476 3952 sermone
522 3900 604 3954 sic
630 3901 687 3952 in
718 3897 888 3953 Deum
914 3915 980 3953 ac
1009 3915 1208 3954 nomen
1257 3899 1698 3954 Christianorum
1725 3899 1814 3970 jo-

239 4001 412 4045 catum
440 4007 586 4057 esse,
631 4001 696 4046 ut
743 3991 1104 4063 Theophilum
1136 3992 1201 4046 ad
1225 3993 1325 4047 has
1367 4009 1542 4062 nugas
1566 3991 1818 4047 refellen-

241 4088 334 4140 das
387 4089 664 4144 incitaret.
698 4089 929 4144 Videtur
972 4104 1104 4159 ergo
1147 4090 1356 4160 primus
1389 4090 1458 4142 ad
1497 4088 1817 4159 Autolycus?!

245 4179 374 4232 liber
414 4195 518 4234 non
564 4191 676 4234 tam
709 4181 779 4236 ad
806 4180 1166 4236 refellendum
1201 4184 1329 4236 data
1377 4196 1544 4252 opera
1586 4197 1811 4248 compo-

243 4270 392 4333 situs,
419 4289 580 4341 quam
615 4273 770 4326 adea
797 4273 996 4327 litteris
1020 4269 1414 4342 consignanda,
1462 4289 1585 4344 quae
1636 4273 1816 4327 Theo-

245 4363 412 4429 philus
435 4364 708 4434 Autolyco
729 4363 840 4432 jam
884 4365 1264 4432 responderat.
1305 4365 1440 4419 Hinc
1494 4365 1690 4419 librum
1729 4380 1817 4419 sc-

246 4454 467 4505 cundum
503 4454 723 4506 hortatu
758 4453 1010 4523 Autolyci
1041 4457 1124 4510 sic
1140 4456 1426 4509 exorditur
1457 4453 1814 4524 Theophilus,

1912 1963 2026 2016 cari
2057 1976 2247 2031 posse;
2288 1965 2331 2020 si
2367 1966 2586 2035 quidem
2624 1967 2769 2023 aliud
2799 1984 2978 2026 causa:
3006 1988 3127 2028 esse
3153 1990 3259 2029 non
3293 1987 3490 2047 potest,

1914 2070 2014 2109 cur
2043 2053 2381 2125 Theophilus
2443 2068 2745 2127 temporum
2779 2063 3201 2133 descriptionem
3233 2069 3298 2122 ad
3335 2084 3491 2126 suam

1915 2160 2088 2215 usque
2131 2157 2347 2202 aetatem
2399 2148 2697 2218 pollicitus,
2729 2167 2902 2208 annos
2933 2153 3219 2212 Commodi
3262 2175 3369 2215 non
3403 2177 3490 2216 re-

1914 2247 2157 2306 censeat,
2183 2240 2286 2295 nisi
2319 2243 2447 2310 quia
2479 2242 2524 2298 is
2549 2231 2732 2300 adhuc
2767 2247 3094 2316 imperabat.

1988 2327 2107 2394 Quo
2127 2338 2309 2383 autem
2339 2328 2622 2386 Commodi
2649 2349 2796 2388 anno
2821 2337 3198 2396 collocandum
3219 2343 3290 2397 sit
3324 2359 3488 2412 opus,

1913 2437 2021 2476 non
2054 2423 2215 2477 facile
2240 2425 2524 2478 statuitur.
2551 2423 2668 2480 Non
2707 2426 2866 2499 longe
2901 2431 2968 2485 ab
3001 2431 3172 2488 initiis
3208 2435 3490 2495 Commodi

1913 2511 2329 2579 collocabimus,
2363 2514 2408 2568 si
2453 2526 2732 2571 auctorem
2763 2533 3060 2589 sequamur
3098 2521 3489 2594 Nicephorum,

1910 2605 2006 2676 qui
2032 2614 2144 2660 tres
2173 2613 2224 2661 et
2260 2607 2449 2662 decem
2473 2609 2821 2679 episcopatus
2852 2628 3024 2669 annos
3056 2614 3360 2688 Theophilo
3398 2623 3492 2675 tri-

1915 2695 2052 2750 buit.
2100 2695 2233 2751 Cum
2286 2699 2432 2753 enim
2467 2698 2829 2768 Theophilum
2868 2703 3156 2773 Eusebius,
3213 2719 3272 2764 ut
3324 2726 3490 2781 supra

1914 2787 2172 2856 vidimus,
2208 2790 2360 2844 Ereti
2393 2792 2539 2846 circa
2569 2807 2772 2848 annum
2813 2795 2915 2850 168
2967 2801 3299 2857 successisse
3327 2811 3493 2860 teste-

1917 2890 2035 2947 tur;
2069 2883 2114 2937 si
2177 2898 2301 2937 cum
2347 2881 2658 2952 Nicephoro
2715 2901 2889 2942 annos
2937 2889 3004 2942 13
3055 2891 3403 2962 episcopatus
3440 2899 3492 2952 ei

1915 2973 2144 3037 demus;
2201 2986 2462 3042 sequetur
2491 2975 2636 3030 circa
2669 2992 2873 3032 annum
2910 2980 3007 3034 181
3046 2994 3320 3040 mortuum
3350 3003 3491 3053 esse,

1917 3078 1981 3118 ac
2011 3065 2233 3134 proinde
2273 3077 2579 3122 extremum
2613 3068 2718 3125 hoc
2759 3085 2919 3140 opus,
2957 3082 3014 3127 ut
3037 3089 3143 3129 non
3179 3077 3336 3149 longe
3367 3093 3493 3136 ante

1918 3166 2170 3222 mortem,
2210 3157 2282 3212 ita
2315 3161 2416 3214 sub
2459 3159 2743 3216 Commodi
2799 3163 3146 3232 imperatoris
3177 3168 3332 3224 initia
3377 3173 3496 3227 clu-

1912 3247 2191 3304 cubrasse.
2228 3249 2593 3320 Theophilum
2649 3253 2945 3326 Eutychius
2988 3258 3338 3318 Antiochense
3375 3266 3492 3320 sedi

1914 3355 2087 3396 annos
2107 3341 2173 3396 21
2209 3344 2496 3412 praefuisse
2535 3345 2722 3410 refert,
2753 3362 2821 3401 ex
2853 3363 2961 3418 quo
3009 3363 3334 3422 sequeretur
3370 3371 3492 3410 emn

1915 3433 2061 3488 circa
2090 3448 2291 3488 annum
2318 3434 2422 3489 188
2443 3436 2670 3492 obiisse.
2699 3437 2805 3493 Sed
2828 3441 3108 3509 antiquior
3132 3441 3488 3515 Niccpliorus,

1916 3534 1973 3578 ut
2001 3525 2388 3580 Tillemontius
2437 3526 2718 3593 observat,
2749 3545 2813 3584 ac
2844 3532 3067 3601 majoris
3113 3549 3276 3602 quam
3323 3535 3495 3608 Euty-

1915 3617 2072 3673 chius
2099 3618 2467 3673 auctoritatis.
2495 3619 2648 3685 Quod
2682 3633 2865 3676 autem
2900 3623 2955 3677 in
3005 3625 3224 3701 Eusebii
3255 3625 3493 3683 Chroni-

1917 3709 1996 3763 cis
2026 3707 2299 3763 Maximus
2324 3709 2632 3780 Theophilo
2655 3721 2843 3768 nostro
2868 3713 3067 3768 dicitur
3096 3730 3240 3772 anno
3266 3717 3368 3771 177
3398 3728 3493 3774 aut

1917 3799 2020 3856 178
2053 3800 2408 3865 successisse,
2441 3803 2492 3857 id
2523 3802 2869 3857 manifestum
2898 3815 2985 3859 est
3015 3816 3280 3864 erratum.

1986 3890 2147 3945 Aliud
2199 3903 2581 3963 argumentum
2631 3909 2730 3948 cur
2785 3895 2886 3950 hoc
2934 3911 3068 3965 opus
3119 3901 3186 3954 ad
3247 3911 3494 3959 extrema

1919 3985 2203 4042 Commodi
2254 3998 2500 4057 tempora
2548 3988 2702 4058 rejici
2755 4006 2862 4045 nou
2901 3993 3117 4061 debeat,
3151 3997 3219 4051 ab
3267 3997 3493 4064 Irenaeo,

1919 4080 2012 4149 qui
2076 4081 2339 4135 nonnulla
2389 4097 2421 4135 e
2474 4081 2781 4153 Thcophilo
2829 4095 3019 4140 nostro
3063 4100 3346 4154 mutuatus
3389 4105 3494 4160 ρει,

1920 4173 2318 4242 suppeditatur.
2369 4173 2657 4230 Scribebat
2722 4176 2963 4232 lrenazus
3023 4179 3222 4235 librum
3277 4185 3493 4239 tertium

1921 4273 2110 4317 contra
2163 4264 2403 4321 hmrcses
2453 4267 2554 4321 sub
2608 4266 2908 4322 Commodo
2963 4277 3018 4324 et
3073 4269 3388 4342 Eleuthero,
3433 4292 3498 4330 ac

1920 4358 2149 4425 proinde
2202 4367 2327 4412 ante
2378 4369 2579 4412 annum
2613 4359 2717 4414 192
2744 4374 2854 4430 quo
2889 4360 3225 4419 Commodus
3254 4367 3494 4429 occisus,

1923 4450 2216 4505 Eleutliero
2273 4449 2458 4505 Victor
2492 4453 2780 4510 successit.
2823 4453 3001 4510 Porro
3039 4457 3282 4527 quinque
3326 4459 3497 4514 libros

247 4544 392 4611 quasi
419 4545 552 4597 nihil
584 4553 748 4597 antea
784 4545 851 4597 de
881 4545 1148 4599 industria
1177 4544 1659 4613 scripsisset:Kav
1685 4543 1819 4596 ἰδιώ-
1850 4567 1893 4621 D
1923 4543 2184 4598 adversus
2209 4543 2444 4597 lmreses
2471 4559 2578 4598 non
2613 4545 2773 4598 simul
2803 4545 3048 4616 vulgavit
3087 4546 3351 4615 lrenaeus,
3378 4552 3494 4616 sed,

248 4651 337 4705 της
364 4630 409 4689 ᾧ
443 4636 517 4706 τῷ
533 4637 698 4706 λόγῳ,
719 4635 861 4706 πλὴν
894 4635 1156 4707 βούλομαί
1189 4653 1270 4690 σοι
1305 4636 1398 4688 καὶ
1430 4635 1526 4688 νῦν
1557 4635 1643 4688 διὰ
1664 4635 1816 4688 τοῦδε

251 4727 332 4778 π]
353 4730 780 4799 συγγράμματος
797 4728 989 4799 ἀκριΕέ
999 4745 1085 4780 στε
1094 4745 1184 4798 ρον
1203 4728 1465 4793 ἐπιδεῖξαι
1481 4731 1578 4800 τὴν
1595 4747 1818 4800 ματαιο-

254 4821 426 4874 maia?
458 4822 552 4873 xz".
587 4821 824 4890 ματαίαν
855 4818 1152 4887 Θρησκείαν
1214 4821 1272 4871 ὲν
1412 4819 1635 4891 κατέχῃ,
1683 4818 1819 4872 ἀλλὰ

256 4910 415 4962 u‘tét’
447 4911 645 4978 ὀλίγων
679 4907 789 4960 τῶν
823 4908 965 4960 κατὰ
1000 4909 1058 4960 σὲ
1093 4907 1374 4980 ἱστοριῶν,
1429 4902 1504 4960 ὧν
1555 4908 1821 4976 ἀναγινώ-

259 5017 390 5065 σκεις
440 5003 563 5064 ἴσως
600 5000 696 5053 καὶ
728 4998 940 5051 οὐδέπω
971 4998 1279 5067 γινώσκεις,
1335 5000 1395 5052 τὸ
1427 4999 1624 5070 ἀληθὲς
1657 5018 1822 5069 φανε-

258 5094 338 5163 ρὴν
371 5093 605 5163 ποιῆσαι.
637 5110 658 5142 ι
705 5090 860 5144 Nunt:
912 5103 1094 5144 autent
1143 5092 1364 5146 hortatu
1417 5101 1547 5157 tuo,
1605 5091 1820 5160 inquit,

260 5189 486 5254 quamvis
535 5187 831 5255 imperitus
873 5184 978 5239 sint
1021 5185 1260 5247 dicendi,
1308 5184 1430 5237 volo
1485 5197 1668 5239 tamen
1717 5185 1822 5239 hoc

260 5294 448 5347 quoque
475 5277 664 5331 libello
695 5275 1008 5330 accuratius
1039 5275 1134 5327 tibi
1168 5276 1549 5330 demonstrare
1574 5275 1820 5328 inutilem

261 5374 476 5425 laborem
504 5383 566 5426 et
597 5372 818 5424 inanem
868 5369 1320 5434 superstitionem
1366 5383 1470 5437 qua
1517 5365 1820 5430 datineris;

262 5465 354 5516 imo
379 5479 438 5516 ex
472 5474 782 5516 vestrarum
817 5461 1172 5515 historiarum
1226 5459 1522 5523 nonnullis,
1556 5472 1677 5525 quae
1701 5472 1730 5509 a
1769 5466 1820 5510 te

261 5555 482 5618 leguntur
504 5552 754 5622 quidem,
791 5552 938 5604 forte
973 5560 1158 5605 autem
1209 5551 1449 5605 nondum
1497 5550 1816 5615 intelligun-

262 5660 352 5709 tur,
381 5663 564 5701 verum
592 5647 691 5700 tibi
730 5655 860 5696 ante
890 5643 1084 5697 oculos
1113 5658 1336 5711 ponere.
1367 5663 1386 5696 ι
1425 5642 1622 5697 Invitat
1647 5644 1817 5697 Auto-

317 5814 355 5844 “
390 5814 512 5866 Lib.
554 5830 616 5873 It,
649 5829 699 5865 ε.
741 5813 801 5867 6.
830 5831 886 5863 ιι.
922 5812 977 5864 ‘2.

558 5909 837 5965 Pn’uOL.
899 5905 1016 5964 (in.
1052 5905 1136 5965 Vl

1929 4642 1986 4686 ut
2018 4632 2161 4688 inter
2190 4648 2379 4687 omnes
2409 4635 2690 4700 convenit,
2734 4635 2941 4705 aliquid
2981 4638 3141 4706 spatii
3181 4639 3498 4695 intercessit

1930 4725 2073 4779 inter
2113 4723 2253 4779 duos
2285 4725 2517 4794 priores,
2543 4733 2597 4780 et
2626 4741 2720 4780 eos
2761 4728 2850 4795 qui
2886 4730 3166 4782 consecuti
3193 4741 3342 4795 sunt,
3374 4732 3498 4785 licet

1927 4815 2067 4871 forte
2092 4831 2197 4870 non
2232 4831 2484 4886 magnum
2518 4816 2682 4871 fuerit
2712 4818 3073 4873 intervallum.
3101 4821 3288 4876 Exstat
3316 4835 3495 4878 autem

1930 4909 1984 4960 in
2011 4907 2152 4961 libro
2185 4909 2425 4962 secundo
2456 4909 2701 4976 quaedam
2733 4911 3028 4975 sententia,
3055 4926 3217 4980 quam
3249 4914 3378 4967 mihi
3418 4916 3500 4966 vi-

1929 4997 2066 5050 deor
2096 5011 2126 5050 e
2166 4995 2480 5065 Tthphilo
2530 4998 2838 5068 decerptam
2881 5015 2984 5052 non
3021 5000 3247 5055 incertis
3286 5003 3501 5058 iudiciis

1921 5088 2261 5157 perspicere.
2298 5087 2390 5141 Sic
2419 5087 2625 5142 refellit
2647 5087 2886 5145 lrenwus
2922 5090 3305 5145 haereticorum
3342 5107 3498 5147 com-

1923 5186 2105 5232 menta
2138 5180 2202 5230 de
2229 5177 2340 5232 Deo
2365 5190 2616 5233 creatore
2656 5195 2841 5234 verum
2893 5197 2958 5236 ac
2989 5196 3299 5252 supremum
3327 5183 3499 5239 Deum

1925 5266 2211 5334 ignorante
2233 5267 2278 5298 “
2306 5285 2320 5320 :
2356 5287 2373 5319 ι
2403 5271 2514 5322 Aut
2565 5271 2809 5340 nunquid
2863 5271 2917 5325 bi
2951 5273 3044 5341 qui
3094 5273 3197 5327 sub
3227 5273 3502 5328 Romano-

1928 5375 2048 5414 rum
2093 5361 2320 5430 imperio
2347 5373 2493 5429 sunt,
2525 5365 2776 5431 quamvis
2819 5381 3094 5434 nunquam
3127 5368 3364 5421 viderint
3406 5369 3502 5421 im-

1924 5461 2260 5523 peratorem,
2303 5453 2396 5507 sed
2434 5454 2592 5508 valde
2641 5466 2696 5510 et
2747 5471 2844 5526 per
2893 5468 3092 5512 terram
3124 5467 3180 5513 et
3228 5475 3322 5528 per
3351 5477 3503 5516 mare

1925 5547 2162 5616 separati
2195 5547 2260 5600 ab
2290 5561 2376 5612 co,
2413 5555 2746 5615 cognoscent
2770 5557 2994 5616 propter
3019 5549 3320 5603 dominium
3354 5567 3502 5615 enin,

1925 5640 2016 5710 qui
2067 5639 2363 5695 maximam
2413 5638 2578 5694 habet
2628 5649 2956 5708 potestatem
3005 5643 3378 5711 principatus;
3412 5647 3502 5712 qui

3114 5901 3146 5969 7.
