3948 6256
429 374 535 429 205

1393 366 1444 423 S.
1479 365 1813 424 JUSTINUS
1843 360 2328 423 PHILOSOPHUS
2362 365 2449 421 ET
2485 365 2797 422 MARTYR.

3580 368 3715 425 204

439 500 621 544 autem
655 502 817 557 super
837 501 936 541 nos
968 493 1120 539 erant
1155 485 1354 555 angeli.
1384 485 1468 540 vel
1501 485 1609 552 illc,
1629 500 1786 555 quem
1816 482 2005 539 mundi
2039 490 2082 545 Α
2115 484 2218 538 hoc
2258 497 2397 552 epos
2442 483 2702 537 refertum
2742 490 2846 547 est,
2880 490 2955 536 tot
3003 491 3285 552 portarum
3345 485 3704 549 testimonia,

429 581 815 636 fabricatorem
850 581 1059 642 dicunt,
1114 594 1219 631 non
1274 587 1610 647 cognoscent
1661 576 2005 645 omnipoten-

428 673 620 726 tem?»
673 672 765 725 Sic
814 680 994 725 autem
1051 670 1405 739 Theophilus,
1456 670 1596 723 libro
1642 684 1681 731 ι,
1715 683 1866 722 num.
1923 666 2001 722 5:

426 758 558 815 Εἶτα
594 760 843 830 βασιλεὺς
897 761 993 830 μὲν
1046 759 1282 827 ἐπίγειος
1335 753 1470 811 εἶναι
1523 756 1857 819 πιστεύεται,
1895 756 2007 809 καί·

427 871 533 924 περ
571 852 643 923 μὴ
676 854 842 905 πᾶσιν
879 851 1229 922 βλεπόμενος,
1264 850 1351 904 διὰ
1401 850 1457 902 δὲ
1489 850 1669 920 νόμων
1704 849 1798 903 καὶ
1829 848 2007 901 διατά-

428 945 562 1011 ξεων
595 943 761 997 αὑτοῦ
797 944 890 998 καὶ
925 942 1203 1007 ἐξουσιῶν,
1238 942 1332 995 καὶ
1377 942 1661 1011 δυνάμεων
1711 940 1806 994 καὶ
1858 940 2005 992 εἰκό-

424 1056 531 1091 νων
562 1039 761 1090 νοεῖται
782 1053 794 1065 ·
833 1034 922 1089 τὸν
953 1035 1009 1087 δὲ
1042 1034 1174 1086 Θεὸν
1224 1033 1285 1085 οὐ
1339 1032 1517 1103 βούλει
1553 1034 1617 1086 σὺ
1651 1032 1885 1087 νοεῖσθαι
1918 1031 2007 1085 διὰ

425 1129 599 1202 ἔργων
634 1128 726 1182 καὶ
760 1127 1082 1197 δυνάμεων;
1125 1145 1143 1176 ι
1171 1126 1379 1180 Deinde
1434 1140 1567 1180 vero
1618 1136 1869 1180 terrenus
1911 1138 2007 1179 rex

428 1223 699 1275 exsistere
738 1222 1005 1284 creditur,
1032 1219 1289 1289 quamvis
1317 1218 1385 1272 ab
1409 1218 1663 1273 omnibus
1688 1232 1794 1272 non
1825 1216 2011 1272 videa-

426 1326 535 1375 tur.
587 1315 683 1369 sed
734 1328 832 1383 per
887 1315 1039 1381 leges
1070 1322 1123 1367 et
1166 1312 1451 1375 mandata,
1479 1318 1537 1365 et
1586 1312 1927 1380 principatus
1953 1319 2011 1365 et

430 1413 733 1476 potestates
754 1450 768 1468 ,
798 1416 852 1459 et
876 1404 1145 1472 imagines
1178 1405 1545 1473 cognoscitur.
1589 1402 1759 1456 Deum
1790 1417 1920 1456 vero
1941 1415 2009 1455 ex

428 1497 548 1567 ejus
579 1497 835 1565 operibus
873 1505 929 1550 et
972 1495 1337 1565 potestatibus
1369 1511 1476 1548 non
1509 1494 1592 1548 vis
1624 1492 2004 1563 intelligere?»

422 1585 712 1641 Manifesta
744 1594 829 1640 est
861 1588 914 1639 in
944 1594 1173 1654 utroque
1208 1585 1478 1650 scriptore
1498 1583 1781 1637 sententia:
1820 1580 2014 1636 simili-

424 1679 601 1745 tudo;
644 1682 743 1735 sed
790 1677 938 1732 illam
971 1676 1238 1731 Irenaeum
1271 1690 1302 1729 e
1327 1673 1655 1742 Theophila,
1690 1689 1797 1728 non
1828 1671 2009 1727 Theo-

420 1773 626 1842 philum
666 1789 731 1827 ex
764 1771 968 1825 Irenaeo
1007 1778 1313 1824 mutuatum
1348 1782 1470 1823 esse
1510 1768 1634 1821 inde
1658 1774 1831 1836 patet,
1860 1764 2004 1835 quod

421 1864 559 1933 apud
598 1863 959 1932 Theophilum
988 1860 1137 1916 clara
1168 1869 1227 1914 et
1254 1858 1540 1930 splendida
1570 1867 1675 1923 est,
1707 1859 1848 1927 apud
1883 1854 1997 1910 Ire-

420 1970 595 2008 nrcum
630 1970 760 2008 vero
793 1962 1052 2008 enervata
1082 1952 1491 2021 quodammodo
1522 1960 1576 2004 et
1607 1949 1951 2003 subobscure
1979 1963 1993 2000 :

421 2060 542 2113 qua:
595 2045 729 2098 vitia
772 2046 1077 2099 imitatores
1129 2042 1375 2113 effugere
1434 2058 1540 2096 non
1592 2040 1791 2095 solent.
1827 2037 1999 2091 Multo

420 2137 563 2190 enim
592 2136 908 2205 prazclarius
942 2136 1088 2203 quod
1120 2136 1197 2188 ait
1219 2134 1561 2202 'l‘lte0philns
1608 2133 1997 2200 imperatorem

419 2228 678 2297 perleges
710 2238 758 2281 et
790 2228 1067 2292 mandata,
1115 2242 1209 2293 per
1248 2226 1582 2294 principatus
1629 2234 1676 2277 et
1719 2231 1999 2291 potestates

419 2320 497 2390 (id
524 2329 609 2374 est
638 2334 736 2387 per
774 2319 945 2373 duces
968 2327 1023 2371 et
1051 2315 1386 2386 prtefectos),
1418 2331 1481 2370 ac
1506 2330 1601 2384 per
1624 2314 1887 2385 imagines
1909 2326 2000 2367 co-

419 2413 630 2480 gnosci,
660 2426 827 2481 quam
872 2410 1020 2480 quod
1052 2408 1292 2465 [renatus
1321 2418 1533 2477 propter
1576 2406 1872 2460 dominium
1904 2421 1998 2458 co—

417 2504 619 2573 gnosci.
650 2502 707 2557 In
733 2517 841 2571 quo
873 2502 1093 2570 quidem
1132 2498 1464 2555 crediderim
1508 2498 1695 2552 Irenzei
1730 2498 1999 2566 interpre-

422 2606 552 2657 tem,
582 2604 644 2649 ut
686 2609 831 2664 saepe
861 2593 1018 2659 alias,
1050 2593 1121 2646 ita
1149 2592 1311 2645 etiam
1342 2592 1446 2644 hoc
1476 2589 1594 2644 loco
1616 2587 1775 2642 unius
1805 2587 2000 2642 littera:

416 2702 606 2741 errore
633 2686 915 2754 deceptum
941 2683 1138 2752 legisse
1164 2682 1230 2735 δι’
1251 2680 1494 2748 ἐξουσίαν
1516 2695 1613 2748 pro
1634 2678 1699 2731 δι’
1717 2676 1997 2744 ἐξουσιῶν,

416 2789 471 2834 et
514 2778 822 2834 reddidisse
867 2785 1079 2846 propter
1127 2776 1446 2839 dominium,
1476 2788 1576 2843 pro
1606 2787 1671 2827 eo
1698 2774 1841 2843 quod
1875 2772 1999 2826 red-

415 2872 547 2924 dere
599 2869 880 2924 debuisset
928 2882 1025 2936 per
1087 2876 1397 2937 potestates,
1450 2867 1564 2920 sive
1597 2881 1697 2935 per
1730 2865 1897 2919 duces
1944 2871 2000 2917 et

415 2960 729 3028 prtefectos.
760 2958 1069 3026 Quinetiam
1127 2956 1369 3011 adhibita
1403 2956 1471 3010 ab
1504 2965 1735 3024 utroque
1773 2968 1999 3023 compa—

414 3053 559 3106 ratio
596 3052 767 3122 magis
803 3053 1053 3119 apposita
1082 3050 1298 3104 videtur
1333 3048 1598 3103 adversus
1622 3047 1877 3118 gentiles,
1902 3047 1996 3116 qui

418 3145 585 3199 Deum
632 3159 699 3198 ex
735 3142 1044 3212 conspicuis
1093 3142 1145 3195 in
1199 3141 1303 3195 hoc
1337 3140 1541 3194 mundo
1583 3138 1841 3208 Operibus
1886 3152 1992 3191 non

414 3239 813 3310 agnoscebant,
842 3252 1005 3306 quam
1053 3237 1318 3290 adversus
1352 3236 1658 3300 haereticos,
1687 3234 1777 3303 qui
1829 3231 1992 3301 hujus

416 3331 603 3385 mundi
637 3330 885 3385 Creatori
930 3339 986 3384 et
1037 3330 1245 3398 angelis
1280 3328 1402 3399 ejus
1464 3341 1781 3396 supremum
1825 3325 1996 3380 Deum

416 3425 695 3493 fingebant
749 3424 991 3492 ignotum
1038 3422 1226 3476 fuisse.
1258 3420 1505 3474 Imitatus
1547 3428 1633 3474 est
1679 3419 1844 3473 etiam
1886 3417 1998 3473 ire-

414 3532 589 3579 naaus,
617 3531 737 3585 quae
761 3517 829 3570 de
861 3516 1057 3585 puerili
1112 3516 1305 3569 Adami
1339 3524 1482 3567 statu
1532 3511 1679 3583 apud
1712 3511 1994 3582 Theophi-

416 3606 526 3659 lum
556 3615 803 3660 nostrum
846 3606 899 3657 in
930 3606 1068 3659 libro
1094 3605 1333 3660 secundo
1381 3604 1673 3673 leguntur:
1704 3603 1997 3672 utriusque

418 3696 731 3749 testintonia
763 3698 816 3749 in
845 3695 1065 3750 Prtefat.
1093 3714 1110 3750 t
1165 3705 1319 3763 parte
1339 3695 1383 3725 "
1408 3695 1601 3763 inspici
1649 3702 1707 3748 et
1754 3694 1900 3748 inter
1936 3708 1996 3749 se

414 3785 657 3840 conferri
693 3796 942 3855 possunt.
972 3788 1299 3857 Ambiguum
1338 3803 1444 3841 non
1488 3786 1597 3841 erit
1636 3796 1760 3841 uter
1808 3786 1994 3840 imita-

417 3890 503 3933 tor
536 3879 786 3946 alterius,
825 3894 951 3933 cum
1004 3878 1343 3946 Theophilus
1383 3893 1577 3946 magno
1610 3886 1810 3932 conatu
1852 3878 1995 3932 hanc

414 3971 750 4025 sententiam
788 3980 1029 4035 tueatur,
1063 3970 1297 4025 Irenaeus
1352 3973 1506 4038 quasi
1564 3974 1836 4029 transiens
1864 3988 1995 4042 pro-

414 4067 600 4127 ponat.
634 4058 711 4111 Ex
769 4059 855 4112 his
906 4059 1288 4115 concludimus
1336 4060 1506 4117 libros
1561 4064 1629 4116 ad
1677 4064 1992 4132 Autolycum

413 4150 603 4218 procul
636 4153 703 4205 ab
734 4152 904 4205 initiis
937 4152 1226 4205 Commodi
1256 4168 1362 4206 non
1394 4154 1630 4219 distare,
1671 4171 1793 4209 cum
1824 4173 1889 4210 ex
1914 4156 1994 4210 eis

422 4242 679 4308 Irenzeus,
710 4243 801 4312 qui
832 4246 933 4297 sub
967 4242 1268 4299 Commodo
1304 4246 1603 4313 scribebat,
1645 4253 1903 4306 nonnulla
1939 4257 1991 4308 in

413 4350 554 4403 opus
594 4350 750 4388 suum
780 4340 1142 4392 transtulerit.

489 4424 595 4478 Sed
631 4425 895 4480 adversus
930 4444 994 4481 ea
1026 4444 1147 4498 qua:
1179 4430 1466 4485 statuimus
1493 4430 1655 4501 objici
1686 4435 1854 4502 possit
1893 4435 1991 4493 hos

413 4515 481 4566 ad
509 4516 821 4585 Autolycum
848 4518 1022 4572 libros
1048 4535 1147 4575 nec
1172 4521 1408 4577 hominis
1443 4524 1494 4576 in
1519 4525 1810 4581 scribendo
1834 4542 1995 4582 exer-

414 4610 611 4674 citati,
670 4626 771 4663 nec
822 4612 1068 4680 episcopi
1116 4613 1460 4682 gravissimis
1521 4618 1668 4671 curis
1727 4616 1994 4688 implicati

416 4702 584 4755 fetum
635 4703 910 4767 redolere;
942 4706 1306 4771 quamobrem
1341 4708 1514 4761 satius
1557 4723 1680 4763 esse
1712 4710 1816 4764 hoc
1856 4726 1993 4780 opus

414 4809 445 4848 a
470 4792 774 4864 TheOphilo
810 4801 1053 4850 nondum
1092 4806 1255 4851 aetate
1299 4808 1556 4867 provecto
1589 4802 1992 4869 elucubratum,

410 4900 477 4940 ac
514 4898 702 4955 postea
726 4890 793 4941 ab
826 4890 943 4959 ipso
976 4891 1063 4953 iis,
1096 4906 1217 4959 qua:
1241 4891 1309 4945 de
1340 4892 1410 4945 Μ.
1442 4892 1659 4946 Aurelii
1707 4903 1884 4948 morte
1912 4895 1992 4950 le-

412 4989 639 5047 guntur,
671 4992 887 5035 auctum
924 4982 1268 5037 existimare.
1317 4982 1586 5039 Invitatus
1641 4985 1707 5039 ad
1748 4987 1992 5041 scriben-

413 5070 538 5122 dunt
570 5069 639 5123 ab
679 5072 946 5140 Autolyco
980 5069 1317 5140 Theophilus
1350 5073 1659 5140 imperitum
1688 5088 1746 5128 sc
1772 5075 1988 5131 dicendi

409 5158 634 5226 fatetur,
672 5177 774 5216 nec
809 5166 927 5218 sine
958 5179 1169 5218 summa
1201 5165 1497 5220 timiditate
1526 5168 1683 5220 oneri
1712 5166 1984 5221 succedit.

410 5252 492 5304 An
521 5254 600 5307 sic
622 5254 899 5324 loquatur,
928 5256 1154 5322 objiciet
1182 5256 1401 5324 aliquis,
1431 5258 1519 5326 qui
1544 5260 1658 5328 jam
1692 5260 1893 5313 multos
1914 5274 1985 5313 ex

413 5342 685 5398 hmreticis
716 5346 1021 5413 triumphos
1058 5348 1374 5417 reportarit,
1404 5363 1470 5401 ac
1497 5348 1793 5417 plurimum
1838 5351 1982 5406 scri-

414 5436 572 5489 hcndi
625 5453 780 5492 usum
832 5440 1051 5505 habeat,
1102 5439 1316 5508 qualem
1374 5448 1501 5494 tuttc
1558 5440 1761 5495 habere
1790 5442 1983 5498 debuit

410 5526 763 5595 Theophilus,
790 5531 833 5584 si
859 5541 1166 5585 extremum
1191 5531 1296 5586 hoc
1325 5546 1461 5599 opus
1491 5532 1650 5601 paulo
1678 5543 1804 5588 ante
1830 5550 1979 5588 mor-

411 5628 517 5671 tem
554 5618 861 5672 scribebat?
915 5621 1076 5675 Forte
1128 5622 1289 5675 etiam
1312 5622 1547 5677 eruditio
1579 5622 1809 5692 profana
1861 5640 1972 5697 qua

476 5788 521 5819 "
561 5788 690 5859 Cap.
722 5788 773 5841 5.

854 5789 897 5818 ⁸³
924 5788 1151 5847 D'ssert.
1186 5789 1240 5860 ‘2,
1278 5790 1445 5861 liram,
1474 5810 1535 5851 tt.
1574 5794 1665 5860 Ν,
1696 5809 1751 5866 p.
1787 5795 1919 5850 Hi.

2110 586 2220 630 tam
2268 577 2565 631 recondita:
2609 575 2676 628 de
2725 575 3167 644 pltil050phorum
3202 576 3494 629 sententiis
3524 591 3589 629 ac
3616 576 3705 629 de

2108 668 2464 737 chronologia
2494 668 2913 736 disputationes,
2954 666 3260 735 frequentia
3295 681 3422 722 cum
3459 667 3705 721 homine

2112 761 2357 815 litterato
2386 760 2687 828 colloquia,
2730 761 2990 831 episcopo
3026 770 3190 814 tantae
3222 760 3388 822 sedis,
3423 756 3704 829 gravissi-

2110 853 2213 907 mis
2242 852 2402 907 rebus
2431 861 2724 921 occupato,
2761 852 2943 907 minus
2970 853 3269 905 convenire
3299 850 3611 904 videantur.

2181 940 2287 997 Sed
2332 941 2556 995 minime
2606 941 2801 994 mirttm
2830 942 2874 994 si
2900 950 2957 995 et
2988 942 3054 995 de
3082 941 3260 1010 seipso
3286 940 3523 995 demisse
3556 955 3699 995 sen-

2111 1034 2252 1088 tiens
2273 1034 2563 1102 episcopus
2596 1033 2907 1101 imperitum
2938 1047 2998 1087 se
3025 1032 3329 1099 existimat,
3349 1044 3399 1087 et
3419 1033 3487 1087 de
3517 1034 3697 1086 rebus

2110 1124 2357 1196 profanis
2403 1124 2577 1179 multa
2634 1126 2718 1179 vir
2767 1125 3014 1179 eruditus
3071 1125 3315 1189 disserit,
3350 1125 3478 1194 quia
3536 1126 3692 1177 illius

2109 1219 2393 1289 proposito
2421 1219 2831 1282 conducebant;
2882 1232 3191 1286 quanquam
3224 1216 3453 1285 plurima
3506 1214 3695 1269 Theo-

2114 1310 2293 1380 philus
2325 1310 2561 1364 emedia
2624 1310 2884 1377 religione
2936 1307 3245 1362 Christiana
3293 1306 3505 1376 repetit.
3555 1306 3697 1360 Fre-

2111 1404 2331 1471 quentia
2366 1403 2453 1456 illa
2497 1418 2624 1457 cum
2672 1403 2937 1473 Autolyco
2979 1401 3248 1469 colloquia
3290 1416 3401 1453 non
3439 1401 3693 1454 hominis

2111 1505 2271 1550 erant
2298 1496 2409 1549 otio
2461 1493 2788 1549 abundantis
2816 1534 2830 1555 ,
2866 1495 2959 1548 sed
2989 1494 3227 1563 episcopi
3274 1492 3545 1546 cbaritate
3575 1492 3697 1546 fer-

2111 1588 2321 1653 ventis,
2351 1589 2442 1657 qui
2490 1590 2595 1643 hoc
2624 1590 2896 1657 praecipue
2940 1587 3253 1656 impositum
3286 1586 3389 1639 sibi
3424 1586 3692 1649 ducebat,

2113 1690 2359 1734 errantes
2388 1679 2457 1733 ad
2496 1679 2779 1733 veritatem
2827 1679 3120 1732 adducere.

2186 1768 2343 1823 Haud
2376 1770 2628 1839 equidem
2666 1769 2979 1838 negaverim
3034 1768 3205 1824 libros
3231 1769 3300 1822 ad
3333 1766 3692 1836 Autolycum,

2031 1838 2074 1891 Β
2106 1871 2164 1917 ιιι
2193 1864 2454 1917 observat
2484 1862 2718 1917 Grabius
2776 1862 3028 1932 Spicileg.
3094 1870 3228 1915 tom.
3266 1860 3334 1925 ll,
3379 1876 3485 1915 non
3516 1861 3690 1915 simul

2099 1955 2406 2024 p'rodiisse;
2447 1964 2505 2009 at
2543 1956 2929 2009 brevissimum
2987 1954 3246 2022 temporis
3299 1952 3535 2021 spatium
3594 1952 3691 2005 itt-

2104 2046 2427 2100 tercessisse
2456 2045 2755 2100 contendo.
2785 2043 2919 2098 Nam
2955 2044 3110 2098 initio
3134 2044 3257 2098 libri
3280 2042 3504 2098 secundi
3534 2057 3693 2097 cont-

2105 2146 2375 2191 memorat
2409 2152 2717 2192 sermonem
2774 2151 2803 2189 a
2854 2150 2914 2191 se
2964 2146 3091 2191 ante
3147 2136 3356 2205 aliquot
3395 2135 3515 2189 dies
3556 2148 3689 2187 cum

2104 2227 2375 2298 Autolyco
2417 2228 2691 2295 habitum,
2727 2226 2819 2297 qui
2852 2242 3034 2282 sermo
3069 2227 3193 2281 libri
3242 2226 3400 2296 primi
3450 2225 3687 2279 materia

2101 2317 2228 2372 fuit.
2261 2318 2375 2372 Sub
2408 2316 2571 2371 finem
2609 2316 2735 2371 libri
2778 2318 3007 2372 secundi
3058 2318 3309 2372 hortatur
3342 2314 3682 2386 Autolycum

2100 2418 2162 2464 ut
2184 2423 2326 2479 saepe
2355 2407 2743 2477 eongrediatnr
2766 2422 2982 2473 secum;
3008 2422 3239 2476 cumque
3276 2408 3322 2461 is
3352 2420 3687 2475 congressus

2101 2510 2249 2556 esset
2277 2515 2401 2556 cum
2435 2500 2742 2569 Theophila
2776 2514 2875 2554 nec
2910 2510 3085 2553 tamen
3108 2499 3325 2555 veritati
3358 2513 3550 2553 manus
3582 2499 3684 2553 de-

2102 2596 2294 2658 disset,
2344 2594 2565 2648 tertium
2600 2593 2794 2647 librum
2845 2593 3185 2647 elucubravit
3226 2592 3588 2660 Theophilus,
3618 2604 3685 2645 ut

2102 2686 2432 2754 anticipatas
2466 2684 2783 2753 opiniones,
2814 2697 2934 2753 quae
2963 2684 3081 2752 ejus
3116 2683 3301 2736 animo
3330 2683 3676 2745 insederant,

2101 2777 2373 2830 radicitus
2416 2774 2694 2830 evelleret.
2757 2773 2830 2827 Ea
2879 2783 2965 2829 est
3020 2788 3152 2842 ergo
3186 2774 3350 2827 trium
3401 2773 3676 2828 librorum

2100 2868 2275 2922 series
2303 2877 2358 2922 et
2405 2864 2688 2934 junctura,
2725 2874 2785 2919 ut
2814 2864 2997 2920 divelli
3024 2880 3088 2918 ac
3119 2863 3408 2918 dissociari
3442 2879 3549 2917 non
3583 2864 3683 2917 de-

2100 2959 2290 3014 beant.
2328 2959 2405 3012 Eo
2448 2968 2631 3012 autem
2662 2958 2897 3027 scriptos
2944 2956 3115 3011 fuisse
3141 2958 3354 3019 ordine,
3384 2971 3492 3026 quo
3532 2972 3682 3011 nunc

2103 3054 2403 3119 habentur,
2445 3054 2574 3108 inde
2600 3063 2769 3122 patet,
2801 3052 2945 3120 quod
2998 3052 3052 3105 in
3116 3053 3277 3105 tertio
3305 3052 3511 3120 primus
3533 3052 3682 3107 desi-

2107 3158 2333 3216 gnctur,
2368 3162 2519 3199 nttm.
2551 3146 2622 3211 5;
2652 3145 2926 3200 secundus
2955 3159 3085 3199 vero
3109 3144 3426 3198 nominatim
3454 3144 3680 3210 citetur,

2101 3256 2252 3293 num.
2285 3239 2369 3295 19.
2401 3239 2583 3308 Neque
2616 3240 2781 3293 etiam
2832 3238 3179 3308 superaddita
3235 3237 3408 3291 videri
3453 3238 3679 3302 debent,

2098 3345 2220 3399 qua:
2252 3329 2305 3382 in
2333 3331 2496 3384 tertio
2521 3329 2661 3383 libro
2692 3329 2760 3383 de
2791 3327 2861 3382 Μ.
2897 3328 3103 3383 Aurelii
3136 3329 3363 3395 imperio
3391 3327 3676 3396 leguntur.

2100 3421 2233 3475 Nam
2259 3436 2383 3475 cum
2409 3435 2601 3476 omnes
2630 3435 2987 3475 numerorum
3016 3421 3273 3482 rationes,
3296 3434 3416 3489 quae
3437 3434 3467 3472 a
3496 3417 3681 3472 Theo-

2098 3515 2253 3585 pltilo
2280 3516 2686 3585 expenduntur,
2719 3515 2771 3567 in
2806 3514 2967 3583 hujus
2998 3513 3159 3567 finem
3203 3512 3447 3581 imperii,
3502 3510 3673 3566 veluti

2100 3609 2151 3663 in
2186 3624 2473 3663 commune
2512 3620 2767 3677 punctum
2823 3608 3108 3672 desinant;
3144 3606 3280 3659 nihil
3317 3615 3403 3659 est
3457 3606 3511 3660 itt
3563 3614 3679 3661 toto

2098 3698 2237 3755 libro
2270 3701 2411 3769 quod
2445 3701 2623 3755 minus
2648 3709 2958 3769 su5pectum
2992 3713 3112 3753 esse
3136 3700 3350 3752 debeat.

2172 3792 2259 3846 Vl.
2287 3790 2402 3845 Non
2452 3794 2793 3847 imntorahor
2828 3792 2879 3845 in
2913 3790 3213 3845 refellendo
3248 3790 3542 3858 Dodwcllo,
3580 3792 3676 3859 qui

2099 3885 2299 3938 nodum
2344 3884 2398 3937 in
2442 3883 2627 3953 scirpo
2656 3898 2928 3954 quairens,
2966 3894 3078 3937 tres
3129 3883 3320 3947 libros,
3348 3884 3416 3937 de
3470 3883 3678 3951 quibus

2098 3993 2239 4031 nunc
2286 3978 2517 4046 agimus,
2579 3992 2687 4032 non
2738 3994 2769 4031 a
2819 3976 3121 4045 Thcophilo
3185 3976 3494 4030 Antiochiae
3555 3980 3675 4046 epi-

2096 4083 2263 4140 scopo
2299 4071 2531 4139 scriptos
2584 4070 2756 4125 fuisse
2784 4071 3131 4140 pronuntiat,
3157 4070 3250 4124 scd
3282 4069 3350 4123 ab
3373 4070 3481 4125 alio
3502 4070 3678 4126 Theo-

2098 4161 2249 4228 philo
2272 4161 2642 4226 Antiocheno,
2679 4176 2838 4230 quem
2869 4162 2971 4218 SUb
3003 4161 3207 4216 Severo
3233 4161 3521 4231 scripsisse
3543 4178 3682 4219 con-

2099 4252 2266 4305 tendit
2290 4252 2357 4305 “.
2668 4266 2675 4273 '

2168 4342 2488 4398 Reclamant
2516 4344 2643 4398 huic
2673 4354 2983 4400 commento
3015 4345 3284 4400 Eusebius
3315 4356 3371 4402 et
3402 4346 3675 4418 Hierony-

2096 4450 2248 4488 mus:
2278 4434 2537 4489 reclamat
2555 4436 2807 4504 lrenazus,
2828 4438 2918 4506 qui
2944 4438 3043 4492 sub
3061 4436 3360 4493 Commodo
3378 4440 3479 4494 hos
3504 4439 3676 4494 libros

2100 4526 2166 4579 ad
2200 4542 2327 4581 usus
2376 4541 2505 4582 suos
2553 4527 2820 4597 adjunxit.
2850 4529 3111 4594 Qutenam
3159 4546 3292 4600 ergo
3341 4530 3673 4585 Dodwellum

2104 4617 2346 4670 rationes
2386 4616 2563 4669 virum
2612 4632 2748 4672 sane
2786 4619 3159 4674 doctissimum
3211 4620 3564 4688 impulerunt,
3614 4631 3676 4674 ut

2101 4715 2296 4761 contra
2326 4706 2675 4774 antiquitatis
2704 4719 3037 4760 consensum
3062 4708 3309 4762 veniret?
3345 4709 3414 4761 At
3448 4722 3526 4760 ea:
3560 4716 3673 4761 tant

2096 4797 2267 4862 leves,
2302 4798 2386 4852 vel
2416 4801 2596 4867 potius
2629 4808 2734 4851 tam
2759 4799 2895 4853 nihil
2926 4809 3071 4865 sunt,
3104 4811 3162 4854 ut
3184 4800 3551 4865 Tillemontio,
3576 4816 3675 4854 cu-

2090 4891 2182 4960 jus
2217 4905 2430 4944 sununa
2470 4892 2638 4945 animi
2673 4893 2979 4948 moderatio
3001 4895 3256 4948 omnibus
3290 4904 3435 4956 nota,
3465 4906 3673 4949 stoma-

2098 4986 2260 5039 chum
2296 4984 2561 5051 fecerint,
2591 4994 2646 5039 et
2676 4988 3005 5043 temeritatis
3042 5000 3224 5042 notam
3268 4988 3544 5042 Dodwello
3588 4989 3671 5041 in-

2096 5091 2257 5131 urere
2274 5078 2575 5147 coegerint.
2595 5078 2774 5133 Prima
2800 5081 3101 5135 ratiuncula
3123 5082 3247 5135 inde
3264 5080 3500 5146 ducitur,
3526 5080 3672 5149 quod

2094 5179 2284 5224 auctor
2331 5171 2595 5227 librorum
2627 5175 2695 5225 ad
2739 5174 3057 5246 Autolycum
3099 5174 3481 5245 Chryserotem
3514 5174 3669 5242 citet,

2093 5261 2183 5327 qui
2218 5270 2343 5315 ante
2375 5278 2577 5317 annum
2618 5264 2718 5321 180
2748 5269 2999 5323 scribere
3046 5283 3151 5323 non
3200 5267 3394 5337 potuit.
3430 5267 3501 5320 At
3537 5266 3670 5336 quid

2095 5362 2244 5409 vetat
2270 5357 2567 5423 quominus
2592 5356 2930 5429 Theophilus
2959 5363 3061 5417 sub
3090 5361 3391 5416 Commodo
3416 5360 3671 5415 scribens

2090 5459 2188 5500 eos
2221 5446 2502 5512 citaverit,
2529 5448 2625 5518 qui
2657 5451 2758 5506 sub
2784 5452 2974 5507 eodem
3004 5453 3334 5523 imperatore
3355 5459 3485 5505 ante
3512 5448 3671 5505 illum

2088 5538 2468 5606 scripserant?

2158 5628 2359 5700 Objicit
2385 5632 2627 5691 secundo
2650 5633 2770 5693 loco
2794 5634 3102 5693 Dodwellus
3131 5636 3231 5693 hos
3256 5633 3426 5691 libros
3448 5631 3669 5703 vigente
