  <div class='ocr_page' id='page_1' title='image "/cluster/home/n/w/nwhite01/storage/ocr_20150623/6/mdp.39015004289917/111.png"; bbox 0 0 3948 6256; ppageno 0'>
   <div class='ocr_carea' id='block_1_1' title="bbox 420 361 527 416">
    <p class='ocr_par' dir='ltr' id='par_1_1' title="bbox 420 361 527 416">
     <span class='ocr_line' id='line_1_1' title="bbox 420 361 527 416; baseline -0.037 0"><span class='ocrx_word' id='word_1_1' title='bbox 420 361 527 416; x_wconf 67' lang='grc'><strong>207</strong></span> 
     </span>
    </p>
   </div>
   <div class='ocr_carea' id='block_1_2' title="bbox 422 569 2009 641">
    <p class='ocr_par' dir='ltr' id='par_1_2' title="bbox 422 569 2009 641">
     <span class='ocr_line' id='line_1_2' title="bbox 422 569 2009 641; baseline -0.001 -14"><span class='ocrx_word' id='word_1_2' title='bbox 422 572 660 627; x_wconf 85' lang='lat' dir='ltr'><strong>bendum</strong></span> <span class='ocrx_word' id='word_1_3' title='bbox 697 570 934 633; x_wconf 99' lang='lat' dir='ltr'><strong>curavit,</strong></span> <span class='ocrx_word' id='word_1_4' title='bbox 971 584 1113 624; x_wconf 91' lang='lat' dir='ltr'><strong>nunc</strong></span> <span class='ocrx_word' id='word_1_5' title='bbox 1144 569 1392 641; x_wconf 81' lang='lat' dir='ltr'><strong>Lugduni</strong></span> <span class='ocrx_word' id='word_1_6' title='bbox 1448 571 1777 625; x_wconf 76' lang='lat' dir='ltr'><strong>Batavorum</strong></span> <span class='ocrx_word' id='word_1_7' title='bbox 1828 586 2009 627; x_wconf 84' lang='lat' dir='ltr'><strong>asser-</strong></span> 
     </span>
    </p>
   </div>
   <div class='ocr_carea' id='block_1_3' title="bbox 424 660 2008 731">
    <p class='ocr_par' dir='ltr' id='par_1_3' title="bbox 424 660 2008 731">
     <span class='ocr_line' id='line_1_3' title="bbox 424 660 2008 731; baseline 0.003 -17"><span class='ocrx_word' id='word_1_8' title='bbox 424 671 603 715; x_wconf 85' lang='lat' dir='ltr'><strong>vatur.</strong></span> <span class='ocrx_word' id='word_1_9' title='bbox 643 660 821 714; x_wconf 88' lang='lat' dir='ltr'><strong>Editio</strong></span> <span class='ocrx_word' id='word_1_10' title='bbox 847 661 1069 729; x_wconf 85' lang='lat' dir='ltr'><strong>quidem</strong></span> <span class='ocrx_word' id='word_1_11' title='bbox 1095 660 1207 729; x_wconf 89' lang='lat' dir='ltr'><strong>jam</strong></span> <span class='ocrx_word' id='word_1_12' title='bbox 1246 675 1277 714; x_wconf 91' lang='lat' dir='ltr'><strong>c</strong></span> <span class='ocrx_word' id='word_1_13' title='bbox 1326 661 1478 731; x_wconf 90' lang='lat' dir='ltr'><strong>prelo</strong></span> <span class='ocrx_word' id='word_1_14' title='bbox 1530 662 1773 729; x_wconf 77' lang='lat' dir='ltr'><strong>exierat,</strong></span> <span class='ocrx_word' id='word_1_15' title='bbox 1829 672 2008 718; x_wconf 90' lang='lat' dir='ltr'><strong>tamen</strong></span> 
     </span>
    </p>
   </div>
   <div class='ocr_carea' id='block_1_4' title="bbox 424 749 2009 824">
    <p class='ocr_par' dir='ltr' id='par_1_4' title="bbox 424 749 2009 824">
     <span class='ocr_line' id='line_1_4' title="bbox 424 749 2009 824; baseline 0.004 -21"><span class='ocrx_word' id='word_1_16' title='bbox 424 752 663 805; x_wconf 84' lang='lat' dir='ltr'><strong>nondum</strong></span> <span class='ocrx_word' id='word_1_17' title='bbox 692 752 967 821; x_wconf 76' lang='lat' dir='ltr'><strong>prodierat</strong></span> <span class='ocrx_word' id='word_1_18' title='bbox 1006 749 1061 803; x_wconf 90' lang='lat' dir='ltr'><strong>in</strong></span> <span class='ocrx_word' id='word_1_19' title='bbox 1096 752 1412 821; x_wconf 91' lang='lat' dir='ltr'><strong>publicum,</strong></span> <span class='ocrx_word' id='word_1_20' title='bbox 1444 755 1569 824; x_wconf 82' lang='lat' dir='ltr'><strong>quia</strong></span> <span class='ocrx_word' id='word_1_21' title='bbox 1601 755 1743 810; x_wconf 92' lang='lat' dir='ltr'><strong>illius</strong></span> <span class='ocrx_word' id='word_1_22' title='bbox 1770 756 2009 824; x_wconf 77' lang='lat' dir='ltr'><strong>theologi</strong></span> 
     </span>
    </p>
   </div>
   <div class='ocr_carea' id='block_1_5' title="bbox 423 842 2010 915">
    <p class='ocr_par' dir='ltr' id='par_1_5' title="bbox 423 842 2010 915">
     <span class='ocr_line' id='line_1_5' title="bbox 423 842 2010 915; baseline 0.003 -17"><span class='ocrx_word' id='word_1_23' title='bbox 423 842 816 915; x_wconf 86' lang='lat' dir='ltr'><strong>Friburgensis</strong></span> <span class='ocrx_word' id='word_1_24' title='bbox 882 845 1267 915; x_wconf 84' lang='lat' dir='ltr'><strong>interpretatio</strong></span> <span class='ocrx_word' id='word_1_25' title='bbox 1330 855 1385 901; x_wconf 91' lang='lat' dir='ltr'><strong>et</strong></span> <span class='ocrx_word' id='word_1_26' title='bbox 1446 849 1864 904; x_wconf 89' lang='lat' dir='ltr'><strong>emendationes</strong></span> <span class='ocrx_word' id='word_1_27' title='bbox 1916 850 2010 904; x_wconf 91' lang='lat' dir='ltr'><strong>diu</strong></span> 
     </span>
    </p>
   </div>
   <div class='ocr_carea' id='block_1_6' title="bbox 425 937 2007 1007">
    <p class='ocr_par' dir='ltr' id='par_1_6' title="bbox 425 937 2007 1007">
     <span class='ocr_line' id='line_1_6' title="bbox 425 937 2007 1007; baseline 0.004 -18"><span class='ocrx_word' id='word_1_28' title='bbox 425 945 758 1005; x_wconf 61' lang='lat' dir='ltr'><strong>exspectatio</strong></span> <span class='ocrx_word' id='word_1_29' title='bbox 787 937 1030 991; x_wconf 90' lang='lat' dir='ltr'><strong>nondum</strong></span> <span class='ocrx_word' id='word_1_30' title='bbox 1072 937 1125 991; x_wconf 86' lang='lat' dir='ltr'><strong>in</strong></span> <span class='ocrx_word' id='word_1_31' title='bbox 1171 937 1433 1007; x_wconf 88' lang='lat' dir='ltr'><strong>Stephani</strong></span> <span class='ocrx_word' id='word_1_32' title='bbox 1480 955 1674 995; x_wconf 88' lang='lat' dir='ltr'><strong>manus</strong></span> <span class='ocrx_word' id='word_1_33' title='bbox 1726 948 2007 995; x_wconf 83' lang='lat' dir='ltr'><strong>venerant.</strong></span> 
     </span>
    </p>
   </div>
   <div class='ocr_carea' id='block_1_7' title="bbox 431 1030 2008 1105">
    <p class='ocr_par' dir='ltr' id='par_1_7' title="bbox 431 1030 2008 1105">
     <span class='ocr_line' id='line_1_7' title="bbox 431 1030 2008 1105; baseline 0.004 -23"><span class='ocrx_word' id='word_1_34' title='bbox 431 1048 451 1082; x_wconf 73' lang='grc' dir='ltr'>ι</span> <span class='ocrx_word' id='word_1_35' title='bbox 487 1030 856 1100; x_wconf 85' lang='lat' dir='ltr'><strong>thuoniam,</strong></span> <span class='ocrx_word' id='word_1_36' title='bbox 884 1033 1063 1101; x_wconf 86' lang='lat' dir='ltr'><strong>inquit</strong></span> <span class='ocrx_word' id='word_1_37' title='bbox 1094 1048 1148 1102; x_wconf 92' lang='lat' dir='ltr'><strong>p.</strong></span> <span class='ocrx_word' id='word_1_38' title='bbox 1181 1032 1251 1088; x_wconf 88' lang='lat'><strong>97</strong></span> <span class='ocrx_word' id='word_1_39' title='bbox 1279 1048 1388 1101; x_wconf 87' lang='lat' dir='ltr'><strong>sq.,</strong></span> <span class='ocrx_word' id='word_1_40' title='bbox 1420 1034 1573 1088; x_wconf 90' lang='lat' dir='ltr'><strong>illum</strong></span> <span class='ocrx_word' id='word_1_41' title='bbox 1601 1035 1867 1105; x_wconf 88' lang='lat' dir='ltr'><strong>quosdam</strong></span> <span class='ocrx_word' id='word_1_42' title='bbox 1895 1034 2008 1089; x_wconf 87' lang='lat' dir='ltr'><strong>dif-</strong></span> 
     </span>
    </p>
   </div>
   <div class='ocr_carea' id='block_1_8' title="bbox 429 1123 2010 1195">
    <p class='ocr_par' dir='ltr' id='par_1_8' title="bbox 429 1123 2010 1195">
     <span class='ocr_line' id='line_1_8' title="bbox 429 1123 2010 1195; baseline 0.003 -18"><span class='ocrx_word' id='word_1_43' title='bbox 429 1124 601 1177; x_wconf 83' lang='lat' dir='ltr'><strong>ficiles</strong></span> <span class='ocrx_word' id='word_1_44' title='bbox 633 1123 780 1178; x_wconf 90' lang='lat' dir='ltr'><strong>locos</strong></span> <span class='ocrx_word' id='word_1_45' title='bbox 816 1124 977 1179; x_wconf 78' lang='lat' dir='ltr'><strong>aliter</strong></span> <span class='ocrx_word' id='word_1_46' title='bbox 1013 1126 1432 1195; x_wconf 82' lang='lat' dir='ltr'><strong>interpretatum</strong></span> <span class='ocrx_word' id='word_1_47' title='bbox 1475 1141 1597 1181; x_wconf 89' lang='lat' dir='ltr'><strong>esse</strong></span> <span class='ocrx_word' id='word_1_48' title='bbox 1629 1128 1877 1181; x_wconf 84' lang='lat' dir='ltr'><strong>videbam</strong></span> <span class='ocrx_word' id='word_1_49' title='bbox 1899 1166 1913 1188; x_wconf 89' lang='lat'><strong>,</strong></span> <span class='ocrx_word' id='word_1_50' title='bbox 1944 1142 2010 1181; x_wconf 89' lang='lat' dir='ltr'><strong>ac</strong></span> 
     </span>
    </p>
   </div>
   <div class='ocr_carea' id='block_1_9' title="bbox 426 1216 2010 1288">
    <p class='ocr_par' dir='ltr' id='par_1_9' title="bbox 426 1216 2010 1288">
     <span class='ocr_line' id='line_1_9' title="bbox 426 1216 2010 1288; baseline 0.003 -20"><span class='ocrx_word' id='word_1_51' title='bbox 426 1216 731 1284; x_wconf 83' lang='lat' dir='ltr'><strong>praesertim</strong></span> <span class='ocrx_word' id='word_1_52' title='bbox 771 1217 1018 1272; x_wconf 85' lang='lat' dir='ltr'><strong>diversas</strong></span> <span class='ocrx_word' id='word_1_53' title='bbox 1045 1234 1072 1272; x_wconf 88' lang='lat' dir='ltr'><strong>a</strong></span> <span class='ocrx_word' id='word_1_54' title='bbox 1104 1219 1240 1273; x_wconf 87' lang='lat' dir='ltr'><strong>meis</strong></span> <span class='ocrx_word' id='word_1_55' title='bbox 1269 1218 1618 1288; x_wconf 84' lang='lat' dir='ltr'><strong>conjecturas</strong></span> <span class='ocrx_word' id='word_1_56' title='bbox 1656 1218 1803 1272; x_wconf 90' lang='lat' dir='ltr'><strong>illius</strong></span> <span class='ocrx_word' id='word_1_57' title='bbox 1850 1219 2010 1273; x_wconf 89' lang='lat' dir='ltr'><strong>inve-</strong></span> 
     </span>
    </p>
   </div>
   <div class='ocr_carea' id='block_1_10' title="bbox 350 1309 2009 1383">
    <p class='ocr_par' dir='ltr' id='par_1_10' title="bbox 350 1309 2009 1383">
     <span class='ocr_line' id='line_1_10' title="bbox 350 1309 2009 1383; baseline 0 -20"><span class='ocrx_word' id='word_1_58' title='bbox 350 1380 352 1383; x_wconf 23' lang='grc' dir='ltr'>ι</span> <span class='ocrx_word' id='word_1_59' title='bbox 428 1309 667 1370; x_wconf 85' lang='lat' dir='ltr'><strong>niebam.</strong></span> <span class='ocrx_word' id='word_1_60' title='bbox 702 1324 824 1363; x_wconf 91' lang='lat' dir='ltr'><strong>cum</strong></span> <span class='ocrx_word' id='word_1_61' title='bbox 852 1311 1005 1378; x_wconf 86' lang='lat' dir='ltr'><strong>alibi,</strong></span> <span class='ocrx_word' id='word_1_62' title='bbox 1034 1320 1144 1364; x_wconf 90' lang='lat' dir='ltr'><strong>tum</strong></span> <span class='ocrx_word' id='word_1_63' title='bbox 1186 1325 1316 1367; x_wconf 89' lang='lat' dir='ltr'><strong>vero</strong></span> <span class='ocrx_word' id='word_1_64' title='bbox 1360 1314 1450 1366; x_wconf 85' lang='lat' dir='ltr'><strong>ubi</strong></span> <span class='ocrx_word' id='word_1_65' title='bbox 1495 1312 1700 1366; x_wconf 84' lang='lat' dir='ltr'><strong>lacunae</strong></span> <span class='ocrx_word' id='word_1_66' title='bbox 1728 1321 1824 1365; x_wconf 91' lang='lat' dir='ltr'><strong>aut</strong></span> <span class='ocrx_word' id='word_1_67' title='bbox 1856 1311 2009 1366; x_wconf 89' lang='lat' dir='ltr'><strong>lacu-</strong></span> 
     </span>
    </p>
   </div>
   <div class='ocr_carea' id='block_1_11' title="bbox 428 1400 2010 1475">
    <p class='ocr_par' dir='ltr' id='par_1_11' title="bbox 428 1400 2010 1475">
     <span class='ocr_line' id='line_1_11' title="bbox 428 1400 2010 1475; baseline 0.003 -21"><span class='ocrx_word' id='word_1_68' title='bbox 428 1400 569 1455; x_wconf 72' lang='lat' dir='ltr'><strong>nulte</strong></span> <span class='ocrx_word' id='word_1_69' title='bbox 600 1412 696 1455; x_wconf 91' lang='lat' dir='ltr'><strong>aut</strong></span> <span class='ocrx_word' id='word_1_70' title='bbox 720 1402 911 1456; x_wconf 83' lang='lat' dir='ltr'><strong>saltem</strong></span> <span class='ocrx_word' id='word_1_71' title='bbox 943 1402 1137 1457; x_wconf 62' lang='lat' dir='ltr'><strong>litterae</strong></span> <span class='ocrx_word' id='word_1_72' title='bbox 1167 1403 1401 1475; x_wconf 75' lang='grc' dir='ltr'><strong>ἐξίτηλοι</strong></span> <span class='ocrx_word' id='word_1_73' title='bbox 1433 1411 1487 1457; x_wconf 87' lang='lat' dir='ltr'><strong>et</strong></span> <span class='ocrx_word' id='word_1_74' title='bbox 1516 1402 1706 1458; x_wconf 87' lang='lat' dir='ltr'><strong>oculos</strong></span> <span class='ocrx_word' id='word_1_75' title='bbox 1739 1404 2010 1472; x_wconf 81' lang='lat' dir='ltr'><strong>fugientes</strong></span> 
     </span>
    </p>
   </div>
   <div class='ocr_carea' id='block_1_12' title="bbox 429 1494 2009 1564">
    <p class='ocr_par' dir='ltr' id='par_1_12' title="bbox 429 1494 2009 1564">
     <span class='ocr_line' id='line_1_12' title="bbox 429 1494 2009 1564; baseline 0 -16"><span class='ocrx_word' id='word_1_76' title='bbox 429 1495 485 1549; x_wconf 88' lang='lat' dir='ltr'><strong>in</strong></span> <span class='ocrx_word' id='word_1_77' title='bbox 519 1503 708 1549; x_wconf 86' lang='lat' dir='ltr'><strong>nostro</strong></span> <span class='ocrx_word' id='word_1_78' title='bbox 734 1494 1033 1564; x_wconf 85' lang='lat' dir='ltr'><strong>exemplari</strong></span> <span class='ocrx_word' id='word_1_79' title='bbox 1068 1505 1225 1550; x_wconf 90' lang='lat' dir='ltr'><strong>erant</strong></span> <span class='ocrx_word' id='word_1_80' title='bbox 1253 1498 1387 1560; x_wconf 87' lang='lat' dir='ltr'><strong>(uno</strong></span> <span class='ocrx_word' id='word_1_81' title='bbox 1416 1495 1562 1548; x_wconf 91' lang='lat' dir='ltr'><strong>enim</strong></span> <span class='ocrx_word' id='word_1_82' title='bbox 1596 1496 1899 1559; x_wconf 87' lang='lat' dir='ltr'><strong>eodemque</strong></span> <span class='ocrx_word' id='word_1_83' title='bbox 1926 1494 2009 1548; x_wconf 91' lang='lat' dir='ltr'><strong>usi</strong></span> 
     </span>
    </p>
   </div>
   <div class='ocr_carea' id='block_1_13' title="bbox 428 1585 2010 1655">
    <p class='ocr_par' dir='ltr' id='par_1_13' title="bbox 428 1585 2010 1655">
     <span class='ocr_line' id='line_1_13' title="bbox 428 1585 2010 1655; baseline -0.003 -13"><span class='ocrx_word' id='word_1_84' title='bbox 428 1601 651 1654; x_wconf 89' lang='lat' dir='ltr'><strong>sumus;</strong></span> <span class='ocrx_word' id='word_1_85' title='bbox 694 1587 787 1641; x_wconf 92' lang='lat' dir='ltr'><strong>sed</strong></span> <span class='ocrx_word' id='word_1_86' title='bbox 814 1601 914 1655; x_wconf 84' lang='lat' dir='ltr'><strong>ego</strong></span> <span class='ocrx_word' id='word_1_87' title='bbox 940 1596 1068 1639; x_wconf 84' lang='lat' dir='ltr'><strong>ante</strong></span> <span class='ocrx_word' id='word_1_88' title='bbox 1108 1586 1305 1652; x_wconf 92' lang='lat' dir='ltr'><strong>illum),</strong></span> <span class='ocrx_word' id='word_1_89' title='bbox 1332 1596 1387 1639; x_wconf 90' lang='lat' dir='ltr'><strong>et</strong></span> <span class='ocrx_word' id='word_1_90' title='bbox 1412 1595 1489 1649; x_wconf 90' lang='lat' dir='ltr'><strong>te,</strong></span> <span class='ocrx_word' id='word_1_91' title='bbox 1522 1585 1716 1649; x_wconf 91' lang='lat' dir='ltr'><strong>lector,</strong></span> <span class='ocrx_word' id='word_1_92' title='bbox 1746 1585 1881 1639; x_wconf 91' lang='lat' dir='ltr'><strong>tanti</strong></span> <span class='ocrx_word' id='word_1_93' title='bbox 1910 1585 2010 1638; x_wconf 92' lang='lat' dir='ltr'><strong>viri</strong></span> 
     </span>
    </p>
   </div>
   <div class='ocr_carea' id='block_1_14' title="bbox 426 1677 2012 1750">
    <p class='ocr_par' dir='ltr' id='par_1_14' title="bbox 426 1677 2012 1750">
     <span class='ocr_line' id='line_1_14' title="bbox 426 1677 2012 1750; baseline -0.001 -17"><span class='ocrx_word' id='word_1_94' title='bbox 426 1679 791 1733; x_wconf 83' lang='lat' dir='ltr'><strong>fraudandum</strong></span> <span class='ocrx_word' id='word_1_95' title='bbox 832 1680 1039 1750; x_wconf 90' lang='lat' dir='ltr'><strong>judicio</strong></span> <span class='ocrx_word' id='word_1_96' title='bbox 1086 1694 1192 1732; x_wconf 92' lang='lat' dir='ltr'><strong>non</strong></span> <span class='ocrx_word' id='word_1_97' title='bbox 1242 1680 1582 1734; x_wconf 82' lang='lat' dir='ltr'><strong>censebam:</strong></span> <span class='ocrx_word' id='word_1_98' title='bbox 1626 1677 2012 1732; x_wconf 88' lang='lat' dir='ltr'><strong>adnotationcs</strong></span> 
     </span>
    </p>
   </div>
   <div class='ocr_carea' id='block_1_15' title="bbox 430 1767 2010 1840">
    <p class='ocr_par' dir='ltr' id='par_1_15' title="bbox 430 1767 2010 1840">
     <span class='ocr_line' id='line_1_15' title="bbox 430 1767 2010 1840; baseline -0.001 -15"><span class='ocrx_word' id='word_1_99' title='bbox 430 1770 659 1840; x_wconf 87' lang='lat' dir='ltr'><strong>aliquot,</strong></span> <span class='ocrx_word' id='word_1_100' title='bbox 695 1772 750 1826; x_wconf 91' lang='lat' dir='ltr'><strong>in</strong></span> <span class='ocrx_word' id='word_1_101' title='bbox 791 1770 989 1839; x_wconf 89' lang='lat' dir='ltr'><strong>quibus</strong></span> <span class='ocrx_word' id='word_1_102' title='bbox 1019 1770 1105 1825; x_wconf 91' lang='lat' dir='ltr'><strong>vel</strong></span> <span class='ocrx_word' id='word_1_103' title='bbox 1146 1770 1397 1825; x_wconf 87' lang='lat' dir='ltr'><strong>diversas</strong></span> <span class='ocrx_word' id='word_1_104' title='bbox 1432 1784 1462 1823; x_wconf 88' lang='lat' dir='ltr'><strong>a</strong></span> <span class='ocrx_word' id='word_1_105' title='bbox 1490 1770 1628 1824; x_wconf 90' lang='lat' dir='ltr'><strong>meis</strong></span> <span class='ocrx_word' id='word_1_106' title='bbox 1672 1767 1789 1837; x_wconf 93' lang='lat' dir='ltr'><strong>ejus</strong></span> <span class='ocrx_word' id='word_1_107' title='bbox 1823 1783 2010 1824; x_wconf 90' lang='lat' dir='ltr'><strong>emen-</strong></span> 
     </span>
    </p>
   </div>
   <div class='ocr_carea' id='block_1_16' title="bbox 1342 355 2772 417">
    <p class='ocr_par' dir='ltr' id='par_1_16' title="bbox 1342 355 2772 417">
     <span class='ocr_line' id='line_1_16' title="bbox 1342 355 2772 417; baseline 0.005 -7"><span class='ocrx_word' id='word_1_108' title='bbox 1342 355 1399 413; x_wconf 90' lang='lat' dir='ltr'><strong>S.</strong></span> <span class='ocrx_word' id='word_1_109' title='bbox 1434 356 1769 413; x_wconf 83' lang='lat' dir='ltr'><strong>JUSTINUS</strong></span> <span class='ocrx_word' id='word_1_110' title='bbox 1806 355 2291 415; x_wconf 78' lang='lat' dir='ltr'><strong>PHILOSOPHUS</strong></span> <span class='ocrx_word' id='word_1_111' title='bbox 2322 356 2411 413; x_wconf 89' lang='lat' dir='ltr'><strong>ET</strong></span> <span class='ocrx_word' id='word_1_112' title='bbox 2456 356 2772 417; x_wconf 79' lang='lat' dir='ltr'><strong>MARTYR.</strong></span> 
     </span>
    </p>
   </div>
   <div class='ocr_carea' id='block_1_17' title="bbox 422 457 2083 551">
    <p class='ocr_par' dir='ltr' id='par_1_17' title="bbox 422 457 2083 551">
     <span class='ocr_line' id='line_1_17' title="bbox 422 457 2083 551; baseline 0.001 -16"><span class='ocrx_word' id='word_1_113' title='bbox 422 481 693 549; x_wconf 70' lang='lat' dir='ltr'><strong>quaedam.</strong></span> <span class='ocrx_word' id='word_1_114' title='bbox 723 478 904 534; x_wconf 85' lang='lat' dir='ltr'><strong>Codex</strong></span> <span class='ocrx_word' id='word_1_115' title='bbox 934 485 1118 532; x_wconf 91' lang='lat' dir='ltr'><strong>autem</strong></span> <span class='ocrx_word' id='word_1_116' title='bbox 1161 486 1354 545; x_wconf 88' lang='lat' dir='ltr'><strong>mstus,</strong></span> <span class='ocrx_word' id='word_1_117' title='bbox 1395 457 1556 547; x_wconf 78' lang='lat' dir='ltr'><strong>quem</strong></span> <span class='ocrx_word' id='word_1_118' title='bbox 1607 481 1747 551; x_wconf 83' lang='lat' dir='ltr'><strong>typis</strong></span> <span class='ocrx_word' id='word_1_119' title='bbox 1790 479 2003 535; x_wconf 87' lang='lat' dir='ltr'><strong>descri-</strong></span> <span class='ocrx_word' id='word_1_120' title='bbox 2035 480 2083 537; x_wconf 81' lang='grc' dir='ltr'>Λ</span> 
     </span>
    </p>
   </div>
   <div class='ocr_carea' id='block_1_18' title="bbox 3595 366 3730 423">
    <p class='ocr_par' dir='ltr' id='par_1_18' title="bbox 3595 366 3730 423">
     <span class='ocr_line' id='line_1_18' title="bbox 3595 366 3730 423; baseline 0.022 -3"><span class='ocrx_word' id='word_1_121' title='bbox 3595 366 3730 423; x_wconf 72' lang='grc'><strong>208</strong></span> 
     </span>
    </p>
   </div>
   <div class='ocr_carea' id='block_1_19' title="bbox 2190 479 3726 551">
    <p class='ocr_par' dir='ltr' id='par_1_19' title="bbox 2190 479 3726 551">
     <span class='ocr_line' id='line_1_19' title="bbox 2190 479 3726 551; baseline 0.001 -18"><span class='ocrx_word' id='word_1_122' title='bbox 2190 480 2317 535; x_wconf 71' lang='lat' dir='ltr'><strong>[haec</strong></span> <span class='ocrx_word' id='word_1_123' title='bbox 2342 479 2618 551; x_wconf 87' lang='lat' dir='ltr'><strong>Sylhurgii</strong></span> <span class='ocrx_word' id='word_1_124' title='bbox 2644 480 2811 535; x_wconf 82' lang='lat' dir='ltr'><strong>editio</strong></span> <span class='ocrx_word' id='word_1_125' title='bbox 2834 494 3023 534; x_wconf 80' lang='lat' dir='ltr'><strong>recusa</strong></span> <span class='ocrx_word' id='word_1_126' title='bbox 3051 489 3133 536; x_wconf 90' lang='lat' dir='ltr'><strong>est</strong></span> <span class='ocrx_word' id='word_1_127' title='bbox 3154 496 3271 537; x_wconf 92' lang='lat' dir='ltr'><strong>cur.</strong></span> <span class='ocrx_word' id='word_1_128' title='bbox 3293 482 3424 538; x_wconf 78' lang='lat' dir='ltr'><strong>Fed.</strong></span> <span class='ocrx_word' id='word_1_129' title='bbox 3450 483 3620 539; x_wconf 78' lang='lat' dir='ltr'><strong>Morel</strong></span> <span class='ocrx_word' id='word_1_130' title='bbox 3634 486 3726 551; x_wconf 62' lang='lat' dir='ltr'><strong>In,</strong></span> 
     </span>
    </p>
   </div>
   <div class='ocr_carea' id='block_1_20' title="bbox 2112 571 3724 643">
    <p class='ocr_par' dir='ltr' id='par_1_20' title="bbox 2112 571 3724 643">
     <span class='ocr_line' id='line_1_20' title="bbox 2112 571 3724 643; baseline 0 -17"><span class='ocrx_word' id='word_1_131' title='bbox 2112 574 2431 642; x_wconf 88' lang='lat' dir='ltr'><strong>professore</strong></span> <span class='ocrx_word' id='word_1_132' title='bbox 2472 574 2658 643; x_wconf 91' lang='lat' dir='ltr'><strong>regio,</strong></span> <span class='ocrx_word' id='word_1_133' title='bbox 2692 572 2923 626; x_wconf 72' lang='lat' dir='ltr'><strong>Lutetia:</strong></span> <span class='ocrx_word' id='word_1_134' title='bbox 2969 571 3146 627; x_wconf 88' lang='lat' dir='ltr'><strong>Paris.</strong></span> <span class='ocrx_word' id='word_1_135' title='bbox 3203 574 3343 643; x_wconf 89' lang='lat' dir='ltr'><strong>apud</strong></span> <span class='ocrx_word' id='word_1_136' title='bbox 3376 574 3724 630; x_wconf 83' lang='lat' dir='ltr'><strong>Michaelem</strong></span> 
     </span>
    </p>
   </div>
   <div class='ocr_carea' id='block_1_21' title="bbox 2114 663 3724 735">
    <p class='ocr_par' dir='ltr' id='par_1_21' title="bbox 2114 663 3724 735">
     <span class='ocr_line' id='line_1_21' title="bbox 2114 663 3724 735; baseline 0.002 -18"><span class='ocrx_word' id='word_1_137' title='bbox 2114 663 2381 717; x_wconf 90' lang='lat' dir='ltr'><strong>Sonnium</strong></span> <span class='ocrx_word' id='word_1_138' title='bbox 2415 664 2545 734; x_wconf 89' lang='lat' dir='ltr'><strong>(alia</strong></span> <span class='ocrx_word' id='word_1_139' title='bbox 2577 664 2817 733; x_wconf 82' lang='lat' dir='ltr'><strong>exempl.</strong></span> <span class='ocrx_word' id='word_1_140' title='bbox 2845 664 3105 733; x_wconf 87' lang='lat' dir='ltr'><strong>inscripta</strong></span> <span class='ocrx_word' id='word_1_141' title='bbox 3140 674 3270 719; x_wconf 86' lang='lat' dir='ltr'><strong>sunt</strong></span> <span class='ocrx_word' id='word_1_142' title='bbox 3296 682 3309 717; x_wconf 87' lang='lat'><strong>:</strong></span> <span class='ocrx_word' id='word_1_143' title='bbox 3331 668 3471 735; x_wconf 87' lang='lat' dir='ltr'><strong>apud</strong></span> <span class='ocrx_word' id='word_1_144' title='bbox 3498 665 3724 722; x_wconf 79' lang='lat' dir='ltr'><strong>Claud.</strong></span> 
     </span>
    </p>
   </div>
   <div class='ocr_carea' id='block_1_22' title="bbox 2114 753 3720 824">
    <p class='ocr_par' dir='ltr' id='par_1_22' title="bbox 2114 753 3720 824">
     <span class='ocr_line' id='line_1_22' title="bbox 2114 753 3720 824; baseline 0.002 -17"><span class='ocrx_word' id='word_1_145' title='bbox 2114 753 2479 824; x_wconf 83' lang='lat' dir='ltr'><strong>Morettum),</strong></span> <span class='ocrx_word' id='word_1_146' title='bbox 2521 754 2608 808; x_wconf 86' lang='lat' dir='ltr'><strong>via</strong></span> <span class='ocrx_word' id='word_1_147' title='bbox 2655 753 2891 809; x_wconf 83' lang='lat' dir='ltr'><strong>Jacobea</strong></span> <span class='ocrx_word' id='word_1_148' title='bbox 2937 756 3237 811; x_wconf 85' lang='lat' dir='ltr'><strong>sub&#39;scuto</strong></span> <span class='ocrx_word' id='word_1_149' title='bbox 3282 756 3591 823; x_wconf 83' lang='lat' dir='ltr'><strong>Basiliensi,</strong></span> <span class='ocrx_word' id='word_1_150' title='bbox 3649 774 3720 810; x_wconf 86' lang='lat' dir='ltr'><strong>a.</strong></span> 
     </span>
    </p>
   </div>
   <div class='ocr_carea' id='block_1_23' title="bbox 2117 843 3726 916">
    <p class='ocr_par' dir='ltr' id='par_1_23' title="bbox 2117 843 3726 916">
     <span class='ocr_line' id='line_1_23' title="bbox 2117 843 3726 916; baseline 0.004 -19"><span class='ocrx_word' id='word_1_151' title='bbox 2117 843 2280 909; x_wconf 81' lang='lat'><strong>1615,</strong></span> <span class='ocrx_word' id='word_1_152' title='bbox 2310 844 2427 909; x_wconf 86' lang='lat' dir='ltr'><strong>fol.,</strong></span> <span class='ocrx_word' id='word_1_153' title='bbox 2455 854 2512 899; x_wconf 89' lang='lat' dir='ltr'><strong>et</strong></span> <span class='ocrx_word' id='word_1_154' title='bbox 2536 846 2733 901; x_wconf 88' lang='lat' dir='ltr'><strong>dehinc</strong></span> <span class='ocrx_word' id='word_1_155' title='bbox 2762 846 2905 915; x_wconf 90' lang='lat' dir='ltr'><strong>apud</strong></span> <span class='ocrx_word' id='word_1_156' title='bbox 2930 846 3120 901; x_wconf 82' lang='lat' dir='ltr'><strong>Claud.</strong></span> <span class='ocrx_word' id='word_1_157' title='bbox 3167 846 3433 902; x_wconf 90' lang='lat' dir='ltr'><strong>Sonnium</strong></span> <span class='ocrx_word' id='word_1_158' title='bbox 3466 850 3544 916; x_wconf 82' lang='lat' dir='ltr'><strong>(in</strong></span> <span class='ocrx_word' id='word_1_159' title='bbox 3578 849 3726 904; x_wconf 87' lang='lat' dir='ltr'><strong>aliis</strong></span> 
     </span>
    </p>
   </div>
   <div class='ocr_carea' id='block_1_24' title="bbox 2113 935 3721 1006">
    <p class='ocr_par' dir='ltr' id='par_1_24' title="bbox 2113 935 3721 1006">
     <span class='ocr_line' id='line_1_24' title="bbox 2113 935 3721 1006; baseline 0.001 -17"><span class='ocrx_word' id='word_1_160' title='bbox 2113 936 2353 1005; x_wconf 83' lang='lat' dir='ltr'><strong>exempl.</strong></span> <span class='ocrx_word' id='word_1_161' title='bbox 2390 960 2400 992; x_wconf 93' lang='lat'>:</span> <span class='ocrx_word' id='word_1_162' title='bbox 2432 936 2579 1006; x_wconf 85' lang='lat' dir='ltr'><strong>apud</strong></span> <span class='ocrx_word' id='word_1_163' title='bbox 2632 936 2815 991; x_wconf 83' lang='lat' dir='ltr'><strong>Carol.</strong></span> <span class='ocrx_word' id='word_1_164' title='bbox 2874 936 3219 1006; x_wconf 80' lang='lat' dir='ltr'><strong>Moretlum),</strong></span> <span class='ocrx_word' id='word_1_165' title='bbox 3266 938 3350 990; x_wconf 84' lang='lat' dir='ltr'><strong>via</strong></span> <span class='ocrx_word' id='word_1_166' title='bbox 3387 935 3600 1000; x_wconf 84' lang='lat' dir='ltr'><strong>Jacob.,</strong></span> <span class='ocrx_word' id='word_1_167' title='bbox 3635 940 3721 990; x_wconf 77' lang='lat' dir='ltr'><strong>ad</strong></span> 
     </span>
    </p>
   </div>
   <div class='ocr_carea' id='block_1_25' title="bbox 2114 1028 3713 1097">
    <p class='ocr_par' dir='ltr' id='par_1_25' title="bbox 2114 1028 3713 1097">
     <span class='ocr_line' id='line_1_25' title="bbox 2114 1028 3713 1097; baseline 0.001 -15"><span class='ocrx_word' id='word_1_168' title='bbox 2114 1030 2331 1097; x_wconf 85' lang='lat' dir='ltr'><strong>insigne</strong></span> <span class='ocrx_word' id='word_1_169' title='bbox 2383 1029 2526 1085; x_wconf 89' lang='lat' dir='ltr'><strong>sculi</strong></span> <span class='ocrx_word' id='word_1_170' title='bbox 2556 1029 2900 1090; x_wconf 87' lang='lat' dir='ltr'><strong>Basiliensis,</strong></span> <span class='ocrx_word' id='word_1_171' title='bbox 2928 1045 2979 1082; x_wconf 91' lang='lat' dir='ltr'><strong>a.</strong></span> <span class='ocrx_word' id='word_1_172' title='bbox 3015 1029 3179 1093; x_wconf 79' lang='grc'>1656,</span> <span class='ocrx_word' id='word_1_173' title='bbox 3212 1028 3305 1083; x_wconf 85' lang='lat' dir='ltr'><strong>fol.</strong></span> <span class='ocrx_word' id='word_1_174' title='bbox 3335 1029 3494 1095; x_wconf 85' lang='lat' dir='ltr'><strong>(tum.</strong></span> <span class='ocrx_word' id='word_1_175' title='bbox 3536 1028 3605 1082; x_wconf 91' lang='lat' dir='ltr'><strong>Ill</strong></span> <span class='ocrx_word' id='word_1_176' title='bbox 3649 1032 3713 1083; x_wconf 86' lang='lat' dir='ltr'><strong>in</strong></span> 
     </span>
    </p>
   </div>
   <div class='ocr_carea' id='block_1_26' title="bbox 2114 1119 3710 1189">
    <p class='ocr_par' dir='ltr' id='par_1_26' title="bbox 2114 1119 3710 1189">
     <span class='ocr_line' id='line_1_26' title="bbox 2114 1119 3710 1189; baseline 0.001 -16"><span class='ocrx_word' id='word_1_177' title='bbox 2114 1119 2133 1173; x_wconf 95' lang='grc' dir='ltr'><strong>Ι</strong></span> <span class='ocrx_word' id='word_1_178' title='bbox 2187 1121 2354 1188; x_wconf 91' lang='lat' dir='ltr'><strong>vol.).</strong></span> <span class='ocrx_word' id='word_1_179' title='bbox 2410 1121 2679 1189; x_wconf 89' lang='lat' dir='ltr'><strong>Adjuneta</strong></span> <span class='ocrx_word' id='word_1_180' title='bbox 2734 1130 2819 1173; x_wconf 89' lang='lat' dir='ltr'><strong>est</strong></span> <span class='ocrx_word' id='word_1_181' title='bbox 2862 1120 2916 1173; x_wconf 92' lang='lat' dir='ltr'><strong>in</strong></span> <span class='ocrx_word' id='word_1_182' title='bbox 2969 1130 3202 1189; x_wconf 86' lang='lat' dir='ltr'><strong>utraque</strong></span> <span class='ocrx_word' id='word_1_183' title='bbox 3253 1122 3493 1176; x_wconf 87' lang='lat' dir='ltr'><strong>editione</strong></span> <span class='ocrx_word' id='word_1_184' title='bbox 3547 1122 3710 1176; x_wconf 88' lang='lat' dir='ltr'><strong>Petri</strong></span> 
     </span>
    </p>
   </div>
   <div class='ocr_carea' id='block_1_27' title="bbox 2113 1211 3711 1283">
    <p class='ocr_par' dir='ltr' id='par_1_27' title="bbox 2113 1211 3711 1283">
     <span class='ocr_line' id='line_1_27' title="bbox 2113 1211 3711 1283; baseline -0.001 -16"><span class='ocrx_word' id='word_1_185' title='bbox 2113 1212 2411 1275; x_wconf 89' lang='lat' dir='ltr'><strong>Lansselii,</strong></span> <span class='ocrx_word' id='word_1_186' title='bbox 2439 1211 2849 1282; x_wconf 85' lang='lat' dir='ltr'><strong>Gravelingani,</strong></span> <span class='ocrx_word' id='word_1_187' title='bbox 2882 1212 3006 1267; x_wconf 72' lang='lat' dir='ltr'><strong>Sec.</strong></span> <span class='ocrx_word' id='word_1_188' title='bbox 3040 1211 3166 1267; x_wconf 83' lang='lat' dir='ltr'><strong>Jesu</strong></span> <span class='ocrx_word' id='word_1_189' title='bbox 3210 1214 3545 1283; x_wconf 81' lang='lat' dir='ltr'><strong>presbyteri,</strong></span> <span class='ocrx_word' id='word_1_190' title='bbox 3578 1214 3711 1266; x_wconf 83' lang='lat' dir='ltr'><strong>dis-</strong></span> 
     </span>
    </p>
   </div>
   <div class='ocr_carea' id='block_1_28' title="bbox 2114 1304 3705 1376">
    <p class='ocr_par' dir='ltr' id='par_1_28' title="bbox 2114 1304 3705 1376">
     <span class='ocr_line' id='line_1_28' title="bbox 2114 1304 3705 1376; baseline 0.003 -18"><span class='ocrx_word' id='word_1_191' title='bbox 2114 1306 2340 1374; x_wconf 90' lang='lat' dir='ltr'><strong>punctio</strong></span> <span class='ocrx_word' id='word_1_192' title='bbox 2374 1304 2907 1359; x_wconf 81' lang='lat' dir='ltr'><strong>animadversionum</strong></span> <span class='ocrx_word' id='word_1_193' title='bbox 2936 1307 2988 1359; x_wconf 94' lang='lat' dir='ltr'><strong>in</strong></span> <span class='ocrx_word' id='word_1_194' title='bbox 3014 1306 3283 1362; x_wconf 71' lang='lat' dir='ltr'><strong>Jtlslit....lt</strong></span> <span class='ocrx_word' id='word_1_195' title='bbox 3306 1347 3323 1371; x_wconf 88' lang='lat'><strong>,</strong></span> <span class='ocrx_word' id='word_1_196' title='bbox 3352 1322 3488 1376; x_wconf 90' lang='lat' dir='ltr'><strong>quas</strong></span> <span class='ocrx_word' id='word_1_197' title='bbox 3523 1307 3705 1363; x_wconf 79' lang='lat' dir='ltr'><strong>Isaae.</strong></span> 
     </span>
    </p>
   </div>
   <div class='ocr_carea' id='block_1_29' title="bbox 2114 1398 3709 1454">
    <p class='ocr_par' dir='ltr' id='par_1_29' title="bbox 2114 1398 3709 1454">
     <span class='ocr_line' id='line_1_29' title="bbox 2114 1398 3709 1454; baseline 0 -2"><span class='ocrx_word' id='word_1_198' title='bbox 2114 1398 2471 1453; x_wconf 89' lang='lat' dir='ltr'><strong>Casaubonus</strong></span> <span class='ocrx_word' id='word_1_199' title='bbox 2504 1399 2999 1453; x_wconf 78' lang='lat' dir='ltr'><strong>Exercitationibus</strong></span> <span class='ocrx_word' id='word_1_200' title='bbox 3048 1400 3162 1453; x_wconf 86' lang='lat' dir='ltr'><strong>suis</strong></span> <span class='ocrx_word' id='word_1_201' title='bbox 3210 1401 3477 1454; x_wconf 86' lang='lat' dir='ltr'><strong>adversus</strong></span> <span class='ocrx_word' id='word_1_202' title='bbox 3524 1399 3709 1452; x_wconf 85' lang='lat' dir='ltr'><strong>Baro-</strong></span> 
     </span>
    </p>
   </div>
   <div class='ocr_carea' id='block_1_30' title="bbox 2116 1493 3705 1563">
    <p class='ocr_par' dir='ltr' id='par_1_30' title="bbox 2116 1493 3705 1563">
     <span class='ocr_line' id='line_1_30' title="bbox 2116 1493 3705 1563; baseline -0.001 -16"><span class='ocrx_word' id='word_1_203' title='bbox 2116 1495 2266 1547; x_wconf 87' lang='lat' dir='ltr'><strong>nium</strong></span> <span class='ocrx_word' id='word_1_204' title='bbox 2301 1493 2554 1548; x_wconf 90' lang='lat' dir='ltr'><strong>inseruit.</strong></span> <span class='ocrx_word' id='word_1_205' title='bbox 2589 1493 2859 1547; x_wconf 65' lang='lat' dir='ltr'><strong>Praeterea</strong></span> <span class='ocrx_word' id='word_1_206' title='bbox 2902 1493 3173 1547; x_wconf 91' lang='lat' dir='ltr'><strong>accedunt</strong></span> <span class='ocrx_word' id='word_1_207' title='bbox 3213 1503 3467 1563; x_wconf 91' lang='lat' dir='ltr'><strong>tanquam</strong></span> <span class='ocrx_word' id='word_1_208' title='bbox 3513 1499 3705 1546; x_wconf 84' lang='lat' dir='ltr'><strong>corni-</strong></span> 
     </span>
    </p>
   </div>
   <div class='ocr_carea' id='block_1_31' title="bbox 2116 1585 3705 1658">
    <p class='ocr_par' dir='ltr' id='par_1_31' title="bbox 2116 1585 3705 1658">
     <span class='ocr_line' id='line_1_31' title="bbox 2116 1585 3705 1658; baseline -0.003 -15"><span class='ocrx_word' id='word_1_209' title='bbox 2116 1588 2254 1643; x_wconf 84' lang='lat' dir='ltr'><strong>laria</strong></span> <span class='ocrx_word' id='word_1_210' title='bbox 2286 1588 2688 1658; x_wconf 79' lang='lat' dir='ltr'><strong>Athenagorae,</strong></span> <span class='ocrx_word' id='word_1_211' title='bbox 2724 1587 3044 1655; x_wconf 86' lang='lat' dir='ltr'><strong>Theophili,</strong></span> <span class='ocrx_word' id='word_1_212' title='bbox 3096 1585 3311 1642; x_wconf 87' lang='lat' dir='ltr'><strong>Tatiani</strong></span> <span class='ocrx_word' id='word_1_213' title='bbox 3360 1597 3412 1643; x_wconf 91' lang='lat' dir='ltr'><strong>et</strong></span> <span class='ocrx_word' id='word_1_214' title='bbox 3457 1586 3705 1641; x_wconf 76' lang='lat' dir='ltr'><strong>Hermia:</strong></span> 
     </span>
    </p>
   </div>
   <div class='ocr_carea' id='block_1_32' title="bbox 2119 1678 3699 1751">
    <p class='ocr_par' dir='ltr' id='par_1_32' title="bbox 2119 1678 3699 1751">
     <span class='ocr_line' id='line_1_32' title="bbox 2119 1678 3699 1751; baseline 0 -17"><span class='ocrx_word' id='word_1_215' title='bbox 2119 1690 2410 1736; x_wconf 90' lang='lat' dir='ltr'><strong>tractatus.</strong></span> <span class='ocrx_word' id='word_1_216' title='bbox 2437 1678 2670 1735; x_wconf 67' lang='lat' dir='ltr'><strong>Praeiixa</strong></span> <span class='ocrx_word' id='word_1_217' title='bbox 2695 1690 2782 1735; x_wconf 89' lang='lat' dir='ltr'><strong>est</strong></span> <span class='ocrx_word' id='word_1_218' title='bbox 2810 1681 3057 1750; x_wconf 69' lang='lat' dir='ltr'><strong>quaedam</strong></span> <span class='ocrx_word' id='word_1_219' title='bbox 3094 1679 3296 1736; x_wconf 83' lang='lat' dir='ltr'><strong>Justini</strong></span> <span class='ocrx_word' id='word_1_220' title='bbox 3326 1680 3533 1751; x_wconf 77' lang='lat' dir='ltr'><strong>eiligies</strong></span> <span class='ocrx_word' id='word_1_221' title='bbox 3563 1695 3699 1735; x_wconf 90' lang='lat' dir='ltr'><strong>cum</strong></span> 
     </span>
    </p>
   </div>
   <div class='ocr_carea' id='block_1_33' title="bbox 2115 1772 2586 1829">
    <p class='ocr_par' dir='ltr' id='par_1_33' title="bbox 2115 1772 2586 1829">
     <span class='ocr_line' id='line_1_33' title="bbox 2115 1772 2586 1829; baseline -0.002 -2"><span class='ocrx_word' id='word_1_222' title='bbox 2115 1772 2222 1828; x_wconf 88' lang='lat' dir='ltr'><strong>hoc</strong></span> <span class='ocrx_word' id='word_1_223' title='bbox 2270 1772 2531 1829; x_wconf 87' lang='lat' dir='ltr'><strong>lemmate</strong></span> <span class='ocrx_word' id='word_1_224' title='bbox 2572 1789 2586 1826; x_wconf 92' lang='lat'><strong>:</strong></span> 
     </span>
    </p>
   </div>
   <div class='ocr_carea' id='block_1_34' title="bbox 430 1860 2007 1956">
    <p class='ocr_par' dir='ltr' id='par_1_34' title="bbox 430 1860 2005 1930">
     <span class='ocr_line' id='line_1_34' title="bbox 430 1860 2005 1930; baseline -0.003 -13"><span class='ocrx_word' id='word_1_225' title='bbox 430 1862 677 1917; x_wconf 89' lang='lat' dir='ltr'><strong>datioues</strong></span> <span class='ocrx_word' id='word_1_226' title='bbox 702 1861 785 1918; x_wconf 90' lang='lat' dir='ltr'><strong>vel</strong></span> <span class='ocrx_word' id='word_1_227' title='bbox 811 1864 1082 1916; x_wconf 89' lang='lat' dir='ltr'><strong>diversam</strong></span> <span class='ocrx_word' id='word_1_228' title='bbox 1130 1862 1642 1930; x_wconf 79' lang='lat' dir='ltr'><strong>interpretationem</strong></span> <span class='ocrx_word' id='word_1_229' title='bbox 1678 1860 1774 1914; x_wconf 90' lang='lat' dir='ltr'><strong>tibi</strong></span> <span class='ocrx_word' id='word_1_230' title='bbox 1806 1874 2005 1930; x_wconf 86' lang='lat' dir='ltr'><strong>propo-</strong></span> 
     </span>
    </p>
   </div>
   <div class='ocr_carea' id='block_1_35' title="bbox 2123 1860 3697 1956">
    <p class='ocr_par' dir='ltr' id='par_1_35' title="bbox 2124 1885 3697 1956">
     <span class='ocr_line' id='line_1_35' title="bbox 2124 1885 3697 1956; baseline -0.004 -11"><span class='ocrx_word' id='word_1_231' title='bbox 2124 1887 2298 1945; x_wconf 78' lang='grc' dir='ltr'><strong>Ἠνίδ’</strong></span> <span class='ocrx_word' id='word_1_232' title='bbox 2328 1887 2653 1943; x_wconf 79' lang='grc' dir='ltr'><em>Ἰουστίνου</em></span> <span class='ocrx_word' id='word_1_233' title='bbox 2687 1886 2907 1954; x_wconf 69' lang='grc' dir='ltr'><strong>διτταῖς</strong></span> <span class='ocrx_word' id='word_1_234' title='bbox 2933 1887 3225 1956; x_wconf 67' lang='grc' dir='ltr'><strong>στέφεσίν</strong></span> <span class='ocrx_word' id='word_1_235' title='bbox 3261 1886 3417 1955; x_wconf 83' lang='grc' dir='ltr'><strong>κάρα</strong></span> <span class='ocrx_word' id='word_1_236' title='bbox 3440 1885 3697 1952; x_wconf 73' lang='grc' dir='ltr'><strong>κασθὲν,</strong></span> 
     </span>
    </p>
   </div>
   <div class='ocr_carea' id='block_1_36' title="bbox 430 1952 2011 2025">
    <p class='ocr_par' dir='ltr' id='par_1_36' title="bbox 430 1952 2011 2025">
     <span class='ocr_line' id='line_1_36' title="bbox 430 1952 2011 2025; baseline -0.001 -15"><span class='ocrx_word' id='word_1_237' title='bbox 430 1970 618 2010; x_wconf 91' lang='lat' dir='ltr'><strong>nerem</strong></span> <span class='ocrx_word' id='word_1_238' title='bbox 640 1994 656 2019; x_wconf 94' lang='lat'><strong>,</strong></span> <span class='ocrx_word' id='word_1_239' title='bbox 690 1954 1062 2025; x_wconf 89' lang='lat' dir='ltr'><strong>superioribus</strong></span> <span class='ocrx_word' id='word_1_240' title='bbox 1087 1954 1326 2023; x_wconf 88' lang='lat' dir='ltr'><strong>adjicere</strong></span> <span class='ocrx_word' id='word_1_241' title='bbox 1369 1954 1613 2014; x_wconf 91' lang='lat' dir='ltr'><strong>decrevi,</strong></span> <span class='ocrx_word' id='word_1_242' title='bbox 1644 1964 1808 2022; x_wconf 88' lang='lat' dir='ltr'><strong>atque</strong></span> <span class='ocrx_word' id='word_1_243' title='bbox 1846 1952 1901 2008; x_wconf 88' lang='lat' dir='ltr'><strong>id</strong></span> <span class='ocrx_word' id='word_1_244' title='bbox 1949 1961 2011 2008; x_wconf 86' lang='lat' dir='ltr'><strong>ut.</strong></span> 
     </span>
    </p>
   </div>
   <div class='ocr_carea' id='block_1_37' title="bbox 429 2032 2011 2117">
    <p class='ocr_par' dir='ltr' id='par_1_37' title="bbox 429 2032 2011 2117">
     <span class='ocr_line' id='line_1_37' title="bbox 429 2032 2011 2117; baseline -0.001 -13"><span class='ocrx_word' id='word_1_245' title='bbox 429 2050 781 2105; x_wconf 86' lang='lat' dir='ltr'><strong>decreveram</strong></span> <span class='ocrx_word' id='word_1_246' title='bbox 812 2047 1069 2105; x_wconf 68' lang='lat' dir='ltr'><strong>ell‘eclum</strong></span> <span class='ocrx_word' id='word_1_247' title='bbox 1105 2047 1337 2103; x_wconf 90' lang='lat' dir='ltr'><strong>reddidi.</strong></span> <span class='ocrx_word' id='word_1_248' title='bbox 1370 2066 1389 2099; x_wconf 72' lang='grc' dir='ltr'><strong><em>ι</em></strong></span> <span class='ocrx_word' id='word_1_249' title='bbox 1436 2047 1542 2102; x_wconf 90' lang='lat' dir='ltr'><strong>Sed</strong></span> <span class='ocrx_word' id='word_1_250' title='bbox 1572 2032 1883 2117; x_wconf 76' lang='lat' dir='ltr'><strong>Stephanus</strong></span> <span class='ocrx_word' id='word_1_251' title='bbox 1912 2045 2011 2102; x_wconf 87' lang='lat' dir='ltr'><strong>do-</strong></span> 
     </span>
    </p>
   </div>
   <div class='ocr_carea' id='block_1_38' title="bbox 429 2139 2010 2213">
    <p class='ocr_par' dir='ltr' id='par_1_38' title="bbox 429 2139 2010 2213">
     <span class='ocr_line' id='line_1_38' title="bbox 429 2139 2010 2213; baseline -0.003 -15"><span class='ocrx_word' id='word_1_252' title='bbox 429 2144 711 2198; x_wconf 89' lang='lat' dir='ltr'><strong>ctissimus</strong></span> <span class='ocrx_word' id='word_1_253' title='bbox 740 2143 1131 2213; x_wconf 85' lang='lat' dir='ltr'><strong>grammaticus</strong></span> <span class='ocrx_word' id='word_1_254' title='bbox 1165 2142 1217 2198; x_wconf 88' lang='lat' dir='ltr'><strong>in</strong></span> <span class='ocrx_word' id='word_1_255' title='bbox 1251 2142 1471 2210; x_wconf 88' lang='lat' dir='ltr'><strong>scriptis</strong></span> <span class='ocrx_word' id='word_1_256' title='bbox 1508 2141 1613 2195; x_wconf 93' lang='lat' dir='ltr'><strong>illis</strong></span> <span class='ocrx_word' id='word_1_257' title='bbox 1649 2139 2010 2195; x_wconf 87' lang='lat' dir='ltr'><strong>emendandis</strong></span> 
     </span>
    </p>
   </div>
   <div class='ocr_carea' id='block_1_39' title="bbox 430 2235 2010 2306">
    <p class='ocr_par' dir='ltr' id='par_1_39' title="bbox 430 2235 2010 2306">
     <span class='ocr_line' id='line_1_39' title="bbox 430 2235 2010 2306; baseline -0.002 -15"><span class='ocrx_word' id='word_1_258' title='bbox 430 2238 510 2292; x_wconf 88' lang='lat' dir='ltr'><strong>sic</strong></span> <span class='ocrx_word' id='word_1_259' title='bbox 539 2246 809 2301; x_wconf 89' lang='lat' dir='ltr'><strong>versatur,</strong></span> <span class='ocrx_word' id='word_1_260' title='bbox 843 2238 999 2306; x_wconf 86' lang='lat' dir='ltr'><strong>quasi</strong></span> <span class='ocrx_word' id='word_1_261' title='bbox 1047 2235 1287 2289; x_wconf 87' lang='lat' dir='ltr'><strong>Platonis</strong></span> <span class='ocrx_word' id='word_1_262' title='bbox 1332 2244 1520 2290; x_wconf 89' lang='lat' dir='ltr'><strong>essent</strong></span> <span class='ocrx_word' id='word_1_263' title='bbox 1562 2246 1657 2288; x_wconf 89' lang='lat' dir='ltr'><strong>aut</strong></span> <span class='ocrx_word' id='word_1_264' title='bbox 1693 2235 2010 2289; x_wconf 87' lang='lat' dir='ltr'><strong>Demosthe-</strong></span> 
     </span>
    </p>
   </div>
   <div class='ocr_carea' id='block_1_40' title="bbox 431 2327 2009 2400">
    <p class='ocr_par' dir='ltr' id='par_1_40' title="bbox 431 2327 2009 2400">
     <span class='ocr_line' id='line_1_40' title="bbox 431 2327 2009 2400; baseline -0.001 -17"><span class='ocrx_word' id='word_1_265' title='bbox 431 2332 518 2384; x_wconf 86' lang='lat' dir='ltr'><strong>nis</strong></span> <span class='ocrx_word' id='word_1_266' title='bbox 546 2344 755 2400; x_wconf 88' lang='lat' dir='ltr'><strong>opera;</strong></span> <span class='ocrx_word' id='word_1_267' title='bbox 787 2336 1124 2399; x_wconf 88' lang='lat' dir='ltr'><strong>quapropter</strong></span> <span class='ocrx_word' id='word_1_268' title='bbox 1155 2329 1427 2384; x_wconf 89' lang='lat' dir='ltr'><strong>interdum</strong></span> <span class='ocrx_word' id='word_1_269' title='bbox 1477 2344 1584 2382; x_wconf 92' lang='lat' dir='ltr'><strong>non</strong></span> <span class='ocrx_word' id='word_1_270' title='bbox 1628 2337 1737 2381; x_wconf 82' lang='lat' dir='ltr'><strong>tant</strong></span> <span class='ocrx_word' id='word_1_271' title='bbox 1782 2327 2009 2383; x_wconf 88' lang='lat' dir='ltr'><strong>sanandi</strong></span> 
     </span>
    </p>
   </div>
   <div class='ocr_carea' id='block_1_41' title="bbox 430 2422 1588 2491">
    <p class='ocr_par' dir='ltr' id='par_1_41' title="bbox 430 2422 1588 2491">
     <span class='ocr_line' id='line_1_41' title="bbox 430 2422 1588 2491; baseline 0.002 -16"><span class='ocrx_word' id='word_1_272' title='bbox 430 2436 595 2491; x_wconf 87' lang='lat' dir='ltr'><strong>quam</strong></span> <span class='ocrx_word' id='word_1_273' title='bbox 630 2423 865 2477; x_wconf 89' lang='lat' dir='ltr'><strong>ornandi</strong></span> <span class='ocrx_word' id='word_1_274' title='bbox 905 2432 1089 2476; x_wconf 80' lang='lat' dir='ltr'><strong>textus</strong></span> <span class='ocrx_word' id='word_1_275' title='bbox 1121 2435 1303 2490; x_wconf 90' lang='lat' dir='ltr'><strong>partes</strong></span> <span class='ocrx_word' id='word_1_276' title='bbox 1330 2422 1588 2477; x_wconf 90' lang='lat' dir='ltr'><strong>sustinet.</strong></span> 
     </span>
    </p>
   </div>
   <div class='ocr_carea' id='block_1_42' title="bbox 498 2512 2013 2585">
    <p class='ocr_par' dir='ltr' id='par_1_42' title="bbox 498 2512 2013 2585">
     <span class='ocr_line' id='line_1_42' title="bbox 498 2512 2013 2585; baseline 0.003 -18"><span class='ocrx_word' id='word_1_277' title='bbox 498 2512 693 2568; x_wconf 89' lang='lat' dir='ltr'><strong>Omnia</strong></span> <span class='ocrx_word' id='word_1_278' title='bbox 741 2512 833 2567; x_wconf 88' lang='lat' dir='ltr'><strong>illa</strong></span> <span class='ocrx_word' id='word_1_279' title='bbox 889 2514 949 2569; x_wconf 91' lang='lat' dir='ltr'><strong>S.</strong></span> <span class='ocrx_word' id='word_1_280' title='bbox 996 2512 1200 2569; x_wconf 87' lang='lat' dir='ltr'><strong>Justini</strong></span> <span class='ocrx_word' id='word_1_281' title='bbox 1247 2528 1439 2583; x_wconf 89' lang='lat' dir='ltr'><strong>opera,</strong></span> <span class='ocrx_word' id='word_1_282' title='bbox 1493 2515 1561 2570; x_wconf 89' lang='lat' dir='ltr'><strong>ab</strong></span> <span class='ocrx_word' id='word_1_283' title='bbox 1610 2523 1840 2585; x_wconf 86' lang='lat' dir='ltr'><strong>utroque</strong></span> <span class='ocrx_word' id='word_1_284' title='bbox 1887 2514 2013 2572; x_wconf 86' lang='lat' dir='ltr'><strong>Ste-</strong></span> 
     </span>
    </p>
   </div>
   <div class='ocr_carea' id='block_1_43' title="bbox 430 2604 2011 2676">
    <p class='ocr_par' dir='ltr' id='par_1_43' title="bbox 430 2604 2011 2676">
     <span class='ocr_line' id='line_1_43' title="bbox 430 2604 2011 2676; baseline 0.001 -17"><span class='ocrx_word' id='word_1_285' title='bbox 430 2605 615 2676; x_wconf 89' lang='lat' dir='ltr'><strong>phano</strong></span> <span class='ocrx_word' id='word_1_286' title='bbox 669 2604 725 2659; x_wconf 87' lang='lat' dir='ltr'><strong>in</strong></span> <span class='ocrx_word' id='word_1_287' title='bbox 783 2604 957 2659; x_wconf 91' lang='lat' dir='ltr'><strong>lucem</strong></span> <span class='ocrx_word' id='word_1_288' title='bbox 1020 2605 1275 2674; x_wconf 86' lang='lat' dir='ltr'><strong>prolata,</strong></span> <span class='ocrx_word' id='word_1_289' title='bbox 1332 2604 1522 2659; x_wconf 72' lang='lat' dir='ltr'><strong>Graece</strong></span> <span class='ocrx_word' id='word_1_290' title='bbox 1579 2621 1702 2659; x_wconf 93' lang='lat' dir='ltr'><strong>cum</strong></span> <span class='ocrx_word' id='word_1_291' title='bbox 1757 2611 2011 2662; x_wconf 90' lang='lat' dir='ltr'><strong>versione</strong></span> 
     </span>
    </p>
   </div>
   <div class='ocr_carea' id='block_1_44' title="bbox 429 2695 2007 2765">
    <p class='ocr_par' dir='ltr' id='par_1_44' title="bbox 429 2695 2007 2765">
     <span class='ocr_line' id='line_1_44' title="bbox 429 2695 2007 2765; baseline 0.003 -15"><span class='ocrx_word' id='word_1_292' title='bbox 429 2696 480 2752; x_wconf 84' lang='lat' dir='ltr'><strong>J.</strong></span> <span class='ocrx_word' id='word_1_293' title='bbox 526 2695 691 2765; x_wconf 88' lang='lat' dir='ltr'><strong>Langi</strong></span> <span class='ocrx_word' id='word_1_294' title='bbox 736 2697 939 2764; x_wconf 89' lang='lat' dir='ltr'><strong>passim</strong></span> <span class='ocrx_word' id='word_1_295' title='bbox 981 2699 1303 2761; x_wconf 89' lang='lat' dir='ltr'><strong>emendata,</strong></span> <span class='ocrx_word' id='word_1_296' title='bbox 1338 2699 1479 2753; x_wconf 90' lang='lat' dir='ltr'><strong>notis</strong></span> <span class='ocrx_word' id='word_1_297' title='bbox 1508 2709 1563 2752; x_wconf 92' lang='lat' dir='ltr'><strong>et</strong></span> <span class='ocrx_word' id='word_1_298' title='bbox 1600 2700 1869 2754; x_wconf 86' lang='lat' dir='ltr'><strong>indicibus</strong></span> <span class='ocrx_word' id='word_1_299' title='bbox 1910 2715 2007 2755; x_wconf 78' lang='lat' dir='ltr'><strong>co-</strong></span> 
     </span>
    </p>
   </div>
   <div class='ocr_carea' id='block_1_45' title="bbox 432 2787 2010 2861">
    <p class='ocr_par' dir='ltr' id='par_1_45' title="bbox 432 2787 2010 2861">
     <span class='ocr_line' id='line_1_45' title="bbox 432 2787 2010 2861; baseline 0.004 -21"><span class='ocrx_word' id='word_1_300' title='bbox 432 2789 601 2856; x_wconf 88' lang='lat' dir='ltr'><strong>piosis</strong></span> <span class='ocrx_word' id='word_1_301' title='bbox 623 2787 798 2844; x_wconf 89' lang='lat' dir='ltr'><strong>edidit</strong></span> <span class='ocrx_word' id='word_1_302' title='bbox 820 2787 1135 2844; x_wconf 86' lang='lat' dir='ltr'><strong>Fridericus</strong></span> <span class='ocrx_word' id='word_1_303' title='bbox 1162 2789 1509 2861; x_wconf 81' lang='lat' dir='ltr'><strong>Sylburgius,</strong></span> <span class='ocrx_word' id='word_1_304' title='bbox 1543 2790 1916 2861; x_wconf 73' lang='lat' dir='ltr'><strong>Ileidelberga:</strong></span> <span class='ocrx_word' id='word_1_305' title='bbox 1942 2806 2010 2846; x_wconf 86' lang='lat' dir='ltr'><strong>ex</strong></span> 
     </span>
    </p>
   </div>
   <div class='ocr_carea' id='block_1_46' title="bbox 436 2881 2008 2950">
    <p class='ocr_par' dir='ltr' id='par_1_46' title="bbox 436 2881 2008 2950">
     <span class='ocr_line' id='line_1_46' title="bbox 436 2881 2008 2950; baseline 0.002 -15"><span class='ocrx_word' id='word_1_306' title='bbox 436 2882 826 2950; x_wconf 77' lang='lat' dir='ltr'><strong>typographeio</strong></span> <span class='ocrx_word' id='word_1_307' title='bbox 857 2881 1079 2938; x_wconf 87' lang='lat' dir='ltr'><strong>llierun.</strong></span> <span class='ocrx_word' id='word_1_308' title='bbox 1113 2881 1434 2939; x_wconf 87' lang='lat' dir='ltr'><strong>Commelini</strong></span> <span class='ocrx_word' id='word_1_309' title='bbox 1466 2899 1519 2939; x_wconf 89' lang='lat' dir='ltr'><strong>a.</strong></span> <span class='ocrx_word' id='word_1_310' title='bbox 1545 2883 1709 2947; x_wconf 77' lang='grc'>1595,</span> <span class='ocrx_word' id='word_1_311' title='bbox 1732 2882 1851 2950; x_wconf 86' lang='lat' dir='ltr'><strong>fol.,</strong></span> <span class='ocrx_word' id='word_1_312' title='bbox 1879 2892 2008 2938; x_wconf 86' lang='lat' dir='ltr'><strong>tom.</strong></span> 
     </span>
    </p>
   </div>
   <div class='ocr_carea' id='block_1_47' title="bbox 429 2975 2007 3043">
    <p class='ocr_par' dir='ltr' id='par_1_47' title="bbox 429 2975 2007 3043">
     <span class='ocr_line' id='line_1_47' title="bbox 429 2975 2007 3043; baseline 0.003 -14"><span class='ocrx_word' id='word_1_313' title='bbox 429 2975 494 3030; x_wconf 89' lang='lat' dir='ltr'><strong>Ill</strong></span> <span class='ocrx_word' id='word_1_314' title='bbox 528 2975 582 3030; x_wconf 87' lang='lat' dir='ltr'><strong>in</strong></span> <span class='ocrx_word' id='word_1_315' title='bbox 611 2991 721 3030; x_wconf 91' lang='lat' dir='ltr'><strong>uno</strong></span> <span class='ocrx_word' id='word_1_316' title='bbox 742 2976 1043 3031; x_wconf 88' lang='lat' dir='ltr'><strong>volumine.</strong></span> <span class='ocrx_word' id='word_1_317' title='bbox 1090 2976 1287 3030; x_wconf 90' lang='lat' dir='ltr'><strong>Libros</strong></span> <span class='ocrx_word' id='word_1_318' title='bbox 1324 2978 1395 3030; x_wconf 86' lang='lat' dir='ltr'><strong>ita</strong></span> <span class='ocrx_word' id='word_1_319' title='bbox 1437 2977 1725 3032; x_wconf 83' lang='lat' dir='ltr'><strong>collocavit</strong></span> <span class='ocrx_word' id='word_1_320' title='bbox 1754 2996 1768 3033; x_wconf 89' lang='lat'>:</span> <span class='ocrx_word' id='word_1_321' title='bbox 1802 2989 1934 3033; x_wconf 92' lang='lat' dir='ltr'><strong>tom.</strong></span> <span class='ocrx_word' id='word_1_322' title='bbox 1968 2979 2007 3043; x_wconf 91' lang='grc' dir='ltr'>Ι,</span> 
     </span>
    </p>
   </div>
   <div class='ocr_carea' id='block_1_48' title="bbox 430 3065 2009 3136">
    <p class='ocr_par' dir='ltr' id='par_1_48' title="bbox 430 3065 2009 3136">
     <span class='ocr_line' id='line_1_48' title="bbox 430 3065 2009 3136; baseline 0.001 -15"><span class='ocrx_word' id='word_1_323' title='bbox 430 3082 485 3136; x_wconf 87' lang='lat' dir='ltr'><strong>p.</strong></span> <span class='ocrx_word' id='word_1_324' title='bbox 528 3066 697 3121; x_wconf 82' lang='lat'><strong>1-167</strong></span> <span class='ocrx_word' id='word_1_325' title='bbox 731 3087 744 3122; x_wconf 95' lang='lat'>:</span> <span class='ocrx_word' id='word_1_326' title='bbox 779 3065 1092 3124; x_wconf 82' lang='lat' dir='ltr'><strong>Cohortatio</strong></span> <span class='ocrx_word' id='word_1_327' title='bbox 1140 3070 1208 3121; x_wconf 88' lang='lat' dir='ltr'><strong>ad</strong></span> <span class='ocrx_word' id='word_1_328' title='bbox 1243 3066 1481 3130; x_wconf 78' lang='lat' dir='ltr'><strong>Crtrcos,</strong></span> <span class='ocrx_word' id='word_1_329' title='bbox 1518 3068 1700 3122; x_wconf 79' lang='lat' dir='ltr'><strong>Oratio</strong></span> <span class='ocrx_word' id='word_1_330' title='bbox 1745 3071 1813 3122; x_wconf 88' lang='lat' dir='ltr'><strong>ad</strong></span> <span class='ocrx_word' id='word_1_331' title='bbox 1861 3068 2009 3122; x_wconf 77' lang='lat' dir='ltr'><strong>Cra:-</strong></span> 
     </span>
    </p>
   </div>
   <div class='ocr_carea' id='block_1_49' title="bbox 431 3155 2006 3228">
    <p class='ocr_par' dir='ltr' id='par_1_49' title="bbox 431 3155 2006 3228">
     <span class='ocr_line' id='line_1_49' title="bbox 431 3155 2006 3228; baseline 0.003 -18"><span class='ocrx_word' id='word_1_332' title='bbox 431 3174 539 3223; x_wconf 88' lang='lat' dir='ltr'><strong>cos,</strong></span> <span class='ocrx_word' id='word_1_333' title='bbox 576 3155 809 3227; x_wconf 87' lang='lat' dir='ltr'><strong>Utraque</strong></span> <span class='ocrx_word' id='word_1_334' title='bbox 843 3159 1113 3228; x_wconf 86' lang='lat' dir='ltr'><strong>opologia,</strong></span> <span class='ocrx_word' id='word_1_335' title='bbox 1146 3157 1223 3210; x_wconf 89' lang='lat' dir='ltr'><strong>De</strong></span> <span class='ocrx_word' id='word_1_336' title='bbox 1258 3159 1567 3211; x_wconf 81' lang='lat' dir='ltr'><strong>monarchia</strong></span> <span class='ocrx_word' id='word_1_337' title='bbox 1612 3158 1763 3223; x_wconf 86' lang='lat' dir='ltr'><strong>liber,</strong></span> <span class='ocrx_word' id='word_1_338' title='bbox 1798 3161 2006 3213; x_wconf 82' lang='lat' dir='ltr'><strong>Aristo-</strong></span> 
     </span>
    </p>
   </div>
   <div class='ocr_carea' id='block_1_50' title="bbox 434 3250 2009 3321">
    <p class='ocr_par' dir='ltr' id='par_1_50' title="bbox 434 3250 2009 3321">
     <span class='ocr_line' id='line_1_50' title="bbox 434 3250 2009 3321; baseline 0.003 -18"><span class='ocrx_word' id='word_1_339' title='bbox 434 3250 708 3305; x_wconf 84' lang='lat' dir='ltr'><strong>telicorum</strong></span> <span class='ocrx_word' id='word_1_340' title='bbox 731 3253 1082 3319; x_wconf 85' lang='lat' dir='ltr'><strong>quorumdam</strong></span> <span class='ocrx_word' id='word_1_341' title='bbox 1102 3252 1409 3321; x_wconf 86' lang='lat' dir='ltr'><strong>dogmntum</strong></span> <span class='ocrx_word' id='word_1_342' title='bbox 1432 3253 1650 3317; x_wconf 80' lang='lat' dir='ltr'><strong>eversio,</strong></span> <span class='ocrx_word' id='word_1_343' title='bbox 1678 3253 2009 3317; x_wconf 80' lang='lat' dir='ltr'><strong>Quwstiones</strong></span> 
     </span>
    </p>
   </div>
   <div class='ocr_carea' id='block_1_51' title="bbox 430 3342 2010 3414">
    <p class='ocr_par' dir='ltr' id='par_1_51' title="bbox 430 3342 2010 3414">
     <span class='ocr_line' id='line_1_51' title="bbox 430 3342 2010 3414; baseline -0.001 -14"><span class='ocrx_word' id='word_1_344' title='bbox 430 3344 855 3400; x_wconf 75' lang='lat' dir='ltr'><strong>Christianorum</strong></span> <span class='ocrx_word' id='word_1_345' title='bbox 902 3347 972 3398; x_wconf 86' lang='lat' dir='ltr'><strong>ad</strong></span> <span class='ocrx_word' id='word_1_346' title='bbox 1023 3342 1233 3398; x_wconf 68' lang='lat' dir='ltr'><strong>Graecos</strong></span> <span class='ocrx_word' id='word_1_347' title='bbox 1281 3362 1400 3398; x_wconf 87' lang='lat' dir='ltr'><strong>cum</strong></span> <span class='ocrx_word' id='word_1_348' title='bbox 1450 3343 1754 3400; x_wconf 69' lang='lat' dir='ltr'><strong>Graecorum</strong></span> <span class='ocrx_word' id='word_1_349' title='bbox 1796 3362 2010 3414; x_wconf 80' lang='lat' dir='ltr'><strong>respon-</strong></span> 
     </span>
    </p>
   </div>
   <div class='ocr_carea' id='block_1_52' title="bbox 431 3437 2012 3508">
    <p class='ocr_par' dir='ltr' id='par_1_52' title="bbox 431 3437 2012 3508">
     <span class='ocr_line' id='line_1_52' title="bbox 431 3437 2012 3508; baseline 0.001 -17"><span class='ocrx_word' id='word_1_350' title='bbox 431 3440 579 3492; x_wconf 87' lang='lat' dir='ltr'><strong>sione</strong></span> <span class='ocrx_word' id='word_1_351' title='bbox 616 3448 662 3490; x_wconf 90' lang='lat' dir='ltr'><strong>et</strong></span> <span class='ocrx_word' id='word_1_352' title='bbox 705 3438 1061 3503; x_wconf 75' lang='lat' dir='ltr'><strong>responsionis</strong></span> <span class='ocrx_word' id='word_1_353' title='bbox 1110 3437 1254 3491; x_wconf 82' lang='lat' dir='ltr'><strong>illius</strong></span> <span class='ocrx_word' id='word_1_354' title='bbox 1298 3437 1687 3507; x_wconf 71' lang='lat' dir='ltr'><strong>coniuratione,</strong></span> <span class='ocrx_word' id='word_1_355' title='bbox 1733 3440 2012 3508; x_wconf 77' lang='lat' dir='ltr'><strong>Appendix</strong></span> 
     </span>
    </p>
   </div>
   <div class='ocr_carea' id='block_1_53' title="bbox 430 3528 2013 3599">
    <p class='ocr_par' dir='ltr' id='par_1_53' title="bbox 430 3528 2013 3599">
     <span class='ocr_line' id='line_1_53' title="bbox 430 3528 2013 3599; baseline 0.001 -15"><span class='ocrx_word' id='word_1_356' title='bbox 430 3532 498 3584; x_wconf 77' lang='lat' dir='ltr'><strong>ed</strong></span> <span class='ocrx_word' id='word_1_357' title='bbox 555 3528 799 3591; x_wconf 74' lang='lat' dir='ltr'><strong>Graecos,</strong></span> <span class='ocrx_word' id='word_1_358' title='bbox 829 3546 932 3598; x_wconf 89' lang='lat' dir='ltr'><strong>qua</strong></span> <span class='ocrx_word' id='word_1_359' title='bbox 976 3541 1023 3583; x_wconf 85' lang='lat' dir='ltr'><strong>et</strong></span> <span class='ocrx_word' id='word_1_360' title='bbox 1071 3528 1372 3584; x_wconf 84' lang='lat' dir='ltr'><strong>Aristotelis</strong></span> <span class='ocrx_word' id='word_1_361' title='bbox 1417 3542 1466 3584; x_wconf 87' lang='lat' dir='ltr'><strong>et</strong></span> <span class='ocrx_word' id='word_1_362' title='bbox 1507 3531 1733 3585; x_wconf 85' lang='lat' dir='ltr'><strong>aliorum</strong></span> <span class='ocrx_word' id='word_1_363' title='bbox 1777 3531 2013 3599; x_wconf 86' lang='lat' dir='ltr'><strong>philoso-</strong></span> 
     </span>
    </p>
   </div>
   <div class='ocr_carea' id='block_1_54' title="bbox 429 3620 2008 3691">
    <p class='ocr_par' dir='ltr' id='par_1_54' title="bbox 429 3620 2008 3691">
     <span class='ocr_line' id='line_1_54' title="bbox 429 3620 2008 3691; baseline 0.001 -19"><span class='ocrx_word' id='word_1_364' title='bbox 429 3623 649 3690; x_wconf 81' lang='lat' dir='ltr'><strong>phorum</strong></span> <span class='ocrx_word' id='word_1_365' title='bbox 689 3622 937 3691; x_wconf 82' lang='lat' dir='ltr'><strong>dogmata</strong></span> <span class='ocrx_word' id='word_1_366' title='bbox 980 3621 1221 3691; x_wconf 66' lang='lat' dir='ltr'><strong>quaedam</strong></span> <span class='ocrx_word' id='word_1_367' title='bbox 1258 3622 1624 3687; x_wconf 79' lang='lat' dir='ltr'><strong>confutantur,</strong></span> <span class='ocrx_word' id='word_1_368' title='bbox 1675 3620 2008 3684; x_wconf 80' lang='lat' dir='ltr'><strong>Quwstiones</strong></span> 
     </span>
    </p>
   </div>
   <div class='ocr_carea' id='block_1_55' title="bbox 431 3711 2005 3781">
    <p class='ocr_par' dir='ltr' id='par_1_55' title="bbox 431 3711 2005 3781">
     <span class='ocr_line' id='line_1_55' title="bbox 431 3711 2005 3781; baseline 0.001 -16"><span class='ocrx_word' id='word_1_369' title='bbox 431 3712 737 3766; x_wconf 76' lang='lat' dir='ltr'><strong>ercorum</strong></span> <span class='ocrx_word' id='word_1_370' title='bbox 801 3714 869 3764; x_wconf 86' lang='lat' dir='ltr'><strong>od</strong></span> <span class='ocrx_word' id='word_1_371' title='bbox 938 3711 1270 3765; x_wconf 84' lang='lat' dir='ltr'><strong>Christianos</strong></span> <span class='ocrx_word' id='word_1_372' title='bbox 1320 3713 1384 3764; x_wconf 87' lang='lat' dir='ltr'><strong>de</strong></span> <span class='ocrx_word' id='word_1_373' title='bbox 1445 3714 1792 3781; x_wconf 84' lang='lat' dir='ltr'><strong>incorporeo,</strong></span> <span class='ocrx_word' id='word_1_374' title='bbox 1846 3723 2005 3773; x_wconf 87' lang='lat' dir='ltr'><strong>etc.;</strong></span> 
     </span>
    </p>
   </div>
   <div class='ocr_carea' id='block_1_56' title="bbox 435 3804 2003 3873">
    <p class='ocr_par' dir='ltr' id='par_1_56' title="bbox 435 3804 2003 3873">
     <span class='ocr_line' id='line_1_56' title="bbox 435 3804 2003 3873; baseline 0.002 -18"><span class='ocrx_word' id='word_1_375' title='bbox 435 3816 566 3858; x_wconf 87' lang='lat' dir='ltr'><strong>tom.</strong></span> <span class='ocrx_word' id='word_1_376' title='bbox 600 3804 662 3867; x_wconf 95' lang='lat' dir='ltr'><strong>II,</strong></span> <span class='ocrx_word' id='word_1_377' title='bbox 695 3820 746 3873; x_wconf 91' lang='lat' dir='ltr'><strong>p.</strong></span> <span class='ocrx_word' id='word_1_378' title='bbox 794 3804 1026 3858; x_wconf 74' lang='lat'><strong>167-291</strong></span> <span class='ocrx_word' id='word_1_379' title='bbox 1060 3822 1073 3856; x_wconf 88' lang='lat'><strong>:</strong></span> <span class='ocrx_word' id='word_1_380' title='bbox 1106 3804 1360 3872; x_wconf 76' lang='lat' dir='ltr'><strong>Dialogus</strong></span> <span class='ocrx_word' id='word_1_381' title='bbox 1384 3820 1498 3855; x_wconf 87' lang='lat' dir='ltr'><strong>cum</strong></span> <span class='ocrx_word' id='word_1_382' title='bbox 1528 3804 1843 3873; x_wconf 85' lang='lat' dir='ltr'><strong>Tryphone;</strong></span> <span class='ocrx_word' id='word_1_383' title='bbox 1873 3814 2003 3859; x_wconf 93' lang='lat' dir='ltr'><strong>tom.</strong></span> 
     </span>
    </p>
   </div>
   <div class='ocr_carea' id='block_1_57' title="bbox 432 3894 2008 3964">
    <p class='ocr_par' dir='ltr' id='par_1_57' title="bbox 432 3894 2008 3964">
     <span class='ocr_line' id='line_1_57' title="bbox 432 3894 2008 3964; baseline 0.002 -15"><span class='ocrx_word' id='word_1_384' title='bbox 432 3896 516 3956; x_wconf 91' lang='lat' dir='ltr'><strong>Ill,</strong></span> <span class='ocrx_word' id='word_1_385' title='bbox 548 3912 597 3964; x_wconf 89' lang='lat' dir='ltr'><strong>p.</strong></span> <span class='ocrx_word' id='word_1_386' title='bbox 636 3895 922 3950; x_wconf 66' lang='lat'><strong>292—598:</strong></span> <span class='ocrx_word' id='word_1_387' title='bbox 960 3894 1231 3964; x_wconf 67' lang='lat' dir='ltr'><strong>Expositio</strong></span> <span class='ocrx_word' id='word_1_388' title='bbox 1267 3905 1417 3949; x_wconf 68' lang='lat' dir='ltr'><strong>recta</strong></span> <span class='ocrx_word' id='word_1_389' title='bbox 1451 3897 1597 3963; x_wconf 82' lang='lat' dir='ltr'><strong>ﬁdei,</strong></span> <span class='ocrx_word' id='word_1_390' title='bbox 1625 3897 2008 3964; x_wconf 81' lang='lat' dir='ltr'><strong>Responsiones</strong></span> 
     </span>
    </p>
   </div>
   <div class='ocr_carea' id='block_1_58' title="bbox 429 3987 2007 4059">
    <p class='ocr_par' dir='ltr' id='par_1_58' title="bbox 429 3987 2007 4059">
     <span class='ocr_line' id='line_1_58' title="bbox 429 3987 2007 4059; baseline 0.003 -19"><span class='ocrx_word' id='word_1_391' title='bbox 429 3988 499 4040; x_wconf 83' lang='lat' dir='ltr'><strong>ad</strong></span> <span class='ocrx_word' id='word_1_392' title='bbox 533 3987 856 4041; x_wconf 73' lang='lat' dir='ltr'><strong>orthodoxa:</strong></span> <span class='ocrx_word' id='word_1_393' title='bbox 892 3989 955 4040; x_wconf 84' lang='lat' dir='ltr'><strong>de</strong></span> <span class='ocrx_word' id='word_1_394' title='bbox 980 3988 1290 4053; x_wconf 82' lang='lat' dir='ltr'><strong>quibusdam</strong></span> <span class='ocrx_word' id='word_1_395' title='bbox 1343 3991 1651 4043; x_wconf 82' lang='lat' dir='ltr'><strong>necessariis</strong></span> <span class='ocrx_word' id='word_1_396' title='bbox 1690 3994 2007 4059; x_wconf 76' lang='lat' dir='ltr'><strong>quwsttoni-</strong></span> 
     </span>
    </p>
   </div>
   <div class='ocr_carea' id='block_1_59' title="bbox 430 4078 2006 4150">
    <p class='ocr_par' dir='ltr' id='par_1_59' title="bbox 430 4078 2006 4150">
     <span class='ocr_line' id='line_1_59' title="bbox 430 4078 2006 4150; baseline 0.001 -19"><span class='ocrx_word' id='word_1_397' title='bbox 430 4081 548 4146; x_wconf 85' lang='lat' dir='ltr'><strong>bus,</strong></span> <span class='ocrx_word' id='word_1_398' title='bbox 582 4078 822 4147; x_wconf 80' lang='lat' dir='ltr'><strong>Epistola</strong></span> <span class='ocrx_word' id='word_1_399' title='bbox 846 4080 915 4132; x_wconf 88' lang='lat' dir='ltr'><strong>ad</strong></span> <span class='ocrx_word' id='word_1_400' title='bbox 954 4079 1293 4150; x_wconf 87' lang='lat' dir='ltr'><strong>Diognetunt,</strong></span> <span class='ocrx_word' id='word_1_401' title='bbox 1334 4079 1579 4149; x_wconf 83' lang='lat' dir='ltr'><strong>Epistola</strong></span> <span class='ocrx_word' id='word_1_402' title='bbox 1621 4083 1688 4133; x_wconf 85' lang='lat' dir='ltr'><strong>ad</strong></span> <span class='ocrx_word' id='word_1_403' title='bbox 1734 4079 1933 4135; x_wconf 81' lang='lat' dir='ltr'><strong>Zenoni</strong></span> <span class='ocrx_word' id='word_1_404' title='bbox 1960 4090 2006 4134; x_wconf 81' lang='lat' dir='ltr'><strong>et</strong></span> 
     </span>
    </p>
   </div>
   <div class='ocr_carea' id='block_1_60' title="bbox 430 4170 2007 4239">
    <p class='ocr_par' dir='ltr' id='par_1_60' title="bbox 430 4170 2007 4239">
     <span class='ocr_line' id='line_1_60' title="bbox 430 4170 2007 4239; baseline -0.001 -13"><span class='ocrx_word' id='word_1_405' title='bbox 430 4170 705 4226; x_wconf 86' lang='lat' dir='ltr'><strong>Serenum.</strong></span> <span class='ocrx_word' id='word_1_406' title='bbox 733 4170 939 4226; x_wconf 88' lang='lat' dir='ltr'><strong>Textus</strong></span> <span class='ocrx_word' id='word_1_407' title='bbox 974 4179 1054 4225; x_wconf 86' lang='lat' dir='ltr'><strong>est</strong></span> <span class='ocrx_word' id='word_1_408' title='bbox 1086 4171 1511 4239; x_wconf 86' lang='lat' dir='ltr'><strong>Stephanianus.</strong></span> <span class='ocrx_word' id='word_1_409' title='bbox 1542 4190 1560 4222; x_wconf 76' lang='grc' dir='ltr'><strong><em>ι</em></strong></span> <span class='ocrx_word' id='word_1_410' title='bbox 1598 4172 1676 4225; x_wconf 90' lang='lat' dir='ltr'><strong>Ad</strong></span> <span class='ocrx_word' id='word_1_411' title='bbox 1720 4172 1861 4225; x_wconf 86' lang='lat' dir='ltr'><strong>lianc</strong></span> <span class='ocrx_word' id='word_1_412' title='bbox 1888 4171 2007 4226; x_wconf 87' lang='lat' dir='ltr'><strong>edi-</strong></span> 
     </span>
    </p>
   </div>
   <div class='ocr_carea' id='block_1_61' title="bbox 434 4261 2003 4334">
    <p class='ocr_par' dir='ltr' id='par_1_61' title="bbox 434 4261 2003 4334">
     <span class='ocr_line' id='line_1_61' title="bbox 434 4261 2003 4334; baseline -0.001 -17"><span class='ocrx_word' id='word_1_413' title='bbox 434 4266 633 4319; x_wconf 82' lang='lat' dir='ltr'><strong>tionem</strong></span> <span class='ocrx_word' id='word_1_414' title='bbox 660 4307 676 4330; x_wconf 95' lang='lat'><strong>,</strong></span> <span class='ocrx_word' id='word_1_415' title='bbox 713 4264 889 4332; x_wconf 88' lang='lat' dir='ltr'><strong>inquit</strong></span> <span class='ocrx_word' id='word_1_416' title='bbox 932 4264 1021 4334; x_wconf 87' lang='lat' dir='ltr'><strong>(p.</strong></span> <span class='ocrx_word' id='word_1_417' title='bbox 1059 4263 1198 4333; x_wconf 73' lang='grc'>401)</span> <span class='ocrx_word' id='word_1_418' title='bbox 1251 4264 1333 4316; x_wconf 88' lang='lat' dir='ltr'><strong>vir</strong></span> <span class='ocrx_word' id='word_1_419' title='bbox 1384 4262 1473 4317; x_wconf 91' lang='lat' dir='ltr'><strong>ille</strong></span> <span class='ocrx_word' id='word_1_420' title='bbox 1517 4261 2003 4331; x_wconf 71' lang='lat' dir='ltr'><strong>diligentissimus,</strong></span> 
     </span>
    </p>
   </div>
   <div class='ocr_carea' id='block_1_62' title="bbox 433 4354 2003 4425">
    <p class='ocr_par' dir='ltr' id='par_1_62' title="bbox 433 4354 2003 4425">
     <span class='ocr_line' id='line_1_62' title="bbox 433 4354 2003 4425; baseline -0.004 -12"><span class='ocrx_word' id='word_1_421' title='bbox 433 4359 656 4414; x_wconf 83' lang='lat' dir='ltr'><strong>Ilenrici</strong></span> <span class='ocrx_word' id='word_1_422' title='bbox 690 4358 957 4425; x_wconf 90' lang='lat' dir='ltr'><strong>Stephani</strong></span> <span class='ocrx_word' id='word_1_423' title='bbox 989 4355 1312 4423; x_wconf 90' lang='lat' dir='ltr'><strong>discipulus,</strong></span> <span class='ocrx_word' id='word_1_424' title='bbox 1348 4355 1766 4411; x_wconf 89' lang='lat' dir='ltr'><strong>contribuerunt</strong></span> <span class='ocrx_word' id='word_1_425' title='bbox 1807 4354 2003 4410; x_wconf 82' lang='lat' dir='ltr'><strong>Joann.</strong></span> 
     </span>
    </p>
   </div>
   <div class='ocr_carea' id='block_1_63' title="bbox 428 4447 2005 4520">
    <p class='ocr_par' dir='ltr' id='par_1_63' title="bbox 428 4447 2005 4520">
     <span class='ocr_line' id='line_1_63' title="bbox 428 4447 2005 4520; baseline -0.004 -13"><span class='ocrx_word' id='word_1_426' title='bbox 428 4454 714 4512; x_wconf 83' lang='lat' dir='ltr'><strong>Arcerins,</strong></span> <span class='ocrx_word' id='word_1_427' title='bbox 746 4467 776 4506; x_wconf 92' lang='lat' dir='ltr'><strong>e</strong></span> <span class='ocrx_word' id='word_1_428' title='bbox 807 4450 1023 4520; x_wconf 78' lang='lat' dir='ltr'><strong>Belgio,</strong></span> <span class='ocrx_word' id='word_1_429' title='bbox 1056 4460 1112 4503; x_wconf 89' lang='lat' dir='ltr'><strong>et</strong></span> <span class='ocrx_word' id='word_1_430' title='bbox 1148 4450 1277 4502; x_wconf 85' lang='lat' dir='ltr'><strong>Dav.</strong></span> <span class='ocrx_word' id='word_1_431' title='bbox 1313 4447 1676 4515; x_wconf 74' lang='lat' dir='ltr'><strong>lltesclielius,</strong></span> <span class='ocrx_word' id='word_1_432' title='bbox 1707 4464 1737 4503; x_wconf 87' lang='lat' dir='ltr'><strong>e</strong></span> <span class='ocrx_word' id='word_1_433' title='bbox 1766 4448 2005 4503; x_wconf 79' lang='lat' dir='ltr'><strong>Vindeli-</strong></span> 
     </span>
    </p>
   </div>
   <div class='ocr_carea' id='block_1_64' title="bbox 2210 1980 3479 2051">
    <p class='ocr_par' dir='ltr' id='par_1_64' title="bbox 2210 1980 3479 2051">
     <span class='ocr_line' id='line_1_64' title="bbox 2210 1980 3479 2051; baseline -0.002 -16"><span class='ocrx_word' id='word_1_434' title='bbox 2210 1982 2512 2051; x_wconf 71' lang='grc' dir='ltr'><strong>Οὐρανίης</strong></span> <span class='ocrx_word' id='word_1_435' title='bbox 2553 1982 2782 2051; x_wconf 72' lang='grc' dir='ltr'><strong>σοφίης</strong></span> <span class='ocrx_word' id='word_1_436' title='bbox 2828 1981 3159 2050; x_wconf 76' lang='grc' dir='ltr'><strong>μαρτυρίου</strong></span> <span class='ocrx_word' id='word_1_437' title='bbox 3198 1980 3247 2034; x_wconf 79' lang='grc' dir='ltr'><strong>θ’</strong></span> <span class='ocrx_word' id='word_1_438' title='bbox 3282 1980 3479 2033; x_wconf 80' lang='grc' dir='ltr'><strong>ὁσίου.</strong></span> 
     </span>
    </p>
   </div>
   <div class='ocr_carea' id='block_1_65' title="bbox 2115 2116 3701 2187">
    <p class='ocr_par' dir='ltr' id='par_1_65' title="bbox 2115 2116 3701 2187">
     <span class='ocr_line' id='line_1_65' title="bbox 2115 2116 3701 2187; baseline -0.001 -16"><span class='ocrx_word' id='word_1_439' title='bbox 2115 2116 2566 2187; x_wconf 84' lang='lat' dir='ltr'><strong>Repraesentatur</strong></span> <span class='ocrx_word' id='word_1_440' title='bbox 2616 2126 2780 2171; x_wconf 69' lang='lat' dir='ltr'><strong>aetate</strong></span> <span class='ocrx_word' id='word_1_441' title='bbox 2836 2116 2890 2169; x_wconf 92' lang='lat' dir='ltr'><strong>iu</strong></span> <span class='ocrx_word' id='word_1_442' title='bbox 2945 2118 3159 2170; x_wconf 91' lang='lat' dir='ltr'><strong>senium</strong></span> <span class='ocrx_word' id='word_1_443' title='bbox 3224 2124 3529 2186; x_wconf 81' lang='lat' dir='ltr'><strong>vergente,</strong></span> <span class='ocrx_word' id='word_1_444' title='bbox 3600 2116 3701 2170; x_wconf 86' lang='lat' dir='ltr'><strong>sed</strong></span> 
     </span>
    </p>
   </div>
   <div class='ocr_carea' id='block_1_66' title="bbox 2115 2209 3704 2282">
    <p class='ocr_par' dir='ltr' id='par_1_66' title="bbox 2115 2209 3704 2282">
     <span class='ocr_line' id='line_1_66' title="bbox 2115 2209 3704 2282; baseline -0.001 -17"><span class='ocrx_word' id='word_1_445' title='bbox 2115 2213 2340 2267; x_wconf 81' lang='lat' dir='ltr'><strong>robusm</strong></span> <span class='ocrx_word' id='word_1_446' title='bbox 2384 2211 2631 2282; x_wconf 89' lang='lat' dir='ltr'><strong>corporis</strong></span> <span class='ocrx_word' id='word_1_447' title='bbox 2701 2209 2927 2275; x_wconf 90' lang='lat' dir='ltr'><strong>habitu;</strong></span> <span class='ocrx_word' id='word_1_448' title='bbox 2989 2211 3174 2280; x_wconf 84' lang='lat' dir='ltr'><strong>digitis</strong></span> <span class='ocrx_word' id='word_1_449' title='bbox 3235 2211 3403 2264; x_wconf 88' lang='lat' dir='ltr'><strong>micat</strong></span> <span class='ocrx_word' id='word_1_450' title='bbox 3460 2214 3514 2263; x_wconf 90' lang='lat' dir='ltr'><strong>in</strong></span> <span class='ocrx_word' id='word_1_451' title='bbox 3583 2226 3704 2264; x_wconf 89' lang='lat' dir='ltr'><strong>mo-</strong></span> 
     </span>
    </p>
   </div>
   <div class='ocr_carea' id='block_1_67' title="bbox 2114 2301 3706 2373">
    <p class='ocr_par' dir='ltr' id='par_1_67' title="bbox 2114 2301 3706 2373">
     <span class='ocr_line' id='line_1_67' title="bbox 2114 2301 3706 2373; baseline -0.001 -17"><span class='ocrx_word' id='word_1_452' title='bbox 2114 2302 2243 2357; x_wconf 89' lang='lat' dir='ltr'><strong>dum</strong></span> <span class='ocrx_word' id='word_1_453' title='bbox 2276 2302 2641 2373; x_wconf 88' lang='lat' dir='ltr'><strong>disputantis,</strong></span> <span class='ocrx_word' id='word_1_454' title='bbox 2678 2301 2751 2356; x_wconf 89' lang='lat' dir='ltr'><strong>ita</strong></span> <span class='ocrx_word' id='word_1_455' title='bbox 2785 2312 3001 2369; x_wconf 88' lang='lat' dir='ltr'><strong>tamen,</strong></span> <span class='ocrx_word' id='word_1_456' title='bbox 3037 2311 3095 2355; x_wconf 90' lang='lat' dir='ltr'><strong>ut</strong></span> <span class='ocrx_word' id='word_1_457' title='bbox 3134 2302 3295 2357; x_wconf 89' lang='lat' dir='ltr'><strong>unius</strong></span> <span class='ocrx_word' id='word_1_458' title='bbox 3348 2302 3440 2356; x_wconf 89' lang='lat' dir='ltr'><strong>Dei</strong></span> <span class='ocrx_word' id='word_1_459' title='bbox 3491 2304 3706 2356; x_wconf 90' lang='lat' dir='ltr'><strong>verita-</strong></span> 
     </span>
    </p>
   </div>
   <div class='ocr_carea' id='block_1_68' title="bbox 2114 2393 3704 2466">
    <p class='ocr_par' dir='ltr' id='par_1_68' title="bbox 2114 2393 3704 2466">
     <span class='ocr_line' id='line_1_68' title="bbox 2114 2393 3704 2466; baseline -0.001 -17"><span class='ocrx_word' id='word_1_460' title='bbox 2114 2404 2261 2459; x_wconf 90' lang='lat' dir='ltr'><strong>tem,</strong></span> <span class='ocrx_word' id='word_1_461' title='bbox 2293 2410 2457 2466; x_wconf 88' lang='lat' dir='ltr'><strong>quam</strong></span> <span class='ocrx_word' id='word_1_462' title='bbox 2487 2394 2650 2448; x_wconf 85' lang='lat' dir='ltr'><strong>index</strong></span> <span class='ocrx_word' id='word_1_463' title='bbox 2691 2394 2931 2448; x_wconf 65' lang='lat' dir='ltr'><strong>sinistrae</strong></span> <span class='ocrx_word' id='word_1_464' title='bbox 2967 2402 3224 2448; x_wconf 87' lang='lat' dir='ltr'><strong>extentus</strong></span> <span class='ocrx_word' id='word_1_465' title='bbox 3270 2393 3570 2464; x_wconf 83' lang='lat' dir='ltr'><strong>significat,</strong></span> <span class='ocrx_word' id='word_1_466' title='bbox 3605 2395 3704 2448; x_wconf 84' lang='lat' dir='ltr'><strong>de-</strong></span> 
     </span>
    </p>
   </div>
   <div class='ocr_carea' id='block_1_69' title="bbox 2116 2483 3703 2555">
    <p class='ocr_par' dir='ltr' id='par_1_69' title="bbox 2116 2483 3703 2555">
     <span class='ocr_line' id='line_1_69' title="bbox 2116 2483 3703 2555; baseline 0.001 -19"><span class='ocrx_word' id='word_1_467' title='bbox 2116 2483 2517 2539; x_wconf 90' lang='lat' dir='ltr'><strong>monstratione</strong></span> <span class='ocrx_word' id='word_1_468' title='bbox 2554 2484 2774 2539; x_wconf 90' lang='lat' dir='ltr'><strong>evincat</strong></span> <span class='ocrx_word' id='word_1_469' title='bbox 2817 2484 3150 2555; x_wconf 87' lang='lat' dir='ltr'><strong>syllogistica</strong></span> <span class='ocrx_word' id='word_1_470' title='bbox 3173 2525 3188 2548; x_wconf 95' lang='lat'><strong>,</strong></span> <span class='ocrx_word' id='word_1_471' title='bbox 3220 2499 3317 2553; x_wconf 89' lang='lat' dir='ltr'><strong>per</strong></span> <span class='ocrx_word' id='word_1_472' title='bbox 3344 2494 3456 2537; x_wconf 91' lang='lat' dir='ltr'><strong>tres</strong></span> <span class='ocrx_word' id='word_1_473' title='bbox 3482 2486 3703 2552; x_wconf 83' lang='lat' dir='ltr'><strong>priores</strong></span> 
     </span>
    </p>
   </div>
   <div class='ocr_carea' id='block_1_70' title="bbox 2116 2574 3698 2645">
    <p class='ocr_par' dir='ltr' id='par_1_70' title="bbox 2116 2574 3698 2645">
     <span class='ocr_line' id='line_1_70' title="bbox 2116 2574 3698 2645; baseline -0.002 -14"><span class='ocrx_word' id='word_1_474' title='bbox 2116 2575 2536 2645; x_wconf 74' lang='lat' dir='ltr'><strong>dextrtedigitos</strong></span> <span class='ocrx_word' id='word_1_475' title='bbox 2554 2576 2829 2628; x_wconf 81' lang='lat' dir='ltr'><strong>denotata.</strong></span> <span class='ocrx_word' id='word_1_476' title='bbox 2850 2574 2957 2627; x_wconf 85' lang='lat' dir='ltr'><strong>Aut</strong></span> <span class='ocrx_word' id='word_1_477' title='bbox 2976 2583 3127 2628; x_wconf 89' lang='lat' dir='ltr'><strong>vetus</strong></span> <span class='ocrx_word' id='word_1_478' title='bbox 3145 2576 3233 2628; x_wconf 91' lang='lat' dir='ltr'><strong>ille</strong></span> <span class='ocrx_word' id='word_1_479' title='bbox 3252 2575 3428 2642; x_wconf 89' lang='lat' dir='ltr'><strong>pictor</strong></span> <span class='ocrx_word' id='word_1_480' title='bbox 3449 2591 3615 2628; x_wconf 88' lang='lat' dir='ltr'><strong>unum</strong></span> <span class='ocrx_word' id='word_1_481' title='bbox 3644 2578 3698 2628; x_wconf 85' lang='lat' dir='ltr'><strong>in</strong></span> 
     </span>
    </p>
   </div>
   <div class='ocr_carea' id='block_1_71' title="bbox 2113 2675 3699 2744">
    <p class='ocr_par' dir='ltr' id='par_1_71' title="bbox 2113 2675 3699 2744">
     <span class='ocr_line' id='line_1_71' title="bbox 2113 2675 3699 2744; baseline -0.001 -14"><span class='ocrx_word' id='word_1_482' title='bbox 2113 2677 2369 2742; x_wconf 87' lang='lat' dir='ltr'><strong>essentia,</strong></span> <span class='ocrx_word' id='word_1_483' title='bbox 2388 2676 2440 2730; x_wconf 91' lang='lat' dir='ltr'><strong>in</strong></span> <span class='ocrx_word' id='word_1_484' title='bbox 2468 2677 2724 2731; x_wconf 90' lang='lat' dir='ltr'><strong>Personis</strong></span> <span class='ocrx_word' id='word_1_485' title='bbox 2752 2677 2956 2730; x_wconf 90' lang='lat' dir='ltr'><strong>trinum</strong></span> <span class='ocrx_word' id='word_1_486' title='bbox 2979 2677 3144 2730; x_wconf 87' lang='lat' dir='ltr'><strong>Deum</strong></span> <span class='ocrx_word' id='word_1_487' title='bbox 3169 2675 3481 2744; x_wconf 81' lang='lat' dir='ltr'><strong>exprimere</strong></span> <span class='ocrx_word' id='word_1_488' title='bbox 3501 2675 3699 2728; x_wconf 79' lang='lat' dir='ltr'><strong>voluit.</strong></span> 
     </span>
    </p>
   </div>
   <div class='ocr_carea' id='block_1_72' title="bbox 2184 2768 3697 2840">
    <p class='ocr_par' dir='ltr' id='par_1_72' title="bbox 2184 2768 3697 2840">
     <span class='ocr_line' id='line_1_72' title="bbox 2184 2768 3697 2840; baseline -0.003 -16"><span class='ocrx_word' id='word_1_489' title='bbox 2184 2770 2478 2840; x_wconf 80' lang='lat' dir='ltr'><strong>Exemplar</strong></span> <span class='ocrx_word' id='word_1_490' title='bbox 2511 2768 2822 2823; x_wconf 87' lang='lat' dir='ltr'><strong>Parisiense</strong></span> <span class='ocrx_word' id='word_1_491' title='bbox 2871 2784 2925 2824; x_wconf 89' lang='lat' dir='ltr'><strong>a.</strong></span> <span class='ocrx_word' id='word_1_492' title='bbox 2970 2769 3112 2823; x_wconf 82' lang='grc'>1656</span> <span class='ocrx_word' id='word_1_493' title='bbox 3156 2768 3302 2823; x_wconf 86' lang='lat' dir='ltr'><strong>foras</strong></span> <span class='ocrx_word' id='word_1_494' title='bbox 3340 2770 3602 2822; x_wconf 79' lang='lat' dir='ltr'><strong>emissum</strong></span> <span class='ocrx_word' id='word_1_495' title='bbox 3632 2782 3697 2819; x_wconf 87' lang='lat' dir='ltr'><strong>ex</strong></span> 
     </span>
    </p>
   </div>
   <div class='ocr_carea' id='block_1_73' title="bbox 2114 2860 3702 2931">
    <p class='ocr_par' dir='ltr' id='par_1_73' title="bbox 2114 2860 3702 2931">
     <span class='ocr_line' id='line_1_73' title="bbox 2114 2860 3702 2931; baseline -0.001 -16"><span class='ocrx_word' id='word_1_496' title='bbox 2114 2877 2239 2917; x_wconf 82' lang='lat' dir='ltr'><strong>asse</strong></span> <span class='ocrx_word' id='word_1_497' title='bbox 2265 2863 2524 2931; x_wconf 85' lang='lat' dir='ltr'><strong>exprimit</strong></span> <span class='ocrx_word' id='word_1_498' title='bbox 2559 2861 2752 2925; x_wconf 90' lang='lat' dir='ltr'><strong>editio,</strong></span> <span class='ocrx_word' id='word_1_499' title='bbox 2782 2876 2902 2930; x_wconf 78' lang='lat' dir='ltr'><strong>quae</strong></span> <span class='ocrx_word' id='word_1_500' title='bbox 2925 2860 3170 2914; x_wconf 70' lang='lat' dir='ltr'><strong>Coloniae</strong></span> <span class='ocrx_word' id='word_1_501' title='bbox 3190 2901 3203 2924; x_wconf 94' lang='lat'><strong>,</strong></span> <span class='ocrx_word' id='word_1_502' title='bbox 3234 2860 3314 2913; x_wconf 84' lang='lat' dir='ltr'><strong>vel</strong></span> <span class='ocrx_word' id='word_1_503' title='bbox 3345 2861 3523 2930; x_wconf 85' lang='lat' dir='ltr'><strong>potius</strong></span> <span class='ocrx_word' id='word_1_504' title='bbox 3550 2861 3702 2914; x_wconf 85' lang='lat' dir='ltr'><strong>Vite-</strong></span> 
     </span>
    </p>
   </div>
   <div class='ocr_carea' id='block_1_74' title="bbox 2113 2951 3699 3025">
    <p class='ocr_par' dir='ltr' id='par_1_74' title="bbox 2113 2951 3699 3025">
     <span class='ocr_line' id='line_1_74' title="bbox 2113 2951 3699 3025; baseline -0.001 -17"><span class='ocrx_word' id='word_1_505' title='bbox 2113 2954 2389 3025; x_wconf 64' lang='lat' dir='ltr'><strong>bergaz(5)</strong></span> <span class='ocrx_word' id='word_1_506' title='bbox 2418 2954 2560 3023; x_wconf 91' lang='lat' dir='ltr'><strong>apud</strong></span> <span class='ocrx_word' id='word_1_507' title='bbox 2588 2952 2791 3007; x_wconf 81' lang='lat' dir='ltr'><strong>Jerem.</strong></span> <span class='ocrx_word' id='word_1_508' title='bbox 2830 2952 3037 3023; x_wconf 85' lang='lat' dir='ltr'><strong>Sclirey</strong></span> <span class='ocrx_word' id='word_1_509' title='bbox 3060 2962 3115 3006; x_wconf 90' lang='lat' dir='ltr'><strong>et</strong></span> <span class='ocrx_word' id='word_1_510' title='bbox 3138 2952 3305 3006; x_wconf 92' lang='lat' dir='ltr'><strong>llenr.</strong></span> <span class='ocrx_word' id='word_1_511' title='bbox 3338 2951 3387 3005; x_wconf 80' lang='lat' dir='ltr'><strong>J.</strong></span> <span class='ocrx_word' id='word_1_512' title='bbox 3421 2952 3699 3019; x_wconf 71' lang='lat' dir='ltr'><strong>Meyernm</strong></span> 
     </span>
    </p>
   </div>
   <div class='ocr_carea' id='block_1_75' title="bbox 2115 3043 3701 3115">
    <p class='ocr_par' dir='ltr' id='par_1_75' title="bbox 2115 3043 3701 3115">
     <span class='ocr_line' id='line_1_75' title="bbox 2115 3043 3701 3115; baseline 0 -17"><span class='ocrx_word' id='word_1_513' title='bbox 2115 3061 2166 3098; x_wconf 90' lang='lat' dir='ltr'><strong>a.</strong></span> <span class='ocrx_word' id='word_1_514' title='bbox 2203 3045 2363 3109; x_wconf 86' lang='lat'><strong>1686,</strong></span> <span class='ocrx_word' id='word_1_515' title='bbox 2402 3044 2495 3099; x_wconf 90' lang='lat' dir='ltr'><strong>fol.</strong></span> <span class='ocrx_word' id='word_1_516' title='bbox 2520 3085 2536 3108; x_wconf 87' lang='lat'><strong>,</strong></span> <span class='ocrx_word' id='word_1_517' title='bbox 2573 3055 2708 3098; x_wconf 91' lang='lat' dir='ltr'><strong>tom.</strong></span> <span class='ocrx_word' id='word_1_518' title='bbox 2748 3043 2812 3099; x_wconf 89' lang='lat' dir='ltr'><strong>Ill</strong></span> <span class='ocrx_word' id='word_1_519' title='bbox 2847 3045 2899 3098; x_wconf 93' lang='lat' dir='ltr'><strong>in</strong></span> <span class='ocrx_word' id='word_1_520' title='bbox 2949 3045 2965 3097; x_wconf 93' lang='grc' dir='ltr'><strong>Ι</strong></span> <span class='ocrx_word' id='word_1_521' title='bbox 3013 3045 3120 3100; x_wconf 90' lang='lat' dir='ltr'><strong>vol.</strong></span> <span class='ocrx_word' id='word_1_522' title='bbox 3159 3045 3378 3115; x_wconf 91' lang='lat' dir='ltr'><strong>prodiit.</strong></span> <span class='ocrx_word' id='word_1_523' title='bbox 3410 3044 3701 3098; x_wconf 85' lang='lat' dir='ltr'><strong>Prioribus</strong></span> 
     </span>
    </p>
   </div>
   <div class='ocr_carea' id='block_1_76' title="bbox 2114 3132 3699 3203">
    <p class='ocr_par' dir='ltr' id='par_1_76' title="bbox 2114 3132 3699 3203">
     <span class='ocr_line' id='line_1_76' title="bbox 2114 3132 3699 3203; baseline 0.002 -19"><span class='ocrx_word' id='word_1_524' title='bbox 2114 3133 2324 3187; x_wconf 86' lang='lat' dir='ltr'><strong>auctior</strong></span> <span class='ocrx_word' id='word_1_525' title='bbox 2350 3141 2435 3186; x_wconf 84' lang='lat' dir='ltr'><strong>est</strong></span> <span class='ocrx_word' id='word_1_526' title='bbox 2458 3132 2663 3186; x_wconf 86' lang='lat' dir='ltr'><strong>Christ.</strong></span> <span class='ocrx_word' id='word_1_527' title='bbox 2698 3132 2973 3187; x_wconf 84' lang='lat' dir='ltr'><strong>Kortliolti</strong></span> <span class='ocrx_word' id='word_1_528' title='bbox 2994 3173 3009 3200; x_wconf 96' lang='lat'><strong>,</strong></span> <span class='ocrx_word' id='word_1_529' title='bbox 3054 3134 3383 3203; x_wconf 82' lang='lat' dir='ltr'><strong>professoris</strong></span> <span class='ocrx_word' id='word_1_530' title='bbox 3416 3134 3699 3189; x_wconf 71' lang='lat' dir='ltr'><strong>Kilonien-</strong></span> 
     </span>
    </p>
   </div>
   <div class='ocr_carea' id='block_1_77' title="bbox 2116 3224 3700 3298">
    <p class='ocr_par' dir='ltr' id='par_1_77' title="bbox 2116 3224 3700 3298">
     <span class='ocr_line' id='line_1_77' title="bbox 2116 3224 3700 3298; baseline 0.003 -18"><span class='ocrx_word' id='word_1_531' title='bbox 2116 3227 2212 3290; x_wconf 85' lang='lat' dir='ltr'><strong>sis,</strong></span> <span class='ocrx_word' id='word_1_532' title='bbox 2240 3225 2294 3280; x_wconf 89' lang='lat' dir='ltr'><strong>in</strong></span> <span class='ocrx_word' id='word_1_533' title='bbox 2326 3224 2626 3291; x_wconf 70' lang='lat' dir='ltr'><strong>Iustinum,</strong></span> <span class='ocrx_word' id='word_1_534' title='bbox 2655 3226 3086 3298; x_wconf 82' lang='lat' dir='ltr'><strong>Athenagoram,</strong></span> <span class='ocrx_word' id='word_1_535' title='bbox 3116 3227 3476 3298; x_wconf 86' lang='lat' dir='ltr'><strong>Theophilum</strong></span> <span class='ocrx_word' id='word_1_536' title='bbox 3498 3228 3700 3283; x_wconf 84' lang='lat' dir='ltr'><strong>Antio-</strong></span> 
     </span>
    </p>
   </div>
   <div class='ocr_carea' id='block_1_78' title="bbox 2115 3318 3699 3391">
    <p class='ocr_par' dir='ltr' id='par_1_78' title="bbox 2115 3318 3699 3391">
     <span class='ocr_line' id='line_1_78' title="bbox 2115 3318 3699 3391; baseline 0 -17"><span class='ocrx_word' id='word_1_537' title='bbox 2115 3321 2379 3384; x_wconf 87' lang='lat' dir='ltr'><strong>cliennm,</strong></span> <span class='ocrx_word' id='word_1_538' title='bbox 2414 3318 2707 3373; x_wconf 87' lang='lat' dir='ltr'><strong>Tatianum</strong></span> <span class='ocrx_word' id='word_1_539' title='bbox 2749 3321 3167 3385; x_wconf 88' lang='lat' dir='ltr'><strong>commentario,</strong></span> <span class='ocrx_word' id='word_1_540' title='bbox 3198 3321 3435 3389; x_wconf 89' lang='lat' dir='ltr'><strong>primum</strong></span> <span class='ocrx_word' id='word_1_541' title='bbox 3468 3336 3699 3391; x_wconf 78' lang='lat' dir='ltr'><strong>separa-</strong></span> 
     </span>
    </p>
   </div>
   <div class='ocr_carea' id='block_1_79' title="bbox 2116 3410 3699 3481">
    <p class='ocr_par' dir='ltr' id='par_1_79' title="bbox 2116 3410 3699 3481">
     <span class='ocr_line' id='line_1_79' title="bbox 2116 3410 3699 3481; baseline 0.001 -15"><span class='ocrx_word' id='word_1_542' title='bbox 2116 3413 2212 3466; x_wconf 92' lang='lat' dir='ltr'><strong>tim</strong></span> <span class='ocrx_word' id='word_1_543' title='bbox 2243 3412 2443 3480; x_wconf 91' lang='lat' dir='ltr'><strong>publici</strong></span> <span class='ocrx_word' id='word_1_544' title='bbox 2481 3411 2623 3481; x_wconf 91' lang='lat' dir='ltr'><strong>juris</strong></span> <span class='ocrx_word' id='word_1_545' title='bbox 2655 3412 2800 3467; x_wconf 87' lang='lat' dir='ltr'><strong>faeto</strong></span> <span class='ocrx_word' id='word_1_546' title='bbox 2826 3410 3055 3468; x_wconf 71' lang='grc' dir='ltr'><strong>Κίιοηίίε</strong></span> <span class='ocrx_word' id='word_1_547' title='bbox 3085 3429 3137 3468; x_wconf 90' lang='lat' dir='ltr'><strong>a.</strong></span> <span class='ocrx_word' id='word_1_548' title='bbox 3174 3413 3338 3481; x_wconf 85' lang='lat'><strong>1675,</strong></span> <span class='ocrx_word' id='word_1_549' title='bbox 3368 3414 3461 3471; x_wconf 93' lang='lat' dir='ltr'><strong>fol.</strong></span> <span class='ocrx_word' id='word_1_550' title='bbox 3488 3412 3699 3469; x_wconf 77' lang='lat' dir='ltr'><strong>Perva-</strong></span> 
     </span>
    </p>
   </div>
   <div class='ocr_carea' id='block_1_80' title="bbox 2115 3505 3698 3575">
    <p class='ocr_par' dir='ltr' id='par_1_80' title="bbox 2115 3505 3698 3575">
     <span class='ocr_line' id='line_1_80' title="bbox 2115 3505 3698 3575; baseline 0.003 -17"><span class='ocrx_word' id='word_1_551' title='bbox 2115 3505 2399 3575; x_wconf 89' lang='lat' dir='ltr'><strong>gatissima</strong></span> <span class='ocrx_word' id='word_1_552' title='bbox 2436 3507 2553 3561; x_wconf 82' lang='lat' dir='ltr'><strong>haec</strong></span> <span class='ocrx_word' id='word_1_553' title='bbox 2602 3507 2772 3560; x_wconf 84' lang='lat' dir='ltr'><strong>editio</strong></span> <span class='ocrx_word' id='word_1_554' title='bbox 2804 3505 3155 3561; x_wconf 89' lang='lat' dir='ltr'><strong>Coloniensis</strong></span> <span class='ocrx_word' id='word_1_555' title='bbox 3202 3506 3698 3571; x_wconf 84' lang='lat' dir='ltr'><strong>innumerabilibus</strong></span> 
     </span>
    </p>
   </div>
   <div class='ocr_carea' id='block_1_81' title="bbox 2115 3600 3433 3669">
    <p class='ocr_par' dir='ltr' id='par_1_81' title="bbox 2115 3600 3433 3669">
     <span class='ocr_line' id='line_1_81' title="bbox 2115 3600 3433 3669; baseline -0.001 -15"><span class='ocrx_word' id='word_1_556' title='bbox 2115 3609 2285 3654; x_wconf 88' lang='lat' dir='ltr'><strong>scatet</strong></span> <span class='ocrx_word' id='word_1_557' title='bbox 2313 3601 2549 3663; x_wconf 88' lang='lat' dir='ltr'><strong>mendis,</strong></span> <span class='ocrx_word' id='word_1_558' title='bbox 2580 3600 2790 3654; x_wconf 86' lang='lat' dir='ltr'><strong>lacunis</strong></span> <span class='ocrx_word' id='word_1_559' title='bbox 2824 3600 3142 3669; x_wconf 86' lang='lat' dir='ltr'><strong>inutilisque</strong></span> <span class='ocrx_word' id='word_1_560' title='bbox 3171 3600 3433 3669; x_wconf 89' lang='lat' dir='ltr'><strong>periodis.</strong></span> 
     </span>
    </p>
   </div>
   <div class='ocr_carea' id='block_1_82' title="bbox 2186 3690 3692 3763">
    <p class='ocr_par' dir='ltr' id='par_1_82' title="bbox 2186 3690 3692 3763">
     <span class='ocr_line' id='line_1_82' title="bbox 2186 3690 3692 3763; baseline -0.001 -17"><span class='ocrx_word' id='word_1_561' title='bbox 2186 3693 2252 3746; x_wconf 79' lang='lat' dir='ltr'><strong>Et</strong></span> <span class='ocrx_word' id='word_1_562' title='bbox 2299 3692 2414 3747; x_wconf 74' lang='lat' dir='ltr'><strong>hmc</strong></span> <span class='ocrx_word' id='word_1_563' title='bbox 2472 3692 2690 3761; x_wconf 92' lang='lat' dir='ltr'><strong>quidem</strong></span> <span class='ocrx_word' id='word_1_564' title='bbox 2742 3691 2811 3745; x_wconf 89' lang='lat' dir='ltr'><strong>de</strong></span> <span class='ocrx_word' id='word_1_565' title='bbox 2861 3692 2928 3745; x_wconf 92' lang='lat' dir='ltr'><strong>iis</strong></span> <span class='ocrx_word' id='word_1_566' title='bbox 2980 3690 3415 3747; x_wconf 83' lang='lat' dir='ltr'><strong>Justinianorum</strong></span> <span class='ocrx_word' id='word_1_567' title='bbox 3463 3706 3692 3763; x_wconf 78' lang='lat' dir='ltr'><strong>eperum</strong></span> 
     </span>
    </p>
   </div>
   <div class='ocr_carea' id='block_1_83' title="bbox 2113 3784 3694 3854">
    <p class='ocr_par' dir='ltr' id='par_1_83' title="bbox 2113 3784 3694 3854">
     <span class='ocr_line' id='line_1_83' title="bbox 2113 3784 3694 3854; baseline 0.003 -17"><span class='ocrx_word' id='word_1_568' title='bbox 2113 3784 2483 3849; x_wconf 87' lang='lat' dir='ltr'><strong>editionibus,</strong></span> <span class='ocrx_word' id='word_1_569' title='bbox 2524 3800 2647 3854; x_wconf 65' lang='lat' dir='ltr'><strong>qua:</strong></span> <span class='ocrx_word' id='word_1_570' title='bbox 2697 3786 2984 3841; x_wconf 88' lang='lat' dir='ltr'><strong>lectionem</strong></span> <span class='ocrx_word' id='word_1_571' title='bbox 3023 3785 3454 3854; x_wconf 84' lang='lat' dir='ltr'><strong>Stephanianam</strong></span> <span class='ocrx_word' id='word_1_572' title='bbox 3493 3797 3694 3841; x_wconf 70' lang='lat' dir='ltr'><strong>secutae</strong></span> 
     </span>
    </p>
   </div>
   <div class='ocr_carea' id='block_1_84' title="bbox 2113 3887 2259 3931">
    <p class='ocr_par' dir='ltr' id='par_1_84' title="bbox 2113 3887 2259 3931">
     <span class='ocr_line' id='line_1_84' title="bbox 2113 3887 2259 3931; baseline -0.007 -1"><span class='ocrx_word' id='word_1_573' title='bbox 2113 3887 2259 3931; x_wconf 87' lang='lat' dir='ltr'><strong>sunt.</strong></span> 
     </span>
    </p>
   </div>
   <div class='ocr_carea' id='block_1_85' title="bbox 2185 3972 3692 4044">
    <p class='ocr_par' dir='ltr' id='par_1_85' title="bbox 2185 3972 3692 4044">
     <span class='ocr_line' id='line_1_85' title="bbox 2185 3972 3692 4044; baseline 0.004 -18"><span class='ocrx_word' id='word_1_574' title='bbox 2185 3972 2389 4026; x_wconf 85' lang='lat' dir='ltr'><strong>Novam</strong></span> <span class='ocrx_word' id='word_1_575' title='bbox 2427 3974 2800 4029; x_wconf 81' lang='lat' dir='ltr'><strong>recensionein</strong></span> <span class='ocrx_word' id='word_1_576' title='bbox 2828 3973 3050 4029; x_wconf 80' lang='lat' dir='ltr'><strong>exhibet</strong></span> <span class='ocrx_word' id='word_1_577' title='bbox 3078 3974 3359 4044; x_wconf 81' lang='lat' dir='ltr'><strong>splendida</strong></span> <span class='ocrx_word' id='word_1_578' title='bbox 3390 3975 3561 4031; x_wconf 90' lang='lat' dir='ltr'><strong>editio</strong></span> <span class='ocrx_word' id='word_1_579' title='bbox 3594 3978 3692 4032; x_wconf 82' lang='lat' dir='ltr'><strong>Be-</strong></span> 
     </span>
    </p>
   </div>
   <div class='ocr_carea' id='block_1_86' title="bbox 2112 4066 2669 4137">
    <p class='ocr_par' dir='ltr' id='par_1_86' title="bbox 2112 4066 2669 4137">
     <span class='ocr_line' id='line_1_86' title="bbox 2112 4066 2669 4137; baseline 0.004 -20"><span class='ocrx_word' id='word_1_580' title='bbox 2112 4066 2403 4128; x_wconf 89' lang='lat' dir='ltr'><strong>nedictina,</strong></span> <span class='ocrx_word' id='word_1_581' title='bbox 2432 4076 2539 4120; x_wconf 86' lang='lat' dir='ltr'><strong>etc.</strong></span> <span class='ocrx_word' id='word_1_582' title='bbox 2569 4066 2669 4137; x_wconf 65' lang='grc' dir='ltr'><strong>(ι).</strong></span> 
     </span>
    </p>
   </div>
   <div class='ocr_carea' id='block_1_87' title="bbox 2183 4158 3690 4232">
    <p class='ocr_par' dir='ltr' id='par_1_87' title="bbox 2183 4158 3690 4232">
     <span class='ocr_line' id='line_1_87' title="bbox 2183 4158 3690 4232; baseline 0.004 -21"><span class='ocrx_word' id='word_1_583' title='bbox 2183 4158 2500 4212; x_wconf 83' lang='lat' dir='ltr'><strong>Maraniana</strong></span> <span class='ocrx_word' id='word_1_584' title='bbox 2542 4161 2735 4223; x_wconf 90' lang='lat' dir='ltr'><strong>editio,</strong></span> <span class='ocrx_word' id='word_1_585' title='bbox 2764 4162 2977 4232; x_wconf 88' lang='lat' dir='ltr'><strong>paginis</strong></span> <span class='ocrx_word' id='word_1_586' title='bbox 3007 4161 3283 4231; x_wconf 79' lang='lat' dir='ltr'><strong>paulisper</strong></span> <span class='ocrx_word' id='word_1_587' title='bbox 3315 4162 3570 4224; x_wconf 88' lang='lat' dir='ltr'><strong>mutatis,</strong></span> <span class='ocrx_word' id='word_1_588' title='bbox 3600 4172 3690 4217; x_wconf 84' lang='lat' dir='ltr'><strong>est</strong></span> 
     </span>
    </p>
   </div>
   <div class='ocr_carea' id='block_1_88' title="bbox 2113 4252 3686 4323">
    <p class='ocr_par' dir='ltr' id='par_1_88' title="bbox 2113 4252 3686 4323">
     <span class='ocr_line' id='line_1_88' title="bbox 2113 4252 3686 4323; baseline 0.001 -18"><span class='ocrx_word' id='word_1_589' title='bbox 2113 4254 2340 4319; x_wconf 90' lang='lat' dir='ltr'><strong>repetita</strong></span> <span class='ocrx_word' id='word_1_590' title='bbox 2379 4252 2625 4308; x_wconf 76' lang='lat' dir='ltr'><strong>Venetiis</strong></span> <span class='ocrx_word' id='word_1_591' title='bbox 2670 4255 2813 4321; x_wconf 90' lang='lat' dir='ltr'><strong>apud</strong></span> <span class='ocrx_word' id='word_1_592' title='bbox 2844 4254 3135 4323; x_wconf 86' lang='lat' dir='ltr'><strong>Augustin.</strong></span> <span class='ocrx_word' id='word_1_593' title='bbox 3170 4253 3407 4318; x_wconf 84' lang='lat' dir='ltr'><strong>Savioli,</strong></span> <span class='ocrx_word' id='word_1_594' title='bbox 3439 4270 3490 4307; x_wconf 93' lang='lat' dir='ltr'><strong>a.</strong></span> <span class='ocrx_word' id='word_1_595' title='bbox 3526 4254 3686 4321; x_wconf 72' lang='grc'>1717,</span> 
     </span>
    </p>
   </div>
   <div class='ocr_carea' id='block_1_89' title="bbox 2113 4346 3691 4415">
    <p class='ocr_par' dir='ltr' id='par_1_89' title="bbox 2113 4346 3691 4415">
     <span class='ocr_line' id='line_1_89' title="bbox 2113 4346 3691 4415; baseline 0.003 -18"><span class='ocrx_word' id='word_1_596' title='bbox 2113 4346 2206 4399; x_wconf 89' lang='lat' dir='ltr'><strong>fol.</strong></span> <span class='ocrx_word' id='word_1_597' title='bbox 2258 4347 2385 4414; x_wconf 84' lang='lat' dir='ltr'><strong>niaj.</strong></span> <span class='ocrx_word' id='word_1_598' title='bbox 2437 4346 2543 4400; x_wconf 81' lang='lat' dir='ltr'><strong>Sed</strong></span> <span class='ocrx_word' id='word_1_599' title='bbox 2594 4349 2849 4415; x_wconf 87' lang='lat' dir='ltr'><strong>permulti</strong></span> <span class='ocrx_word' id='word_1_600' title='bbox 2896 4348 3001 4402; x_wconf 86' lang='lat' dir='ltr'><strong>hoc</strong></span> <span class='ocrx_word' id='word_1_601' title='bbox 3046 4348 3100 4401; x_wconf 94' lang='lat' dir='ltr'><strong>in</strong></span> <span class='ocrx_word' id='word_1_602' title='bbox 3144 4346 3285 4401; x_wconf 87' lang='lat' dir='ltr'><strong>libro</strong></span> <span class='ocrx_word' id='word_1_603' title='bbox 3334 4348 3691 4405; x_wconf 89' lang='lat' dir='ltr'><strong>inveniuntur</strong></span> 
     </span>
    </p>
   </div>
   <div class='ocr_carea' id='block_1_90' title="bbox 2110 4442 3688 4511">
    <p class='ocr_par' dir='ltr' id='par_1_90' title="bbox 2110 4442 3688 4511">
     <span class='ocr_line' id='line_1_90' title="bbox 2110 4442 3688 4511; baseline 0.002 -18"><span class='ocrx_word' id='word_1_604' title='bbox 2110 4456 2331 4495; x_wconf 84' lang='lat' dir='ltr'><strong>errores</strong></span> <span class='ocrx_word' id='word_1_605' title='bbox 2377 4443 2777 4511; x_wconf 80' lang='lat' dir='ltr'><strong>typograpliici.</strong></span> <span class='ocrx_word' id='word_1_606' title='bbox 2814 4442 2893 4495; x_wconf 89' lang='lat' dir='ltr'><strong>Ad</strong></span> <span class='ocrx_word' id='word_1_607' title='bbox 2934 4442 3074 4496; x_wconf 88' lang='lat' dir='ltr'><strong>idem</strong></span> <span class='ocrx_word' id='word_1_608' title='bbox 3106 4442 3237 4496; x_wconf 90' lang='lat' dir='ltr'><strong>illud</strong></span> <span class='ocrx_word' id='word_1_609' title='bbox 3267 4443 3551 4511; x_wconf 82' lang='lat' dir='ltr'><strong>exemplar</strong></span> <span class='ocrx_word' id='word_1_610' title='bbox 3599 4458 3688 4496; x_wconf 83' lang='lat' dir='ltr'><strong>re-</strong></span> 
     </span>
    </p>
   </div>
   <div class='ocr_carea' id='block_1_91' title="bbox 428 4534 3688 4614">
    <p class='ocr_par' dir='ltr' id='par_1_91' title="bbox 428 4534 3688 4614">
     <span class='ocr_line' id='line_1_91' title="bbox 428 4534 3688 4614; baseline -0.003 -14"><span class='ocrx_word' id='word_1_611' title='bbox 428 4561 617 4600; x_wconf 90' lang='lat' dir='ltr'><strong>corum</strong></span> <span class='ocrx_word' id='word_1_612' title='bbox 651 4546 921 4614; x_wconf 86' lang='lat' dir='ltr'><strong>Augusta.</strong></span> <span class='ocrx_word' id='word_1_613' title='bbox 971 4543 1116 4598; x_wconf 86' lang='lat' dir='ltr'><strong>Idem</strong></span> <span class='ocrx_word' id='word_1_614' title='bbox 1168 4542 1256 4596; x_wconf 92' lang='lat' dir='ltr'><strong>hic</strong></span> <span class='ocrx_word' id='word_1_615' title='bbox 1299 4541 1640 4597; x_wconf 73' lang='lat' dir='ltr'><strong>Iltnschelius</strong></span> <span class='ocrx_word' id='word_1_616' title='bbox 1674 4542 1814 4596; x_wconf 91' lang='lat' dir='ltr'><strong>ultra</strong></span> <span class='ocrx_word' id='word_1_617' title='bbox 1846 4558 2001 4596; x_wconf 90' lang='lat' dir='ltr'><strong>suam</strong></span> <span class='ocrx_word' id='word_1_618' title='bbox 2037 4540 2081 4594; x_wconf 88' lang='lat' dir='ltr'><strong>D</strong></span> <span class='ocrx_word' id='word_1_619' title='bbox 2111 4550 2238 4587; x_wconf 69' lang='lat' dir='ltr'><strong>Busa</strong></span> <span class='ocrx_word' id='word_1_620' title='bbox 2269 4545 2396 4589; x_wconf 77' lang='lat' dir='ltr'><strong>sunt</strong></span> <span class='ocrx_word' id='word_1_621' title='bbox 2426 4535 2602 4603; x_wconf 80' lang='lat' dir='ltr'><strong>Opera</strong></span> <span class='ocrx_word' id='word_1_622' title='bbox 2636 4537 2823 4592; x_wconf 62' lang='lat' dir='ltr'><strong>Graece</strong></span> <span class='ocrx_word' id='word_1_623' title='bbox 2860 4547 2915 4591; x_wconf 88' lang='lat' dir='ltr'><strong>et</strong></span> <span class='ocrx_word' id='word_1_624' title='bbox 2948 4537 3141 4591; x_wconf 87' lang='lat' dir='ltr'><strong>Latine</strong></span> <span class='ocrx_word' id='word_1_625' title='bbox 3191 4538 3244 4591; x_wconf 95' lang='lat' dir='ltr'><strong>in</strong></span> <span class='ocrx_word' id='word_1_626' title='bbox 3292 4536 3428 4606; x_wconf 87' lang='lat' dir='ltr'><strong>Opp.</strong></span> <span class='ocrx_word' id='word_1_627' title='bbox 3462 4534 3688 4588; x_wconf 82' lang='lat' dir='ltr'><strong>Patrum</strong></span> 
     </span>
    </p>
   </div>
   <div class='ocr_carea' id='block_1_92' title="bbox 430 4636 2009 4709">
    <p class='ocr_par' dir='ltr' id='par_1_92' title="bbox 430 4636 2009 4709">
     <span class='ocr_line' id='line_1_92' title="bbox 430 4636 2009 4709; baseline -0.003 -14"><span class='ocrx_word' id='word_1_628' title='bbox 430 4640 732 4709; x_wconf 73' lang='lat' dir='ltr'><strong>symbolam</strong></span> <span class='ocrx_word' id='word_1_629' title='bbox 777 4638 985 4692; x_wconf 88' lang='lat' dir='ltr'><strong>addidit</strong></span> <span class='ocrx_word' id='word_1_630' title='bbox 1008 4638 1171 4691; x_wconf 87' lang='lat' dir='ltr'><strong>etiam</strong></span> <span class='ocrx_word' id='word_1_631' title='bbox 1226 4636 1451 4692; x_wconf 90' lang='lat' dir='ltr'><strong>Ilieron.</strong></span> <span class='ocrx_word' id='word_1_632' title='bbox 1481 4636 1664 4691; x_wconf 85' lang='lat' dir='ltr'><strong>Woltii</strong></span> <span class='ocrx_word' id='word_1_633' title='bbox 1701 4637 2009 4693; x_wconf 87' lang='lat' dir='ltr'><strong>adnotatio-</strong></span> 
     </span>
    </p>
   </div>
   <div class='ocr_carea' id='block_1_93' title="bbox 433 4732 2007 4803">
    <p class='ocr_par' dir='ltr' id='par_1_93' title="bbox 433 4732 2007 4803">
     <span class='ocr_line' id='line_1_93' title="bbox 433 4732 2007 4803; baseline -0.001 -15"><span class='ocrx_word' id='word_1_634' title='bbox 433 4750 548 4799; x_wconf 89' lang='lat' dir='ltr'><strong>nes,</strong></span> <span class='ocrx_word' id='word_1_635' title='bbox 577 4751 607 4788; x_wconf 92' lang='lat' dir='ltr'><strong>e</strong></span> <span class='ocrx_word' id='word_1_636' title='bbox 636 4735 775 4788; x_wconf 89' lang='lat' dir='ltr'><strong>libro</strong></span> <span class='ocrx_word' id='word_1_637' title='bbox 806 4732 920 4801; x_wconf 92' lang='lat' dir='ltr'><strong>ejus</strong></span> <span class='ocrx_word' id='word_1_638' title='bbox 969 4749 1067 4787; x_wconf 89' lang='lat' dir='ltr'><strong>sua</strong></span> <span class='ocrx_word' id='word_1_639' title='bbox 1113 4747 1273 4786; x_wconf 90' lang='lat' dir='ltr'><strong>manu</strong></span> <span class='ocrx_word' id='word_1_640' title='bbox 1310 4742 1620 4803; x_wconf 81' lang='lat' dir='ltr'><strong>excerptas,</strong></span> <span class='ocrx_word' id='word_1_641' title='bbox 1655 4743 1712 4785; x_wconf 93' lang='lat' dir='ltr'><strong>ut</strong></span> <span class='ocrx_word' id='word_1_642' title='bbox 1749 4747 1816 4786; x_wconf 92' lang='lat' dir='ltr'><strong>eo</strong></span> <span class='ocrx_word' id='word_1_643' title='bbox 1846 4742 2007 4801; x_wconf 88' lang='lat' dir='ltr'><strong>pacto</strong></span> 
     </span>
    </p>
   </div>
   <div class='ocr_carea' id='block_1_94' title="bbox 429 4827 2005 4898">
    <p class='ocr_par' dir='ltr' id='par_1_94' title="bbox 429 4827 2005 4898">
     <span class='ocr_line' id='line_1_94' title="bbox 429 4827 2005 4898; baseline -0.003 -14"><span class='ocrx_word' id='word_1_644' title='bbox 429 4839 485 4884; x_wconf 89' lang='lat' dir='ltr'><strong>et</strong></span> <span class='ocrx_word' id='word_1_645' title='bbox 512 4829 642 4883; x_wconf 84' lang='lat' dir='ltr'><strong>boni</strong></span> <span class='ocrx_word' id='word_1_646' title='bbox 694 4829 1049 4898; x_wconf 74' lang='lat' dir='ltr'><strong>praeceptoris</strong></span> <span class='ocrx_word' id='word_1_647' title='bbox 1093 4827 1412 4882; x_wconf 88' lang='lat' dir='ltr'><strong>memoriam</strong></span> <span class='ocrx_word' id='word_1_648' title='bbox 1462 4837 1792 4896; x_wconf 78' lang='lat' dir='ltr'><strong>propagaret</strong></span> <span class='ocrx_word' id='word_1_649' title='bbox 1829 4836 1883 4879; x_wconf 91' lang='lat' dir='ltr'><strong>et</strong></span> <span class='ocrx_word' id='word_1_650' title='bbox 1927 4827 2005 4880; x_wconf 90' lang='lat' dir='ltr'><strong>rei</strong></span> 
     </span>
    </p>
   </div>
   <div class='ocr_carea' id='block_1_95' title="bbox 432 4919 2010 4992">
    <p class='ocr_par' dir='ltr' id='par_1_95' title="bbox 432 4919 2010 4992">
     <span class='ocr_line' id='line_1_95' title="bbox 432 4919 2010 4992; baseline -0.001 -17"><span class='ocrx_word' id='word_1_651' title='bbox 432 4923 713 4978; x_wconf 67' lang='lat' dir='ltr'><strong>litterariae</strong></span> <span class='ocrx_word' id='word_1_652' title='bbox 770 4922 1060 4977; x_wconf 90' lang='lat' dir='ltr'><strong>commoda</strong></span> <span class='ocrx_word' id='word_1_653' title='bbox 1107 4922 1319 4992; x_wconf 90' lang='lat' dir='ltr'><strong>plenius</strong></span> <span class='ocrx_word' id='word_1_654' title='bbox 1369 4921 1671 4989; x_wconf 86' lang='lat' dir='ltr'><strong>adjuvaret.</strong></span> <span class='ocrx_word' id='word_1_655' title='bbox 1712 4939 1730 4971; x_wconf 72' lang='grc' dir='ltr'><strong><em>ι</em></strong></span> <span class='ocrx_word' id='word_1_656' title='bbox 1780 4919 2010 4991; x_wconf 90' lang='lat' dir='ltr'><strong>Insuper</strong></span> 
     </span>
    </p>
   </div>
   <div class='ocr_carea' id='block_1_96' title="bbox 429 5013 2007 5087">
    <p class='ocr_par' dir='ltr' id='par_1_96' title="bbox 429 5013 2007 5087">
     <span class='ocr_line' id='line_1_96' title="bbox 429 5013 2007 5087; baseline -0.001 -16"><span class='ocrx_word' id='word_1_657' title='bbox 429 5017 681 5087; x_wconf 88' lang='lat' dir='ltr'><strong>apposuit</strong></span> <span class='ocrx_word' id='word_1_658' title='bbox 708 5017 785 5087; x_wconf 92' lang='lat' dir='ltr'><strong>(p.</strong></span> <span class='ocrx_word' id='word_1_659' title='bbox 811 5016 919 5070; x_wconf 73' lang='lat'><strong>432</strong></span> <span class='ocrx_word' id='word_1_660' title='bbox 945 5016 1091 5086; x_wconf 85' lang='lat' dir='ltr'><strong>sqq.)</strong></span> <span class='ocrx_word' id='word_1_661' title='bbox 1118 5016 1347 5071; x_wconf 90' lang='lat' dir='ltr'><strong>selectas</strong></span> <span class='ocrx_word' id='word_1_662' title='bbox 1371 5013 1558 5070; x_wconf 81' lang='lat' dir='ltr'><strong>Joach.</strong></span> <span class='ocrx_word' id='word_1_663' title='bbox 1587 5014 1820 5069; x_wconf 85' lang='lat' dir='ltr'><strong>Perionii</strong></span> <span class='ocrx_word' id='word_1_664' title='bbox 1850 5024 2007 5071; x_wconf 89' lang='lat' dir='ltr'><strong>notas</strong></span> 
     </span>
    </p>
   </div>
   <div class='ocr_carea' id='block_1_97' title="bbox 433 5108 2003 5179">
    <p class='ocr_par' dir='ltr' id='par_1_97' title="bbox 433 5108 2003 5179">
     <span class='ocr_line' id='line_1_97' title="bbox 433 5108 2003 5179; baseline 0.001 -18"><span class='ocrx_word' id='word_1_665' title='bbox 433 5126 536 5163; x_wconf 88' lang='lat' dir='ltr'><strong>una</strong></span> <span class='ocrx_word' id='word_1_666' title='bbox 573 5126 695 5165; x_wconf 90' lang='lat' dir='ltr'><strong>cum</strong></span> <span class='ocrx_word' id='word_1_667' title='bbox 742 5110 807 5165; x_wconf 88' lang='lat' dir='ltr'><strong>iis</strong></span> <span class='ocrx_word' id='word_1_668' title='bbox 835 5126 957 5179; x_wconf 73' lang='lat' dir='ltr'><strong>qua:</strong></span> <span class='ocrx_word' id='word_1_669' title='bbox 998 5108 1188 5165; x_wconf 80' lang='lat' dir='ltr'><strong>Jacob.</strong></span> <span class='ocrx_word' id='word_1_670' title='bbox 1222 5109 1410 5164; x_wconf 86' lang='lat' dir='ltr'><strong>Billius</strong></span> <span class='ocrx_word' id='word_1_671' title='bbox 1456 5112 1510 5165; x_wconf 89' lang='lat' dir='ltr'><strong>in</strong></span> <span class='ocrx_word' id='word_1_672' title='bbox 1561 5109 2003 5165; x_wconf 83' lang='lat' dir='ltr'><strong>Observationum</strong></span> 
     </span>
    </p>
   </div>
   <div class='ocr_carea' id='block_1_98' title="bbox 430 5202 2005 5274">
    <p class='ocr_par' dir='ltr' id='par_1_98' title="bbox 430 5202 2005 5274">
     <span class='ocr_line' id='line_1_98' title="bbox 430 5202 2005 5274; baseline 0.001 -19"><span class='ocrx_word' id='word_1_673' title='bbox 430 5218 706 5257; x_wconf 87' lang='lat' dir='ltr'><strong>sacrarum</strong></span> <span class='ocrx_word' id='word_1_674' title='bbox 740 5203 940 5274; x_wconf 89' lang='lat' dir='ltr'><strong>(Paris.</strong></span> <span class='ocrx_word' id='word_1_675' title='bbox 983 5202 1147 5267; x_wconf 79' lang='lat'><strong>1585,</strong></span> <span class='ocrx_word' id='word_1_676' title='bbox 1177 5203 1299 5272; x_wconf 90' lang='lat' dir='ltr'><strong>fol.)</strong></span> <span class='ocrx_word' id='word_1_677' title='bbox 1332 5204 1427 5257; x_wconf 90' lang='lat' dir='ltr'><strong>lib.</strong></span> <span class='ocrx_word' id='word_1_678' title='bbox 1463 5221 1520 5271; x_wconf 86' lang='lat' dir='ltr'><strong>ll,</strong></span> <span class='ocrx_word' id='word_1_679' title='bbox 1562 5220 1684 5273; x_wconf 89' lang='lat' dir='ltr'><strong>cap.</strong></span> <span class='ocrx_word' id='word_1_680' title='bbox 1720 5203 1773 5269; x_wconf 87' lang='lat'><strong>6,</strong></span> <span class='ocrx_word' id='word_1_681' title='bbox 1805 5205 1873 5259; x_wconf 88' lang='lat' dir='ltr'><strong>ad</strong></span> <span class='ocrx_word' id='word_1_682' title='bbox 1903 5202 2005 5258; x_wconf 85' lang='lat' dir='ltr'><strong>.Iu-</strong></span> 
     </span>
    </p>
   </div>
   <div class='ocr_carea' id='block_1_99' title="bbox 431 5294 2007 5368">
    <p class='ocr_par' dir='ltr' id='par_1_99' title="bbox 431 5294 2007 5368">
     <span class='ocr_line' id='line_1_99' title="bbox 431 5294 2007 5368; baseline 0.002 -20"><span class='ocrx_word' id='word_1_683' title='bbox 431 5296 555 5349; x_wconf 85' lang='lat' dir='ltr'><strong>stiui</strong></span> <span class='ocrx_word' id='word_1_684' title='bbox 588 5296 904 5368; x_wconf 85' lang='lat' dir='ltr'><strong>Apologiam</strong></span> <span class='ocrx_word' id='word_1_685' title='bbox 944 5294 975 5350; x_wconf 92' lang='grc' dir='ltr'><em>Ι</em></span> <span class='ocrx_word' id='word_1_686' title='bbox 1010 5307 1315 5353; x_wconf 84' lang='lat' dir='ltr'><strong>notaverat.</strong></span> <span class='ocrx_word' id='word_1_687' title='bbox 1360 5296 1574 5366; x_wconf 85' lang='lat' dir='ltr'><strong>Adjecit</strong></span> <span class='ocrx_word' id='word_1_688' title='bbox 1616 5298 1847 5365; x_wconf 90' lang='lat' dir='ltr'><strong>denique</strong></span> <span class='ocrx_word' id='word_1_689' title='bbox 1885 5311 2007 5367; x_wconf 68' lang='lat' dir='ltr'><strong>quae</strong></span> 
     </span>
    </p>
   </div>
   <div class='ocr_carea' id='block_1_100' title="bbox 432 5385 2002 5462">
    <p class='ocr_par' dir='ltr' id='par_1_100' title="bbox 432 5385 2002 5462">
     <span class='ocr_line' id='line_1_100' title="bbox 432 5385 2002 5462; baseline 0.003 -22"><span class='ocrx_word' id='word_1_690' title='bbox 432 5386 497 5441; x_wconf 70' lang='lat' dir='ltr'><strong>Il.</strong></span> <span class='ocrx_word' id='word_1_691' title='bbox 527 5385 841 5457; x_wconf 87' lang='lat' dir='ltr'><strong>Stephanus</strong></span> <span class='ocrx_word' id='word_1_692' title='bbox 867 5390 917 5443; x_wconf 91' lang='lat' dir='ltr'><strong>in</strong></span> <span class='ocrx_word' id='word_1_693' title='bbox 944 5390 1201 5444; x_wconf 86' lang='lat' dir='ltr'><strong>editionis</strong></span> <span class='ocrx_word' id='word_1_694' title='bbox 1231 5390 1381 5445; x_wconf 89' lang='lat' dir='ltr'><strong>calce</strong></span> <span class='ocrx_word' id='word_1_695' title='bbox 1404 5400 1567 5460; x_wconf 89' lang='lat' dir='ltr'><strong>atque</strong></span> <span class='ocrx_word' id='word_1_696' title='bbox 1595 5390 1661 5445; x_wconf 93' lang='lat' dir='ltr'><strong>ll.</strong></span> <span class='ocrx_word' id='word_1_697' title='bbox 1690 5390 2002 5462; x_wconf 89' lang='lat' dir='ltr'><strong>Stephanus</strong></span> 
     </span>
    </p>
   </div>
   <div class='ocr_carea' id='block_1_101' title="bbox 429 5478 1999 5551">
    <p class='ocr_par' dir='ltr' id='par_1_101' title="bbox 429 5478 1999 5551">
     <span class='ocr_line' id='line_1_101' title="bbox 429 5478 1999 5551; baseline 0.004 -23"><span class='ocrx_word' id='word_1_698' title='bbox 429 5490 485 5533; x_wconf 85' lang='lat' dir='ltr'><strong>et</strong></span> <span class='ocrx_word' id='word_1_699' title='bbox 522 5478 796 5535; x_wconf 85' lang='lat' dir='ltr'><strong>Benrerus</strong></span> <span class='ocrx_word' id='word_1_700' title='bbox 823 5482 890 5536; x_wconf 92' lang='lat' dir='ltr'><strong>de</strong></span> <span class='ocrx_word' id='word_1_701' title='bbox 918 5495 1067 5537; x_wconf 85' lang='lat' dir='ltr'><strong>textu</strong></span> <span class='ocrx_word' id='word_1_702' title='bbox 1103 5482 1375 5539; x_wconf 84' lang='lat' dir='ltr'><strong>Orationis</strong></span> <span class='ocrx_word' id='word_1_703' title='bbox 1412 5485 1481 5537; x_wconf 82' lang='lat' dir='ltr'><strong>ad</strong></span> <span class='ocrx_word' id='word_1_704' title='bbox 1520 5483 1736 5538; x_wconf 80' lang='lat' dir='ltr'><strong>ercos</strong></span> <span class='ocrx_word' id='word_1_705' title='bbox 1768 5491 1822 5539; x_wconf 92' lang='lat' dir='ltr'><strong>et</strong></span> <span class='ocrx_word' id='word_1_706' title='bbox 1868 5481 1999 5551; x_wconf 86' lang='lat' dir='ltr'><strong>Epi-</strong></span> 
     </span>
    </p>
   </div>
   <div class='ocr_carea' id='block_1_102' title="bbox 428 5555 1782 5642">
    <p class='ocr_par' dir='ltr' id='par_1_102' title="bbox 428 5555 1782 5642">
     <span class='ocr_line' id='line_1_102' title="bbox 428 5555 1782 5642; baseline 0.006 -20"><span class='ocrx_word' id='word_1_707' title='bbox 428 5572 577 5623; x_wconf 78' lang='lat' dir='ltr'><strong>stula:</strong></span> <span class='ocrx_word' id='word_1_708' title='bbox 604 5573 670 5623; x_wconf 86' lang='lat' dir='ltr'><strong>ad</strong></span> <span class='ocrx_word' id='word_1_709' title='bbox 708 5571 1023 5642; x_wconf 83' lang='lat' dir='ltr'><strong>Diognetum</strong></span> <span class='ocrx_word' id='word_1_710' title='bbox 1055 5575 1399 5629; x_wconf 87' lang='lat' dir='ltr'><strong>emendando</strong></span> <span class='ocrx_word' id='word_1_711' title='bbox 1430 5555 1782 5630; x_wconf 75' lang='lat' dir='ltr'><strong>monuerant.</strong></span> 
     </span>
    </p>
   </div>
   <div class='ocr_carea' id='block_1_103' title="bbox 499 5726 1988 5797">
    <p class='ocr_par' dir='ltr' id='par_1_103' title="bbox 499 5726 1988 5797">
     <span class='ocr_line' id='line_1_103' title="bbox 499 5726 1988 5797; baseline 0.005 -17"><span class='ocrx_word' id='word_1_712' title='bbox 499 5726 577 5795; x_wconf 80' lang='lat'><strong>(&#39;5)</strong></span> <span class='ocrx_word' id='word_1_713' title='bbox 618 5726 749 5781; x_wconf 87' lang='lat' dir='ltr'><strong>Vide</strong></span> <span class='ocrx_word' id='word_1_714' title='bbox 786 5730 956 5784; x_wconf 85' lang='lat' dir='ltr'><strong>With.</strong></span> <span class='ocrx_word' id='word_1_715' title='bbox 979 5731 1107 5785; x_wconf 86' lang='lat' dir='ltr'><strong>Ern.</strong></span> <span class='ocrx_word' id='word_1_716' title='bbox 1140 5732 1387 5797; x_wconf 81' lang='lat' dir='ltr'><strong>Tentzel,</strong></span> <span class='ocrx_word' id='word_1_717' title='bbox 1426 5733 1760 5788; x_wconf 75' lang='lat' dir='ltr'><strong>Miscellann.</strong></span> <span class='ocrx_word' id='word_1_718' title='bbox 1801 5732 1988 5789; x_wconf 68' lang='lat' dir='ltr'><strong>aedes.</strong></span> 
     </span>
    </p>
   </div>
   <div class='ocr_carea' id='block_1_104' title="bbox 429 5796 1295 5870">
    <p class='ocr_par' dir='ltr' id='par_1_104' title="bbox 429 5796 1295 5870">
     <span class='ocr_line' id='line_1_104' title="bbox 429 5796 1295 5870; baseline 0.006 -18"><span class='ocrx_word' id='word_1_719' title='bbox 429 5796 596 5870; x_wconf 77' lang='lat' dir='ltr'><strong>(Lips.</strong></span> <span class='ocrx_word' id='word_1_720' title='bbox 632 5798 789 5866; x_wconf 78' lang='grc'>1703,</span> <span class='ocrx_word' id='word_1_721' title='bbox 825 5802 901 5869; x_wconf 76' lang='grc'><strong>1),</strong></span> <span class='ocrx_word' id='word_1_722' title='bbox 930 5817 977 5870; x_wconf 83' lang='lat' dir='ltr'><strong>p.</strong></span> <span class='ocrx_word' id='word_1_723' title='bbox 1017 5817 1052 5867; x_wconf 94' lang='lat' dir='ltr'><strong>I,</strong></span> <span class='ocrx_word' id='word_1_724' title='bbox 1084 5818 1134 5870; x_wconf 91' lang='lat' dir='ltr'><strong>p.</strong></span> <span class='ocrx_word' id='word_1_725' title='bbox 1178 5803 1295 5857; x_wconf 78' lang='grc'>165.</span> 
     </span>
    </p>
   </div>
   <div class='ocr_carea' id='block_1_105' title="bbox 2111 4625 3688 4699">
    <p class='ocr_par' dir='ltr' id='par_1_105' title="bbox 2111 4625 3688 4699">
     <span class='ocr_line' id='line_1_105' title="bbox 2111 4625 3688 4699; baseline -0.001 -18"><span class='ocrx_word' id='word_1_726' title='bbox 2111 4625 2421 4681; x_wconf 72' lang='lat' dir='ltr'><strong>ercorum</strong></span> <span class='ocrx_word' id='word_1_727' title='bbox 2452 4629 2607 4699; x_wconf 92' lang='lat' dir='ltr'><strong>(cura</strong></span> <span class='ocrx_word' id='word_1_728' title='bbox 2648 4629 2800 4683; x_wconf 86' lang='lat' dir='ltr'><strong>Frid.</strong></span> <span class='ocrx_word' id='word_1_729' title='bbox 2836 4630 3168 4695; x_wconf 78' lang='lat' dir='ltr'><strong>Oberthur),</strong></span> <span class='ocrx_word' id='word_1_730' title='bbox 3207 4630 3318 4683; x_wconf 86' lang='lat' dir='ltr'><strong>vol.</strong></span> <span class='ocrx_word' id='word_1_731' title='bbox 3354 4628 3495 4692; x_wconf 90' lang='lat' dir='ltr'><strong>I-III,</strong></span> <span class='ocrx_word' id='word_1_732' title='bbox 3540 4626 3688 4681; x_wconf 90' lang='lat' dir='ltr'><strong>Wir-</strong></span> 
     </span>
    </p>
   </div>
   <div class='ocr_carea' id='block_1_106' title="bbox 2110 4720 3685 4791">
    <p class='ocr_par' dir='ltr' id='par_1_106' title="bbox 2110 4720 3685 4791">
     <span class='ocr_line' id='line_1_106' title="bbox 2110 4720 3685 4791; baseline 0 -16"><span class='ocrx_word' id='word_1_733' title='bbox 2110 4722 2334 4791; x_wconf 88' lang='lat' dir='ltr'><strong>ceburgi</strong></span> <span class='ocrx_word' id='word_1_734' title='bbox 2374 4737 2439 4776; x_wconf 79' lang='lat' dir='ltr'><strong>ex</strong></span> <span class='ocrx_word' id='word_1_735' title='bbox 2470 4721 2690 4779; x_wconf 76' lang='lat' dir='ltr'><strong>ofﬁcina</strong></span> <span class='ocrx_word' id='word_1_736' title='bbox 2722 4723 2946 4778; x_wconf 89' lang='lat' dir='ltr'><strong>libraria</strong></span> <span class='ocrx_word' id='word_1_737' title='bbox 2987 4723 3324 4787; x_wconf 85' lang='lat' dir='ltr'><strong>Staheliana,</strong></span> <span class='ocrx_word' id='word_1_738' title='bbox 3359 4720 3685 4787; x_wconf 89' lang='lat'><strong>1777-1779,</strong></span> 
     </span>
    </p>
   </div>
   <div class='ocr_carea' id='block_1_107' title="bbox 2110 4811 3685 4881">
    <p class='ocr_par' dir='ltr' id='par_1_107' title="bbox 2110 4811 3685 4881">
     <span class='ocr_line' id='line_1_107' title="bbox 2110 4811 3685 4881; baseline -0.001 -15"><span class='ocrx_word' id='word_1_739' title='bbox 2110 4813 2175 4875; x_wconf 87' lang='lat'><strong>8,</strong></span> <span class='ocrx_word' id='word_1_740' title='bbox 2226 4813 2301 4867; x_wconf 87' lang='lat' dir='ltr'><strong>ita</strong></span> <span class='ocrx_word' id='word_1_741' title='bbox 2354 4812 2613 4881; x_wconf 90' lang='lat' dir='ltr'><strong>quidem,</strong></span> <span class='ocrx_word' id='word_1_742' title='bbox 2661 4823 2715 4866; x_wconf 91' lang='lat' dir='ltr'><strong>ut</strong></span> <span class='ocrx_word' id='word_1_743' title='bbox 2766 4814 2925 4868; x_wconf 85' lang='lat' dir='ltr'><strong>vol.l</strong></span> <span class='ocrx_word' id='word_1_744' title='bbox 2974 4812 3287 4867; x_wconf 84' lang='lat' dir='ltr'><strong>Orationem</strong></span> <span class='ocrx_word' id='word_1_745' title='bbox 3335 4815 3403 4866; x_wconf 86' lang='lat' dir='ltr'><strong>ad</strong></span> <span class='ocrx_word' id='word_1_746' title='bbox 3449 4811 3685 4875; x_wconf 66' lang='grc' dir='ltr'><strong>(ἕπεσθε,</strong></span> 
     </span>
    </p>
   </div>
   <div class='ocr_carea' id='block_1_108' title="bbox 2109 4902 3685 4968">
    <p class='ocr_par' dir='ltr' id='par_1_108' title="bbox 2109 4902 3685 4968">
     <span class='ocr_line' id='line_1_108' title="bbox 2109 4902 3685 4968; baseline -0.002 -11"><span class='ocrx_word' id='word_1_747' title='bbox 2109 4903 2539 4957; x_wconf 82' lang='lat' dir='ltr'><strong>Cohortationem</strong></span> <span class='ocrx_word' id='word_1_748' title='bbox 2579 4905 2649 4957; x_wconf 83' lang='lat' dir='ltr'><strong>ad</strong></span> <span class='ocrx_word' id='word_1_749' title='bbox 2701 4902 2939 4967; x_wconf 79' lang='lat' dir='ltr'><strong>ercos,</strong></span> <span class='ocrx_word' id='word_1_750' title='bbox 2980 4904 3196 4958; x_wconf 87' lang='lat' dir='ltr'><strong>Librum</strong></span> <span class='ocrx_word' id='word_1_751' title='bbox 3238 4905 3302 4959; x_wconf 87' lang='lat' dir='ltr'><strong>de</strong></span> <span class='ocrx_word' id='word_1_752' title='bbox 3353 4905 3685 4968; x_wconf 80' lang='lat' dir='ltr'><strong>monarchia,</strong></span> 
     </span>
    </p>
   </div>
   <div class='ocr_carea' id='block_1_109' title="bbox 2112 4995 3686 5067">
    <p class='ocr_par' dir='ltr' id='par_1_109' title="bbox 2112 4995 3686 5067">
     <span class='ocr_line' id='line_1_109' title="bbox 2112 4995 3686 5067; baseline -0.002 -17"><span class='ocrx_word' id='word_1_753' title='bbox 2112 4995 2407 5067; x_wconf 88' lang='lat' dir='ltr'><strong>Utramque</strong></span> <span class='ocrx_word' id='word_1_754' title='bbox 2445 4997 2790 5066; x_wconf 82' lang='lat' dir='ltr'><strong>apologiam;</strong></span> <span class='ocrx_word' id='word_1_755' title='bbox 2840 4997 2946 5049; x_wconf 92' lang='lat' dir='ltr'><strong>vol.</strong></span> <span class='ocrx_word' id='word_1_756' title='bbox 2978 4995 3047 5059; x_wconf 93' lang='lat' dir='ltr'><strong>Il,</strong></span> <span class='ocrx_word' id='word_1_757' title='bbox 3088 4996 3367 5066; x_wconf 76' lang='lat' dir='ltr'><strong>Dialogum</strong></span> <span class='ocrx_word' id='word_1_758' title='bbox 3399 5012 3517 5048; x_wconf 87' lang='lat' dir='ltr'><strong>cum</strong></span> <span class='ocrx_word' id='word_1_759' title='bbox 3553 4995 3686 5064; x_wconf 80' lang='lat' dir='ltr'><strong>Try-</strong></span> 
     </span>
    </p>
   </div>
   <div class='ocr_carea' id='block_1_110' title="bbox 2108 5086 3684 5158">
    <p class='ocr_par' dir='ltr' id='par_1_110' title="bbox 2108 5086 3684 5158">
     <span class='ocr_line' id='line_1_110' title="bbox 2108 5086 3684 5158; baseline -0.001 -17"><span class='ocrx_word' id='word_1_760' title='bbox 2108 5090 2301 5156; x_wconf 87' lang='lat' dir='ltr'><strong>pltone,</strong></span> <span class='ocrx_word' id='word_1_761' title='bbox 2332 5099 2387 5142; x_wconf 88' lang='lat' dir='ltr'><strong>et.</strong></span> <span class='ocrx_word' id='word_1_762' title='bbox 2416 5088 2525 5142; x_wconf 90' lang='lat' dir='ltr'><strong>vol.</strong></span> <span class='ocrx_word' id='word_1_763' title='bbox 2559 5086 2646 5155; x_wconf 86' lang='grc' dir='ltr'><strong>ΙΙΙ,</strong></span> <span class='ocrx_word' id='word_1_764' title='bbox 2683 5104 2737 5158; x_wconf 84' lang='lat' dir='ltr'><strong>p.</strong></span> <span class='ocrx_word' id='word_1_765' title='bbox 2761 5088 2916 5157; x_wconf 69' lang='lat'><strong>2-25,</strong></span> <span class='ocrx_word' id='word_1_766' title='bbox 2950 5089 3250 5158; x_wconf 77' lang='lat' dir='ltr'><strong>Epistulam</strong></span> <span class='ocrx_word' id='word_1_767' title='bbox 3275 5092 3342 5143; x_wconf 85' lang='lat' dir='ltr'><strong>ad</strong></span> <span class='ocrx_word' id='word_1_768' title='bbox 3370 5088 3684 5158; x_wconf 84' lang='lat' dir='ltr'><strong>Diognetum</strong></span> 
     </span>
    </p>
   </div>
   <div class='ocr_carea' id='block_1_111' title="bbox 2109 5188 2410 5245">
    <p class='ocr_par' dir='ltr' id='par_1_111' title="bbox 2109 5188 2410 5245">
     <span class='ocr_line' id='line_1_111' title="bbox 2109 5188 2410 5245; baseline 0.01 -3"><span class='ocrx_word' id='word_1_769' title='bbox 2109 5188 2410 5245; x_wconf 88' lang='lat' dir='ltr'><strong>contineat.</strong></span> 
     </span>
    </p>
   </div>
   <div class='ocr_carea' id='block_1_112' title="bbox 2180 5300 3688 5374">
    <p class='ocr_par' dir='ltr' id='par_1_112' title="bbox 2180 5300 3688 5374">
     <span class='ocr_line' id='line_1_112' title="bbox 2180 5300 3688 5374; baseline 0 -18"><span class='ocrx_word' id='word_1_770' title='bbox 2180 5302 2257 5357; x_wconf 83' lang='lat' dir='ltr'><strong>Ex</strong></span> <span class='ocrx_word' id='word_1_771' title='bbox 2288 5304 2384 5361; x_wconf 91' lang='lat' dir='ltr'><strong>illo</strong></span> <span class='ocrx_word' id='word_1_772' title='bbox 2418 5304 2626 5359; x_wconf 85' lang='lat' dir='ltr'><strong>Marani</strong></span> <span class='ocrx_word' id='word_1_773' title='bbox 2664 5313 2907 5374; x_wconf 90' lang='lat' dir='ltr'><strong>tempore</strong></span> <span class='ocrx_word' id='word_1_774' title='bbox 2935 5320 3029 5374; x_wconf 91' lang='lat' dir='ltr'><strong>per</strong></span> <span class='ocrx_word' id='word_1_775' title='bbox 3058 5315 3279 5359; x_wconf 91' lang='lat' dir='ltr'><strong>centum</strong></span> <span class='ocrx_word' id='word_1_776' title='bbox 3307 5317 3482 5358; x_wconf 85' lang='lat' dir='ltr'><strong>annos</strong></span> <span class='ocrx_word' id='word_1_777' title='bbox 3516 5300 3688 5357; x_wconf 83' lang='lat' dir='ltr'><strong>Justi-</strong></span> 
     </span>
    </p>
   </div>
   <div class='ocr_carea' id='block_1_113' title="bbox 2112 5394 3685 5473">
    <p class='ocr_par' dir='ltr' id='par_1_113' title="bbox 2112 5394 3685 5473">
     <span class='ocr_line' id='line_1_113' title="bbox 2112 5394 3685 5473; baseline -0.001 -25"><span class='ocrx_word' id='word_1_778' title='bbox 2112 5410 2215 5450; x_wconf 91' lang='lat' dir='ltr'><strong>nus</strong></span> <span class='ocrx_word' id='word_1_779' title='bbox 2236 5406 2434 5473; x_wconf 10' lang='lat' dir='ltr'><strong>rnoster</strong></span> <span class='ocrx_word' id='word_1_780' title='bbox 2459 5397 2637 5450; x_wconf 88' lang='lat' dir='ltr'><strong>caruit</strong></span> <span class='ocrx_word' id='word_1_781' title='bbox 2663 5412 2804 5451; x_wconf 89' lang='lat' dir='ltr'><strong>novo</strong></span> <span class='ocrx_word' id='word_1_782' title='bbox 2832 5396 3063 5452; x_wconf 91' lang='lat' dir='ltr'><strong>editore.</strong></span> <span class='ocrx_word' id='word_1_783' title='bbox 3087 5394 3264 5450; x_wconf 86' lang='lat' dir='ltr'><strong>Fuere</strong></span> <span class='ocrx_word' id='word_1_784' title='bbox 3298 5405 3532 5462; x_wconf 88' lang='lat' dir='ltr'><strong>tantum,</strong></span> <span class='ocrx_word' id='word_1_785' title='bbox 3569 5394 3685 5463; x_wconf 79' lang='lat' dir='ltr'><strong>qui,</strong></span> 
     </span>
    </p>
   </div>
   <div class='ocr_carea' id='block_1_114' title="bbox 2108 5486 3693 5558">
    <p class='ocr_par' dir='ltr' id='par_1_114' title="bbox 2108 5486 3693 5558">
     <span class='ocr_line' id='line_1_114' title="bbox 2108 5486 3693 5558; baseline 0 -18"><span class='ocrx_word' id='word_1_786' title='bbox 2108 5496 2169 5540; x_wconf 91' lang='lat' dir='ltr'><strong>ut</strong></span> <span class='ocrx_word' id='word_1_787' title='bbox 2192 5497 2319 5540; x_wconf 87' lang='lat' dir='ltr'><strong>ante</strong></span> <span class='ocrx_word' id='word_1_788' title='bbox 2355 5487 2487 5542; x_wconf 92' lang='lat' dir='ltr'><strong>illud</strong></span> <span class='ocrx_word' id='word_1_789' title='bbox 2521 5498 2737 5558; x_wconf 89' lang='lat' dir='ltr'><strong>tempus</strong></span> <span class='ocrx_word' id='word_1_790' title='bbox 2764 5504 2793 5541; x_wconf 90' lang='lat' dir='ltr'><strong>a</strong></span> <span class='ocrx_word' id='word_1_791' title='bbox 2832 5487 3109 5542; x_wconf 88' lang='lat' dir='ltr'><strong>nonnullis</strong></span> <span class='ocrx_word' id='word_1_792' title='bbox 3137 5487 3339 5541; x_wconf 89' lang='lat' dir='ltr'><strong>factum</strong></span> <span class='ocrx_word' id='word_1_793' title='bbox 3372 5496 3492 5553; x_wconf 90' lang='lat' dir='ltr'><strong>est,</strong></span> <span class='ocrx_word' id='word_1_794' title='bbox 3522 5486 3605 5541; x_wconf 87' lang='lat' dir='ltr'><strong>sic</strong></span> <span class='ocrx_word' id='word_1_795' title='bbox 3636 5496 3693 5540; x_wconf 86' lang='lat' dir='ltr'><strong>et</strong></span> 
     </span>
    </p>
   </div>
   <div class='ocr_carea' id='block_1_115' title="bbox 2106 5578 3694 5650">
    <p class='ocr_par' dir='ltr' id='par_1_115' title="bbox 2106 5578 3694 5650">
     <span class='ocr_line' id='line_1_115' title="bbox 2106 5578 3694 5650; baseline -0.001 -17"><span class='ocrx_word' id='word_1_796' title='bbox 2106 5586 2294 5649; x_wconf 88' lang='lat' dir='ltr'><strong>postea</strong></span> <span class='ocrx_word' id='word_1_797' title='bbox 2322 5578 2567 5649; x_wconf 87' lang='lat' dir='ltr'><strong>singulos</strong></span> <span class='ocrx_word' id='word_1_798' title='bbox 2593 5580 2822 5635; x_wconf 88' lang='lat' dir='ltr'><strong>ederent</strong></span> <span class='ocrx_word' id='word_1_799' title='bbox 2847 5580 2968 5649; x_wconf 88' lang='lat' dir='ltr'><strong>ejus</strong></span> <span class='ocrx_word' id='word_1_800' title='bbox 3010 5580 3177 5635; x_wconf 86' lang='lat' dir='ltr'><strong>libros</strong></span> <span class='ocrx_word' id='word_1_801' title='bbox 3204 5579 3286 5635; x_wconf 88' lang='lat' dir='ltr'><strong>vel</strong></span> <span class='ocrx_word' id='word_1_802' title='bbox 3307 5579 3543 5650; x_wconf 89' lang='lat' dir='ltr'><strong>junctim</strong></span> <span class='ocrx_word' id='word_1_803' title='bbox 3572 5578 3694 5650; x_wconf 85' lang='lat' dir='ltr'><strong>plu-</strong></span> 
     </span>
    </p>
   </div>
   <div class='ocr_carea' id='block_1_116' title="bbox 2182 5730 3689 5802">
    <p class='ocr_par' dir='ltr' id='par_1_116' title="bbox 2182 5730 3689 5802">
     <span class='ocr_line' id='line_1_116' title="bbox 2182 5730 3689 5802; baseline 0.001 -17"><span class='ocrx_word' id='word_1_804' title='bbox 2182 5733 2260 5802; x_wconf 72' lang='grc' dir='ltr'><strong>(ι)</strong></span> <span class='ocrx_word' id='word_1_805' title='bbox 2303 5732 2693 5789; x_wconf 79' lang='lat' dir='ltr'><strong>Recensionem</strong></span> <span class='ocrx_word' id='word_1_806' title='bbox 2739 5734 2997 5789; x_wconf 91' lang='lat' dir='ltr'><strong>editionis</strong></span> <span class='ocrx_word' id='word_1_807' title='bbox 3028 5733 3432 5796; x_wconf 63' lang='lat' dir='ltr'><strong>Benedictinaa,</strong></span> <span class='ocrx_word' id='word_1_808' title='bbox 3459 5745 3585 5802; x_wconf 69' lang='lat' dir='ltr'><strong>quas</strong></span> <span class='ocrx_word' id='word_1_809' title='bbox 3632 5730 3689 5786; x_wconf 84' lang='lat' dir='ltr'><strong>in</strong></span> 
     </span>
    </p>
   </div>
   <div class='ocr_carea' id='block_1_117' title="bbox 2111 5804 3371 5873">
    <p class='ocr_par' dir='ltr' id='par_1_117' title="bbox 2111 5804 3371 5873">
     <span class='ocr_line' id='line_1_117' title="bbox 2111 5804 3371 5873; baseline -0.002 -14"><span class='ocrx_word' id='word_1_810' title='bbox 2111 5816 2296 5859; x_wconf 82' lang='lat' dir='ltr'><strong>nostra</strong></span> <span class='ocrx_word' id='word_1_811' title='bbox 2323 5804 2620 5873; x_wconf 85' lang='lat' dir='ltr'><strong>reviviscit,</strong></span> <span class='ocrx_word' id='word_1_812' title='bbox 2656 5806 2977 5860; x_wconf 87' lang='lat' dir='ltr'><strong>omittimus.</strong></span> <span class='ocrx_word' id='word_1_813' title='bbox 3012 5806 3167 5862; x_wconf 79' lang='lat' dir='ltr'><strong>Eutr.</strong></span> <span class='ocrx_word' id='word_1_814' title='bbox 3200 5804 3371 5860; x_wconf 72' lang='grc' dir='ltr'>ΡΑτκ.</span> 
     </span>
    </p>
   </div>
  </div>
