3948 6256
207 388 297 445 209
1061 398 1447 455 EXCERPTA
1482 397 1573 452 EX
1612 393 2075 453 PREFATIONE
2118 393 2441 450 EDITORIS
2479 394 2812 451 IENENSIS.
3463 396 3568 451 9.10

2066 515 2266 571 Justini
2325 515 2579 585 operibus
2633 514 2861 570 Oxonia:
2912 516 3064 585 prelo
3106 515 3413 570 commissis
3454 516 3569 571 haec

1996 622 2212 677 quoque
2255 608 2420 661 editio
2451 609 2773 662 'conformis
2819 615 2938 663 est:
2996 607 3057 664 S.
3098 608 3297 663 Justini
3346 609 3475 675 phil.
3518 618 3571 663 et

1997 708 2155 751 mart.
2189 715 2306 752 cum
2336 698 2611 769 Tryphone
2664 702 2854 756 Juda’o
2890 700 3163 769 Dialogus.
3221 717 3337 754 cum
3374 698 3567 754 Latina

1994 793 2221 847 Joannis
2262 792 2429 863 Langi
2458 797 2694 849 versione
2726 795 3129 866 quamplurimis
3154 794 3208 848 in
3237 795 3365 848 locis
3396 810 3568 848 corre-

1995 892 2115 946 cta;
2148 883 2435 951 subjnnctis
2460 887 2911 938 emendationibus
2951 895 2997 937 et
3038 884 3174 938 notis
3211 883 3422 937 lloberti
3446 884 3565 937 Ste—

1994 974 2173 1041 phani,
2226 973 2501 1037 Perionii,
2537 974 2839 1046 Sylburgii,
2880 976 3177 1039 Ilalloixii,
3226 975 3563 1042 Montacutii,

1997 1059 2198 1126 Drusii,
2236 1062 2536 1130 Colomesii,
2581 1067 2749 1132 Cavii,
2778 1066 2944 1133 Balli,
2985 1065 3187 1132 Grabii,
3229 1068 3567 1138 pluribusque

1995 1153 2138 1205 novis
2174 1154 2404 1221 additis;
2443 1160 2665 1212 annexis
2705 1161 2919 1227 insuper
2950 1161 3021 1213 ad
3044 1161 3238 1215 calcem
3268 1163 3566 1216 adnotatio-

1995 1245 2145 1299 nibus
2192 1246 2351 1317 Langi
2378 1260 2423 1301 et
2452 1248 2755 1315 Kortholti;
2783 1254 3069 1319 praemissis
3092 1270 3212 1307 vero
3238 1252 3567 1324 Langiprw-

1996 1335 2242 1403 fatione,
2291 1356 2393 1409 qua
2453 1357 2713 1394 summam
2771 1344 2930 1412 hujus
2980 1343 3191 1414 Dialogi
3251 1347 3562 1407 enarravit,

1994 1429 2237 1499 Actisque
2283 1434 2524 1503 martyrii
2575 1433 2635 1488 S.
2669 1434 2873 1489 Justini
2908 1445 2959 1489 et
2996 1438 3280 1491 sociarant.
3328 1436 3489 1491 Edita
3534 1455 3565 1491 a

1992 1522 2236 1577 Samuele
2269 1522 2420 1578 Jebb.
2466 1524 2731 1580 Londini:
2776 1527 3025 1595 impensis
3064 1526 3188 1582 Gul.
3222 1537 3273 1581 et
3310 1528 3438 1581 Joh.
3472 1527 3563 1581 In-

1991 1630 2108 1683 nys,
2143 1614 2547 1680 bibliopolarum
2585 1616 3019 1671 Londinensium.
3047 1619 3206 1685 1719,
3244 1620 3295 1674 8.
3335 1618 3430 1673 Vir
3468 1622 3563 1673 de-

1990 1714 2109 1758 ctus
2140 1702 2191 1759 in
2216 1708 2423 1762 edendo
2459 1705 2560 1763 hoc
2592 1707 2816 1777 Dialogo
2839 1709 3024 1765 Grabii
3053 1720 3106 1764 et
3130 1712 3385 1765 llutehini
3420 1714 3560 1765 viam
3602 1738 3605 1741 λ

212 527 291 567 res
311 527 369 564 ex
400 512 694 570 omnibus
728 515 1046 575 selectos.
1084 522 1243 587 Quos
1275 521 1511 577 editores
1538 536 1679 575 nunc
1706 537 1891 575 rccen-
1925 526 1965 578 A

220 620 441 660 εελιιιιυε.

294 695 350 750 S.
378 696 595 751 Justini
626 700 783 766 phil.
814 711 875 753 et
917 714 1108 758 mari.
1137 704 1394 774 Apologia
1421 706 1591 775 prima
1619 723 1715 775 pro
1741 707 1895 762 Chri-

233 792 411 845 stianis
459 792 532 844 ad
560 794 949 848 Antoninum
1024 794 1229 862 Pium,
1278 814 1397 850 cum
1426 796 1622 852 Latina
1668 799 1895 855 Joannis

241 882 396 952 Longi
426 884 684 937 versione
714 887 1183 954 quamplurimis
1216 889 1272 940 in
1307 888 1438 942 locis
1468 901 1738 954 correcta;
1772 892 1894 943 sub-

246 976 432 1040 iunctis
480 978 1013 1033 emendationibus
1056 989 1112 1034 et
1157 980 1293 1035 notis
1332 980 1549 1035 Roberti
1587 994 1635 1036 et
1673 982 1894 1035 Ilenrici

256 1068 669 1137 Stephanorum,
716 1069 1017 1139 Perionii,
1044 1072 1238 1137 Billii,
1278 1072 1578 1145 Sylburgii,
1604 1073 1891 1144 Scaligeri,

268 1164 538 1229 llalloixii,
578 1161 963 1231 Casauboni,
1001 1166 1350 1233 Montacutii,
1380 1166 1573 1233 Crotii,
1613 1167 1891 1234 Salmasii,

274 1256 483 1321 l'alesii,
510 1256 815 1327 Cotelerii,
858 1262 1225 1331 pluribusque
1250 1265 1392 1318 novis
1420 1265 1646 1327 additis;
1671 1266 1891 1318 annexis

264 1351 466 1419 insuper
495 1353 567 1404 ad
596 1352 818 1405 calcem
846 1353 1299 1407 adnotationibus
1324 1354 1490 1425 Langi
1517 1365 1563 1409 et
1596 1352 1889 1418 Kortholti,

264 1441 532 1505 praemissa
570 1457 705 1495 vero
738 1439 935 1512 Longi
972 1444 1321 1512 prwfatione,
1359 1461 1461 1514 qua
1498 1460 1759 1497 summam
1790 1445 1890 1497 hu-

261 1529 347 1596 jus
396 1532 667 1601 apologia:
737 1536 1077 1598 enarravit;
1128 1536 1272 1589 edita
1326 1550 1357 1586 α
1402 1534 1615 1589 Joanne
1660 1533 1888 1587 Ernesto

268 1619 460 1685 Crabc,
487 1621 757 1688 Oxonia',
786 1641 815 1677 e
840 1627 1060 1679 theatro
1084 1625 1443 1680 Sheldoniano
1464 1643 1517 1681 a.
1536 1625 1693 1679 Dom.
1724 1624 1886 1689 i700,

272 1712 327 1767 8.
362 1712 617 1766 Prostant
658 1719 891 1769 venales
924 1717 1072 1783 apud
1099 1716 1271 1770 Henr.
1311 1716 1595 1770 Clements.
1637 1715 1792 1769 Alter
1822 1716 1887 1769 ti-

277 1808 416 1861 tulus
451 1825 465 1858 :
507 1806 622 1859 Τοῦ
670 1808 864 1875 ἁγίου
922 1808 1255 1861 Ἰουστίνου
1320 1808 1627 1877 Ἀπολογία
1685 1806 1882 1876 πρώτη

275 1897 421 1964 ὑπὲρ
462 1897 866 1966 Χριστιανῶν
896 1901 1051 1967 πρὸς
1092 1899 1433 1953 Ἀντωγῖνον
1470 1899 1577 1952 τὸν
1618 1900 1879 1969 Εὐσεϐῆ.

288 1992 381 2043 Ἐκ
408 1991 668 2060 θεάτρου
702 1992 780 2045 ἐν
824 1992 1087 2059 Ὀξονίᾳ,
1135 1994 1252 2047 ἔτει
1299 1995 1604 2063 θεογονίας
1643 1993 1775 2064 ,αψῖ
1829 1996 1883 2049 In

275 2082 601 2150 praefatione
634 2084 797 2138 dolet
832 2084 918 2137 vir
951 2083 1042 2137 ille
1075 2083 1450 2146 clarissimus,
1477 2096 1647 2140 iustos
1684 2095 1885 2154 prazsto

277 2188 383 2227 non
432 2173 609 2229 fuisse
654 2174 927 2239 codices,
960 2189 1194 2243 quorum
1226 2174 1557 2244 paucissima
1605 2175 1884 2245 supersint

274 2267 648 2334 exemplaria.
695 2265 1055 2336 Quapropter
1094 2274 1297 2320 textum
1325 2268 1759 2336 Stephanianum
1791 2282 1885 2320 cu-

277 2358 421 2409 ravit
464 2357 942 2425 exprimendum;
979 2358 1095 2424 ipse
1125 2360 1191 2412 ad
1234 2359 1517 2427 scriptoris
1568 2356 1883 2425 intelligen-

278 2449 409 2501 tiam
443 2464 545 2517 pro
577 2450 799 2505 viribus
834 2451 1091 2505 contulit.
1122 2480 1193 2492 —
1214 2450 1512 2505 Nonnullas
1540 2451 1885 2505 observatio-

279 2556 373 2593 nes
403 2541 472 2593 ad
507 2540 661 2595 hanc
710 2541 1014 2594 editionem
1059 2540 1207 2594 dedit
1245 2538 1300 2595 .l.
1335 2540 1461 2595 ΑΗ).
1507 2540 1794 2595 Fabricius
1830 2541 1883 2594 in

282 2630 615 2685 Bibliotheca
664 2630 901 2697 erca,
948 2647 1068 2688 cur.
1112 2630 1322 2687 llarles.
1365 2632 1477 2687 vol.
1526 2631 1611 2687 νυ
1660 2629 1879 2701 (Hamb.

280 2724 443 2787 {861,
476 2724 555 2793 4),
586 2738 640 2791 p.
675 2722 752 2777 59
776 2738 864 2792 sq.

352 2816 435 2868 Ad
462 2816 770 2870 editionem
804 2813 1135 2869 Grabianam
1163 2814 1216 2868 in
1249 2814 1505 2869 omnibus
1538 2812 1881 2869 conformata

279 2920 363 2962 est
388 2912 605 2963 heroe:
630 2906 693 2961 S.
725 2905 933 2960 Justini
963 2905 1097 2974 phil.
1125 2916 1173 2960 et
1201 2914 1358 2959 mart.
1376 2905 1632 2975 Apologia
1654 2906 1884 2959 secunda

279 3017 375 3066 pro
404 2999 751 3060 l'hristianis,
774 2998 964 3052 Oratio
980 2999 1358 3063 cohortatoria,
1376 2997 1561 3051 Oratio
1581 2998 1648 3051 ad
1674 2996 1883 3052 Crtecos

276 3100 327 3140 et
351 3090 417 3141 de
438 3087 759 3140 monarchia
783 3086 950 3140 liber:
980 3102 1096 3139 cum
1136 3084 1331 3139 Latina
1365 3083 1421 3139 J.
1455 3084 1621 3154 Langi
1649 3083 1885 3137 versione

1992 1797 2270 1867 ingressus
2306 1808 2422 1865 est;
2456 1799 2510 1852 in
2542 1814 2608 1854 eo
2640 1810 2844 1855 tantum
2895 1804 2961 1856 ab
3005 1801 3113 1856 illis
3166 1802 3370 1865 dili'ert,
3416 1804 3562 1872 quod

1988 1891 2343 1957 paucissimas
2375 1900 2529 1945 notas
2551 1905 2752 1960 easque
2788 1891 2901 1945 fere
2933 1907 3149 1963 semper
3177 1909 3242 1947 ex
3271 1892 3563 1963 Sylburgio

1986 1980 2335 2050 depromptas
2366 1982 2583 2052 adjecit.
2620 1982 2677 2036 lu
2710 1984 3028 2051 praefatione
3075 1986 3140 2039 de
3170 1984 3418 2054 tempore
3452 2002 3561 2056 quo

1987 2074 2233 2145 dialogus
2280 2075 2502 2129 habitus
2536 2077 2631 2140 sit,
2674 2079 2916 2132 breviter
2962 2078 3206 2142 disserit,
3257 2079 3311 2132 in
3356 2077 3559 2133 calcem

1986 2180 2115 2219 vero
2138 2173 2211 2235 (p.
2232 2166 2337 2219 405
2362 2168 2508 2235 sqq.)
2536 2164 2837 2233 fragmenta
2863 2168 3268 2237 deperditorum
3292 2182 3358 2222 ex
3375 2168 3559 2222 Grabii

1986 2257 2264 2327 Spicilegio
2290 2257 2388 2313 SS.
2422 2256 2644 2312 Patrum
2678 2260 2859 2314 szeculi
2900 2261 3122 2315 secundi
3161 2260 3359 2330 (Oxon.
3398 2260 3559 2323 1700,

1985 2347 2063 2415 8),
2096 2364 2149 2417 p.
2182 2348 2277 2402 171
2311 2364 2432 2417 sqq.
2467 2349 2769 2415 transtulit,
2799 2350 3003 2404 omisso
3035 2360 3215 2405 tamen
3254 2348 3560 2421 fragmento

1985 2441 2048 2494 de
2080 2440 2475 2495 resurrectione.

2056 2528 2206 2583 Novo
2243 2533 2468 2598 posthac
2511 2531 2711 2586 vestitu
2756 2532 3074 2600 prodierunt
3101 2531 3305 2586 Justini
3340 2529 3471 2600 phil.
3511 2542 3559 2584 et

1986 2631 2143 2676 mart.
2182 2620 2449 2689 Apologia:
2476 2621 2597 2675 duce
2626 2632 2673 2676 et
2708 2621 2965 2691 Dialogus
3002 2639 3119 2675 cum
3147 2622 3421 2692 Tryphone
3458 2622 3561 2675 Ju-

1984 2709 2120 2762 dazo.
2167 2710 2297 2763 Cum
2345 2714 2482 2765 notis
2521 2724 2567 2766 et
2590 2713 3039 2767 emendationibus
3082 2713 3271 2783 Styani
3317 2713 3556 2767 Thirlvii.

1984 2799 2237 2867 Londini,
2269 2805 2516 2871 impensis
2558 2802 2807 2858 Richardi
2836 2806 2991 2871 Sare,
3015 2806 3176 2873 juxta
3214 2817 3420 2875 portam
3461 2822 3560 2858 au-

1984 2895 2199 2947 stralem
2248 2892 2482 2963 Hospitii
2527 2894 2769 2959 Greiani,
2814 2896 2870 2950 in
2923 2898 3033 2950 vico
3077 2897 3217 2951 dicto
3256 2896 3553 2952 Ilolbourn.

1992 2984 2145 3050 1729,
2190 2986 2281 3041 fol.
2324 2987 2451 3055 maj.
2490 2986 2558 3042 Ut
2604 2987 2877 3057 ipsissima
2924 2989 3068 3042 illius
3100 2990 3263 3045 verba
3309 2992 3415 3044 huc
3473 3005 3559 3042 re-

1986 3077 2213 3133 ducam:
2270 3097 2289 3129 ι
2334 3079 2560 3137 Codices
2594 3098 2723 3138 mss.
2752 3113 2823 3122 —-
2852 3084 3032 3153 inquit
3059 3084 3111 3137 in
3142 3084 3461 3153 priefutioue
3489 3112 3560 3124 --

277 3179 695 3246 quampllt'imis
722 3179 775 3228 in
798 3177 929 3230 locis
954 3174 1535 3245 carrecta;subjunctis
1558 3173 1883 3226 emendatio-
1911 3195 1957 3257 ρ
1989 3172 2180 3225 borum
2208 3174 2536 3241 scriptorum
2559 3172 2758 3229 Justiui
2806 3177 2858 3229 in
2896 3176 3083 3245 Anglia
3116 3176 3247 3230 nulli
3276 3186 3419 3238 sunt,
3459 3193 3557 3232 nc-

277 3268 434 3321 nibas
460 3280 508 3321 et
536 3273 685 3322 notis
711 3267 930 3320 Roberti
949 3276 997 3320 et
1019 3266 1237 3322 Henrici
1266 3264 1672 3334 Stepltanorum,
1693 3263 1883 3316 Perio-

276 3362 380 3422 nii,
442 3361 621 3425 Billii,
664 3360 983 3429 Sylburgii.
1027 3359 1081 3413 J.
1119 3359 1253 3415 Ern.
1290 3359 1500 3423 Grabii,
1538 3357 1598 3412 J.
1642 3356 1881 3421 Potteri,

275 3453 629 3523 pluribusque
652 3454 784 3506 aliis
815 3453 1052 3518 additis;
1091 3455 1308 3507 annexis
1340 3455 1553 3523 insuper
1591 3452 1659 3505 ad
1688 3452 1883 3504 calcem

276 3547 727 3602 adnotationibus
758 3544 935 3615 Langi
971 3557 1019 3599 et
1060 3544 1332 3599 Kortholli
1360 3587 1374 3611 ,
1430 3545 1719 3614 prwmissis
1765 3560 1883 3597 vero

284 3641 451 3710 Longi
488 3639 936 3709 prwfationibus,
990 3638 1178 3708 quibus
1216 3655 1474 3691 summam
1514 3653 1731 3700 eorum,
1766 3652 1883 3706 qua:

280 3733 335 3784 in
385 3733 483 3785 hoc
530 3730 809 3785 uolumine
849 3729 1224 3791 continentur,
1272 3730 1572 3783 enarravit:
1613 3728 1755 3783 edita
1817 3727 1879 3779 ab

285 3822 358 3876 Η.
389 3822 657 3883 Πιιεήὶη,
684 3824 753 3872 Α.
791 3819 868 3873 Μ.
892 3837 957 3874 ea:
981 3820 1091 3874 crde
1120 3821 1335 3876 Christi.
1363 3820 1607 3882 Oxoniae,
1631 3837 1658 3873 e
1682 3819 1880 3872 theatro

284 3915 543 3968 Sheldon.
558 3913 798 3981 1705,18.
818 3913 973 3967 Alter
992 3913 1177 3966 titulus
1199 3934 1211 3968 :
1237 3913 1345 3967 Τοῦ
1361 3912 1533 3981 ἁγίου
1549 3912 1881 3966 Ἰουστίνου

296 4007 630 4075 Ἀπολογία
668 4003 925 4072 δευτέρα
954 4004 1105 4073 ὑπὲρ
1135 4003 1524 4073 Χριστιανῶν,
1548 4004 1739 4071 Λόγος
1772 4017 1883 4056 πα-

283 4100 621 4168 ραυ-ετιλώς
642 4098 797 4167 πρὸς
821 4084 1152 4165 Ἕλληνάς,
1178 4097 1367 4166 Λόγος
1381 4096 1532 4163 πρὸς
1548 4096 1878 4164 Ἕλληνας,

290 4191 427 4259 Περὶ
454 4190 822 4260 μοναρχίας.
858 4190 953 4242 Ἐκ
977 4188 1224 4256 θεάτρου
1247 4189 1317 4241 ἐν
1344 4186 1598 4254 ’οξονίᾳ,
1616 4188 1733 4242 ἔτει
1755 4192 1883 4241 θεο-

290 4288 498 4354 τενίας
519 4288 701 4353 μψγδ.
724 4282 987 4351 Impensis
1010 4281 1140 4336 Th0.
1169 4280 1388 4345 Bennet,
1407 4281 1477 4332 ad
1496 4281 1693 4348 insigne
1717 4277 1879 4333 Lunae

295 4378 533 4433 Falcata:
564 4380 622 4431 in
641 4376 951 4433 Cwmeterio
974 4376 1037 4429 ο.
1061 4374 1245 4439 Pauli,
1267 4374 1515 4428 Londini.
1539 4372 1777 4425 Plurima
1812 4373 1877 4425 ad

294 4475 437 4527 harae
487 4472 690 4526 librum
736 4468 967 4524 contulit
1002 4467 1269 4528 Grabius,
1326 4468 1504 4521 editor
1554 4481 1654 4519 suo
1705 4465 1879 4519 Marte

1986 3278 2090 3332 que
2122 3266 2271 3329 ,alibi
2321 3268 2559 3336 gentium
2602 3284 2855 3337 usquam,
2900 3269 3043 3338 quod
3093 3269 3313 3338 quidem
3361 3270 3554 3333 sciam,

1985 3367 2346 3425 prmterquam
2393 3359 2449 3411 in
2506 3358 2722 3423 Gallia,
2789 3361 2879 3414 ubi
2936 3363 3042 3416 duo
3104 3369 3271 3426 sunt,
3326 3376 3556 3432 quorum

1986 3449 2269 3516 utriusque
2320 3459 2635 3503 accuratam
2674 3450 3016 3506 collationem
3069 3452 3201 3505 mihi
3252 3453 3557 3521 desponde—

1986 3554 2144 3605 ram;
2203 3538 2405 3608 alioqui
2455 3556 2730 3611 nunquam
2780 3556 2912 3597 sane
2967 3543 3095 3597 huic
3136 3544 3288 3613 operi
3335 3559 3555 3597 manum

1984 3633 2367 3689 admovissent.
2396 3634 2596 3689 Verum
2615 3635 2839 3701 accidit,
2864 3635 3092 3691 duorum
3118 3637 3556 3692 doctissimorum

1985 3725 2289 3791 bonﬁnum,
2321 3740 2550 3795 quorum
2574 3742 2737 3798 opera
2767 3728 2833 3783 ad
2863 3743 2979 3782 eam
3013 3744 3126 3783 rem
3152 3744 3349 3785 usurus
3381 3743 3555 3795 eram,

1984 3823 2211 3879 alterius
2256 3824 2550 3878 immatura
2576 3833 2773 3887 morte,
2811 3825 3036 3880 alterius
3075 3825 3338 3896 temporis
3386 3841 3560 3893 angu-

1983 3917 2120 3982 stiis,
2150 3925 2208 3970 ut
2244 3916 2379 3971 nihil
2410 3918 2643 3972 obtineri
2674 3905 2859 3986 posset
2882 3917 3140 3986 amplius,
3174 3933 3335 3986 quam
3367 3927 3422 3971 ut
3456 3916 3556 3974 luci

1983 4010 2203 4080 quidam
2236 4010 2419 4065 selecti
2470 4026 2593 4064 cum
2646 4026 2754 4063 uno
2809 4025 2999 4066 eorum
3045 4010 3445 4064 conferrentur.
3501 4009 3555 4063 In

1982 4116 2092 4172 quo
2128 4103 2246 4171 ipso
2271 4104 2372 4157 hoc
2397 4104 2619 4172 insuper
2648 4104 2882 4158 accessit
2914 4102 3217 4167 infortunii,
3253 4112 3312 4153 ut
3345 4102 3392 4155 is
3421 4116 3559 4154 unus

1984 4198 2114 4264 (quo
2143 4210 2273 4248 casu
2306 4194 2386 4248 vel
2414 4210 2603 4249 errore
2634 4197 2841 4261 nescio,
2873 4194 2980 4248 nisi
3015 4208 3255 4264 agnosco
3283 4192 3557 4247 fortunam

1983 4286 2198 4354 meam)
2250 4286 2341 4339 ille
2394 4297 2574 4352 esset,
2624 4286 2766 4341 unde
2814 4286 3035 4341 Roberti
3084 4284 3350 4353 Stephani
3389 4284 3558 4339 editio

1982 4391 2237 4446 expressa
2268 4390 2373 4445 est,
2406 4388 2464 4432 ut
2488 4379 2712 4433 minime
2748 4379 2946 4433 mirum
2973 4379 3069 4444 sit,
3111 4380 3156 4433 si
3203 4379 3303 4432 ista
3333 4378 3555 4434 collatio

1983 4483 2088 4521 nou
2117 4469 2187 4522 ita
2222 4470 2448 4523 multum
2481 4471 2637 4524 nobis
2669 4470 3053 4541 profuit(5-6).
3091 4470 3343 4525 Destituti
3372 4470 3559 4540 itaque

295 4578 463 4631 pauca
510 4563 684 4617 dedit.
722 4561 803 4615 Ad
836 4559 1173 4623 Paramesin,
1224 4567 1282 4613 ut
1320 4560 1371 4612 in
1415 4558 1740 4628 praefatione
1788 4573 1876 4613 re—
1909 4546 1955 4602 Ῐ)
1983 4572 2198 4628 sperato
2228 4563 2473 4616 codicum
2498 4563 2721 4627 auxilio,
2746 4565 3039 4618 editionem
3063 4564 3557 4633 Stephanisumma

295 4651 423 4715 fort,
449 4654 559 4707 duo
584 4652 934 4707 bibliothecae
960 4651 1141 4722 Regia:
1162 4650 1487 4705 Parisiensis
1508 4649 1725 4704 codices
1752 4643 1876 4702 msti

296 4746 500 4813 (hodie,
531 4753 590 4798 ut
634 4754 893 4799 accurate
937 4744 1262 4813 inquirendo
1301 4744 1553 4811 cognovi,
1588 4757 1742 4795 nlllll.
1771 4741 1870 4795 451

297 4851 351 4893 et
378 4837 477 4891 lu
500 4837 784 4907 insigniti;
831 4817 979 4889 ill-um
1017 4845 1178 4889 vocat
1207 4851 1309 4889 ms.
1340 4834 1474 4902 Reg.
1506 4833 1557 4897 1,
1605 4835 1750 4887 hunc
1778 4836 1874 4887 de-

300 4933 469 4999 signat
486 4931 672 4984 verbis
696 4944 798 4983 ms.
828 4927 959 4999 Reg.
985 4928 1040 4996 2)
1064 4928 1322 4981 lectiones
1342 4925 1711 4995 praebuerunt,
1737 4941 1874 4995 quas

301 5026 521 5081 Michael
553 5025 799 5096 Lequien
831 5026 1217 5081 transmiserat
1238 5002 1461 5077 Thoune
1482 5022 1714 5087 Creech,
1760 5023 1874 5077 edi-

300 5118 493 5172 tionem
522 5117 726 5172 .lustini
753 5117 1014 5187 martyris
1038 5116 1284 5185 paranti:
1320 5123 1439 5183 post
1464 5114 1617 5183 cujus
1646 5123 1876 5168 mortem

298 5226 415 5265 cum
441 5211 496 5266 in
523 5225 719 5266 manus
740 5209 968 5265 Roberti
996 5209 1402 5271 Bartholomagi,
1427 5207 1638 5277 collegii
1662 5205 1879 5260 Lincol-

300 5305 497 5360 niensis
525 5306 686 5371 socii,
717 5304 1028 5366 venissent,
1053 5304 1270 5358 easdem
1316 5302 1406 5358 ille
1437 5316 1561 5356 cutn
1602 5298 1876 5354 llutchiuo

298 5396 730 5450 communicavit.
768 5393 869 5449 Hie
898 5408 1031 5447 vero
1062 5402 1269 5447 tantum
1301 5395 1511 5455 aberat,
1538 5401 1596 5444 ut
1628 5390 1875 5445 codicum

297 5487 793 5555 antiquissimorum
866 5485 1139 5540 lectiones
1191 5488 1257 5539 ad
1323 5495 1528 5539 textum
1592 5482 1877 5537 adhiberet

294 5578 707 5649 cuiuidandum,
739 5588 803 5633 ut
831 5578 892 5633 in
920 5575 1341 5632 adnotationem
1366 5590 1461 5632 eas
1488 5574 1775 5644 relegaret.

297 5826 429 5898 typis
461 5826 735 5897 descripto
769 5826 1224 5886 consimillimus.

1984 4653 2091 4708 fide
2113 4655 2457 4723 etdiligcntia
2486 4656 2847 4709 exhibendam
2868 4656 3141 4710 duximus.
3169 4674 3188 4707 ο
3226 4655 3449 4711 Addidit
3473 4654 3560 4710 vir

1980 4746 2174 4799 doctus
2208 4748 2513 4801 versionem
2556 4746 2751 4802 Joann.
2782 4748 2972 4817 Laugi,
3020 4749 3117 4803 sed
3166 4748 3395 4803 multum
3433 4764 3557 4802 tnu-

1983 4846 2176 4890 tatam.
2213 4838 2465 4907 Magnum
2502 4855 2664 4908 porro
2696 4839 2936 4893 laborem
2988 4839 3251 4907 impendit
3280 4839 3332 4891 in
3367 4838 3557 4893 confe-

1983 4928 2168 4980 rendis
2207 4926 2339 4981 locis
2384 4928 2679 4996 Scriptura:
2721 4944 2844 4982 cum
2876 4930 3212 4984 editiouibus
3255 4928 3554 4984 Bibliorum

1981 5026 2036 5069 et
2063 5014 2330 5070 Patribus.
2372 5016 2642 5072 Praeterea
2676 5021 2845 5074 textui
2879 5019 3158 5089 subjunxit
3188 5018 3419 5072 aliorum
3449 5032 3549 5071 no-

1984 5116 2084 5171 tas,
2118 5108 2346 5163 aduesis
2369 5111 2590 5179 insuper
2607 5113 2675 5167 ad
2699 5113 2903 5167 calcem
2927 5111 3369 5167 adnotationibus
3388 5111 3555 5166 Pear-

1982 5202 2098 5257 soni
2130 5212 2184 5257 et
2208 5202 2402 5257 Joanu.
2431 5204 2669 5272 Davisii;
2695 5205 2802 5261 illa:
2836 5204 3225 5259 Pearsonianae
3258 5220 3403 5258 nunc
3440 5205 3555 5272 pri-

1984 5308 2128 5346 mum
2174 5309 2241 5347 cx
2291 5297 2618 5352 bibliotheca
2660 5299 2809 5366 regia
2847 5296 3284 5365 Cantabrigiensi
3336 5296 3557 5365 prodie-

1986 5396 2133 5450 runt,
2190 5389 2274 5442 ha}
2326 5391 2401 5454 (iu
2437 5391 2750 5460 Apologiam
2782 5390 3033 5457 primam)
3063 5405 3091 5441 a
3131 5389 3347 5443 Davisio
3398 5399 3556 5443 erant

1987 5479 2128 5532 ultro
2161 5481 2358 5547 missae,
2398 5482 2555 5535 simul
2591 5492 2646 5533 ut
2681 5483 2993 5535 ederentur.
3034 5480 3312 5535 Tltirlbius
3342 5491 3558 5548 autem,

1981 5582 2206 5628 cancros
2237 5574 2478 5630 editores
2519 5573 2719 5628 Justini
2748 5573 3078 5636 Anglicauos
3109 5576 3547 5637 supereminens,

358 5757 502 5883 (ἃς)
536 5759 717 5813 Codex
772 5760 869 5814 ille
911 5764 1126 5819 mstus,
1158 5770 1320 5823 quem
1352 5757 1413 5811 ν.
1453 5756 1514 5811 D.
1546 5755 1933 5812 consulendum
1973 5754 2225 5820 curavit,
2279 5754 2381 5810 fuit
2425 5754 2919 5821 Claromoutanus,
2968 5753 3138 5826 [legio
3185 5771 3215 5808 a
3274 5753 3551 5824 Stephano

358 5830 429 5883 Dis
494 5829 735 5883 escrintu
769 5826 1224 5883 consimillimus.
