3948 6256
425 432 521 488 (211

1341 432 1400 488 S.
1432 429 1767 488 JUSTlNUS
1799 427 2279 484 PHILOSOPHUS
2312 427 2400 482 ET
2435 427 2747 486 MABTYR.

3566 417 3686 474 212

424 550 479 603 in
515 564 609 604 sua
648 549 886 606 editione
923 561 1089 606 multa
1124 553 1385 621 praeclara
1413 554 1667 622 praestitit
1711 554 1999 608 doctrinae-
2028 565 2068 616 Α
2105 565 2162 604 se
2207 550 2261 603 in
2304 550 2669 605 exscribenan
2711 547 2986 618 Apologia
3017 545 3080 600 11
3113 553 3262 600 textu
3294 542 3679 598 'l‘birlbiauam

423 656 530 709 que
575 641 720 696 haud
772 642 1013 712 vulgaris
1063 646 1300 713 prodidit
1357 647 1716 711 documenta;
1751 648 1842 716 qui
1896 647 1994 700 etsi

426 732 586 786 nullis
629 733 928 788 instructus
969 737 1249 791 codicibus
1286 739 1441 792 mstis
1476 728 1553 792 Had
1601 754 1710 792 rem
1744 740 1994 802 accessit,

425 833 603 876 tamen
652 823 930 894 ingeniose
985 827 1255 881 interdum
1310 831 1620 884 emendavit
1669 830 1997 900 sustulitqne

425 914 550 966 vitia
577 916 808 983 exempli
833 917 1222 987 Stephaniani:
1268 922 1360 976 sed
1393 923 1556 975 nimia
1583 924 1809 977 sanandi
1846 924 1998 992 cupi-

421 1003 592 1059 ditate
623 1007 908 1072 adductus,
953 1027 1333 1080 saepenumero
1371 1015 1537 1068 etiam
1570 1014 1714 1069 locos
1756 1015 1998 1084 integros

425 1097 673 1160 tentavit,
722 1113 880 1165 quos,
932 1111 1256 1171 antcaquam
1300 1120 1462 1159 sanos
1488 1121 1606 1160 esse
1638 1122 1732 1160 eos
1780 1107 1994 1162 intelle-

424 1185 523 1251 xit,
558 1186 717 1240 veluti
753 1203 1039 1258 corruptos
1077 1208 1244 1247 ausus
1288 1197 1361 1248 sit
1402 1198 1711 1252 emendare.
1762 1198 1990 1252 Contro-

421 1278 631 1331 versias
661 1293 790 1332 vero
825 1281 1160 1351 theologicas
1186 1285 1390 1353 Optimo
1425 1287 1548 1355 jure
1594 1290 1841 1356 nuSpiam
1870 1290 1996 1344 atti-

421 1369 516 1438 git.
545 1371 681 1423 Sunt
713 1381 846 1426 teste
873 1372 1116 1430 llarlesio
1141 1377 1192 1429 in
1228 1377 1458 1431 Fabricii
1496 1359 1748 1437 Biblioth.
1791 1379 1908 1448 Gr.,
1954 1381 1991 1435 1.

421 1477 472 1515 c.
497 1501 510 1525 ,
546 1478 597 1531 p.
648 1463 736 1529 58,
787 1465 880 1534 qui
923 1468 1022 1520 sub
1057 1467 1289 1522 Thirlbii
1331 1471 1548 1523 nomine
1575 1469 1991 1540 (Marklaudum,

421 1556 752 1625 philologum
781 1559 1217 1624 celeberrimtnn,
1257 1571 1447 1629 putent
1490 1563 1734 1618 latuisse.
1766 1595 1832 1603 -——
1864 1566 1996 1620 Atti-

423 1647 822 1704 inadvcrsioues
854 1653 906 1706 in
937 1651 1132 1708 Justini
1169 1666 1333 1708 mart.
1359 1658 1666 1728 Apologiam
1700 1658 1751 1724 1,
1787 1669 1840 1713 et
1867 1658 1994 1712 Dia-

420 1740 597 1806 logum
630 1758 677 1795 c.
706 1741 903 1813 Tryph.
933 1761 998 1798 ex
1029 1746 1268 1802 editione
1311 1748 1626 1804 Thirlhiana
1656 1751 1745 1805 dat
1784 1767 1993 1821 anony—

423 1847 542 1884 mus
565 1833 870 1902 scriptorin
894 1835 1226 1892 Miscellann.
1254 1841 1637 1896 observationn.
1668 1843 1720 1895 in
1747 1852 1994 1896 auctores

2099 645 2436 707 editionem,
2468 642 2893 710 Slephanianam
2941 639 2991 693 in
3042 638 3182 692 libro
3229 637 3305 692 De
3361 637 3679 690 monarchia

2097 745 2342 789 secutum
2376 749 2517 790 esse.
2564 733 2717 799 Quod
2769 744 2951 787 autem
2996 737 3062 789 ad
3105 732 3411 800 Apologiam
3452 730 3677 793 attinet,

2099 826 2393 881 nonnullas
2426 825 2634 894 recepit
2662 823 2892 877 Thirlbii
2942 835 3000 878 et
3045 823 3252 877 Marani
3301 824 3653 890 conjecturas

2169 916 2228 972 S.
2271 918 2469 972 Justini
2520 927 2680 972 mart.
2741 926 2788 970 et
2837 915 2968 984 phil.
3026 915 3317 984 Apologite.
3369 913 3549 966 Edidit
3610 917 3671 964 I.

2098 1008 2227 1063 Wil.
2257 1009 2372 1063 Jos.
2415 1009 2684 1062 Brannius
2707 1049 2722 1076 ,
2747 1009 2801 1060 in
2841 1008 3076 1060 univers.
3111 1004 3410 1059 Fridericia
3438 1003 3678 1058 Wilhel-

2095 1103 2202 1155 mia
2268 1101 2519 1155 Rhenana
2569 1100 2837 1170 professor
2900 1100 3140 1169 publicus
3177 1098 3675 1161 extraordinarius,

2095 1215 2142 1251 s.
2192 1197 2464 1266 theologia:
2506 1205 2553 1250 et
2597 1195 2790 1265 philos.
2839 1193 2902 1247 υ.
2944 1193 3010 1246 1η
3052 1209 3206 1246 usum
3244 1191 3672 1259 prwlectionum.

2097 1293 2296 1348 Bonna:
2323 1293 2392 1344 ad
2420 1289 2682 1353 Rhenum,
2713 1289 2961 1357 impensis
3008 1287 3069 1342 T.
3104 1286 3382 1341 Habichti.
3414 1282 3582 1345 1830.
3612 1283 3678 1338 8.

2099 1383 2332 1437 Eruditae
2355 1382 2515 1452 hujus
2541 1381 2797 1436 editionis
2823 1389 3004 1435 textus
3029 1379 3095 1432 ad
3127 1377 3330 1431 Marani
3357 1375 3675 1441 exemplum

2096 1488 2385 1542 expressus
2432 1482 2549 1537 est;
2603 1470 2826 1536 adjectae
2883 1480 3008 1524 sunt
3061 1467 3282 1522 Braunii
3325 1467 3678 1534 aliorumque

2098 1565 2598 1619 animadversiones
2623 1605 2638 1629 ,
2688 1563 2984 1617 lectionum
3012 1563 3252 1615 varietas
3279 1569 3332 1615 et
3374 1559 3533 1614 index
3587 1572 3681 1612 re-

2098 1672 2258 1722 rum,
2304 1657 2583 1726 praemissa
2614 1671 2742 1711 vero
2792 1653 2958 1709 Prud.
3001 1652 3209 1707 Marani
3254 1652 3571 1707 summaria.
3601 1677 3678 1688 —

2098 1747 2224 1802 llaec
2271 1747 2611 1816 potissimum
2657 1746 2825 1800 editio
2877 1744 3170 1814 respicitur
3214 1744 3269 1796 in
3307 1742 3677 1795 Animadver-

2098 1839 2340 1894 sionibus
2371 1839 2424 1892 in
2455 1839 2686 1907 primam
2724 1835 2784 1892 S.
2814 1835 3014 1891 Justini
3053 1835 3123 1889 Μ.
3151 1833 3501 1904 Apologiam,
3527 1847 3680 1902 quas

421 1931 632 1976 veteres
677 1935 730 1989 et
766 1928 1096 1981 recentiores
1131 1928 1240 1983 vol.
1286 1927 1326 1993 l,
1378 1941 1508 1984 tom.
1559 1929 1622 1983 lll
1673 1930 1995 2000 (Atuslelae-
2025 1937 2066 1990 B
2097 1932 2142 1986 J.
2187 1932 2302 2000 lgn.
2335 1931 2536 1998 Rittcr,
2583 1930 2706 1985 novi
2759 1930 2992 1984 rectoris
3039 1929 3339 1983 solemnem
3371 1927 3680 1994 inaugura-

421 2013 562 2066 dami
593 2014 748 2079 1752,
775 2017 829 2084 8)
853 2058 865 2078 .
899 2034 951 2086 p.
987 2019 1089 2074 363
1125 2037 1246 2088 sqq.
1279 2021 1416 2075 Coll.
1454 2021 1516 2076 T.
1547 2023 1708 2074 Row:
1751 2022 1991 2091 Critique

420 2124 487 2158 on
516 2105 773 2176 Thirlby's
794 2108 978 2163 Justin
1001 2122 1204 2181 martyr
1228 2115 1280 2166 in
1297 2129 1314 2164 :
1343 2113 1692 2167 (ientleman‘s
1717 2113 1994 2184 Magazine

419 2196 504 2264 for
535 2201 618 2251 the
649 2216 775 2268 year
801 2202 958 2266 1785,
991 2221 1062 2258 tn.
1099 2215 1232 2272 scpt.
1258 2246 1272 2269 ,
1304 2222 1354 2273 p.
1391 2205 1492 2258 750
1513 2220 1632 2273 sqq.

492 2291 545 2343 In
583 2294 810 2348 Andreae
839 2294 1106 2350 Gallandii
1142 2295 1466 2350 Bibliotheca
1504 2311 1731 2350 veterum
1770 2295 1992 2350 Patrum

420 2386 854 2456 antiquorumque
892 2389 1208 2452 scriptorum
1245 2391 1718 2443 ecclesiasticarum
1753 2390 1996 2443 continet

421 2487 550 2531 tum.
587 2478 892 2547 |(Veneliis
936 2479 1092 2546 1765,
1123 2480 1216 2535 l'ol.
1249 2482 1409 2551 maj.;
1452 2498 1515 2534 ex
1563 2482 1909 2552 lypographia
1941 2480 1989 2534 εἰ.

419 2571 574 2638 Bapt.
610 2571 826 2625 Albritii
875 2570 1099 2626 llieron.
1135 2573 1211 2624 fil.
1239 2572 1256 2642 )
1283 2615 1297 2637 ,
1353 2589 1405 2639 p.
1447 2573 1541 2625 411
1602 2590 1746 2642 sqq.,
1793 2571 1990 2626 Justini

418 2665 699 2732 Apologias
719 2704 732 2728 ,
780 2663 1060 2734 Dialogum
1090 2676 1135 2717 et
1166 2664 1487 2734 Fragmenta
1521 2665 1701 2719 Cra'ce
1729 2677 1778 2718 et
1811 2664 1993 2720 Latine

421 2771 542 2805 cum
592 2754 794 2807 Marani
853 2755 1336 2818 adnotationibus,
1407 2758 1606 2825 quibus
1659 2758 1850 2810 doctus
1905 2755 1994 2808 ille

418 2847 702 2914 presbyter
763 2847 1200 2916 congregationis
1255 2847 1494 2902 Oratorii
1554 2864 1754 2916 paucas
1815 2847 1990 2912 alias,

419 2939 716 3004 praesertim
744 2938 1112 3003 Thirlbiauas,
1143 2941 1392 3009 aspersit.

487 3028 797 3083 Commoda:
851 3041 978 3084 sunt
1033 3041 1088 3086 et
1124 3033 1562 3101 compendiaria:
1617 3033 1992 3101 Apologiarum

416 3119 682 3174 editiones
726 3121 933 3174 hancce:

488 3210 546 3266 S.
578 3210 778 3264 Justini
810 3223 967 3266 mart.
1000 3213 1266 3284 Apologite
1296 3233 1323 3268 e
1356 3218 1652 3269 recensione
1693 3213 1988 3277 Crabiana,

2099 2026 2298 2080 tionem
2371 2025 2658 2086 indicens,
2705 2021 3046 2076 V'ratislavia:
3089 2019 3232 2090 typis
3274 2016 3680 2072 Uuivcrsitatis

2099 2118 2258 2183 1836,
2288 2119 2341 2182 1t,
2371 2117 2570 2186 publici
2599 2114 2742 2182 juris
2772 2113 2921 2169 fecit.

2170 2210 2296 2265 llaec
2323 2211 2389 2264 de
2421 2209 2752 2264 editionihus
2780 2209 2922 2262 dicta
2969 2215 3148 2260 sunto.
3175 2203 3362 2258 Liceat
3385 2201 3496 2270 jam
3531 2217 3680 2254 ιιυιιο

2097 2301 2240 2354 nulla
2272 2300 2470 2355 addere
2500 2303 2566 2355 de
2595 2298 2838 2369 Epistula
2867 2299 2936 2350 ad
2970 2297 3313 2366 Diognetum,
3351 2295 3416 2347 de
3450 2291 3676 2361 prolixo

2096 2394 2231 2461 Περὶ
2281 2391 2669 2458 ἀναστάσεως
2713 2391 3020 2458 fragmento
3067 2400 3123 2443 ct
3165 2389 3232 2442 de
3283 2385 3678 2456 Martyrologio

2101 2488 2165 2556 (i.
2196 2501 2246 2540 c.
2275 2485 2341 2539 de
2366 2485 2518 2539 Actis
2541 2483 2812 2554 martyrii)
2839 2480 3062 2536 Justini.

2170 2575 2406 2642 Epistola
2451 2578 2519 2630 ad
2573 2577 2890 2646 Diognetum
2937 2588 3004 2628 ex
3065 2572 3273 2629 Marani
3321 2570 3560 2626 editione
3613 2570 3676 2624 in

2099 2670 2477 2724 Bibliothecam
2523 2665 2938 2722 Gallandianam
2995 2675 3127 2721 tom.
3179 2667 3235 2731 l,
3292 2681 3346 2736 p.
3395 2664 3498 2718 39.0
3539 2678 3675 2732 sqq.

2099 2762 2334 2826 transiit,
2364 2777 2462 2816 nec
2496 2775 2600 2813 non
2632 2769 2809 2813 exstat
2835 2759 2986 2813 brevi
3018 2758 3369 2812 adnotatione
3401 2757 3674 2809 instructa

2095 2858 2148 2910 in
2201 2854 2424 2923 Opuscc.
2477 2851 2695 2907 Patrum
2744 2851 2942 2905 selectt.
2990 2848 3181 2922 [edid.
3229 2848 3427 2917 Georg.
3485 2845 3670 2918 Bohl]

2095 2965 2146 3017 p.
2180 2965 2193 3001 l
2223 2947 2496 3017 (Berolini
2545 2945 2714 3009 1826,
2748 2945 2812 3008 8,
2841 2944 3092 2998 venditur
3121 2943 3188 2996 ab
3220 2943 3279 2994 E.
3315 2940 3671 3009 Franclino),

2096 3039 2276 3111 p.121
2305 3056 2425 3109 sqq.
2458 3047 2622 3107 atque
2668 3036 2720 3090 in
2766 3035 2985 3088 Patrum
3043 3033 3458 3101 apostolicorum
3497 3030 3667 3099 Opp.,

2093 3131 2266 3186 edidit
2305 3130 2535 3186 Carolus
2585 3127 2856 3198 Josephus
2896 3125 3118 3190 Hefele,
3168 3124 3452 3193 theologia:
3478 3124 3677 3178 doctor

2094 3224 2446 3292 ejusdemque
2505 3223 2559 3275 in
2617 3220 2774 3275 acad.
2820 3219 3053 3290 Tubing.
3101 3217 3162 3273 P.
3212 3217 3273 3275 P.
3330 3226 3471 3270 extr.
3538 3215 3678 3284 (Tu-

416 3317 527 3356 rar.
587 3303 704 3356 lect.
742 3313 790 3356 et
835 3305 1164 3367 coniecturas
1216 3306 1333 3361 VV.
1363 3307 1480 3361 DD.
1522 3320 1568 3361 et
1611 3325 1734 3362 suas
1786 3309 1989 3359 addidit
2019 3288 2062 3344 C
2099 3288 2271 3383 bvingm
2343 3288 2395 3367 in
2445 3312 2764 3382 bibliopolio
2833 3288 3025 3366 Henr;
3077 3309 3262 3380 Laupp
3318 3309 3494 3376 1859,
3558 3308 3675 3377 8),

415 3391 747 3447 Christianus
764 3395 906 3448 Cuil.
931 3395 1337 3459 Thalemannus,
1362 3398 1426 3450 Α.
1451 3397 1525 3450 Μ.
1550 3408 1658 3454 ets.
1679 3399 1835 3451 theol.
1860 3398 1991 3451 Bac-

417 3485 737 3557 cal.Lipsia'
767 3493 906 3556 apud
941 3489 996 3543 J.
1036 3489 1162 3544 Chr.
1194 3489 1808 3559 Langenhemium1755,
1842 3492 1895 3546 8.
1934 3490 1991 3543 lu

416 3583 710 3636 lectionum
733 3599 887 3636 usum
912 3584 1050 3637 hanc
1080 3584 1372 3638 editionem
1408 3583 1660 3648 curavit;
1689 3599 1860 3653 quare
1895 3600 1994 3637 no-

418 3689 502 3730 tas
539 3677 771 3745 praebuit
814 3677 1193 3744 paucissimas.
1254 3698 1271 3729 c
1321 3677 1659 3733 Grabianum
1711 3679 1992 3747 exemplar

414 3766 1117 3846 proptereapraeplacebat,
1168 3769 1311 3837 quod
1357 3770 1409 3822 in
1446 3770 1686 3825 minores
1719 3771 1991 3825 sectiones

412 3868 534 3911 erat
557 3859 790 3912 divismn
824 3870 990 3929 atque
1019 3861 1157 3915 adeo
1195 3862 1523 3916 lectionibus
1572 3863 1750 3932 magis
1777 3878 1992 3916 accom-

415 3950 710 4004 modatum.
747 3952 930 4004 Visum
963 3964 1140 4006 autem
1167 3962 1250 4005 est
1274 3953 1473 4006 nudarat
1503 3962 1710 4008 textum
1739 3956 1988 4009 Graecum

415 4041 536 4096 sine
555 4044 802 4098 versione
819 4045 1105 4109 exhibere,
1135 4053 1246 4098 tum
1273 4056 1333 4098 ut
1353 4046 1649 4115 parabilius
1666 4047 1989 4115 opusculum

412 4143 580 4198 esset,
611 4144 722 4187 tum
755 4145 813 4187 ut
839 4136 1117 4203 diligentia
1148 4149 1439 4191 acueretur
1463 4147 1627 4208 atque
1657 4141 1992 4193 excitaretur

434 4224 522 4289 iis,
573 4225 665 4292 qui
712 4223 928 4279 lectioni
960 4238 1014 4281 et
1053 4227 1406 4296 explicationi
1445 4228 1562 4297 ejus
1593 4231 1793 4285 vellent
1817 4232 1991 4284 inter-

410 4329 555 4369 esse.
588 4334 608 4367 ι
639 4315 876 4371 Praelixit
919 4330 1237 4388 argumenta
1286 4323 1566 4390 utriusque
1599 4324 1888 4392 Apologiw,
1923 4337 1990 4377 ex

412 4407 656 4460 editione
688 4409 941 4462 monachi
981 4410 1316 4464 Benedictini
1357 4412 1699 4482 deprompta,
1735 4414 1989 4468 brevem-

411 4514 516 4566 que
565 4513 756 4552 vocum
786 4509 840 4553 et
879 4501 1157 4568 phrasium
1196 4504 1432 4557 indicem
1475 4505 1702 4559 addidit.
1754 4505 1988 4560 Perraro

412 4590 476 4661 γ,
517 4589 576 4644 D.
610 4592 857 4664 discessit
883 4609 911 4644 a
944 4593 1176 4647 lcetione
1209 4595 1448 4664 vulgata.

481 4681 540 4736 S.
569 4662 768 4736 Juistini
804 4682 934 4750 phil.
982 4693 1031 4736 et
1067 4695 1225 4738 mart.
1257 4662 1526 4756 Apologia:
1552 4687 1672 4739 dum
1697 4703 1792 4754 pro
1822 4688 1984 4742 Chri-

408 4776 618 4827 stianis.
662 4773 844 4828 (ἔνευσε
867 4786 916 4828 ct
966 4775 1190 4842 Latine,
1233 4778 1716 4846 interpretationem
1761 4784 1885 4838 Lat.
1916 4785 1987 4833 ad

411 4864 599 4918 (ἔνατα
647 4867 822 4932 aptius
862 4869 1278 4922 accommodavit
1315 4881 1360 4922 et
1394 4873 1761 4925 adnotationes
1793 4873 1986 4940 adjecit

409 4958 633 5012 Carolus
659 4958 881 5015 Ashton.
907 4958 1217 5030 Cantabr-ig.
1259 4961 1417 5028 1768,
1442 4963 1493 5015 8.
1529 4961 1677 5017 llanc
1708 4979 1835 5017 vero
1871 4965 1986 5017 edi-

410 5049 608 5104 tionem
641 5067 866 5120 prorsus
891 5068 996 5106 non
1035 5053 1188 5107 licuit
1239 5054 1546 5120 asciscere;
1595 5057 1851 5125 quocirca
1880 5071 1984 5111 non

411 5145 604 5209 habeo,
638 5161 760 5213 qua:
785 5147 850 5200 de
881 5162 942 5200 ea
977 5146 1231 5202 referam.

477 5236 726 5292 Justinus
771 5241 864 5294 des
906 5240 1199 5312 Martyrers
1241 5243 1416 5296 zweite
1457 5241 1713 5310 Apologie
1740 5245 1850 5296 und
1882 5243 1984 5296 Be-

407 5328 529 5380 weis
558 5329 653 5381 der
681 5329 1152 5402 Alleinherrschaft
1208 5331 1407 5387 Colles.
1450 5333 1664 5388 Griech.
1695 5352 1750 5388 ιι.
1783 5338 1983 5389 teutsch

407 5421 499 5470 mit
520 5421 889 5476 erlduternden
911 5423 1332 5494 Amnerhungen.
1359 5425 1523 5479 Nebst
1549 5427 1716 5480 einent
1732 5428 1987 5495 Anhange

406 5507 532 5561 iiber
567 5512 664 5564 das
692 5511 862 5566 chen
893 5554 908 5578 ,
958 5517 1042 5569 die
1091 5514 1359 5582 Schriften
1409 5518 1518 5569 and
1566 5517 1770 5571 Lehren
1815 5518 1985 5572 dieses

411 5599 813 5658 Kirchenvaters
847 5607 932 5672 [ἄν
963 5609 1131 5676 jnnge
1178 5605 1426 5661 Freuude
1450 5609 1545 5661 der
1569 5607 1850 5676 Theologie
1889 5617 1985 5661 v‘on

406 5693 534 5746 Joh.
573 5694 742 5748 Adam
775 5694 910 5759 (ἱὸι,
953 5697 1243 5750 Conrehtor
1274 5701 1369 5752 der
1398 5699 1651 5752 Sebalder
1679 5699 1874 5754 Srhule
1917 5717 1984 5754 zu

412 5783 709 5854 Nurnberg.
746 5785 953 5840 Ntirnb.
1005 5805 1058 5839 tt.
1108 5789 1326 5857 Δίαιον-ί
1357 5792 1437 5843 bei
1468 5792 1523 5846 J.
1568 5791 1627 5844 C.
1673 5790 1893 5844 Monath
1928 5810 1980 5844 ιι.

405 5875 459 5931 .I.
496 5874 566 5942 ιε’,
601 5876 824 5934 Kussler
857 5879 1013 5948 1796,
1067 5880 1119 5936 8.
1158 5882 1345 5938 liclcrt
1393 5889 1407 5954 (
1436 5885 1651 5940 l’raelat.
1687 5901 1739 5955 ι).
1774 5900 1817 5938 n
1850 5884 1980 5956 sq.),

2096 3423 2146 3476 p.
2181 3407 2284 3460 125
2317 3422 2439 3475 sqq.

2171 3499 2242 3552 De
2272 3498 2648 3552 resurrectione
2677 3497 2854 3550 carnis
2885 3494 3274 3565 fragmentum,
3305 3508 3334 3546 a
3361 3492 3418 3546 S.
3458 3488 3676 3546 Joanne

2097 3591 2433 3646 Damasceno
2465 3590 2518 3643 in
2552 3587 2838 3641 Parallelis
2869 3588 3034 3640 sacris
3070 3595 3385 3647 servatum,
3432 3583 3674 3652 primum

2093 3683 2285 3738 Latine
2311 3683 2486 3736 lucem
2525 3681 2659 3733 vidit
2687 3681 2737 3732 in
2785 3679 3104 3734 Damasccui
3138 3676 3403 3746 Operibus
3434 3691 3501 3730 ex
3545 3674 3675 3728 edi-

2096 3775 2242 3828 tione
2290 3770 2476 3826 Jacobi
2521 3770 2661 3824 Billii
2699 3770 2923 3825 Parisiis
2954 3786 3007 3822 a.
3035 3769 3208 3835 1619,
3263 3767 3359 3822 fol.
3393 3766 3546 3821 llaud
3590 3767 3672 3820 ita

2096 3867 2264 3920 multo
2296 3873 2420 3932 post
2449 3863 2643 3918 Petrus
2671 3863 2972 3917 llalloixius
3002 3863 3054 3914 in
3101 3860 3158 3915 S.
3206 3861 3408 3914 Jttstini
3447 3857 3579 3928 phil.
3619 3867 3674 3912 et

2095 3968 2252 4010 mart.
2289 3956 2411 4011 Vita
2432 3967 2480 4010 et
2513 3956 2841 4009 documentis
2872 3955 3064 4024 (Duaci
3097 3953 3253 4015 1622,
3283 3950 3424 4021 fol.),
3469 3937 3581 4004 rec.
3613 3951 3672 4004 in

2095 4049 2390 4102 lllnstrium
2423 4046 2676 4100 Ecclesia:
2709 4047 2996 4100 Orientalis
3029 4046 3344 4113 scriptorum
3366 4085 3381 4108 ,
3425 4042 3516 4112 qui
3547 4058 3678 4094 san-

2093 4144 2271 4196 ctitate
2307 4138 2466 4208 juxta
2509 4148 2556 4190 et
2601 4139 2897 4190 eruditione
2946 4135 3174 4190 secundo
3227 4132 3426 4187 Christi
3471 4133 3673 4184 sarculo

2092 4237 2418 4304 ﬂoruerunt,
2465 4229 2583 4284 vitis
2637 4240 2681 4283 et
2733 4227 3062 4280 documentis
3109 4225 3276 4294 (ibid.
3331 4239 3400 4276 ex
3451 4221 3672 4276 ollieina

2095 4323 2480 4396 typographica
2510 4320 2654 4374 Petri
2683 4317 3104 4390 Bogardi1656,
3137 4317 3278 4381 fol.),
3307 4331 3359 4384 p.
3378 4315 3486 4370 9.90
3513 4331 3669 4384 sqq.,

2091 4432 2158 4470 ex
2216 4412 2609 4467 l’arallelorum
2671 4409 2862 4463 codice
2919 4416 3096 4472 mstn,
3149 4421 3310 4473 quem
3367 4404 3672 4459 cardinalis

2092 4509 2417 4562 Franciscns
2451 4504 2854 4574 Rupel'uealdus
2884 4501 3230 4556 bibliotheca:
3263 4499 3478 4570 collegii
3509 4497 3672 4552 Pari-

2017 4621 2062 4676 ι)
2095 4601 2290 4653 siensis
2321 4598 2610 4652 Societatis
2656 4595 2781 4650 Jesu
2815 4596 2957 4648 dono
3001 4595 3258 4658 dederat,
3294 4593 3671 4661 fragmentum

2091 4691 2218 4745 illud
2261 4690 2447 4743 Graece
2475 4703 2597 4743 cum
2648 4687 2836 4740 Latina
2879 4685 3132 4740 versione
3171 4685 3314 4755 typis
3351 4683 3672 4737 describen-

2090 4783 2212 4835 dum
2257 4781 2489 4836 curavit.
2517 4809 2585 4817 ——
2622 4777 2876 4832 Proxime
2921 4776 2988 4828 ab
3031 4775 3135 4828 hoc
3188 4772 3406 4842 repetiit
3433 4770 3483 4825 J.
3536 4770 3670 4825 Ern.

2088 4876 2322 4930 Grahius
2346 4875 2398 4927 in
2444 4873 2720 4940 Spicilegio
2749 4870 2849 4925 SS.
2880 4868 3100 4922 Patrum
3133 4867 3313 4921 saeculi
3357 4881 3392 4919 ll
3445 4863 3665 4932 (Oxon.

2091 4962 2259 5023 1700,
2289 4962 2395 5028 8),
2431 4961 2606 5030 p.177
2636 4977 2755 5029 sqq.
2810 4959 2936 5013 Inde
2971 4975 3038 5012 ex
3073 4957 3164 5010 illo
3187 4955 3380 5010 codice
3422 4955 3669 5020 llupelu-

2090 5055 2302 5107 caldino
2326 5053 2518 5107 Graece
2544 5068 2607 5106 ac
2636 5052 2830 5105 Latine
2869 5051 3040 5105 edidit
3068 5049 3210 5102 inter
3242 5057 3435 5102 caetera
3467 5044 3668 5098 Paral-

2089 5147 2188 5199 lela
2247 5145 2526 5199 Michaelis
2574 5144 2814 5212 Lequien
2856 5159 2870 5194 :
2917 5141 3143 5196 Joannis
3196 5139 3454 5193 Damasc.
3498 5137 3667 5206 Opp.,

2091 5250 2224 5292 tom.
2258 5237 2297 5291 ll
2347 5237 2558 5307 (Paris.
2593 5236 2751 5301 1712,
2799 5235 2894 5290 fol.
2921 5235 2974 5304 ),
3009 5250 3062 5302 ιι.
3091 5232 3198 5286 756
3224 5247 3345 5300 sqq.
3379 5230 3573 5285 Graece
3611 5239 3671 5284 et

2087 5329 2314 5395 Anglice
2354 5329 2606 5397 notisque
2645 5327 2922 5397 evolgavit
2977 5327 3106 5380 Dav.
3174 5323 3520 5392 Humphreys
3574 5322 3672 5390 (Α,

2089 5422 2301 5475 carious
2345 5419 2635 5490 Fragment
2665 5420 2727 5488 of
2759 5418 2943 5472 Justin
2977 5417 3186 5485 Μαι-191·
3226 5431 3295 5468 οη
3336 5415 3423 5467 the
3467 5412 3669 5466 Resur-

2090 5514 2309 5577 rection,
2335 5522 2422 5564 not
2457 5512 2730 5580 published
2760 5514 2815 5564 in
2847 5512 2930 5563 his
2958 5509 3330 5576 Works..with
3372 5509 3458 5562 the
3501 5509 3668 5578 origi-

2083 5606 2175 5657 nal
2214 5605 2396 5668 Greek,
2425 5605 2557 5658 done
2594 5605 2704 5657 into
2743 5603 2986 5674 English,
3015 5605 3136 5657 with
3165 5603 3352 5673 Notes)
3395 5618 3501 5655 una
3539 5617 3665 5655 cum

2089 5697 2340 5750 versione
2371 5711 2470 5750 sua
2496 5697 2873 5764 Athenagorae.
2928 5695 3157 5749 Londini
3190 5695 3347 5761 17M,
3379 5695 3430 5747 8.
3464 5694 3518 5747 In
3549 5695 3666 5746 edi-

2091 5788 2239 5841 tione
2273 5786 2624 5840 Benedictina
2656 5786 2854 5854 legitur
2884 5786 2935 5838 iu
2964 5785 3234 5852 Append.,
3275 5801 3326 5851 ιι.
3361 5799 3426 5845 It,
3478 5798 3530 5850 p.
3561 5781 3668 5836 588

2090 5898 2209 5950 sqq.
2259 5880 2387 5937 Usui
2426 5882 2525 5938 luit
2567 5879 2811 5947 Murano,
2847 5887 2905 5934 ut
2939 5879 3050 5947 ipse
3087 5893 3142 5947 p.
3193 5877 3316 5944 588,
3348 5884 3462 5931 not.
3495 5876 3551 5941 b,
3589 5874 3669 5928 d'r-
