3948 6256
200 379 298 436 213
1036 392 1433 452 EXCERPTA
1470 396 1562 451 EX
1601 395 2070 454 PRIEFATIONE
2108 396 2429 455 EDITORIS
2476 398 2807 456 IENENSIS.
3466 406 3571 461 2H

204 497 275 549 cit
298 539 313 560 ,
366 515 385 548 ο
415 496 919 570 'antiquissimus
998 511 1190 565 codex
1245 512 1614 569 Coislinianus
1640 555 1655 580 ,
1689 535 1708 568 ι
1778 516 1885 571 nisi
1916 522 1961 580 Α
1991 515 2304 581 fecti,‘Acta
2331 517 2601 585 passionis
2630 516 2826 571 Justini
2856 516 2920 569 ad
2950 517 3178 573 Kalend.
3204 518 3327 575 Jun.
3353 521 3563 589 Graece,

211 590 422 682 egregie
449 591 657 657 fallor,
698 611 976 654 numero
1003 602 1127 657 276
1159 605 1452 674 insignitus
1483 623 1496 657 :
1533 607 1578 660 is
1599 615 1685 660 est
1716 622 1889 660 mem-
1989 621 2113 660 eum
2160 608 2605 661 adnotationibus
2656 608 2862 675 primus
2893 608 3064 663 edidit
3108 608 3245 666 Dan.
3290 610 3565 682 Papebro-

217 680 565 749 branaeeus,
615 685 858 742 decimi
904 694 1117 747 saeculi
1164 697 1412 763 circiter,
1442 694 1700 750 foliorum
1740 696 1883 763 278;
1988 697 2143 752 chius
2194 699 2248 751 in
2307 698 2453 752 Actis
2497 708 2803 752 sanctorum
2850 697 3038 766 Junii,
3087 700 3285 757 illustr.
3336 680 3382 757 a—
3415 703 3554 761 God.

228 773 323 827 luit
356 772 560 831 Laur:e
612 777 680 832 S.
735 779 1077 840 Athanasii
1109 787 1166 840 in
1197 796 1384 842 monte
1425 788 1600 852 Atlio,
1647 787 1700 841 in
1740 798 1888 843 cate-
1988 789 2367 854 Henschenio,
2424 791 2561 844 Dan.
2598 789 2993 858 Papebrocbio,
3042 792 3241 848 Franc.
3276 793 3475 850 Βωτιὶο
3514 807 3569 850 et

237 867 514 922 cbunenis
538 868 623 923 ibi
658 875 982 940 repositus
1012 893 1118 947 per
1145 880 1512 948 Sophronium
1532 882 1884 947 monachum,
1986 882 2148 937 Conr.
2176 881 2464 952 Janningo,
2499 892 2631 936 tom.
2665 880 2685 934 Ι
2717 882 3019 953 (Antwerp.
3057 883 3212 950 1695,
3241 883 3384 954 fol.),
3412 901 3465 955 p.
3497 886 3568 941 ‘20

250 970 302 1013 ut
335 959 539 1015 dicitur
588 962 695 1017 fol.
745 964 869 1019 271
917 982 1123 1023 verso.
1152 970 1238 1025 Cl.
1274 970 1583 1025 Bernardus
1613 971 1682 1025 de
1710 970 1887 1026 Mont-
1986 992 2094 1045 sq.,
2135 977 2237 1031 ista
2287 974 2645 1029 translatione
2719 973 3013 1030 Sirletiana
3047 992 3078 1030 e
3106 978 3327 1047 regione
3368 978 3563 1046 posita.

260 1054 433 1108 faueon
462 1072 477 1106 :
509 1052 880 1112 Bibliotheca
929 1058 1313 1127 Coisliniana,
1357 1061 1481 1117 olim
1522 1063 1881 1133 Segueriana,
1986 1067 2180 1134 Quam,
2216 1067 2267 1121 in
2300 1067 2487 1136 paucis
2511 1066 2811 1130 diversam,
2842 1068 3008 1120 etiam
3031 1067 3407 1123 Theodoricus
3430 1067 3567 1121 Rui-

266 1149 351 1199 ἀει
375 1151 792 1203 mss.omnium
824 1150 1187 1215 Graecorum.
1216 1172 1333 1225 qua:
1356 1156 1410 1208 in
1434 1172 1494 1208 ea
1526 1156 1883 1219 continentur,
1984 1168 2173 1213 nartus
2208 1158 2260 1211 in
2287 1173 2383 1213 sua
2430 1158 2562 1211 Acta
2601 1157 2900 1225 primorum
2941 1168 3234 1229 martyrum
3278 1161 3481 1212 sincera
3519 1169 3566 1212 et

266 1250 499 1293 accurata
563 1244 935 1311 descriptio,
995 1254 1105 1299 etc.
1159 1245 1421 1314 (Parisiis
1487 1246 1660 1310 1715,
1719 1246 1813 1300 lol.

2004 1250 2174 1304 electa
2223 1247 2745 1320 (Amstelmd.1715,
2784 1247 2929 1316 fol.),
2988 1264 3042 1317 p.
3084 1250 3152 1305 58
3200 1267 3319 1319 sqq.
3360 1251 3563 1305 intulit.

264 1348 310 1400 p.
339 1332 443 1386 389
472 1348 561 1402 sq.
598 1332 951 1403 Separatiin
990 1352 1115 1390 cum
1143 1340 1393 1393 versione
1415 1339 1604 1392 Latina
1638 1339 1879 1407 prodiit:
1984 1342 2060 1395 Ex
2106 1340 2323 1394 Baronii
2371 1340 2665 1393 Annalibus
2712 1339 3017 1410 desumpsit
3069 1356 3133 1395 ac
3182 1341 3407 1412 Dialogo
3448 1358 3568 1395 cum

259 1420 455 1475 Justini
532 1422 722 1477 Mart.
807 1426 1133 1495 ἀπόδειξις
1205 1431 1606 1484 resurrectionis
1682 1433 1878 1484 curuis.
1986 1434 2297 1505 Tryphone,
2347 1434 2579 1489 Londini
2631 1450 2686 1488 a.
2734 1434 2873 1490 1719
2915 1436 3064 1490 edito
3112 1437 3378 1504 praamisit
3417 1437 3566 1491 Sam.

264 1510 653 1581 Fragmentum
710 1515 777 1567 in
848 1518 1190 1571 solemnitate
1238 1520 1477 1586 paschali
1533 1535 1584 1573 a.
1630 1521 1690 1574 C.
1748 1520 1883 1575 1766
1983 1525 2139 1581 Jebb.
2171 1525 2227 1579 ln
2259 1526 2500 1580 editione
2535 1524 2889 1579 Benedictina
2925 1534 3145 1580 exstant
3190 1527 3244 1580 in
3292 1527 3562 1595 Append.,

263 1607 467 1659 editum
520 1622 657 1661 cum
736 1610 1236 1667 observationibus
1290 1613 1790 1670 historico-criticis
1853 1635 1882 1671 a
1983 1635 2036 1688 p.
2082 1635 2151 1682 Il,
2202 1634 2253 1687 p.
2313 1618 2416 1673 585
2461 1633 2582 1687 sqq.
2613 1637 2633 1669 ι
2666 1618 2790 1673 ﬂare
2849 1618 2989 1671 Acta
3032 1620 3200 1672 —ait
3255 1618 3510 1673 Maranus
3544 1661 3558 1684 ,

263 1697 405 1752 Guil.
426 1699 650 1753 Abrah.
681 1700 907 1757 Teller.
938 1704 1259 1759 Helinstadii
1287 1706 1338 1759 in
1373 1708 1695 1777 typograph.
1724 1709 1878 1763 acad.
1985 1726 2037 1779 p.
2070 1710 2262 1766 584-
2298 1726 2404 1763 ιιοη
2437 1725 2579 1765 nunc
2612 1711 2849 1778 primum
2891 1708 3082 1764 Graece
3119 1711 3422 1778 prodeunt,
3466 1711 3563 1764 sed

267 1789 374 1843 rid.
438 1790 823 1857 Scbnorrize;
889 1797 1033 1863 apud
1093 1796 1143 1851 J.
1223 1796 1285 1851 D.
1355 1796 1421 1852 G.
1496 1797 1877 1855 Schnorrium.
1987 1813 2164 1858 tamen
2196 1811 2452 1857 acetirate
2482 1803 2681 1856 eruditi
2711 1802 2913 1856 sodalis
2946 1803 3383 1867 manu,domini
3414 1802 3567 1857 Petri

268 1875 500 1931 Textum
569 1878 986 1937 Maranianum
1040 1886 1221 1949 dedit,
1279 1886 1609 1942 Grabianum
1673 1890 1725 1942 in
1786 1901 1827 1943 tr

2006 1895 2214 1960 daloét,
2256 1895 2700 1965 congregationis
2765 1904 2972 1949 nostrae
3020 1896 3072 1949 in
3119 1896 3270 1949 curia
3321 1894 3565 1950 Romana

268 1969 363 2020 bus
418 1976 515 2021 aut
563 1979 829 2038 quatuor
887 1980 1093 2025 tantum
1147 1975 1387 2029 retinens
1437 1976 1590 2031 locis.
1642 1977 1883 2046 Denique
1990 1987 2118 2042 olim
2146 1988 2540 2057 procuratoris,
2573 2002 2604 2041 e
2638 1987 2830 2042 codice
2860 1986 3129 2040 Vaticano
3155 1986 3259 2041 655
3287 1985 3442 2042 fuere
3471 1988 3567 2040 tle--

265 2061 535 2113 duntaxat
578 2060 795 2117 Graece
852 2064 1131 2117 invenitur
1204 2065 1332 2119 illud
1381 2065 1743 2137 fragmentum
1786 2071 1883 2124 in:
1990 2079 2215 2149 scripta.
2249 2095 2267 2128 ι
2300 2078 2395 2131 Est,
2436 2077 2582 2132 haud
2618 2077 2784 2132 dubie
2836 2078 2977 2132 idem
3022 2076 3113 2131 ille
3157 2078 3326 2132 codex
3373 2088 3565 2141 iustus,

264 2150 718 2208 ελπεεισπιαιηία
753 2155 1041 2221 Ραιτίδιίεα
1090 2157 1160 2209 ad
1204 2174 1330 2211 τιδῑιδ
1372 2175 1554 2212 eorum
1583 2160 1674 2229 qui
1716 2161 1885 2215 Μετο·
1987 2172 2079 2239 qui
2129 2171 2183 2224 in
2232 2169 2567 2224 bibliotheca
2600 2168 2821 2238 Cryptae
2856 2170 3099 2225 Ferratm
3132 2169 3403 2239 quondam
3444 2184 3565 2223 ser-

264 2250 399 2298 τέαηι
459 2247 791 2316 dearmatum
839 2247 1269 2301 Christianorum
1338 2253 1640 2306 accuratius
1685 2254 1885 2307 discere
1988 2263 2217 2317 vabatur
2248 2261 2347 2331 (8).
2390 2261 2467 2315 Ex
2496 2262 2739 2316 editione
2778 2261 3133 2317 Benedictina
3169 2262 3393 2316 transiit
3426 2278 3569 2315 tuar-

266 2341 500 2403 cupiunt
538 2341 831 2394 adornata
870 2358 902 2392 α
932 2340 986 2393 ,1.
1024 2339 1224 2394 Christ.
1257 2340 1401 2394 Guil.
1429 2343 1677 2413 Augusti.
1704 2344 1825 2399 Vol.

2010 2357 2187 2425 yrium
2225 2356 2279 2409 in
2321 2355 2495 2408 Andr.
2536 2354 2812 2410 Gallandii
2861 2355 3247 2409 Bibliothecam
3300 2366 3422 2409 vett.
3459 2353 3569 2408 Pa-

264 2432 469 2501 (Lips.
532 2434 689 2503 apud
763 2432 818 2487 J.
888 2430 1135 2502 Theoph.
1222 2434 1446 2505 Dykium
1535 2436 1706 2504 1812,
1766 2439 1797 2492 8

2013 2464 2168 2515 rum,
2208 2456 2340 2514 etc.,
2378 2455 2509 2500 tom.
2544 2446 2586 2511 l,
2616 2461 2673 2515 p.
2704 2446 2810 2501 621
2846 2462 2971 2516 sqq.
3019 2447 3233 2514 Optime
3264 2461 3395 2502 vero
3436 2447 3569 2500 illud

264 2540 318 2593 Ρ·
360 2524 399 2578 3
438 2540 567 2593 δίω-
1988 2540 2159 2595 edidit
2191 2539 2415 2594 Alexius
2439 2538 2806 2609 Symmachus
2835 2537 3182 2593 Mazoehius:
3210 2536 3567 2591 Commentar.

336 2620 477 2670 Acta
512 2619 783 2688 martyrii
823 2615 1026 2671 Justini
1058 2627 1112 2671 et
1140 2619 1414 2674 sociorum
1446 2636 1511 2676 ex
1542 2621 1732 2675 Latina
1759 2636 1884 2675 ear-

2011 2647 2041 2683 n
2072 2640 2213 2685 vetus
2243 2647 2600 2685 marmoreum
2631 2629 3002 2700 Neapolitana:
3031 2629 3267 2683 ecclesia:
3300 2628 3568 2683 Kalenda-

270 2709 482 2762 dinalis
509 2708 815 2763 Guiliclmi
868 2709 1050 2762 Sit-leti
1094 2711 1540 2779 interpretatione
1571 2712 1779 2781 primus
1818 2714 1884 2767 ad
1988 2724 2130 2776 rium
2157 2722 2405 2794 (Neapol.
2440 2723 2626 2793 1765),
2662 2735 2791 2778 tom.
2824 2723 2866 2775 11
2892 2763 2908 2786 ,
2950 2736 3005 2789 p.
3037 2723 3143 2777 445
3175 2735 3293 2789 sqq.
3334 2722 3471 2787 (ree.
3516 2721 3567 2773 in

269 2802 420 2855 diem
458 2802 528 2856 12
562 2802 722 2856 Junii
756 2802 1036 2869 evolgavit
1068 2802 1253 2873 Aloys.
1288 2803 1617 2872 Lipomanus
1650 2806 1700 2856 in
1752 2801 1881 2856 Viu.
1986 2815 2260 2869 Gallandii
2285 2814 2565 2881 Biblioth.,
2595 2818 2628 2870 l.
2668 2832 2741 2880 c.,
2773 2831 2825 2885 p.
2860 2816 2961 2870 711
2994 2816 3159 2884 sqq.).
3196 2812 3294 2868 llic
3319 2813 3569 2867 Graecum

272 2891 490 2945 Sonat.
536 2891 822 2953 Patrum,
861 2904 990 2946 tom.
1030 2891 1168 2958 V||,]
1196 2908 1247 2959 μ.
1280 2908 1315 2945 tt
1367 2892 1563 2961 (Rom.
1607 2892 1762 2957 1.558,
1795 2893 1827 2945 4

2009 2907 2467 2963 Sollandianorum
2501 2909 2806 2978 exemplar,
2852 2908 2993 2963 unde
3019 2908 3185 2961 etiam
3238 2904 3289 2959 J.
3338 2904 3405 2957 A.
3455 2902 3568 2957 Gt'iz

270 3000 327 3051 p.
368 2985 505 3050 184;
546 2986 744 3039 editor
773 2985 924 3039 Vitas
952 2998 1164 3046 omnes,
1189 3001 1310 3053 qua:
1337 2985 1480 3040 illius
1515 2987 1642 3040 tomi
1668 2994 1823 3056 parte

2006 2999 2210 3054 Justiti.
2243 3001 2297 3054 ά.
2330 3001 2497 3056 Μᾶνι.
2542 3002 2715 3055 zweite
2756 3002 2909 3071 Apol.
2935 3041 2950 3064 ,
2979 3012 3086 3054 etc.
3112 3039 3126 3063 ,
3171 3015 3229 3068 p.
3261 2999 3365 3052 145
3396 3011 3520 3065 sqq.
3547 2996 3565 3064 )

271 3078 687 3141 continentur,
735 3075 909 3129 refert
978 3092 1074 3145 per
1116 3077 1429 3131 Simeonem
1480 3078 1830 3148 Metaphrastt

2012 3101 2196 3146 extum
2232 3094 2486 3162 repetiit,
2522 3095 2832 3149 versionem
2862 3091 3127 3160 adjiciens
3156 3087 3531 3157 germanicam
3552 3129 3566 3152 ,

274 3172 481 3235 partim
526 3170 874 3236 descriptas,
908 3170 1107 3237 partim
1156 3170 1416 3224 collectas
1462 3170 1514 3223 in
1548 3183 1828 3225 monaster

2011 3191 2208 3238 secutus
2231 3222 2247 3248 ,
2275 3192 2434 3239 vetus
2466 3183 2700 3254 (Sirleti‘;
2737 3181 3120 3251 interpretatio
3150 3194 3274 3234 cum
3328 3177 3570 3247 plerum-

272 3257 500 3327 Crypta:
542 3256 803 3311 Ferrata:
862 3257 940 3327 (7)
1000 3259 1247 3313 inventas
1318 3258 1510 3313 fuisse.
1584 3259 1831 3314 Sirletiar

2009 3290 2098 3344 lue
2128 3277 2429 3331 sententias
2465 3285 2697 3333 venetur
2725 3274 2898 3344 magis
2937 3288 3099 3341 quam
3126 3271 3293 3324 verba
3316 3311 3331 3337 ,
3375 3283 3568 3323 novam

270 3354 545 3404 Actorum
576 3347 1029 3404 Justinianorum
1066 3350 1246 3404 versio
1273 3352 1500 3419 posthac
1541 3352 1769 3421 repetita
1799 3367 1827 3405 e

2009 3366 2283 3421 :astiorem
2317 3382 2380 3421 ac
2410 3367 2803 3435 simpliciorem
2861 3361 3370 3431 interpretationem
3406 3359 3568 3415 exhi-

274 3446 327 3496 iu
372 3443 549 3497 Laur.
592 3442 754 3497 Surii
803 3441 1132 3495 Sanctorum
1163 3442 1287 3496 vitis
1319 3444 1385 3496 ad
1434 3444 1577 3497 diem
1620 3444 1687 3496 12
1728 3441 1833 3497 Jun

2010 3458 2129 3522 iuit,
2168 3472 2330 3527 quam
2361 3460 2413 3511 in
2446 3458 2737 3527 perpaucis
2764 3465 2974 3509 tantum
3010 3462 3271 3507 mutatam
3307 3467 3411 3506 nos
3432 3464 3569 3518 quo-

271 3536 390 3603 iam
435 3551 615 3603 θυμω
664 3544 1067 3601 ηιθιιιοτθῑυιην
1100 3549 1207 3602 qu"
1237 3536 1326 3588 die
1378 3535 1470 3590 illa
1513 3536 1679 3590 habet
1710 3534 1882 3591 Mela°
1986 3563 2096 3617 que
2153 3548 2564 3611 transtulimus;
2618 3555 2886 3616 prasterea
2947 3544 3275 3615 martyrium
3336 3540 3571 3610 prolixis

276 3628 535 3694 pbrastes
564 3628 796 3697 (Colon.
827 3627 1050 3696 Agripp.
1083 3628 1240 3693 1618,
1274 3628 1416 3697 fol.),
1456 3646 1507 3696 p.
1550 3629 1652 3684 18‘2
1684 3645 1793 3699 sq.,
1827 3630 1835 3682 i

1865 3646 1880 3683 ι
1987 3638 2135 3694 uotis
2165 3650 2220 3693 et
2246 3639 2724 3708 disquisitionibus
2751 3638 3033 3692 illustrare
3064 3644 3294 3692 conatus
3322 3642 3424 3690 est.

468 3719 707 3773 Baronii
746 3719 1043 3771 Annalibus
1067 3719 1459 3783 ecclesiasticis,
1486 3723 1554 3773 ad
1581 3736 1709 3773 ann.
1752 3719 1876 3785 165,

281 3824 416 3865 toni.
448 3812 490 3865 11
516 3813 685 3882 (edit.
722 3812 935 3865 noviss.
960 3811 1150 3865 Colon.
1181 3813 1309 3881 Agr.
1340 3813 1500 3880 1685,
1532 3813 1675 3884 lol.),
1697 3830 1749 3883 p.
1780 3813 1885 3868 165
2063 3818 2332 3888 Excerpta
2363 3834 2429 3873 ex
2458 3816 2652 3872 Justini
2688 3818 2906 3887 scriptis
2941 3824 3068 3872 sunt
3095 3816 3148 3870 in
3183 3817 3248 3868 .l.‘
3284 3813 3350 3869 F.
3378 3811 3564 3882 Burgii

282 3921 432 3974 sqq.,
470 3919 530 3960 et
570 3905 812 3959 liberius
842 3906 894 3957 in
928 3904 1075 3959 Petri
1105 3905 1361 3961 llalloixii
1412 3906 1472 3962 S.
1503 3907 1705 3962 Justini
1745 3908 1879 3977 phil.
1994 3907 2376 3964 Clu-estomath.
2404 3909 2613 3978 patrist.
2651 3907 2847 3973 Greca,
2889 3908 3025 3961 fasc.
3059 3923 3074 3961 ι
3118 3905 3369 3977 (Vratisl.
3405 3903 3572 3971 1756,

282 4007 330 4047 et
379 4007 544 4050 mart.
598 4002 714 4051 vita
752 4007 802 4050 et
841 3997 1191 4062 documentis,
1226 3999 1262 4050 Ι.
1297 4015 1375 4063 c.,
1406 4014 1460 4068 p.
1492 3999 1587 4053 181
1629 4014 1752 4068 sqq.
1796 3999 1876 4052 Ex
1992 4000 2081 4069 8),
2135 4016 2189 4069 p.
2220 4002 2245 4055 1
2277 4018 2433 4070 sqq.;
2471 4002 2627 4071 plura
2657 4042 2669 4065 ,
2716 4002 2809 4055 sed
2857 4000 3080 4065 Latine,
3118 3999 3467 4067 reperiuntur
3514 3996 3581 4049 in

288 4091 377 4144 illo
423 4102 615 4146 autem
667 4092 891 4162 Cryptze
926 4091 1166 4147 Ferrataz
1206 4103 1346 4146 lllSlO
1386 4091 1576 4145 codice
1611 4090 1882 4145 beneﬁcio
1991 4089 2273 4145 Francisci
2323 4090 2471 4145 Rous
2501 4089 2663 4144 Mella
2694 4088 2919 4143 Patrum
2944 4131 2958 4156 ,
3006 4102 3113 4144 etc.
3152 4088 3366 4157 (Lond.
3401 4085 3568 4153 1650,

290 4181 674 4240 Emmanuelis
730 4184 1096 4238 Sehellstratii
1119 4223 1136 4249 ,
1166 4183 1516 4238 bibliothecae
1549 4184 1710 4236 istius
1745 4198 1883 4251 prze-
1992 4181 2102 4252 8),
2136 4197 2187 4251 p.
2219 4183 2284 4237 21
2326 4197 2447 4252 sqq.

824 4446 905 4507 ll.
942 4480 1017 4489 —-
1048 4446 1154 4506 DE
1182 4446 1480 4507 JUSTINI
1521 4446 1938 4509 CODICIBUS
1985 4447 2067 4507 ΙΝ
2103 4447 2338 4507 ALIAS
2370 4442 2714 4505 LINGUAS
2744 4441 3041 4503 VEBSIS.

372 4575 542 4631 Paulo
568 4583 700 4645 post
726 4574 1020 4629 editionem
1044 4575 1312 4643 Stephani
1344 4575 1670 4643 principem,
1699 4573 1891 4630 Graece
1923 4579 1968 4633 D
1998 4575 2144 4630 risiis
2174 4575 2314 4643 apud
2346 4573 2491 4628 Guil.
2527 4570 2806 4626 Julianuni
2844 4568 3003 4633 1575,
3050 4568 3083 4622 8
3121 4566 3224 4639 (9),
3264 4577 3320 4622 et
3362 4566 3585 4621 Joanne

302 4672 611 4724 nescientes
653 4677 715 4723 ut
756 4666 1029 4721 Justinum
1072 4668 1227 4722 adire
1262 4679 1529 4739 possent,
1569 4669 1888 4737 prodierunt
1993 4668 2203 4738 Lango,
2227 4667 2447 4732 Silesio,
2482 4667 2577 4735 qui
2605 4666 2774 4720 etiam
2803 4662 3231 4719 commentarios
3255 4662 3569 4729 iudicesque

304 4762 508 4816 latinae
576 4776 810 4829 operum
861 4759 1297 4814 Justinianorum
1364 4761 1885 4829 interpretationes,
1992 4760 2223 4830 adjecit,
2254 4760 2419 4812 Basil.
2459 4776 2555 4829 per
2593 4757 2944 4811 Ambrosium
2977 4763 3032 4808 et
3061 4755 3337 4807 Aurelium
3366 4793 3380 4817 ,
3425 4752 3567 4805 Fro-

306 4856 624 4910 auctoribus
664 4853 962 4908 Jnacbimo
1005 4853 1295 4916 Perionio,
1338 4852 1700 4906 Benedictino
1750 4852 1887 4906 Cor-
1991 4853 2184 4908 benios
2233 4854 2456 4918 fratres,
2491 4850 2662 4913 1565,
2694 4849 2788 4903 fol.
2811 4889 2826 4915 ,
2859 4857 2987 4901 toni.
3021 4845 3084 4901 ιιι
3114 4847 3165 4900 in
3200 4846 3225 4898 1
3264 4846 3370 4900 vol.
3408 4846 3561 4914 (ree.

308 4951 650 5005 iiimriaeensi
678 4991 694 5015 ,
730 4951 821 5018 qui
854 4949 1270 5004 observationes
1306 4964 1519 5017 quoque
1559 4950 1628 5002 ad
1675 4958 1883 5002 textum
1990 4945 2109 4998 sine
2151 4952 2469 4999 commentt.
2520 4944 2589 5007 in,
2624 4940 2774 4994 Max.
2833 4937 3082 4992 Biblioth.
3141 4947 3260 4990 vett.
3309 4934 3564 4997 Patrum,

309 5042 685 5096 illustrandum
718 5042 957 5108 addidit,
985 5039 1218 5095 Lutetia:
1251 5040 1429 5094 Paris.
1453 5040 1594 5109 apud
1625 5038 1747 5094 Jac.
1777 5040 1884 5092 Du-
1992 5035 2162 5105 Lugd.
2205 5034 2372 5102 1677,
2402 5034 2498 5089 fol.
2525 5074 2539 5100 ,
2590 5046 2721 5088 tom.
2762 5032 2837 5097 ll,
2867 5047 2919 5101 p.
2958 5048 3033 5096 ll,
3063 5047 3118 5100 ι).
3151 5030 3184 5084 5
3215 5026 3383 5096 sqq.).
3438 5025 3563 5078 [hec

308 5151 435 5205 pays
464 5134 623 5199 1554,
659 5134 781 5201 fol.,
818 5142 956 5188 tom.
986 5132 1028 5185 ll
1056 5132 1109 5186 in
1140 5133 1164 5186 1
1195 5132 1305 5186 vol.
1347 5136 1483 5203 (rec.
1533 5130 1587 5183 in
1626 5128 1882 5183 Biblioth.
1990 5130 2193 5196 versio,
2249 5127 2377 5182 licet
2422 5127 2638 5182 duobus
2690 5125 2927 5189 caneris,
2983 5120 3323 5190 elegantibus
3390 5114 3564 5184 magis

310 5238 485 5290 magna
524 5233 643 5276 tett.
686 5221 924 5275 Patrum
956 5260 971 5283 ,
1002 5219 1196 5274 (lolon‘.
1240 5220 1377 5275 1618
1401 5259 1416 5285 ,
1460 5218 1556 5273 fol.
1579 5257 1594 5284 ,
1641 5226 1772 5272 tom.
1807 5217 1885 5283 ll,
1991 5234 2153 5289 quam
2193 5218 2485 5281 accuratis,
2516 5216 2676 5283 longe
2710 5214 3056 5285 praestantior
3082 5213 3186 5278 sit,
3220 5219 3402 5263 tamen
3446 5206 3563 5274 ipsa

309 5329 355 5381 P-
384 5316 403 5368 ί
432 5316 612 5385 saec);
661 5312 1029 5386 Sigismundo
1068 5312 1314 5375 Gelenio,
1348 5311 1568 5379 Bojemo
1592 5350 1608 5375 ,
1653 5308 1887 5363 Basileze
1990 5312 2140 5367 vitiis
2159 5310 2453 5382 cujuslibet
2482 5310 2699 5378 generis
2731 5316 2936 5371 scatet;
2970 5319 3202 5375 quorum
3227 5302 3369 5356 haud
3390 5314 3563 5368 pauca

304 5410 429 5478 apud
471 5408 624 5465 Hier.
657 5409 1013 5465 Frobenium
1056 5404 1217 5471 1555,
1262 5406 1379 5470 fol,
1422 5414 1586 5475 atque
1622 5404 1751 5459 inde
1781 5403 1885 5458 Pa—
1994 5398 2209 5472 Langus
2243 5401 2503 5457 evitasset
2526 5440 2541 5465 ,
2576 5401 2619 5455 si
2648 5398 2885 5454 Perionii
2928 5407 2984 5451 et
3020 5393 3232 5451 G'elenii
3276 5390 3564 5446 elucubra—

356 5548 428 5615 (7)
464 5549 538 5603 De
558 5522 735 5616 hujus
788 5542 1128 5616 monasterii
1163 5537 1414 5616 (ordinis
1445 5541 1515 5616 S._
1540 5537 1771 5605 Basilii)
1803 5538 1886 5616 bi:
2062 5538 2159 5616 (9)_
2183 5537 2320 5616 Hpic
2359 5535 2588 5616 editioni
2621 5533 2918 5613 Parisiensi
2948 5530 3201 5599 adjuncta
3221 5525 3401 5616 ,ρει-11.
3422 5522 3562 5616 lli}:-

287 5593 538 5674 unde;
565 5593 1219 5673 wFugitive—iiVBluiiie:
1249 5608 1275 5661 Ι
1284 5620 1361 5662 ter
1388 5593 1660 5674 Italicum,
1687 5593 1818 5661 toni.
1847 5606 1887 5660 ll
1992 5593 2160 5681 poiyti
2216 5607 2402 5661 Oratio
2450 5608 2513 5681 dc
2571 5593 3040 5681 consunmttuione:
3072 5599 3355 5681 mundinet
3396 5593 3565 5681 litui:

283 5668 976 5757 t—llaliwiliﬁi'lfS—L'p;19f
1002 5698 1127 5750 sqq.
1544 5752 1556 5757 _
1623 5668 1749 5757 in
1814 5748 1857 5757 Μ
1994 5668 2190 5757 ζιινῖδιο
2217 5689 2264 5757 et
2300 5678 2528 5757 secunth
2566 5677 2787 5757 aduentu
2816 5673 3040 5753 .Domini
3067 5671 3196 5726 Jcstt
3230 5668 3463 5731 Christi,
3498 5677 3563 5717 ex

337 5766 412 5831 (8)
448 5745 532 5820 Cf.
566 5745 914 5818 Fr.'Blunie
963 5754 1004 5808 l.
1050 5745 1125 5818 ξιξ,
1177 5760 1306 5806 tom.
1343 5747 1406 5803 Ill
1436 5748 1581 5820 (llal.
1618 5748 1773 5816 1850,
1812 5748 1887 5818 8),
1997 5750 2443 5817 interpretatione
2470 5746 2693 5801 Joannis
2716 5745 2850 5800 Pici.

273 5850 319 5904 ρ.
350 5836 431 5894 72.
1628 5854 1633 5855 ί
