3948 6256
267 364 367 418 217
1051 366 1437 423 EXCERPTA
1478 368 1568 423 EX
1606 367 2072 424 PRAEFATIONE
2112 366 2430 423 EDITORIS
2467 365 2779 423 IENENSIS
3474 362 3573 419 918

272 481 361 529 der
406 478 900 547 Atteinlterrschaft
956 479 1175 536 Gottes.
1218 482 1424 537 Crieclt.
1460 499 1515 536 u.
1562 484 1783 541 leutsch.
1824 515 1894 524 —
1922 505 1966 561 Α
1998 485 2089 537 der
2112 482 2533 538 Kirelten-l’ater
2552 485 2607 537 in
2638 464 3057 549 Ubersetzungen
3096 484 3201 532 una
3250 478 3571 547 Auszitgen.,

280 586 379 622 von
402 569 524 625 Joh.
551 571 730 624 Adam
761 572 911 630 sz.
950 574 1077 629 νει).
1114 591 1281 644 supra
1319 576 1426 631 col.
1456 575 1583 629 214.

1994 584 2125 632 tom.
2161 574 2177 627 I
2209 575 2382 643 (Lips.
2414 574 2573 637 1776,
2602 573 2789 640 ill-8°),
2823 588 2875 641 p.
2908 570 3004 627 101
3042 586 3164 641 sqq.

355 661 616 732 Excerpta
633 678 703 715 ex
718 664 997 733 Apologia
1032 674 1290 733 utraque,
1309 665 1529 735 Dialogo
1550 681 1667 717 rum
1696 664 1891 733 Tryph.
2066 666 2248 720 Italica
2277 683 2291 718 :
2323 665 2387 721 S.
2420 666 2666 720 Giustino
2692 664 2854 718 Mart.
2881 664 3114 717 tradotto
3145 679 3241 717 con
3278 662 3464 716 alcune
3493 664 3571 714 ri-

301 766 353 809 et
383 755 685 823 fragmento
709 753 790 807 De
819 757 1231 811 resurrectione
1254 756 1577 812 Germanice
1613 755 1759 810 dedit
1799 770 1897 809 no-
2000 754 2235 826 ﬂessioni
2293 757 2407 813 dal.
2440 755 2593 814 ϐίου.
2618 755 2776 826 Bapt.
2808 753 3125 809 Galliccioli.
3153 752 3386 808 Venezia
3411 750 3569 817 1799,

308 850 470 918 lisque
512 847 816 903 illustravit
858 849 1078 905 Christ.
1109 850 1150 905 F
1157 851 1261 906 rid.
1294 849 1513 906 Rossler
1545 868 1557 904 :
1596 846 1897 903 Bibliothek
1997 846 2154 905 in~8°.
2185 846 2320 903 Voll.
2352 846 2416 902 11.

1123 1098 1239 1158 Ill.
1284 1099 1389 1159 DE
1421 1098 1719 1159 JUSTINI
1771 1096 2188 1159 CODICIBUS
2217 1093 2823 1155 MANUSCRIPTIS.

368 1220 528 1274 Valde
568 1226 659 1273 est
705 1218 1029 1279 dolendum,
1069 1219 1218 1287 quod
1268 1219 1425 1287 pauci
1458 1228 1664 1273 tantum
1699 1233 1887 1288 super-
1988 1216 2058 1270 τὰ
2090 1215 2313 1285 φυσικὰ,
2353 1226 2458 1271 etc.
2508 1215 2605 1288 [p.
2635 1216 2740 1270 535
2773 1217 2832 1269 Β.
2863 1217 2949 1271 ed.
2983 1214 3235 1286 Maran.)
3286 1230 3457 1285 usque
3502 1219 3568 1272 ad

304 1330 417 1373 sunt
458 1316 516 1370 in
556 1314 918 1369 bibliothecis
942 1314 1167 1368 codices
1194 1328 1417 1382 operum
1453 1312 1878 1368 Justinianorum

1990 1309 2084 1364 fol.
2110 1309 2215 1363 502
2250 1308 2283 1362 1)
2311 1324 2326 1362 :
2373 1308 2637 1379 Ἀγένητα
2670 1307 2789 1380 [sic
2816 1306 2835 1379 1
2873 1310 2931 1361 ὲν
2964 1308 3043 1379 τῷ
3074 1307 3305 1378 ἐνιαυτῷ
3340 1308 3430 1380 [ρ.
3465 1308 3568 1364 555

303 1425 457 1462 manu
510 1405 746 1475 scripti;
794 1421 1030 1474 quorum
1073 1406 1319 1477 plerique
1344 1406 1427 1460 vel
1459 1403 1886 1459 Cohortationem
1990 1401 2055 1455 D.
2091 1403 2177 1454 ed.
2226 1401 2460 1472 Maran.]
2488 1402 2527 1471 ).
2578 1402 2632 1454 8°
2665 1400 2917 1469 Ejusdem
2967 1400 3203 1465 Quwsita
3234 1410 3283 1454 et
3321 1417 3568 1468 responsa

302 1500 368 1551 ad
394 1498 603 1553 Gnaeos
636 1496 726 1550 vel
754 1496 1071 1564 suppositos
1104 1504 1368 1550 tractatus
1395 1498 1694 1551 c0ntinent.
1726 1497 1888 1552 Refe—
1987 1492 2057 1544 ad
2084 1489 2296 1545 Graecos
2344 1493 2361 1561 (
2391 1491 2486 1545 fol.
2538 1490 2644 1544 502
2668 1488 2700 1541 1)
2730 1518 2798 1528 ——
2828 1488 2954 1554 455,
2983 1488 3075 1543 ubi
3111 1487 3566 1556 quemadmodum

303 1606 413 1645 ram
450 1600 635 1643 autem
666 1590 737 1643 de
781 1589 850 1643 iis
877 1589 1239 1657 genuinorum
1260 1588 1455 1644 Justini
1500 1591 1762 1645 librorum
1792 1606 1905 1645 θοο-

303 1682 502 1736 ilicibus
552 1682 720 1737 mstis
759 1682 894 1750 (11),
938 1696 1079 1751 quos
1112 1682 1529 1752 diligentissime
1558 1683 1885 1752 inquirendo

302 1774 491 1836 reperi.

363 1863 418 1917 lu
456 1863 697 1917 Francia
729 1871 787 1918 et
820 1862 1046 1917 Parisiis
1077 1862 1299 1931 quidem
1333 1868 1386 1917 ln
1425 1862 1749 1919 bibliotheca
1779 1863 1887 1919 lle-

296 1957 377 2025 gia
420 1956 650 2024 plurimi
694 1965 1067 2016 asservantur,
1098 1962 1159 2007 ut
1208 1963 1401 2024 praeter
1446 1956 1750 2022 Maranum,
1792 1957 1886 2024 qui

290 2050 433 2117 justo
465 2048 695 2103 brevius
731 2048 796 2101 de
844 2048 911 2101 iis
950 2051 1226 2115 exposuit.
1268 2048 1645 2114 Calalogorum
1692 2049 1886 2104 biblio-

292 2146 459 2195 theca:
488 2140 677 2210 Regia!
706 2155 840 2207 pars
872 2140 1107 2194 secunda
1138 2139 1505 2209 complectens
1527 2140 1743 2196 codices
1772 2156 1887 2195 ma-

287 2249 354 2285 nu
381 2234 628 2299 scriptos
643 2231 874 2286 Graecos
892 2235 980 2297 (ex
1009 2232 1361 2302 typographia
1386 2232 1553 2303 Regia
1580 2234 1739 2299 1740,
1766 2232 1884 2303 fol.)

285 2335 540 2378 testatur.
579 2323 706 2377 Jam
742 2324 829 2379 bis
861 2325 913 2377 in
936 2324 1199 2393 catalogis
1229 2324 1513 2379 observata
1540 2325 1781 2388 alteram,
1808 2325 1883 2378 ita

285 2424 492 2477 tamen,
529 2424 596 2468 ut
644 2417 854 2481 passim
905 2416 1127 2479 addam,
1155 2431 1275 2484 qua.
1302 2415 1530 2471 Carolus
1556 2416 1885 2471 Benedictus

283 2507 447 2570 llase,
470 2506 730 2559 instituti
766 2506 921 2575 Regii
952 2505 1200 2560 Francia:
1240 2509 1440 2570 socius,
1475 2506 1528 2560 in
1562 2506 1749 2561 schola
1777 2506 1886 2561 Be-

280 2598 365 2666 gia
386 2596 794 2667 Polytecbnica
827 2595 1106 2665 Regiaque
1133 2596 1353 2664 speciali
1380 2596 1682 2665 linguarum
1705 2599 1885 2652 orien-

281 2689 469 2741 talium
511 2688 824 2757 professor,
857 2686 911 2739 in
951 2685 1296 2741 bibliothecae
1328 2686 1510 2756 Regire
1543 2697 1698 2757 parte
1720 2689 1880 2745 codd.

277 2789 450 2833 mstos
494 2779 917 2848 complecteute
959 2788 1331 2846 conservator,
1360 2794 1571 2833 mecum
1604 2779 1885 2848 benignis-

278 2871 415 2924 sime
442 2869 911 2924 communicavit.
942 2869 1147 2923 Facere
1199 2883 1301 2923 non
1345 2883 1589 2938 possunt,
1620 2870 1750 2938 quin
1802 2870 1885 2923 in-

280 2964 485 3033 signem
530 2963 641 3015 viri
686 2960 985 3015 clarissimi
1033 2962 1089 3013 in
1121 2976 1207 3014 me
1236 2960 1540 3029 adjuvaudo
1572 2961 1882 3015 immanita-

281 3064 386 3108 tem
420 3063 584 3125 grato
613 3054 813 3107 animo
838 3067 1287 3110 commemorem.

1985 1584 2128 1650 apud
2180 1582 2459 1636 Maranum
2508 1598 2563 1651 p.
2592 1581 2695 1635 547
2743 1581 2805 1645 Ε,
2834 1581 3089 1633 όθο²ηυηι
3122 1581 3175 1633 in
3213 1580 3375 1634 verba
3412 1595 3425 1631 :
3466 1576 3567 1647 τῆς

1984 1675 2178 1744 ἀλόγου
2208 1674 2388 1729 αὐτῶν
2418 1674 2734 1745 ἀπιστίας).
2785 1674 2909 1728 llaec
2957 1673 3163 1742 excipit
3207 1672 3569 1742 Athenagora:

1985 1766 2123 1823 liber
2176 1767 2318 1835 Περὶ
2366 1766 2757 1831 ἀναστάσεως
2804 1764 2923 1818 τῶν
2965 1763 3213 1831 νεκρῶν,
3263 1764 3415 1833 cujus
3462 1764 3569 1817 ini-

1989 1859 2120 1913 tium
2155 1876 2169 1912 :
2200 1859 2365 1912 Παντὶ
2395 1857 2626 1929 δόγματι
2651 1858 2744 1911 καὶ
2777 1856 2938 1927 λόγῳ,
2963 1863 3093 1920 etc.,
3125 1865 3179 1908 et
3202 1853 3363 1909 ﬁnis:
3401 1855 3567 1925 τιμῆς

1984 1950 2017 2021 ἢ
2047 1950 2224 2022 δίκης,
2259 1960 2322 2004 ιιι
2355 1952 2497 2021 apud
2532 1951 2811 2004 Maranum
2841 1951 2928 2003 ed.
2958 1947 3094 2019 Opp.
3124 1946 3264 2003 Just.
3304 1962 3357 2015 p.
3390 1945 3495 2001 515
3522 1947 3569 2001 Α

1987 2053 2041 2098 et
2071 2044 2176 2097 556
2202 2044 2339 2097 E.—
2364 2043 2414 2097 Is
2443 2043 2617 2098 codex
2645 2058 2790 2096 anno
2818 2042 2956 2097 1564
2983 2048 3242 2097 exat-atus
3275 2048 3389 2107 est;
3419 2038 3568 2093 clau-

1986 2132 2134 2187 ditur
2180 2133 2346 2195 enim,
2381 2139 2443 2187 ut
2490 2133 2655 2186 etiam
2691 2132 2958 2185 Bernard.
3010 2131 3077 2184 de
3129 2127 3479 2183 Montfaucon
3513 2127 3565 2181 in

1987 2222 2357 2294 Palazograplt.
2383 2223 2478 2278 Gr.
2514 2224 2715 2294 (Paris.
2738 2224 2896 2291 1708,
2930 2222 3074 2293 l‘ol.),
3105 2236 3155 2290 p.
3190 2221 3280 2285 71,
3310 2221 3567 2275 observa-

1986 2314 2081 2378 vit,
2135 2316 2237 2371 hac
2283 2327 2408 2371 nota
2456 2337 2469 2372 :
2510 2316 2827 2388 Ἑτελειώοη
2882 2318 2942 2369 τὸ
2999 2314 3173 2387 παρὸν
3225 2312 3426 2383 βιϐλίον
3474 2312 3566 2365 ἐπὶ

1985 2408 2139 2473 ἔτους
2171 2408 2371 2479 ,ςωοϐκ
2403 2410 2501 2464 ινδ.
2527 2409 2594 2480 β’.
2620 2412 2677 2463 ἐν
2698 2409 2827 2480 μηνὶ
2843 2408 3155 2479 Σεπτεϐρίῳ
3172 2407 3299 2480 [sic]
3312 2388 3394 2469 ῖΞ,
3424 2407 3478 2461 lt.
3511 2421 3563 2460 e.

1985 2500 2268 2555 Absolutus
2285 2514 2359 2556 est
2378 2501 2462 2556 hic
2479 2501 2610 2555 liber
2628 2519 2681 2555 a.
2706 2500 3074 2571 6872(Cbristi
3096 2500 3565 2569 1564),indictione

1984 2593 2251 2660 secunda,
2283 2596 2475 2647 mensis
2508 2591 2824 2662 Septembris
2868 2593 2953 2645 die
3005 2593 3091 2647 11.
3145 2593 3291 2647 Idem
3345 2601 3429 2647 est
3476 2592 3566 2646 hic

1984 2688 2154 2742 codex
2178 2727 2193 2751 ,
2222 2700 2406 2756 quem,
2436 2686 2729 2755 perpaucis
2764 2694 2972 2740 tantum
3005 2685 3327 2749 immutatis,
3358 2684 3564 2739 Rober-

1986 2787 2071 2833 tus
2119 2777 2430 2847 Stephanus
2460 2778 2511 2832 iu
2547 2779 2795 2848 principe
2832 2792 2931 2833 sua
2968 2792 3194 2846 operum
3226 2776 3565 2832 Justiniauo-

1984 2884 2101 2923 rum
2127 2868 2365 2925 editione
2398 2887 2417 2921 ι
2449 2884 2516 2924 ex
2555 2870 2881 2925 bibliotheca
2922 2870 3085 2938 Regia
3120 2888 3139 2921 ι
3182 2868 3325 2939 typis
3353 2868 3565 2922 descri-

1984 2960 2214 3014 bendum
2244 2962 2477 3015 curavit.
2528 2961 2597 3017 Ut
2639 2962 2907 3017 brevitate
2948 2960 3106 3015 solito
3139 2975 3289 3015 more
3319 2969 3560 3022 utamur,

1983 3068 2104 3107 cum
2139 3053 2363 3109 Marano
2409 3069 2533 3108 eum
2583 3054 2637 3107 in
2686 3054 3059 3107 Cohortatione
3109 3053 3177 3105 ad
3225 3050 3435 3106 Graecos
3464 3068 3563 3121 per

348 3145 389 3197 Ι.
430 3146 619 3198 Codex
666 3143 865 3213 Regius
903 3141 1065 3206 σοι,
1086 3143 1213 3196 olim
1240 3158 1471 3199 numero
1499 3144 1656 3208 1428,
1688 3152 1875 3214 postea
1906 3162 1949 3219 ο
1983 3156 2165 3200 notam
2195 3146 2661 3216 compendiariam
2693 3146 2827 3201 Cod.
2854 3145 2978 3215 Reg.
3003 3145 3058 3209 5,
3100 3146 3152 3199 in
3180 3145 3393 3199 czcteris
3431 3160 3560 3199 vero

277 3236 417 3290 2270
439 3247 696 3299 notatus,
716 3236 1069 3296 chartaceus,
1091 3235 1142 3287 in
1168 3234 1262 3289 fol.
1294 3236 1451 3301 min.,
1476 3235 1729 3290 foliorum
1752 3234 1879 3302 461,

276 3345 384 3398 quo
418 3330 571 3389 (vid.
616 3327 909 3395 Catalogg.
941 3343 997 3395 p.
1030 3327 1118 3391 63,
1144 3327 1268 3381 coll.
1302 3326 1420 3381 Nic.
1453 3326 1503 3381 le
1531 3326 1743 3397 Nourry
1773 3329 1881 3396 Ap-

276 3432 519 3489 paratus,
552 3431 595 3474 t.
628 3419 671 3486 l,
705 3437 762 3488 p.
794 3421 922 3491 467)
951 3422 1339 3474 continentur:
1362 3419 1415 3472 1ο
1445 3416 1627 3473 Sancti
1653 3419 1877 3486 Justini,

278 3512 577 3580 philosophi
602 3519 657 3562 et
674 3512 947 3579 martyris.
974 3509 1217 3578 Epistola
1239 3510 1306 3562 ad
1329 3508 1526 3563 lenam
1557 3519 1605 3563 et
1624 3508 1879 3564 Serenum

278 3604 491 3671 (incipit
540 3602 643 3656 fol.
676 3603 711 3656 6
738 3603 773 3657 b
803 3602 984 3656 verbis
1016 3618 1031 3653 :
1072 3603 1165 3655 Ἐκ
1210 3601 1563 3672 παρασκευῆς
1612 3601 1878 3673 ἀνδραγα-

279 3696 390 3749 Θείν
412 3713 425 3724 ’
464 3695 582 3747 ἀλλ’
611 3695 740 3747 emt
762 3694 856 3747 τοῦ
878 3692 973 3747 νῦν
1001 3692 1195 3755 αἰῶνος
1218 3692 1292 3764 [p.
1314 3692 1418 3746 408
1433 3692 1495 3747 C.
1516 3693 1600 3746 ed.
1617 3692 1875 3765 Maran.],

278 3787 421 3842 unde
464 3796 698 3856 apparet
737 3801 857 3840 eam
905 3785 1130 3839 minime
1165 3784 1432 3853 integram
1484 3798 1636 3847 esse,
1672 3793 1731 3837 ut
1760 3785 1874 3855 jam

281 3880 416 3932 vidit
438 3880 652 3943 scriba,
690 3892 856 3930 unam
888 3878 1146 3947 paginam
1177 3877 1512 3931 dimidiatam
1539 3876 1735 3930 litteris
1766 3891 1871 3931 non

283 3970 551 4037 impleas;
594 3969 787 4022 linitur
824 3976 1004 4021 autem
1036 3966 1130 4024 fol.
1157 3967 1224 4020 16
1253 3967 1287 4021 1)
1317 3985 1332 4023 :
1359 3968 1459 4037 Εῖη
1484 3966 1623 4037 μετὰ
1658 3966 1874 4021 πάντων

283 4065 437 4134 ὑμῶν
460 4066 497 4132 ).
555 4063 977 4117 Prmmittuntur
1004 4062 1140 4132 (fol.
1174 4065 1225 4118 l.
1246 4092 1316 4102 —
1344 4064 1377 4117 5
1404 4063 1440 4117 b
1461 4062 1503 4132 ).
1552 4063 1817 4131 Excerpta
1842 4076 1874 4118 e

286 4154 461 4208 Pbotii
504 4153 832 4222 Hyriobiblo
876 4153 944 4207 de
987 4153 1208 4221 scriptis
1246 4155 1417 4208 sancti
1466 4151 1688 4217 Justiui,
1722 4163 1779 4207 et
1802 4169 1871 4207 ex

288 4245 504 4299 Eusebii
535 4243 781 4297 Historia
805 4244 1161 4296 ecclesiastica
1188 4244 1255 4299 de
1278 4243 1483 4298 sanctis
1503 4242 1741 4307 Justino,
1769 4244 1873 4299 Po-

291 4337 504 4406 lycarpo
532 4347 594 4391 et
624 4336 854 4389 lrenmo.
897 4335 956 4388 2⁸
992 4334 1247 4404 Ejusdem
1286 4335 1473 4391 Sermo
1518 4338 1870 4405 parwneticus

288 4430 353 4480 ad
383 4426 602 4481 Gnaeos
632 4426 754 4493 (fol.
784 4427 849 4480 17
869 4455 939 4466 -
963 4426 1076 4491 50).
1104 4427 1159 4480 3‘
1182 4426 1435 4495 Ejusdem
1472 4426 1726 4496 Dialogus
1751 4443 1869 4480 cum

1984 3238 2202 3307 scriptis
2234 3240 2354 3292 κατ’
2388 3236 2578 3309 ἐξοχὴν
2609 3254 2707 3309 per
2751 3252 2933 3293 natam
2964 3238 3097 3291 (.‘od.
3132 3236 3262 3306 Reg.
3294 3236 3560 3292 indicavi-

1983 3344 2125 3385 mus.

2053 3422 2116 3477 11.
2157 3421 2336 3477 Codex
2371 3422 2567 3492 Regius
2597 3420 2790 3487 CDLI,
2818 3420 2947 3477 olim
2988 3422 3088 3476 sub
3133 3422 3376 3476 numeris
3423 3420 3563 3475 1169

1980 3523 2035 3587 et
2062 3514 2223 3577 2271,
2249 3515 2721 3577 membranaccus,
2755 3515 2809 3567 in
2836 3513 2955 3580 fol.,
2988 3513 3134 3568 foliis
3151 3522 3411 3581 constans
3429 3512 3559 3575 405,

1979 3618 2089 3672 quo
2121 3603 2262 3671 (vid.
2284 3601 2561 3673 Catalogg.
2600 3603 2637 3658 I.
2667 3605 2744 3672 c.)
2765 3603 3117 3657 continentur
3148 3620 3162 3656 :
3199 3604 3253 3657 1⁸
3277 3602 3560 3656 Clementis

1981 3694 2331 3747 Alexandrini
2354 3694 2485 3747 liber
2506 3694 2901 3748 adhortatorius
2928 3695 2997 3748 ad
3026 3693 3259 3748 Grazcos.
3278 3695 3561 3748 Accedunt

1978 3785 2182 3840 scholia
2222 3785 2561 3854 marginalia,
2591 3800 2764 3855 eaque
2808 3801 2914 3840 non
2962 3786 3386 3850 contemnenda,
3435 3800 3557 3839 cum

1978 3877 2030 3931 in
2080 3878 2289 3932 huncce
2340 3888 2656 3942 tractatum,
2690 3887 2804 3933 tum
2853 3878 2906 3931 in
2955 3878 3093 3931 alios
3122 3878 3213 3945 qui
3256 3886 3561 3946 sequuntur

1976 3968 2092 4039 (fol.
2123 3970 2147 4023 1
2176 3999 2244 4007 —
2269 3969 2338 4023 56
2368 3968 2447 4028 b).
2472 3969 2530 4022 2ο
2561 3968 2815 4039 Ejusdem
2847 3968 3205 4037 Pwdagogus,
3252 3968 3305 4019 in
3352 3976 3457 4021 tres
3497 3967 3561 4020 li-

1975 4062 2093 4115 bros
2121 4062 2343 4117 divisus.
2370 4061 2520 4117 Libri
2547 4062 2708 4129 primi
2740 4062 2927 4116 decem
2954 4060 3134 4129 capita
3159 4059 3342 4131 priora
3374 4069 3430 4113 et
3459 4075 3561 4113 un-

1974 4152 2171 4209 decimi
2206 4155 2421 4208 iuitium
2451 4155 2832 4209 desiderantur
2861 4154 2975 4223 (fol.
3010 4153 3255 4209 57-ι154
3286 4152 3364 4222 1)).
3394 4151 3560 4207 3'Ju-

1972 4248 2101 4301 slini
2134 4247 2203 4300 ad
2234 4246 2431 4301 Zenam
2461 4256 2509 4301 et
2538 4245 2788 4301 Serenum
2822 4247 3012 4314 fratres
3039 4245 3264 4312 epistola
3292 4245 3556 4314 ασκεω»-

1972 4340 2076 4394 165
2114 4339 2147 4394 1)
2180 4359 2193 4394 :
2238 4340 2299 4392 Ἠ
2338 4340 2496 4410 χάρις
2531 4340 2668 4409 μετὰ
2698 4340 2916 4393 πάντων
2950 4338 3100 4409 ὑμῶν
3122 4340 3164 4410 ).
3222 4341 3278 4393 4ο
3307 4337 3559 4407 Ejusdem

1975 4431 2161 4486 Oratio
2190 4433 2509 4500 parwnetica
2550 4433 2618 4483 ad
2652 4429 2862 4485 Crwcos
2915 4432 3052 4502 (fol.
3084 4433 3184 4486 163
3218 4433 3249 4485 1)
3276 4464 3345 4471 -
3371 4433 3467 4485 187
3503 4434 3553 4484 1)-

292 4517 565 4587 Tryphone
614 4518 812 4571 Iudaeo
854 4520 918 4570 de
964 4518 1176 4572 ueritate
1242 4520 1512 4587 religionis
1557 4518 1876 4572 Christiana:
1909 4511 1950 4565 D
1984 4525 2183 4580 Ultima
2240 4523 2452 4577 verba:
2487 4525 2550 4575 υἱ
2592 4523 2649 4575 δὲ
2686 4524 2803 4593 μετ’
2837 4523 3032 4576 αὐτόν·
3068 4524 3265 4577 desunt
3309 4525 3452 4577 cnim
3502 4526 3557 4577 in

290 4611 407 4673 (fol.
436 4610 765 4679 50-195).
797 4609 856 4662 4⁸
874 4608 1125 4677 Ejusdem
1149 4608 1420 4676 Apologia:
1447 4610 1567 4663 dua:
1592 4625 1689 4677 pro
1722 4607 1879 4661 Citri—

289 4702 500 4765 stianis,
533 4716 645 4754 una
674 4700 895 4753 brevior
921 4699 984 4753 ad
1014 4709 1261 4753 senatum
1287 4698 1591 4753 Romanum
1621 4699 1880 4768 (fol.l95—

288 4793 433 4859 201),
466 4793 642 4847 altera
674 4792 941 4859 prolixior
973 4791 1040 4843 ad
1065 4792 1396 4845 Antoninum
1433 4790 1584 4844 Pium
1605 4791 1724 4856 (fol.
1745 4792 1877 4847 201-

292 4884 391 4936 238
441 4883 543 4950 b).
595 4881 918 4949 Sequuntur
962 4880 1217 4949 Epistula:
1265 4891 1400 4945 tres,
1437 4882 1638 4936 exndem
1669 4898 1790 4949 qua:
1821 4881 1872 4934 in

289 4979 445 5031 editis
473 4976 606 5045 (fol.
633 4976 743 5031 238
771 4982 803 5028 1)
839 5005 898 5015 —
918 4974 1067 5044 241).
1099 4975 1155 5029 5°
1184 4972 1436 5043 Ejusdem
1470 4975 1601 5026 liber
1647 4976 1711 5027 de
1755 4992 1871 5028 mo-

290 5072 507 5123 rtars-hia
541 5071 651 5122 sire
676 5070 743 5121 de
778 5068 875 5121 Dei
905 5070 1107 5122 unitate
1131 5067 1246 5135 (fol.
1277 5068 1605 5131 241-247).
1636 5069 1691 5123 6ο
1713 5066 1874 5136 Ejus-

288 5161 396 5211 dem
440 5158 720 5225 Expositio
769 5158 1080 5212 orthodoxw
1119 5158 1243 5224 ﬁdei
1285 5158 1424 5230 (fol.
1470 5159 1664 5213 247-
1700 5160 1798 5211 261

292 5251 343 5304 7'
369 5250 621 5320 Ejusdem
640 5250 955 5318 Confutatio
974 5250 1273 5319 dogmatum
1304 5252 1655 5321 quorumdam
1679 5252 1875 5303 Aristo-

291 5344 551 5395 telicoruns
585 5348 599 5405 (
626 5343 727 5397 fol.
761 5343 865 5396 261
896 5372 969 5382 —-
1002 5343 1106 5397 500
1140 5339 1195 5397 ἱ).
1245 5345 1477 5413 Explicit
1509 5362 1523 5398 :
1555 5344 1666 5397 Καὶ
1700 5343 1874 5411 γίνον-

288 5452 369 5488 ται
398 5433 454 5499 ἐξ
482 5435 731 5505 ἀλλήλων
767 5434 851 5506 [p.
886 5434 995 5489 583
1022 5434 1084 5488 E.
1115 5435 1204 5491 ed.
1237 5434 1470 5505 Marum]
1499 5453 1513 5499 ;
1555 5435 1738 5489 statim
1770 5450 1869 5487 au-

289 5536 388 5579 tem
414 5538 724 5596 sequuntur
757 5527 814 5580 in
845 5526 979 5580 cod.
1001 5536 1137 5580 msto
1161 5544 1174 5580 :
1198 5526 1263 5596 β’.
1283 5528 1347 5580 ’11
1379 5526 1539 5597 φύσις
1570 5529 1604 5597 ὴ
1640 5525 1868 5579 ποιοῦσα

1977 4618 2166 4671 codice
2195 4626 2334 4669 msto
2357 4624 2592 4685 quatuor
2616 4617 3003 4684 quaterniones
3046 4614 3365 4688 [τετράδια],
3416 4616 3472 4669 h.
3503 4632 3557 4674 e.

1978 4706 2200 4775 triginta
2246 4706 2353 4759 duo
2397 4702 2520 4759 folia
2570 4705 2683 4759 sive
2727 4706 3007 4775 sexaginta
3044 4717 3281 4774 quatuor
3319 4706 3555 4774 paginae.

1973 4813 2095 4866 qua:
2136 4798 2247 4867 jam
2287 4796 2486 4851 saeculo
2512 4795 2723 4850 decimo
2758 4808 2953 4865 quarto
2985 4796 3461 4858 desiderabantur,
3498 4806 3558 4850 ut

1973 4889 2145 4955 liquet
2175 4902 2239 4940 ex
2272 4888 2457 4943 verbis
2486 4888 2578 4941 illo
2607 4897 2849 4957 tempore
2878 4888 3203 4956 subscriptis
3228 4906 3242 4941 :
3279 4887 3558 4941 Ἐντεῦθεν

1972 4980 2278 5032 ἐλλείπουσι
2311 4979 2564 5051 τετράὸια
2593 4980 2677 5048 δ’).
2718 4980 2772 5033 5ο
2799 4980 3013 5034 Eusebii
3042 4980 3311 5049 Pamphili
3336 4997 3557 5050 evange-

1974 5071 2089 5124 licae
2134 5070 2553 5139 Pra’parationis
2577 5073 2697 5124 libri
2718 5074 2945 5141 quinque
2974 5073 3179 5139 priores
3218 5075 3235 5142 (
3262 5072 3400 5125 Iibcr
3431 5087 3445 5124 ι
3473 5080 3559 5125 est

1974 5162 2241 5233 principio
2267 5162 2487 5217 mutilus
2516 5180 2531 5216 :
2565 5165 2698 5233 ἡμῖν
2727 5165 2759 5233 ἡ
2805 5163 3097 5236 [deficiunt
3126 5165 3289 5233 igitur
3323 5163 3425 5216 tria
3457 5178 3554 5216 vo-

1976 5252 2192 5325 cabula]
2234 5253 2369 5324 μετὰ
2403 5256 2588 5324 χεῖρας
2624 5254 2747 5327 [sic]
2781 5256 3089 5308 ὲκπονεῖται
3124 5253 3396 5324 πρόθεσις,
3426 5264 3555 5320 etc.,

1976 5345 2087 5400 vid.
2122 5346 2253 5399 edit.
2293 5346 2470 5415 Viger.
2498 5347 2687 5401 Colon.
2724 5347 2880 5411 1688,
2929 5345 3048 5409 fol.,
3079 5361 3133 5413 p.
3167 5347 3195 5397 7
3230 5348 3269 5399 Α
3299 5362 3313 5409 ;
3373 5345 3557 5397 linitur

1975 5433 2071 5487 fol.
2106 5436 2233 5499 522,
2264 5437 2452 5492 eadem
2488 5438 2697 5491 ratione
2724 5452 2830 5507 qua
2859 5438 3000 5504 apud
3028 5437 3211 5503 Viger.
3243 5452 3295 5503 p.
3331 5436 3437 5489 234
3468 5437 3553 5501 (Σ).

1975 5525 2032 5581 6⁸
2062 5528 2408 5599 Athenagora:
2447 5530 2777 5583 Atheniensis
2836 5528 3053 5598 Legatio
3099 5545 3194 5596 pro
3238 5527 3554 5582 Christianis

343 5684 471 5761 illi-
493 5686 568 5761 De
592 5684 1028 5761 suppositarum
1053 5682 1257 5761 iustine
1283 5641 1866 5761 librorum'codicibus
1916 5654 2069 5747 matis
2111 5693 2272 5749 adeas
2324 5691 2655 5761 Fabricium,
2708 5690 2961 5748 Biblioth.
2993 5692 3035 5750 (ἰ
3045 5708 3184 5760 1ἀἰ“-,
3218 5692 3304 5748 ed.
3334 5688 3553 5757 llarles,

279 5750 562 5828 Haiuburgi
599 5750 767 5821 1801,
805 5752 978 5815 ἱππ-4⁸,
1014 5762 1054 5807 t.
1083 5753 1186 5825 Vl],
1210 5770 1263 5825 p.
1301 5758 1370 5813 68
1398 5773 1517 5829 sqq.
