3948 6256
404 362 514 417 219

1330 364 1389 421 s.
1431 334 1773 421 iusrtnus
1804 362 2294 421 PHILOSOPHUS
2328 362 2418 419 ET
2452 363 2766 419 manu.

3640 362 3757 419 220

404 482 549 552 (fol.
584 481 693 537 322
720 481 754 537 b
777 512 848 523 -
871 481 980 539 518
1002 484 1042 552 ).
1072 484 1130 538 7⁸
1160 484 1310 539 Idem
1344 484 1406 538 de
1434 486 1818 539 resurrectione
1852 500 1998 538 mor—
2030 492 2078 547 Α
2107 485 2241 539 nihil
2270 484 2373 539 nisi
2402 484 2667 551 rubricas,
2706 483 2761 537 h.
2792 498 2842 538 e.
2873 481 3082 537 indices
3126 493 3327 536 rerum
3397 480 3481 534 de
3535 480 3755 549 quibus

404 587 619 630 tuorum
647 584 667 647 (
695 574 788 631 1³01.
820 576 926 631 518
952 578 987 633 1)
1009 608 1082 618 -
1116 578 1220 633 567
1257 579 1290 633 b
1313 577 1354 647 ).
1399 578 1456 631 8'
1484 577 1700 632 Eusebii
1734 577 2000 646 Pamphili

404 669 654 722 adversus
683 664 984 721 Hieroclem
1014 667 1149 723 liber
1175 668 1291 739 (fol.
1324 668 1429 723 568
1449 698 1518 707 —
1539 666 1637 723 401
1676 666 1751 738 1)).
1779 667 1836 723 9'
1860 670 2002 722 Ano-

405 762 547 829 nymi
592 760 947 831 fragmentum
998 765 1062 817 de
1103 763 1251 831 loco,
1298 764 1439 818 unde
1477 762 1751 817 accersivit
1789 764 1999 815 asinum

404 850 658 906 Seroator
684 851 918 920 (addidit
951 854 1055 909 hoc
1088 854 1451 923 fragmentum
1483 852 1604 926 [τοι.
1639 852 1746 908 402
1771 852 1881 924 sq.]
1910 854 2003 909 lit-

406 941 537 995 teris
574 942 883 998 urcialihus
932 945 1236 1001 minoribus
1282 956 1568 1001 exaratum
1603 944 1743 1000 alius
1789 946 1995 1012 scriba,

402 1033 493 1102 qui
546 1049 614 1088 ex
666 1034 853 1100 Hasii,
883 1038 1089 1091 veteris
1136 1038 1214 1091 rei
1252 1037 1619 1107 diplomaticae
1650 1036 1993 1105 peritissimi,

402 1126 716 1195 conjectura
762 1128 965 1181 szeculo
1005 1128 1218 1183 decimo
1267 1128 1403 1184 vixit
1446 1126 1583 1199 (12).
1625 1157 1698 1167 -
1745 1127 1797 1183 Is
1826 1130 1994 1183 codex

405 1234 567 1273 manu
592 1217 811 1287 Baanis,
841 1221 1045 1274 notarii
1073 1223 1255 1276 Arcta:
1279 1220 1545 1277 Ctesareaz
1571 1221 1996 1295 archiepiscopi,

406 1326 550 1367 anno
581 1312 919 1368 Cbristi914
967 1324 1226 1369 exaratos
1268 1324 1385 1378 est;
1423 1315 1629 1369 etenim
1672 1314 1741 1369 ad
1788 1314 1998 1370 calcem

406 1400 523 1471 (fol.
545 1401 641 1455 401
673 1401 730 1471 1))
757 1402 959 1457 habet:
1002 1402 1244 1474 Ἐγράφη
1278 1404 1421 1473 χειρὶ
1455 1404 1715 1467 Βαάνους,
1747 1405 1996 1476 νοταρίου

417 1493 609 1563 Ἀρέτα
639 1495 1067 1565 ἀρχιεπισκόπου
1098 1496 1430 1567 Καισαρείας
1450 1496 1864 1561 Καππαδοκίας,
1887 1496 1996 1551 ἔτει

402 1586 610 1657 κόσμου
661 1587 835 1651 ,ςυκ6¹
889 1593 983 1655 (a.
1016 1587 1178 1652 6422,
1232 1588 1288 1641 h.
1330 1602 1381 1642 e.
1411 1586 1615 1643 Christi
1670 1589 1821 1661 914).
1860 1590 1996 1656 Qui-

402 1678 525 1731 dam
579 1677 692 1733 νγ.
750 1678 883 1744 DD.,
919 1688 976 1730 ιιι
1010 1677 1317 1733 llutchinus
1370 1678 1469 1749 (in
1508 1678 1719 1747 praefat.
1756 1682 1823 1735 ad
1859 1682 1992 1736 edit.

402 1768 620 1838 Apolog.
648 1782 784 1833 sec.,
812 1768 942 1833 etc.)
973 1776 1028 1821 et
1056 1766 1322 1821 Nourrius
1369 1767 1388 1837 (
1413 1768 1449 1821 Ι.
1479 1783 1557 1835 c.,
1586 1785 1640 1839 p.
1671 1768 1776 1823 468
1801 1770 1840 1838 ),
1872 1784 1996 1838 pcr-

2105 579 2158 631 in
2193 586 2345 631 textu
2370 576 2572 647 agitur,
2597 580 2680 630 vel
2705 576 2897 630 breves
2924 582 3082 629 notas
3138 572 3755 644 grammatico-asce-

2104 670 2241 725 ticas
2269 668 2610 733 contineant,
2650 668 2738 721 vix
2770 682 2837 721 ac
2874 681 2942 723 ne
2970 668 3060 721 vix
3089 667 3324 735 quidem
3384 665 3575 735 digna
3618 673 3751 720 sunt

2102 774 2223 830 quae
2250 769 2438 815 nostro
2470 768 2715 829 tempore
2768 758 2911 829 typis
2957 757 3387 813 describantur.
3424 755 3509 812 Ut
3549 769 3751 810 exem-

2102 851 2249 921 plum
2280 850 2529 919 all‘eram,
2561 851 2705 919 quod
2733 851 2875 904 haud
2897 848 3012 904 scio
3028 864 3097 903 an
3114 849 3186 905 sit
3209 849 3418 904 instar
3449 849 3746 913 omnium,

2100 940 2195 997 t'ol.
2228 941 2352 1005 108,
2382 942 2449 997 ad
2473 942 2638 996 verba
2669 939 2908 1011 (Cohort.
2953 955 3005 996 c.
3046 939 3137 1009 3|)
3171 940 3343 994 :Kat
3382 936 3595 1006 ἐπέϐη
3640 939 3746 992 ἐπὶ

2098 1034 2408 1103 Χερουϐίμ,
2448 1036 2738 1090 adnotatur
2786 1051 2799 1085 :
2844 1032 2955 1085 Καὶ
2986 1032 3075 1097 τό,
3110 1031 3331 1103 Ἐπέση
3372 1030 3483 1085 ἐπὶ
3518 1032 3742 1101 Χερους

2098 1126 2201 1197 ϐὶμ
2232 1127 2326 1179 καὶ
2358 1126 2651 1197 ὲπετάσθη·
2688 1124 2961 1195 ὲπετάσθη
2991 1126 3085 1179 ἐπὶ
3129 1124 3448 1195 πτερύγων
3497 1125 3737 1194 ἀνέμου·

2099 1213 2187 1289 ἆρ’
2245 1218 2305 1271 οὐ
2364 1220 2728 1290 σαφέστερον;
2768 1218 2832 1271 Ει
2886 1219 3045 1288 paulo
3097 1229 3267 1288 post:
3318 1218 3465 1270 Οὐκ
3523 1216 3602 1270 ἐν
3659 1216 3740 1283 τῷ

2097 1311 2387 1379 πνεύματι
2429 1312 2663 1379 Κύριος.
2725 1310 2894 1364 Τοῦτο
2937 1312 2997 1365 ὲν
3044 1314 3109 1381 τῇ
3164 1309 3290 1364 καθ’
3366 1310 3578 1364 Ἠλίαν
3646 1312 3740 1376 γέ-

2097 1416 2340 1470 γραπται
2413 1401 2655 1474 Θεοπτίεέι,⁹
2704 1402 2781 1467 ὡς
2837 1402 2937 1456 οὐκ
2994 1405 3053 1456 ὲν
3112 1402 3190 1474 τῷ
3247 1402 3558 1473 πνεύματι
3594 1398 3735 1451 Θεοῦ

2098 1493 2529 1563 ὲμφανιζομένου
2575 1491 2902 1562 ἀνθρώποις,
2944 1493 3047 1545 οὐκ
3101 1494 3160 1545 ὲν
3211 1491 3295 1561 τῷ
3369 1491 3732 1561 συσσεισμῴ,

2095 1588 2196 1642 οὐκ
2224 1590 2283 1641 ὲν
2308 1585 2385 1656 τῷ
2415 1586 2566 1656 πυρί.
2606 1586 2765 1657 Ψυχὴ
2806 1587 2916 1659 γὰρ
2946 1585 3256 1658 ἀνθρώπου,
3294 1589 3369 1657 τῇ
3408 1587 3555 1657 περὶ
3597 1588 3733 1641 Θεὸν

2096 1676 2503 1748 ὲνασχολεῖσϐαι
2544 1675 2825 1749 ἀρξαμένη
2886 1676 3111 1749 θεωρίᾳ,
3160 1678 3304 1750 πρὸς
3375 1679 3585 1733 τοῦτον
3631 1679 3730 1750 μὲν

2094 1765 2184 1823 οἷά
2244 1786 2349 1822 τινι
2396 1767 2554 1837 βιαίῳ
2604 1766 2871 1838 πνεύματι
2916 1770 3149 1839 αἴρεται,
3199 1769 3318 1823 ἀπὸ
3367 1770 3490 1823 τῶν
3549 1769 3732 1841 χαμαὶ

401 1837 584 1929 peram
617 1860 867 1930 legerunt
902 1858 1176 1925 Βαάνους
1204 1861 1406 1925 νότου,
1437 1860 1491 1915 id
1521 1837 1664 1930 quod
1685 1837 1805 1927 jam
1828 1837 1989 1916 Bern.

2095 1860 2405 1932 ἐρχομένων
2439 1860 2714 1915 ἁπάντων.
2747 1837 2842 1915 11⁰
2872 1837 3079 1915 Tatiani
3110 1860 3308 1916 Oratio
3350 1864 3430 1916 ad
3476 1837 3724 1919 Graccos.

399 1953 468 2005 de
494 1950 840 2005 Montfaucon
874 1952 946 2021 (Ι.
979 1966 1027 2004 c.
1063 1965 1116 2019 p.
1146 1950 1273 2016 275,
1307 1951 1432 2006 coll.
1467 1967 1519 2021 p.
1545 1952 1614 2006 55
1638 1962 1694 2007 et
1723 1953 1816 2024 45)
1846 1954 1992 2008 vitu-

398 2044 634 2113 peravit.
666 2043 809 2098 Idem
834 2059 898 2097 ex
932 2045 1033 2097 hoc
1070 2044 1289 2098 eximiae
1322 2052 1462 2098 nota:
1487 2044 1678 2099 codice
1708 2056 1869 2112 msto,
1898 2061 1992 2103 eo--

399 2137 522 2189 dem
582 2149 690 2203 quo
741 2135 984 2202 scriptus
1057 2144 1141 2189 est
1216 2134 1623 2204 elegantissimo
1671 2136 1992 2194 charactere

398 2224 708 2295 exemplum
739 2225 1025 2293 proposuit
1062 2224 1143 2295 (Ι.
1171 2240 1222 2278 ο.
1262 2240 1319 2293 p.
1358 2224 1487 2290 274,
1522 2243 1576 2280 ιι.
1606 2226 1668 2280 lll
1695 2227 1737 2297 ).
1771 2229 1994 2284 Videtur

400 2315 570 2370 llasio
620 2315 947 2369 observante
991 2313 1083 2369 ille
1131 2314 1396 2385 νοτάριος,
1435 2316 1490 2372 b.
1522 2330 1573 2372 e.
1607 2318 1989 2388 calligraphus,

400 2409 639 2477 linguam
689 2405 938 2461 Graacam
985 2406 1155 2469 probe
1196 2408 1473 2477 cognitam
1517 2408 1797 2474 habuisse,
1825 2410 1902 2463 ita
1934 2420 1993 2465 ut

398 2499 533 2553 vitia
590 2499 792 2568 passim
843 2499 1000 2553 obvia
1050 2498 1224 2552 codici
1276 2499 1385 2553 sint
1433 2500 1779 2569 impntandi,
1828 2518 1990 2573 quem

402 2591 772 2661 transcripsit.
819 2592 1051 2660 Egregie
1100 2599 1277 2644 autem
1314 2591 1417 2645 hoc
1460 2592 1604 2648 libro
1636 2604 1803 2661 msto,
1837 2595 1992 2666 cujus

401 2683 723 2738 auctoritati
774 2696 883 2751 pra:
932 2684 1171 2746 caeteris,
1208 2691 1265 2735 ιιι
1294 2698 1394 2752 par
1442 2693 1549 2751 est,
1574 2687 1991 2754 obsequendum

398 2780 740 2842 censuimus,
765 2779 876 2849 jam
905 2788 1067 2832 antea
1096 2780 1148 2831 in
1168 2778 1478 2833 Paraenesin
1506 2780 1590 2834 usi
1619 2790 1747 2834 sunt
1772 2780 1994 2836 Hutclii-

400 2886 504 2925 nus
534 2881 589 2925 et
616 2870 895 2938 Maranus,
928 2873 1252 2941 quibuscum
1301 2870 1434 2926 Cod.
1467 2871 1599 2943 Reg.
1636 2876 1661 2928 1
1692 2874 1992 2944 appellavi-

401 2978 544 3017 mus.

467 3053 553 3109 Ill.
586 3053 765 3110 Codex
786 3054 977 3127 Regius
1002 3055 1307 3122 CLXXIV,
1333 3056 1461 3113 olim
1488 3058 1649 3124 55°58,
1684 3069 1799 3114 tum
1818 3060 1987 3128 2919,

2091 1953 2374 2009 Accedunt
2409 1952 2615 2007 scholia
2652 1952 2815 2022 paulo
2848 1954 3123 2015 uberiora,
3170 1968 3275 2008 nec
3328 1954 3571 2023 indigna
3614 1969 3733 2007 om-

2092 2046 2223 2100 nino
2245 2062 2365 2115 qua:
2391 2046 2568 2101 lucem
2621 2044 2892 2113 publicam
2944 2045 3240 2115 aspiciant.
3297 2047 3496 2102 Varia:
3529 2056 3719 2101 autem

2092 2138 2298 2193 codicis
2326 2137 2471 2193 illius
2501 2138 2781 2193 Orationis
2832 2138 3099 2193 lectiones
3141 2139 3195 2192 in
3256 2138 3525 2193 editione
3570 2138 3723 2193 0x0-

2093 2230 2269 2285 niensi
2302 2230 2427 2284 anni
2458 2228 2599 2284 1700
2640 2240 3043 2299 repraesentata:
3072 2240 3225 2286 sunt.
3262 2230 3372 2285 12°
3402 2231 3719 2301 Athenago-

2094 2338 2190 2388 rae,
2221 2322 2555 2377 Atheniensis
2579 2322 2903 2391 philosophi,
2940 2320 3157 2390 Legatio
3196 2339 3299 2391 pro
3343 2322 3718 2384 Christianis,

2093 2429 2215 2468 cum
2271 2414 2543 2470 similibus
2589 2414 2836 2472 scholiis.
2884 2415 2991 2469 15°
3024 2412 3284 2483 Ejusdem
3324 2424 3600 2469 tractatus
3651 2417 3715 2468 de

2092 2514 2421 2559 mortuorum
2449 2506 2854 2560 resurrectione.
2901 2504 2999 2557 140
3028 2504 3245 2560 Eusebii
3278 2502 3563 2576 Pamphili
3588 2507 3715 2558 liber

2093 2598 2342 2652 adversus
2399 2597 2722 2651 Hieroclem.
2756 2626 2824 2636 —
2867 2596 2914 2651 Is
2965 2598 3159 2665 codex,
3215 2597 3385 2665 cujus
3428 2597 3709 2665 specimen

2093 2689 2243 2745 dedit
2288 2688 2553 2745 Bernard.
2598 2690 2667 2744 de
2720 2687 3041 2743 Monfaucon
3096 2689 3159 2757 (Ι.
3186 2703 3259 2751 c.,
3291 2705 3349 2759 p.
3398 2688 3535 2753 279,
3563 2687 3710 2757 n.l),

2095 2779 2294 2835 saeculo
2345 2779 2636 2835 undecimo
2686 2791 2948 2835 exaratos
2994 2781 3210 2834 videtur
3250 2780 3379 2851 (15)
3410 2796 3441 2834 a
3475 2779 3708 2835 diversis

2092 2875 2309 2944 quidem
2336 2873 2611 2937 manibus,
2641 2888 2763 2941 quae
2810 2882 2991 2926 tamen
3043 2887 3233 2926 omnes
3284 2870 3546 2941 ejusdem
3594 2870 3707 2925 lere

2094 2967 2353 3037 temporis
2401 2974 2548 3020 sunt.
2581 2965 2637 3018 In
2698 2964 2805 3018 ﬁne
2834 2963 2952 3033 (fol.
3002 2963 3105 3019 190
3143 2964 3197 3033 b)
3237 2964 3534 3033 reperitur
3592 2964 3704 3017 haec

2091 3057 2419 3128 possessoris
2453 3065 2578 3111 nota
2639 3055 2954 3110 inferiorem
3006 3065 3224 3111 atatem
3281 3057 3579 3127 prodens:
3641 3056 3704 3108 ’11

399 3152 874 3215 membranaceus,
906 3150 1097 3204 forma:
1127 3153 1432 3218 quadratae,
1471 3151 1985 3220 Fonteblandensis,

2095 3149 2275 3220 βίϐλος
2304 3147 2441 3219 αὕτη
2474 3147 2725 3213 εὐτελοῦς
2766 3148 3176 3221 χαρτοφύλακος
3214 3150 3380 3203 πέλει.
3428 3146 3701 3219 Γεωργίο.)

398 3239 451 3293 h.
481 3254 531 3294 e.
558 3254 623 3293 ex
661 3238 830 3310 Regia
862 3239 1194 3295 bibliotheca
1234 3242 1362 3296 olim
1394 3244 1447 3297 in
1501 3259 1629 3298 arce
1661 3243 1989 3299 Fonteblan-

395 3332 546 3387 densi
575 3343 856 3387 asservata
887 3332 1154 3403 originem
1188 3335 1428 3389 trahens.
1478 3335 1630 3391 Folia
1693 3346 1822 3390 sunt
1866 3336 1988 3390 190.

395 3420 471 3475 lbi
525 3422 658 3484 (vid.
710 3421 993 3492 Catalogg.
1055 3440 1109 3493 p.
1166 3424 1233 3478 27
1298 3425 1407 3493 sq.)
1483 3428 1880 3484 continentur:
1928 3431 1990 3483 1°

398 3511 766 3582 Olympiodori
793 3512 1218 3570 Commentarius
1241 3518 1297 3571 in
1330 3518 1707 3574 Ecclesiasten.
1736 3521 1801 3574 2°
1828 3521 1993 3576 Scho-

395 3604 470 3658 lia
501 3605 557 3658 iu
601 3604 881 3660 Proverbia
920 3606 1251 3672 Salomonis,
1282 3622 1313 3662 e
1335 3608 1543 3673 Basilii,
1595 3611 1865 3678 Diadecti,
1901 3612 1993 3665 Di-

397 3692 565 3761 dymi,
601 3693 837 3761 Evagrii,
866 3692 1136 3764 Hippolyti
1166 3705 1221 3748 et
1246 3695 1473 3749 Palladii
1522 3699 1743 3767 scriptis
1800 3716 1992 3754 excer-

395 3797 508 3854 pta.
540 3785 817 3841 Laudatur
845 3787 1010 3841 etiam
1033 3789 1375 3844 Aristoteles.
1420 3790 1484 3842 5°
1514 3790 1795 3845 Athanasii
1844 3792 1990 3847 locus

396 3884 461 3931 (te
494 3876 748 3932 Psalmis.
781 3878 846 3932 4°
872 3878 1059 3932 Decem
1092 3880 1279 3934 veteris
1308 3880 1434 3951 legis
1462 3888 1740 3938 mandata.
1774 3885 1838 3939 5°
1873 3885 1995 3939 Mu-

396 3971 527 4022 rcimi
578 3970 895 4038 confessoris
939 3970 1298 4035 Quwstiones,
1350 3973 1788 4044 interrogationes
1826 3987 1872 4031 et
1906 3994 1991 4031 re-

394 4060 702 4127 sponsiones
728 4061 1022 4124 breviores;
1053 4063 1173 4114 item
1225 4063 1556 4117 diversorum
1591 4067 1822 4133 capitum
1854 4068 1992 4136 di/ii-

396 4154 575 4208 cilium
618 4154 808 4207 selecta
860 4154 1160 4222 explicatio.
1202 4157 1269 4211 δ’
1303 4155 1520 4209 Scholia
1560 4157 1615 4210 in
1662 4157 1990 4215 Ezechielem

394 4249 722 4317 prophetam,
754 4261 819 4300 ex
855 4246 1203 4316 Apollinarii,
1259 4246 1510 4315 Gregorii
1568 4248 1827 4321 Nysseni,
1866 4253 1990 4307 Ori-

397 4341 572 4410 genis,
600 4340 947 4411 Polyehronii
971 4350 1025 4395 et
1056 4338 1389 4395 Theodoreti
1437 4342 1659 4410 scriptis
1706 4354 1987 4413 excerpta.

396 4436 459 4487 7°
482 4433 699 4488 Scholia
726 4435 783 4490 in
818 4434 1085 4489 Danielcm
1105 4450 1124 4500 ;
1153 4434 1224 4488 ibi
1271 4449 1648 4502 saepenumero
1698 4434 1991 4489 laudantur

396 4525 723 4591 Africanus,
775 4525 1123 4593 Annnonius,
1184 4528 1648 4596 Chrysostomns,
1710 4526 1983 4596 Cyrillus,
2017 4534 2064 4590 D

398 4618 721 4689 Hippolytus
762 4629 816 4673 et
841 4618 1258 4689 Polychronius.
1290 4622 1357 4675 8°
1398 4619 1713 4689 Excerptae
1753 4620 1993 4674 Theodo-

397 4711 493 4762 reti
526 4710 766 4780 Dialogis
793 4712 984 4775 tribus,
1019 4711 1307 4781 ὲρανιστὴν
1338 4712 1477 4765 inter
1516 4721 1565 4765 et
1614 4712 1988 4765 orthodoxam.

395 4800 460 4855 9°
499 4799 684 4854 Sancti
737 4799 939 4855 Justini
985 4803 1237 4870 martyris
1284 4801 1355 4853 ad
1402 4800 1600 4854 Zenoni
1642 4812 1688 4855 et
1735 4800 1992 4854 Serenum

395 4894 615 4961 epistola
646 4894 764 4963 (fol.
822 4893 1019 4959 85-92;
1076 4894 1248 4964 prima
1294 4902 1350 4947 et
1400 4902 1645 4947 extrema
1702 4895 1869 4948 verba
1923 4895 1999 4949 le-

396 4998 595 5056 guntur
647 4988 723 5041 uti
772 4987 912 5056 apud
945 4985 1302 5055 Maranutnp.
1330 4986 1431 5040 40S
1466 4986 1716 5039 Λ.-417
1760 4985 1847 5057 Β).
1896 4989 1992 5041 11)ο

398 5078 653 5151 Ejusdem
681 5079 870 5134 Oratio
895 5081 1216 5148 parwnetica
1245 5081 1315 5134 ad
1364 5080 1599 5137 Graecos.
1634 5079 1893 5151 Conjecta
1926 5084 1993 5137 ad

397 5172 697 5241 marginem
724 5170 911 5226 brevia
940 5172 1189 5241 quaedam
1218 5170 1424 5226 scholia
1468 5173 1739 5226 hactenus
1787 5172 1992 5227 inedita

391 5263 596 5337 (to|.92
634 5264 988 5336 b—ll2).Ea
1022 5272 1231 5331 autem,
1261 5263 1427 5320 llasio
1459 5265 1667 5335 judice,
1701 5280 1826 5320 cum
1874 5264 1992 5320 fere

471 5396 585 5471 (12)
626 5398 1078 5471 Montefalconins
1108 5406 1292 5471 autem
1320 5399 1613 5471 (Palaeogr.
1636 5398 1756 5463 Gr.,
1788 5414 1842 5468 p.
1863 5400 1993 5469 276)

397 5470 499 5522 ista
546 5469 653 5523 duo
706 5469 834 5522 folia
889 5473 1097 5539 integra
1154 5486 1185 5523 a
1239 5469 1419 5525 Baane
1448 5469 1694 5525 exercitii
1735 5480 1789 5524 et
1825 5473 1991 5524 animi

397 5554 567 5593 causa
596 5539 797 5592 uneiali
826 5542 1144 5593 charactere
1181 5541 1440 5608 opinatur
1469 5542 1742 5609 descripta
1776 5555 1918 5595 esse.

470 5610 584 5677 (15)
610 5610 754 5663 Idetn
793 5610 1243 5680 Montel'alconins
1284 5610 1332 5678 (Ι.
1374 5625 1425 5665 c.
1454 5627 1507 5679 p.
1542 5611 1646 5663 9.77
1710 5610 1860 5680 sqq.)
1894 5611 1991 5663 de-

398 5680 543 5733 cimo
571 5681 712 5732 hunc
740 5679 980 5733 codicem
1036 5680 1236 5733 szecnlo
1281 5682 1489 5746 jndicat
1544 5679 1804 5749 scriptum
1846 5696 1990 5737 esse.

403 5770 422 5830 ς
464 5750 616 5830 δίειμι,
670 5751 866 5830 inquit,
920 5751 970 5802 in
1011 5750 1229 5830 .aIitlllnl
1275 5752 1516 5830 ejusdem
1560 5750 1993 5830 forttta:_c0dices

402 5821 587 5885 incidi,
626 5817 757 5875 anni
791 5831 974 5875 notam
1007 5817 1264 5888 ferentes,
1298 5822 1387 5891 qui
1437 5836 1623 5876 omnes
1668 5822 1857 5876 eodem
1889 5836 1991 5875 sazr

2093 3241 2187 3295 τοῦ
2247 3240 2560 3312 Σκληράτου
2608 3240 2853 3294 διακόνου
2902 3242 3001 3311 τῆς
3039 3241 3247 3309 Πάφου.
3314 3240 3376 3297 Id
3424 3250 3516 3296 est
3557 3240 3698 3294 enim

2093 3333 2304 3402 signum
2332 3331 2530 3397 crucis,
2556 3330 2732 3399 quod,
2767 3345 2825 3385 ut
2851 3332 3048 3386 llasins
3087 3332 3296 3386 abhinc
3344 3341 3587 3400 quatuor
3608 3344 3699 3381 au-

2093 3440 2194 3479 nos
2216 3424 2271 3477 in
2299 3423 2510 3477 Graecia
2552 3422 2709 3489 vidit,
2748 3424 2956 3478 nostris
2979 3438 3197 3493 quoque
3228 3424 3575 3493 temporibus
3603 3421 3695 3475 bo-

2096 3518 2270 3572 mines
2302 3526 2432 3570 natu
2472 3516 2707 3587 grandes
2748 3526 2910 3586 atque
2950 3516 3023 3587 pii
3063 3524 3304 3583 ponunt,
3340 3515 3694 3585 quotiescnno

2092 3625 2198 3679 que
2232 3609 2435 3679 aliquid
2481 3618 2608 3663 sunt
2650 3609 2944 3677 scripturi;
2996 3620 3317 3677 nuncupant
3361 3608 3429 3662 τὸ
3468 3603 3690 3673 σταυρὲ

2086 3701 2319 3769 βοήθει.
2344 3701 2600 3757 Codicem
2632 3712 2813 3757 autem
2849 3700 2996 3754 illum
3037 3700 3321 3756 Orationis
3351 3701 3691 3770 parmuetica:

2092 3794 2234 3848 haud
2270 3794 2748 3858 contemnendum,
2797 3795 2909 3863 qui,
2945 3802 3002 3847 ut
3048 3808 3115 3848 ex
3172 3795 3411 3848 miriﬁca
3459 3805 3686 3847 consen-

2092 3889 2248 3945 sione
2279 3892 2528 3959 patescit,
2562 3890 2805 3960 ejusdem
2845 3889 3065 3946 l‘amilis:
3116 3899 3199 3946 est
3253 3901 3427 3960 atque
3466 3889 3599 3957 Reg.
3631 3886 3683 3939 1.

2093 3982 2166 4051 (ιι.
2199 3980 2350 4050 451),
2396 3980 2661 4034 llutchini
2708 3990 2766 4034 et
2816 3979 3021 4035 Marani
3070 3980 3206 4051 siglo
3262 3980 3399 4037 Cod.
3448 3978 3578 4048 Reg.
3628 3975 3682 4041 2.

2091 4073 2513 4142 designavitnus.

2163 4160 2456 4215 lV.Corle:c
2479 4159 2673 4230 Regius
2703 4158 2863 4225 XIX,
2920 4159 3051 4213 olim
3101 4158 3459 4213 Colbertinus
3510 4153 3678 4217 3581;

2092 4252 2216 4305 inde
2256 4254 2325 4307 ab
2357 4252 2686 4317 8111101752,
2725 4267 2852 4307 cum
2880 4251 3118 4306 Colberti
3146 4266 3336 4320 nepos,
3377 4263 3560 4304 comes
3615 4246 3679 4299 de

2094 4344 2403 4414 Seignelay,
2439 4354 2607 4399 mstos
2645 4344 2814 4399 libros
2854 4343 3175 4397 haereditate
3211 4352 3467 4411 acceptos
3503 4338 3677 4394 Ludo-

2094 4436 2215 4492 vico
2266 4435 2360 4491 XV
2427 4436 2779 4500 vendidisset,
2846 4434 3045 4503 Regius
3113 4433 3277 4501 9.854,
3337 4436 3674 4496 chartaceus,

2097 4624 2286 4681 formae
2315 4624 2615 4695 quadratae.
2646 4622 2719 4676 lbi
2751 4622 2880 4692 (vid.
2914 4621 3193 4689 Catalogg.
3219 4635 3271 4690 p.
3307 4621 3363 4686 9)
3400 4616 3667 4675 continen-

2096 4729 2185 4773 ιω·
2226 4742 2238 4772 ;
2279 4720 2337 4771 1ο
2366 4716 2489 4770 Job.
2542 4715 2607 4767 2°
2635 4714 2836 4767 Justini
2880 4713 3173 4780 philosophi
3216 4720 3264 4766 et
3305 4710 3545 4779 martyris
3577 4706 3670 4759 Co-

2112 4810 2343 4862 hortatio
2390 4809 2458 4860 ad
2526 4804 2759 4859 Gra'cos.
2796 4807 2860 4857 5°
2889 4803 3253 4873 Apocalypsis.
3290 4833 3360 4843 —
3403 4802 3450 4855 Is
3484 4799 3666 4860 codex,

2096 4901 2250 4970 cujus
2278 4902 2405 4954 folia
2441 4916 2543 4953 non
2573 4907 2854 4950 uulnerata
2890 4907 3039 4961 sunt,
3067 4897 3268 4952 saeculo
3292 4896 3499 4951 decimo
3522 4899 3668 4944 sexto

2094 5002 2352 5047 exaratos
2378 4992 2593 5045 videtur
2634 4990 2794 5057 idque
2829 4987 2995 5043 llasio
3043 4990 3374 5042 admonente
3404 4985 3472 5039 ab
3498 4983 3666 5048 aliquo

2096 5086 2377 5154 Europaeo,
2414 5085 2469 5138 h.
2502 5098 2553 5138 e.
2577 5081 2933 5137 occidentalis
2960 5092 3139 5143 terrae,
3178 5082 3294 5135 sive
3352 5076 3513 5133 Italia:
3562 5076 3666 5125 sive

2094 5176 2307 5243 Galliae,
2336 5177 2538 5242 incola,
2567 5178 2658 5245 qui
2694 5176 2797 5230 hoc
2827 5175 3064 5229 fortasse
3102 5172 3264 5227 modo
3284 5168 3563 5241 quamdam
3615 5162 3661 5213 in

2094 5270 2297 5326 Grmcis
2335 5269 2531 5325 litteris
2581 5268 3033 5324 exercitationem
3086 5266 3191 5321 sibi
3236 5264 3403 5322 voluit
3450 5270 3661 5333 parare;

2094 5404 2218 5459 culo
2240 5404 2446 5459 exarati
2475 5412 2619 5458 sunt.
2650 5401 2747 5456 llic
2770 5401 2952 5456 dativo
2975 5418 2993 5452 ι
3019 5399 3333 5462 ascribitur,
3380 5407 3435 5449 nt
3485 5395 3532 5443 in
3562 5392 3660 5463 ἐπι·

2096 5475 2301 5539 στολῆι,
2348 5473 2489 5542 quod
2511 5475 2561 5525 in
2590 5472 2795 5539 aliquot
2818 5472 3217 5542 exemplaribus
3244 5470 3553 5521 observatur
3570 5476 3592 5542 ς·
3612 5472 3656 5542 [II

2095 5528 2338 5613 pluribus
2366 5528 2661 5596 bmittitnr.
2682 5528 2991 5595 'Accentus'
3011 5557 3127 5613 non,
3160 5540 3229 5592 ita
3278 5542 3522 5609 accurate
3546 5528 3651 5613 ubi:

2095 5605 2199 5682 que
2228 5622 2505 5675 notantur,
2539 5614 2631 5667 sed
2660 5614 2804 5682 haud
2839 5628 2962 5664 raro
2995 5611 3352 5679 negliguntur,
3375 5616 3427 5682 _ct
3452 5605 3653 5682 svi-filiis

2095 5670 2367 5753 similiter,
2412 5670 2503 5754 qui
2552 5684 2733 5753 prisca
2774 5681 2948 5737 forma
2996 5670 3313 5751 plerumque
3355 5670 3651 5732 describun-

2098 5766 2199 5809 tur.
2240 5774 2258 5805 ι
