3948 6256
176 344 265 397 ’ΞΞΙ
1044 356 1430 414 EXCERPTA
1470 358 1556 412 EX
1595 357 2059 413 PRA‘IFATIONE
2101 318 2784 419 EDITORlSdENENSlS.
3456 352 3567 407 ω

176 460 417 513 mnam“
443 471 654 517 “me”
686 481 1006 535 Ρθηηειηι.
1034 489 1157 527 non
1192 477 1462 529 calamum
1496 478 1870 546 scriptorium.
1905 486 1947 536 A
1979 477 2253 531 Serenum.
2302 475 2401 530 14°
2437 475 2711 544 Expositio
2757 473 2968 544 (eadem
3022 486 3142 541 qua:
3198 468 3384 539 supra)
3439 485 3563 523 con-

184 566 287 619 ‘1‘”
313 551 434 607 501°
464 563 573 606 θυι
598 571 830 623 Dellius
862 564 1066 617 auleis
1098 564 1278 620 Graici
1309 582 1480 635 usque
1530 567 1598 619 ad
1659 566 1870 634 imperii
1976 575 2218 643 fessionis
2245 573 2573 627 orthodom’.
2606 570 2656 624 ls
2687 570 2857 625 codex
2892 577 3063 622 mstus
3109 566 3281 634 Regio
3333 578 3563 618 numero

194 659 444 699 measutu
469 648 838 705 utebantur.
876 652 1065 710 Hunc
1126 658 1394 721 codicem,
1440 660 1530 726 qui
1577 657 1707 710 licet
1756 672 1876 724 pro-

1997 665 2083 720 l50
2126 665 2391 734 insignito
2442 663 2753 717 simillimus
2806 669 2919 725 est;
2975 659 3177 714 etenim
3210 672 3317 710 non
3351 666 3559 709 tantum

205 752 346 805 νηίε
399 736 686 793 Ramnes
737 742 985 797 Nullas
1044 746 1278 809 habeal.
1316 748 1457 801 haud
1492 749 1658 803 dubie
1692 757 1872 800 laute“
1976 772 2143 827 opera
2173 758 2361 811 eodem
2388 756 2581 810 ordine
2617 753 3019 824 complectitur,
3067 750 3162 805 sed
3216 758 3273 802 et
3322 745 3563 817 Epistula

228 845 291 938 (ἓ
324 830 518 884 eodem
547 830 730 938 fluxit
766 834 945 890 fonte
979 853 1053 891 ac
1110 838 1247 907 Reg.
1283 837 1318 890 2
1348 841 1425 906 (η.
1464 838 1612 902 174),
1654 853 1784 901 ηοη,
1818 846 1876 892 ut

1997 852 2045 903 id
2075 847 2273 903 Zenam
2294 858 2341 903 et
2373 846 2646 911 Serenum,
2695 847 2873 914 primo
2923 843 3047 897 loco
3097 840 3381 901 collocata,
3410 838 3565 892 initio

234 923 498 990 lautius,
526 923 981 992 Colbertinum,
1017 931 1120 983 sed
1157 929 1290 986 Cod.
1324 930 1445 1001 Reg.
1482 931 1516 984 4
1550 932 1764 984 vocavi.

1997 945 2294 996 Ietruncata
2310 950 2415 994 est.
2435 938 2549 994 Huc
2577 939 2808 1003 accedit,
2841 936 2984 1005 quod
3015 933 3134 1004 ejus
3159 932 3419 986 lectiones
3446 929 3564 999 ple-

308 1016 371 1071 V.
408 1014 593 1070 Codex
636 1016 857 1087 Regius
902 1019 1085 1075 CXC-
1122 1021 1268 1092 (Vid.
1334 1022 1669 1090 Supplémenl
1730 1040 1872 1092 grec,

268 1110 386 1178 quod
440 1109 911 1179 supplementum
975 1128 1077 1168 eos
1122 1114 1369 1168 continet
1420 1114 1637 1169 codices
1679 1123 1871 1178 tostos,

279 1204 353 1269 qui
380 1214 502 1271 post
528 1218 743 1257 annum
787 1203 945 1257 1710
978 1205 1035 1258 in
1069 1204 1457 1260 bibliothecam
1490 1205 1711 1274 Regiam
1751 1219 1876 1272 per-

278 1299 538 1364 iecerunt)
581 1296 796 1351 saeculo
835 1297 1063 1351 decimo
1102 1298 1337 1366 septimo
1366 1297 1419 1350 in
1453 1298 1641 1350 charta
1665 1296 1870 1365 vulgari

270 1403 491 1458 papyrea
524 1401 802 1445 exaratos
839 1390 1109 1460 foliisque
1147 1399 1400 1445 constans
1432 1389 1558 1443 540.
1593 1388 1694 1455 Qui
1722 1398 1873 1443 octo-

270 1483 429 1535 naria!
453 1480 645 1535 forma
679 1481 831 1535 liber
875 1492 1080 1544 mstus,
1132 1489 1386 1547 excerpta
1423 1496 1492 1533 ex
1548 1478 1870 1547 Epiphanio,

268 1574 537 1626 Clemente
567 1573 992 1637 Alexandrino,
1036 1573 1274 1639 Origene
1334 1571 1564 1640 aliisque
1615 1569 1873 1623 Patrihus

268 1664 656 1719 ecclesiasticis
699 1668 1027 1729 continens,
1054 1678 1259 1731 paucas
1304 1663 1508 1731 praebet
1552 1663 1670 1731 (l’ol.
1696 1661 1875 1715 9.86—-

268 1758 368 1810 5118
400 1758 453 1826 b)
482 1759 852 1813 collectiones
870 1774 936 1812 ex
956 1758 1016 1812 S.
1035 1757 1251 1811 Justino
1265 1755 1463 1809 additis
1484 1756 1740 1810 brevibus
1771 1754 1874 1808 La-

272 1851 394 1903 tinis
422 1850 914 1913 adnotationibus;
954 1851 1051 1903 sed
1105 1850 1268 1902 istum
1306 1849 1461 1909 nihil.
1497 1849 1639 1917 quod
1699 1863 1877 1915 operte

271 1942 499 2005 pretium
535 1952 718 2004 esset,
745 1942 815 1993 ad
856 1951 1064 1995 textum
1100 1940 1499 1995 emendandum
1526 1939 1760 2008 pncsidii
1797 1939 1877 1992 af-

272 2036 412 2087 ferre
457 2048 652 2103 posse,
728 2035 929 2090 llasius
978 2034 1148 2089 ﬁdem
1195 2032 1345 2089 fecit.
1378 2061 1452 2074 —-
1484 2034 1681 2089 Statim
1742 2034 1879 2101 adji-

270 2134 447 2177 ﬂatur

340 2218 427 2274 Vl.
473 2220 663 2273 Codex
703 2218 1175 2283 Claromontanus,
1212 2219 1287 2272 ita
1319 2232 1348 2271 a
1383 2216 1608 2271 Marano
1642 2215 1880 2285 appella-

269 2325 373 2376 tus,
416 2314 570 2379 quod
618 2311 957 2365 bibliotheca
991 2309 1204 2375 collegii
1234 2308 1561 2363 Parisiensis
1585 2308 1881 2363 Societatis

264 2404 389 2457 .lesu
437 2419 568 2457 eum
622 2402 1087 2457 subministravit.
1144 2399 1346 2468 Ejectis
1410 2410 1589 2455 autem
1643 2416 1672 2453 e
1707 2399 1879 2455 Gallia

264 2494 491 2551 Jesuitis
522 2494 829 2564 (3.1764),
863 2509 985 2547 cum
1025 2492 1167 2545 illius
1214 2492 1560 2546 bibliothecze
1608 2491 1731 2544 libri
1782 2507 1902 2559 pur

267 2590 408 2642 blice
438 2590 858 2649 venderentur,
889 2586 1059 2640 codex
1115 2586 1207 2639 ille
1248 2594 1421 2637 mstus
1473 2584 1526 2636 in
1582 2582 1879 2637 Meermani

270 2696 463 2733 mamis
486 2679 771 2748 pervenit.
814 2679 934 2743 Quo
966 2687 1186 2730 mortuo
1214 2692 1334 2729 cum
1367 2676 1489 2730 aliis
1516 2674 1759 2744 scriptis'
1790 2675 1879 2743 (a.

272 2772 431 2839 1321)
487 2773 544 2825 in
596 2771 857 2839 Angliam
896 2769 1136 2832 transiit,
1168 2779 1226 2822 ut
1259 2766 1609 2822 illustrissimi
1660 2765 1883 2820 Thomas

274 2865 543 2933 Phillipps
572 2864 933 2917 bibliothecae
959 2862 1012 2914 in
1040 2861 1167 2916 villa
1196 2860 1490 2915 Middleltill
1523 2859 1590 2914 ad
1625 2858 1880 2927 oppidum

273 2956 579 3023 Broadway
612 2954 697 3019 (in
731 2951 997 3005 comitatu
1048 2948 1328 3002 Vorcestr.
1382 2946 1571 3005 situm)
1627 2944 1885 2998 instituta:

274 3050 692 3118 adjungerctur.
768 3042 893 3097 Vid.
970 3040 1215 3111 Catalog.
1305 3049 1569 3093 mstorum
1632 3037 1881 3092 codicum

274 3142 485 3210 collegii
544 3136 971 3195 Claromontani
1009 3135 1213 3205 (Paris.
1246 3133 1409 3193 1761,
1459 3131 1514 3201 8)
1575 3146 1628 3199 p.
1662 3130 1734 3183 25
1769 3145 1881 3197 sq.,

278 3252 425 3288 num.
464 3230 741 3293 LXXXII,
776 3240 831 3283 et
873 3229 1197 3283 Bibliothec.
1237 3226 1533 3279 Meerman.
1588 3223 1704 3276 sive
1736 3231 1886 3275 cata-

278 3330 381 3398 log.
410 3328 683 3380 librorum
717 3324 1111 3391 impressorum
1157 3329 1212 3373 et
1268 3318 1521 3371 codicum
1588 3324 1884 3379 mstorum,

278 3437 413 3488 quos
445 3451 523 3461 ——
556 3427 745 3473 morte
782 3414 1080 3483 dereliquit
1118 3411 1357 3467 Joannes
1404 3409 1707 3471 Meerman,
1754 3415 1885 3460 tom.

281 3514 341 3566 IV
376 3514 569 3583 (Baga
612 3511 823 3566 Comit.
874 3509 1035 3572 1324,
1067 3508 1147 3577 8),
1179 3522 1231 3576 p.
1264 3506 1316 3570 ‘7,
1345 3520 1499 3560 num.
1530 3501 1704 3565 LVII;
1756 3501 1886 3558 coll.

282 3608 439 3661 Gust.
498 3605 742 3659 ll’ancl:
800 3601 1048 3668 Catalogi
1107 3600 1369 3653 librorum
1435 3605 1725 3658 mstorum,
1779 3606 1885 3648 etc.

283 3698 457 3767 (Lips.
490 3697 659 3759 1830,
704 3694 787 3761 ι),
832 3708 889 3762 p.
925 3691 1052 3747 894.
1094 3691 1193 3745 llic
1232 3691 1399 3744 codex
1426 3690 1772 3748 chartaeeus,
1802 3686 1888 3738 in-

286 3790 406 3853 foL,
457 3787 842 3855 complectens
888 3783 1015 3837 folia
1072 3783 1197 3847 5'77,
1246 3782 1446 3835 saeculo
1484 3780 1697 3834 decimo
1735 3787 1890 3831 sexto

285 3891 542 3936 exaratos
564 3878 974 3949 est(1£)eoque
1004 3877 1353 3929 continentur
1384 3892 1397 3924 :
1433 3874 1495 3925 1°
1524 3868 1731 3923 Justini
1773 3867 1889 3935 plci-

288 3976 489 4041 losoplti
521 3982 574 4027 et
626 3972 884 4039 martyris
932 3967 1175 4037 Epistola
1209 3968 1275 4017 ad
1309 3964 1510 4018 Zenam
1540 3971 1590 4016 et
1632 3960 1885 4014 Serenum

290 4068 497 4130 fratres.
533 4064 957 4118 Praemittuutur
990 4058 1253 4112 nonnulla
1304 4057 1370 4109 de
1410 4053 1626 4107 Justino
1657 4068 1723 4105 ex
1760 4052 1889 4105 Sni-

293 4162 374 4217 da,
410 4156 611 4210 Photio
652 4154 799 4207 aliis.
826 4153 889 4204 Ξ·
922 4151 1284 4204 Ρανωηειὶσιω
1314 4148 1383 4199 ad
1417 4158 1619 4216 gentes.
1653 4146 1715 4199 5°
1755 4144 1892 4197 Dia-

293 4254 437 4316 logus
468 4262 590 4299 cum
627 4244 925 4312 Trypltone.
955 4242 1021 4295 4°
1044 4239 1298 4309 Apologia
1326 4248 1547 4306 utraque
1586 4253 1686 4305 pro
1731 4234 1892 4288 Chri-

294 4342 477 4393 stianis
501 4354 633 4393 cum
660 4336 907 4404 epistolis
924 4331 1181 4386 Antonini
1200 4340 1255 4384 et
1272 4329 1434 4383 Marci
1474 4329 1890 4395 imperatorum.

296 4433 359 4485 ὃν
398 4429 473 4482 De
501 4425 844 4481 monarchia.
890 4426 953 4477 ϋο
990 4422 1265 4489 Expositio
1298 4419 1425 4486 ﬁdei
1466 4434 1558 4472 seu
1597 4423 1660 4469 de
1708 4419 1894 4469 sancta

1977 1049 2208 1104 rumque
2251 1049 2375 1089 cum
2429 1032 2603 1101 Regio
2635 1032 2710 1085 ita
2740 1028 3098 1091 conveniunt,
3124 1025 3316 1080 eodem
3358 1039 3429 1078 ex
3469 1037 3567 1077 co-

1974 1128 2094 1182 dice
2121 1138 2180 1182 ut
2202 1136 2433 1196 uterque
2470 1124 2783 1192 descriptus
2821 1120 3076 1174 videatur
3103 1117 3189 1172 vel
3219 1116 3359 1171 alter
3385 1130 3453 1170 ex
3484 1115 3569 1168 al-

1977 1231 2111 1277 tero.
2159 1218 2486 1273 Sirmondus
2531 1224 2790 1269 narrante
2841 1211 3074 1265 Nourrio
3110 1211 3169 1279 (l.
3217 1224 3294 1276 c.,
3339 1222 3395 1277 p.
3436 1205 3565 1273 1-68)

1977 1326 2188 1366 summa
2230 1310 2510 1379 diligentia
2548 1307 3042 1362 Claromontanum
3075 1301 3321 1357 codicem
3369 1313 3567 1369 pervo-

1977 1404 2169 1457 lutavit
2200 1402 2358 1468 eique
2390 1414 2553 1452 manu
2590 1412 2687 1451 sua
2721 1406 2779 1451 et
2820 1395 3034 1449 initium
3078 1392 3323 1461 epistolae
3354 1390 3422 1442 ad
3464 1387 3569 1443 Ze-

1978 1509 2100 1549 nam
2152 1502 2207 1547 et
2258 1490 2526 1545 Serenum
2578 1488 2827 1541 mutilum
2890 1484 3162 1555 supplevit
3220 1481 3564 1551 pmﬁxitque

1977 1585 2217 1639 omnium
2242 1598 2362 1652 qua:
2385 1580 2630 1637 continet
2669 1592 2894 1648 operum
2942 1574 3251 1630 elenchum.
3288 1572 3429 1625 Idem
3479 1579 3567 1623 est

1978 1674 2068 1728 ille
2094 1672 2286 1735 codex,
2328 1684 2564 1739 quocum
2605 1668 2838 1723 selectos
2872 1663 3136 1735 quosdam
3188 1661 3342 1718 locos
3380 1658 3569 1714 conle-

1980 1764 2176 1819 rendos
2202 1761 2481 1816 Thirlbius
2503 1758 2734 1814 curavit.

2053 1856 2109 1909 ln
2142 1855 2314 1911 Gallia
2344 1862 2543 1922 praeter
2582 1850 2798 1905 codices
2843 1857 3011 1902 mstos
3054 1860 3218 1914 supra
3260 1842 3568 1896 nominatos

1982 1964 2122 2002 unus
2154 1955 2361 2000 tantum
2407 1940 2699 2010 reperitur,
2741 1952 2848 2007 quo
2899 1935 3149 2004 equidem
3190 1931 3397 2000 primus
3440 1942 3572 1983 usus

1980 2054 2098 2092 sum
2116 2057 2130 2103 ;
2155 2047 2236 2090 est
2267 2036 2412 2088 enim

2056 2127 2166 2183 Vll.
2193 2125 2373 2180 Codex
2399 2119 2879 2192 Argentoratensis,
2911 2112 3265 2184 bombycinus
3292 2108 3381 2178 (ex
3404 2107 3571 2162 char-

1985 2231 2035 2275 ta
2064 2217 2408 2291 gossympina
2443 2230 2459 2266 :
2490 2214 2600 2268 vid.
2650 2208 2882 2272 Haenel.,
2917 2207 2953 2260 l.
2988 2220 3064 2270 c.,
3101 2220 3154 2274 p.
3192 2202 3353 2269 166),
3386 2200 3441 2254 in
3476 2198 3571 2255 fol.

1983 2314 2230 2374 minimo,
2258 2310 2413 2375 cujus
2441 2306 2569 2360 folia
2599 2300 2892 2358 recentiori
2943 2308 3190 2366 tempore
3227 2292 3335 2348 260
3379 2303 3572 2345 nume-

1986 2416 2103 2462 rata
2145 2411 2292 2460 sunt.
2329 2400 2456 2455 Fuit
2504 2395 2778 2467 quondam
2823 2392 3019 2447 .Ioann.
3060 2384 3380 2446 Reuchlini,
3427 2382 3574 2450 quod

1984 2496 2270 2565 inscriptio
2302 2493 2509 2547 indicat
2540 2502 2705 2540 manu
2731 2484 2878 2538 illius
2911 2483 2965 2535 in
2998 2494 3191 2533 aversa
3229 2485 3384 2545 parte
3421 2474 3577 2527 invo-

1987 2589 2122 2644 lucri
2160 2563 2330 2658 lignei
2389 2584 2532 2638 facta
2573 2580 2752 2651 (Liber
2773 2574 2989 2630 ercus
3029 2570 3292 2625 Johannis
3321 2563 3579 2620 Reachlin

1976 2680 2296 2747 Pltorcen.);
2326 2688 2510 2747 postea
2544 2676 2596 2728 in
2618 2665 3189 2727 Maurimonasterium
3242 2658 3579 2731 (Maurmun-

1985 2774 2111 2842 ster)
2161 2746 2335 2826 situm
2373 2769 2427 2822 iu
2472 2765 2683 2821 Alsatia
2728 2761 3013 2831 superiore
3064 2754 3195 2826 (Ex.
3261 2750 3389 2803 libb.
3444 2746 3575 2799 Abb-

1988 2841 2402 2916 Maurimonast.
2444 2856 2632 2925 1560),
2655 2853 2893 2921 denique
2922 2848 3159 2903 violento
3190 2841 3440 2897 Francici
3496 2852 3581 2890 rc-

1986 2957 2077 3025 gni
2107 2955 2465 3009 conversione
2495 2953 2548 3005 in
2581 2946 2855 3019 publicam
2895 2936 3245 3012 Argentorati
3280 2931 3579 2987 bibliothe-

1987 3064 2109 3103 cam
2140 3046 2410 3116 pervenit.
2438 3045 2483 3097 A
2519 3039 2764 3095 muribus
2812 3045 2994 3094 autem
3043 3032 3230 3085 nidum
3267 3028 3371 3082 sibi
3413 3025 3467 3079 in
3513 3037 3583 3077 eo

1990 3139 2304 3209 parantibus
2332 3136 2625 3189 admodum
2652 3144 2911 3187 corrosus
2927 3135 3009 3180 est
3044 3123 3181 3193 (l5),
3221 3122 3316 3175 sed
3348 3126 3584 3172 tantum-

1995 3208 2154 3285 modo
2179 3230 2349 3282 altera
2386 3216 2505 3293 ejus
2535 3240 2664 3293 pars
2697 3220 3091 3275 detrimentum
3136 3214 3300 3282 cepit.
3340 3208 3452 3262 lloc
3486 3222 3585 3262 co-

1992 3322 2111 3376 dice
2164 3318 2741 3385 comprehenduntur:
2780 3311 2840 3363 1°
2879 3307 2990 3362 Τοῦ
3022 3306 3194 3374 ἁγίου
3243 3299 3585 3355 Ἰουστινου

1990 3414 2333 3484 φιλοσόφου
2361 3410 2459 3463 καὶ
2485 3408 2787 3478 μάρτυρος
2823 3402 2962 3470 Περὶ
2987 3398 3339 3469 μοναρχίας.
3382 3394 3447 3447 2ο
3477 3391 3589 3446 Λό-

1992 3526 2098 3577 τος
2146 3501 2563 3572 παραινετικὸς
2614 3497 2763 3567 πρὸς
2811 3496 3141 3559 ⁸Ἐλληνας.
3194 3489 3255 3541 5ο
3309 3486 3589 3547 Ἕκθεσις

1993 3571 2255 3661 ἐπίστεωζ-
2298 3592 2431 3661 περὶ
2474 3588 2585 3658 τῆς
2628 3586 2811 3656 ὀρθῆς
2857 3581 3200 3653 ὁμολογίας,
3257 3575 3388 3645 ἤτοι
3453 3571 3603 3661 περὶ

2004 3654 2271 3757 Τριάὸοξ.
2306 3654 2559 3751 1°v11pog
2588 3654 2919 3745 ’Ἑλληναςκ
2958 3674 3019 3728 5°
3054 3670 3212 3739 Πρὸς
3240 3654 3589 3736 Διόγνητον.

1992 3754 2077 3837 Ab
2110 3781 2212 3836 alia
2244 3792 2417 3845 eaque
2447 3772 2736 3828 recentiori
2768 3783 2933 3822 manu
2958 3765 3183 3833 adjecta:
3206 3770 3367 3816 sunt:
3394 3760 3450 3811 6°
3471 3754 3588 3823 Τῆς

1995 3872 2298 3937 Σιϐύλλης
2342 3868 2572 3935 Ἐρυθρ,
2628 3862 2858 3931 στοῖχοι
2908 3860 3061 3929 (tres
3102 3864 3309 3909 tantum
3363 3851 3589 3920 paginas

1994 3963 2384 4030 continentes).
2417 3960 2469 4011 7°
2496 3957 2766 4027 Χρησμοὶ
2794 3953 2912 4007 τῶν
2954 3945 3325 4016 Ἑλληνικῶν
3355 3941 3521 3997 θεῶν.
3545 3944 3592 3996 Α

1996 4056 2159 4127 priori
2215 4065 2397 4108 autem
2445 4067 2608 4105 manu
2647 4058 2730 4104 est
2760 4066 2785 4127 :_
2805 4048 2861 4102 8°
2888 4046 3238 4111 Athenagorae
3297 4034 3593 4105 Πρεσϐεια

1996 4120 2050 4203 et
2080 4149 2136 4203 9°
2168 4146 2422 4216 Ejusdem
2450 4143 2583 4197 liber
2606 4141 2740 4209 περὶ
2762 4120 3177 4200 ἀναστάσεως.
3202 4134 3333 4199 Qua:
3360 4129 3593 4197 denique

1997 4248 2307 4308 sequuntur
2366 4234 2569 4303 scripta
2601 4230 2794 4300 Cyrilli
2820 4226 3175 4282 Alexandrini
3208 4233 3373 4291 atque
3411 4230 3594 4290 poste-

1999 4332 2160 4386 rioris
2185 4328 2366 4384 relatis
2399 4334 2671 4381 tractatus
2707 4331 2900 4378 contra
2940 4321 3257 4382 Armenios,
3290 4312 3596 4370 lsmaelitas

1998 4426 2133 4479 alios
2167 4432 2356 4492 aperte
2388 4418 2751 4474 recentiorem
2785 4428 3005 4467 manum
3034 4413 3292 4481 produnt.
3326 4407 3462 4461 Pars
3499 4420 3593 4460 co-

300 4524 577 4577 Trinitate.
641 4520 707 4571 7°
758 4515 1028 4583 Iiefutatio
1077 4514 1386 4579 dogmatum
1447 4508 1767 4562 Aristotelis.
1827 4508 1886 4559 8°

1998 4518 2135 4572 dicis
2157 4513 2437 4583 antiquior
2463 4510 2669 4566 saeculo
2700 4508 2915 4562 decimo
2957 4506 3119 4561 tertio
3149 4511 3416 4572 quartove
3458 4514 3594 4554 exa-

299 4613 628 4679 (gattstiones
658 4609 979 4663 Christiana:
1024 4605 1093 4657 ad
1140 4602 1382 4673 gentiles.
1416 4605 1478 4657 9°
1513 4600 1899 4669 Responsiones

300 4711 365 4759 ad
405 4706 740 4758 orthodoxos
785 4702 851 4754 de
894 4700 1274 4771 questionibus
1324 4696 1633 4751 necessariis
1681 4705 1728 4747 et
1778 4710 1896 4761 per-

300 4801 547 4853 tractatio
596 4798 724 4850 adv.
770 4794 1012 4865 gentiles.
1064 4792 1163 4846 10°
1196 4792 1527 4856 Quwstiones
1575 4786 1904 4841 ercauica:

303 4898 367 4944 ad
403 4892 735 4944 Christianos
777 4892 843 4942 de
898 4888 1232 4948 incorporeo,
1256 4887 1319 4938 de
1348 4883 1455 4937 Deo
1482 4892 1531 4937 et
1574 4887 1639 4936 de
1663 4896 1892 4934 resurre-

304 4991 469 5041 ctione
498 5000 856 5039 mortuorum.
892 4985 988 5037 11°
1016 4982 1397 5049 Responsiones
1447 4980 1769 5035 Christiana:
1831 4978 1900 5032 ad

305 5082 579 5143 pra’dictas
603 5076 925 5145 quaestiones
958 5091 1024 5128 ea:
1049 5075 1240 5141 pietate
1260 5074 1584 5127 naturalium
1607 5073 1899 5125 rationum.

314 5176 398 5231 ιΞο
445 5177 814 5243 Athenagoras
870 5170 946 5224 De
997 5170 1376 5223 resurrectione
1421 5178 1771 5221 mortuorum.
1809 5164 1906 5218 15°

306 5272 503 5323 Jastini
560 5264 805 5331 Epistula
839 5263 1055 5333 (eadem
1088 5276 1209 5328 qua:
1248 5260 1438 5330 supra)
1473 5261 1545 5311 ad
1603 5256 1802 5310 Zenum
1857 5268 1911 5311 et

373 5452 615 5521 (11).“.
650 5451 774 5504 Nic.
832 5446 885 5500 le
943 5444 1160 5521 Nourry
1217 5441 1496 5521 (Apparet.
1549 5440 1618 5491 ad
1666 5436 1906 5521 biblioth.

322 5513 440 5577 nix.
471 5513 597 5575 cett.
631 5522 774 5575 PP..
808 5528 920 5571 etc.
951 5534 1006 5584 μ.
1053 5515 1099 5572 Ι.
1139 5530 1189 5580 p.
1241 5514 1368 5584 167)
1413 5513 1557 5584 hunc
1583 5518 1758 5584 _ccrle
1801 5524 1907 5559 non

327 5595 658 5661 .ielegantem
683 5580 1170 5645 codicem-sacculo
1192 5583 1450 5652 opinatur
1476 5580 1688 5634 decimo
1714 5587 1911 5646 quarto

305 5675 568 5731 ωηερε-ιρι
579 5680 667 5715 υω
700 5677 857 5712 6586.

368 5716 633 5801 (135)11th
692 5732 808 5794 jam
879 5724 1041 5777 Gust.
1122 5724 1323 5780 llaanel.
1373 5718 1665 5801 adnotavit
1705 5734 1717 5771 :
1751 5716 1913 5772 Cata-

300 5792 430 5876 Ᾱυεέ.
468 5792 735 5859 librorum
774 5806 1077 5863 mstorum,
1112 5804 1242 5859 ctu,
1279 5808 1332 5863 p.
1363 5792 1487 5847 ltiti.

2005 4620 2157 4663 ratus
2187 4616 2271 4662 est
2299 4604 2435 4676 (16).
2462 4601 2587 4656 Illas
2617 4599 3038 4655 observationes
3070 4595 3155 4649 vir
3191 4607 3405 4649 summe
3430 4604 3594 4645 vene-

2004 4701 2196 4756 rabilis
2227 4696 2512 4751 Eduardus
2546 4694 2769 4757 Cuuitz,
2824 4690 3110 4758 theologia:
3160 4685 3356 4740 doctor
3387 4683 3599 4752 Argen~

2006 4790 2319 4854 toratensis,
2369 4788 2628 4841 benevole
2682 4798 2892 4839 mecum
2955 4775 3410 4835 communicavit.
3476 4773 3599 4828 Jam

2005 4900 2127 4953 quae
2163 4890 2426 4952 praeterea
2449 4882 2516 4935 de
2545 4880 2649 4933 hoc
2678 4877 2864 4931 codice
2886 4874 3019 4928 mihi
3046 4870 3387 4940 perscripsit,
3433 4868 3599 4939 ipsis-

2007 4973 2161 5029 simis
2211 4972 2331 5041 ejus
2386 4970 2567 5025 verbis
2614 4968 2886 5023 alierum:
2951 4983 2970 5015 ι
3004 4965 3100 5018 Die
3150 4960 3361 5026 Zeilen,
3392 4959 3444 5013 in
3477 4959 3599 5012 dem

2010 5064 2202 5120 Theile
2225 5066 2322 5118 der
2350 5062 2530 5116 Justin
2561 5060 2793 5123 euthalt,
2821 5057 2944 5113 sind
2976 5052 3399 5125 vorgezeicliuet
3427 5049 3601 5103 durch

2010 5157 2065 5210 iu
2094 5159 2192 5210 das
2221 5155 2410 5209 starke
2441 5149 3008 5220 Baumwollenpapier
3030 5146 3356 5214 eingeritzte
3386 5141 3598 5205 Liuien,

2012 5260 2175 5307 unter
2199 5248 2405 5304 welcbc
2431 5247 2520 5303 die
2546 5245 2893 5301 Buchstaben
2922 5237 3275 5313 geschrieben
3324 5236 3468 5292 sind.
3510 5234 3603 5289 Die

2087 5430 2198 5500 (16)
2242 5429 2341 5483 llic
2389 5427 2559 5482 codex
2608 5432 2779 5478 mstus
2829 5418 3487 5500 quidem_pa.ssi.tnhabet
3529 5416 3602 5469 le-

2014 5490 2226 5556 ctiones
2258 5500 2587 5560 deteriores,
2615 5510 2773 5548 veras
2811 5506 2987 5556 tzuneu
3025 5490 3276 5557 plurimis
3314 5490 3445 5560 locis
3477 5504 3606 5539 cou-

2016 5572 2288 5637 scrvavit;
2324 5570 2493 5627 idem,
2542 5558 2598 5618 ut
2642 5582 2710 5618 cx
2767 5563 2947 5637 inultis
2981 5572 3150 5637 potest
3190 5558 3461 5637 concludi,
3501 5573 3602 5609 non

2019 5642 2083 5694 ad
2119 5630 2286 5694 Codd;
2320 5641 2451 5707 lieg.
2484 5637 2517 5688 5
2545 5647 2598 5689 ct
2633 5637 2871 5707 (llarom.
2905 5631 3190 5707 l'ulitilium,
3218 5630 3309 5683 sed
3345 5630 3412 5706 ad
3449 5643 3604 5697 egre-

2018 5712 2159 5779 giam
2209 5700 2602 5779 Coddflicgg.
2644 5709 2693 5771 l,
2734 5706 2768 5757 τ.)
2811 5717 2864 5760 et
2906 5704 2929 5757 1
2977 5706 3211 5771 pertinet
3262 5700 3607 5768 ittuximequc

2019 5778 2274 5837 convenit
2303 5796 2423 5836 cum
2453 5778 2583 5847 lit-3.
2617 5779 2669 5831 2.
