3948 6256
190 365 293 420 ΒΞ
1032 361 1414 419 EXCERPTA
1453 358 1546 414 EX
1585 352 2053 413 PRIEFATIONE
2091 348 2418 406 EDITORIS
2460 342 2802 401 IENENSIS.
3447 340 3555 396 226

198 481 308 549 psit
347 479 616 535 codicem
680 488 871 551 atque
932 481 1007 536 ﬂ.
1074 483 1392 553 Stephanus
1448 480 1594 552 (vide
1643 477 1866 546 supra),
1898 482 1944 538 Α
1974 472 2215 528 relerens
2242 470 2363 541 (cfr.
2397 466 2721 522 Bibliotheca
2754 464 3009 517 librorum
3040 464 3295 513 mstorum
3318 457 3551 522 Italica;

212 588 545 644 quemquam
599 550 793 627 alium
855 586 1142 644 praeterea
1180 550 1467 644 inspexit,
1519 571 1732 626 scilicet
1778 576 1877 622 aut
1981 564 2225 631 Gotting.
2263 560 2420 625 1854,
2451 560 2508 622 8,
2548 574 2601 626 p.
2634 556 2759 623 157)
2794 554 2977 608 Roma:
3008 554 3059 605 in
3089 550 3418 606 bibliotheca
3442 550 3557 602 An-

229 642 345 723 cum
363 669 458 737 qui
484 667 660 723 hodie
696 642 1088 738 Arge'ntorati
1117 642 1430 722 asseruntur
1456 673 1548 720 aut
1579 665 1706 719 huic
1731 672 1878 719 certe
1978 658 2148 728 gelica
2173 650 2518 724 (S.Agostino
2538 649 2649 719 (I7)
2668 646 2855 701 haberi
2874 643 3148 697 Justinum
3174 642 3556 711 etAthenago-

246 758 728 824 cunsimiiiimum;
788 729 939 812 itam
1004 760 1256 823 lacunas,
1288 759 1340 811 in
1394 755 1656 826 Stephani
1692 769 1879 809 exem-
1980 764 2124 803 ram:
2161 744 2256 799 fol.
2289 743 2348 797 Β.
2380 738 2549 805 1,10.
2595 737 2793 791 Statim
2837 732 3258 789 commendante
3283 729 3557 784 Goettlin-

260 851 384 921 piari
410 849 625 912 obvias,
654 822 931 918 persaepe
962 850 1019 902 in
1049 851 1364 918 apograpbo
1396 822 1590 902 iisdem
1639 845 1881 915 explevit
1980 839 2088 907 gio,
2116 841 2453 907 prmeeptore
2472 830 2822 894 charissimo,
2843 826 3095 880 Emilium
3121 823 3442 887 Braunium,
3469 822 3554 874 in-

267 937 454 1002 verbis,
501 950 626 1003 quae
676 936 736 989 in
796 913 949 992 Cod.
1020 913 1308 1004 Argeator.
1355 945 1572 991 exstant
1632 950 1662 988 a
1712 913 1876 988 manu
1978 928 2153 986 stituti
2196 923 2588 991 Archteologici
2638 919 2781 989 quod
2831 918 3018 972 Roma:
3054 926 3138 971 est
3180 913 3554 978 secretarium,

276 1029 452 1096 prima.
498 1025 616 1081 Hoc
660 1038 863 1081 autent
914 1028 1294 1096 apographon,
1342 1027 1499 1095 cujus
1529 1024 1879 1079 diversasle-

279 1120 469 1171 ctiones
502 1116 833 1186 Stephanus
861 1120 1289 1186 accuratiusque
1317 1118 1637 1189 Sylburgius
1665 1117 1876 1172 exscri-

280 1220 509 1279 pserunt,
541 1210 839 1263 nescimus
889 1210 981 1265 ubi
1030 1208 1193 1264 hodie
1245 1218 1579 1264 asservetur.
1621 1208 1878 1263 Forsitan

278 1301 532 1355 Glascovii
558 1301 718 1369 (vide
753 1301 843 1355 in.r
848 1317 926 1354 ra.
968 1317 1024 1356 n.
1059 1300 1217 1370 XII)?
1253 1300 1413 1355 Ccrte
1438 1300 1605 1354 etiam
1636 1298 1879 1366 Epistula

274 1395 337 1444 ad
383 1392 713 1461 Diognetum
775 1394 1003 1446 nomine
1053 1392 1319 1447 orationis
1372 1392 1763 1461 appellabatur,
1822 1391 1879 1446 id

274 1487 410 1553 quod
448 1500 517 1538 ex
566 1485 847 1553 Stephani
884 1483 1050 1552 hujus
1077 1485 1236 1553 epist.
1260 1486 1391 1539 edit.
1416 1501 1471 1556 p.
1506 1483 1609 1538 104
1631 1492 1877 1554 apparet.

342 1578 422 1629 Ad
460 1576 766 1629 Bataviam
799 1579 947 1644 quod
978 1577 1204 1642 attinet,
1238 1576 1512 1632 invenitur

346 1668 436 1721 XI.
457 1669 645 1721 Codex
664 1669 971 1734 Leidensis,
991 1670 1339 1735 chartaceus,
1364 1668 1553 1725 formae
1575 1669 1875 1738 quadratae,

279 1760 367 1827 qui
405 1760 538 1812 olim
589 1775 769 1829 penes
810 1759 1063 1815 lsaacum
1096 1761 1347 1816 Vossium
1375 1760 1480 1815 fuit
1512 1762 1601 1832 (in
1632 1761 1872 1832 Anglia),

1980 1037 2076 1092 per
2098 1018 2380 1089 epistolam
2402 1014 2537 1078 adii,
2556 1011 2789 1079 benigne
2813 1020 2868 1063 ut
2892 1015 3113 1062 curaret
3139 1006 3288 1059 illum
3312 1004 3553 1058 codicem

1981 1110 2269 1179 diligenter
2318 1103 2727 1161 conferendum.
2763 1099 3124 1179 Doctissimus
3167 1098 3274 1162 vir,
3307 1093 3459 1162 cujus
3501 1094 3552 1146 in

1981 1218 2067 1257 me
2090 1178 2340 1258 uoluntas
2376 1194 2704 1252 celebranda
2738 1178 2843 1257 est,
2874 1206 2933 1246 se
2962 1189 3219 1244 rescribit
3252 1187 3556 1256 inSpexisse

1981 1297 2186 1351 dictum
2220 1292 2490 1354 codicem,
2517 1297 2572 1342 at
2613 1300 2677 1340 eo
2708 1282 2979 1340 contineri
3024 1278 3399 1335 tantummodo
3426 1293 3555 1346 spu-

1980 1390 2116 1443 riam
2152 1384 2445 1455 Epistulam
2498 1382 2566 1435 ad
2591 1378 2790 1433 Zenam
2841 1384 2891 1431 et
2928 1368 3217 1430 ‘Serenum.
3268 1372 3323 1425 In
3354 1369 3557 1425 biblio-

1981 1477 2141 1529 theca
2174 1474 2429 1528 Vaticana
2455 1486 2513 1525 se
2544 1470 2811 1539 reperisse
2835 1467 3051 1536 quidem
3078 1464 3297 1519 codices
3318 1462 3558 1532 quinque

1980 1579 2141 1619 manu
2178 1572 2453 1627 exaratos,
2481 1576 2575 1615 eos
2600 1569 2779 1614 autem
2809 1558 3029 1611 minime
3053 1556 3117 1609 ad
3141 1556 3375 1625 genuina
3406 1568 3554 1606 mar-

1982 1659 2116 1729 tyris
2144 1672 2309 1727 opera
2341 1656 2633 1726 pertinere.
2666 1652 2794 1707 Sola
2820 1650 3151 1706 bibliotheca
3176 1647 3399 1718 Reginae
3420 1660 3560 1715 prte-

1982 1750 2096 1806 beri
2124 1750 2366 1805 codicem
2396 1756 2593 1800 mstmn
2619 1745 2735 1816 (55,
2764 1743 2803 1802 f.
2836 1743 2964 1809 252,
2997 1757 3048 1795 a.
3085 1745 3174 1806 t.),
3260 1736 3557 1793 Ἀποσπά-

284 1861 464 1920 postea
503 1866 645 1905 vero
678 1850 1016 1921 Lugdunum
1057 1853 1379 1910 Batavorum
1414 1820 1681 1921 per‘venit.
1714 1820 1774 1907 Iun
1804 1820 1873 1908 eo

2002 1854 2176 1911 νματα
2189 1840 2256 1893 ἐν
2286 1838 2362 1908 τῇ
2394 1836 2718 1907 δογματιχῇ
2756 1830 3062 1900 narremur}
3116 1829 3418 1899 Εὐθυμιου
3450 1827 3557 1880 τοῦ

283 1961 398 1997 cum
433 1945 682 2000 testibus
706 1944 997 2015 Catalogis
1020 1945 1283 2000 librorum
1317 1960 1450 2001 mss.
1473 1944 1681 2014 Angliaa
1709 1944 1876 1998 ειΗί-

284 2037 486 2090 herniae
505 2036 726 2106 (Oxon.
753 2036 914 2100 1697,
933 2036 1033 2091 fol.
1060 2048 1192 2092 tom.
1218 2038 1281 2101 II,
1310 2052 1363 2106 p.
1385 2052 1420 2105 I,
1448 2052 1502 2106 p.
1532 2036 1622 2102 60,
1641 2035 1875 2105 n.2205)

282 2131 480 2197 quibus
508 2127 860 2196 astipulatur
885 2127 1180 2197 Catalogus
1209 2128 1471 2182 librorum
1505 2135 1614 2180 tam
1647 2126 1879 2195 impres-

280 2235 467 2275 sarum
497 2236 676 2290 quam
723 2230 993 2275 mstorum
1026 2220 1373 2275 bibliotheca:
1399 2219 1630 2290 publica:
1657 2219 1879 2273 univer-

279 2314 454 2373 sitatis
479 2311 1018 2381 Lugdune-Batava:
1049 2311 1262 2381 (Lugd.
1289 2316 1432 2382 apud
1463 2310 1680 2376 [tatav.,
1717 2309 1883 2376 1716,

280 2405 397 2469 10L,
431 2420 490 2474 p.
519 2404 657 2468 596,
689 2421 748 2461 n.
773 2403 887 2469 50;
922 2404 1055 2459 coll.
1087 2404 1252 2458 Bern.
1281 2404 1348 2458 de
1384 2401 1728 2459 Moutfaucon
1748 2419 1763 2456 :
1786 2400 1885 2454 Bi-

280 2498 462 2553 blioth.
492 2496 954 2551 bibliothecarum
1002 2505 1264 2550 mstorum
1306 2512 1464 2561 nam,
1510 2494 1689 2550 Paris.
1725 2494 1884 2559 I739,

281 2590 380 2644 fol.
420 2601 561 2645 tom.
594 2589 641 2653 Ι,
694 2606 752 2659 ιι.
787 2588 943 2659 676),
973 2588 1213 2656 Epistola
1255 2590 1323 2642 ad
1376 2587 1688 2658 Diognetum
1733 2588 1885 2652 insit,

282 2698 377 2750 per
399 2682 626 2736 litteras
644 2681 839 2749 rogavi
864 2680 1377 2749 praestantissimum
1403 2679 1749 2735 bibliothecae
1774 2678 1889 2734 Lei-

285 2776 472 2831 densis
491 2773 1115 2844 prazfectumlacobum
1142 2772 1410 2838 Ceclium,
1444 2774 1628 2827 varias
1653 2772 1782 2825 mihi
1815 2771 1891 2826 Ie-

285 2870 497 2922 ctiones
520 2883 594 2921 ex
624 2867 727 2921 illo
757 2867 954 2921 codice
994 2875 1137 2920 msto
1170 2876 1462 2935 excerptas
1502 2866 1765 2923 mitteret.
1796 2862 1893 2918 Vir

286 2960 675 3023 doctissimus,
709 2958 872 3027 cujus
900 2957 1248 3026 praedicanda
1276 2968 1511 3027 esterga
1544 2972 1630 3011 me
1658 2957 1893 3011 benevo-

290 3053 477 3115 lentia,
509 3052 663 3106 inter
692 3051 803 3104 alia
834 3052 1152 3118 respondit:
1185 3070 1203 3101 t
1235 3050 1532 3119 Diligenter
1551 3047 1892 3116 explorando

1977 1930 2311 2002 Ζιγαϐηνοῦ
2363 1930 2844 1999 complectentem;
2898 1940 2961 1980 ea
3014 1940 3144 1977 vero
3194 1920 3376 1991 exigui
3434 1934 3559 1974 esse

1980 2025 2267 2080 momenti.

2053 2163 2189 2218 Tres
2211 2162 2438 2216 omnino
2467 2159 2519 2214 in
2549 2157 2702 2214 Italia
2731 2155 2850 2210 veri
2874 2153 3077 2208 Justini
3105 2158 3324 2207 exstant
3344 2148 3561 2205 codices

1984 2255 2110 2309 msti
2155 2252 2304 2322 iique
2351 2250 2567 2305 nonnisi
2618 2249 2684 2302 ad
2732 2244 3160 2300 Cohortationem
3194 2240 3559 2309 pertinentes,

1983 2360 2217 2415 quorum
2230 2353 2411 2398 tamen
2437 2342 2702 2397 lectiones
2719 2348 2813 2392 aut
2833 2335 3243 2391 emendatioues
3263 2333 3392 2387 inde
3419 2331 3563 2387 forte

1988 2437 2320 2507 colligendas
2344 2446 2626 2487 arcessere
2658 2428 2896 2483 nondum
2928 2424 3109 2479 licuit.
3141 2422 3284 2477 Sunt
3303 2422 3450 2476 enim

2058 2545 2393 2602 XIII.Codea:
2424 2542 2768 2597 Florentinus
2794 2535 3009 2602 XXXII,
3042 2551 3099 2590 n.
3136 2533 3232 2599 1X,
3261 2533 3399 2603 plut.
3423 2532 3487 2596 X,
3509 2533 3561 2587 itt

1990 2641 2324 2695 BiinOtheca
2360 2633 2733 2690 Laurentiana
2784 2629 3059 2684 Medicea:
3092 2624 3275 2680 Sermo
3316 2625 3566 2678 exhorta-

1991 2731 2157 2785 torius
2193 2732 2259 2782 ad
2286 2725 2523 2798 gentiles.
2569 2722 2682 2779 Cir.
2728 2722 2867 2790 Aug.
2908 2719 3046 2777 Mar.
3090 2714 3423 2772 Baudinius:
3453 2714 3561 2769 Ca-

1995 2826 2115 2879 tal.'
2150 2823 2318 2876 Codd.
2368 2836 2495 2873 mss.
2547 2816 2876 2871 bibliotheca:
2933 2810 3080 2865 Med.
3126 2808 3381 2863 Laurent.
3417 2807 3562 2861 varia

1995 2913 2277 2971 continens
2300 2926 2487 2981 opera,
2518 2916 2649 2962 tom.
2675 2906 2693 2958 I
2719 2907 2736 2973 (
2758 2904 2997 2958 Florent.
3026 2899 3186 2965 1764,
3220 2898 3340 2967 lol.)
3363 2914 3416 2966 p.
3437 2898 3562 2951 496.

2065 3005 2205 3060 XIV.
2239 3003 2419 3057 Codex
2462 2996 2811 3052 Bononiensis
2859 2995 2913 3049 in
2962 2991 3293 3046 bibliotheca
3334 2987 3567 3042 Canoni-

1998 3114 2186 3155 corum
2218 3094 2541 3165 regularium
2589 3090 2647 3145 S.
2685 3086 2991 3157 Augustini,
3028 3098 3137 3153 quo
3180 3084 3565 3137 continentur:

357 3144 532 3199 τωδεί
564 3144 704 3198 mihi
760 3141 965 3197 Justini
1012 3142 1084 3196 Μ.
1115 3140 1164 3194 Ε
1202 3142 1412 3196 istolam
1474 3142 1510 3194 ά
1550 3139 1621 3193 D'
1783 3156 1811 3191 tt
2000 3139 2186 3155 """'"'
2218 3139 2540 3165 ’“’¹⁵““““”““’“
2590 3139 2647 3145 τ’
2685 3139 2798 3157 "'0
2851 3139 2857 3140 ⁷
2977 3139 2990 3149 ’
3048 3139 3060 3153 ¹

290 3160 445 3259 ἕω
486 3253 608 3259 ,η-
646 3185 833 3259 ___’_,.,_
882 3236 1002 3259 ,ηεη
1045 3160 1267 3259 “In”
1300 3251 1326 3259 _
1369 3159 1539 3259 “fu.
1589 3150 1889 3259 fffmﬁh'f’
1920 3167 1963 3223 ο
1998 3196 2054 3248 to
2079 3192 2425 3259 Athenagora:
2454 3182 2691 3253 Legatio.
2718 3180 2779 3233 2ο
2798 3177 3051 3246 Ejusdem
3078 3175 3142 3227 de
3184 3173 3570 3227 resurrectione

292 3253 449 3306 quam
480 3253 611 3291 cum
646 3237 836 3290 multis
879 3236 1004 3289 aliis
1044 3236 1270 3305 scriptis
1297 3235 1547 3290 mntinet
1585 3235 1711 3288 cod.
1751 3232 1894 3288 Vos-

299 3330 438 3383 sian.
470 3330 547 3382 50
576 3328 787 3398 (Catal.
813 3344 871 3398 p.
896 3328 1049 3399 396),
1072 3330 1248 3398 ipsqu
1276 3342 1398 3383 esse
1417 3327 1728 3397 exemplum
1752 3327 1893 3394 quod

299 3419 463 3474 Iienr.
497 3419 831 3489 Stephanus
870 3435 938 3473 ex
990 3420 1176 3474 nescio
1207 3435 1315 3489 quo
1356 3420 1549 3474 codice
1580 3417 1894 3487 descripsit,

296 3516 546 3582 quodque
576 3514 811 3567 editioni
856 3516 1048 3579 primm
1088 3513 1275 3582 (1592)
1314 3513 1588 3567 inserviit.
1634 3510 1875 3579 Stephan

303 3620 493 3659 manus
510 3614 622 3671 est,
648 3606 753 3659 nisi
774 3604 1127 3659 vehementer
1148 3602 1345 3670 fallor;
1372 3605 1425 3658 in
1448 3604 1695 3673 margine
1723 3600 1895 3656 ascri-

300 3705 399 3763 pta:
434 3708 567 3751 sunt
613 3698 825 3751 eaedem
871 3698 1223 3765 conjecturae,
1256 3711 1392 3766 quas
1441 3694 1780 3765 Stephanum
1813 3693 1896 3748 fe-

301 3788 442 3841 cisse
466 3789 820 3844 recentiores
844 3788 1048 3844 Justini
1089 3790 1329 3846 editores:
1370 3794 1644 3842 testantur
1677 3785 1892 3855 (ipsam

301 3878 446 3931 enim
495 3880 805 3933 editionem
863 3894 915 3933 a.
953 3879 1095 3934 1592
1137 3879 1204 3932 ad
1236 3892 1457 3932 manum
1503 3892 1611 3933 non
1660 3876 1892 3947 habeo);

306 3972 447 4037 quod
478 3983 672 4026 autem
701 3988 819 4027 rem
854 3974 1110 4028 coniicit:
1142 3973 1195 4026 in
1236 3972 1423 4028 codice
1450 3981 1571 4041 post
1600 3970 1895 4041 Epistolam

306 4062 373 4113 rd
405 4061 727 4132 Diognetum
752 4064 1006 4132 sequitur
1035 4062 1351 4116 Adhortatio
1376 4062 1445 4116 ad
1477 4059 1709 4124 Gnaeos,
1730 4077 1893 4130 quam

311 4153 627 4221 Stephanus
672 4170 780 4208 una
822 4169 949 4209 cum
993 4154 1097 4223 Ep.
1128 4156 1197 4208 ad
1234 4153 1429 4224 Diogn.
1455 4154 1749 4221 separatim
1779 4150 1896 4205 vul-

312 4251 477 4315 gavit.
502 4250 714 4303 Partim
741 4249 949 4304 contuli
982 4265 1107 4304 cum
1146 4251 1283 4304 edit.
1315 4249 1493 4302 Paris.
1525 4247 1684 4301 1742.
1708 4276 1779 4286 -
1799 4245 1893 4300 Ni-

315 4340 385 4393 hil
409 4342 775 4397 discriminis.
821 4343 1007 4411 Itaque
1058 4357 1164 4396 non
1198 4345 1375 4405 video,
1416 4342 1548 4411 quid
1583 4342 1677 4396 tibi
1704 4340 1895 4409 scripti

314 4435 549 4503 exempli
580 4436 855 4504 inspectio
887 4437 1145 4505 prodesse
1172 4436 1398 4504 possit.»

387 4527 445 4580 In
472 4530 675 4598 Anglia
715 4544 933 4598 quoque
953 4531 1022 4584 ad
1048 4528 1321 4585 Justinum
1358 4525 1727 4594 adiuvandum
1759 4526 1894 4581 nihil
1927 4510 1973 4566 Π

319 4630 424 4673 est.
450 4619 645 4677 Exstat
688 4624 905 4692 quidem
936 4634 1132 4694 praeter
1159 4625 1297 4679 Cod.
1328 4624 1565 4677 Clarum.
1595 4620 1702 4691 (Cl'.
1731 4635 1894 4690 supra

322 4731 465 4769 num.
504 4715 618 4781 Vl.)

392 4805 508 4867 XII.
535 4807 722 4863 Codex
744 4805 1157 4873 Clasooviensis,
1195 4807 1679 4868 membranaceus,
1711 4800 1900 4855 formae

325 4908 627 4973 quadratae,
658 4910 717 4957 et
745 4918 890 4957 anno
930 4901 1069 4955 M55
1096 4909 1375 4962 exaratos,
1410 4898 1502 4967 qui
1538 4904 1676 4949 teSte
1706 4891 1900 4946 lia-me-

330 4994 492 5064 lio(l.
517 5012 596 5061 c.,
627 5012 683 5065 p.
717 4996 822 5049 790
846 4994 887 5065 ),
915 4992 1119 5047 Justini
1163 4990 1443 5046 Orationes
1482 4987 1758 5051 continet,
1806 4983 1900 5037 sed

327 5103 449 5140 cum
474 5089 733 5141 nuntium
759 5086 828 5140 de
852 5100 918 5139 eo
939 5084 1117 5139 adhuc
1138 5082 1446 5151 acceperim
1471 5079 1697 5140 nullum,
1714 5076 1902 5131 nescio

328 5183 602 5249 equidem,
642 5195 895 5249 quaenam
946 5177 1145 5232 Justini
1180 5179 1381 5245 scripta
1423 5187 1553 5229 voce
1588 5169 1902 5226 Orationum

330 5274 728 5342 signiﬁcentur.
760 5272 925 5325 Certe
968 5270 1023 5322 in
1070 5269 1349 5323 codicibus
1382 5265 1541 5319 mstis
1573 5262 1736 5317 etiam
1769 5260 1903 5331 Epi-

332 5368 463 5421 stola
503 5368 573 5420 ad
607 5365 810 5419 Zenam
840 5375 891 5418 et
940 5362 1198 5418 Serenum
1238 5358 1516 5416 Orationis
1546 5355 1767 5435 nomine
1803 5367 1903 5422 ap-

332 5459 583 5527 pellatur.

398 5550 477 5605 Ex
522 5551 673 5605 Italia
722 5549 932 5618 aliquid
971 5545 1203 5617 praesidii
1235 5541 1643 5611 exspectabam.
1684 5536 1901 5593 Etenim

333 5660 581 5716 magnam
633 5645 769 5697 mihi
817 5658 973 5713 spent
1012 5639 1292 5709 injiciebat
1318 5633 1665 5690 Friedericus
1690 5628 1903 5693 Blume,

1996 3297 2294 3349 corporum.
2330 3279 2386 3331 3°
2413 3275 2613 3329 Justini
2648 3267 2897 3339 martyris
2946 3264 3162 3319 moralis
3194 3264 3401 3317 oratio:
3428 3261 3571 3329 Περὶ

1990 3375 2107 3447 μὲν
2150 3372 2265 3439 τῆς
2312 3369 2461 3423 κατὰ
2508 3360 2819 3433 πρόϐλημά
2864 3373 3042 3410 τινων
3073 3356 3423 3424 ἀλογίστου,
3455 3365 3565 3406 etc.

1997 3443 2090 3538 (2
2113 3463 2354 3533 Epistola
2383 3461 2450 3513 ad
2496 3457 2693 3510 Zenam
2724 3464 2772 3507 et
2812 3448 3048 3515 Seren.).
3084 3447 3141 3500 4ο
3167 3446 3420 3515 Ejusdem
3457 3443 3568 3497 Pa-

1998 3535 2213 3614 rmnesis
2242 3555 2311 3608 ad
2340 3552 2575 3605 ercos.
2593 3547 2647 3601 5°
2680 3543 2936 3613 Ejusdem
2966 3540 3030 3591 de
3054 3548 3192 3591 recta
3217 3538 3341 3606 ﬁde.
3366 3537 3422 3590 6°
3450 3535 3572 3589 Ori-

1994 3649 2141 3719 genis
2169 3642 2408 3714 Epistola
2438 3640 2505 3693 ad
2530 3636 2865 3705 Africanum.
2893 3629 2950 3682 7°
2967 3626 3258 3682 Cleontedis
3276 3626 3572 3695 κυκλικῆς

1996 3738 2245 3806 θεωρίας
2272 3729 2599 3805 μετεώρων.
2626 3727 2680 3781 8°
2706 3724 2889 3779 Heron
2928 3721 2993 3777 de
3023 3722 3288 3777 machinis
3336 3720 3533 3772 bellicis
3551 3732 3570 3770 :

1996 3844 2316 3885 amanuense
2374 3822 2651 3876 Valeriano
2695 3814 3099 3870 Albino.Codex
3147 3811 3387 3866 melioris
3427 3821 3571 3864 uota:

1997 3926 2214 3977 videtur
2245 3932 2387 3973 esse.
2430 3912 2546 3970 Cir.
2580 3909 2781 3966 Joann.
2814 3905 3099 3961 Mabillon:
3131 3908 3367 3961 Museum
3417 3901 3573 3955 itali-

1997 4032 2134 4079 cum,
2168 4029 2260 4067 seu
2285 4007 2521 4064 collectio
2569 4013 2693 4057 vett.
2729 4000 2910 4067 script.
2943 4011 3008 4050 ea:
3048 3997 3337 4052 bibliothec.
3365 3992 3570 4046 Italicis

1999 4118 2129 4162 tom.
2170 4102 2212 4171 l,
2256 4117 2310 4171 p.
2342 4115 2380 4154 l.
2426 4099 2644 4168 (Lutet.
2694 4094 2822 4148 Par.
2874 4089 3044 4155 1687,
3072 4088 3150 4156 4),
3176 4102 3229 4155 p.
3273 4084 3407 4148 196;
3441 4085 3568 4138 add.

1996 4200 2161 4255 Bern.
2183 4199 2251 4251 tle
2274 4192 2618 4250 Moutfaucon
2641 4205 2656 4242 :
2695 4185 2938 4239 Diarium
2971 4180 3242 4243 Italicum,
3267 4179 3371 4231 sive
3392 4192 3574 4229 monu-

1997 4304 2178 4350 mentt.
2208 4299 2326 4346 vett.
2366 4285 2817 4343 bibliothecarum,
2854 4290 3170 4339 muscarum,
3211 4282 3342 4336 etc.,
3371 4271 3573 4325 notitiw

2001 4388 2200 4460 (Paris.
2234 4380 2491 4448 1702.4),
2517 4392 2568 4446 p.
2596 4372 2699 4428 407
2731 4386 2815 4438 sq.

2086 4499 2209 4555 Χν.
2262 4495 2441 4550 Codex
2497 4483 2807 4541 Mutinensis
2864 4479 2917 4532 in
2971 4476 3303 4532 bibliotheca
3361 4472 3571 4527 Ducali.

2003 4592 2057 4646 1°
2091 4587 2373 4644 Clementis
2411 4572 2756 4634 Alexandrini
2811 4567 3261 4637 Προτρεπτικός.
3308 4564 3365 4617 2ο
3408 4563 3575 4632 Ejus-

2006 4684 2124 4737 dent
2183 4669 2560 4743 Παιδαγωγός
2626 4680 2673 4723 et
2724 4669 2983 4738 Hymnus,
3016 4673 3075 4717 ιιι
3106 4664 3157 4716 in
3183 4659 3363 4715 editis.
3397 4655 3449 4709 3°
3472 4654 3574 4707 Ju-

2004 4773 2133 4829 slini
2160 4773 2230 4825 ad
2258 4767 2477 4821 Zenant.
2502 4764 2558 4817 4ο
2582 4760 2837 4831 Ejusdem
2865 4768 3049 4811 contra
3079 4753 3313 4808 Crwcos.
3343 4750 3396 4804 5°
3425 4749 3575 4802 Athe-

2006 4879 2220 4935 nagorae
2265 4858 2500 4929 Legatio.
2550 4855 2610 4909 6ο
2633 4854 2846 4907 Tatiani
2894 4850 3100 4905 Oratio.
3146 4846 3203 4897 7°
3226 4844 3303 4898 De
3332 4840 3569 4911 Sibyllis.

2005 4934 2185 5014 Codex
2215 4965 2388 5010 mslus
2409 4949 2850 5020 elegantissimus
2873 4942 3067 4998 decimi
3091 4937 3271 4994 saeculi
3306 4934 3576 4989 membra-

2008 5063 2227 5111 naceus,
2256 5047 2342 5099 cui
2369 5041 2785 5099 consimillimus
2823 5045 2907 5090 est
2946 5034 3117 5088 codex
3163 5031 3213 5083 in
3245 5025 3573 5082 bibliotheca

2008 5139 2173 5209 Regia
2223 5134 2517 5193 Parisiensi
2569 5144 2795 5186 numero
2836 5125 2936 5181 451
2996 5121 3313 5192 insignitus,
3353 5125 3577 5170 auctore

2007 5228 2444 5290 Montel’alcouio,
2478 5225 2517 5277 I.
2550 5239 2623 5287 c.,
2650 5238 2703 5292 p.
2731 5219 2821 5273 51.

2084 5346 2159 5399 De
2206 5341 2490 5397 codicibus
2532 5338 2767 5406 denique
2814 5333 2970 5387 mstis
3008 5329 3073 5383 ad
3105 5326 3465 5396 fragmentum
3503 5322 3581 5376 De

2009 5436 2413 5499 resurrectione,
2447 5441 2502 5486 et
2531 5432 2597 5485 ad
2620 5430 2754 5482 Acta
2784 5421 3028 5491 martyrii
3073 5416 3269 5473 Justiui
3304 5412 3586 5483 pertinen-

2012 5530 2159 5585 tibus
2221 5528 2387 5582 adeas
2427 5537 2591 5594 supra
2641 5536 2695 5591 p.
2722 5532 2882 5582 χχιιι,
2907 5516 2925 5583 (
2952 5512 3055 5569 col.
3089 5508 3238 5574 212.)
3280 5521 3395 5576 seq.
3431 5521 3461 5560 a
3498 5519 3584 5559 me

2010 5620 2278 5690 exposita.

401 5830 514 5896 (Π)
571 5830 645 5883 De
700 5828 925 5893 egregia
1008 5824 1108 5880 hac
1179 5820 1513 5879 bibliotheca
1560 5812 1762 5872 vitiosis
1817 5810 1907 5867 Fr.
1943 5807 2165 5863 Blume:
2200 5803 2311 5859 lter
2338 5798 2608 5862 Italicum,
2647 5804 2780 5851 tom.
2818 5789 2904 5857 III,
2944 5802 2995 5858 p.
3038 5783 3139 5838 122
3165 5797 3281 5851 sqq.
