3948 6256
424 392 529 452 235

1409 388 1465 444 s.
1500 386 1765 444 JUSTlNl
1797 383 2214 442 PHILOSOPHI
2248 385 2336 441 ET
2369 357 2747 441 martius

3580 385 3693 440 256

422 506 663 577 capitum
692 505 983 560 multorum
1014 506 1243 577 hydram
1295 506 1512 562 stravit.
1563 504 1766 559 Verum
1808 504 1855 558 is
1901 504 1989 572 qui

2099 504 2159 567 ὃς
2191 504 2497 573 κατέπεφνε
2550 502 2662 572 (l9)
2702 500 2928 563 λέοντα,
2974 498 3069 553 καὶ
3119 498 3451 571 πολύκρανον
3486 497 3695 551 ὤλεσεν

424 612 617 667 aprum
664 598 861 652 robore
898 596 1231 667 infatigabili
1278 598 1571 668 praeditum
1612 600 1778 653 morti
1812 600 1998 667 dedit;

424 689 515 756 qui
541 702 669 743 aves
694 688 972 742 hominum
1002 690 1307 744 voratrices
1333 690 1510 758 potuit
1536 691 1785 745 volantes
1818 691 2002 746 detur-

422 780 594 847 bare;
623 780 714 848 qui
744 795 936 835 canem
971 781 1267 851 tricipitem
1300 797 1369 835 ex
1417 782 1607 837 inferis
1657 798 1875 837 sursum
1906 782 2003 836 ab-

422 874 601 937 duxit,
627 873 720 943 qui
752 873 941 939 Augite
974 873 1213 928 validum
1278 890 1492 929 murum
1525 889 1762 945 purgare
1792 884 2002 930 sterco-

422 965 579 1020 ribus
608 965 822 1034 potuit;
853 965 946 1034 qui
980 974 1167 1019 tauros
1198 976 1252 1019 et
1296 979 1513 1019 cervam
1543 966 1818 1020 interfecit
1852 967 2000 1020 nari-

422 1056 528 1112 bus
562 1057 744 1125 ignem
793 1057 1095 1125 spirantes,
1147 1066 1201 1111 et
1250 1057 1487 1112 fructum
1533 1073 1759 1113 aureum
1787 1060 1856 1112 ab
1886 1060 2003 1128 ipso

427 1157 629 1205 trunco
655 1149 901 1218 accepit;
933 1148 1026 1218 qui
1075 1158 1389 1218 serpentem
1427 1164 1698 1204 venenum
1751 1150 2004 1220 jaculau-

436 1250 546 1295 tem
589 1238 830 1295 confecit
875 1238 953 1308 (et
991 1239 1288 1294 Acheloum
1328 1254 1493 1308 quam
1536 1240 1606 1295 ob
1649 1256 1870 1296 causam
1909 1257 2003 1297 oc-

422 1328 645 1393 ciderit,
672 1326 756 1381 fas
782 1342 893 1382 non
926 1336 1011 1383 est
1058 1329 1265 1389 dicere.
1297 1337 1355 1382 et
1380 1328 1651 1398 hospitum
1684 1330 2003 1386 interfecto-

422 1435 540 1477 rem
566 1420 845 1490 Busirin);
877 1421 970 1490 qui
1001 1429 1212 1475 montes
1238 1419 1376 1475 saltu
1402 1421 1680 1485 transiliit,
1712 1432 1773 1475 ut
1796 1438 1998 1491 aquam

423 1514 696 1583 acciperet
718 1528 839 1584 quae
859 1526 1049 1568 vocem
1080 1512 1426 1566 articulatam
1452 1513 1669 1577 edebat,
1694 1514 1836 1569 sicut
1860 1515 2003 1570 fama

425 1613 515 1660 est
540 1626 559 1671 ,-
590 1605 682 1674 qui
717 1614 826 1659 tam
855 1602 1024 1658 multa
1053 1612 1108 1658 et
1138 1603 1267 1658 talia
1299 1612 1557 1672 tantaque
1600 1603 1784 1660 facere
1810 1606 2000 1674 potuit,

424 1696 475 1751 is
504 1704 764 1764 tanquam
794 1695 1073 1766 puerulus,
1108 1710 1269 1751 aures
1300 1710 1428 1751 suas
1454 1710 1751 1764 personare
1776 1698 2002 1766 strepitu

423 1788 821 1860 cymbalorum,
852 1803 975 1859 qua:
1007 1790 1179 1858 satyri
1219 1788 1536 1856 pulsabant,
1565 1803 1775 1857 passus,
1824 1800 1879 1844 et
1926 1790 2005 1845 fe-

2106 596 2290 669 ὕδραν.
2325 592 2434 650 τΥν
2462 596 2508 649 δ’
2530 596 2723 666 ἄγριον
2750 593 3039 663 ἀκάματον
3070 595 3099 646 ὁ
3131 591 3431 663 νεκρώσας,
3466 586 3693 663 ὄρνιθας

2102 690 2145 743 δ’
2167 688 2522 761 ἀνδροδόρους
2560 686 2863 757 ἱπταμένας
2917 683 3166 740 καθελεῖν
3209 685 3238 736 ὁ
3276 684 3550 755 δυνηθεὶς,
3595 683 3694 737 καὶ

2100 780 2240 834 κύνα
2260 780 2590 851 τρικάρηνον
2612 778 2670 844 ἐξ
2706 777 2835 848 ᾅδου
2876 775 3187 845 ἀναγαγὼν,
3221 774 3453 842 Αὐγείου
3487 773 3531 826 δ’
3558 773 3691 843 ὀχυ-

2104 873 2197 944 ρὸν
2226 874 2405 940 τεῖχος
2456 869 2738 923 σκυϐόιλων
2786 867 3034 922 καθελεῖν
3079 868 3107 917 ὁ
3140 865 3387 936 δυνηθεὶς
3408 905 3422 929 ,
3454 864 3695 935 ταύρους

2101 965 2157 1017 δὲ
2183 963 2277 1016 καὶ
2327 961 2523 1030 ἔλαφον
2570 959 2795 1025 ἀνελὼν,
2843 954 2920 1013 ὧν
2953 956 3272 1029 μυξωτῆρες
3305 957 3494 1009 ἓπνεον
3540 953 3695 1027 ’κῦρε-

2100 1056 2196 1108 xui.
2225 1054 2439 1126 καρπὸν
2464 1051 2708 1125 οχρύσεον
2756 1050 3044 1120 στελέχους
3079 1050 3190 1121 (20)
3217 1048 3429 1111 ἔλαϐεν,
3457 1047 3697 1119 ὲρπετὲν

2106 1147 2307 1201 ἰοϐόλον
2361 1145 2563 1201 ἀνελών
2605 1147 2722 1218 (καὶ
2757 1146 3016 1216 Ἀχελῷον
3049 1145 3189 1208 τίνος
3221 1143 3404 1197 ἕνεκεν
3440 1142 3695 1207 ἔκτανεν,

2102 1240 2163 1293 οὐ
2194 1239 2353 1311 θέμις
2390 1241 2599 1304 εἰπεῖν,
2648 1239 2742 1292 καὶ
2792 1237 2881 1291 τὸν
2920 1236 3226 1301 ξενοκτόνον
3257 1233 3553 1306 Βούσιριν)·
3590 1234 3694 1286 καὶ

2101 1332 2203 1403 ὅρη
2233 1333 2483 1404 πηδήσας
2514 1331 2627 1401 (2i)
2649 1370 2663 1395 ,
2700 1331 2788 1383 ἵνα
2841 1328 2981 1401 λάϐῃ
3028 1327 3170 1397 ὕδωρ
3209 1326 3467 1398 ἔναρθρον
3504 1327 3692 1398 φωνὴν

2102 1424 2377 1489 ἀποδιδὸν,
2411 1425 2486 1487 ὡς
2516 1425 2706 1491 λόγος·
2760 1424 2789 1474 ὁ
2820 1420 2887 1474 τὰ
2928 1418 3165 1473 τοσαῦτα
3207 1420 3300 1471 καὶ
3332 1418 3558 1471 τοιαῦτα
3592 1417 3694 1472 καὶ

2102 1515 2405 1589 τηλικαῦτα
2451 1516 2650 1586 δρᾶσαι
2674 1512 2942 1583 δυνηθεὶς,
2965 1510 3039 1573 ὼς
3069 1511 3261 1581 νήπιος
3303 1507 3405 1561 ὑπὸ
3437 1507 3694 1578 σατύρων

2103 1607 2658 1679 κατακυμὸαλισθεὶς,
2690 1607 2783 1659 καὶ
2807 1605 2913 1657 ὑπὸ
2944 1602 3254 1670 γυναικείου
3283 1601 3483 1673 ἔρωτος
3521 1602 3691 1671 ἡττη-

2105 1703 2240 1767 θεὶς,
2272 1702 2377 1755 ὑπὸ
2401 1701 2577 1769 Λυδῆς
2619 1698 2867 1769 γελώσης
2899 1695 3043 1750 κατὰ
3073 1694 3312 1764 γλουτῶν
3348 1694 3690 1763 τυπτόμενος

2103 1795 2279 1865 ἥδετο.
2313 1793 2424 1846 Καὶ
2456 1792 2625 1855 τέλος,
2660 1790 2748 1843 τὸν
2780 1791 3040 1844 Νέσσειον
3077 1788 3278 1858 χιτῶνα
3311 1786 3693 1841 ἀπώύσατθαι

422 1881 584 1935 minae
613 1894 801 1936 amore
827 1890 1137 1951 superatus,
1168 1896 1228 1936 se
1256 1896 1286 1935 a
1334 1881 1483 1952 Lyde
1514 1881 1727 1935 ridente
1757 1881 1811 1934 in
1840 1891 1989 1936 nates

2107 1887 2181 1958 μὴ
2206 1885 2476 1955 δυνηθεὶς,
2515 1883 2693 1955 πυρὰν
2747 1881 2913 1936 αὑτοῦ
2954 1882 3117 1946 αὐτὸς
3144 1882 3257 1953 (22)
3307 1882 3562 1951 ποιήσας,
3597 1882 3692 1933 τὲ-

421 1973 556 2027 caedi
611 1972 923 2029 lzetabatur.
982 1972 1038 2045 4
1092 1976 1171 2028 Ac
1201 1975 1440 2042 tandem,
1471 1989 1597 2029 cum
1628 1972 1886 2029 Nesseam
1921 1985 2003 2029 tu-

424 2066 607 2120 nicam
636 2081 839 2120 exuere
868 2082 978 2121 non
1001 2067 1285 2136 potuisset,
1312 2082 1407 2122 sua
1436 2067 1609 2135 ipsius
1643 2082 1672 2121 a
1701 2082 1761 2123 se
1786 2076 2002 2122 exstru-

420 2165 511 2210 cta
543 2172 699 2227 pyra,
740 2157 865 2212 vita:
900 2159 1062 2212 finem
1114 2160 1328 2213 statuit.
1375 2159 1618 2229 Deponat
1668 2158 1995 2229 zelotypiam

424 2247 726 2314 Vulcanus,
754 2258 809 2303 et
848 2264 917 2305 ne
948 2251 1192 2305 invideat
1220 2252 1288 2316 si,
1326 2266 1450 2305 cum
1496 2265 1666 2305 senex
1692 2261 1749 2306 et
1777 2253 2000 2308 claudus

420 2349 586 2408 esset,
612 2342 738 2397 odio
771 2343 1086 2408 haberetur,
1150 2351 1207 2396 at
1255 2342 1403 2397 Mars
1450 2344 1653 2399 charus
1706 2344 1868 2408 foret,
1907 2345 1998 2414 qui

416 2435 632 2504 juvenis
664 2449 729 2489 ac
753 2433 1027 2491 formosus
1055 2445 1196 2490 erat.
1224 2435 1408 2489 Vestri
1438 2434 1606 2504 igitur
1630 2436 1727 2500 dii,
1750 2450 1783 2490 ο
1801 2436 1996 2501 Graeci,

418 2540 533 2593 prae
564 2526 791 2581 libidine
829 2525 973 2581 tales
1006 2540 1130 2581 esse
1187 2526 1423 2581 convicti
1472 2536 1629 2593 sunt;
1679 2529 1842 2582 vestri
1898 2543 1998 2583 au-

422 2625 531 2670 tem
562 2618 777 2685 heroes,
806 2616 1209 2685 effeminati,ut
1230 2618 1581 2673 declararunt
1603 2629 1799 2673 vestra:
1822 2619 1999 2673 histo-

418 2708 541 2773 ria),
572 2722 693 2777 qua:
718 2708 1001 2777 tragoediis
1023 2718 1346 2779 argumenta
1377 2711 1822 2779 suppeditarunt,
1844 2711 1998 2766 Atrei

418 2798 656 2867 piacula,
713 2797 968 2870 Thyestae
1000 2801 1323 2856 concubitus
1364 2811 1419 2856 et
1459 2800 1842 2871 Pelopidarum
1896 2794 1997 2856 ex;

420 2890 685 2944 secranda
722 2889 1006 2957 facinora;
1058 2902 1113 2947 et
1164 2893 1407 2946 Danaum
1442 2892 1647 2946 invidia
1679 2891 1997 2961 impellente

419 2980 595 3034 caedes
629 2990 1056 3051 perpetrantem,
1088 2992 1144 3037 et
1172 2984 1299 3037 filiis
1327 2995 1607 3039 carentem
1640 2986 1886 3049 ebrium;
1939 2997 1997 3040 et

418 3066 719 3143 Thyesteas
767 3088 979 3139 canas,
1037 3090 1173 3144 quas
1228 3075 1498 3147 Erinnyes
1559 3078 1871 3131 struebant.
1917 3078 1996 3133 Ac

2100 1980 2191 2044 λος
2232 1979 2387 2032 ἔλαϐε
2427 1978 2521 2031 τοῦ
2565 1976 2704 2046 βίου.
2740 1976 2890 2029 Θέτω
2927 1974 2986 2027 τὸ
3035 1973 3194 2045 ζῆλος
3237 1974 3558 2042 ”Ηφαιστος,
3590 1972 3691 2025 καὶ

2104 2073 2177 2144 μὴ
2212 2071 2473 2141 φθονείτω
2505 2072 2553 2121 εἰ
2607 2067 2916 2140 πρεσϐύτης
2948 2066 3022 2120 ὢν
3075 2056 3170 2119 xui
3210 2064 3399 2128 κυλλὸς
3424 2064 3513 2118 τὸν
3546 2064 3691 2120 πόδα

2103 2164 2393 2235 μεμίσητο,
2429 2163 2604 2234 Ἀρρης
2642 2160 2700 2213 δὲ
2737 2159 3022 2229 πεφίλητο,
3065 2158 3183 2220 νέος
3215 2156 3289 2209 ὢν
3323 2156 3419 2208 καὶ
3461 2156 3685 2227 ὡραῖος.

2113 2258 2265 2310 Ἐπεὶ
2296 2252 2387 2310 οὖν
2422 2255 2553 2326 (25),
2609 2253 2800 2325 ἄνδρες
2846 2250 3126 2322 Ἕλληνες,
3171 2253 3220 2302 οἱ
3256 2250 3353 2321 μὲν
3381 2248 3494 2301 θεοὶ
3528 2249 3689 2319 ὑμῶν

2100 2349 2204 2401 ὑπὸ
2228 2348 2500 2420 ἀκρασίας
2532 2346 2642 2417 (24)
2674 2342 3044 2414 ὴλέγχθησαν,
3071 2342 3318 2413 ἄνανδροι
3351 2340 3409 2393 δὲ
3433 2342 3481 2393 οἱ
3502 2341 3687 2411 ἥρωες

2100 2441 2275 2512 ὑμῶν,
2307 2441 2382 2503 ὡς
2424 2442 2481 2493 αἱ
2513 2440 2644 2511 παρ’
2675 2439 2805 2508 ὑμῖν
2853 2435 3259 2507 δραματουργοὶ
3295 2433 3526 2504 ἱστορίαι
3553 2433 3685 2515 ἐδή-

2098 2534 2297 2596 λωσαν,
2333 2531 2399 2584 τὰ
2426 2531 2525 2601 μὲν
2566 2530 2799 2603 Ἀτρέως
2834 2530 2963 2600 ἄγη,
3003 2528 3241 2582 Θυέστου
3271 2527 3423 2599 λέχη,
3452 2526 3545 2579 καὶ
3575 2527 3688 2578 Πε-

2097 2624 2330 2679 λοπιδῶν
2365 2623 2531 2694 μύση,
2567 2622 2663 2676 καὶ
2714 2621 2920 2675 Δαναὸν
2980 2620 3158 2692 φθόνῳ
3209 2620 3522 2688 φονεύοντα,
3582 2617 3685 2671 καὶ

2097 2716 2429 2771 ἀτεκνοῦντα
2480 2716 2594 2787 (25)
2649 2715 3092 2787 μεμεθυσμένον·
3148 2714 3241 2766 καὶ
3301 2713 3371 2766 τὰ
3415 2712 3685 2764 Θυέστεια

2096 2809 2286 2862 δεῖπνα
2325 2808 2434 2880 (26)
2501 2806 2774 2879 Ἑριννύες
2814 2807 3034 2878 ἤρτυον.
3078 2804 3189 2859 Καὶ
3246 2805 3465 2875 Πρόκνη
3517 2803 3683 2873 μέχρι

2095 2898 2191 2953 νῦν
2240 2899 2597 2971 ὲπτερωμένη
2634 2899 2758 2969 γοᾷ,
2810 2898 2905 2951 καὶ
2949 2897 3154 2971 ταύτης
3186 2896 3388 2967 ἀδελφὴ
3435 2897 3683 2964 γλωσσό-

2100 3007 2303 3061 τμητος
2360 2990 2607 3060 τέτριγεν
2631 2991 2664 3060 ἡ
2692 2990 2992 3061 Κεκροπίς.
3022 2988 3104 3041 Τὰ
3122 2987 3231 3059 γὰρ
3261 2988 3537 3040 Οἱδιπόδου
3563 2985 3678 3056 (27)

2096 3080 2296 3151 κέντρα
2322 3079 2374 3132 τί
2401 3080 2481 3132 δεῖ
2508 3080 2603 3132 καὶ
2634 3080 2842 3149 λέγειν;
2885 3080 2981 3133 xai.
3027 3080 3118 3134 τὸν
3150 3080 3319 3133 Λαΐου
3366 3078 3543 3148 φόνον,
3579 3079 3679 3132 καὶ

418 3164 631 3220 Procne
654 3166 721 3219 ad
745 3166 891 3220 hunc
923 3182 1093 3236 usque
1124 3167 1269 3221 diem
1312 3178 1548 3237 pennata
1582 3168 1780 3238 gemit;
1815 3177 1869 3223 et
1894 3169 1989 3223 hu-

2099 3171 2304 3242 μητρὺς
2335 3170 2532 3241 γάμον,
2593 3171 2688 3224 καὶ
2750 3172 2848 3243 τὴν
2880 3171 2988 3227 τῶν
3053 3170 3297 3239 ἀδελφῶν
3361 3170 3525 3224 αὑτοῦ
3581 3170 3679 3224 καὶ

411 3255 502 3326 jus
536 3272 694 3313 soror
722 3258 1077 3314 Atheniensis
1118 3269 1246 3329 post
1271 3260 1572 3315 abscissam
1600 3261 1844 3331 linguam
1865 3261 1994 3316 stri-

2094 3263 2296 3317 τέκνων
2326 3265 2442 3335 ἅμα
2471 3264 2921 3335 ἁλληλοκτονίαν;

415 3349 601 3404 dorem
633 3351 923 3420 quemdam
977 3351 1108 3407 edit.
1170 3350 1307 3407 Nam
1360 3352 1660 3424 OEdipodis
1693 3354 1989 3409 transfixos
2024 3355 2204 3411 fibulis
2228 3360 2393 3427 pedes
2420 3360 2550 3428 quid
2616 3358 2816 3412 attinet
2868 3356 3114 3412 referre‘l
3167 3365 3220 3410 et
3271 3353 3385 3409 Laii
3447 3354 3675 3421 caedem,

415 3450 632 3496 etcum
684 3454 858 3498 matre
911 3444 1080 3499 initas
1135 3446 1384 3516 nuptias,
1442 3458 1497 3502 et
1542 3447 1818 3517 quomodo
1873 3446 2073 3504 fratres
2098 3450 2217 3520 ejus
2271 3450 2436 3505 simul
2494 3464 2559 3504 ac
2615 3449 2711 3505 ﬁlii
2772 3449 2973 3504 mutuis
3025 3447 3343 3503 vulneribus
3396 3446 3673 3500 occubue‘

418 3534 566 3588 rint?

484 3628 538 3681 4.
600 3628 827 3685 Vestros
882 3631 1046 3686 etiam
1086 3641 1391 3687 conventus
1444 3635 1805 3705 panegyricos
1862 3635 1990 3689 odio

416 3732 738 3789 prosequor.
769 3720 846 3775 lbi
879 3722 1023 3777 enim
1054 3723 1201 3776 luxui
1233 3724 1559 3779 immensum
1591 3727 1645 3778 in
1674 3727 1908 3780 modum-
1937 3735 1993 3779 et

420 3809 593 3866 multo
621 3812 744 3881 plus
794 3828 957 3881 quam
1012 3815 1079 3868 ad
1130 3816 1461 3881 satietatem,
1516 3818 1865 3886 indulgetur:
1918 3815 1990 3870 ibi

415 3909 544 3955 sunt
571 3904 806 3958 artificio
837 3904 1114 3974 exquisito
1152 3907 1310 3960 factae
1338 3908 1501 3973 tibiae,
1545 3923 1666 3977 qua:
1709 3906 1775 3961 ad
1812 3915 1990 3961 motus

492 4058 606 4135 (l9)
633 4060 730 4135 Ὣς
751 4058 1102 4135 κατέπεφνε.
1132 4058 1439 4135 Stephanus
1460 4062 1743 4135 legendum
1768 4064 1986 4135 conjicit

419 4128 479 4192 ὃς
513 4128 735 4203 βριαρὸν
758 4130 853 4203 vel
871 4128 1129 4203 σθεναρὸν
1155 4128 1458 4203 κατέπεφνε
1490 4128 1697 4197 λέοντα,
1728 4128 1986 4203 (ιυίξιἾΠ-

418 4207 536 4272 erat
562 4200 614 4272 in
648 4200 941 4272 exemplari
976 4200 1207 4272 vacuum
1236 4200 1453 4270 aliquod
1493 4200 1757 4272 spatium,
1778 4204 1862 4258 cui
1891 4220 1985 4258 ex-

417 4269 613 4337 plendo
642 4269 954 4342 alterutram
986 4271 1178 4324 harum
1207 4269 1403 4342 vocUm
1446 4269 1639 4342 melius
1680 4288 1980 4342 congruere

417 4347 603 4411 putat,
635 4353 795 4411 quam
830 4340 874 4393 si
922 4340 1131 4411 legatur
1173 4341 1432 4410 Νεμαῖον.
1473 4341 1573 4396 Hic
1615 4343 1759 4395 enim
1796 4340 1983 4411 agitur

416 4408 482 4461 de
520 4406 673 4489 (eone
710 4406 1322 4489 Netnmon’Sylburgius
1370 4411 1549 4489 mallet
1594 4406 1877 4489 pi.ocrUpdv'-
1918 4428 1982 4466 ac

414 4477 577 4545 paulo
624 4484 745 4545 post
788 4477 1072 4549 legendum
1118 4477 1225 4545 ait,
1275 4479 1469 4548 ἔλαφον
1497 4481 1551 4533 δὲ
1584 4477 1678 4533 καὶ
1721 4477 1820 4534 τὰύ
1893 4499 1974 4545 υς,

415 4547 543 4605 quia
571 4561 677 4600 non
722 4562 879 4602 cerva
922 4550 1014 4603 sed
1046 4550 1186 4603 tauri
1217 4550 1441 4603 naribus
1474 4551 1647 4605 ignem
1676 4499 1976 4605 θοὴ-δίζω.
2009 4532 2052 4586 ί)

415 4547 677 4618 quianon
722 4547 879 4618 cerva
922 4550 1014 4603 sed
1046 4550 1186 4603 tauri
1217 4547 1441 4603 naribus
1474 4551 1647 4618 ignem
1676 4552 1822 4618 spira

488 4616 598 4685 (20)
625 4616 976 4691 Στελέχους.
1016 4618 1325 4691 Stephanus
1365 4631 1419 4673 et
1446 4616 1767 4690 Sj‘lburgius
1797 4622 1976 4691 legen-

413 4685 543 4756 dum
577 4685 817 4751 censent,
832 4685 956 4740 ’ἀπὸ
984 4688 1287 4756 στελέχους.
1488 4685 1503 4689 ⁷
1649 4685 1673 4690 ⁷
1850 4685 1871 4726 ἶ

483 4755 593 4827 (2|)
630 4756 1107 4827 ’ρρηγπηδῄσαᾳ
1162 4756 1278 4809 Non
1329 4757 1486 4812 video
1517 4758 1647 4827 quid
1697 4761 1977 4814 sententia:

412 4839 477 4877 ex
512 4823 615 4878 hac
649 4823 903 4901 Stephani
934 4826 1372 4901 interpretatione
1401 4823 1621 4881 extundi
1645 4831 1846 4901 possit,
1887 4833 1976 4901 qui

411 4905 610 4966 montes
648 4894 790 4966 saltu
820 4896 1134 4966 _transiliit,
1194 4906 1251 4949 ut
1298 4913 1489 4966 aquam
1540 4894 1829 4966 acciperet,
1869 4894 1973 4955 etc.

410 4961 590 5039 Quare
647 4964 929 5039 legendum
972 4967 1214 5039 videtur,
1256 4977 1315 5020 ut
1344 4961 1551 5032 'antea,
1602 4961 1829 5032 πιδύσας
1877 4986 1976 5039 pro

409 5034 692 5105 πηδήσας,
744 5036 833 5103 qui
890 5046 1085 5088 montes
1138 5038 1331 5099 fontem
1381 5038 1586 5104 effecit,
1627 5039 1740 5092 sive
1790 5034 1976 5093 eduxit

410 5101 611 5176 fontem
645 5119 711 5176 ei:
749 5101 1044 5176 montibus.
1072 5105 1235 5159 Multa
1266 5101 1468 5160 ethnici
1498 5123 1528 5162 e
1559 5108 1851 5176 Scripturis
1878 5127 1974 5163 no-

408 5173 538 5225 stris
572 5172 625 5248 in
662 5171 908 5248 Herculis
950 5190 1145 5229 nomen
1183 5178 1609 5248 transtulerunt,
1644 5171 1791 5231 velut
1822 5181 1970 5248 quod

405 5254 533 5319 eum
574 5242 625 5294 in
670 5245 898 5319 monstri
947 5258 1131 5319 ventre
1151 5255 1272 5319 tres
1322 5247 1437 5300 dies
1479 5242 1647 5319 fuisse
1679 5242 1970 5319 ﬁngebant.

404 5307 628 5364 Minime
663 5327 794 5387 ergo
822 5314 1041 5387 mirum,
1075 5318 1119 5368 si
1148 5318 1298 5387 illum
1328 5331 1394 5368 ex
1424 5317 1559 5387 colle
1580 5326 1634 5370 et
1664 5307 1806 5371 edita
1840 5335 1972 5387 rupe

404 5393 574 5455 aquas
620 5381 872 5455 eduxisse
904 5382 1176 5455 digerunt.
1226 5383 1447 5455 Fontetn
1490 5386 1557 5438 ab
1596 5401 1662 5440 eo
1698 5381 1968 5455 repertu-n1

404 5445 687 5503 Troezenii
722 5453 1096 5509 monstrabant
1118 5492 1134 5515 .
1165 5464 1303 5509 teste
1352 5453 1622 5509 Pausania
1671 5456 1725 5509 in
1760 5445 1967 5511 'Corin-

404 5518 613 5581 thiacis,
651 5534 769 5588 pag.
804 5521 921 5574 166.

474 5588 587 5662 (22)
619 5589 824 5656 Πυρὰν
849 5593 1034 5645 αὑτοῦ
1061 5593 1260 5655 αὑτός.
1299 5591 1428 5647 Sine
1461 5609 1626 5647 causa
1659 5592 1967 5662 Stephanus

403 5655 920 5732 legendumcensutt
948 5664 1064 5714 κατ’
1082 5662 1265 5732 αὑτοῦ,
1302 5662 1439 5732 Pyra
1466 5669 1711 5717 adversus
1738 5655 1963 5731 ieipsum

400 5729 769 5806 ειςιιεζακΜοκ
819 5732 1059 5806 legeres
1111 5731 1291 5801 ζῆλον.
1338 5729 1406 5773 ξ-
1434 5736 1564 5788 Κατ’
1597 5746 1738 5791 recte
1774 5729 1961 5806 Steph.

402 5796 525 5849 add.
553 5798 818 5864 habetque
852 5796 969 5854 cuti.
1004 5796 1223 5866 Argent.

2160 3631 2215 3684 4.
2248 3631 2358 3684 Καὶ
2390 3629 2487 3693 τὰς
2521 3629 2854 3701 πανηγύρεις
2887 3626 3041 3699 ὑμῶν
3074 3628 3371 3698 μεμίσηκα.
3407 3628 3673 3697 Ἀμετροι

2093 3723 2201 3795 γὰρ
2226 3724 2341 3775 ἐκεῖ
2374 3721 2701 3791 πλησμοναὶ,
2744 3721 2838 3773 καὶ
2890 3719 3042 3772 αὐλοὶ
3083 3719 3369 3790 γλαφυροὶ,
3414 3712 3675 3771 ἐκκαλού-

2096 3829 2247 3883 μενοι
2276 3811 2415 3882 πρὸς
2439 3809 2750 3881 οἰστρώδεις
2776 3808 3019 3879 κινήσεις
3039 3825 3051 3837 ’
3085 3808 3180 3862 καὶ
3235 3808 3419 3879 μύρων
3457 3807 3674 3878 περίερ-

2088 3903 2445 3975 γοιχρίσεις,
2500 3902 2595 3955 καὶ
2643 3900 2920 3969 στεφάνων
2982 3899 3309 3972 περιθέσεις.
3366 3899 3476 3952 Καὶ
3535 3897 3667 3971 [τῷ]

2157 4063 2269 4134 (25)
2313 4060 2469 4115 Ἐπεὶ
2497 4056 2631 4134 οὖν.
2688 4057 2906 4134 Aliquid
2930 4056 3121 4134 deesse
3143 4066 3301 4134 putat
3325 4056 3664 4134 Stephanus,

2084 4125 2228 4202 quod
2252 4125 2383 4187 huic
2411 4132 2530 4187 voci
2563 4125 2909 4202 respondeat.
2934 4125 3210 4202 sedsaepe
3234 4128 3366 4202 alias
3390 4125 3662 4202 Justinus,

2083 4197 2208 4257 dum
2242 4205 2538 4257 vehemens
2575 4197 2670 4254 est
2713 4202 2766 4254 in
2800 4199 3063 4264 dicendo,
3110 4198 3381 4267 longiores
3406 4197 3665 4263 periodos

2084 4272 2341 4335 devolvit,
2383 4286 2503 4340 qua:
2551 4281 2647 4324 aut
2685 4268 3175 4340 imperfecttesint,
3216 4268 3658 4340 autpareulhesi

2084 4337 2504 4412 distinguendae.
2540 4339 2901 4412 Parenthesis
2939 4338 3067 4391 huic
3100 4339 3215 4391 loco
3243 4337 3439 4412 apponi
3461 4350 3663 4412 posset

2083 4404 2282 4532 algebis
2311 4410 2491 4466 verbis
2520 4410 2587 4463 τὰ
2611 4409 2711 4481 μὲν
2748 4407 2983 4479 ’Δτρέως
3005 4422 3176 4477 usque
3203 4408 3269 4459 ad
3296 4408 3397 4460 ista
3427 4404 3660 4460 εἰώθατε

2086 4498 2125 4532 υ.
2180 4498 2313 4532 εσιν.

2180 4498 2313 4535 εσιν.

2085 4480 2460 4623 "(iiiivfmo
2492 4549 3062 4623 dtxpaqiaq._Frustra
3099 4548 3189 4603 hic
3220 4546 3425 4623 aliquid
3437 4617 3447 4623 _
3458 4546 3661 4623 deesse

2081 4617 2253 4688 puiat'
2287 4621 2619 4689 Stephanus.
2670 4620 2716 4674 ls
2748 4620 2892 4674 enim
2925 4633 3119 4674 sensus
3158 4630 3264 4685 est,
3292 4635 3387 4672 sua
3416 4617 3534 4671 illos
3566 4632 3658 4671 ar-

2080 4692 2195 4759 guit
2228 4692 2695 4759 intentperantia.-

2150 4760 2262 4832 (25)
2291 4757 2414 4832 Κιιῖ
2434 4759 2820 4832 ἀτεκνοῦντα.
2853 4758 2996 4832 Ante
3031 4760 3172 4812 hanc
3198 4772 3385 4813 vocem
3412 4757 3497 4812 vel
3528 4768 3656 4826 post

2076 4829 2354 4885 existimat
2380 4831 2690 4897 Stephanus
2723 4829 2914 4885 deesse
2940 4831 3233 4898 Αἴγυπτον.

2073 4968 2110 5024 ἃ
2147 4901 2517 5024 (ἐξ)
2539 4901 2706 4955 Recte
2732 4898 2923 4969 Steph.
2956 4901 3243 4971 legendum
3283 4900 3439 4955 docet
3459 4901 3653 4954 δεῖπνα

2167 4972 2443 5024 Εοιννύες.

2147 4989 2627 5127 ςὲξ)ινόξδςξετόδρυ.
2659 5041 2818 5127 λύρη]
2844 5041 3030 5127 mallet
3060 5045 3215 5127 φὶδίπ
3245 5043 3361 5127 οδρς
3394 5040 3478 5127 vel
3502 5039 3653 5121 ρίδι-

2074 5111 2281 5184 πόδεια.
2339 5113 2459 5184 [Τὰ
2489 5111 2598 5181 γὰρ
2652 5112 2968 5166 Οἰδιπόδου
3021 5118 3241 5184 κέντρα
3287 5111 3648 5184 doctissimus

2073 5182 2359 5247 Potterus,
2412 5184 2568 5252 cujus
2642 5184 2822 5237 multa:
2885 5190 3104 5238 exstant
3160 5182 3649 5252 adnotationesm

2071 5252 2312 5308 editione
2340 5249 2636 5309 Oxouiensi
2662 5255 2791 5306 anni
2822 5253 2983 5317 1705,
3032 5253 3424 5319 interpretatur
3446 5249 3647 5317 ﬁbulas

2070 5338 2285 5393 aureas,
2310 5324 2507 5393 quibus
2537 5323 2642 5377 sibi
2664 5324 2848 5377 oculos
2887 5324 3031 5377 eruit
3078 5320 3342 5393 (JEdipus.
3373 5322 3480 5374 Sed
3527 5322 3647 5393 haec

2068 5390 2384 5459 conjectura
2421 5394 2643 5446 minime
2671 5394 2802 5448 mihi
2832 5395 3115 5461 probatur.
3155 5390 3329 5461 Nemo
3354 5399 3439 5461 est
3489 5390 3642 5461 enim

2066 5463 2152 5516 cui
2187 5479 2292 5516 non
2329 5465 2414 5517 illa
2443 5464 2643 5534 κέντρα
2672 5459 2971 5518 tt'ansiixos
3019 5461 3198 5534 potius
3220 5459 3412 5529 OEdipi
3450 5460 3641 5525 pedes,

2066 5547 2229 5600 quam
2257 5534 2445 5587 oculos
2479 5533 2705 5588 effossos
2757 5535 2807 5586 in
2841 5533 3160 5588 memoriam
3205 5539 3485 5594 revocent;
3513 5544 3639 5581 cum

2065 5599 2367 5668 pnesertim
2420 5606 2488 5657 ab
2522 5606 2605 5657 his
2665 5604 2847 5658 libulis
2900 5603 3123 5669 incipiat
3177 5599 3423 5655 Justinus
3458 5602 3641 5651 varios

2064 5671 2253 5740 (Edipi
2296 5685 2523 5727 eventus
2578 5670 2993 5741 perstringere.]
3045 5701 3114 5711 —
3160 5673 3242 5723 Ex
3286 5672 3557 5724 Addenda
3583 5679 3639 5722 et

2068 5744 2445 5802 Emendandis.
2469 5744 2759 5810 Οἰδίποδος
2785 5755 2866 5803 est
2898 5745 2950 5800 in
2986 5744 3107 5802 cod.
3132 5744 3354 5814 Argent.
