3948 6256
312 430 398 485 ³⁵⁷
1574 441 1832 500 ORATIO
1865 455 1879 497 Α

1988 444 2310 502 GRAECOS.
3478 462 3589 521 258

533 544 827 649 σῶρῷἶῶΥ
877 554 1123 610 κακῶν
1166 556 1266 629 τὴν
1316 558 1445 612 αίδῶ
1498 560 1872 632 περιγράφετε

2016 563 2266 627 incitam,
2296 562 2483 631 quales
2512 574 2641 618 sunt
2678 575 2847 620 oestro
2876 568 3241 635 percitorum;
3285 579 3336 624 et
3366 574 3590 629 unctio-

289 639 369 737 ai
398 639 512 737 νούν
542 639 897 737 πληροῦσθε,
936 646 1074 699 ὑπὸ
1116 650 1393 721 ἀκρασίας
1420 652 1879 723 ὲκδακχευόμενοι

2020 672 2119 712 nes
2152 658 2381 711 curiosa:
2404 671 2467 711 ac
2496 671 2937 725 supervacaneis,
2972 676 3092 729 quae
3115 667 3403 733 unguentis
3426 666 3589 737 ﬁunt,

280 732 362 787 al
391 733 501 794 ταῖς
552 732 803 797 ἀνοσίαις
851 738 978 789 καὶ
1034 738 1350 795 λυσσὼδεσι
1398 742 1632 815 χρᾶσθαι
1685 744 1879 799 είώθατ

2020 749 2165 817 quod
2201 757 2255 801 et
2284 747 2350 801 de
2384 745 2606 802 corollis
2638 746 2742 801 dici
2778 756 2959 816 potest
3008 732 3209 818 quibus
3232 755 3406 822 capita
3442 732 3589 812 redi:-

269 823 492 894 μίξεσιν.
520 824 750 895 Εἴποιμι
777 825 834 879 δ’
871 828 960 883 ἂν
1001 832 1155 903 ὑμῖν
1206 833 1287 887 ἔτι
1334 836 1429 888 καὶ
1460 834 1656 889 τοῦτο·
1685 836 1739 891 τί
1770 838 1879 906 ἀγα

2018 838 2284 893 miuntur.
2320 836 2398 891 Ac
2442 844 2593 891 tanto
2643 836 2909 893 malorum
2956 853 3152 895 acervo
3200 846 3586 901 verecundiam

263 918 487 979 γαπετεῖς,
524 916 729 987 Ἕλλην
766 917 885 985 ὣν,
937 924 1102 995 πρὸς
1136 926 1197 979 τὸ
1227 926 1414 980 τέκνον
1452 944 1571 992 σου,
1616 930 1665 982 εἰ
1695 928 1787 981 τὸν
1814 930 1875 981 Δί

2017 928 2469 984 circumscribitis
2493 947 2507 982 :
2542 928 2905 999 impleturque
2942 934 3097 988 vobis
3121 948 3293 1001 mens,
3319 938 3448 989 dum
3472 951 3587 1003 pra:

254 1008 589 1079 μιμούμενος
620 1011 1018 1069 ἐπιϐουλεύει
1055 1036 1165 1083 σοι,
1211 1020 1305 1072 καί
1336 1037 1431 1073 σου
1461 1020 1552 1075 τὸν
1590 1021 1770 1091 γάμον
1800 1021 1879 1090 (28

2016 1020 2437 1091 intemperantia
2494 1030 2552 1075 et
2612 1023 2908 1091 petulantia
2938 1026 2989 1079 in
3036 1025 3363 1081 Bacchicum
3388 1042 3585 1096 quem-

258 1104 554 1176 σεσύληκε;
581 1108 653 1160 Τί
684 1109 905 1164 τοῦτον
938 1108 1153 1185 ἐχθρὸν
1182 1117 1311 1185 ἡγῇ,
1330 1116 1419 1169 τὸν
1449 1115 1508 1169 δὲ
1539 1117 1725 1186 ὅμοιον
1760 1117 1879 1170 αὑτὲ

2015 1113 2141 1168 dam
2172 1112 2407 1168 furorem
2440 1115 2829 1183 prorumpitis:
2865 1117 3007 1171 unde
3038 1118 3201 1173 etiam
3247 1118 3475 1176 rabiosis
3504 1119 3584 1175 uti

256 1198 420 1271 σέὅῃς
459 1200 527 1253 Τί
582 1201 645 1254 δὲ
713 1202 940 1277 μέμφῃ
1003 1224 1107 1260 σου
1147 1207 1247 1278 τὴν
1304 1210 1537 1277 γυναῖκα
1590 1208 1878 1262 ὰκολάστω

2011 1205 2395 1260 concubitibus
2434 1205 2577 1261 soliti
2604 1205 2759 1264 estis.
2792 1207 3033 1263 Dixerim
3072 1219 3253 1264 autem
3296 1211 3449 1266 vobis
3479 1213 3582 1267 hoc

258 1290 458 1355 ζῶσαν,
480 1292 582 1363 τὴν
617 1294 681 1346 δὲ
723 1296 1093 1369 Ἀφροδίτην
1151 1301 1301 1363 ναοῖς
1348 1300 1687 1371 τετίμηκας;
1726 1300 1879 1353 Kal:

2010 1312 2267 1367 quoque:
2298 1296 2440 1362 Quid
2474 1307 2550 1361 tu,
2587 1313 2713 1353 cum
2771 1298 2995 1355 Grazcus
3027 1302 3123 1367 sis,
3177 1301 3291 1358 ﬁlio
3339 1311 3431 1358 tuo
3455 1318 3583 1358 suc-

264 1386 361 1477 μεν
388 1386 559 1439 ταῦτα
591 1385 693 1455 ὑφ’
720 1388 819 1439 ὲτέ
832 1406 957 1457 ρων
986 1383 1061 1458 ἦν
1090 1389 1374 1477 είρημὲἐνα,
1398 1390 1703 1461 κατηγορία
1727 1389 1879 1454 ἔδοξε

2009 1402 2221 1453 censes,
2261 1388 2306 1443 si
2334 1386 2521 1443 Jovem
2548 1389 2795 1455 imitans,
2820 1390 2915 1444 tibi
2946 1392 3255 1457 insidiatur,
3278 1402 3333 1448 et
3363 1394 3580 1463 nuptias

271 1474 404 1531 εἶναι
435 1478 591 1549 ψιλὴ,
625 1479 732 1532 καὶ
763 1480 879 1531 οὐκ
904 1478 1165 1550 ἀλήθεια.
1200 1474 1312 1535 Νῦν
1336 1482 1393 1535 δὲ
1420 1482 1592 1535 ταῦτα
1624 1484 1671 1535 οἱ
1701 1482 1879 1553 ὑμέτει

2009 1489 2133 1533 tuas
2165 1480 2379 1534 furatus
2410 1480 2530 1534 est?
2564 1479 2672 1535 Cur
2697 1482 2841 1535 hunc
2868 1496 2990 1537 esse
3035 1484 3310 1539 inimicum
3347 1500 3576 1555 censes;

285 1590 363 1642 ροι
407 1572 592 1642 ᾅδουσι
642 1572 917 1644 ποιηταὶ,
957 1574 1055 1627 καὶ
1112 1576 1167 1627 αί
1213 1574 1342 1647 παρ’
1392 1576 1524 1646 ὑμῖν
1554 1575 1879 1647 κεκράγασιε

2010 1581 2067 1626 at
2101 1571 2179 1625 illi
2206 1572 2403 1626 similia
2438 1582 2841 1641 perpetrantem
2869 1576 3193 1630 veneraris?
3220 1576 3330 1631 Cur
3355 1577 3486 1632 item
3509 1581 3581 1636 de

287 1666 527 1736 ἱστορίαι,
2007 1678 2178 1717 uxore
2210 1673 2301 1716 tua
2332 1663 2672 1733 expostules,
2712 1666 2857 1733 quod
2900 1667 3217 1735 petulanter
3250 1669 3397 1723 vivat
3421 1680 3475 1725 et
3508 1670 3579 1723 li-

288 1755 563 1822 bidinose;
614 1769 673 1813 at
712 1760 1003 1815 Venerem
1054 1759 1269 1831 templis
1326 1762 1653 1817 bonorasti?
1689 1763 1787 1828 Ac,
1822 1763 1867 1818 si
1912 1760 2127 1829 quidem
2174 1758 2278 1812 ista
2333 1759 2400 1811 ab
2435 1757 2558 1812 aliis
2608 1758 2751 1811 dicta
2811 1770 3031 1826 essent,
3085 1762 3362 1817 accusatio
3422 1778 3576 1819 mera

291 1864 406 1903 esse
439 1851 558 1905 visa
620 1852 920 1917 fuissent,
977 1867 1044 1907 ac
1092 1868 1201 1908 non
1258 1856 1494 1919 veritas;
1548 1858 1643 1910 sed
1719 1865 1913 1911 contra
1975 1862 2149 1923 poetae
2219 1850 2384 1905 vestri
2440 1850 2554 1904 haec
2600 1860 2829 1915 canunt,
2880 1849 2998 1905 haec
3047 1852 3285 1907 clamant
3335 1866 3401 1907 ea
3449 1869 3574 1923 quae

296 1943 429 2010 apud
462 1958 563 1995 vos
595 1954 737 1997 sunt
772 1945 1052 2000 historiae.

362 2033 412 2086 5.
473 2033 713 2087 Ἔλθετε
756 2035 972 2102 λοιπὸν,
1005 2036 1197 2109 ἄνδρες
1231 2039 1509 2110 Ἕλληνες,
1577 2042 1673 2095 καὶ
1726 2041 1879 2114 σοφίᾳ

2060 2037 2115 2093 5.
2149 2035 2407 2091 Accedite
2440 2036 2493 2089 in
2521 2044 2817 2104 posterum,
2851 2034 3050 2102 Graeci,
3083 2045 3138 2092 et
3170 2038 3453 2104 sapientia:
3484 2040 3571 2095 in-

296 2124 745 2197 άπαραμιλλήτῳ
800 2129 1207 2199 κοινωνήσατε’
1256 2131 1351 2184 καὶ
1396 2132 1527 2204 θείῳ
1576 2133 1722 2204 λόγῳ
1770 2152 1900 2189 παι-

296 2216 539 2287 δεύθητε,
592 2220 698 2271 καί⁸
749 2219 977 2299 μάθετε,
1027 2222 1250 2293 βασιλέα
1308 2224 1617 2296 ἄφθαρτονο
1651 2225 1745 2279 καὶ
1778 2225 1903 2278 τού-

294 2328 417 2372 τους
446 2310 589 2382 (28⁸)
639 2312 774 2376 τοὺς
796 2314 988 2385 ἥρωας
1017 2316 1284 2385 ὲπίγνωτε
1306 2318 1402 2387 οὐχ
1436 2320 1526 2372 ὅτε
1554 2318 1704 2380 λαοῖς
1741 2318 1902 2386 φόνον

294 2400 734 2471 ἐργαζομένους.
770 2404 947 2466 Αὐτὸς
978 2405 1089 2477 γὰρ
1149 2407 1304 2477 ἡμῶν
1356 2408 1488 2478 (29),
1542 2409 1605 2462 οὐ
1655 2408 1901 2478 βούλεται

299 2494 569 2563 σωμάτων
603 2495 814 2567 ἀλκὴν,
866 2499 962 2550 καὶ
994 2498 1180 2551 τύπων
1214 2500 1532 2572 εὐμορφίαν,
1575 2500 1696 2554 οὐδὲ
1740 2502 1899 2569 εὐγε-

296 2586 441 2649 νείας
495 2585 801 2657 φρύαγμα,
841 2589 979 2642 ἀλλὰ
1009 2590 1187 2661 ψυχήν
1241 2610 1299 2644 τε
1352 2591 1619 2664 καθαρὰν,
1658 2591 1899 2663 ὁσιότητι

299 2672 406 2743 (30)
434 2677 881 2748 τετειχισμένην,
908 2678 1010 2749 ἤδη
1054 2679 1169 2751 (51)
1197 2680 1254 2733 δὲ
1290 2680 1552 2751 διηνεκῶς
1591 2678 1898 2733 ἐπιστατῶν

298 2766 427 2835 ἡμῖν
457 2768 485 2817 δ
514 2766 669 2829 θεῖος
702 2768 897 2834 Λόγος,
941 2770 1039 2822 καὶ
1072 2770 1139 2824 τά
1168 2769 1259 2823 τοῦ
1287 2769 1548 2839 βασιλέως
1593 2773 1625 2841 ἡ
1636 2770 1751 2841 μῶν
1775 2788 1897 2823 συν-

302 2854 539 2927 θήματα,
568 2855 808 2927 πράξεις
841 2854 1013 2921 θείας,
1052 2857 1128 2920 ὡς
1156 2857 1244 2911 διὰ
1269 2859 1441 2927 Λόγου
1472 2858 1580 2928 (5‘2)
1613 2858 1896 2929 δυνάμεως

301 2948 378 3009 εἰς
407 2948 588 3018 ψυχὴν
634 2947 1039 3018 διϊκνουμένης,
1090 2948 1183 3017 (ὡς
1229 2948 1458 3016 σάλπιγξ
1485 2949 1593 3020 (55)
1618 2950 1894 3020 εἰρηνικῆς

304 3036 408 3107 (34)
437 3038 627 3107 ψυχῆς
655 3039 1093 3109 πολεμουμένης,
1118 3039 1164 3090 ὣ
1192 3038 1375 3092 παθῶν
1414 3039 1599 3093 δεινῶν
1635 3040 1896 3107 φυγαδευ-

306 3128 519 3198 τήριον,
548 3130 596 3181 ὦ
638 3130 813 3198 πυρὸς
869 3130 1121 3201 ἐμψύχου
1157 3131 1437 3184 σϐεστικὸν
1476 3131 1890 3204 διδασκάλιονο)

306 3219 417 3288 ητις
458 3221 520 3272 ού
578 3220 699 3290 (55)
748 3223 979 3293 ποιητὰς
1025 3226 1190 3289 ποιεῖ,
1229 3226 1289 3277 οὐ
1344 3224 1666 3294 φιλοσόφους
1719 3242 1889 3279 κατα-

306 3309 577 3376 σκεώει,
628 3312 756 3364 οὐδὲ
798 3315 1034 3384 ῥήτορας
1066 3314 1302 3378 δεινούς’
1336 3315 1494 3383 ἀλλὰ,
1536 3314 1885 3380 παιδεύουσα,

305 3406 439 3455 ποιεῖ
482 3403 612 3466 τοὺς
662 3402 893 3474 θνητοὺς
923 3403 1243 3471 ἀθανάτους,
1277 3405 1403 3469 τοὺς
1437 3406 1659 3477 βροτοὺς
1695 3405 1884 3470 θεοὺς,
1915 3392 1957 3449 C

307 3496 363 3545 ἐκ
392 3495 495 3564 γῆς
539 3496 603 3548 δὲ
654 3494 886 3565 μετάγει
923 3496 1003 3559 είς
1047 3496 1172 3561 τοὺς
1203 3495 1341 3567 ὑπὲρ
1389 3496 1668 3567 Ὄλυμπον
1703 3496 1881 3566 ὅρους.

309 3584 547 3649 Ἔλθετε,
600 3585 973 3657 παιδεύθητε·
1021 3586 1243 3655 γένεσθε
1286 3586 1363 3649 ὡς
1409 3586 1551 3655 ἐγώ·
1600 3589 1681 3641 ὅτι
1730 3584 1885 3653 κάγὼ

307 3676 444 3745 ήμην
474 3677 554 3740 ὡς
588 3677 774 3747 ὑμεῖς.
810 3676 1000 3731 Ταῦτά
1032 3694 1100 3748 με
1132 3672 1265 3743 εἷλε,
1298 3678 1358 3731 τό
1404 3695 1461 3731 τε
1506 3677 1604 3747 τῆς
1638 3676 1884 3740 παιδείας

306 3768 478 3822 M591
512 3770 615 3823 καὶ
647 3769 709 3821 τὸ
734 3769 830 3822 τοῦ
861 3771 1034 3838 Λόγου
1066 3770 1317 3823 δυνατόν·
1352 3771 1433 3823 ὅτι
1464 3768 1713 3840 καθάπερ
1744 3771 1881 3821 ἐπα-

307 3860 434 3924 etab;
476 3860 711 3931 ἀγαθὸς,
762 3863 827 3913 ἐκ
881 3860 1090 3930 φωλεοῦ
1134 3860 1428 3933 ὲξερπύσαι
1477 3861 1729 3930 ποιήσας,
1777 3877 1880 3927 φυ-

307 3954 515 4020 γαδεύει
538 3953 718 4007 δεινὸν
750 3954 981 4023 ἑρπετόν
999 3969 1013 3982 ·
1047 3951 1220 4016 οὕτως
1248 3952 1461 4019 ὁΛόγος
1491 3951 1551 4015 ἐξ
1571 3951 1750 4004 αὐτῶν
1774 3952 1882 4003 τῶν

308 4048 395 4116 τῆς
439 4047 629 4117 ψυχῆς
697 4044 886 4116 μυχῶν
930 4043 997 4097 τὰ
1055 4044 1203 4097 δεινά
1247 4044 1345 4114 τῆς
1394 4042 1698 4114 αἰσθήσεως
1746 4045 1882 4096 άπε-

306 4136 483 4190 λαύνει
529 4135 683 4208 πάθη
704 4153 719 4165 ⁸
755 4136 972 4208 πρῶτον
1014 4133 1331 4205 ἐπιθυμίαν,
1365 4134 1432 4187 δι’
1462 4130 1529 4205 ἦς
1562 4134 1668 4185 πᾶν
1710 4133 1880 4186 δεινὸν

378 4326 489 4393 (‘33)
522 4325 642 4377 Kal
668 4340 788 4376 σου
810 4324 918 4376 τὸν
949 4323 1157 4392 γάμον.
1186 4321 1315 4375 Erat
1343 4321 1397 4393 in
1423 4320 1715 4393 exemplari
1741 4321 1864 4373 Bell-

313 4390 412 4449 reri
442 4397 549 4464 (est
592 4395 647 4446 in
677 4397 823 4464 icod.
866 4390 1138 4464 Argcnt.),
1172 4394 1264 4444 καὶ⁵
1293 4392 1384 4442 ἐπὶ
1417 4390 1531 4442 σοῦ.
1564 4391 1668 4443 Sed
1701 4391 1879 4459 legen-

313 4466 431 4519 dum
456 4463 619 4533 putat
653 4463 975 4532 Sylburgius
1002 4463 1214 4533 επίσου,
1246 4466 1481 4533 pariter._
1520 4484 1525 4487 -

379 4529 511 4603 (ξεῖ)
539 4534 653 4588 Καὶ
688 4529 957 4603 centone.
1001 4531 1237 4603 Legend.
1268 4538 1420 4599 putat
1450 4530 1635 4603 Steph.
1667 4529 1878 4603 τούτου,

312 4601 463 4672 hujus
491 4605 629 4671 regis
664 4604 867 4672 heroes.
902 4601 1167 4655 Beurerus
1202 4602 1253 4653 in
1278 4616 1388 4672 suo
1427 4601 1718 4672 exemplari
1748 4601 1881 4672 scri-

405 4684 486 4727 rat
510 4669 641 4733 τόὺς
664 4671 856 4724 τούτου
874 4672 1039 4739 (quod
1060 4680 1113 4724 et
1127 4672 1247 4723 cod.
1263 4669 1482 4737 Argent.
1510 4678 1651 4722 recte
1676 4670 1876 4737 habet).

2002 2124 2385 2196 comparabilis
2419 2126 2713 2194 participes
2763 2134 2975 2190 estote;
3022 2141 3090 2181 ac
3124 2127 3327 2182 divinis
3358 2144 3569 2185 sermo-

2003 2218 2165 2272 nibus
2199 2215 2494 2279 docemini,
2524 2226 2581 2270 et
2635 2216 2785 2285 regis
2838 2219 3170 2287 corruptioni
3202 2233 3311 2273 non
3349 2222 3570 2277 obnoxii

2000 2310 2249 2365 notitiam
2280 2308 2495 2378 capite;
2522 2308 2852 2377 minimeque
2884 2309 3079 2364 heroes
3103 2309 3236 2365 istos
3267 2312 3569 2381 agnoscite,

1998 2403 2089 2472 qui
2119 2402 2296 2457 caedes
2328 2409 2548 2469 patrant
2586 2400 2643 2454 in
2667 2400 2948 2454 hominum
2984 2401 3162 2457 turba.
3197 2400 3395 2457 Noster
3419 2404 3568 2459 enim

1999 2495 2089 2549 ille
2124 2497 2462 2563 imperator,
2489 2492 2728 2546 Verbum
2762 2490 3019 2554 divinum,
3066 2494 3208 2562 quod
3242 2494 3399 2548 nobis
3427 2495 3567 2549 assi-

1998 2586 2104 2640 due
2136 2596 2351 2655 praeest,
2385 2599 2493 2639 non
2518 2583 2637 2638 vult
2683 2586 2932 2654 corporis
2956 2586 3357 2651 strenuitatem,
3392 2596 3446 2640 et
3471 2601 3569 2641 ne-

1997 2694 2102 2747 que
2132 2677 2291 2732 faciei
2322 2676 2812 2746 pulchritudinem,
2840 2691 3017 2746 neque
3050 2676 3357 2733 nobilitatis
3389 2678 3566 2734 elatos

1995 2772 2253 2840 spiritus;
2310 2770 2405 2825 sed
2462 2770 2696 2823 animam
2750 2783 2979 2837 puram,
3032 2767 3391 2823 sanctimonia
3447 2785 3567 2823 mu-

1995 2865 2189 2929 nitam,
2216 2872 2272 2917 et
2330 2862 2475 2933 regis
2527 2860 2699 2915 nostri
2746 2870 3009 2922 tesseras,
3039 2859 3252 2913 divinas
3282 2859 3563 2925 actiones;

1994 2958 2191 3024 quippe
2224 2970 2346 3008 cum
2373 2968 2470 3022 per
2520 2952 2758 3008 Verbum
2804 2951 2885 3005 vis
2931 2952 3175 3020 quaedam
3233 2951 3284 3005 in
3326 2953 3564 3006 animam

1993 3047 2280 3117 pervadat,
2314 3046 2371 3116 (ο
2407 3046 2536 3100 tibia
2589 3044 2819 3114 pacifica
2853 3043 3049 3097 anima:
3096 3043 3240 3098 bello
3273 3044 3559 3113 appetita?!

1994 3140 2303 3209 ogravium
2357 3136 2645 3191 affectuum
2708 3134 3040 3202 fugatorium
3101 3134 3557 3192 instrumentum!

1994 3246 2027 3285 ο
2060 3230 2201 3300 ignis
2233 3230 2432 3284 animae
2463 3229 2610 3283 insiti
2657 3226 3075 3283 exstinctorium
3109 3228 3477 3296 magisterium
3500 3231 3513 3282 !
3540 3230 3561 3296 )

1992 3322 2044 3394 5
2072 3337 2191 3392 qua:
2219 3336 2316 3376 nos
2341 3334 2447 3375 non
2474 3318 2638 3374 efﬁcit
2666 3329 2876 3388 poetas,
2902 3332 3009 3371 non
3038 3317 3390 3386 philosophos
3434 3322 3559 3374 red-
3618 3320 3623 3327 ’

1991 3417 2092 3479 dit,
2146 3428 2321 3481 neque
2364 3420 2612 3466 oratores
2664 3410 3027 3475 excellentes;
3078 3407 3171 3463 sed
3224 3411 3423 3465 docens
3486 3427 3555 3465 ex

1987 3506 2147 3560 morti
2168 3503 2417 3560 obnoxiis
2454 3501 2811 3567 immortales,
2850 3511 2903 3556 et
2929 3500 3062 3556 deos
3113 3518 3181 3556 ex
3225 3503 3552 3561 mortalibus

1987 3598 2153 3665 facit;
2181 3612 2211 3651 e
2239 3606 2383 3651 terra
2421 3605 2604 3650 autem
2643 3596 2699 3649 in
2743 3608 2808 3649 ea
2853 3593 2970 3648 loca
3011 3594 3291 3661 transfert,
3323 3612 3555 3666 quorum

1987 3691 2202 3745 termini
2229 3688 2513 3745 suntultra
2532 3686 2841 3757 Olympum.
2868 3686 3141 3752 Accedite,
3166 3685 3365 3753 Grani,
3392 3690 3556 3744 doce-

1984 3781 2136 3835 mini.
2169 3780 2354 3835 Estote
2390 3789 2449 3834 ut
2476 3793 2576 3850 ego
2603 3795 2618 3845 ;
2662 3779 2917 3847 quoniam
2944 3786 2998 3831 et
3026 3792 3126 3848 ego
3155 3794 3303 3832 eram
3338 3789 3397 3833 ut
3428 3796 3545 3835 vos.

1984 3874 2108 3930 llaec
2137 3888 2220 3929 me
2254 3881 2536 3943 ceperunt,
2566 3881 2616 3927 et
2648 3869 2907 3925 doctrina:
2932 3869 3016 3922 vis
3042 3871 3261 3936 enthea,
3299 3879 3355 3926 et
3383 3868 3553 3926 Verbi

1983 3967 2257 4033 eﬂicacia;
2296 3965 2552 4036 quoniam
2580 3966 2721 4020 sicut
2766 3967 3076 4020 incantator
3116 3965 3326 4034 peritus
3358 3963 3551 4018 formi-

1984 4060 2210 4113 dabilem
2241 4070 2545 4129 serpentem
2592 4058 2758 4128 fugat,
2799 4068 3084 4127 postquam
3114 4056 3241 4111 fecit
3284 4066 3346 4110 ut
3387 4072 3417 4111 θ
3450 4072 3552 4110 suo

1984 4150 2206 4204 latibulo
2243 4159 2513 4220 ereperet,
2555 4151 2635 4205 sic
2664 4150 2899 4206 Verbum
2934 4163 2999 4203 ex
3034 4148 3239 4204 intimis
3264 4150 3430 4202 animi
3456 4164 3551 4219 pe-

2049 4326 2161 4397 (32)
2214 4325 2693 4397 'Qcordqdyov.
2744 4323 2977 4397 [rustra
3020 4323 3331 4397 Stephanus
3358 4327 3547 4397 legen-

1984 4392 2110 4449 dum
2142 4392 2292 4464 putat
2318 4396 2393 4460 ὡς
2426 4396 2489 4467 δὴ
2518 4392 2695 4462 λόγου.
2725 4394 3081 4467 _[Doctrinam
3110 4393 3345 4467 divinam
3376 4392 3550 4467 inter-

1981 4462 2225 4533 pretatus
2251 4475 2335 4518 est
2370 4462 2681 4534 Stephanus
2725 4462 2827 4517 hoc
2859 4466 2910 4515 in
2964 4464 3082 4515 loco
3133 4473 3186 4534 et
3220 4463 3381 4515 infra.
3410 4462 3548 4534 Ver-

1984 4532 2106 4587 bum
2142 4536 2234 4587 Dei
2270 4532 2771 4601 Filium‘designari
2824 4534 3102 4594 existimo,
3139 4532 3204 4586 de
3243 4547 3349 4600 quo
3386 4532 3547 4599 paulo

1980 4618 2105 4657 ante
2135 4605 2332 4673 agitur.
2361 4605 2416 4673 Id
2450 4604 2592 4658 enim
2622 4604 2834 4656 videtur
2883 4602 3158 4673 postulare
3190 4613 3299 4655 tota
3340 4602 3547 4673 oratio-

1981 4676 2067 4728 nis
2113 4671 2307 4729 series.
2363 4672 2583 4726 Verbum
2632 4672 2865 4725 divinum
2920 4671 3059 4741 quod
3120 4674 3270 4724 nobis
3332 4672 3545 4727 assidue

334 4744 509 4796 bidem
542 4741 823 4811 Stephano
858 4734 1171 4809 suspectum
1199 4748 1281 4793 est
1306 4734 1572 4811 “ludite,
1596 4748 1649 4792 et
1673 4734 1874 4811 aliquid
1904 4734 1952 4792 D
1977 4752 2190 4811 prwest,
2219 4760 2322 4795 non
2366 4744 2475 4796 vult
2523 4744 2757 4808 corporis
2780 4734 3257 4795 summitatem"...
3291 4741 3382 4792 sed
3425 4741 3545 4790 uni-

309 4813 493 4867 deesse
518 4808 700 4881 putat,
737 4811 823 4863 vel
853 4808 1044 4865 saltem
1073 4811 1377 4877 legendum,
1402 4808 1463 4862 οὐ
1484 4808 1609 4870 τοὺς
1629 4809 1872 4881 ὲνλαοῖς.

376 4879 723 4955 1ὲ9)ᾉύτός
926 4886 1113 4952 ἡμῶν.
1168 4898 1225 4934 ιη
1272 4881 1574 4955 exemplari
1620 4879 1871 4955 videntur

312 4950 594 5021 superesse
634 4950 859 5021 vestigia
922 4950 1068 5008 vocis
1116 4951 1444 5022 στρατηγός,
1474 4950 1705 5005 articulo
1730 4965 1872 5022 pra:-

313 5020 432 5076 fixo.
468 5024 756 5089 Quadrare
785 5020 1010 5091 quidem
1067 5020 1197 5075 huic
1218 5021 1338 5091 loco
1363 5034 1540 5083 nemo,
1573 5029 1629 5073 ut
1656 5020 1869 5087 opinor,

312 5093 664 5157 iuliciabitur,
720 5089 824 5145 ait'
852 5089 1445 5160 Stephanus.-—Hanc
1500 5091 1862 5160 conjecturam

307 5178 398 5286 ἔτι
411 5166 600 5286 {gustat
622 5162 914 5217 auctoritas
937 5158 1144 5217 codicis
1174 5160 1486 5230 Argentor.,
1510 5174 1597 5228 ap.
1628 5159 1693 5212 D.
1717 5158 1862 5216 Otto.

383 5273 394 5282 .
466 5250 599 5286 an.

383 5273 394 5282 .
423 5236 599 5288 Pan.

308 5306 481 5442 δὲῗῗι)
552 5304 847 5372 ’οσιότητι.
892 5299 1344 5358 Ρι-αιωίιιθιιὰιιω
1398 5298 1518 5363 καί,
1570 5308 1630 5352 ut
1686 5308 1865 5353 monet

472 5390 632 5427 anus.

434 5379 632 5427 nanus.

368 5437 478 5514 (3i)
514 5444 665 5511 Ἥϐη
688 5443 848 5499 δέη..
876 5448 913 5499 ὀ
947 5443 1108 5507 θεῖος
1134 5440 1335 5514 λόγος.
1370 5440 1493 5514 Hzec
1522 5437 1711 5514 verba,
1742 5453 1862 5507 qua:

305 5515 415 5567 loco
440 5512 541 5569 suo
576 5516 819 5569 videntur
860 5515 1166 5574 excidisse,
1216 5513 1470 5581 conjungi
1512 5512 1707 5581 debent
1737 5524 1855 5561 cum

304 5587 665 5653 superioribus
714 5588 795 5640 bis
838 5586 1096 5644 vocibus,
1145 5578 1457 5653 arisba-{dp
1491 5578 1856 5653 ‘ﬂtLLBVLt-Blcw

303 5648 378 5707 vel
406 5656 594 5709 saltem
623 5656 684 5709 ad
714 5671 803 5711 eas
825 5654 1029 5711 referri
1067 5652 1250 5720 :quod
1274 5648 1394 5705 cum
1429 5648 1608 5717 minus
1641 5648 1856 5720 vidisset

302 5728 619 5793 Stephanus,
662 5743 723 5780 ac
760 5741 963 5782 novam
990 5717 1285 5793 periodum
1318 5720 1629 5793 incmpisset
1658 5720 1724 5793 ab
1754 5717 1855 5793 _his

302 5787 486 5859 verbis,
514 5787 613 5868 ἠδη
634 5798 688 5851 δὲ
717 5787 1013 5872 διηνεκῶς,
1069 5806 1288 5849 sensum
1325 5787 1481 5859 hujus
1509 5788 1612 5844 loci
1639 5787 1855 5847 minime

300 5880 558 5923 assecutus
593 5880 690 5924 est.

1978 4830 2118 4866 mam
2140 4829 2325 4878 puram
2375 4814 2725 4865 sanctimonia
2766 4814 3043 4875 munitam,
3098 4820 3149 4863 et
3189 4811 3321 4878 regis
3376 4811 3544 4860 nostri

1979 4892 2222 4942 tesseras,
2265 4884 2469 4936 divinas
2498 4885 2748 4946 actiones,
2796 4883 2982 4950 quippe
3035 4897 3150 4933 cum
3177 4896 3268 4948 per
3315 4878 3541 4950 Verbum

1969 4954 2046 5006 vis
2076 4952 2320 5021 quasdam
2343 4954 2397 5005 in
2449 4952 2683 5021 animam
2721 4948 2997 5021 pervadat.
3039 4951 3260 5002 Divinas
3295 4948 3547 5021 actiones

1970 5019 2131 5076 vocat
2153 5036 2214 5074 ea
2239 5037 2360 5090 qua:
2388 5036 2416 5073 a
2442 5019 2767 5075 Christianis
2792 5020 3050 5088 prazclare
3075 5022 3228 5083 linnt,
3252 5019 3382 5090 quia
3422 5020 3546 5090 haec

1969 5093 2146 5160 gratia
2175 5086 2274 5145 sua
2307 5092 2543 5146 Verbum
2592 5086 2872 5158 Operatur.
2917 5090 2991 5142 De
3027 5090 3215 5142 eadem
3247 5086 3421 5160 gratia
3453 5088 3547 5160 in—

1971 5157 2152 5232 telligo
2175 5177 2294 5231 qua:
2322 5157 2663 5232 sequuntur;
2694 5160 2737 5232 υ
2762 5161 2890 5232 tibia
2918 5159 3139 5232 paciﬁca
3180 5159 3373 5232 unione
3404 5157 3536 5209 bello

1967 5227 2246 5316 αρρξὶξιίξλ
2269 5227 2504 5316 etci—
2529 5228 2614 5316 [ἐκ
2634 5230 2907 5316 ράάεηᾳίε
2933 5239 2991 5313 εί
3018 5227 3400 5316 laniena-audis.

2037 5295 2146 5371 (55)
2188 5302 2282 5367 Ὠς
2310 5295 2605 5371 σάζλπιλγίίξζ
2634 5300 2938 5370 Legendum
2964 5297 3007 5350 ὣ
3035 5295 3285 5371 σάλπιγξ.

2037 5303 2127 5371 (55
2188 5303 2282 5367 Ὠς
2310 5303 2594 5368 σάλπιγξ.
2634 5303 2938 5370 Legendum
2964 5303 3007 5350 ὢ
3035 5303 3285 5364 σάλπιγξ.

2037 5303 2148 5441 ('54;
2182 5370 2525 5439 Εὶρηνικῆς.
2584 5370 2893 5440 Legendum
2934 5367 3208 5439 εἰρηνική,
3257 5374 3420 5435 atque
3462 5366 3534 5421 ita

1966 5441 2095 5509 legit
2126 5444 2457 5505 Stephanus.

2036 5506 2149 5581 (55)
2194 5512 2361 5575 ’Ἡτις
2386 5513 2479 5565 οὐ.
2514 5510 2673 5564 Novae
2696 5508 2903 5581 periodi
2939 5508 3155 5562 initium
3179 5506 3248 5561 ab
3273 5506 3356 5581 his
3388 5506 3533 5581 voci-

1964 5576 2067 5636 bus
2123 5576 2353 5635 ducebat
2409 5581 2753 5649 Stephanus;
2812 5579 2905 5631 sed
2961 5594 3184 5649 prorsus
3230 5576 3533 5649 referendae

1961 5662 2088 5706 sunt
2130 5652 2195 5704 ad
2222 5645 2551 5720 Superiores,
2586 5650 2870 5718 δυνάμεως
2902 5651 2981 5710 εἰς
3016 5648 3199 5720 ψυχὴν
3224 5645 3532 5720 διϊκνουμέ-

1961 5740 2077 5793 νης,
2115 5718 2459 5793 idquefsatis
2510 5724 2836 5793 perspicitur
2884 5734 2951 5793 ex
2996 5718 3330 5787 parenthesi,
3371 5719 3533 5793 cujus

1961 5787 2062 5861 ope
2112 5787 2314 5848 dillicili
2357 5801 2414 5847 et
2455 5787 2691 5849 obscuro
2745 5789 2862 5847 loco
2912 5790 3089 5847 lucem
3140 5804 3226 5844 me
3275 5787 3531 5841 attulisse

1964 5877 2141 5932 spero.
