3948 6256
331 359 410 420 ιιι
1449 369 1899 431 COHORTATIO
1936 374 2029 430 AD
2063 376 2380 438 GRAECOS.

3478 396 3588 452 24%

947 687 1316 826 ΤΟΥ
1389 687 1961 827 ΑΥΤΟΥ
2034 697 2954 841 ΙΟΥΣΤΙΝΟΥ

628 950 1457 1131 ΛΟΓΟΣ
1553 960 3232 1146 ΠΑΡΑΙΝΕΤΙΚΟΣ

1511 1235 1804 1324 ΠΡΟΣ
1840 1236 2384 1329 ΕΛΛΗΝΑΣ.

1304 1601 1940 1719 EJUSDEM
2012 1605 2570 1723 JUSTINI

605 1843 1896 2008 COHORTATIO
1996 1851 2249 2010 AD
2361 1855 3214 2018 GRAECOS.

367 2235 684 2310 Ἀρχόμενος
720 2240 848 2314 ('57)
895 2243 1007 2314 τῆς
1052 2243 1192 2316 πρὸς
1223 2245 1368 2316 ὑμᾶς
1411 2248 1808 2320 παραινέσεως,
1843 2245 1888 2305 ὦ

2062 2254 2501 2311 Cohortationem
2527 2256 2668 2326 apud
2696 2269 2814 2323 vos,
2839 2255 3038 2323 Graeci,
3064 2257 3375 2324 instituens,
3401 2259 3570 2314 Deum

299 2332 469 2404 ενδρες
498 2335 794 2405 Ἕλληνες,
822 2334 1069 2408 εὔχομαι
1101 2337 1179 2410 τῷ
1201 2337 1338 2410 Θεῷ,
1371 2341 1495 2411 ἐμοὶ
1533 2343 1631 2412 μὲν
1655 2344 1894 2417 ὑπάρξαι

298 2423 356 2477 τὰ
383 2424 562 2479 δέοντα
588 2427 733 2498 πρὸς
767 2427 928 2498 ὑμᾶς
961 2429 1139 2481 εἰπεῖν
1159 2445 1173 2458 ο
1209 2429 1355 2500 ὑμᾶς
1377 2429 1454 2495 δὲ,
1489 2431 1590 2503 τῆς
1622 2435 1894 2507 προτέρας

292 2519 588 2588 ἀφεμένους
634 2520 1015 2589 φιλονεικίας,
1055 2522 1149 2575 καὶ
1180 2523 1276 2594 τῆς
1306 2523 1414 2576 τῶν
1446 2527 1729 2597 προγόνων
1762 2527 1895 2582 πλά-

293 2629 381 2682 v13;
399 2611 856 2679 ἀπαλλαγέντας,
883 2607 1105 2669 ἑλέσθαι
1125 2614 1191 2669 τὰ
1211 2615 1589 2673 λυσιτελοῦντα
1609 2621 1726 2673 νυνί
1749 2621 1858 2692 (58)
1875 2640 1888 2651 -

292 2704 432 2758 οὐδὲν
465 2705 768 2775 οἰομένους
800 2706 940 2778 περὶ
984 2708 1112 2771 τοὺς
1155 2710 1451 2781 προγόνους
1487 2710 1644 2781 ὑμῶν
1674 2711 1893 2767 ἔσεσθαι

291 2795 607 2868 πλημμελὲς
642 2801 781 2870 παρ’
828 2797 1008 2870 ὑμῶν,
1056 2801 1106 2852 εἰ
1139 2800 1397 2854 τάναντία
1443 2802 1560 2854 νυνὶ
1609 2802 1718 2855 τῶν
1760 2805 1894 2878 πρό-

290 2905 436 2961 τερον
468 2891 590 2962 (39)
632 2890 713 2963 μὴ
747 2891 936 2956 καλῶς
981 2891 1250 2958 δοξάντων
1279 2895 1462 2959 αὐτοῖς
1492 2895 1738 2966 χρήσιμα
1769 2896 1894 2964 φαί-

291 2998 422 3036 νοιτο
455 2984 572 3054 (40)
610 2985 752 3057 παρ’
798 2986 951 3056 ὑμῖν.
995 2985 1061 3038 Ἦ
1092 2987 1201 3059 γὰρ
1233 2987 1338 3040 τῶν
1365 2989 1704 3060 πραγμάτων
1736 2988 1894 3058 άκρι-

291 3072 383 3142 ϐὴς
414 3073 702 3140 ἐξέτασις,
740 3076 838 3131 καὶ
868 3076 937 3129 τὰ
967 3075 1199 3142 δόξαντα
1230 3077 1489 3143 πολλάκις
1535 3079 1716 3142 καλῶς
1747 3079 1893 3150 ἔχειν

289 3167 612 3240 ἀλλοιότερα
667 3168 968 3235 δείκνυσιν,
1018 3154 1389 3243 ἀκριϐεστέρα
1444 3172 1610 3245 πείρᾳ
1663 3172 1892 3245 τάληθὲς

292 3258 660 3324 βασανίσασα.
724 3263 882 3316 Ἐπεὶ
913 3263 1090 3317 τοίνυν
1135 3266 1266 3335 ἡμῖν
1296 3267 1324 3317 ὁ
1363 3266 1489 3339 περὶ
1532 3269 1630 3338 τῆς
1660 3267 1893 3338 ἀληθοῦς

290 3355 608 3420 θεοσεϐείας
641 3358 940 3428 πρόκειται
983 3356 1159 3425 λόγος,
1195 3353 1294 3429 (ἦς
1337 3359 1488 3412 οὐδὲν
1536 3360 1667 3431 (41),
1717 3359 1890 3434 οἶμαι,

289 3449 700 3520 προτιμότερον
762 3451 875 3511 τοῖς
927 3447 1226 3511 ἀκινδύνως
1288 3448 1438 3519 βιοῦν
1493 3456 1894 3525 προῃρημένοις

291 3538 426 3596 εἶναι
456 3542 811 3612 νενόμισται,
845 3539 933 3593 διά
957 3541 1057 3612 τὴν
1091 3540 1388 3612 μέλλουσαν
1416 3543 1554 3614 μετά
1584 3547 1679 3618 τὴν
1711 3549 1894 3602 τελευ-

291 3638 386 3709 τὴν
414 3636 580 3690 τοῦδε
613 3634 715 3688 τοῦ
751 3634 868 3703 βίου
914 3633 1134 3688 ἔσεσθαι
1174 3634 1389 3707 κρίσιν’
1423 3637 1490 3708 ἣν
1535 3639 1595 3692 οὐ
1643 3641 1802 3711 μόνον
1844 3645 1894 3697 oi

293 3729 554 3798 ἡμέτεροι
595 3725 744 3779 κατὰ
777 3725 910 3778 Θεὸν
941 3725 1270 3798 κηρύττουσι
1305 3726 1415 3801 (42)
1449 3731 1724 3803 πρόγονοι,
1758 3753 1894 3808 προ-

295 3819 458 3890 φῆταέ
489 3835 554 3871 τε
589 3819 690 3871 καὶ
729 3816 1034 3888 νομοθέται,
1061 3816 1196 3871 ἀλλά
1237 3819 1333 3872 καὶ
1369 3823 1418 3874 οἱ
1459 3823 1592 3896 παρ’
1639 3826 1766 3896 ὑμῖν
1810 3845 1897 3881 νο..

296 3910 584 3982 μισθέντες
616 3907 763 3964 εἶναι
811 3910 986 3980 σοφοὶ,
1033 3912 1093 3964 οὐ
1140 3913 1362 3983 ποιηταὶ
1405 3914 1584 3986 μόνον,
1618 3917 1755 3974 ἀλλά
1798 3921 1894 3975 καὶ

294 4004 579 4074 φιλόσοφοι
618 4003 739 4075 (43)
775 4003 828 4056 οί
872 4003 972 4074 τὴν
1004 4002 1180 4074 ἀληθῆ
1224 4005 1322 4058 καὶ
1365 4005 1516 4061 Θείαν
1559 4011 1894 4080 ἐπαγγελλό-

300 4114 450 4166 μενοι
480 4097 619 4167 παρ’
664 4097 798 4167 ὑμῖν
836 4097 1038 4149 εἰδέναι
1080 4097 1353 4168 γνῶσιν·)
1400 4096 1546 4164 ἔδοξέ
1586 4120 1675 4172 μοι
1713 4103 1892 4169 καλῶς

296 4187 458 4258 ἔχειν,
495 4187 723 4258 πρῶτον
751 4187 850 4257 μὲν
874 4188 1000 4250 τοὺς
1025 4187 1122 4256 τῆς
1155 4186 1466 4254 θεοσεϐείας
1503 4189 1615 4263 (44)
1647 4195 1679 4263 ὴ
1688 4194 1804 4264 μῶν
1833 4212 1894 4248 τε

291 4283 390 4336 καὶ
419 4281 583 4352 ὑμῶν
629 4280 884 4344 ἐξετάσαι
929 4281 1301 4345 διδασκάλους,
1336 4283 1388 4335 οἵ
1422 4301 1566 4349 τινες
1612 4287 1707 4341 καὶ
1744 4289 1879 4352 ὅσοι,

293 4376 389 4429 καὶ
419 4374 549 4429 καθ’
579 4373 677 4437 οὓς
701 4374 960 4442 γεγόνασι
991 4374 1246 4446 χρόνουςο
1282 4375 1348 4429 ἵν’
1386 4380 1434 4430 oi
1488 4379 1588 4450 μὲν
1625 4382 1891 4454 πρότερον

293 4466 396 4535 τὴν
442 4465 806 4536 ψευδώνυμον
859 4463 1172 4527 θεοσέϐειαν
1234 4469 1389 4539 παρὰ
1447 4470 1556 4524 τῶν
1611 4475 1892 4545 προγόνων

297 4557 730 4628 παρειληφότες,
787 4556 882 4614 νῦν
934 4557 1068 4625 γοῦν
1121 4557 1459 4629 αἰσθόμενοι,
1514 4563 1612 4633 τῆς
1656 4565 1892 4629 παλαιᾶς

293 4647 515 4718 ἐκείνης
546 4647 908 4716 ἀπαλλαγῶσι
954 4648 1193 4718 πλάνης·
1233 4651 1396 4720 ἡμεῖς
1437 4651 1515 4716 δὲ,
1566 4652 1752 4722 σαφῶς
1798 4655 1892 4708 καὶ

294 4739 554 4810 φανερῶς
597 4740 748 4809 ἡμᾶς
800 4739 998 4802 αὐτοὺς
1049 4739 1425 4812 ἀποδείξωμεν
1473 4745 1538 4814 τῇ
1598 4744 1707 4799 τῶν
1751 4745 1890 4799 κατά

293 4831 431 4883 Θεὸν
461 4832 751 4901 προγόνων
776 4831 1071 4902 ἑπομένους
1091 4830 1392 4906 θεοσεϐείᾳ.

1995 2364 2208 2420 precor,
2241 2359 2302 2402 ut
2335 2349 2464 2402 mihi
2511 2349 2732 2418 quidem
2777 2350 2920 2416 apud
2949 2363 3068 2414 vos,
3101 2358 3159 2404 ut
3205 2365 3306 2419 par
3343 2362 3450 2416 est,
3482 2351 3570 2406 di-

1995 2455 2116 2496 cere
2147 2441 2466 2510 contingat;
2502 2455 2600 2495 vos
2647 2450 2827 2496 autem
2878 2441 3166 2510 pristinam
3210 2443 3570 2511 pertinaciam

1998 2531 2382 2600 relinquentes,
2444 2539 2498 2586 et
2558 2547 2586 2584 a
2641 2532 2908 2601 majorum
2967 2533 3309 2588 discedentes
3359 2548 3569 2600 errore,

1995 2639 2114 2694 quae
2140 2624 2290 2680 utilia
2318 2633 2443 2680 sunt
2469 2626 2522 2680 in
2556 2627 2846 2695 praesentia
2877 2627 3112 2698 eligatis,
3147 2641 3247 2681 nec
3274 2627 3570 2696 quidquam

1997 2733 2026 2772 a
2049 2718 2203 2773 vobis
2224 2718 2278 2774 in
2307 2717 2541 2784 majores
2570 2730 2777 2774 vestros
2803 2727 3086 2789 peccatum
3108 2720 3173 2773 iri
3211 2719 3556 2786 existimetis,

1995 2813 2040 2868 si
2081 2827 2202 2881 qua:
2237 2815 2478 2883 pugnant
2527 2827 2651 2866 cum
2706 2813 2794 2875 iis,
2850 2826 2972 2880 qum
3020 2812 3151 2869 olim
3202 2813 3380 2866 minus
3427 2811 3570 2866 bello

1994 2902 2197 2972 Opinati
2230 2912 2374 2970 sunt,
2414 2916 2558 2957 nunc
2588 2902 2740 2957 vobis
2771 2902 2924 2955 utilia
2953 2902 3263 2958 videantur.
3291 2902 3569 2958 Accurata

1994 2996 2139 3052 enim
2171 3011 2349 3050 rerum
2383 2995 2754 3062 investigatio,
2778 3009 2842 3048 ea
2866 2995 3028 3049 etiam
3062 3009 3182 3064 qua:
3217 2994 3478 3062 praeclare
3507 3008 3568 3049 se

2002 3087 2201 3142 habere
2244 3087 2359 3141 visa
2411 3087 2650 3154 fuerant,
2687 3100 2832 3155 saepe
2879 3084 2983 3139 alia
3029 3099 3151 3139 esse
3197 3084 3567 3147 demonstrat,

1994 3185 2280 3249 postquam
2307 3180 2643 3234 accuratiore
2667 3179 2868 3232 trutina
2892 3191 3080 3234 verum
3106 3176 3426 3246 exploravit.
3459 3176 3570 3231 lla-

1994 3288 2102 3342 que
2143 3288 2265 3328 cum
2314 3273 2658 3343 propositum
2705 3272 2861 3326 nobis
2908 3271 2984 3325 sit
3032 3271 3096 3325 de
3137 3285 3266 3322 vera
3309 3269 3566 3338 religione

1997 3363 2265 3418 disserere
2286 3362 2414 3432 (qua
2444 3362 2658 3430 quidem
2701 3360 2833 3414 nihil
2864 3360 2930 3414 iis
2958 3359 3047 3429 qui
3085 3358 3270 3412 vivere
3294 3367 3446 3411 extra
3471 3371 3568 3426 pe-

1998 3455 2225 3510 riculum
2252 3455 2458 3518 voluut,
2500 3453 2771 3522 antiquius
2794 3467 2915 3507 esse
2953 3451 3188 3504 arbitror
3220 3459 3438 3519 prepter
3471 3449 3559 3503 fu-

2000 3559 2177 3604 turum
2209 3556 2332 3616 post
2379 3547 2538 3600 linem
2577 3547 2738 3612 hujus
2769 3544 2895 3598 vitae
2929 3541 3219 3611 judicium,
3269 3543 3410 3610 quod
3443 3541 3568 3608 qui-

1995 3643 2117 3698 dem
2157 3657 2264 3696 non
2309 3640 2477 3696 nostri
2519 3639 2695 3695 solum
2746 3638 2800 3692 in
2849 3636 2946 3691 Dei
2991 3634 3138 3691 cultu
3189 3632 3566 3702 progenitores

1993 3735 2309 3806 praedicant,
2355 3734 2630 3805 prophetae
2667 3741 2722 3786 et
2767 3729 3127 3799 legislatores,
3177 3727 3270 3781 sed
3317 3725 3350 3778 ii
3401 3724 3566 3778 etiam

1993 3827 2086 3896 qui
2135 3826 2274 3896 apud
2315 3839 2410 3879 vos
2439 3823 2721 3893 sapientia:
2767 3821 3084 3889 Opinionem
3131 3817 3392 3881 habuere,
3453 3825 3567 3871 tum

1994 3925 2188 3987 poetaa,
2223 3923 2336 3970 tum
2366 3929 2551 3969 veram
2593 3928 2657 3967 ac
2687 3912 2929 3966 divinam
2963 3909 3103 3980 apud
3144 3923 3240 3964 vos
3280 3906 3566 3961 scientiam

1994 4017 2268 4066 assecutos
2305 4024 2363 4064 se
2386 4023 2507 4063 esse
2538 4007 2857 4076 proﬁtentes
2892 4001 3219 4074 philosophi)
3245 4001 3565 4071 praeclarum

1992 4103 2139 4159 factu
2187 4103 2442 4170 iudicavi,
2489 4101 2667 4171 primo
2703 4101 2923 4168 quidem
2954 4095 3022 4150 de
3054 4093 3331 4166 religionis
3363 4101 3568 4148 nostrae

1993 4195 2153 4250 simul
2183 4203 2346 4263 atque
2385 4202 2579 4248 vestrae
2619 4189 2896 4260 magistris
2937 4188 3240 4257 inquirere,
3284 4185 3334 4256 7
3367 4184 3462 4255 qui
3510 4191 3569 4240 et

1993 4285 2201 4357 quales,
2246 4287 2554 4354 quibusque
2604 4281 2940 4352 temporibus
2991 4278 3219 4344 fuerint,
3271 4288 3329 4331 ut
3367 4285 3423 4332 et
3475 4275 3572 4345 qui

1994 4377 2144 4445 prius
2179 4374 2312 4430 falso
2335 4372 2658 4441 appellatam
2691 4370 3008 4439 religionem
3057 4385 3088 4423 a
3141 4366 3441 4437 majoribus
3475 4381 3572 4420 ac-

1994 4480 2206 4535 cepere,
2240 4481 2381 4520 nunc
2411 4480 2469 4518 re
2507 4463 2743 4532 cognita,
2774 4463 3082 4516 inveterato
3125 4458 3214 4511 illo
3264 4457 3569 4510 liberentur

1995 4574 2214 4622 errore;
2243 4560 2336 4612 sed
2373 4569 2429 4612 et
2452 4557 2814 4623 nosmetipsos
2840 4553 2993 4607 clare
3031 4561 3087 4606 et
3116 4559 3302 4619 aperte
3340 4548 3568 4603 demon-

1993 4656 2230 4702 stremus
2251 4661 2436 4700 eorum
2475 4645 2793 4715 religionem
2837 4641 3014 4710 sequi,
3045 4654 3182 4709 quos
3211 4639 3263 4692 iu
3298 4638 3393 4693 Dei
3418 4636 3571 4692 cultu

1994 4740 2371 4808 progenitores
2407 4739 2712 4794 habuimus.

370 4922 425 4974 Ξ.
459 4921 629 4985 Τίνας
677 4921 878 4986 τοίνυν,
928 4915 974 4975 ὧ
1003 4921 1193 4991 ἄνδρες
1229 4924 1508 4996 Ἕλληνες,
1560 4926 1657 4998 τῆς
1703 4926 1888 4980 θεοσε-

2063 4921 2120 4982 2.
2161 4921 2435 4989 Quosnam
2491 4921 2671 4990 igitur,
2704 4937 2736 4973 o
2765 4919 2975 4986 Grarci,
3027 4915 3309 4983 religionis
3370 4921 3567 4967 vestra:

302 5012 454 5076 σείας
488 5013 650 5083 ὑμῶν
678 5013 1030 5079 διδασκάλους
1063 5011 1199 5070 εἶναι
1232 5033 1407 5085 φατε;
1455 5017 1594 5082 Τοὺς
1626 5020 1889 5091 ποιητάς;

373 5191 500 5264 (57)
540 5193 908 5263 Ἀρχόμενος.
953 5193 1320 5264 Perioniuset
1351 5193 1673 5264 Sylburgius
1701 5198 1890 5252 obser-

297 5273 430 5316 vant
469 5261 752 5317 Iustinum
809 5263 1012 5317 imitari
1066 5262 1352 5319 exordium
1389 5261 1659 5321 orationis
1696 5267 1889 5322 Demo-

302 5335 516 5388 sthenis
554 5348 656 5397 pro
682 5334 1062 5402 Ctesiphonte.

374 5405 490 5477 (38)
526 5405 704 5477 Ιῖυνί,
733 5405 981 5477 (Σοιὺειίῑ.
1015 5403 1131 5459 νῦν.
1165 5403 1285 5459 Mox
1319 5403 1461 5459 idem
1497 5421 1620 5460 cum
1655 5406 1786 5477 Reg.
1828 5409 1884 5474 2,

303 5475 444 5545 παρ)
467 5473 623 5545 ὑμῶν
649 5473 996 5545 πλημμελές.

678 5544 998 5620 πρότερον.
1030 5544 1338 5620 ςιιιὺοητῶν
1369 5549 1676 5620 προτέρων.

373 5614 484 5688 (4ο)
524 5615 824 5688 Φαὶνοιτο.
858 5615 999 5688 Beg.
1103 5625 1159 5669 et
1188 5614 1427 5688 Clarum.
1465 5614 1704 5688 φάνοιτο.
1726 5618 1884 5688 Colb.

298 5684 833 5808 mt'migoxg
858 5684 993 5755 Reg.
1038 5686 1066 5738 1
1097 5695 1152 5740 et
1181 5687 1234 5751 Ξ,
1257 5695 1330 5743 ,ει
1359 5684 1509 5743 Colb.
1559 5687 1625 5741 τὰ
1657 5687 1888 5752 δόξαντα

507 5772 558 5808 ις
589 5773 660 5808 κα
741 5773 770 5808 c
837 5772 981 5808 γειν.

301 5701 356 5745 2,
431 5701 655 5738 ανοιντο.
695 5701 825 5739 mox
858 5701 981 5755 rteg

301 5701 558 5818 πλῗάκις
589 5755 770 5818 καλῶς
807 5754 981 5818 ἔχειν.

366 5774 558 5818 Mat;
589 5774 770 5818 καΑως
807 5774 981 5825 εχειν.

366 5825 479 5896 (il)
512 5819 631 5894 Ἦς
652 5824 858 5881 οὐδέν.
896 5824 1037 5895 Reg.
1066 5824 1102 5879 5
1126 5835 1180 5882 et
1209 5824 1443 5889 Claram.
1468 5821 1549 5892 οἷς
1580 5827 1751 5889 οὐδέν.
1789 5828 1890 5886 Le-

1996 5015 2286 5084 magistros
2337 5011 2910 5069 dicitis?Poetas?At
2941 5011 2994 5065 id
3021 5009 3173 5063 vobis
3226 5006 3407 5060 dicere
3461 5018 3567 5057 non

1995 5195 2073 5264 git
2096 5193 2382 5247 Perionius
2419 5192 2756 5263 νενομίσθαι.

2066 5264 2178 5335 (42)
2232 5253 2626 5331 Κηρύττουξῖι.
2682 5263 2910 5329 Quidam
2963 5260 3038 5335 Ρκ.Δ
3076 5258 3343 5326 Stephani
3398 5253 3572 5310 codex

1994 5331 2274 5405 cutttglieg.
2301 5337 2351 5394 'l,
2377 5345 2429 5388 et
2457 5335 2766 5405 Colbertitto
2797 5331 3253 5405 προκηρςὺττουσι.

2064 5403 2177 5471 (εὖ)
2219 5395 2560 5472 ᾧιλόσωροι.
2598 5395 2913 5472 (ἶοιί)ει“1.ὀί
2948 5395 3245 5471 ιρίλόσοφοι.
3281 5429 3343 5441 --
3377 5395 3490 5472 Καὶ
3519 5396 3569 5472 oi

1989 5468 2270 5542 φιλόσοφοι
2301 5477 2348 5527 οἱ
2383 5468 2480 5544 τὴν
2511 5473 2686 5543 ἀληθῆ
2719 5472 2814 5526 καὶ
2847 5468 2998 5544 θείαν
3035 5472 3250 5544 εἰδέναε
3276 5469 3407 5540 παρ’
3442 5468 3571 5536 ὑμῖν

1991 5539 2454 5617 ἐπαγγελλόμενοι
2491 5539 2720 5617 γνῶσιν,
2763 5560 2816 5596 κ.
2845 5560 2897 5595 τ.
2931 5543 3175 5617 l.,__legjt
3221 5539 3281 5595 ἰ).
3332 5539 3460 5595 Otto
3503 5551 3571 5592 ex

1992 5612 2147 5669 codd.
2180 5612 2316 5682 Reg.
2353 5616 2375 5668 1
2412 5612 2518 5668 (Ξιῖ
2538 5625 2591 5669 ct
2621 5616 2966 5683 Argeutorat.
2996 5614 3092 5667 Et).
3115 5612 3284 5666 PATR.

2065 5685 2175 5755 (Μ)
2221 5679 2337 5756 Τῆς
2363 5679 2723 5756 θεοσεϐείαςξ
2754 5684 2915 5756 Deest
2939 5683 3200 5756 articulus
3231 5679 3593 5756 in_Colbe_rt.y

1995 5749 2215 5825 Legitur
2243 5749 2404 5827 supra
2455 5756 2650 5812 lineam
2676 5749 2976 5824 θεολογίας
3023 5754 3076 5808 in
3125 5753 3254 5816 Reg.
3290 5753 3324 5806 5
3357 5760 3410 5805 ct
3442 5749 3574 5803 Clam

1996 5842 2132 5885 I‘OIU.
