3948 6256
365 353 470 409 245

1395 347 1451 404 s.
1478 344 1743 405 JUSTINI
1774 344 2182 406 PHILOSOPHI
2216 349 2303 406 ET
2336 338 2705 408 MARTYRIS’

3522 353 3625 408 ειι

366 464 611 534 proderit
637 465 776 535 apud
805 479 901 519 eos
929 463 1021 535 qui
1048 463 1100 518 in
1131 462 1307 533 poetis
1326 467 1527 520 versati
1555 477 1699 522 sunt.
1727 468 1932 523 Norunl

2049 469 2161 524 ἀλλ’
2195 470 2256 522 οὐ
2312 470 2543 522 συνοίσει
2578 472 2706 542 ὑμῖν
2740 468 2877 547 πρὸς
2909 469 3107 540 ἄνδρας
3139 467 3207 529 τὰ
3238 470 3346 524 τῶν
3385 470 3630 539 ποιητῶν

364 556 508 609 enim
533 555 747 609 illorum
776 552 1161 622 perridiculam
1193 553 1260 608 de
1297 554 1518 609 deorum
1566 558 1777 625 origine
1808 573 1937 613 sen-

363 646 618 710 tentiam,
665 644 1117 714 quemadmodum
1148 658 1212 698 ex
1260 644 1622 701 celeberrimo
1673 650 1813 717 apud
1844 664 1940 705 vos

363 747 420 790 et
461 738 704 806 principe
748 746 1031 807 poetarum
1085 735 1321 791 Homero
1378 739 1591 794 discere
1622 755 1935 809 possumus.

362 823 548 879 Primo
577 826 720 880 enim
757 825 848 880 ille
873 826 1282 893 generationem
1315 826 1538 880 deorum
1571 842 1640 883 ex
1668 844 1808 901 aqua
1843 831 1943 884 ini—

364 917 500 970 tium
532 916 786 972 habuisse
809 916 962 972 dicit.
987 916 1067 971 lta
1100 918 1250 972 enim
1282 918 1505 973 scribit:

350 1098 351 1101 “
435 1093 704 1150 Oceanum
736 1096 956 1149 deorum
985 1096 1239 1166 originem
1262 1106 1309 1149 et
1339 1106 1560 1149 matrem
1594 1095 1808 1168 Tethyn.

361 1185 575 1241 Deinde
606 1200 738 1241 vero
781 1196 838 1241 et
878 1187 1010 1256 quid
1062 1190 1129 1243 de
1171 1190 1349 1258 primo
1406 1191 1546 1257 apud
1584 1205 1681 1244 eos
1713 1192 1939 1259 opinato

361 1276 510 1330 dicat
552 1277 684 1344 Deo,
712 1291 874 1345 quem
909 1278 1075 1331 etiam
1114 1293 1260 1347 saepe
1312 1289 1522 1348 patrem
1578 1281 1810 1350 appellat
1839 1282 1939 1337 ho-

360 1368 686 1437 minumque
734 1369 1045 1439 deumque,
1101 1372 1471 1426 necessarium
1506 1382 1587 1426 est
1624 1373 1892 1443 subjicere
1921 1394 1933 1430 :

361 1458 745 1527 inquitenim:

430 1550 639 1620 Jupiter
660 1551 751 1622 qui
782 1554 1057 1607 hominum
1088 1555 1420 1622 dispensator
1440 1557 1559 1609 belli
1598 1568 1691 1614 est.

360 1641 517 1696 Hunc
550 1657 684 1697 sane
707 1657 813 1697 non
844 1652 1055 1697 tantum
1087 1645 1261 1713 copiis
1292 1646 1631 1702 militaribus
1657 1659 1938 1705 auctorem

2040 564 2248 626 εἰδότας
2279 564 2455 631 λέγειν
2478 580 2490 592 ·
2530 562 2676 616 ἴσασι
2708 563 2817 634 γὰρ
2848 562 2944 634 τὴν
2994 563 3085 614 ὑπ’
3119 563 3298 616 αὐτῶν
3351 563 3629 632 γελοιοτά-

2041 672 2139 726 την
2206 656 2333 726 περὶ
2396 653 2531 707 θεῶν
2566 655 2837 723 θεογονίαν
2861 654 2972 724 (46)
3011 654 3328 725 λεγομένην,
3364 655 3441 719 ὡς
3480 654 3630 709 ἔστιν

2041 748 2175 817 ἡμῖν
2208 745 2315 799 ἀπὸ
2347 744 2440 799 τοῦ
2464 745 2575 816 (47)
2598 745 3023 815 κορυφαιοτάτου
3040 747 3314 816 παρ’ὑμῖν
3346 746 3439 799 καὶ
3472 745 3628 817 πρώ-

2039 854 2131 890 του
2184 835 2292 889 τῶν
2340 836 2579 907 ποιητῶν
2639 836 2876 908 Ὀμήρου
2929 837 3241 907 μανθάνειν.
3294 829 3465 902 Οὗτος
3515 838 3629 909 γὰρ

2040 926 2255 998 πρῶτον
2307 928 2403 998 μὲν
2452 926 2550 997 τὴν
2599 926 2705 980 τῶν
2753 926 2890 980 θεῶν
2929 928 3141 995 γένεσιν
3175 927 3236 993 ἐξ
3284 928 3476 992 ὓδατος
3526 927 3629 999 τὴν

2042 1020 2214 1090 ἀρχὴν
2249 1021 2539 1092 ἐσχηκέναι
2574 1020 2736 1092 φησιν
2761 1037 2775 1051 ’
2806 1019 2946 1074 οὕτω
2977 1020 3085 1091 γὰρ
3116 1020 3411 1093 γέγραφεν,

2114 1116 2400 1169 Ὠκεανόν
2423 1132 2487 1168 τε
2507 1114 2657 1169 θεῶν
2678 1113 2940 1184 γένεσιν,
2971 1114 3069 1167 καὶ
3104 1113 3333 1183 μητέρα
3358 1114 3575 1182 Τηθύν.

2044 1207 2275 1264 Ἔπειτα
2306 1208 2364 1260 δὲ
2396 1206 2489 1260 καὶ
2521 1206 2557 1260 ἃ
2579 1206 2707 1277 περὶ
2738 1204 2831 1257 τοῦ
2862 1203 3078 1277 πρώτου
3105 1205 3234 1279 παρ’
3260 1204 3446 1267 αὐτοῖς
3468 1222 3621 1275 νομι-

2040 1298 2264 1368 ζομένου
2318 1298 2440 1351 θεοῦ
2491 1297 2656 1366 λέγει,
2703 1295 2762 1351 ὃν
2798 1297 2893 1351 xal.
2945 1296 3157 1366 πατέρα
3210 1293 3465 1367 ὀνομάζει
3497 1297 3629 1350 πολ-

2038 1392 2195 1454 λάκις
2255 1389 2467 1465 ἀνδρῶν
2518 1408 2577 1443 τε
2611 1389 2747 1443 θεῶν
2790 1405 2868 1455 τε,
2918 1389 3213 1458 ἀναγκαῖον
3276 1388 3623 1441 ὑπομνῆσαν

2040 1483 2141 1555 ἔφη
2176 1484 2304 1555 γὰρ,

2038 1576 2191 1643 Ζεὺς
2220 1576 2348 1629 ὅστ’
2373 1574 2699 1643 ἀνθρώπων
2730 1575 2944 1643 ταμίης
2982 1572 3265 1643 πολέμοιο
3288 1574 3559 1628 τέτυκται
3580 1574 3626 1627 ⁸.

2042 1667 2212 1720 Αὐτὸν
2248 1666 2425 1719 τοίνυν
2457 1666 2517 1719 οὐ
2554 1664 2791 1737 πολέμου
2824 1664 3025 1737 ταμίαν
3067 1665 3224 1736 μόνον
3256 1665 3333 1735 τῷ
3368 1664 3631 1736 στρατεύ-

359 1732 511 1801 belli,
541 1733 638 1788 sed
667 1731 919 1803 Trojanis
947 1736 1139 1799 etiam,
1184 1749 1284 1804 per
1330 1735 1495 1789 ﬁliam
1528 1736 1667 1807 ejus,
1714 1739 1932 1807 perjurii

2049 1778 2194 1832 ματι,
2246 1758 2380 1814 ἀλλὰ
2431 1760 2526 1813 καὶ
2558 1731 2844 1831 ἐπιορκίας
2895 1731 3009 1828 (48)
3062 1731 3246 1829 Τρωσὶ
3276 1731 3363 1811 διὰ
3396 1731 3494 1828 τῆς
3526 1759 3631 1811 αὒ-

358 1838 583 1877 causam
616 1821 786 1877 fuisse
812 1824 945 1878 dicit
975 1824 1520 1896 (45>;ειιιη(1εηιιιυε
1561 1841 1837 1885 amantem
1881 1842 1932 1886 et

2049 1821 2136 1906 τοῦ
2182 1821 2453 1922 ’θυγατρὸς
2504 1821 2700 1905 αἴτιον·
2724 1821 3053 1921 γεγενῆσθαί
3106 1821 3239 1919 φησι
3262 1866 3275 1879 ·
3312 1850 3406 1902 καὶ
3436 1821 3635 1902 τοῦτον.

358 1919 749 1974 lamentantem
789 1932 845 1974 et
873 1920 1087 1975 insidiis
1118 1923 1183 1976 ab
1215 1922 1337 1976 aliis
1360 1922 1466 1977 diis
1492 1926 1792 1993 appetitum
1822 1925 1935 1983 Ho-

359 2024 545 2065 merus
577 2009 805 2080 inducit,
839 2021 894 2067 et
917 2027 1065 2067 nunc
1096 2012 1163 2067 de
1185 2012 1297 2070 lilio
1328 2028 1428 2069 suo
1448 2015 1720 2072 dicentem
1755 2033 1771 2071 :

361 2207 466 2264 Hei
490 2209 639 2275 mihi,
669 2211 808 2279 quod
851 2210 980 2263 mihi
1019 2209 1376 2281 Sarpedonem
1432 2215 1805 2271 charissimam
1850 2221 1933 2274 vi-

367 2345 554 2403 Fatale
574 2357 651 2403 est
685 2366 716 2404 a
747 2349 995 2405 Patroclo
1023 2352 1342 2408 Menwtiade
1365 2356 1613 2427 interﬁci,
1662 2287 1865 2365 [rerum

361 2456 509 2496 nunc
533 2452 714 2496 autem
738 2442 805 2497 de
832 2442 1100 2499 Hectore:

364 2550 511 2608 Proh
555 2554 774 2623 malum,
823 2566 960 2612 certe
996 2557 1248 2613 dilectum
1282 2560 1451 2614 virum
1502 2561 1745 2633 fugatum
1794 2567 1938 2619 circa

1633 2634 1867 2705 [murum

364 2692 549 2749 Oculis
578 2695 723 2749 video
748 2711 766 2750 :
796 2713 966 2750 meum
991 2708 1166 2752 autem
1195 2701 1410 2769 angitur
1438 2718 1546 2754 cor.

362 2783 497 2851 Quae
520 2800 650 2841 vero
683 2788 749 2840 de
772 2788 1005 2843 aliorum
1031 2790 1255 2845 deorum
1288 2793 1551 2847 adversus
1580 2793 1769 2850 Jovem
1801 2796 1939 2851 insi-

365 2874 471 2930 diis
499 2888 783 2943 memoret,
811 2878 1122 2950 intelligunt
1155 2881 1249 2949 qui
1284 2896 1481 2938 versus
1506 2885 1672 2938 hosce
1712 2884 1935 2953 legunt:

368 3086 487 3157 Quo
512 3094 882 3157 temporecum
926 3084 1178 3157 colligare
1209 3086 1401 3143 caelites
1433 3088 1709 3144 voluerunt
1739 3092 1937 3157 cwteri,

364 3156 635 3225 Iunoque,
669 3167 715 3208 et
750 3156 1118 3223 Neptunus,et
1140 3157 1325 3212 Pallas
1355 3158 1615 3213 Minerva.

363 3249 444 3303 Ac
475 3248 577 3302 nisi
603 3264 763 3317 quem
798 3248 1019 3303 Briarea
1054 3260 1255 3304 vocant
1277 3251 1376 3316 dii,
1404 3253 1786 3307 extimuissent
1813 3254 1941 3308 bea-

366 3348 420 3393 ta
456 3338 547 3393 illa
579 3342 818 3405 numina,
848 3341 1067 3395 vinctus
1086 3341 1153 3395 ab
1181 3342 1260 3396 eis
1290 3343 1485 3398 fuisset
1511 3343 1943 3414 Jupiter.Enim-

365 3444 496 3485 vero
543 3445 663 3499 quae
697 3431 860 3486 etiam
898 3432 965 3488 de
1014 3435 1412 3503 impotentibus
1458 3434 1609 3491 Jovis
1658 3437 1940 3492 amoribus

364 3520 632 3577 Homerus
668 3530 859 3589 canat,
919 3538 1143 3580 necesse
1174 3535 1258 3581 est
1295 3527 1477 3593 vobis,
1519 3528 1744 3583 totidem
1793 3528 1940 3583 illius

363 3615 549 3669 verbis
597 3616 931 3683 referendis,
978 3632 1273 3689 exponere.
1318 3618 1413 3676 Sic
1444 3623 1589 3677 enim
1644 3622 1797 3677 illum
1858 3623 1937 3679 ait

365 3722 489 3762 cum
526 3707 741 3762 Junone
764 3709 941 3777 loqui:

368 3798 493 3855 Non
524 3802 663 3855 enim
692 3817 924 3870 unquam
957 3800 1088 3855 mihi
1135 3803 1211 3855 sic
1242 3801 1355 3857 dea:
1390 3820 1571 3871 amor,
1625 3822 1788 3889 neque
1822 3823 1941 3861 mu-

366 3940 614 4009 Animum
648 3940 945 4005 pectoribus
966 3940 1317 4009 cirrumfusus
1343 3943 1582 3999 domuit:
1705 3876 1871 3948 [hem

369 4008 553 4084 dieque
576 4010 788 4084 quando
812 4021 995 4084 captus
1020 4010 1099 4078 fui
1135 4008 1314 4067 amore
1340 4012 1568 4069 Ixionia:
1600 4019 1802 4084 uxoris,

369 4079 553 4152 Neque
579 4080 788 4152 quando
824 4082 1031 4134 Danaes
1065 4086 1310 4150 formosa:
1340 4086 1530 4136 Acrisii
1553 4086 1702 4152 ﬁlius,

368 4149 551 4218 Neque
589 4151 802 4219 quando
834 4159 1017 4219 captus
1065 4149 1143 4218 [ui
1189 4169 1369 4206 amore
1400 4149 1665 4209 Phwnicis
1696 4157 1937 4239 (ilirein-

368 4157 551 4218 Neque
589 4157 802 4219 quando
834 4159 1017 4219 captus
1065 4157 1143 4218 [ui
1189 4169 1369 4206 amore
1400 4157 1665 4209 Phwnicis
1738 4157 1903 4239 lirein

367 4289 553 4362 1_V_eque
579 4289 793 4359 quando
835 4288 1080 4362 Semeles,
1115 4309 1277 4360 neque
1314 4294 1584 4350 Alcmenes
1610 4297 1665 4351 in

367 4359 551 4434 dieque
592 4362 806 4434 quando
836 4360 1039 4414 Cereris
1064 4359 1441 4434 pulchricoma:
1477 4370 1688 4434 reginas,

371 4428 483 4483 Nec
512 4428 723 4499 quando
751 4428 971 4485 Latonae
1002 4432 1152 4485 valde
1185 4433 1436 4501 illustris,
1467 4428 1631 4505 neque
1657 4428 1939 4509 t'uiipsius.

364 4545 423 4615 8
450 4542 580 4610 Qua:
620 4559 783 4612 porro
808 4545 873 4599 de
915 4544 1053 4602 aliis.
1076 4546 1272 4600 ibidem
1309 4549 1414 4602 diis
1443 4564 1509 4603 ex
1543 4550 1763 4607 Homeri
1810 4571 1940 4625 poe-
1970 4517 2022 4576 Β

365 4645 513 4691 mate
557 4650 888 4706 cognoscere
935 4636 1115 4703 liceat,
1147 4648 1201 4692 et
1233 4648 1367 4708 quot
1403 4650 1457 4693 et
1500 4654 1705 4711 quanta
1740 4647 1809 4701 ab
1842 4649 1940 4702 bo-

365 4729 605 4785 minibus
633 4728 979 4799 pertulerint,
1026 4742 1455 4788 consentaneum
1485 4745 1569 4791 est
1609 4753 1752 4794 nunc
1784 4754 1939 4795 com-

439 4914 649 4990 '__lliad_.
679 4917 739 4981 Ξ,
775 4919 985 4990 v.5“.
1062 4922 1083 4952 ε·
1124 4920 1274 4978 Iliad.
1314 4925 1377 4979 T.
1408 4940 1457 4979 ν.
1500 4925 1632 4982 εει.
1712 4929 1732 4961 ³
1770 4930 1925 4987 lliad.

2054 4949 2108 4990 v.
2139 4935 2267 4989 455.

364 4981 389 5016 ⁸
425 4985 576 5041 Iliad.
605 4985 667 5051 Ξ,
696 5002 748 5041 v.
774 4988 900 5043 525.

441 5149 555 5225 (45)
594 5148 863 5225 Obs_erv_at
895 5151 1182 5209 Perionius
1225 5155 1412 5210 Jovem
1462 5156 1681 5225 perjurii
1718 5175 1938 5214 causam

364 5222 647 5275 exstitisse
690 5222 960 5291 Trojanis,
994 5228 1148 5293 quia,
1174 5241 1297 5279 cum
1332 5222 1635 5280 Menelaum
1671 5229 1829 5284 Paris
1866 5233 1934 5284 ad

365 5300 516 5375 gert-.1
526 5294 1337 5375 nien_singulareprovocasset,
1356 5312 1420 5350 ac
1437 5295 1705 5375 Trojanos
1726 5302 1865 5355 inter
1881 5310 1936 5354 et

364 5356 588 5434 Graecos
642 5356 996 5434 jurejurando
1049 5356 1371 5434 interposito
1435 5356 1815 5434 convenisset,
1879 5381 1937 5423 ut

365 5438 490 5481 uter
535 5431 802 5507 vinceret,
846 5431 1477 5507 isHelenam'haberet,
1516 5436 1721 5503 Venus,
1771 5431 1933 5507 quam

364 5503 859 5577 pat_e_r_reprimere
889 5505 1193 5577 debuisset.
1227 5506 1435 5577 victum
1459 5506 1705 5561 Paridem
1733 5503 1936 5577 eripuit

364 5578 421 5619 et
460 5567 716 5626 Helenam
746 5575 908 5628 simul
943 5567 1190 5642 abduxit,
1216 5586 1274 5629 ut
1297 5577 1352 5631 in
1384 5576 1527 5631 libro
1571 5580 1731 5634 tertio
1760 5567 1940 5635 Iliadis

361 5649 645 5694 narratur.

363 5707 550 5833 “(33.)
591 5713 928 5783 Θεογονίαν.
992 5714 1278 5786 Θεολογίαν
1346 5718 1399 5773 in
1469 5718 1704 5789 quodam
1754 5718 1939 5775 codice

2039 1941 2270 2014 ἐρῶντα,
2322 1940 2417 1994 καὶ
2467 1938 2869 2010 σχετλιάζοντα,
2921 1939 3017 1992 καὶ
3064 1938 3477 2009 ὀλοφυρόμενον,
3531 1938 3632 1992 καὶ

2041 2040 2146 2093 ὑπὸ
2177 2037 2283 2092 τῶν
2317 2037 2491 2091 ἄλλων
2524 2037 2662 2090 θεῶν
2697 2035 3176 2105 ἐπιϐουλευόμενον
3200 2035 3446 2106 Ὄμηρος
3477 2034 3631 2088 εἰσά-

2035 2150 2141 2202 γει,
2177 2131 2273 2185 καὶ
2304 2130 2435 2184 ποτὲ
2472 2129 2572 2201 μὲν
2606 2130 2700 2184 ἐπὶ
2743 2128 2837 2182 τοῦ
2872 2126 3070 2181 ἑαυτοῦ
3124 2127 3316 2189 παιδὸς
3368 2125 3625 2194 λέγοντα,

2041 2246 2112 2300 Ὠ
2126 2261 2229 2314 μοι
2249 2242 2425 2313 ἐγὼν,
2439 2242 2550 2296 ’ὅτε
2573 2258 2677 2311 μοι
2696 2234 3059 2309 Σαρπηδόνα
3077 2239 3370 2307 φίλτατον
3390 2235 3629 2305 ἀνδρῶν

2036 2382 2200 2451 Μοῖρ’
2224 2382 2342 2438 ὑπὸ
2370 2383 2735 2452 Πατρόκλοιο
2751 2380 3142 2437 Μενοιτιάδαο
3166 2378 3425 2449 δαμῆναι
3445 2377 3465 2408 ³
3489 2394 3502 2406 ·

2039 2476 2172 2531 ποτὲ
2202 2476 2259 2529 δὲ
2292 2476 2433 2546 ὑπὲρ
2465 2475 2559 2528 τοῦ
2594 2475 2858 2546 Ἕκτορος
2884 2490 2896 2502 ·

2045 2594 2111 2647 Ὢ
2135 2593 2335 2659 πόποι,
2358 2588 2397 2662 ἦ
2429 2593 2612 2661 φίλον
2633 2590 2821 2659 ἄνδρα
2853 2589 3216 2660 διωκόμενον
3242 2590 3371 2657 περὶ
3396 2588 3593 2657 τεῖχος

2054 2727 2482 2797 Ὀφθαλμοῖσιν
2504 2726 2743 2797 ὁρῶμαι,
2771 2726 2918 2796 ἐμὸν
2949 2725 3001 2778 δ’
3022 2727 3379 2795 ὀλοφύρεται
3420 2721 3563 2795 ἦτορ
3580 2724 3623 2781 ⁵.

2042 2821 2175 2873 Τίνα
2213 2819 2271 2871 δὲ
2314 2818 2409 2871 καὶ
2456 2818 2583 2889 περὶ
2632 2817 2740 2872 τῶν
2800 2816 2976 2872 ἄλλων
3039 2816 3177 2870 θεῶν
3210 2817 3351 2870 κατὰ
3391 2817 3489 2887 τῆς
3529 2815 3624 2870 τοῦ

2041 2911 2163 2974 Διὸς
2214 2909 2503 2981 ἐπιϐουλῆς
2552 2908 2721 2978 λέγει,
2775 2907 2952 2962 ἴσασιν
2984 2906 3034 2961 οἱ
3067 2908 3481 2979 ἐντυγχάνοντες
3514 2908 3626 2971 τοῖς

2045 3002 2201 3056 ἔπεσι
2233 3000 2442 3064 τούτοις
2465 3017 2477 3030 ’

2059 3117 2316 3170 Ὃππότε
2329 3132 2436 3185 μιν
2477 3114 2778 3185 ξυνδῆσαι
2820 3114 3129 3185 Ὀλύμπιοι
3148 3112 3370 3185 ἤθελον
3390 3111 3589 3185 ἄλλοι,

1967 3175 2007 3231 C
2045 3188 2195 3256 ’Ἡρη
2217 3186 2265 3240 τ’
2294 3175 2403 3254 ἡδὲ
2424 3175 2770 3239 Ποσειδᾰων
2792 3186 2889 3238 καὶ
2914 3175 3402 3250 ΠαλλὰςἋθήνη
3420 3182 3461 3236 ⁵.

2044 3279 2155 3333 Καὶ
2186 3280 2235 3331 εἰ
2272 3278 2345 3349 μὴ
2378 3278 2487 3343 τὸν,
2523 3278 2581 3331 ὃν
2613 3278 2891 3349 Βριάρεων
2944 3275 3195 3329 καλέουσι
3246 3274 3379 3339 θεοὶ,
3416 3272 3628 3327 ὑπέδει-

2046 3387 2144 3424 σαν
2177 3373 2223 3425 oi
2261 3370 2505 3441 μάκαρες
2538 3368 2672 3432 θεοὶ,
2726 3369 2927 3423 ἐδέδετο
2967 3370 3033 3421 ἂν
3068 3367 3159 3420 ὑπ’
3192 3366 3373 3421 αὐτῶν
3405 3367 3434 3418 ὁ
3466 3365 3621 3431 Ζεύς.

2046 3462 2184 3515 Ὅσα
2215 3461 2272 3514 δὲ
2305 3460 2398 3514 καὶ
2431 3460 2559 3531 περὶ
2592 3460 2691 3531 τῆς
2724 3458 2993 3531 ἐρωτικῆς
3027 3457 3122 3511 τοῦ
3164 3456 3285 3519 Διὸς
3334 3456 3629 3520 ἀκολασίας

2046 3554 2291 3624 Ὅμηρος
2323 3551 2489 3621 λέγει,
2524 3553 2819 3621 ἀναγκαῖον
2850 3551 2919 3603 δι’
2954 3549 3133 3604 αὐτῶν
3168 3548 3277 3621 (49)
3314 3548 3457 3619 ὑμᾶς
3492 3548 3631 3602 ὑπο-

2046 3642 2247 3713 μνῆσαι
2280 3634 2353 3696 ὦν
2387 3641 2576 3713 εἴρηκε
2610 3640 2806 3713 ῥητῶν.
2834 3640 2979 3709 Ἔφη
3012 3638 3121 3709 γάρ
3154 3638 3315 3692 αὐτὸν
3347 3637 3489 3691 οὕτω
3511 3635 3627 3707 (50)

2044 3734 2179 3806 πρὸς
2213 3734 2308 3805 τὴν
2343 3734 2522 3803 ’Ήραν
2556 3732 2732 3802 λέγειν
2756 3751 2769 3763 ·

2047 3829 2128 3880 Οὺ
2160 3826 2270 3895 γὰρ
2292 3824 2527 3879 πώποτέ
2550 3828 2611 3895 μ’
2643 3819 2759 3879 ὦδε
2786 3822 2925 3892 θεᾶς
2948 3825 3105 3894 ἔρος,
3139 3822 3282 3878 οὐδὲ
3303 3824 3591 3894 γυναικὸς

2049 3962 2249 4031 Θυμὸν
2273 3962 2365 4015 ἐνὶ
2394 3961 2689 4026 στήθεσσι
2713 3959 3171 4030 περιπροχυθεὶς
3199 3957 3548 4028 ἐδάμασσεν
3573 3975 3587 3988 ’

2218 4033 2383 4117 ςπότξ
2410 4031 2731 4117 ἠρασάμην
2774 4031 3050 4117 Ἰξιονίης
3076 4031 3341 4117 ἁλόᾶοιο,

2050 4102 2185 4171 Οὐδ’
2208 4101 2306 4155 ὅτε
2328 4115 2439 4171 περ
2464 4099 2698 4168 Δανάης
2726 4102 3144 4170 καλλισφύρου
3192 4099 3588 4171 Ἀκρισιώνης,

2049 4170 2184 4229 Οὐδ’
2210 4171 2309 4226 ὅτε
2328 4170 2601 4238 Φοίνικος
2630 4172 2852 4240 κούρης
2880 4170 3280 4238 τηλεκλειτοῖο
3310 4170 3445 4243 (51),

2051 4308 2187 4362 Οὐδ’
2211 4308 2308 4361 ὅτε
2341 4320 2452 4376 περ
2486 4308 2774 4377 Σεμέλης.
2807 4306 2932 4360 οὐδ’
2969 4306 3294 4375 Ἀλκμήνης
3316 4307 3407 4377 ἐνὶ
3441 4307 3628 4377 Θήϐῃ,

2050 4378 2186 4432 Οὐδ’
2215 4379 2315 4432 ὅτε
2336 4378 2641 4447 Δήμητρος
2671 4377 3185 4447 καλλιπλοκάμοιο
3216 4376 3519 4444 ἀνάσσης,

2051 4448 2185 4502 Οὐδ’
2215 4450 2394 4502 ὁπότε
2416 4446 2648 4515 Λητοῦς
2666 4447 2989 4515 ἐρικυδέος,
3012 4446 3153 4501 οὐδέ
3175 4464 3287 4501 σευ
3306 4447 3498 4515 αὐτῆς
3514 4449 3556 4502 ⁸.

2057 4560 2192 4614 Τίνα
2221 4560 2277 4613 δὲ
2309 4561 2402 4613 καὶ
2450 4559 2579 4631 περὶ
2610 4558 2716 4612 τῶν
2765 4558 2937 4612 ἄλλων
2975 4556 3112 4610 θεῶν
3145 4560 3211 4610 ὲκ
3242 4557 3340 4629 τῆς
3385 4556 3627 4629 Ὀμήρου

2052 4654 2322 4723 ποιήσεως
2370 4650 2546 4718 ἔξεστι
2583 4652 2892 4723 μανθάνειν,
2928 4653 3022 4705 καὶ⁵
3053 4652 3155 4704 ὅσα
3185 4650 3291 4702 ὑπὸ
3323 4649 3628 4721 ἀνθρώπων

2051 4742 2402 4809 πεπόνθασιν,
2436 4743 2724 4797 ἀκόλουθόν
2761 4746 2908 4796 ἐστιν
2940 4741 3249 4812 ὑπομνῆσαι
3281 4739 3415 4793 νυνί.
3455 4740 3628 4809 Ἀρεα

2370 4936 2390 4967 ⁵
2426 4935 2585 4991 Iliad.
2627 4937 2692 4988 Χ.
2734 4952 2787 4990 v.
2822 4934 2945 4989 168.
3061 4935 3082 4965 ⁸
3120 4931 3278 4986 Iliad.
3316 4931 3382 4995 A,
3413 4945 3468 4984 v.
3496 4928 3623 4985 599.

2108 5163 2223 5233 (47)
2278 5165 2409 5218 Ἀπὸ
2452 5163 2580 5219 τοῦ.
2624 5164 2716 5220 Sic
2735 5165 3155 5219 emendavimus
3175 5178 3277 5234 ope
3312 5164 3625 5223 Colbertini

2040 5235 2268 5287 codicis.
2306 5235 2444 5289 Male
2476 5236 2528 5289 in
2553 5235 2717 5290 editis
2746 5234 2855 5288 ἀπὸ
2880 5234 2990 5289 τῶν
3022 5234 3134 5288 τοῦ.

2114 5304 2234 5373 (48)
2283 5305 2642 5373 Ἐπιορκίας.
2686 5305 2911 5374 Legitur
2948 5304 3263 5377 πολιορκίας
3295 5307 3348 5361 in
3381 5306 3623 5363 Colbert.

2040 5374 2105 5427 ad
2138 5389 2309 5445 marg.
2334 5387 2389 5429 et
2412 5377 2516 5429 alia
2550 5390 2738 5445 manu.

2111 5442 2341 5517 (49)_2lt‘
2374 5444 2741 5517 amonem
2783 5446 2947 5501 habet
2998 5447 3133 5515 Reg.
3173 5448 3253 5502 ὃς
3304 5447 3630 5517 Ἀναγκαῖον

2050 5509 2555 5602 (ὑπομνῆσαι,
2606 5516 2671 5569 δι’
2704 5509 3000 5602 ὧνηεῐρηκε
3035 5509 3236 5589 ῥητῶν.

2119 5584 2231 5654 (50)
2274 5584 2453 5638 Οὕτω.
2488 5586 2727 5641 Clarom.
2759 5584 2951 5650 οὖτὼς.

2083 5654 2259 5775 )
2278 5656 2709 5724 Τηλεκλειτοῐο.
2765 5657 2900 5728 Reg.
2950 5658 3006 5727 3,
3057 5667 3112 5713 ct
3163 5656 3403 5712 Clarum.
3460 5659 3625 5731 τηλι.

2046 5742 2278 5796 κλητοιο.
3478 5792 3481 5793 ν
