3948 6256
502 319 604 377 255

1533 290 1906 375 S.rJUST‘Nl
1935 316 2343 377 PHILOSOPHI
2378 320 2467 375 ET
2501 321 2858 379 MARTYRIS

3650 326 3821 385 256

502 438 757 494 nionibus
790 440 1217 508 permanendum
1251 439 1356 494 sibi
1391 453 1514 495 esse
1546 433 1876 493 statuerunt.
1913 437 2064 495 Nunc

2172 457 2282 494 νειν
2342 442 2699 512 προῄρηνται.
2742 441 2801 494 Ὀ
2846 438 2975 509 γοῦν
3016 441 3242 496 Πλάτων
3285 443 3418 497 ποτὲ
3466 444 3566 514 μὲν
3611 447 3819 515 τρεῖς

501 530 645 583 enim
675 529 827 583 Plato
855 532 958 585 tria
985 532 1223 589 universi
1246 532 1508 603 principia
1536 534 1710 598 docet,
1739 530 1930 595 Deum,
1962 550 2076 587 ma-

502 621 696 675 teriam
728 631 781 675 et
809 622 1062 690 formam,
1095 640 1239 680 nunc
1268 635 1520 696 quatuor.
1550 624 1713 679 Addit
1739 620 1883 678 enim
1928 624 2073 678 illam

501 714 682 767 omnia
725 725 1097 783 permeantem
1129 720 1388 774 animam.
1424 718 1636 774 Rursus
1662 716 1753 785 qui
1782 714 1932 784 prius
1961 732 2075 770 ma-

500 806 696 859 teriam
729 822 834 860 non
866 806 1070 861 factam
1101 809 1260 875 dixit,
1298 808 1497 866 factam
1547 808 1802 877 deinceps
1833 808 2069 873 asserit;

498 904 556 950 et
594 898 685 963 qui
732 898 885 966 prius
917 899 1213 971 singularis
1260 901 1507 971 principii
1563 900 1836 954 rationem
1886 897 2074 953 formae

501 988 772 1052 attribuit,
802 1004 1033 1058 eamque
1064 1004 1160 1060 per
1192 1005 1252 1046 se
1285 990 1651 1046 substantiam
1680 1005 1801 1045 esse
1830 1005 2073 1058 pronun-

499 1078 620 1143 tiat,
668 1090 855 1148 postea
905 1080 1054 1136 illam
1099 1082 1156 1137 in
1203 1083 1402 1136 mentis
1449 1082 1768 1137 notionibus
1799 1090 2065 1138 recenset.

499 1168 811 1237 Quinetiam
850 1182 1139 1243 postquam
1182 1173 1448 1244 quidquid
1491 1174 1699 1228 factum
1742 1181 1831 1228 est
1880 1186 2066 1228 corrw

496 1263 671 1332 ptioni
701 1264 997 1318 obnoxium
1035 1279 1158 1325 esse
1182 1264 1445 1331 decrevit,
1491 1265 1745 1334 deinceps
1788 1265 2068 1332 nonnulla,

497 1368 618 1423 qua:
636 1353 778 1409 facta
809 1364 956 1422 sunt,
982 1356 1398 1411 dissolutionem
1428 1365 1484 1411 et
1508 1356 1911 1425 corruptionem
1939 1355 2072 1420 etfu-

495 1459 624 1514 gere
654 1460 813 1515 posse
840 1446 1104 1505 declarat.
1139 1447 1279 1514 Quid
1310 1447 1476 1516 igitur
1506 1462 1684 1502 causae
1706 1456 1806 1509 est,
1834 1463 1931 1502 cur
1958 1463 2069 1503 non

496 1536 670 1590 solum
706 1537 847 1592 inter
876 1553 960 1603 se,
994 1540 1088 1594 sed
1120 1540 1286 1592 etiam
1332 1554 1516 1594 secum
1553 1540 1652 1610 ipsi
1678 1550 1938 1610 pugnent,
1972 1542 2068 1609 qui

496 1628 639 1698 apud
672 1645 766 1684 vos
794 1629 967 1686 habiti
1013 1640 1138 1686 sunt
1184 1632 1508 1702 sapientes?
1550 1632 1817 1686 Nimirum
1850 1632 1994 1702 quod
2037 1648 2069 1686 a

493 1722 692 1790 peritis
727 1722 941 1778 discere
973 1722 1268 1790 noluerint,
1321 1726 1416 1780 sed
1461 1739 1584 1779 sese
1628 1725 2067 1780 existimaverint

493 1813 695 1868 mentis
737 1813 994 1869 humana;-
1040 1814 1263 1869 solertia
1298 1815 1503 1870 claram
1530 1817 1835 1871 cmleStium
1878 1831 2062 1872 rerum
2094 1784 2140 1844 Β

492 1908 858 1977 cognitionem
884 1910 1100 1977 assequi
1129 1924 1308 1978 posse,
1336 1926 1454 1967 cum
1486 1926 1554 1965 ne
1580 1912 1916 1967 terrestrium
1940 1912 2066 1982 qui-

493 1997 613 2051 dem
645 1999 945 2067 potuerint.
974 1999 1205 2064 Quidam
1239 2001 1384 2055 enim
1407 2016 1473 2056 ex
1502 2002 1700 2056 vestris
1728 2001 2066 2072 philosophis

492 2087 731 2142 animam
762 2090 1059 2145 humanam
1090 2090 1145 2143 in
1175 2090 1353 2155 nobis,
1383 2090 1470 2145 alii
1498 2092 1642 2145 circa
1680 2106 1781 2145 nos
1823 2107 1944 2146 esse
1984 2093 2067 2145 di-

492 2187 642 2233 cunt.
675 2177 811 2232 Nam
850 2195 949 2233 nec
979 2195 1043 2234 ea
1078 2182 1142 2235 de
1177 2194 1235 2233 re
1270 2182 1587 2235 consentire
1615 2182 1754 2235 inter
1782 2197 1840 2236 se
1872 2181 2063 2235 volue-

493 2279 646 2335 runt,
682 2271 777 2325 sed
805 2272 962 2340 quasi
1012 2272 1405 2341 ignorationem
1438 2274 1609 2328 variis
1653 2274 1830 2328 modis
1876 2273 2062 2342 partiti

490 2373 698 2430 essent,
720 2364 883 2417 etiam
907 2366 971 2417 de
989 2366 1170 2418 anima
1196 2365 1413 2435 litigare
1435 2366 1578 2421 inter
1604 2381 1663 2420 se
1692 2375 1747 2422 et
1776 2366 2061 2437 digladiari

490 2462 825 2510 statuerunt.
850 2454 1053 2511 Horum
1082 2456 1226 2511 enim
1253 2458 1345 2510 alii
1374 2458 1611 2511 animam
1644 2459 1817 2529 ignem
1844 2473 1963 2515 esse
1985 2458 2065 2512 di-

489 2552 643 2605 cunt,
674 2541 765 2595 alii
794 2556 998 2608 aerem,
1024 2544 1116 2598 alii
1150 2554 1383 2599 mentem
1403 2584 1417 2610 ,
1467 2545 1561 2599 alii
1603 2548 1924 2613 motionem,
1970 2548 2064 2601 alii

489 2633 890 2688 exhalationetn
913 2652 928 2700 ;
955 2637 1173 2705 quidam
1201 2638 1307 2715 vim
1334 2654 1402 2693 ex
1432 2640 1592 2694 astris
1619 2638 1897 2713 ﬂuentem,
1930 2656 2067 2695 non-

488 2725 623 2780 nulli
666 2741 954 2781 numerum
1002 2729 1256 2783 movendi
1305 2729 1561 2784 facultate
1592 2732 1917 2801 praeditum,
1967 2730 2062 2785 alii

486 2818 726 2888 denique
775 2834 975 2888 aquam
1020 2819 1341 2890 genitalem.
1391 2820 1470 2876 Ac
1513 2822 1738 2877 omnino
1781 2822 2062 2877 incondita

486 2911 626 2978 apud
654 2925 749 2966 eos
790 2921 845 2967 et
877 2911 1089 2967 discors
1114 2914 1362 2981 quaedam
1395 2913 1721 2967 inveteravit
1766 2914 2058 2976 sententia,

486 3017 606 3071 qua:
632 3003 733 3057 hac
761 3019 868 3059 una
890 3020 950 3059 re
980 3007 1151 3075 aequis
1173 3004 1450 3072 iudicibus
1486 3005 1754 3058 laudanda
1785 3006 2059 3070 videatur,

488 3094 633 3164 quod
674 3110 795 3151 sese
834 3097 1064 3152 invicem
1101 3098 1283 3152 conati
1328 3096 1437 3151 sint
1478 3099 1682 3152 erroris
1710 3108 1761 3152 et
1799 3098 2060 3167 ignoratae
2089 3134 2131 3197 ο

488 3187 742 3241 veritatis
770 3188 1000 3241 crimine
1026 3202 1301 3258 premere.

555 3277 608 3330 8.
638 3276 807 3347 Igitur
839 3294 967 3333 cum
997 3278 1111 3333 veri
1158 3278 1295 3332 nihil
1342 3293 1409 3333 ex
1449 3278 1727 3350 magistris
1760 3278 1955 3333 vestris
1990 3279 2062 3335 de

484 3368 745 3437 religione
772 3370 908 3424 disci
944 3372 1136 3440 possit,
1174 3381 1233 3425 ut
1260 3370 1353 3441 qui
1382 3372 1541 3427 vobis
1584 3371 1785 3427 idonea
1826 3386 1940 3426 suae
1970 3387 2059 3426 re-

485 3476 605 3515 rum
639 3462 998 3529 ignorationis
1040 3464 1368 3519 documenta
1396 3464 1601 3519 mutuis
1628 3464 2062 3520 dissensionibus

484 3553 850 3623 praebuerint;
894 3556 1048 3624 sequi
1076 3557 1208 3610 mihi
1240 3557 1477 3621 videtur,
1513 3565 1576 3610 ut
1604 3556 1669 3609 ad
1703 3557 1936 3623 majores
1964 3571 2065 3611 no-

484 3656 631 3699 stros
677 3661 1053 3712 recurramus,
1082 3648 1173 3717 qui
1202 3656 1255 3701 et
1286 3650 1457 3701 multo
1502 3648 1837 3717 antiquiores
1860 3647 2060 3702 vestris

483 3732 665 3799 fuere,
698 3749 798 3788 nec
844 3735 1140 3804 quidquam
1193 3738 1416 3807 proprio
1463 3748 1640 3792 marte
1688 3738 2059 3803 excogitatum

488 3842 592 3882 nos
622 3828 961 3893 docuerunt;
996 3841 1097 3883 nec
1126 3829 1271 3882 inter
1298 3843 1358 3882 se
1388 3829 1668 3898 digladiati
1703 3837 1797 3882 aut
1820 3844 1946 3883 suas
1974 3829 2059 3882 in-

486 3920 663 3974 vicem
692 3920 983 3990 opiniones
1005 3929 1253 3975 evertere
1278 3922 1462 3975 conati
1484 3930 1634 3982 sunt,
1663 3921 1756 3975 sed
1795 3922 1913 3975 sine
1951 3920 2060 3975 ullo

485 4012 861 4067 contentionis
896 4022 950 4066 et
979 4012 1210 4079 partium
1239 4012 1421 4065 studio
1451 4012 1735 4068 scientiam
1760 4027 1790 4066 a
1822 4012 1933 4066 Deo
1957 4027 2061 4081 ,εἱε-

488 4113 778 4172 ceperunt,
816 4118 1044 4172 eamque
1078 4118 1177 4156 nos
1206 4104 1527 4157 docuerunt.
1568 4102 1752 4170 Neque
1778 4103 1924 4155 enim
1966 4118 2061 4155 na-

487 4207 631 4263 tura,
663 4198 764 4268 13
792 4209 884 4251 aut
912 4197 1136 4251 humani
1166 4196 1365 4265 ingenii
1393 4194 1510 4251 acie
1554 4209 1641 4248 res
1687 4204 1798 4247 tam
1852 4209 2062 4265 magna

487 4305 552 4345 ac
583 4291 779 4344 divina:
811 4291 1066 4359 cognosci
1100 4289 1167 4342 ab
1202 4286 1515 4343 hominibus
1551 4295 1812 4354 possunt;
1846 4286 1939 4338 sed
1968 4298 2060 4350 eo,

488 4387 630 4453 quod
662 4393 773 4439 tum
806 4384 861 4437 in
906 4393 1126 4437 sanctos
1171 4382 1419 4435 homines
1459 4380 1847 4439 descendebat,
1890 4378 2058 4441 dono,

2182 533 2355 603 ἀρχάς
2385 532 2479 585 τοῦ
2522 532 2721 596 παντὸς
2764 527 2901 585 εἶναι
2944 533 3123 602 λέγει,
3171 533 3303 588 Θεὸν
3342 536 3437 589 καὶ
3477 533 3613 607 ὓλην
3663 535 3817 589 καὶ

2179 623 2316 686 εἶδος
2342 640 2354 652 ·
2404 624 2533 677 ποτὲ
2572 623 2627 676 δὲ
2669 624 2971 695 τέσσαρας·
3014 625 3336 697 προστίθησι
3376 628 3484 699 γὰρ
3518 628 3615 679 καὶ
3660 628 3811 696 τὴν

2176 715 2403 768 καθόλου
2437 714 2632 786 ψυχήν.
2674 716 2783 771 Καὶ
2824 711 2978 779 αὖθις
3006 715 3102 787 τὴν
3133 717 3262 789 ὓλην
3292 719 3587 789 ἀγέννητον
3621 720 3805 790 πρά-

2174 824 2331 878 τερον
2354 806 2609 878 εἰρηκὼς,
2648 807 2869 879 ὕστερον
2906 809 3169 881 γεννητὴν
3198 811 3367 881 αὐτὴν
3396 807 3535 864 εἶναι
3564 812 3735 879 λέγει
3776 828 3797 839 ’

2174 898 2267 950 καὶ
2296 897 2373 967 τῷ
2413 898 2542 950 εῖδει
2566 898 2675 969 (86)
2708 899 2763 951 δὲ
2802 900 2973 971 ἀρχὴν
3006 900 3143 953 ίδίαν
3173 901 3435 972 πρότερον
3471 903 3742 966 δεδωκὼς
3776 945 3799 967 ,

2174 988 2268 1047 καὶ
2298 987 2416 1041 καθ’
2444 990 2601 1042 ἑαυτὸ
2629 990 2920 1045 οὑσιῶσθαι
2950 995 3238 1065 ἀποφήσας
3257 1033 3271 1058 ,
3304 994 3526 1066 ὕστερον
3555 998 3617 1048 ὲν
3648 1000 3803 1059 τοῖς

2174 1080 2441 1148 νοήμασιν
2472 1080 2603 1134 αὐτὸ
2632 1080 2779 1136 τοῦτ’
2809 1079 2947 1136 εἶναι
2976 1083 3143 1153 λέγει.
3182 1085 3301 1140 Ἔτι
3335 1087 3432 1156 μέν
3460 1088 3542 1140 τοί
3570 1105 3638 1156 γε
3664 1089 3801 1142 καὶ

2174 1171 2284 1224 πᾶν
2326 1170 2387 1223 τὸ
2426 1173 2715 1241 γενόμενον
2756 1171 2993 1243 φθαρτὸν
3040 1175 3303 1247 πρότερον
3334 1178 3797 1248 ἀποφηνάμενος

2173 1256 2331 1324 εἶναι,
2357 1261 2583 1333 ὕστερον
2608 1262 2724 1315 ένια
2752 1262 2859 1317 τῶν
2880 1264 3178 1333 γινομένων
3198 1265 3368 1319 ἄλυτα
3389 1268 3480 1320 καὶ
3497 1267 3795 1340 ἄφθαρτα.

2171 1350 2428 1404 δύνασθαι
2461 1348 2599 1405 εἷναί
2639 1368 2789 1422 φησι.
2832 1353 2897 1405 Τί
2938 1354 3116 1408 τοίνυν
3154 1353 3324 1408 αἴτιον
3352 1356 3447 1409 τοῦ
3490 1358 3566 1429 μὴ
3616 1359 3787 1429 πρὸς

2170 1441 2429 1513 ἀλλήλους
2462 1444 2619 1515 μόνον
2639 1483 2653 1505 ,
2684 1443 2819 1497 ἀλλά
2860 1446 2955 1498 καὶ
3005 1447 3138 1518 πρὸς
3186 1448 3409 1511 ἑαυτοὺς
3438 1448 3781 1513 στασιάζειν

2171 1536 2296 1596 τοὺς
2327 1537 2457 1604 παρ’
2490 1535 2618 1604 ὑμῖν
2648 1536 3001 1605 νομισθέντας
3042 1538 3368 1609 γεγενῆσθαι
3416 1542 3650 1607 σοφούς
3686 1542 3785 1593 Τὸ

2174 1623 2248 1695 μὴ
2280 1623 2603 1695 βουληθῆναι
2633 1625 2871 1695 δηλονότι
2893 1628 3042 1698 παρὰ
3064 1628 3171 1681 τῶν
3192 1629 3405 1682 εἰδότων
3438 1629 3776 1700 μανθάνειν,

2170 1718 2285 1770 ἀλλ’
2317 1718 2543 1780 ἑαυτοὺς
2580 1716 2786 1771 οἴεσθαι
2821 1721 2886 1789 τῇ
2931 1718 3246 1791 ἀνθρωπίνῃ
3293 1719 3469 1773 αὐτῶν
3500 1723 3778 1792 περινοίᾳ.

2169 1809 2236 1862 τά
2268 1810 2324 1861 ἐν
2356 1810 2603 1879 οὐρανοῖς
2623 1808 2879 1863 δύνασθαι
2908 1811 3195 1877 γινώσκειν
3224 1811 3439 1881 σαφῶς’
3478 1814 3659 1865 καίτοι
3694 1830 3775 1880 γε

2170 1902 2305 1974 μηδὲ
2335 1902 2403 1955 τὰ
2430 1902 2523 1955 ἐπὶ
2563 1903 2660 1972 τῆς
2705 1903 2809 1972 γῆς
2848 1902 3052 1972 γνῶναι
3083 1902 3418 1975 δυνηθέντες.
3466 1904 3578 1975 Τὴν
3618 1904 3775 1973 γοῦν

2167 1992 2515 2065 ἀνθρωπίνην
2533 1993 2709 2065 ψυχὴν
2729 1993 2857 2048 ἔνιοι
2877 1994 2975 2065 μὲν
2996 1993 3101 2047 τῶν
3122 1996 3251 2065 παρ’
3270 1995 3397 2065 ὑμῖν
3418 1995 3763 2065 φιλοσόφων,

2167 2088 2224 2139 ὲν
2247 2086 2592 2158 ἡμῖν,ἓτεροι
2621 2087 2677 2140 δὲ
2708 2087 2835 2158 περὶ
2861 2089 3009 2157 ἡμᾶς
3031 2082 3171 2140 εἷναί
3200 2104 3351 2155 φασι.
3384 2087 3517 2140 Οὐδὲ
3548 2088 3664 2159 γὰρ
3693 2088 3765 2141 ὲν

2166 2177 2337 2247 τούτῳ
2355 2182 2662 2248 συμφωνεῖν
2679 2180 2928 2251 ἀλλήλοις
2944 2180 3300 2251 προῄρηνται,
3316 2179 3428 2232 ἀλλ’
3444 2178 3636 2251 ὥσπερ
3654 2180 3765 2249 τὴν

2168 2268 2388 2337 ἄγνοιαν
2410 2270 2683 2342 διαφόρως
2714 2272 3087 2347 μερισάμενοι,
3115 2272 3207 2324 καὶ
3240 2272 3369 2342 περὶ
3397 2271 3571 2341 ψυχῆς
3598 2270 3765 2339 φιλο-

2166 2364 2365 2415 νεικεῖν
2398 2362 2491 2415 καὶ
2520 2362 2829 2425 στασιάζειν
2857 2362 2993 2434 πρὸς
3014 2362 3273 2433 ἀλλήλους
3303 2362 3661 2433 προῄρηνται.
3688 2365 3765 2415 OL

2171 2448 2268 2517 μὲν
2301 2447 2407 2520 γάρ
2455 2450 2636 2503 αὐτῶν
2684 2468 2815 2519 φασι
2861 2450 2973 2523 πῦρ
3002 2447 3140 2504 εἶναι
3171 2452 3267 2523 τὴν
3287 2450 3482 2522 ψυχὴν,
3504 2454 3549 2504 οἱ
3569 2452 3630 2505 δὲ
3658 2450 3764 2506 τὸν

2168 2538 2304 2609 ἀέρα
2323 2556 2334 2568 ·
2356 2542 2405 2593 oi
2425 2540 2481 2593 δὲ
2506 2542 2593 2594 τὸν
2610 2541 2733 2595 νοῦν
2752 2559 2765 2572 ·
2789 2544 2839 2595 οἱ
2858 2541 2914 2595 δὲ
2942 2543 3040 2613 τὴν
3069 2544 3281 2613 κίνησιν
3301 2561 3313 2573 ·
3341 2546 3388 2596 οἱ
3409 2544 3464 2595 δὲ
3486 2544 3584 2614 τὴν
3615 2545 3762 2598 ἀνα-

2169 2631 2425 2703 θυμίασιν
2445 2651 2457 2663 ·
2487 2634 2635 2688 ἄλλοι
2662 2635 2717 2687 δέ
2735 2653 2873 2698 τινες
2904 2635 3130 2707 δύναμιν
3151 2636 3258 2689 ἀπὸ
3278 2635 3383 2689 τῶν
3404 2637 3619 2707 ἄστρων
3654 2638 3721 2706 ρέ
3738 2668 3756 2677 -

2169 2742 2335 2780 ουσαν
2356 2744 2369 2757 °
2400 2730 2447 2779 οί
2480 2728 2536 2782 δὲ
2578 2728 2808 2800 ἀριθμὸν
2842 2729 3119 2798 κινητικόν
3140 2746 3152 2759 ⁸
3185 2729 3362 2800 ἕτεροι
3397 2730 3453 2783 δὲ
3484 2730 3629 2800 ὓδωρ
3658 2749 3760 2799 γο-

2169 2822 2402 2874 νοποιόν.
2448 2822 2557 2874 Καὶ
2600 2822 2735 2885 ὅλως
2785 2823 3018 2886 ἄτακτός
3063 2840 3146 2885 τις
3189 2822 3283 2875 καὶ
3338 2823 3669 2893 ἀσύμφωνος
3715 2826 3754 2895 ἡ

2168 2909 2297 2981 παρ’
2331 2912 2514 2973 αὐτοῖς
2560 2912 2865 2981 κεκράτηκε
2897 2911 3057 2975 δόξα,
3094 2912 3172 2964 ἐνὶ
3226 2912 3372 2983 μόνῳ
3417 2916 3528 2977 τοῖς
3571 2913 3758 2985 ὀρθῶς

2168 3000 2373 3071 κρίνειν
2401 3001 2711 3070 δυναμένοις
2741 3002 2960 3054 ἐπαίνου
2991 3001 3115 3067 ἀξία
3141 3005 3437 3074 φαινομένη
3459 3044 3473 3067 ,
3503 3006 3584 3057 ὅτι
3618 3004 3756 3057 πλα-

2169 3092 2441 3162 νωμένους
2464 3092 2572 3162 (87)
2593 3094 2683 3145 καὶ
2704 3094 2775 3163 μὴ
2802 3093 3008 3165 τάληθῆ
3024 3094 3281 3163 λέγοντας
3304 3096 3567 3167 ἀλλήλους
3593 3095 3755 3165 ὲλέγο

2167 3200 2283 3254 χειν
2316 3186 2671 3257 προῄρηνται.

2235 3276 2289 3330 8.
2345 3276 2555 3339 Οὐκοῦν
2610 3278 2907 3349 ἐπειδήπερ
2950 3277 3103 3331 οὐδὲν
3150 3278 3347 3351 ἀληθὲς
3391 3278 3520 3351 περὶ
3564 3279 3752 3334 θεοσε-

2164 3366 2317 3430 ϐείας
2378 3369 2527 3438 παρά
2574 3367 2680 3421 τῶν
2728 3368 3009 3439 ὑμετέρων
3064 3369 3396 3433 διδασκάλων
3455 3371 3753 3442 μανθάνειν

2164 3458 2281 3510 ἐστὶ
2328 3458 2550 3511 δυνατὸν
2577 3499 2592 3524 ,
2648 3459 2836 3530 ἱκανὴν
2869 3460 2995 3529 ὑμῖν
3051 3460 3323 3526 ἀπόδειξιν
3376 3463 3473 3532 τῆς
3534 3462 3752 3516 ἑαυτῶν

2160 3550 2384 3619 ἀγνοίας
2414 3550 2499 3603 διὰ
2532 3551 2627 3620 τῆς
2658 3551 2793 3622 πρὸς
2828 3552 3091 3622 ἀλλήλους
3124 3554 3363 3616 στάσεως
3392 3556 3748 3625 παρεσχηκό-

2161 3661 2287 3706 των,
2317 3642 2608 3696 ἀκόλουθον
2634 3643 2876 3712 ἡγοῦμαι
2901 3643 3143 3697 ἀνελθεῖν
3169 3645 3261 3696 ἐπὶ
3292 3646 3415 3708 τοὺς
3442 3647 3751 3716 ἡμετέρους

2163 3737 2494 3806 προγόνους,
2542 3736 2665 3798 τοὺς
2717 3736 2810 3787 καὶ
2857 3737 2980 3798 τοὺς
3026 3737 3251 3805 χρόνους
3295 3736 3400 3788 τῶν
3451 3737 3579 3806 παρ’
3616 3738 3750 3807 ὑμῖν

2162 3824 2495 3879 διδασκάλων
2528 3824 2708 3895 πολλῷ
2738 3824 3132 3897 προειληφότας
3151 3866 3166 3890 ,
3202 3826 3294 3879 καὶ
3323 3826 3485 3896 μηδὲν
3516 3825 3623 3880 ἀπὸ
3645 3827 3751 3897 τῆς

2166 3918 2299 3982 ἰδίας
2328 3917 2506 3971 αὐτῶν
2540 3918 2840 3985 φαντασίας
2871 3916 3186 3980 διδάξαντας
3218 3920 3365 3989 ἡμᾶς
3385 3959 3399 3982 ,
3442 3918 3572 3987 μηδὲ
3606 3918 3748 3989 πρὸς

2163 4007 2424 4077 ἀλλήλους
2462 4007 2937 4077 διενεχθέντας,ἢ
2992 4007 3061 4061 τὰ
3116 4008 3358 4079 ἀλλήλων
3415 4008 3746 4079 ἀνατρέπειν

2164 4100 2551 4169 πειρωμένους,
2586 4098 2698 4152 ἀλλ’
2729 4097 3079 4166 ἀφιλονείκως
3110 4098 3204 4151 καὶ
3237 4100 3613 4162 ἀστασιάστως
3642 4098 3744 4170 τὴν

2163 4190 2315 4259 παρὰ
2348 4189 2481 4241 Θεοῦ
2512 4190 2621 4257 (88)
2654 4189 2973 4258 δεξαμένους
3018 4188 3253 4258 γνῶσινο,
3302 4190 3393 4242 καὶ
3428 4190 3629 4260 ταύτην
3661 4190 3741 4242 δι-

2163 4277 2459 4341 δάσκοντας
2491 4281 2657 4351 ἡμᾶς.
2714 4277 2849 4331 υῦτε
2881 4278 2991 4349 γὰρ
3025 4278 3183 4346 φύσει
3204 4318 3219 4342 ,
3253 4271 3397 4331 οὔτε
3421 4279 3740 4352 ἀνθρωπίνῃ

2166 4370 2346 4439 ἐννοίᾳ
2376 4368 2519 4427 οὕτω
2568 4370 2775 4439 μεγάλα
2820 4370 2913 4423 καί¹
2959 4368 3079 4421 θεῖα
3108 4368 3397 4437 γινώσκειν
3433 4368 3740 4440 ἀνθρώποις

486 4476 687 4545 quibus
711 4474 929 4543 quidem
956 4487 1056 4527 nec
1085 4473 1376 4525 verborum
1402 4470 1635 4523 artiﬁcio
1656 4484 1789 4537 opus
1813 4468 1935 4533 luit,
1963 4483 2063 4532 nec

2172 4461 2419 4523 δυνατὸν,
2467 4461 2602 4515 ἀλλὰ
2651 4463 2717 4532 τῇ
2760 4460 2965 4514 ἄνωθεν
3013 4460 3105 4514 ἐπὶ
3155 4461 3280 4523 τοὺς
3327 4459 3511 4526 ἁγίους
3544 4458 3740 4529 ἄνδρας

489 4567 810 4638 pugnaciter
838 4565 1136 4635 quidquam
1167 4572 1221 4616 et
1260 4562 1471 4615 rixandi
1504 4561 1687 4615 studio
1712 4560 1915 4627 dicere,
1960 4561 2058 4615 sed

488 4675 657 4729 puros
682 4660 892 4728 seipsos
920 4658 1090 4711 divini
1117 4656 1351 4723 Spiritus
1374 4654 1677 4723 operationi
1708 4656 1970 4723 praebere,
2003 4660 2063 4706 ut

489 4752 732 4808 divinum
773 4752 909 4804 illud
962 4749 1241 4819 delapsum
1288 4762 1319 4802 e
1364 4748 1526 4801 caelis
1573 4746 1837 4816 plectrum
1864 4785 1879 4810 ,
1914 4746 2065 4800 velut

488 4844 726 4915 quodam
767 4841 994 4897 citharae
1038 4852 1132 4894 aut
1176 4839 1310 4909 lyrae
1355 4838 1741 4902 instrumento,
1788 4837 1863 4891 ita
1897 4835 2061 4905 justis

438 5104 439 5109 η
560 5061 672 5133 (86)
712 5060 821 5133 Καὶ
846 5057 1115 5133 τῷ-εἵδει.
1148 5056 1246 5133 ilic
1276 5069 1490 5133 quoque
1512 5051 1784 5133 Justinutn
1816 5053 2064 5133 imitatur

487 5123 721 5205 Cyrillus
747 5132 864 5184 loco
889 5130 1096 5205 citato;
1130 5129 1246 5205 sed,
1274 5123 1420 5194 quod
1446 5140 1578 5193 pace
1603 5124 1890 5205 utriusque
1913 5123 2065 5205 (ﬁnxe-

489 5193 617 5267 ri'm,
646 5214 912 5270 nusquam
944 5199 1097 5254 Plato
1145 5193 1351 5270 idean],
1394 5206 1455 5270 ιιι
1500 5209 1597 5270 ens
1621 5193 1851 5270 aliquod
1884 5209 1911 5245 a
1935 5194 2065 5270 ‘Deo

488 5262 801 5335 separatum
844 5270 1123 5323 describit.
1146 5265 1437 5335 Conceptis
1482 5263 1665 5317 verbis
1690 5262 2061 5335 Plutarchus,

489 5359 505 5397 ι
544 5333 620 5396 De
658 5343 866 5411 placitis
898 5338 1193 5412 philosoph.
1237 5333 1382 5412 ideas
1418 5334 1655 5412 Batonis
1688 5333 1740 5385 in
1781 5333 2061 5412 Dci_cogi-

495 5402 787 5469 tation'ibus
807 5402 1037 5477 reponit.
1058 5402 1367 5477 A'ssentitur
1392 5406 1438 5457 ei
1466 5404 1864 5477 Theodo_rctus,
1887 5402 1983 5455 lib.
2014 5416 2063 5454 tv

489 5484 687 5537 Contra
705 5472 1311 5552 erco§.Atticusapud
1332 5475 1648 5537 Eusebium,
1664 5472 1841 5552 Brwp.
1858 5488 2061 5552 evang”

489 5554 586 5607 lib.
631 5568 720 5616 xv,
773 5567 823 5605 c.
856 5549 945 5613 l5,
985 5551 1087 5602 etsi
1130 5543 1280 5600 ideas
1324 5554 1479 5599 vocat
1522 5543 1764 5611 proprias
1809 5543 2065 5609 quasdam

488 5635 729 5687 naturas,
758 5621 956 5691 primos
989 5636 1049 5691 ac
1098 5620 1322 5670 maxime
1372 5616 1650 5691 principes-
1688 5620 2065 5691 naturam-eas

488 5703 669 5746 tamen
702 5684 833 5744 nihil
865 5690 1013 5741 aliud
1044 5703 1166 5742 esse
1211 5701 1373 5755 qutun
1414 5684 1503 5738 Dei
1532 5684 1896 5755 c0gilatiunes
1926 5684 2065 5755 late-

490 5771 596 5830 tur,
631 5781 694 5817 ac
726 5761 1031 5825 Platonem,
1068 5770 1124 5813 ut
1157 5751 1255 5812 has
1294 5755 1385 5811 Dci
1429 5753 1791 5825 cogitationes
1820 5751 2063 5813 omnium

2162 4552 2465 4621 τηνικαῦτα
2485 4553 2812 4624 κατελθούσῃ
2838 4553 3011 4623 δωρεᾷ
3030 4552 3160 4622 (89),
3180 4546 3259 4614 οἷς
3280 4552 3341 4603 οὐ
3363 4551 3534 4619 λόγων
3555 4550 3739 4619 ἐδέησε

2165 4644 2359 4715 τέχνης
2378 4685 2392 4708 ,
2423 4645 2541 4697 οῦδὲ
2568 4645 2659 4699 τοῦ
2692 4644 2979 4717 ἐριστικῶς
3012 4662 3063 4696 τι
3091 4643 3181 4696 καὶ
3210 4642 3521 4711 φιλονείκως
3547 4643 3738 4705 εἰπεῖν,

2166 4735 2303 4800 ἀλλά
2334 4735 2610 4809 καθαροὺς
2636 4737 2863 4799 ἑαυτοὺς
2895 4738 2959 4806 τῇ
2988 4734 3079 4788 τοῦ
3114 4735 3258 4788 θείου
3293 4734 3606 4805 Πνεύματος
3636 4750 3742 4785 πα-

2180 4830 2398 4903 ρασχεῖν
2417 4828 2685 4899 ἐνεργείᾳ,
2724 4828 2789 4881 ἶν’
2823 4828 2953 4882 αὐτὸ
2980 4826 3037 4879 τὸ
3071 4825 3215 4881 θεῖον
3250 4826 3308 4894 ἐξ
3340 4824 3571 4896 οὐρανοῦ
3606 4842 3739 4878 κατ-

2166 5065 2347 5105 rerum
2380 5052 2625 5116 exempla
2651 5062 2771 5102 esse
2798 5064 2863 5103 ac
2900 5048 3157 5103 omnibus
3182 5046 3492 5115 antiquiora
3524 5054 3733 5099 statue-

2166 5130 2272 5181 ret,
2314 5135 2377 5172 ex
2414 5135 2479 5173 eo
2529 5120 2820 5173 adductum
2868 5134 2986 5173 esse
3023 5118 3187 5182 dicit,
3221 5118 3362 5185 quod
3404 5116 3741 5183 perspiceret

2166 5190 2457 5253 artiliccm,
2500 5190 2553 5243 id
2590 5189 2732 5256 quod
2765 5188 3057 5243 eﬂectnrus
3097 5190 3168 5242 sit
3207 5196 3331 5241 ante
3361 5186 3543 5239 animo
3576 5186 3741 5238 infor-

2168 5275 2339 5322 mare,
2374 5269 2425 5311 et
2452 5274 2572 5313 cum
2603 5258 2747 5313 illius
2776 5260 3009 5327 speciem
3043 5256 3493 5317 consideraverit,
3529 5270 3647 5308 eam
3684 5258 3737 5309 in

2167 5332 2299 5399 ipsis
2325 5330 2483 5382 rebus
2514 5328 2876 5399 similitudine
2900 5330 3133 5396 quadam
3163 5328 3489 5399 exprimere.

2224 5399 2349 5483 ⁹(87)
2390 5396 2847 5467 Π.ίιινωμένους.
2902 5393 2968 5453 R.
3012 5400 3093 5454 St.
3130 5398 3197 5452 ad
3232 5393 3435 5452 calcem
3467 5393 3741 5465 πεπλανη-

2213 5486 2383 5531 ενους.

2171 5485 2515 5615 μῦἴὲἓῖτὴν
2540 5538 2697 5615 εξαρᾲ
2729 5537 2896 5615 Θεοῦ.
2930 5536 3168 5615 Colberl:
3196 5536 3291 5615 τὴν
3324 5534 3450 5607 περὶ
3479 5534 3635 5588 Θεοῦ.
3658 5603 3670 5615 .

2239 5542 2326 5607 (88
2396 5542 2515 5605 Τὴν
2540 5542 2697 5607 παρὰ
2729 5542 2896 5594 Θεοῦ.
2930 5542 3168 5591 Colberl.
3196 5542 3291 5608 τὴν
3324 5542 3450 5607 περὶ
3479 5542 3635 5588 Θεοῦ.

2238 5542 2350 5681 (89)
2390 5608 2602 5681 Δωρεᾷ.
2638 5610 2839 5681 Eodem
2874 5608 3364 5681 nomineSpirltus
3396 5615 3623 5659 sanctus
3658 5603 3740 5657 in-

2171 5676 2258 5731 fra"
2294 5676 2630 5747 designatur,
2661 5694 2716 5733 n.
2768 5677 2854 5741 10.
2900 5676 3028 5733 Vide
3058 5676 3466 5735 adnutationem
3492 5685 3740 5737 nosuam

2171 5750 2234 5806 ad
2268 5766 2319 5805 n.
2356 5750 2443 5810 52.
