  <div class='ocr_page' id='page_1' title='image "/cluster/home/n/w/nwhite01/storage/ocr_20150623/6/mdp.39015004289917/137.png"; bbox 0 0 3948 6256; ppageno 0'>
   <div class='ocr_carea' id='block_1_1' title="bbox 538 402 3867 471">
    <p class='ocr_par' dir='ltr' id='par_1_1' title="bbox 538 402 3867 471">
     <span class='ocr_line' id='line_1_1' title="bbox 538 402 3867 471; baseline 0.002 -6"><span class='ocrx_word' id='word_1_1' title='bbox 538 408 645 468; x_wconf 69' lang='lat'><strong>259</strong></span> <span class='ocrx_word' id='word_1_2' title='bbox 1577 411 1635 469; x_wconf 90' lang='lat' dir='ltr'><strong>S.</strong></span> <span class='ocrx_word' id='word_1_3' title='bbox 1672 402 1940 469; x_wconf 77' lang='lat' dir='ltr'><strong>JUSTINI</strong></span> <span class='ocrx_word' id='word_1_4' title='bbox 1971 410 2386 471; x_wconf 79' lang='lat' dir='ltr'><strong>PHILOSOPBI</strong></span> <span class='ocrx_word' id='word_1_5' title='bbox 2417 405 2505 468; x_wconf 84' lang='lat' dir='ltr'><strong>ET</strong></span> <span class='ocrx_word' id='word_1_6' title='bbox 2544 412 2907 470; x_wconf 79' lang='lat' dir='ltr'><strong>MARTYRIS</strong></span> <span class='ocrx_word' id='word_1_7' title='bbox 3762 416 3867 471; x_wconf 76' lang='lat'><strong>260</strong></span> 
     </span>
    </p>
   </div>
   <div class='ocr_carea' id='block_1_2' title="bbox 540 525 2090 605">
    <p class='ocr_par' dir='ltr' id='par_1_2' title="bbox 540 525 2090 601">
     <span class='ocr_line' id='line_1_2' title="bbox 540 525 2090 601; baseline 0.006 -23"><span class='ocrx_word' id='word_1_8' title='bbox 540 525 783 597; x_wconf 75' lang='lat' dir='ltr'><strong>draginta</strong></span> <span class='ocrx_word' id='word_1_9' title='bbox 814 534 958 581; x_wconf 84' lang='lat' dir='ltr'><strong>totos</strong></span> <span class='ocrx_word' id='word_1_10' title='bbox 992 528 1232 583; x_wconf 63' lang='lat' dir='ltr'><strong>historiae</strong></span> <span class='ocrx_word' id='word_1_11' title='bbox 1257 543 1370 582; x_wconf 67' lang='lat' dir='ltr'><strong>suae</strong></span> <span class='ocrx_word' id='word_1_12' title='bbox 1408 529 1578 586; x_wconf 88' lang='lat' dir='ltr'><strong>libros</strong></span> <span class='ocrx_word' id='word_1_13' title='bbox 1606 530 1841 601; x_wconf 76' lang='lat' dir='ltr'><strong>posteris</strong></span> <span class='ocrx_word' id='word_1_14' title='bbox 1869 531 2090 601; x_wconf 94' lang='lat' dir='ltr'><strong>reliquit</strong></span> 
     </span>
    </p>
   </div>
   <div class='ocr_carea' id='block_1_3' title="bbox 2194 525 3862 605">
    <p class='ocr_par' dir='ltr' id='par_1_3' title="bbox 2194 531 3862 605">
     <span class='ocr_line' id='line_1_3' title="bbox 2194 531 3862 605; baseline 0.002 -20"><span class='ocrx_word' id='word_1_15' title='bbox 2194 586 2197 596; x_wconf 66' lang='grc'><strong>,</strong></span> <span class='ocrx_word' id='word_1_16' title='bbox 2224 531 2519 603; x_wconf 83' lang='grc' dir='ltr'>Εὐρώπην,</span> <span class='ocrx_word' id='word_1_17' title='bbox 2565 532 2641 596; x_wconf 81' lang='grc' dir='ltr'><strong>ὡς</strong></span> <span class='ocrx_word' id='word_1_18' title='bbox 2666 532 2831 595; x_wconf 84' lang='grc' dir='ltr'>αὐτὸς</span> <span class='ocrx_word' id='word_1_19' title='bbox 2874 532 3140 603; x_wconf 76' lang='grc' dir='ltr'>γέγραφε,</span> <span class='ocrx_word' id='word_1_20' title='bbox 3168 534 3260 587; x_wconf 80' lang='grc' dir='ltr'><strong>διὰ</strong></span> <span class='ocrx_word' id='word_1_21' title='bbox 3284 532 3518 603; x_wconf 84' lang='grc' dir='ltr'>πολλὴν</span> <span class='ocrx_word' id='word_1_22' title='bbox 3557 531 3862 605; x_wconf 70' lang='grc' dir='ltr'>ἀκρίϐειαν</span> 
     </span>
    </p>
   </div>
   <div class='ocr_carea' id='block_1_4' title="bbox 541 616 2090 692">
    <p class='ocr_par' dir='ltr' id='par_1_4' title="bbox 541 616 2090 691">
     <span class='ocr_line' id='line_1_4' title="bbox 541 616 2090 691; baseline 0.003 -21"><span class='ocrx_word' id='word_1_23' title='bbox 541 616 589 671; x_wconf 92' lang='lat' dir='ltr'><strong>ls</strong></span> <span class='ocrx_word' id='word_1_24' title='bbox 616 618 667 671; x_wconf 90' lang='lat' dir='ltr'><strong>in</strong></span> <span class='ocrx_word' id='word_1_25' title='bbox 690 619 867 686; x_wconf 90' lang='lat' dir='ltr'><strong>primo</strong></span> <span class='ocrx_word' id='word_1_26' title='bbox 893 619 1054 683; x_wconf 89' lang='lat' dir='ltr'><strong>libro,</strong></span> <span class='ocrx_word' id='word_1_27' title='bbox 1088 620 1191 691; x_wconf 63' lang='lat'><strong>14</strong></span> <span class='ocrx_word' id='word_1_28' title='bbox 1219 629 1507 689; x_wconf 74' lang='lat' dir='ltr'><strong>postquam</strong></span> <span class='ocrx_word' id='word_1_29' title='bbox 1551 637 1610 676; x_wconf 91' lang='lat' dir='ltr'><strong>se</strong></span> <span class='ocrx_word' id='word_1_30' title='bbox 1640 638 1706 677; x_wconf 82' lang='lat' dir='ltr'><strong>ex</strong></span> <span class='ocrx_word' id='word_1_31' title='bbox 1734 622 2090 678; x_wconf 68' lang='lat' dir='ltr'><strong>sacerdotibu:</strong></span> 
     </span>
    </p>
   </div>
   <div class='ocr_carea' id='block_1_5' title="bbox 2194 616 3858 692">
    <p class='ocr_par' dir='ltr' id='par_1_5' title="bbox 2216 619 3858 692">
     <span class='ocr_line' id='line_1_5' title="bbox 2216 619 3858 692; baseline 0.002 -20"><span class='ocrx_word' id='word_1_32' title='bbox 2216 619 2549 691; x_wconf 82' lang='grc' dir='ltr'>περιελθὼν,</span> <span class='ocrx_word' id='word_1_33' title='bbox 2595 621 2691 675; x_wconf 74' lang='grc' dir='ltr'>καὶ</span> <span class='ocrx_word' id='word_1_34' title='bbox 2736 621 3015 691; x_wconf 82' lang='grc' dir='ltr'><strong>αὐτόπτης</strong></span> <span class='ocrx_word' id='word_1_35' title='bbox 3068 622 3175 675; x_wconf 84' lang='grc' dir='ltr'><strong>τῶν</strong></span> <span class='ocrx_word' id='word_1_36' title='bbox 3222 623 3527 677; x_wconf 82' lang='grc' dir='ltr'><strong>πλείστων</strong></span> <span class='ocrx_word' id='word_1_37' title='bbox 3578 623 3858 692; x_wconf 79' lang='grc' dir='ltr'>γεγονὼς,</span> 
     </span>
    </p>
   </div>
   <div class='ocr_carea' id='block_1_6' title="bbox 536 709 2090 787">
    <p class='ocr_par' dir='ltr' id='par_1_6' title="bbox 536 709 2090 784">
     <span class='ocr_line' id='line_1_6' title="bbox 536 709 2090 784; baseline 0.004 -20"><span class='ocrx_word' id='word_1_38' title='bbox 536 709 811 781; x_wconf 65' lang='lat' dir='ltr'><strong>Egyptiis</strong></span> <span class='ocrx_word' id='word_1_39' title='bbox 860 712 1144 780; x_wconf 77' lang='lat' dir='ltr'><strong>accepisse</strong></span> <span class='ocrx_word' id='word_1_40' title='bbox 1170 715 1309 769; x_wconf 77' lang='lat' dir='ltr'><strong>dixit</strong></span> <span class='ocrx_word' id='word_1_41' title='bbox 1354 715 1639 784; x_wconf 88' lang='lat' dir='ltr'><strong>antiquum</strong></span> <span class='ocrx_word' id='word_1_42' title='bbox 1666 724 1722 768; x_wconf 91' lang='lat' dir='ltr'><strong>et</strong></span> <span class='ocrx_word' id='word_1_43' title='bbox 1765 715 2005 784; x_wconf 91' lang='lat' dir='ltr'><strong>primum</strong></span> <span class='ocrx_word' id='word_1_44' title='bbox 2033 714 2090 770; x_wconf 83' lang='lat' dir='ltr'><strong>le</strong></span> 
     </span>
    </p>
   </div>
   <div class='ocr_carea' id='block_1_7' title="bbox 2194 709 3860 787">
    <p class='ocr_par' dir='ltr' id='par_1_7' title="bbox 2213 712 3860 787">
     <span class='ocr_line' id='line_1_7' title="bbox 2213 712 3860 787; baseline 0.002 -23"><span class='ocrx_word' id='word_1_45' title='bbox 2213 712 2621 783; x_wconf 87' lang='grc' dir='ltr'>τεσσαράκοντα</span> <span class='ocrx_word' id='word_1_46' title='bbox 2651 713 2750 767; x_wconf 83' lang='grc' dir='ltr'><strong>ὅλα</strong></span> <span class='ocrx_word' id='word_1_47' title='bbox 2779 714 2879 784; x_wconf 82' lang='grc' dir='ltr'><strong>τῆς</strong></span> <span class='ocrx_word' id='word_1_48' title='bbox 2897 713 3095 767; x_wconf 80' lang='grc' dir='ltr'>ἑαυτοῦ</span> <span class='ocrx_word' id='word_1_49' title='bbox 3124 716 3368 785; x_wconf 76' lang='grc' dir='ltr'>ἱστορίας</span> <span class='ocrx_word' id='word_1_50' title='bbox 3411 714 3630 785; x_wconf 74' lang='grc' dir='ltr'>βιϐλία</span> <span class='ocrx_word' id='word_1_51' title='bbox 3657 716 3860 787; x_wconf 66' lang='grc' dir='ltr'><strong>γέγραμ-</strong></span> 
     </span>
    </p>
   </div>
   <div class='ocr_carea' id='block_1_8' title="bbox 537 802 2113 875">
    <p class='ocr_par' dir='ltr' id='par_1_8' title="bbox 537 802 2113 875">
     <span class='ocr_line' id='line_1_8' title="bbox 537 802 2113 875; baseline 0.002 -19"><span class='ocrx_word' id='word_1_52' title='bbox 537 802 853 872; x_wconf 87' lang='lat' dir='ltr'><strong>gislatorem</strong></span> <span class='ocrx_word' id='word_1_53' title='bbox 888 803 1057 858; x_wconf 82' lang='lat' dir='ltr'><strong>fuisse</strong></span> <span class='ocrx_word' id='word_1_54' title='bbox 1096 804 1317 875; x_wconf 83' lang='lat' dir='ltr'><strong>Moysen</strong></span> <span class='ocrx_word' id='word_1_55' title='bbox 1340 847 1354 867; x_wconf 94' lang='lat'><strong>,</strong></span> <span class='ocrx_word' id='word_1_56' title='bbox 1386 807 1465 860; x_wconf 92' lang='lat' dir='ltr'><strong>sic</strong></span> <span class='ocrx_word' id='word_1_57' title='bbox 1499 809 1566 861; x_wconf 90' lang='lat' dir='ltr'><strong>de</strong></span> <span class='ocrx_word' id='word_1_58' title='bbox 1612 806 1707 861; x_wconf 91' lang='lat' dir='ltr'><strong>illo</strong></span> <span class='ocrx_word' id='word_1_59' title='bbox 1734 807 1964 861; x_wconf 87' lang='lat' dir='ltr'><strong>totidem</strong></span> <span class='ocrx_word' id='word_1_60' title='bbox 1988 820 2113 860; x_wconf 87' lang='lat' dir='ltr'><strong>ver-</strong></span> 
     </span>
    </p>
   </div>
   <div class='ocr_carea' id='block_1_9' title="bbox 536 889 2110 964">
    <p class='ocr_par' dir='ltr' id='par_1_9' title="bbox 536 889 2110 964">
     <span class='ocr_line' id='line_1_9' title="bbox 536 889 2110 964; baseline 0.003 -22"><span class='ocrx_word' id='word_1_61' title='bbox 536 890 623 943; x_wconf 86' lang='lat' dir='ltr'><strong>bis</strong></span> <span class='ocrx_word' id='word_1_62' title='bbox 647 889 842 944; x_wconf 83' lang='lat' dir='ltr'><strong>scribit</strong></span> <span class='ocrx_word' id='word_1_63' title='bbox 869 908 882 943; x_wconf 91' lang='lat'><strong>:</strong></span> <span class='ocrx_word' id='word_1_64' title='bbox 914 889 1058 943; x_wconf 88' lang='lat' dir='ltr'><strong>Nam</strong></span> <span class='ocrx_word' id='word_1_65' title='bbox 1091 903 1209 959; x_wconf 86' lang='lat' dir='ltr'><strong>post</strong></span> <span class='ocrx_word' id='word_1_66' title='bbox 1254 895 1530 963; x_wconf 88' lang='lat' dir='ltr'><strong>antiquum</strong></span> <span class='ocrx_word' id='word_1_67' title='bbox 1556 896 1679 949; x_wconf 76' lang='lat' dir='ltr'><strong>vita:</strong></span> <span class='ocrx_word' id='word_1_68' title='bbox 1716 905 1934 961; x_wconf 86' lang='lat' dir='ltr'><strong>statum,</strong></span> <span class='ocrx_word' id='word_1_69' title='bbox 1959 911 2110 964; x_wconf 86' lang='lat' dir='ltr'><strong>quem</strong></span> 
     </span>
    </p>
   </div>
   <div class='ocr_carea' id='block_1_10' title="bbox 536 978 2111 1059">
    <p class='ocr_par' dir='ltr' id='par_1_10' title="bbox 536 978 2111 1059">
     <span class='ocr_line' id='line_1_10' title="bbox 536 978 2111 1059; baseline 0.006 -27"><span class='ocrx_word' id='word_1_70' title='bbox 536 978 733 1047; x_wconf 77' lang='lat' dir='ltr'><strong>fabula:</strong></span> <span class='ocrx_word' id='word_1_71' title='bbox 764 987 859 1035; x_wconf 91' lang='lat' dir='ltr'><strong>sub</strong></span> <span class='ocrx_word' id='word_1_72' title='bbox 897 982 1003 1035; x_wconf 90' lang='lat' dir='ltr'><strong>diis</strong></span> <span class='ocrx_word' id='word_1_73' title='bbox 1034 993 1081 1036; x_wconf 90' lang='lat' dir='ltr'><strong>et</strong></span> <span class='ocrx_word' id='word_1_74' title='bbox 1128 983 1375 1038; x_wconf 74' lang='lat' dir='ltr'><strong>heroibus</strong></span> <span class='ocrx_word' id='word_1_75' title='bbox 1418 986 1721 1039; x_wconf 89' lang='lat' dir='ltr'><strong>traductum</strong></span> <span class='ocrx_word' id='word_1_76' title='bbox 1747 987 1974 1057; x_wconf 81' lang='lat' dir='ltr'><strong>ﬁngunt,</strong></span> <span class='ocrx_word' id='word_1_77' title='bbox 2005 986 2111 1059; x_wconf 81' lang='lat' dir='ltr'><strong>pri-</strong></span> 
     </span>
    </p>
   </div>
   <div class='ocr_carea' id='block_1_11' title="bbox 534 1072 2107 1147">
    <p class='ocr_par' dir='ltr' id='par_1_11' title="bbox 534 1072 2107 1147">
     <span class='ocr_line' id='line_1_11' title="bbox 534 1072 2107 1147; baseline 0.008 -24"><span class='ocrx_word' id='word_1_78' title='bbox 534 1088 651 1125; x_wconf 89' lang='lat' dir='ltr'><strong>mus</strong></span> <span class='ocrx_word' id='word_1_79' title='bbox 693 1072 901 1143; x_wconf 89' lang='lat' dir='ltr'><strong>Moyses</strong></span> <span class='ocrx_word' id='word_1_80' title='bbox 949 1075 1161 1143; x_wconf 88' lang='lat' dir='ltr'><strong>p0pulis</strong></span> <span class='ocrx_word' id='word_1_81' title='bbox 1201 1080 1527 1145; x_wconf 78' lang='lat' dir='ltr'><strong>persuasisse</strong></span> <span class='ocrx_word' id='word_1_82' title='bbox 1576 1079 1766 1147; x_wconf 74' lang='lat' dir='ltr'><strong>fertur,</strong></span> <span class='ocrx_word' id='word_1_83' title='bbox 1799 1090 1855 1133; x_wconf 89' lang='lat' dir='ltr'><strong>ut</strong></span> <span class='ocrx_word' id='word_1_84' title='bbox 1898 1084 2107 1144; x_wconf 80' lang='lat' dir='ltr'><strong>scriptis</strong></span> 
     </span>
    </p>
   </div>
   <div class='ocr_carea' id='block_1_12' title="bbox 534 1162 2109 1237">
    <p class='ocr_par' dir='ltr' id='par_1_12' title="bbox 534 1162 2109 1237">
     <span class='ocr_line' id='line_1_12' title="bbox 534 1162 2109 1237; baseline 0.007 -22"><span class='ocrx_word' id='word_1_85' title='bbox 534 1162 735 1233; x_wconf 81' lang='lat' dir='ltr'><strong>legibus</strong></span> <span class='ocrx_word' id='word_1_86' title='bbox 767 1175 1057 1230; x_wconf 91' lang='lat' dir='ltr'><strong>uterentur,</strong></span> <span class='ocrx_word' id='word_1_87' title='bbox 1085 1168 1168 1220; x_wconf 89' lang='lat' dir='ltr'><strong>vir</strong></span> <span class='ocrx_word' id='word_1_88' title='bbox 1190 1178 1237 1221; x_wconf 89' lang='lat' dir='ltr'><strong>et</strong></span> <span class='ocrx_word' id='word_1_89' title='bbox 1274 1169 1644 1237; x_wconf 82' lang='lat' dir='ltr'><strong>magnitudine</strong></span> <span class='ocrx_word' id='word_1_90' title='bbox 1666 1170 1852 1237; x_wconf 87' lang='lat' dir='ltr'><strong>animi,</strong></span> <span class='ocrx_word' id='word_1_91' title='bbox 1880 1179 1933 1225; x_wconf 90' lang='lat' dir='ltr'><strong>et</strong></span> <span class='ocrx_word' id='word_1_92' title='bbox 1957 1173 2109 1226; x_wconf 87' lang='lat' dir='ltr'><strong>utili-</strong></span> 
     </span>
    </p>
   </div>
   <div class='ocr_carea' id='block_1_13' title="bbox 532 1255 2106 1316">
    <p class='ocr_par' dir='ltr' id='par_1_13' title="bbox 532 1255 2106 1316">
     <span class='ocr_line' id='line_1_13' title="bbox 532 1255 2106 1316; baseline 0.006 -10"><span class='ocrx_word' id='word_1_93' title='bbox 532 1255 728 1308; x_wconf 81' lang='lat' dir='ltr'><strong>tatibus</strong></span> <span class='ocrx_word' id='word_1_94' title='bbox 780 1257 900 1309; x_wconf 74' lang='lat' dir='ltr'><strong>vitaz</strong></span> <span class='ocrx_word' id='word_1_95' title='bbox 941 1257 1209 1309; x_wconf 81' lang='lat' dir='ltr'><strong>hominum</strong></span> <span class='ocrx_word' id='word_1_96' title='bbox 1243 1256 1428 1311; x_wconf 83' lang='lat' dir='ltr'><strong>allatis</strong></span> <span class='ocrx_word' id='word_1_97' title='bbox 1476 1258 1863 1314; x_wconf 88' lang='lat' dir='ltr'><strong>celeberrimus.</strong></span> <span class='ocrx_word' id='word_1_98' title='bbox 1903 1261 2106 1316; x_wconf 87' lang='lat' dir='ltr'><strong>Deinde</strong></span> 
     </span>
    </p>
   </div>
   <div class='ocr_carea' id='block_1_14' title="bbox 532 1345 2105 1417">
    <p class='ocr_par' dir='ltr' id='par_1_14' title="bbox 532 1345 2105 1417">
     <span class='ocr_line' id='line_1_14' title="bbox 532 1345 2105 1417; baseline 0.006 -19"><span class='ocrx_word' id='word_1_99' title='bbox 532 1345 803 1415; x_wconf 83' lang='lat' dir='ltr'><strong>paululum</strong></span> <span class='ocrx_word' id='word_1_100' title='bbox 835 1362 1174 1417; x_wconf 87' lang='lat' dir='ltr'><strong>progressus,</strong></span> <span class='ocrx_word' id='word_1_101' title='bbox 1205 1365 1269 1404; x_wconf 91' lang='lat' dir='ltr'><strong>ac</strong></span> <span class='ocrx_word' id='word_1_102' title='bbox 1287 1360 1500 1404; x_wconf 88' lang='lat' dir='ltr'><strong>veteres</strong></span> <span class='ocrx_word' id='word_1_103' title='bbox 1540 1349 1883 1417; x_wconf 84' lang='lat' dir='ltr'><strong>legislatures</strong></span> <span class='ocrx_word' id='word_1_104' title='bbox 1917 1367 2105 1407; x_wconf 90' lang='lat' dir='ltr'><strong>recen-</strong></span> 
     </span>
    </p>
   </div>
   <div class='ocr_carea' id='block_1_15' title="bbox 530 1439 2105 1512">
    <p class='ocr_par' dir='ltr' id='par_1_15' title="bbox 530 1439 2105 1512">
     <span class='ocr_line' id='line_1_15' title="bbox 530 1439 2105 1512; baseline 0.004 -20"><span class='ocrx_word' id='word_1_105' title='bbox 530 1452 653 1492; x_wconf 86' lang='lat' dir='ltr'><strong>sere</strong></span> <span class='ocrx_word' id='word_1_106' title='bbox 695 1439 915 1503; x_wconf 89' lang='lat' dir='ltr'><strong>volens,</strong></span> <span class='ocrx_word' id='word_1_107' title='bbox 968 1442 1200 1510; x_wconf 89' lang='lat' dir='ltr'><strong>primum</strong></span> <span class='ocrx_word' id='word_1_108' title='bbox 1260 1452 1652 1496; x_wconf 86' lang='lat' dir='ltr'><strong>commemorat</strong></span> <span class='ocrx_word' id='word_1_109' title='bbox 1714 1443 1963 1512; x_wconf 82' lang='lat' dir='ltr'><strong>Moysen.</strong></span> <span class='ocrx_word' id='word_1_110' title='bbox 2012 1445 2105 1500; x_wconf 89' lang='lat' dir='ltr'><strong>Sic</strong></span> 
     </span>
    </p>
   </div>
   <div class='ocr_carea' id='block_1_16' title="bbox 529 1530 2103 1605">
    <p class='ocr_par' dir='ltr' id='par_1_16' title="bbox 529 1530 2103 1605">
     <span class='ocr_line' id='line_1_16' title="bbox 529 1530 2103 1605; baseline 0.004 -23"><span class='ocrx_word' id='word_1_111' title='bbox 529 1530 674 1584; x_wconf 90' lang='lat' dir='ltr'><strong>enim</strong></span> <span class='ocrx_word' id='word_1_112' title='bbox 695 1532 918 1585; x_wconf 89' lang='lat' dir='ltr'><strong>totidem</strong></span> <span class='ocrx_word' id='word_1_113' title='bbox 957 1533 1143 1586; x_wconf 83' lang='lat' dir='ltr'><strong>verbis</strong></span> <span class='ocrx_word' id='word_1_114' title='bbox 1181 1533 1424 1600; x_wconf 89' lang='lat' dir='ltr'><strong>loquitur</strong></span> <span class='ocrx_word' id='word_1_115' title='bbox 1458 1549 1470 1583; x_wconf 90' lang='lat'><strong>:</strong></span> <span class='ocrx_word' id='word_1_116' title='bbox 1506 1530 1711 1586; x_wconf 86' lang='lat' dir='ltr'><strong>Ferunt</strong></span> <span class='ocrx_word' id='word_1_117' title='bbox 1764 1534 1925 1588; x_wconf 87' lang='lat' dir='ltr'><strong>etiam</strong></span> <span class='ocrx_word' id='word_1_118' title='bbox 1961 1537 2103 1605; x_wconf 89' lang='lat' dir='ltr'><strong>apud</strong></span> 
     </span>
    </p>
   </div>
   <div class='ocr_carea' id='block_1_17' title="bbox 528 1622 2101 1694">
    <p class='ocr_par' dir='ltr' id='par_1_17' title="bbox 528 1622 2101 1694">
     <span class='ocr_line' id='line_1_17' title="bbox 528 1622 2101 1694; baseline 0.004 -20"><span class='ocrx_word' id='word_1_119' title='bbox 528 1622 750 1676; x_wconf 76' lang='lat' dir='ltr'><strong>Judazos</strong></span> <span class='ocrx_word' id='word_1_120' title='bbox 784 1622 1009 1693; x_wconf 84' lang='lat' dir='ltr'><strong>Moysen</strong></span> <span class='ocrx_word' id='word_1_121' title='bbox 1050 1624 1160 1677; x_wconf 88' lang='lat' dir='ltr'><strong>Deo</strong></span> <span class='ocrx_word' id='word_1_122' title='bbox 1197 1624 1406 1694; x_wconf 86' lang='lat' dir='ltr'><strong>ilti(qui</strong></span> <span class='ocrx_word' id='word_1_123' title='bbox 1430 1633 1648 1691; x_wconf 89' lang='lat' dir='ltr'><strong>vqcatur</strong></span> <span class='ocrx_word' id='word_1_124' title='bbox 1685 1628 1779 1681; x_wconf 88' lang='lat' dir='ltr'><strong>Ioa</strong></span> <span class='ocrx_word' id='word_1_125' title='bbox 1815 1624 1954 1694; x_wconf 84' lang='lat' dir='ltr'><strong>leges</strong></span> <span class='ocrx_word' id='word_1_126' title='bbox 1976 1643 2101 1681; x_wconf 88' lang='lat' dir='ltr'><strong>suas</strong></span> 
     </span>
    </p>
   </div>
   <div class='ocr_carea' id='block_1_18' title="bbox 528 1716 2101 1788">
    <p class='ocr_par' dir='ltr' id='par_1_18' title="bbox 528 1716 2101 1788">
     <span class='ocr_line' id='line_1_18' title="bbox 528 1716 2101 1788; baseline 0.002 -19"><span class='ocrx_word' id='word_1_127' title='bbox 528 1716 854 1786; x_wconf 69' lang='lat' dir='ltr'><strong>ascripsisse)</strong></span> <span class='ocrx_word' id='word_1_128' title='bbox 878 1720 984 1770; x_wconf 91' lang='lat' dir='ltr'><strong>sive</strong></span> <span class='ocrx_word' id='word_1_129' title='bbox 1011 1718 1153 1787; x_wconf 87' lang='lat' dir='ltr'><strong>quod</strong></span> <span class='ocrx_word' id='word_1_130' title='bbox 1179 1718 1347 1771; x_wconf 90' lang='lat' dir='ltr'><strong>animi</strong></span> <span class='ocrx_word' id='word_1_131' title='bbox 1382 1718 1778 1787; x_wconf 87' lang='lat' dir='ltr'><strong>cogitationem,</strong></span> <span class='ocrx_word' id='word_1_132' title='bbox 1811 1734 1927 1788; x_wconf 74' lang='lat' dir='ltr'><strong>qua:</strong></span> <span class='ocrx_word' id='word_1_133' title='bbox 1950 1720 2101 1773; x_wconf 85' lang='lat' dir='ltr'><strong>utilis</strong></span> 
     </span>
    </p>
   </div>
   <div class='ocr_carea' id='block_1_19' title="bbox 527 1807 2098 1879">
    <p class='ocr_par' dir='ltr' id='par_1_19' title="bbox 527 1807 2098 1879">
     <span class='ocr_line' id='line_1_19' title="bbox 527 1807 2098 1879; baseline 0.004 -21"><span class='ocrx_word' id='word_1_134' title='bbox 527 1807 798 1862; x_wconf 76' lang='lat' dir='ltr'><strong>hominum</strong></span> <span class='ocrx_word' id='word_1_135' title='bbox 846 1810 1178 1864; x_wconf 90' lang='lat' dir='ltr'><strong>multitudini</strong></span> <span class='ocrx_word' id='word_1_136' title='bbox 1228 1810 1411 1879; x_wconf 82' lang='lat' dir='ltr'><strong>futura</strong></span> <span class='ocrx_word' id='word_1_137' title='bbox 1467 1821 1625 1874; x_wconf 82' lang='lat' dir='ltr'><strong>esset,</strong></span> <span class='ocrx_word' id='word_1_138' title='bbox 1663 1812 2024 1866; x_wconf 80' lang='lat' dir='ltr'><strong>admirabilem</strong></span> <span class='ocrx_word' id='word_1_139' title='bbox 2050 1823 2098 1865; x_wconf 88' lang='lat' dir='ltr'><strong>et</strong></span> 
     </span>
    </p>
   </div>
   <div class='ocr_carea' id='block_1_20' title="bbox 2213 802 3856 877">
    <p class='ocr_par' dir='ltr' id='par_1_20' title="bbox 2213 802 3856 877">
     <span class='ocr_line' id='line_1_20' title="bbox 2213 802 3856 877; baseline 0.002 -22"><span class='ocrx_word' id='word_1_140' title='bbox 2213 820 2331 871; x_wconf 87' lang='grc' dir='ltr'>φεν.</span> <span class='ocrx_word' id='word_1_141' title='bbox 2380 804 2477 866; x_wconf 82' lang='grc' dir='ltr'><strong>Ὃς</strong></span> <span class='ocrx_word' id='word_1_142' title='bbox 2521 804 2580 856; x_wconf 82' lang='grc' dir='ltr'>ἐν</span> <span class='ocrx_word' id='word_1_143' title='bbox 2621 807 2687 874; x_wconf 82' lang='grc' dir='ltr'>τῇ</span> <span class='ocrx_word' id='word_1_144' title='bbox 2734 802 2927 876; x_wconf 75' lang='grc' dir='ltr'>πρώτῃ</span> <span class='ocrx_word' id='word_1_145' title='bbox 2966 803 3151 874; x_wconf 82' lang='grc' dir='ltr'><strong>βίϐλῳ,</strong></span> <span class='ocrx_word' id='word_1_146' title='bbox 3198 808 3381 876; x_wconf 83' lang='grc' dir='ltr'>φήσας</span> <span class='ocrx_word' id='word_1_147' title='bbox 3431 806 3610 877; x_wconf 82' lang='grc' dir='ltr'>παρὰ</span> <span class='ocrx_word' id='word_1_148' title='bbox 3653 807 3771 859; x_wconf 81' lang='grc' dir='ltr'><strong>τῶν</strong></span> <span class='ocrx_word' id='word_1_149' title='bbox 3801 810 3856 859; x_wconf 78' lang='grc' dir='ltr'>ἐν</span> 
     </span>
    </p>
   </div>
   <div class='ocr_carea' id='block_1_21' title="bbox 2209 892 3853 969">
    <p class='ocr_par' dir='ltr' id='par_1_21' title="bbox 2209 892 3853 969">
     <span class='ocr_line' id='line_1_21' title="bbox 2209 892 3853 969; baseline 0.002 -23"><span class='ocrx_word' id='word_1_150' title='bbox 2209 892 2470 964; x_wconf 83' lang='grc' dir='ltr'><strong>Αἰγύπτῳ</strong></span> <span class='ocrx_word' id='word_1_151' title='bbox 2490 894 2680 965; x_wconf 80' lang='grc' dir='ltr'>ἱερέων</span> <span class='ocrx_word' id='word_1_152' title='bbox 2718 895 3121 965; x_wconf 80' lang='grc' dir='ltr'><strong>μεμαθηκέναι,</strong></span> <span class='ocrx_word' id='word_1_153' title='bbox 3143 898 3228 951; x_wconf 77' lang='grc' dir='ltr'>’ὅτι</span> <span class='ocrx_word' id='word_1_154' title='bbox 3252 899 3524 968; x_wconf 83' lang='grc' dir='ltr'>ἀρχαῖος</span> <span class='ocrx_word' id='word_1_155' title='bbox 3563 898 3674 951; x_wconf 81' lang='grc' dir='ltr'><strong>καὶ</strong></span> <span class='ocrx_word' id='word_1_156' title='bbox 3701 898 3853 969; x_wconf 82' lang='grc' dir='ltr'><strong>πρῶ-</strong></span> 
     </span>
    </p>
   </div>
   <div class='ocr_carea' id='block_1_22' title="bbox 2208 985 3851 1058">
    <p class='ocr_par' dir='ltr' id='par_1_22' title="bbox 2208 985 3851 1058">
     <span class='ocr_line' id='line_1_22' title="bbox 2208 985 3851 1058; baseline 0.005 -20"><span class='ocrx_word' id='word_1_157' title='bbox 2208 1003 2300 1050; x_wconf 84' lang='grc' dir='ltr'>τος</span> <span class='ocrx_word' id='word_1_158' title='bbox 2332 985 2631 1057; x_wconf 79' lang='grc' dir='ltr'>νομοθέτης</span> <span class='ocrx_word' id='word_1_159' title='bbox 2646 987 2891 1058; x_wconf 81' lang='grc' dir='ltr'><strong>Μωῡσῆς</strong></span> <span class='ocrx_word' id='word_1_160' title='bbox 2918 988 3161 1056; x_wconf 78' lang='grc' dir='ltr'>γέγονεν,</span> <span class='ocrx_word' id='word_1_161' title='bbox 3196 990 3397 1053; x_wconf 79' lang='grc' dir='ltr'>αὐταῖς</span> <span class='ocrx_word' id='word_1_162' title='bbox 3436 990 3677 1056; x_wconf 79' lang='grc' dir='ltr'>λέξεσιν</span> <span class='ocrx_word' id='word_1_163' title='bbox 3710 993 3851 1046; x_wconf 75' lang='grc' dir='ltr'>οὕτω</span> 
     </span>
    </p>
   </div>
   <div class='ocr_carea' id='block_1_23' title="bbox 2208 1078 3846 1150">
    <p class='ocr_par' dir='ltr' id='par_1_23' title="bbox 2208 1078 3846 1150">
     <span class='ocr_line' id='line_1_23' title="bbox 2208 1078 3846 1150; baseline 0.004 -21"><span class='ocrx_word' id='word_1_164' title='bbox 2208 1078 2339 1149; x_wconf 69' lang='grc' dir='ltr'>περὶ</span> <span class='ocrx_word' id='word_1_165' title='bbox 2382 1079 2548 1131; x_wconf 79' lang='grc' dir='ltr'>αὐτοῦ</span> <span class='ocrx_word' id='word_1_166' title='bbox 2579 1079 2826 1150; x_wconf 82' lang='grc' dir='ltr'>γέγραφε</span> <span class='ocrx_word' id='word_1_167' title='bbox 2846 1095 2859 1108; x_wconf 89' lang='grc'><strong>·</strong></span> <span class='ocrx_word' id='word_1_168' title='bbox 2893 1079 3057 1133; x_wconf 85' lang='grc' dir='ltr'><strong>Μετὰ</strong></span> <span class='ocrx_word' id='word_1_169' title='bbox 3081 1082 3192 1149; x_wconf 79' lang='grc' dir='ltr'><strong>γὰρ</strong></span> <span class='ocrx_word' id='word_1_170' title='bbox 3234 1080 3353 1149; x_wconf 83' lang='grc' dir='ltr'>τὴν</span> <span class='ocrx_word' id='word_1_171' title='bbox 3396 1082 3709 1135; x_wconf 72' lang='grc' dir='ltr'>παλαιὰν</span> <span class='ocrx_word' id='word_1_172' title='bbox 3738 1084 3846 1138; x_wconf 79' lang='grc' dir='ltr'>τοῦ</span> 
     </span>
    </p>
   </div>
   <div class='ocr_carea' id='block_1_24' title="bbox 2206 1169 3841 1243">
    <p class='ocr_par' dir='ltr' id='par_1_24' title="bbox 2206 1169 3841 1243">
     <span class='ocr_line' id='line_1_24' title="bbox 2206 1169 3841 1243; baseline 0.004 -22"><span class='ocrx_word' id='word_1_173' title='bbox 2206 1169 2332 1221; x_wconf 84' lang='grc' dir='ltr'>κατ’</span> <span class='ocrx_word' id='word_1_174' title='bbox 2372 1170 2677 1240; x_wconf 70' lang='grc' dir='ltr'>Αἴγυπτον</span> <span class='ocrx_word' id='word_1_175' title='bbox 2692 1171 3243 1239; x_wconf 74' lang='grc' dir='ltr'><strong>βίουζκατάστασιν</strong></span> <span class='ocrx_word' id='word_1_176' title='bbox 3280 1172 3405 1241; x_wconf 77' lang='grc' dir='ltr'>τὴν</span> <span class='ocrx_word' id='word_1_177' title='bbox 3428 1177 3841 1243; x_wconf 77' lang='grc' dir='ltr'><strong>μυθολογου-</strong></span> 
     </span>
    </p>
   </div>
   <div class='ocr_carea' id='block_1_25' title="bbox 2200 1259 3838 1331">
    <p class='ocr_par' dir='ltr' id='par_1_25' title="bbox 2200 1259 3838 1331">
     <span class='ocr_line' id='line_1_25' title="bbox 2200 1259 3838 1331; baseline 0.003 -19"><span class='ocrx_word' id='word_1_178' title='bbox 2200 1260 2396 1329; x_wconf 84' lang='grc' dir='ltr'>μένην</span> <span class='ocrx_word' id='word_1_179' title='bbox 2446 1260 2723 1329; x_wconf 76' lang='grc' dir='ltr'>γενέσθαι</span> <span class='ocrx_word' id='word_1_180' title='bbox 2743 1261 2842 1313; x_wconf 75' lang='grc' dir='ltr'><strong>ἐπὶ</strong></span> <span class='ocrx_word' id='word_1_181' title='bbox 2868 1259 3019 1315; x_wconf 84' lang='grc' dir='ltr'>θεῶν</span> <span class='ocrx_word' id='word_1_182' title='bbox 3038 1262 3136 1314; x_wconf 74' lang='grc' dir='ltr'><strong>καὶ</strong></span> <span class='ocrx_word' id='word_1_183' title='bbox 3164 1260 3375 1328; x_wconf 76' lang='grc' dir='ltr'>ἡρώων</span> <span class='ocrx_word' id='word_1_184' title='bbox 3398 1302 3416 1326; x_wconf 94' lang='grc'><strong>,</strong></span> <span class='ocrx_word' id='word_1_185' title='bbox 3466 1261 3703 1316; x_wconf 82' lang='grc' dir='ltr'><strong>πεῖσαί</strong></span> <span class='ocrx_word' id='word_1_186' title='bbox 3725 1282 3838 1331; x_wconf 68' lang='grc' dir='ltr'><strong>φα-</strong></span> 
     </span>
    </p>
   </div>
   <div class='ocr_carea' id='block_1_26' title="bbox 2205 1352 3831 1425">
    <p class='ocr_par' dir='ltr' id='par_1_26' title="bbox 2205 1352 3831 1425">
     <span class='ocr_line' id='line_1_26' title="bbox 2205 1352 3831 1425; baseline 0.004 -20"><span class='ocrx_word' id='word_1_187' title='bbox 2205 1370 2309 1406; x_wconf 83' lang='grc' dir='ltr'>σιν</span> <span class='ocrx_word' id='word_1_188' title='bbox 2341 1353 2655 1422; x_wconf 66' lang='grc' dir='ltr'><strong>ἐγγράφοις</strong></span> <span class='ocrx_word' id='word_1_189' title='bbox 2687 1353 2892 1422; x_wconf 81' lang='grc' dir='ltr'>νόμοις</span> <span class='ocrx_word' id='word_1_190' title='bbox 2916 1352 3150 1421; x_wconf 80' lang='grc' dir='ltr'>πρῶτον</span> <span class='ocrx_word' id='word_1_191' title='bbox 3184 1354 3460 1423; x_wconf 80' lang='grc' dir='ltr'>χρῆσθαι</span> <span class='ocrx_word' id='word_1_192' title='bbox 3503 1358 3589 1409; x_wconf 79' lang='grc' dir='ltr'>τὰ</span> <span class='ocrx_word' id='word_1_193' title='bbox 3624 1357 3831 1425; x_wconf 79' lang='grc' dir='ltr'><em>πλήθη</em></span> 
     </span>
    </p>
   </div>
   <div class='ocr_carea' id='block_1_27' title="bbox 2204 1444 3831 1518">
    <p class='ocr_par' dir='ltr' id='par_1_27' title="bbox 2204 1444 3831 1518">
     <span class='ocr_line' id='line_1_27' title="bbox 2204 1444 3831 1518; baseline 0.002 -21"><span class='ocrx_word' id='word_1_194' title='bbox 2204 1444 2301 1498; x_wconf 82' lang='grc' dir='ltr'><strong>καὶ</strong></span> <span class='ocrx_word' id='word_1_195' title='bbox 2317 1446 2500 1509; x_wconf 81' lang='grc' dir='ltr'>,ϐιοῦν</span> <span class='ocrx_word' id='word_1_196' title='bbox 2532 1446 2802 1515; x_wconf 84' lang='grc' dir='ltr'><strong>Μωῡσῆν</strong></span> <span class='ocrx_word' id='word_1_197' title='bbox 2828 1446 2944 1518; x_wconf 89' lang='grc'>(95)</span> <span class='ocrx_word' id='word_1_198' title='bbox 2961 1446 3150 1514; x_wconf 78' lang='grc' dir='ltr'>ἄνδρα</span> <span class='ocrx_word' id='word_1_199' title='bbox 3166 1446 3265 1500; x_wconf 84' lang='grc' dir='ltr'><strong>καὶ</strong></span> <span class='ocrx_word' id='word_1_200' title='bbox 3286 1446 3363 1516; x_wconf 78' lang='grc' dir='ltr'>τῇ</span> <span class='ocrx_word' id='word_1_201' title='bbox 3391 1447 3597 1517; x_wconf 71' lang='grc' dir='ltr'><strong>ψυχῇ</strong></span> <span class='ocrx_word' id='word_1_202' title='bbox 3612 1449 3831 1517; x_wconf 71' lang='grc' dir='ltr'><strong>μέγαν,</strong></span> 
     </span>
    </p>
   </div>
   <div class='ocr_carea' id='block_1_28' title="bbox 2204 1534 3833 1607">
    <p class='ocr_par' dir='ltr' id='par_1_28' title="bbox 2204 1534 3833 1607">
     <span class='ocr_line' id='line_1_28' title="bbox 2204 1534 3833 1607; baseline 0.004 -20"><span class='ocrx_word' id='word_1_203' title='bbox 2204 1536 2301 1587; x_wconf 82' lang='grc' dir='ltr'><strong>καὶ</strong></span> <span class='ocrx_word' id='word_1_204' title='bbox 2326 1534 2407 1600; x_wconf 88' lang='grc' dir='ltr'>τῷ</span> <span class='ocrx_word' id='word_1_205' title='bbox 2423 1536 2543 1600; x_wconf 82' lang='grc' dir='ltr'><strong>,ϐίῳ</strong></span> <span class='ocrx_word' id='word_1_206' title='bbox 2560 1535 2924 1591; x_wconf 74' lang='grc' dir='ltr'><strong>ἱκανώτατον</strong></span> <span class='ocrx_word' id='word_1_207' title='bbox 2944 1536 3057 1607; x_wconf 87' lang='grc'><strong>(96)</strong></span> <span class='ocrx_word' id='word_1_208' title='bbox 3072 1539 3659 1606; x_wconf 55' lang='grc' dir='ltr'>μνημονευόμενον.</span> <span class='ocrx_word' id='word_1_209' title='bbox 3701 1534 3833 1594; x_wconf 81' lang='grc' dir='ltr'>Εἶτα</span> 
     </span>
    </p>
   </div>
   <div class='ocr_carea' id='block_1_29' title="bbox 2204 1625 3833 1701">
    <p class='ocr_par' dir='ltr' id='par_1_29' title="bbox 2204 1625 3833 1701">
     <span class='ocr_line' id='line_1_29' title="bbox 2204 1625 3833 1701; baseline 0.002 -22"><span class='ocrx_word' id='word_1_210' title='bbox 2204 1625 2374 1697; x_wconf 86' lang='grc' dir='ltr'>βραχύ</span> <span class='ocrx_word' id='word_1_211' title='bbox 2392 1646 2442 1680; x_wconf 85' lang='grc' dir='ltr'><strong>τι</strong></span> <span class='ocrx_word' id='word_1_212' title='bbox 2459 1628 2732 1699; x_wconf 77' lang='grc' dir='ltr'>προελθὼν</span> <span class='ocrx_word' id='word_1_213' title='bbox 2748 1629 2965 1683; x_wconf 72' lang='grc' dir='ltr'>καὶτῶν</span> <span class='ocrx_word' id='word_1_214' title='bbox 2980 1630 3227 1685; x_wconf 81' lang='grc' dir='ltr'>παλαιῶν</span> <span class='ocrx_word' id='word_1_215' title='bbox 3245 1629 3578 1701; x_wconf 78' lang='grc' dir='ltr'>νομοθετῶν</span> <span class='ocrx_word' id='word_1_216' title='bbox 3596 1648 3706 1701; x_wconf 84' lang='grc' dir='ltr'><strong>μνη</strong></span> <span class='ocrx_word' id='word_1_217' title='bbox 3714 1630 3833 1701; x_wconf 76' lang='grc' dir='ltr'><strong>σθῆ-</strong></span> 
     </span>
    </p>
   </div>
   <div class='ocr_carea' id='block_1_30' title="bbox 2201 1716 3825 1793">
    <p class='ocr_par' dir='ltr' id='par_1_30' title="bbox 2201 1716 3825 1793">
     <span class='ocr_line' id='line_1_30' title="bbox 2201 1716 3825 1793; baseline 0.005 -26"><span class='ocrx_word' id='word_1_218' title='bbox 2201 1733 2288 1769; x_wconf 90' lang='grc' dir='ltr'><strong>ναι</strong></span> <span class='ocrx_word' id='word_1_219' title='bbox 2308 1716 2647 1787; x_wconf 84' lang='grc' dir='ltr'>βουλόμενος,</span> <span class='ocrx_word' id='word_1_220' title='bbox 2684 1718 2901 1789; x_wconf 85' lang='grc' dir='ltr'>πρώτου</span> <span class='ocrx_word' id='word_1_221' title='bbox 2926 1721 3203 1784; x_wconf 79' lang='grc' dir='ltr'>Μωῦσέως</span> <span class='ocrx_word' id='word_1_222' title='bbox 3224 1722 3704 1793; x_wconf 79' lang='grc' dir='ltr'>μέμνηται.”Εφη</span> <span class='ocrx_word' id='word_1_223' title='bbox 3722 1722 3825 1793; x_wconf 78' lang='grc' dir='ltr'>γὰρ</span> 
     </span>
    </p>
   </div>
   <div class='ocr_carea' id='block_1_31' title="bbox 2200 1808 3825 1879">
    <p class='ocr_par' dir='ltr' id='par_1_31' title="bbox 2200 1808 3825 1879">
     <span class='ocr_line' id='line_1_31' title="bbox 2200 1808 3825 1879; baseline 0.002 -19"><span class='ocrx_word' id='word_1_224' title='bbox 2200 1809 2389 1871; x_wconf 81' lang='grc' dir='ltr'>αὑταῖς</span> <span class='ocrx_word' id='word_1_225' title='bbox 2405 1808 2608 1872; x_wconf 82' lang='grc' dir='ltr'>λέξεσιν</span> <span class='ocrx_word' id='word_1_226' title='bbox 2624 1809 2793 1873; x_wconf 78' lang='grc' dir='ltr'>οὕτως</span> <span class='ocrx_word' id='word_1_227' title='bbox 2815 1827 2827 1840; x_wconf 90' lang='grc'><strong>·</strong></span> <span class='ocrx_word' id='word_1_228' title='bbox 2854 1810 3021 1877; x_wconf 86' lang='grc' dir='ltr'>Παρὰ</span> <span class='ocrx_word' id='word_1_229' title='bbox 3032 1811 3148 1879; x_wconf 81' lang='grc' dir='ltr'><strong>μὲν</strong></span> <span class='ocrx_word' id='word_1_230' title='bbox 3176 1811 3300 1876; x_wconf 84' lang='grc' dir='ltr'><em>τοῖς</em></span> <span class='ocrx_word' id='word_1_231' title='bbox 3315 1811 3648 1877; x_wconf 80' lang='grc' dir='ltr'>Ἰουδαίοις</span> <span class='ocrx_word' id='word_1_232' title='bbox 3662 1814 3825 1864; x_wconf 67' lang='lat' dir='ltr'><strong>Mori)-</strong></span> 
     </span>
    </p>
   </div>
   <div class='ocr_carea' id='block_1_32' title="bbox 525 1898 2090 1975">
    <p class='ocr_par' dir='ltr' id='par_1_32' title="bbox 525 1902 2090 1971">
     <span class='ocr_line' id='line_1_32' title="bbox 525 1902 2090 1971; baseline 0.003 -18"><span class='ocrx_word' id='word_1_233' title='bbox 525 1902 763 1955; x_wconf 89' lang='lat' dir='ltr'><strong>divinam</strong></span> <span class='ocrx_word' id='word_1_234' title='bbox 783 1902 1123 1971; x_wconf 86' lang='lat' dir='ltr'><strong>judicarent,</strong></span> <span class='ocrx_word' id='word_1_235' title='bbox 1166 1904 1274 1957; x_wconf 85' lang='lat' dir='ltr'><strong>sive</strong></span> <span class='ocrx_word' id='word_1_236' title='bbox 1316 1903 1453 1971; x_wconf 89' lang='lat' dir='ltr'><strong>quod</strong></span> <span class='ocrx_word' id='word_1_237' title='bbox 1477 1903 1694 1971; x_wconf 83' lang='lat' dir='ltr'><strong>plebem,</strong></span> <span class='ocrx_word' id='word_1_238' title='bbox 1740 1903 1867 1955; x_wconf 88' lang='lat' dir='ltr'><strong>dum</strong></span> <span class='ocrx_word' id='word_1_239' title='bbox 1920 1920 2090 1957; x_wconf 86' lang='lat' dir='ltr'><strong>eorum</strong></span> 
     </span>
    </p>
   </div>
   <div class='ocr_carea' id='block_1_33' title="bbox 2194 1898 3819 1975">
    <p class='ocr_par' dir='ltr' id='par_1_33' title="bbox 2201 1898 3819 1975">
     <span class='ocr_line' id='line_1_33' title="bbox 2201 1898 3819 1975; baseline 0.005 -24"><span class='ocrx_word' id='word_1_240' title='bbox 2201 1898 2325 1966; x_wconf 59' lang='grc' dir='ltr'>σνῆν</span> <span class='ocrx_word' id='word_1_241' title='bbox 2342 1900 2450 1952; x_wconf 79' lang='grc' dir='ltr'>τὸν</span> <span class='ocrx_word' id='word_1_242' title='bbox 2468 1902 2842 1971; x_wconf 78' lang='grc' dir='ltr'>καλούμενον</span> <span class='ocrx_word' id='word_1_243' title='bbox 2862 1901 3004 1953; x_wconf 79' lang='grc' dir='ltr'>Θεὸν</span> <span class='ocrx_word' id='word_1_244' title='bbox 3020 1902 3154 1970; x_wconf 85' lang='grc'>(97),</span> <span class='ocrx_word' id='word_1_245' title='bbox 3178 1902 3296 1956; x_wconf 77' lang='grc' dir='ltr'>εἴτε</span> <span class='ocrx_word' id='word_1_246' title='bbox 3310 1904 3699 1973; x_wconf 79' lang='grc' dir='ltr'>θαυμαστὴν</span> <span class='ocrx_word' id='word_1_247' title='bbox 3713 1906 3819 1975; x_wconf 84' lang='grc'>(98)</span> 
     </span>
    </p>
   </div>
   <div class='ocr_carea' id='block_1_34' title="bbox 524 1994 2106 2065">
    <p class='ocr_par' dir='ltr' id='par_1_34' title="bbox 524 1994 2106 2065">
     <span class='ocr_line' id='line_1_34' title="bbox 524 1994 2106 2065; baseline 0.004 -20"><span class='ocrx_word' id='word_1_248' title='bbox 524 1994 886 2062; x_wconf 74' lang='lat' dir='ltr'><strong>prwstantiam</strong></span> <span class='ocrx_word' id='word_1_249' title='bbox 914 2005 962 2049; x_wconf 89' lang='lat' dir='ltr'><strong>et</strong></span> <span class='ocrx_word' id='word_1_250' title='bbox 991 1994 1300 2064; x_wconf 85' lang='lat' dir='ltr'><strong>potestatem</strong></span> <span class='ocrx_word' id='word_1_251' title='bbox 1332 1996 1657 2060; x_wconf 85' lang='lat' dir='ltr'><strong>considerat,</strong></span> <span class='ocrx_word' id='word_1_252' title='bbox 1685 1997 1775 2065; x_wconf 89' lang='lat' dir='ltr'><strong>qui</strong></span> <span class='ocrx_word' id='word_1_253' title='bbox 1800 1996 1934 2065; x_wconf 86' lang='lat' dir='ltr'><strong>leges</strong></span> <span class='ocrx_word' id='word_1_254' title='bbox 1963 1998 2106 2051; x_wconf 89' lang='lat' dir='ltr'><strong>inve-</strong></span> 
     </span>
    </p>
   </div>
   <div class='ocr_carea' id='block_1_35' title="bbox 524 2085 2101 2156">
    <p class='ocr_par' dir='ltr' id='par_1_35' title="bbox 524 2085 2101 2156">
     <span class='ocr_line' id='line_1_35' title="bbox 524 2085 2101 2156; baseline 0.001 -18"><span class='ocrx_word' id='word_1_255' title='bbox 524 2086 664 2138; x_wconf 89' lang='lat' dir='ltr'><strong>nisse</strong></span> <span class='ocrx_word' id='word_1_256' title='bbox 689 2085 1007 2151; x_wconf 86' lang='lat' dir='ltr'><strong>dicerentur,</strong></span> <span class='ocrx_word' id='word_1_257' title='bbox 1040 2087 1210 2155; x_wconf 88' lang='lat' dir='ltr'><strong>magis</strong></span> <span class='ocrx_word' id='word_1_258' title='bbox 1242 2087 1383 2140; x_wconf 79' lang='lat' dir='ltr'><strong>dicto</strong></span> <span class='ocrx_word' id='word_1_259' title='bbox 1429 2088 1733 2140; x_wconf 85' lang='lat' dir='ltr'><strong>audientem</strong></span> <span class='ocrx_word' id='word_1_260' title='bbox 1763 2087 1881 2156; x_wconf 77' lang='lat' dir='ltr'><strong>fore</strong></span> <span class='ocrx_word' id='word_1_261' title='bbox 1921 2089 2101 2141; x_wconf 54' lang='lat' dir='ltr'><strong>existi.</strong></span> 
     </span>
    </p>
   </div>
   <div class='ocr_carea' id='block_1_36' title="bbox 523 2174 2104 2248">
    <p class='ocr_par' dir='ltr' id='par_1_36' title="bbox 523 2174 2104 2248">
     <span class='ocr_line' id='line_1_36' title="bbox 523 2174 2104 2248; baseline 0.003 -19"><span class='ocrx_word' id='word_1_262' title='bbox 523 2185 747 2230; x_wconf 90' lang='lat' dir='ltr'><strong>marent.</strong></span> <span class='ocrx_word' id='word_1_263' title='bbox 785 2174 1084 2230; x_wconf 88' lang='lat' dir='ltr'><strong>Secundum</strong></span> <span class='ocrx_word' id='word_1_264' title='bbox 1120 2175 1346 2247; x_wconf 62' lang='lat' dir='ltr'><strong>zEgypti</strong></span> <span class='ocrx_word' id='word_1_265' title='bbox 1388 2177 1742 2248; x_wconf 82' lang='lat' dir='ltr'><strong>legislatorem</strong></span> <span class='ocrx_word' id='word_1_266' title='bbox 1790 2178 2104 2233; x_wconf 82' lang='lat' dir='ltr'><strong>Sasouchim</strong></span> 
     </span>
    </p>
   </div>
   <div class='ocr_carea' id='block_1_37' title="bbox 524 2267 2106 2338">
    <p class='ocr_par' dir='ltr' id='par_1_37' title="bbox 524 2267 2106 2338">
     <span class='ocr_line' id='line_1_37' title="bbox 524 2267 2106 2338; baseline 0.002 -19"><span class='ocrx_word' id='word_1_267' title='bbox 524 2267 687 2335; x_wconf 80' lang='lat' dir='ltr'><strong>fuisse</strong></span> <span class='ocrx_word' id='word_1_268' title='bbox 716 2278 1029 2332; x_wconf 88' lang='lat' dir='ltr'><strong>memorant,</strong></span> <span class='ocrx_word' id='word_1_269' title='bbox 1056 2269 1227 2322; x_wconf 89' lang='lat' dir='ltr'><strong>virum</strong></span> <span class='ocrx_word' id='word_1_270' title='bbox 1266 2269 1548 2336; x_wconf 85' lang='lat' dir='ltr'><strong>prudentia</strong></span> <span class='ocrx_word' id='word_1_271' title='bbox 1572 2277 1938 2338; x_wconf 78' lang='lat' dir='ltr'><strong>prwstantem.</strong></span> <span class='ocrx_word' id='word_1_272' title='bbox 1978 2267 2106 2322; x_wconf 87' lang='lat' dir='ltr'><strong>Ter-</strong></span> 
     </span>
    </p>
   </div>
   <div class='ocr_carea' id='block_1_38' title="bbox 523 2359 2101 2431">
    <p class='ocr_par' dir='ltr' id='par_1_38' title="bbox 523 2359 2101 2431">
     <span class='ocr_line' id='line_1_38' title="bbox 523 2359 2101 2431; baseline 0.003 -19"><span class='ocrx_word' id='word_1_273' title='bbox 523 2361 656 2412; x_wconf 88' lang='lat' dir='ltr'><strong>tium</strong></span> <span class='ocrx_word' id='word_1_274' title='bbox 683 2359 860 2428; x_wconf 82' lang='lat' dir='ltr'><strong>ferunt</strong></span> <span class='ocrx_word' id='word_1_275' title='bbox 884 2359 1257 2415; x_wconf 87' lang='lat' dir='ltr'><strong>Sesonchosim</strong></span> <span class='ocrx_word' id='word_1_276' title='bbox 1280 2377 1450 2431; x_wconf 88' lang='lat' dir='ltr'><strong>regem</strong></span> <span class='ocrx_word' id='word_1_277' title='bbox 1477 2378 1581 2415; x_wconf 91' lang='lat' dir='ltr'><strong>non</strong></span> <span class='ocrx_word' id='word_1_278' title='bbox 1602 2360 1773 2415; x_wconf 88' lang='lat' dir='ltr'><strong>solum</strong></span> <span class='ocrx_word' id='word_1_279' title='bbox 1796 2361 1946 2415; x_wconf 83' lang='lat' dir='ltr'><strong>rebus</strong></span> <span class='ocrx_word' id='word_1_280' title='bbox 1970 2362 2101 2416; x_wconf 91' lang='lat' dir='ltr'><strong>bello</strong></span> 
     </span>
    </p>
   </div>
   <div class='ocr_carea' id='block_1_39' title="bbox 596 2554 2099 2632">
    <p class='ocr_par' dir='ltr' id='par_1_39' title="bbox 596 2554 2099 2632">
     <span class='ocr_line' id='line_1_39' title="bbox 596 2554 2099 2632; baseline 0.003 -22"><span class='ocrx_word' id='word_1_281' title='bbox 596 2554 713 2632; x_wconf 83' lang='lat'><strong>(95)</strong></span> <span class='ocrx_word' id='word_1_282' title='bbox 742 2556 1031 2632; x_wconf 61' lang='grc' dir='ltr'><strong>ῌῳῢσῆν.</strong></span> <span class='ocrx_word' id='word_1_283' title='bbox 1064 2556 1355 2632; x_wconf 47' lang='grc' dir='ltr'>Ξ-ῑοοιῑεῐη</span> <span class='ocrx_word' id='word_1_284' title='bbox 1383 2560 1547 2632; x_wconf 76' lang='lat' dir='ltr'><strong>liabet</strong></span> <span class='ocrx_word' id='word_1_285' title='bbox 1588 2558 1821 2632; x_wconf 89' lang='lat' dir='ltr'><strong>Cyrillus</strong></span> <span class='ocrx_word' id='word_1_286' title='bbox 1857 2558 2099 2615; x_wconf 83' lang='lat' dir='ltr'><strong>Alexan-</strong></span> 
     </span>
    </p>
   </div>
   <div class='ocr_carea' id='block_1_40' title="bbox 521 2624 2102 2700">
    <p class='ocr_par' dir='ltr' id='par_1_40' title="bbox 521 2624 2102 2700">
     <span class='ocr_line' id='line_1_40' title="bbox 521 2624 2102 2700; baseline 0.003 -19"><span class='ocrx_word' id='word_1_287' title='bbox 521 2624 856 2700; x_wconf 83' lang='lat' dir='ltr'><strong>drinus,_lib.</strong></span> <span class='ocrx_word' id='word_1_288' title='bbox 909 2624 964 2694; x_wconf 69' lang='grc' dir='ltr'>ι,</span> <span class='ocrx_word' id='word_1_289' title='bbox 1002 2631 1054 2683; x_wconf 91' lang='lat' dir='ltr'><strong>in</strong></span> <span class='ocrx_word' id='word_1_290' title='bbox 1082 2629 1223 2692; x_wconf 63' lang='grc' dir='ltr'><strong>λιιι..</strong></span> <span class='ocrx_word' id='word_1_291' title='bbox 1256 2646 1309 2697; x_wconf 92' lang='lat' dir='ltr'><strong>p.</strong></span> <span class='ocrx_word' id='word_1_292' title='bbox 1348 2631 1436 2695; x_wconf 87' lang='lat'><strong>15,</strong></span> <span class='ocrx_word' id='word_1_293' title='bbox 1487 2624 1686 2686; x_wconf 81' lang='lat' dir='ltr'><strong>Justiiii</strong></span> <span class='ocrx_word' id='word_1_294' title='bbox 1719 2633 1944 2700; x_wconf 85' lang='lat' dir='ltr'><strong>vestigia</strong></span> <span class='ocrx_word' id='word_1_295' title='bbox 1976 2647 2102 2700; x_wconf 85' lang='lat' dir='ltr'><strong>prc-</strong></span> 
     </span>
    </p>
   </div>
   <div class='ocr_carea' id='block_1_41' title="bbox 524 2697 2101 2770">
    <p class='ocr_par' dir='ltr' id='par_1_41' title="bbox 524 2697 2101 2770">
     <span class='ocr_line' id='line_1_41' title="bbox 524 2697 2101 2770; baseline 0.004 -20"><span class='ocrx_word' id='word_1_296' title='bbox 524 2711 699 2770; x_wconf 82' lang='lat' dir='ltr'><strong>mens.</strong></span> <span class='ocrx_word' id='word_1_297' title='bbox 734 2697 943 2770; x_wconf 47' lang='lat' dir='ltr'><strong>gapsus</strong></span> <span class='ocrx_word' id='word_1_298' title='bbox 976 2710 1155 2754; x_wconf 89' lang='lat' dir='ltr'><strong>autem</strong></span> <span class='ocrx_word' id='word_1_299' title='bbox 1189 2702 1407 2754; x_wconf 88' lang='lat' dir='ltr'><strong>videtur</strong></span> <span class='ocrx_word' id='word_1_300' title='bbox 1436 2701 1496 2755; x_wconf 91' lang='lat' dir='ltr'><strong>S.</strong></span> <span class='ocrx_word' id='word_1_301' title='bbox 1525 2711 1741 2770; x_wconf 80' lang='lat' dir='ltr'><strong>martyr</strong></span> <span class='ocrx_word' id='word_1_302' title='bbox 1782 2697 2101 2756; x_wconf 47' lang='lat' dir='ltr'><strong>errore—no-</strong></span> 
     </span>
    </p>
   </div>
   <div class='ocr_carea' id='block_1_42' title="bbox 521 2766 2099 2841">
    <p class='ocr_par' dir='ltr' id='par_1_42' title="bbox 521 2766 2099 2841">
     <span class='ocr_line' id='line_1_42' title="bbox 521 2766 2099 2841; baseline 0.004 -20"><span class='ocrx_word' id='word_1_303' title='bbox 521 2767 707 2841; x_wconf 82' lang='lat' dir='ltr'><strong>minis.</strong></span> <span class='ocrx_word' id='word_1_304' title='bbox 730 2766 866 2821; x_wconf 86' lang='lat' dir='ltr'><strong>Nam</strong></span> <span class='ocrx_word' id='word_1_305' title='bbox 910 2770 965 2841; x_wconf 82' lang='lat' dir='ltr'><strong>in</strong></span> <span class='ocrx_word' id='word_1_306' title='bbox 1000 2770 1175 2841; x_wconf 82' lang='lat' dir='ltr'><strong>editis</strong></span> <span class='ocrx_word' id='word_1_307' title='bbox 1210 2771 1490 2826; x_wconf 87' lang='lat' dir='ltr'><strong>codicibus</strong></span> <span class='ocrx_word' id='word_1_308' title='bbox 1520 2766 1739 2825; x_wconf 79' lang='lat' dir='ltr'><strong>Diodori</strong></span> <span class='ocrx_word' id='word_1_309' title='bbox 1767 2771 1966 2841; x_wconf 83' lang='lat' dir='ltr'><strong>legitur</strong></span> <span class='ocrx_word' id='word_1_310' title='bbox 1994 2772 2099 2828; x_wconf 83' lang='lat' dir='ltr'><strong>hoc</strong></span> 
     </span>
    </p>
   </div>
   <div class='ocr_carea' id='block_1_43' title="bbox 521 2838 2099 2910">
    <p class='ocr_par' dir='ltr' id='par_1_43' title="bbox 521 2838 2099 2910">
     <span class='ocr_line' id='line_1_43' title="bbox 521 2838 2099 2910; baseline 0.003 -20"><span class='ocrx_word' id='word_1_311' title='bbox 521 2838 576 2910; x_wconf 82' lang='lat' dir='ltr'><strong>in</strong></span> <span class='ocrx_word' id='word_1_312' title='bbox 628 2838 747 2910; x_wconf 88' lang='lat' dir='ltr'><strong>loco</strong></span> <span class='ocrx_word' id='word_1_313' title='bbox 784 2854 841 2908; x_wconf 92' lang='lat' dir='ltr'><strong>p.</strong></span> <span class='ocrx_word' id='word_1_314' title='bbox 876 2840 945 2893; x_wconf 73' lang='grc'><strong>84</strong></span> <span class='ocrx_word' id='word_1_315' title='bbox 969 2878 985 2903; x_wconf 89' lang='grc'><strong>,</strong></span> <span class='ocrx_word' id='word_1_316' title='bbox 1029 2839 1270 2910; x_wconf 85' lang='grc' dir='ltr'>Μνεύην,</span> <span class='ocrx_word' id='word_1_317' title='bbox 1312 2856 1475 2909; x_wconf 80' lang='lat' dir='ltr'><strong>quam</strong></span> <span class='ocrx_word' id='word_1_318' title='bbox 1515 2855 1705 2894; x_wconf 85' lang='lat' dir='ltr'><strong>vocem</strong></span> <span class='ocrx_word' id='word_1_319' title='bbox 1739 2838 1963 2893; x_wconf 76' lang='lat' dir='ltr'><strong>minime</strong></span> <span class='ocrx_word' id='word_1_320' title='bbox 1998 2842 2099 2895; x_wconf 86' lang='lat' dir='ltr'><strong>du-</strong></span> 
     </span>
    </p>
   </div>
   <div class='ocr_carea' id='block_1_44' title="bbox 520 2907 2093 2979">
    <p class='ocr_par' dir='ltr' id='par_1_44' title="bbox 520 2907 2093 2979">
     <span class='ocr_line' id='line_1_44' title="bbox 520 2907 2093 2979; baseline 0.003 -19"><span class='ocrx_word' id='word_1_321' title='bbox 520 2907 636 2979; x_wconf 79' lang='lat' dir='ltr'><strong>bito</strong></span> <span class='ocrx_word' id='word_1_322' title='bbox 673 2907 963 2976; x_wconf 85' lang='lat' dir='ltr'><strong>irrepsiSse</strong></span> <span class='ocrx_word' id='word_1_323' title='bbox 994 2925 1092 2978; x_wconf 92' lang='lat' dir='ltr'><strong>pro</strong></span> <span class='ocrx_word' id='word_1_324' title='bbox 1129 2907 1347 2979; x_wconf 70' lang='grc' dir='ltr'>Μηνᾶνῖ</span> <span class='ocrx_word' id='word_1_325' title='bbox 1380 2910 1536 2963; x_wconf 85' lang='lat' dir='ltr'><strong>Hunc</strong></span> <span class='ocrx_word' id='word_1_326' title='bbox 1562 2912 1709 2963; x_wconf 88' lang='lat' dir='ltr'><strong>enim</strong></span> <span class='ocrx_word' id='word_1_327' title='bbox 1745 2909 1933 2963; x_wconf 86' lang='lat' dir='ltr'><strong>Menen</strong></span> <span class='ocrx_word' id='word_1_328' title='bbox 1976 2912 2093 2965; x_wconf 85' lang='lat' dir='ltr'><strong>sive</strong></span> 
     </span>
    </p>
   </div>
   <div class='ocr_carea' id='block_1_45' title="bbox 518 2977 2095 3052">
    <p class='ocr_par' dir='ltr' id='par_1_45' title="bbox 518 2977 2095 3052">
     <span class='ocr_line' id='line_1_45' title="bbox 518 2977 2095 3052; baseline 0.003 -20"><span class='ocrx_word' id='word_1_329' title='bbox 518 2977 713 3033; x_wconf 78' lang='lat' dir='ltr'><strong>Menan</strong></span> <span class='ocrx_word' id='word_1_330' title='bbox 746 2977 1018 3052; x_wconf 84' lang='lat' dir='ltr'><strong>Diodorus</strong></span> <span class='ocrx_word' id='word_1_331' title='bbox 1042 2980 1094 3033; x_wconf 92' lang='lat' dir='ltr'><strong>in</strong></span> <span class='ocrx_word' id='word_1_332' title='bbox 1115 2977 1312 3052; x_wconf 68' lang='lat' dir='ltr'><strong>eodem</strong></span> <span class='ocrx_word' id='word_1_333' title='bbox 1339 2979 1499 3044; x_wconf 89' lang='lat' dir='ltr'><strong>libro,</strong></span> <span class='ocrx_word' id='word_1_334' title='bbox 1527 2996 1581 3048; x_wconf 93' lang='lat' dir='ltr'><strong>p.</strong></span> <span class='ocrx_word' id='word_1_335' title='bbox 1600 2980 1690 3046; x_wconf 76' lang='grc'><strong>42,</strong></span> <span class='ocrx_word' id='word_1_336' title='bbox 1727 2990 1958 3035; x_wconf 85' lang='lat' dir='ltr'><strong>testatur</strong></span> <span class='ocrx_word' id='word_1_337' title='bbox 1982 2982 2095 3052; x_wconf 84' lang='lat' dir='ltr'><strong>pri-</strong></span> 
     </span>
    </p>
   </div>
   <div class='ocr_carea' id='block_1_46' title="bbox 520 3049 2097 3120">
    <p class='ocr_par' dir='ltr' id='par_1_46' title="bbox 520 3049 2097 3120">
     <span class='ocr_line' id='line_1_46' title="bbox 520 3049 2097 3120; baseline 0.002 -18"><span class='ocrx_word' id='word_1_338' title='bbox 520 3064 668 3102; x_wconf 87' lang='lat' dir='ltr'><strong>mum</strong></span> <span class='ocrx_word' id='word_1_339' title='bbox 691 3059 811 3117; x_wconf 90' lang='lat' dir='ltr'><strong>post</strong></span> <span class='ocrx_word' id='word_1_340' title='bbox 843 3050 976 3103; x_wconf 89' lang='lat' dir='ltr'><strong>deos</strong></span> <span class='ocrx_word' id='word_1_341' title='bbox 1008 3051 1062 3104; x_wconf 87' lang='lat' dir='ltr'><strong>in</strong></span> <span class='ocrx_word' id='word_1_342' title='bbox 1092 3049 1328 3119; x_wconf 64' lang='lat' dir='ltr'><strong>Egypto</strong></span> <span class='ocrx_word' id='word_1_343' title='bbox 1364 3064 1641 3120; x_wconf 85' lang='lat' dir='ltr'><strong>regnasse,</strong></span> <span class='ocrx_word' id='word_1_344' title='bbox 1671 3060 1724 3103; x_wconf 89' lang='lat' dir='ltr'><strong>et</strong></span> <span class='ocrx_word' id='word_1_345' title='bbox 1752 3049 2097 3120; x_wconf 62' lang='lat' dir='ltr'><strong>populos&#39;do-</strong></span> 
     </span>
    </p>
   </div>
   <div class='ocr_carea' id='block_1_47' title="bbox 520 3119 2095 3189">
    <p class='ocr_par' dir='ltr' id='par_1_47' title="bbox 520 3119 2095 3189">
     <span class='ocr_line' id='line_1_47' title="bbox 520 3119 2095 3189; baseline 0.002 -16"><span class='ocrx_word' id='word_1_346' title='bbox 520 3120 698 3174; x_wconf 83' lang='lat' dir='ltr'><strong>coisse</strong></span> <span class='ocrx_word' id='word_1_347' title='bbox 730 3120 858 3173; x_wconf 91' lang='lat' dir='ltr'><strong>deos</strong></span> <span class='ocrx_word' id='word_1_348' title='bbox 887 3121 1066 3176; x_wconf 88' lang='lat' dir='ltr'><strong>colere</strong></span> <span class='ocrx_word' id='word_1_349' title='bbox 1094 3136 1157 3173; x_wconf 88' lang='lat' dir='ltr'><strong>ac</strong></span> <span class='ocrx_word' id='word_1_350' title='bbox 1194 3136 1349 3174; x_wconf 89' lang='lat' dir='ltr'><strong>sacra</strong></span> <span class='ocrx_word' id='word_1_351' title='bbox 1383 3119 1581 3174; x_wconf 79' lang='lat' dir='ltr'><strong>facere.</strong></span> <span class='ocrx_word' id='word_1_352' title='bbox 1618 3119 1915 3189; x_wconf 89' lang='lat' dir='ltr'><strong>Displicent</strong></span> <span class='ocrx_word' id='word_1_353' title='bbox 1962 3122 2095 3176; x_wconf 91' lang='lat' dir='ltr'><strong>mihi</strong></span> 
     </span>
    </p>
   </div>
   <div class='ocr_carea' id='block_1_48' title="bbox 521 3188 2095 3259">
    <p class='ocr_par' dir='ltr' id='par_1_48' title="bbox 521 3188 2095 3259">
     <span class='ocr_line' id='line_1_48' title="bbox 521 3188 2095 3259; baseline 0.003 -18"><span class='ocrx_word' id='word_1_354' title='bbox 521 3190 603 3259; x_wconf 72' lang='lat' dir='ltr'><strong>lia:</strong></span> <span class='ocrx_word' id='word_1_355' title='bbox 657 3204 818 3242; x_wconf 89' lang='lat' dir='ltr'><strong>voces</strong></span> <span class='ocrx_word' id='word_1_356' title='bbox 868 3189 961 3243; x_wconf 69' lang='grc' dir='ltr'>καὶ</span> <span class='ocrx_word' id='word_1_357' title='bbox 995 3188 1166 3259; x_wconf 77' lang='grc' dir='ltr'>βιοῦν,</span> <span class='ocrx_word' id='word_1_358' title='bbox 1207 3191 1360 3244; x_wconf 90' lang='lat' dir='ltr'><strong>deest</strong></span> <span class='ocrx_word' id='word_1_359' title='bbox 1389 3190 1482 3243; x_wconf 83' lang='grc' dir='ltr'>καί</span> <span class='ocrx_word' id='word_1_360' title='bbox 1536 3192 1675 3259; x_wconf 90' lang='lat' dir='ltr'><strong>apud</strong></span> <span class='ocrx_word' id='word_1_361' title='bbox 1718 3188 2011 3244; x_wconf 85' lang='lat' dir='ltr'><strong>Diodorum</strong></span> <span class='ocrx_word' id='word_1_362' title='bbox 2040 3200 2095 3246; x_wconf 90' lang='lat' dir='ltr'><strong>et</strong></span> 
     </span>
    </p>
   </div>
   <div class='ocr_carea' id='block_1_49' title="bbox 518 3257 2161 3330">
    <p class='ocr_par' dir='ltr' id='par_1_49' title="bbox 518 3257 2161 3330">
     <span class='ocr_line' id='line_1_49' title="bbox 518 3257 2161 3330; baseline 0.003 -18"><span class='ocrx_word' id='word_1_363' title='bbox 518 3257 707 3327; x_wconf 86' lang='lat' dir='ltr'><strong>Cyrill.</strong></span> <span class='ocrx_word' id='word_1_364' title='bbox 743 3258 895 3330; x_wconf 83' lang='lat' dir='ltr'><strong>e_t_R.</strong></span> <span class='ocrx_word' id='word_1_365' title='bbox 926 3257 1007 3314; x_wconf 78' lang='lat' dir='ltr'><strong>St.</strong></span> <span class='ocrx_word' id='word_1_366' title='bbox 1035 3272 1089 3314; x_wconf 88' lang='lat' dir='ltr'><strong>et</strong></span> <span class='ocrx_word' id='word_1_367' title='bbox 1119 3263 1172 3314; x_wconf 89' lang='lat' dir='ltr'><strong>in</strong></span> <span class='ocrx_word' id='word_1_368' title='bbox 1196 3262 1451 3315; x_wconf 88' lang='lat' dir='ltr'><strong>omnibus</strong></span> <span class='ocrx_word' id='word_1_369' title='bbox 1483 3257 1613 3314; x_wconf 83' lang='lat' dir='ltr'><strong>mss.</strong></span> <span class='ocrx_word' id='word_1_370' title='bbox 1644 3260 1904 3330; x_wconf 87' lang='lat' dir='ltr'><strong>Suspicor</strong></span> <span class='ocrx_word' id='word_1_371' title='bbox 1926 3276 1992 3314; x_wconf 78' lang='lat' dir='ltr'><strong>ex</strong></span> <span class='ocrx_word' id='word_1_372' title='bbox 2025 3264 2092 3316; x_wconf 90' lang='lat' dir='ltr'><strong>iis</strong></span> <span class='ocrx_word' id='word_1_373' title='bbox 2119 3258 2161 3316; x_wconf 91' lang='lat' dir='ltr'><strong>C</strong></span> 
     </span>
    </p>
   </div>
   <div class='ocr_carea' id='block_1_50' title="bbox 517 3327 2093 3399">
    <p class='ocr_par' dir='ltr' id='par_1_50' title="bbox 517 3327 2093 3399">
     <span class='ocr_line' id='line_1_50' title="bbox 517 3327 2093 3399; baseline 0.003 -17"><span class='ocrx_word' id='word_1_374' title='bbox 517 3331 612 3397; x_wconf 90' lang='lat' dir='ltr'><strong>qui</strong></span> <span class='ocrx_word' id='word_1_375' title='bbox 648 3344 747 3397; x_wconf 90' lang='lat' dir='ltr'><strong>pro</strong></span> <span class='ocrx_word' id='word_1_376' title='bbox 772 3327 963 3385; x_wconf 86' lang='lat' dir='ltr'><strong>Menen</strong></span> <span class='ocrx_word' id='word_1_377' title='bbox 1015 3330 1265 3399; x_wconf 87' lang='lat' dir='ltr'><strong>legerunt</strong></span> <span class='ocrx_word' id='word_1_378' title='bbox 1294 3331 1540 3392; x_wconf 88' lang='lat' dir='ltr'><strong>Mneven,</strong></span> <span class='ocrx_word' id='word_1_379' title='bbox 1575 3327 1809 3399; x_wconf 75' lang='lat' dir='ltr'><strong>aliquem</strong></span> <span class='ocrx_word' id='word_1_380' title='bbox 1850 3330 1921 3383; x_wconf 88' lang='lat' dir='ltr'><strong>ad</strong></span> <span class='ocrx_word' id='word_1_381' title='bbox 1948 3348 2093 3386; x_wconf 86' lang='lat' dir='ltr'><strong>mar-</strong></span> 
     </span>
    </p>
   </div>
   <div class='ocr_carea' id='block_1_51' title="bbox 519 3399 2092 3471">
    <p class='ocr_par' dir='ltr' id='par_1_51' title="bbox 519 3399 2092 3471">
     <span class='ocr_line' id='line_1_51' title="bbox 519 3399 2092 3471; baseline 0.004 -20"><span class='ocrx_word' id='word_1_382' title='bbox 519 3399 701 3471; x_wconf 79' lang='lat' dir='ltr'><strong>ginem</strong></span> <span class='ocrx_word' id='word_1_383' title='bbox 729 3402 1044 3470; x_wconf 87' lang='lat' dir='ltr'><strong>apposuisse</strong></span> <span class='ocrx_word' id='word_1_384' title='bbox 1076 3400 1226 3471; x_wconf 80' lang='grc' dir='ltr'>βοῦν,</span> <span class='ocrx_word' id='word_1_385' title='bbox 1254 3409 1314 3454; x_wconf 89' lang='lat' dir='ltr'><strong>ut</strong></span> <span class='ocrx_word' id='word_1_386' title='bbox 1362 3400 1948 3471; x_wconf 41' lang='lat' dir='ltr'><strong>admoneretuMneven</strong></span> <span class='ocrx_word' id='word_1_387' title='bbox 1980 3403 2092 3457; x_wconf 92' lang='lat' dir='ltr'><strong>dici</strong></span> 
     </span>
    </p>
   </div>
   <div class='ocr_carea' id='block_1_52' title="bbox 517 3468 2093 3539">
    <p class='ocr_par' dir='ltr' id='par_1_52' title="bbox 517 3468 2093 3539">
     <span class='ocr_line' id='line_1_52' title="bbox 517 3468 2093 3539; baseline 0.001 -17"><span class='ocrx_word' id='word_1_388' title='bbox 517 3470 710 3523; x_wconf 86' lang='lat' dir='ltr'><strong>bovem</strong></span> <span class='ocrx_word' id='word_1_389' title='bbox 766 3468 982 3539; x_wconf 79' lang='lat' dir='ltr'><strong>nigrum</strong></span> <span class='ocrx_word' id='word_1_390' title='bbox 1018 3468 1221 3525; x_wconf 80' lang='lat' dir='ltr'><strong>Usiridi</strong></span> <span class='ocrx_word' id='word_1_391' title='bbox 1273 3485 1515 3533; x_wconf 86' lang='lat' dir='ltr'><strong>sacrum,</strong></span> <span class='ocrx_word' id='word_1_392' title='bbox 1558 3472 1646 3539; x_wconf 91' lang='lat' dir='ltr'><strong>qui</strong></span> <span class='ocrx_word' id='word_1_393' title='bbox 1684 3468 1953 3539; x_wconf 83' lang='lat' dir='ltr'><strong>Heliopoli</strong></span> <span class='ocrx_word' id='word_1_394' title='bbox 1993 3489 2093 3524; x_wconf 92' lang='lat' dir='ltr'><strong>nu-</strong></span> 
     </span>
    </p>
   </div>
   <div class='ocr_carea' id='block_1_53' title="bbox 519 3539 2093 3610">
    <p class='ocr_par' dir='ltr' id='par_1_53' title="bbox 519 3539 2093 3610">
     <span class='ocr_line' id='line_1_53' title="bbox 519 3539 2093 3610; baseline 0.004 -19"><span class='ocrx_word' id='word_1_395' title='bbox 519 3539 828 3610; x_wconf 73' lang='lat' dir='ltr'><strong>triebatur;</strong></span> <span class='ocrx_word' id='word_1_396' title='bbox 891 3556 957 3594; x_wconf 91' lang='lat' dir='ltr'><strong>ac</strong></span> <span class='ocrx_word' id='word_1_397' title='bbox 1015 3543 1144 3595; x_wconf 89' lang='lat' dir='ltr'><strong>inde</strong></span> <span class='ocrx_word' id='word_1_398' title='bbox 1190 3542 1245 3594; x_wconf 90' lang='lat' dir='ltr'><strong>in</strong></span> <span class='ocrx_word' id='word_1_399' title='bbox 1298 3549 1609 3595; x_wconf 81' lang='lat' dir='ltr'><strong>contextum</strong></span> <span class='ocrx_word' id='word_1_400' title='bbox 1642 3541 1931 3610; x_wconf 87' lang='lat' dir='ltr'><strong>irrepsisse</strong></span> <span class='ocrx_word' id='word_1_401' title='bbox 1964 3542 2093 3597; x_wconf 92' lang='lat' dir='ltr'><strong>illud</strong></span> 
     </span>
    </p>
   </div>
   <div class='ocr_carea' id='block_1_54' title="bbox 520 3606 2094 3678">
    <p class='ocr_par' dir='ltr' id='par_1_54' title="bbox 520 3606 2094 3678">
     <span class='ocr_line' id='line_1_54' title="bbox 520 3606 2094 3678; baseline 0.004 -18"><span class='ocrx_word' id='word_1_402' title='bbox 520 3606 690 3676; x_wconf 80' lang='grc' dir='ltr'>βιοῦν,</span> <span class='ocrx_word' id='word_1_403' title='bbox 740 3610 884 3675; x_wconf 90' lang='lat' dir='ltr'><strong>quod</strong></span> <span class='ocrx_word' id='word_1_404' title='bbox 941 3610 1087 3664; x_wconf 88' lang='lat' dir='ltr'><strong>hunc</strong></span> <span class='ocrx_word' id='word_1_405' title='bbox 1139 3612 1321 3665; x_wconf 89' lang='lat' dir='ltr'><strong>locum</strong></span> <span class='ocrx_word' id='word_1_406' title='bbox 1354 3612 1570 3678; x_wconf 83' lang='lat' dir='ltr'><strong>penitus</strong></span> <span class='ocrx_word' id='word_1_407' title='bbox 1610 3606 1901 3665; x_wconf 69' lang='lat' dir='ltr'><strong>deformat.</strong></span> <span class='ocrx_word' id='word_1_408' title='bbox 1931 3611 2094 3666; x_wconf 86' lang='lat' dir='ltr'><strong>Deest</strong></span> 
     </span>
    </p>
   </div>
   <div class='ocr_carea' id='block_1_55' title="bbox 514 3679 2093 3749">
    <p class='ocr_par' dir='ltr' id='par_1_55' title="bbox 514 3679 2093 3749">
     <span class='ocr_line' id='line_1_55' title="bbox 514 3679 2093 3749; baseline 0.003 -17"><span class='ocrx_word' id='word_1_409' title='bbox 514 3692 618 3749; x_wconf 71' lang='lat' dir='ltr'><strong>vox</strong></span> <span class='ocrx_word' id='word_1_410' title='bbox 644 3680 883 3748; x_wconf 84' lang='grc' dir='ltr'>Μωῡσῆν</span> <span class='ocrx_word' id='word_1_411' title='bbox 910 3680 961 3732; x_wconf 93' lang='lat' dir='ltr'><strong>in</strong></span> <span class='ocrx_word' id='word_1_412' title='bbox 989 3680 1315 3749; x_wconf 65' lang='lat' dir='ltr'><strong>lleg.1et2.</strong></span> <span class='ocrx_word' id='word_1_413' title='bbox 1338 3710 1410 3720; x_wconf 93' lang='lat'><strong>—</strong></span> <span class='ocrx_word' id='word_1_414' title='bbox 1430 3680 1597 3737; x_wconf 86' lang='grc' dir='ltr'><strong>Τὰ....</strong></span> <span class='ocrx_word' id='word_1_415' title='bbox 1625 3679 1832 3746; x_wconf 77' lang='grc' dir='ltr'>ἄνδρα.</span> <span class='ocrx_word' id='word_1_416' title='bbox 1853 3680 1911 3733; x_wconf 93' lang='lat' dir='ltr'><strong>In</strong></span> <span class='ocrx_word' id='word_1_417' title='bbox 1941 3682 2093 3736; x_wconf 82' lang='lat' dir='ltr'><strong>libris</strong></span> 
     </span>
    </p>
   </div>
   <div class='ocr_carea' id='block_1_56' title="bbox 514 3746 2086 3823">
    <p class='ocr_par' dir='ltr' id='par_1_56' title="bbox 514 3746 2086 3823">
     <span class='ocr_line' id='line_1_56' title="bbox 514 3746 2086 3823; baseline 0.003 -22"><span class='ocrx_word' id='word_1_418' title='bbox 514 3746 711 3823; x_wconf 53' lang='lat' dir='ltr'><strong>lustini</strong></span> <span class='ocrx_word' id='word_1_419' title='bbox 740 3746 903 3823; x_wconf 83' lang='lat' dir='ltr'><strong>editis</strong></span> <span class='ocrx_word' id='word_1_420' title='bbox 924 3746 1119 3823; x_wconf 71' lang='lat' dir='ltr'><strong>legitiir</strong></span> <span class='ocrx_word' id='word_1_421' title='bbox 1137 3750 1205 3804; x_wconf 78' lang='grc' dir='ltr'>τὰ</span> <span class='ocrx_word' id='word_1_422' title='bbox 1228 3750 1317 3804; x_wconf 84' lang='grc' dir='ltr'><strong>πλ.</strong></span> <span class='ocrx_word' id='word_1_423' title='bbox 1349 3749 1647 3823; x_wconf 70' lang='grc' dir='ltr'><strong>κᾳὶβιοῦν</strong></span> <span class='ocrx_word' id='word_1_424' title='bbox 1661 3751 1867 3821; x_wconf 80' lang='grc' dir='ltr'><strong>Μωσῆν</strong></span> <span class='ocrx_word' id='word_1_425' title='bbox 1898 3751 2086 3823; x_wconf 83' lang='grc' dir='ltr'>ἄνδρα.</span> 
     </span>
    </p>
   </div>
   <div class='ocr_carea' id='block_1_57' title="bbox 517 3818 2092 3892">
    <p class='ocr_par' dir='ltr' id='par_1_57' title="bbox 517 3818 2092 3892">
     <span class='ocr_line' id='line_1_57' title="bbox 517 3818 2092 3892; baseline 0.004 -23"><span class='ocrx_word' id='word_1_426' title='bbox 517 3818 950 3892; x_wconf 27' lang='lat' dir='ltr'><strong>lﬂxpuuxi‘voces</strong></span> <span class='ocrx_word' id='word_1_427' title='bbox 986 3818 1087 3872; x_wconf 64' lang='grc' dir='ltr'><strong>καί</strong></span> <span class='ocrx_word' id='word_1_428' title='bbox 1113 3830 1169 3877; x_wconf 88' lang='lat' dir='ltr'><strong>et</strong></span> <span class='ocrx_word' id='word_1_429' title='bbox 1199 3818 1478 3892; x_wconf 70' lang='lat' dir='ltr'><strong>_Mw0&#39;ﬁv,</strong></span> <span class='ocrx_word' id='word_1_430' title='bbox 1510 3820 1708 3888; x_wconf 88' lang='lat' dir='ltr'><strong>quippe</strong></span> <span class='ocrx_word' id='word_1_431' title='bbox 1751 3818 1875 3889; x_wconf 71' lang='lat' dir='ltr'><strong>quae</strong></span> <span class='ocrx_word' id='word_1_432' title='bbox 1915 3818 2092 3892; x_wconf 74' lang='lat' dir='ltr'><strong>neque</strong></span> 
     </span>
    </p>
   </div>
   <div class='ocr_carea' id='block_1_58' title="bbox 518 3888 2093 3960">
    <p class='ocr_par' dir='ltr' id='par_1_58' title="bbox 518 3888 2093 3960">
     <span class='ocr_line' id='line_1_58' title="bbox 518 3888 2093 3960; baseline 0.004 -21"><span class='ocrx_word' id='word_1_433' title='bbox 518 3888 572 3960; x_wconf 79' lang='lat' dir='ltr'><strong>in</strong></span> <span class='ocrx_word' id='word_1_434' title='bbox 608 3890 731 3942; x_wconf 89' lang='lat' dir='ltr'><strong>cod.</strong></span> <span class='ocrx_word' id='word_1_435' title='bbox 760 3888 896 3957; x_wconf 84' lang='lat' dir='ltr'><strong>Reg.</strong></span> <span class='ocrx_word' id='word_1_436' title='bbox 922 3892 978 3956; x_wconf 91' lang='lat'><strong>1,</strong></span> <span class='ocrx_word' id='word_1_437' title='bbox 1001 3892 1054 3953; x_wconf 75' lang='lat'><strong>‘2,</strong></span> <span class='ocrx_word' id='word_1_438' title='bbox 1086 3901 1140 3943; x_wconf 90' lang='lat' dir='ltr'><strong>et</strong></span> <span class='ocrx_word' id='word_1_439' title='bbox 1183 3890 1471 3960; x_wconf 80' lang='lat' dir='ltr'><strong>Argeator.</strong></span> <span class='ocrx_word' id='word_1_440' title='bbox 1494 3888 2093 3960; x_wconf 22' lang='lat' dir='ltr'><strong>ilegantur(duutaitat</strong></span> 
     </span>
    </p>
   </div>
   <div class='ocr_carea' id='block_1_59' title="bbox 515 3957 2088 4030">
    <p class='ocr_par' dir='ltr' id='par_1_59' title="bbox 515 3957 2088 4030">
     <span class='ocr_line' id='line_1_59' title="bbox 515 3957 2088 4030; baseline 0.005 -22"><span class='ocrx_word' id='word_1_441' title='bbox 515 3957 570 4009; x_wconf 89' lang='lat' dir='ltr'><strong>in</strong></span> <span class='ocrx_word' id='word_1_442' title='bbox 603 3974 700 4030; x_wconf 75' lang='lat' dir='ltr'><strong>ora</strong></span> <span class='ocrx_word' id='word_1_443' title='bbox 724 3964 847 4013; x_wconf 90' lang='lat' dir='ltr'><strong>cod.</strong></span> <span class='ocrx_word' id='word_1_444' title='bbox 880 3960 1015 4030; x_wconf 78' lang='lat' dir='ltr'><strong>Reg.</strong></span> <span class='ocrx_word' id='word_1_445' title='bbox 1040 3961 1098 4022; x_wconf 71' lang='grc'>2,</span> <span class='ocrx_word' id='word_1_446' title='bbox 1126 3957 1410 4029; x_wconf 89' lang='lat' dir='ltr'><strong>marginali</strong></span> <span class='ocrx_word' id='word_1_447' title='bbox 1434 3976 1463 4013; x_wconf 88' lang='lat' dir='ltr'><strong>a</strong></span> <span class='ocrx_word' id='word_1_448' title='bbox 1491 3957 1685 4030; x_wconf 68' lang='lat' dir='ltr'><strong>Latino</strong></span> <span class='ocrx_word' id='word_1_449' title='bbox 1709 3957 1937 4028; x_wconf 86' lang='lat' dir='ltr'><strong>quodam</strong></span> <span class='ocrx_word' id='word_1_450' title='bbox 1962 3977 2088 4016; x_wconf 87' lang='lat' dir='ltr'><strong>sero</strong></span> 
     </span>
    </p>
   </div>
   <div class='ocr_carea' id='block_1_60' title="bbox 511 4026 2087 4099">
    <p class='ocr_par' dir='ltr' id='par_1_60' title="bbox 511 4026 2087 4099">
     <span class='ocr_line' id='line_1_60' title="bbox 511 4026 2087 4099; baseline 0.003 -18"><span class='ocrx_word' id='word_1_451' title='bbox 511 4026 745 4095; x_wconf 81' lang='grc' dir='ltr'><strong>Μωσῆν</strong></span> <span class='ocrx_word' id='word_1_452' title='bbox 758 4026 1055 4099; x_wconf 74' lang='lat' dir='ltr'><strong>ascriptum</strong></span> <span class='ocrx_word' id='word_1_453' title='bbox 1075 4036 1179 4099; x_wconf 88' lang='lat' dir='ltr'><strong>est)</strong></span> <span class='ocrx_word' id='word_1_454' title='bbox 1204 4026 1380 4098; x_wconf 79' lang='lat' dir='ltr'><strong>neque</strong></span> <span class='ocrx_word' id='word_1_455' title='bbox 1404 4031 1547 4098; x_wconf 83' lang='lat' dir='ltr'><strong>apud</strong></span> <span class='ocrx_word' id='word_1_456' title='bbox 1564 4026 1823 4099; x_wconf 79' lang='lat' dir='ltr'><strong>Cyrillum</strong></span> <span class='ocrx_word' id='word_1_457' title='bbox 1854 4042 2087 4097; x_wconf 81' lang='lat' dir='ltr'><strong>exstent;</strong></span> 
     </span>
    </p>
   </div>
   <div class='ocr_carea' id='block_1_61' title="bbox 514 4098 2087 4165">
    <p class='ocr_par' dir='ltr' id='par_1_61' title="bbox 514 4098 2087 4165">
     <span class='ocr_line' id='line_1_61' title="bbox 514 4098 2087 4165; baseline 0.001 -13"><span class='ocrx_word' id='word_1_458' title='bbox 514 4099 681 4152; x_wconf 89' lang='lat' dir='ltr'><strong>etiam</strong></span> <span class='ocrx_word' id='word_1_459' title='bbox 730 4102 783 4152; x_wconf 92' lang='lat' dir='ltr'><strong>in</strong></span> <span class='ocrx_word' id='word_1_460' title='bbox 830 4098 1050 4156; x_wconf 88' lang='lat' dir='ltr'><strong>Diodori</strong></span> <span class='ocrx_word' id='word_1_461' title='bbox 1110 4098 1273 4154; x_wconf 77' lang='lat' dir='ltr'><strong>cedd.</strong></span> <span class='ocrx_word' id='word_1_462' title='bbox 1317 4100 1472 4154; x_wconf 88' lang='lat' dir='ltr'><strong>mstis</strong></span> <span class='ocrx_word' id='word_1_463' title='bbox 1518 4098 1770 4153; x_wconf 83' lang='lat' dir='ltr'><strong>omnibus</strong></span> <span class='ocrx_word' id='word_1_464' title='bbox 1796 4100 1927 4154; x_wconf 91' lang='lat' dir='ltr'><strong>illud</strong></span> <span class='ocrx_word' id='word_1_465' title='bbox 1966 4102 2087 4165; x_wconf 83' lang='grc' dir='ltr'><strong>καί,</strong></span> 
     </span>
    </p>
   </div>
   <div class='ocr_carea' id='block_1_62' title="bbox 514 4168 2089 4240">
    <p class='ocr_par' dir='ltr' id='par_1_62' title="bbox 514 4168 2089 4240">
     <span class='ocr_line' id='line_1_62' title="bbox 514 4168 2089 4240; baseline 0.003 -21"><span class='ocrx_word' id='word_1_466' title='bbox 514 4171 658 4237; x_wconf 91' lang='lat' dir='ltr'><strong>quod</strong></span> <span class='ocrx_word' id='word_1_467' title='bbox 692 4169 1082 4239; x_wconf 81' lang='lat' dir='ltr'><strong>Wesselingius</strong></span> <span class='ocrx_word' id='word_1_468' title='bbox 1107 4186 1175 4224; x_wconf 81' lang='lat' dir='ltr'><strong>ex</strong></span> <span class='ocrx_word' id='word_1_469' title='bbox 1224 4170 1464 4240; x_wconf 80' lang='lat' dir='ltr'><strong>editione</strong></span> <span class='ocrx_word' id='word_1_470' title='bbox 1490 4168 1690 4223; x_wconf 85' lang='lat' dir='ltr'><strong>Justini</strong></span> <span class='ocrx_word' id='word_1_471' title='bbox 1724 4170 2089 4240; x_wconf 88' lang='lat' dir='ltr'><strong>Sylburgiana</strong></span> 
     </span>
    </p>
   </div>
   <div class='ocr_carea' id='block_1_63' title="bbox 515 4238 2085 4309">
    <p class='ocr_par' dir='ltr' id='par_1_63' title="bbox 515 4238 2085 4309">
     <span class='ocr_line' id='line_1_63' title="bbox 515 4238 2085 4309; baseline 0 -18"><span class='ocrx_word' id='word_1_472' title='bbox 515 4240 748 4309; x_wconf 72' lang='lat' dir='ltr'><strong>recepit,</strong></span> <span class='ocrx_word' id='word_1_473' title='bbox 780 4238 1052 4295; x_wconf 75' lang='lat' dir='ltr'><strong>omittiiur</strong></span> <span class='ocrx_word' id='word_1_474' title='bbox 1086 4251 1142 4295; x_wconf 86' lang='lat' dir='ltr'><strong>et</strong></span> <span class='ocrx_word' id='word_1_475' title='bbox 1162 4256 1261 4309; x_wconf 90' lang='lat' dir='ltr'><strong>pro</strong></span> <span class='ocrx_word' id='word_1_476' title='bbox 1284 4238 1513 4307; x_wconf 81' lang='grc' dir='ltr'><strong>Μωσῆν</strong></span> <span class='ocrx_word' id='word_1_477' title='bbox 1531 4238 1801 4309; x_wconf 82' lang='lat' dir='ltr'><strong>reperitur</strong></span> <span class='ocrx_word' id='word_1_478' title='bbox 1824 4238 2085 4307; x_wconf 77' lang='grc' dir='ltr'>Μνεύην.</span> 
     </span>
    </p>
   </div>
   <div class='ocr_carea' id='block_1_64' title="bbox 514 4307 2085 4379">
    <p class='ocr_par' dir='ltr' id='par_1_64' title="bbox 514 4307 2085 4379">
     <span class='ocr_line' id='line_1_64' title="bbox 514 4307 2085 4379; baseline 0.001 -18"><span class='ocrx_word' id='word_1_479' title='bbox 514 4307 852 4363; x_wconf 81' lang='lat' dir='ltr'><strong>Vocabulum</strong></span> <span class='ocrx_word' id='word_1_480' title='bbox 902 4310 1086 4375; x_wconf 77' lang='grc' dir='ltr'>,ϐιοῦν</span> <span class='ocrx_word' id='word_1_481' title='bbox 1136 4307 1338 4379; x_wconf 76' lang='lat' dir='ltr'><strong>ejicere</strong></span> <span class='ocrx_word' id='word_1_482' title='bbox 1385 4307 1606 4364; x_wconf 27' lang='lat' dir='ltr'><strong>idcircov</strong></span> <span class='ocrx_word' id='word_1_483' title='bbox 1640 4326 1746 4364; x_wconf 87' lang='lat' dir='ltr'><strong>non</strong></span> <span class='ocrx_word' id='word_1_484' title='bbox 1803 4312 2085 4373; x_wconf 79' lang='lat' dir='ltr'><strong>dubitavi,</strong></span> 
     </span>
    </p>
   </div>
   <div class='ocr_carea' id='block_1_65' title="bbox 514 4380 2088 4448">
    <p class='ocr_par' dir='ltr' id='par_1_65' title="bbox 514 4380 2088 4448">
     <span class='ocr_line' id='line_1_65' title="bbox 514 4380 2088 4448; baseline 0.002 -18"><span class='ocrx_word' id='word_1_485' title='bbox 514 4380 658 4447; x_wconf 91' lang='lat' dir='ltr'><strong>quod</strong></span> <span class='ocrx_word' id='word_1_486' title='bbox 682 4382 817 4433; x_wconf 89' lang='lat' dir='ltr'><strong>nihil</strong></span> <span class='ocrx_word' id='word_1_487' title='bbox 850 4381 981 4435; x_wconf 82' lang='lat' dir='ltr'><strong>facit</strong></span> <span class='ocrx_word' id='word_1_488' title='bbox 1010 4383 1077 4434; x_wconf 87' lang='lat' dir='ltr'><strong>ad</strong></span> <span class='ocrx_word' id='word_1_489' title='bbox 1102 4380 1427 4435; x_wconf 87' lang='lat' dir='ltr'><strong>sententiam</strong></span> <span class='ocrx_word' id='word_1_490' title='bbox 1458 4392 1512 4434; x_wconf 88' lang='lat' dir='ltr'><strong>et</strong></span> <span class='ocrx_word' id='word_1_491' title='bbox 1543 4382 2088 4448; x_wconf 85' lang='lat' dir='ltr'><strong>interpretamentum</strong></span> 
     </span>
    </p>
   </div>
   <div class='ocr_carea' id='block_1_66' title="bbox 515 4449 2085 4517">
    <p class='ocr_par' dir='ltr' id='par_1_66' title="bbox 515 4449 2085 4517">
     <span class='ocr_line' id='line_1_66' title="bbox 515 4449 2085 4517; baseline 0.001 -15"><span class='ocrx_word' id='word_1_492' title='bbox 515 4452 687 4517; x_wconf 83' lang='lat' dir='ltr'><strong>sapit;</strong></span> <span class='ocrx_word' id='word_1_493' title='bbox 737 4450 883 4505; x_wconf 83' lang='lat' dir='ltr'><strong>haud</strong></span> <span class='ocrx_word' id='word_1_494' title='bbox 941 4452 1107 4505; x_wconf 88' lang='lat' dir='ltr'><strong>dubie</strong></span> <span class='ocrx_word' id='word_1_495' title='bbox 1165 4454 1334 4512; x_wconf 85' lang='lat' dir='ltr'><strong>enim,</strong></span> <span class='ocrx_word' id='word_1_496' title='bbox 1379 4449 1603 4504; x_wconf 81' lang='lat' dir='ltr'><strong>Marano</strong></span> <span class='ocrx_word' id='word_1_497' title='bbox 1652 4449 1762 4516; x_wconf 85' lang='lat' dir='ltr'><strong>jam</strong></span> <span class='ocrx_word' id='word_1_498' title='bbox 1807 4465 2085 4517; x_wconf 84' lang='lat' dir='ltr'><strong>mouente,</strong></span> 
     </span>
    </p>
   </div>
   <div class='ocr_carea' id='block_1_67' title="bbox 512 4520 2085 4589">
    <p class='ocr_par' dir='ltr' id='par_1_67' title="bbox 512 4520 2085 4589">
     <span class='ocr_line' id='line_1_67' title="bbox 512 4520 2085 4589; baseline 0.001 -17"><span class='ocrx_word' id='word_1_499' title='bbox 512 4521 694 4572; x_wconf 88' lang='lat' dir='ltr'><strong>scriba</strong></span> <span class='ocrx_word' id='word_1_500' title='bbox 730 4522 949 4589; x_wconf 87' lang='lat' dir='ltr'><strong>quidam</strong></span> <span class='ocrx_word' id='word_1_501' title='bbox 994 4526 1059 4574; x_wconf 86' lang='lat' dir='ltr'><strong>ad</strong></span> <span class='ocrx_word' id='word_1_502' title='bbox 1086 4523 1385 4589; x_wconf 77' lang='lat' dir='ltr'><strong>marginem</strong></span> <span class='ocrx_word' id='word_1_503' title='bbox 1410 4520 1572 4584; x_wconf 80' lang='grc' dir='ltr'>,ϐοῦν</span> <span class='ocrx_word' id='word_1_504' title='bbox 1599 4521 1867 4588; x_wconf 88' lang='lat' dir='ltr'><strong>apposuit,</strong></span> <span class='ocrx_word' id='word_1_505' title='bbox 1897 4532 1955 4573; x_wconf 90' lang='lat' dir='ltr'><strong>ut</strong></span> <span class='ocrx_word' id='word_1_506' title='bbox 1985 4523 2085 4573; x_wconf 91' lang='lat' dir='ltr'><strong>ad-</strong></span> 
     </span>
    </p>
   </div>
   <div class='ocr_carea' id='block_1_68' title="bbox 2204 1993 3815 2068">
    <p class='ocr_par' dir='ltr' id='par_1_68' title="bbox 2204 1993 3815 2068">
     <span class='ocr_line' id='line_1_68' title="bbox 2204 1993 3815 2068; baseline 0.003 -21"><span class='ocrx_word' id='word_1_507' title='bbox 2204 1994 2301 2047; x_wconf 82' lang='grc' dir='ltr'><strong>καὶ</strong></span> <span class='ocrx_word' id='word_1_508' title='bbox 2332 1997 2498 2049; x_wconf 82' lang='grc' dir='ltr'>θείαν</span> <span class='ocrx_word' id='word_1_509' title='bbox 2528 1996 2682 2062; x_wconf 79' lang='grc' dir='ltr'><em>ὅλως</em></span> <span class='ocrx_word' id='word_1_510' title='bbox 2714 1998 2955 2050; x_wconf 78' lang='grc' dir='ltr'>ἔννοιαν</span> <span class='ocrx_word' id='word_1_511' title='bbox 2984 1993 3135 2051; x_wconf 76' lang='grc' dir='ltr'>εἶναι</span> <span class='ocrx_word' id='word_1_512' title='bbox 3176 1998 3516 2065; x_wconf 77' lang='grc' dir='ltr'><strong>κρίναντας</strong></span> <span class='ocrx_word' id='word_1_513' title='bbox 3553 2000 3673 2068; x_wconf 85' lang='grc'>(99)</span> <span class='ocrx_word' id='word_1_514' title='bbox 3706 1998 3815 2065; x_wconf 76' lang='grc' dir='ltr'>τὴν</span> 
     </span>
    </p>
   </div>
   <div class='ocr_carea' id='block_1_69' title="bbox 2196 2085 3817 2156">
    <p class='ocr_par' dir='ltr' id='par_1_69' title="bbox 2196 2085 3817 2156">
     <span class='ocr_line' id='line_1_69' title="bbox 2196 2085 3817 2156; baseline 0.001 -17"><span class='ocrx_word' id='word_1_515' title='bbox 2196 2086 2554 2155; x_wconf 76' lang='grc' dir='ltr'><strong>μέλλουσαν</strong></span> <span class='ocrx_word' id='word_1_516' title='bbox 2606 2085 2947 2156; x_wconf 65' lang='grc' dir='ltr'>ὠφελήσειν</span> <span class='ocrx_word' id='word_1_517' title='bbox 3000 2086 3325 2154; x_wconf 76' lang='grc' dir='ltr'><strong>ἀνθρώπων</strong></span> <span class='ocrx_word' id='word_1_518' title='bbox 3376 2087 3660 2156; x_wconf 69' lang='grc' dir='ltr'><strong>πλῆθος,</strong></span> <span class='ocrx_word' id='word_1_519' title='bbox 3702 2088 3817 2140; x_wconf 77' lang='grc' dir='ltr'>εἴτε</span> 
     </span>
    </p>
   </div>
   <div class='ocr_carea' id='block_1_70' title="bbox 2203 2176 3811 2247">
    <p class='ocr_par' dir='ltr' id='par_1_70' title="bbox 2203 2176 3811 2247">
     <span class='ocr_line' id='line_1_70' title="bbox 2203 2176 3811 2247; baseline 0.002 -19"><span class='ocrx_word' id='word_1_520' title='bbox 2203 2176 2351 2244; x_wconf 79' lang='grc' dir='ltr'><strong>πρὸς</strong></span> <span class='ocrx_word' id='word_1_521' title='bbox 2382 2177 2493 2245; x_wconf 76' lang='grc' dir='ltr'>τὴν</span> <span class='ocrx_word' id='word_1_522' title='bbox 2516 2176 2825 2245; x_wconf 81' lang='grc' dir='ltr'>ὑπεροχὴν</span> <span class='ocrx_word' id='word_1_523' title='bbox 2857 2176 2956 2230; x_wconf 81' lang='grc' dir='ltr'><strong>καὶ</strong></span> <span class='ocrx_word' id='word_1_524' title='bbox 2973 2176 3227 2246; x_wconf 73' lang='grc' dir='ltr'>δύναμιν</span> <span class='ocrx_word' id='word_1_525' title='bbox 3256 2177 3375 2231; x_wconf 84' lang='grc' dir='ltr'>τῶν</span> <span class='ocrx_word' id='word_1_526' title='bbox 3398 2178 3619 2246; x_wconf 79' lang='grc' dir='ltr'>εὑρεῖν</span> <span class='ocrx_word' id='word_1_527' title='bbox 3646 2182 3811 2247; x_wconf 74' lang='grc' dir='ltr'>λεγο-</span> 
     </span>
    </p>
   </div>
   <div class='ocr_carea' id='block_1_71' title="bbox 2196 2266 3812 2337">
    <p class='ocr_par' dir='ltr' id='par_1_71' title="bbox 2196 2266 3812 2337">
     <span class='ocr_line' id='line_1_71' title="bbox 2196 2266 3812 2337; baseline 0.002 -19"><span class='ocrx_word' id='word_1_528' title='bbox 2196 2266 2398 2335; x_wconf 78' lang='grc' dir='ltr'>μένων</span> <span class='ocrx_word' id='word_1_529' title='bbox 2419 2267 2560 2333; x_wconf 83' lang='grc' dir='ltr'>τοὺς</span> <span class='ocrx_word' id='word_1_530' title='bbox 2586 2269 2808 2337; x_wconf 82' lang='grc' dir='ltr'><strong>νόμους</strong></span> <span class='ocrx_word' id='word_1_531' title='bbox 2827 2266 3257 2335; x_wconf 73' lang='grc' dir='ltr'><strong>ἀποϐλέψαντα</strong></span> <span class='ocrx_word' id='word_1_532' title='bbox 3283 2268 3394 2323; x_wconf 82' lang='grc' dir='ltr'>τὸν</span> <span class='ocrx_word' id='word_1_533' title='bbox 3424 2269 3655 2336; x_wconf 71' lang='grc' dir='ltr'><strong>ὄχλον,</strong></span> <span class='ocrx_word' id='word_1_534' title='bbox 3668 2268 3812 2337; x_wconf 83' lang='grc' dir='ltr'><em>μᾶλ-</em></span> 
     </span>
    </p>
   </div>
   <div class='ocr_carea' id='block_1_72' title="bbox 2200 2359 3805 2431">
    <p class='ocr_par' dir='ltr' id='par_1_72' title="bbox 2200 2359 3805 2431">
     <span class='ocr_line' id='line_1_72' title="bbox 2200 2359 3805 2431; baseline 0.001 -20"><span class='ocrx_word' id='word_1_535' title='bbox 2200 2361 2315 2411; x_wconf 79' lang='grc' dir='ltr'>λον</span> <span class='ocrx_word' id='word_1_536' title='bbox 2330 2360 2736 2413; x_wconf 82' lang='grc' dir='ltr'>ὑπακούεσθαι</span> <span class='ocrx_word' id='word_1_537' title='bbox 2752 2360 3469 2429; x_wconf 68' lang='grc' dir='ltr'>διαλαϐόνταςΔεύτερον</span> <span class='ocrx_word' id='word_1_538' title='bbox 3485 2360 3559 2414; x_wconf 77' lang='grc' dir='ltr'><strong>δὲ</strong></span> <span class='ocrx_word' id='word_1_539' title='bbox 3571 2359 3805 2431; x_wconf 71' lang='grc' dir='ltr'>νομοθέ-</span> 
     </span>
    </p>
   </div>
   <div class='ocr_carea' id='block_1_73' title="bbox 2202 2561 3789 2631">
    <p class='ocr_par' dir='ltr' id='par_1_73' title="bbox 2202 2561 3789 2631">
     <span class='ocr_line' id='line_1_73' title="bbox 2202 2561 3789 2631; baseline -0.003 -14"><span class='ocrx_word' id='word_1_540' title='bbox 2202 2566 2461 2618; x_wconf 83' lang='lat' dir='ltr'><strong>aberrare</strong></span> <span class='ocrx_word' id='word_1_541' title='bbox 2506 2563 2773 2630; x_wconf 89' lang='lat' dir='ltr'><strong>potuisse,</strong></span> <span class='ocrx_word' id='word_1_542' title='bbox 2825 2568 2887 2615; x_wconf 87' lang='lat' dir='ltr'><strong>ut</strong></span> <span class='ocrx_word' id='word_1_543' title='bbox 2937 2561 3160 2631; x_wconf 83' lang='lat' dir='ltr'><strong>Moysen</strong></span> <span class='ocrx_word' id='word_1_544' title='bbox 3207 2561 3553 2631; x_wconf 88' lang='lat' dir='ltr'><strong>appellatum</strong></span> <span class='ocrx_word' id='word_1_545' title='bbox 3624 2562 3789 2615; x_wconf 89' lang='lat' dir='ltr'><strong>Deum</strong></span> 
     </span>
    </p>
   </div>
   <div class='ocr_carea' id='block_1_74' title="bbox 2202 2632 3792 2700">
    <p class='ocr_par' dir='ltr' id='par_1_74' title="bbox 2202 2632 3792 2700">
     <span class='ocr_line' id='line_1_74' title="bbox 2202 2632 3792 2700; baseline -0.003 -12"><span class='ocrx_word' id='word_1_546' title='bbox 2202 2638 2473 2689; x_wconf 85' lang='lat' dir='ltr'><strong>crederet.</strong></span> <span class='ocrx_word' id='word_1_547' title='bbox 2502 2634 2663 2687; x_wconf 87' lang='lat' dir='ltr'><strong>Clara</strong></span> <span class='ocrx_word' id='word_1_548' title='bbox 2689 2634 2833 2687; x_wconf 90' lang='lat' dir='ltr'><strong>enim</strong></span> <span class='ocrx_word' id='word_1_549' title='bbox 2872 2643 2926 2687; x_wconf 91' lang='lat' dir='ltr'><strong>et</strong></span> <span class='ocrx_word' id='word_1_550' title='bbox 2958 2632 3243 2700; x_wconf 78' lang='lat' dir='ltr'><strong>perspicua</strong></span> <span class='ocrx_word' id='word_1_551' title='bbox 3288 2645 3375 2687; x_wconf 91' lang='lat' dir='ltr'><strong>est</strong></span> <span class='ocrx_word' id='word_1_552' title='bbox 3403 2632 3640 2687; x_wconf 86' lang='lat' dir='ltr'><strong>Diodori</strong></span> <span class='ocrx_word' id='word_1_553' title='bbox 3669 2646 3792 2685; x_wconf 86' lang='lat' dir='ltr'><strong>sen-</strong></span> 
     </span>
    </p>
   </div>
   <div class='ocr_carea' id='block_1_75' title="bbox 2204 2702 3790 2771">
    <p class='ocr_par' dir='ltr' id='par_1_75' title="bbox 2204 2702 3790 2771">
     <span class='ocr_line' id='line_1_75' title="bbox 2204 2702 3790 2771; baseline -0.003 -13"><span class='ocrx_word' id='word_1_554' title='bbox 2204 2707 2369 2758; x_wconf 88' lang='lat' dir='ltr'><strong>tentia</strong></span> <span class='ocrx_word' id='word_1_555' title='bbox 2397 2704 2487 2769; x_wconf 90' lang='lat' dir='ltr'><strong>qui</strong></span> <span class='ocrx_word' id='word_1_556' title='bbox 2516 2714 2803 2771; x_wconf 85' lang='lat' dir='ltr'><strong>postquam</strong></span> <span class='ocrx_word' id='word_1_557' title='bbox 2830 2702 2898 2757; x_wconf 91' lang='lat' dir='ltr'><strong>de</strong></span> <span class='ocrx_word' id='word_1_558' title='bbox 2932 2702 3089 2757; x_wconf 86' lang='lat' dir='ltr'><strong>Mene</strong></span> <span class='ocrx_word' id='word_1_559' title='bbox 3146 2703 3360 2758; x_wconf 90' lang='lat' dir='ltr'><strong>locutus</strong></span> <span class='ocrx_word' id='word_1_560' title='bbox 3399 2712 3513 2765; x_wconf 86' lang='lat' dir='ltr'><strong>est,</strong></span> <span class='ocrx_word' id='word_1_561' title='bbox 3557 2714 3790 2769; x_wconf 84' lang='lat' dir='ltr'><strong>eumque</strong></span> 
     </span>
    </p>
   </div>
   <div class='ocr_carea' id='block_1_76' title="bbox 2201 2772 3783 2842">
    <p class='ocr_par' dir='ltr' id='par_1_76' title="bbox 2201 2772 3783 2842">
     <span class='ocr_line' id='line_1_76' title="bbox 2201 2772 3783 2842; baseline -0.003 -15"><span class='ocrx_word' id='word_1_562' title='bbox 2201 2776 2351 2842; x_wconf 86' lang='lat' dir='ltr'><strong>leges</strong></span> <span class='ocrx_word' id='word_1_563' title='bbox 2381 2774 2481 2827; x_wconf 85' lang='lat' dir='ltr'><strong>sibi</strong></span> <span class='ocrx_word' id='word_1_564' title='bbox 2515 2789 2543 2825; x_wconf 89' lang='lat' dir='ltr'><strong>a</strong></span> <span class='ocrx_word' id='word_1_565' title='bbox 2569 2773 2839 2827; x_wconf 88' lang='lat' dir='ltr'><strong>Mercurio</strong></span> <span class='ocrx_word' id='word_1_566' title='bbox 2869 2774 3095 2842; x_wconf 73' lang='lat' dir='ltr'><strong>traditas</strong></span> <span class='ocrx_word' id='word_1_567' title='bbox 3120 2774 3414 2826; x_wconf 79' lang='lat' dir='ltr'><strong>simulasse</strong></span> <span class='ocrx_word' id='word_1_568' title='bbox 3454 2772 3633 2842; x_wconf 81' lang='lat' dir='ltr'><strong>dixit;</strong></span> <span class='ocrx_word' id='word_1_569' title='bbox 3670 2772 3783 2842; x_wconf 62' lang='lat' dir='ltr'><strong>haec</strong></span> 
     </span>
    </p>
   </div>
   <div class='ocr_carea' id='block_1_77' title="bbox 2201 2840 3786 2909">
    <p class='ocr_par' dir='ltr' id='par_1_77' title="bbox 2201 2840 3786 2909">
     <span class='ocr_line' id='line_1_77' title="bbox 2201 2840 3786 2909; baseline -0.004 -11"><span class='ocrx_word' id='word_1_570' title='bbox 2201 2840 2377 2898; x_wconf 77' lang='lat' dir='ltr'><strong>addit:</strong></span> <span class='ocrx_word' id='word_1_571' title='bbox 2401 2842 2553 2908; x_wconf 85' lang='lat' dir='ltr'><strong>Quod</strong></span> <span class='ocrx_word' id='word_1_572' title='bbox 2590 2842 2727 2894; x_wconf 89' lang='lat' dir='ltr'><strong>ident</strong></span> <span class='ocrx_word' id='word_1_573' title='bbox 2752 2844 2893 2909; x_wconf 88' lang='lat' dir='ltr'><strong>apud</strong></span> <span class='ocrx_word' id='word_1_574' title='bbox 2924 2841 3135 2896; x_wconf 69' lang='lat' dir='ltr'><strong>Grarcos</strong></span> <span class='ocrx_word' id='word_1_575' title='bbox 3171 2842 3399 2894; x_wconf 82' lang='lat' dir='ltr'><strong>Minoem</strong></span> <span class='ocrx_word' id='word_1_576' title='bbox 3453 2841 3653 2903; x_wconf 75' lang='lat' dir='ltr'><strong>Crctte,</strong></span> <span class='ocrx_word' id='word_1_577' title='bbox 3684 2840 3786 2909; x_wconf 85' lang='lat' dir='ltr'><strong>Ly-</strong></span> 
     </span>
    </p>
   </div>
   <div class='ocr_carea' id='block_1_78' title="bbox 2200 2911 3778 2982">
    <p class='ocr_par' dir='ltr' id='par_1_78' title="bbox 2200 2911 3778 2982">
     <span class='ocr_line' id='line_1_78' title="bbox 2200 2911 3778 2982; baseline -0.003 -14"><span class='ocrx_word' id='word_1_578' title='bbox 2200 2931 2416 2982; x_wconf 88' lang='lat' dir='ltr'><strong>curgum</strong></span> <span class='ocrx_word' id='word_1_579' title='bbox 2447 2912 2653 2981; x_wconf 78' lang='lat' dir='ltr'><strong>Sparta:</strong></span> <span class='ocrx_word' id='word_1_580' title='bbox 2672 2911 2858 2980; x_wconf 79' lang='lat' dir='ltr'><strong>fecisse</strong></span> <span class='ocrx_word' id='word_1_581' title='bbox 2884 2913 3176 2979; x_wconf 83' lang='lat' dir='ltr'><strong>perhibent,</strong></span> <span class='ocrx_word' id='word_1_582' title='bbox 3200 2928 3424 2982; x_wconf 82' lang='lat' dir='ltr'><strong>quorum</strong></span> <span class='ocrx_word' id='word_1_583' title='bbox 3458 2912 3564 2964; x_wconf 85' lang='lat' dir='ltr'><strong>iste</strong></span> <span class='ocrx_word' id='word_1_584' title='bbox 3584 2930 3617 2963; x_wconf 87' lang='lat' dir='ltr'><strong>a</strong></span> <span class='ocrx_word' id='word_1_585' title='bbox 3637 2911 3778 2982; x_wconf 69' lang='lat' dir='ltr'><strong>Jove,</strong></span> 
     </span>
    </p>
   </div>
   <div class='ocr_carea' id='block_1_79' title="bbox 2199 2980 3780 3051">
    <p class='ocr_par' dir='ltr' id='par_1_79' title="bbox 2199 2980 3780 3051">
     <span class='ocr_line' id='line_1_79' title="bbox 2199 2980 3780 3051; baseline -0.003 -15"><span class='ocrx_word' id='word_1_586' title='bbox 2199 2980 2383 3036; x_wconf 23' lang='lat' dir='ltr'><strong>Iiic‘ab</strong></span> <span class='ocrx_word' id='word_1_587' title='bbox 2407 2980 2648 3051; x_wconf 81' lang='lat' dir='ltr'><strong>Apolline</strong></span> <span class='ocrx_word' id='word_1_588' title='bbox 2669 2983 2804 3049; x_wconf 89' lang='lat' dir='ltr'><strong>leges</strong></span> <span class='ocrx_word' id='word_1_589' title='bbox 2825 2998 2878 3035; x_wconf 91' lang='lat' dir='ltr'><strong>se</strong></span> <span class='ocrx_word' id='word_1_590' title='bbox 2921 2984 3180 3049; x_wconf 82' lang='lat' dir='ltr'><strong>accepisse</strong></span> <span class='ocrx_word' id='word_1_591' title='bbox 3202 2984 3358 3035; x_wconf 74' lang='lat' dir='ltr'><strong>dixit.</strong></span> <span class='ocrx_word' id='word_1_592' title='bbox 3398 2981 3468 3033; x_wconf 84' lang='lat' dir='ltr'><strong>1d</strong></span> <span class='ocrx_word' id='word_1_593' title='bbox 3507 2980 3780 3034; x_wconf 81' lang='lat' dir='ltr'><strong>commenti</strong></span> 
     </span>
    </p>
   </div>
   <div class='ocr_carea' id='block_1_80' title="bbox 2196 3052 3779 3120">
    <p class='ocr_par' dir='ltr' id='par_1_80' title="bbox 2196 3052 3779 3120">
     <span class='ocr_line' id='line_1_80' title="bbox 2196 3052 3779 3120; baseline -0.006 -12"><span class='ocrx_word' id='word_1_594' title='bbox 2196 3071 2359 3119; x_wconf 88' lang='lat' dir='ltr'><strong>genus</strong></span> <span class='ocrx_word' id='word_1_595' title='bbox 2378 3055 2518 3120; x_wconf 89' lang='lat' dir='ltr'><strong>apud</strong></span> <span class='ocrx_word' id='word_1_596' title='bbox 2540 3054 2713 3119; x_wconf 90' lang='lat' dir='ltr'><strong>plures</strong></span> <span class='ocrx_word' id='word_1_597' title='bbox 2725 3067 2926 3120; x_wconf 87' lang='lat' dir='ltr'><strong>quoque</strong></span> <span class='ocrx_word' id='word_1_598' title='bbox 2944 3052 3081 3104; x_wconf 85' lang='lat' dir='ltr'><strong>alias</strong></span> <span class='ocrx_word' id='word_1_599' title='bbox 3100 3062 3274 3119; x_wconf 89' lang='lat' dir='ltr'><strong>gentes</strong></span> <span class='ocrx_word' id='word_1_600' title='bbox 3297 3052 3622 3113; x_wconf 86' lang='lat' dir='ltr'><strong>adhibitum,</strong></span> <span class='ocrx_word' id='word_1_601' title='bbox 3647 3052 3779 3101; x_wconf 90' lang='lat' dir='ltr'><strong>mul-</strong></span> 
     </span>
    </p>
   </div>
   <div class='ocr_carea' id='block_1_81' title="bbox 2197 3120 3773 3189">
    <p class='ocr_par' dir='ltr' id='par_1_81' title="bbox 2197 3120 3773 3189">
     <span class='ocr_line' id='line_1_81' title="bbox 2197 3120 3773 3189; baseline -0.005 -12"><span class='ocrx_word' id='word_1_602' title='bbox 2197 3136 2370 3177; x_wconf 86' lang='lat' dir='ltr'><strong>torum</strong></span> <span class='ocrx_word' id='word_1_603' title='bbox 2402 3120 2655 3176; x_wconf 86' lang='lat' dir='ltr'><strong>bonorum</strong></span> <span class='ocrx_word' id='word_1_604' title='bbox 2680 3138 2842 3174; x_wconf 87' lang='lat' dir='ltr'><strong>causa</strong></span> <span class='ocrx_word' id='word_1_605' title='bbox 2875 3121 2956 3173; x_wconf 86' lang='lat' dir='ltr'><strong>his</strong></span> <span class='ocrx_word' id='word_1_606' title='bbox 2980 3123 3069 3189; x_wconf 88' lang='lat' dir='ltr'><strong>qui</strong></span> <span class='ocrx_word' id='word_1_607' title='bbox 3089 3122 3324 3187; x_wconf 84' lang='lat' dir='ltr'><strong>persuasi</strong></span> <span class='ocrx_word' id='word_1_608' title='bbox 3351 3132 3478 3174; x_wconf 88' lang='lat' dir='ltr'><strong>sunt</strong></span> <span class='ocrx_word' id='word_1_609' title='bbox 3515 3120 3773 3174; x_wconf 76' lang='lat' dir='ltr'><strong>exstitisse</strong></span> 
     </span>
    </p>
   </div>
   <div class='ocr_carea' id='block_1_82' title="bbox 2198 3189 3776 3263">
    <p class='ocr_par' dir='ltr' id='par_1_82' title="bbox 2198 3189 3776 3263">
     <span class='ocr_line' id='line_1_82' title="bbox 2198 3189 3776 3263; baseline -0.005 -16"><span class='ocrx_word' id='word_1_610' title='bbox 2198 3196 2387 3263; x_wconf 77' lang='lat' dir='ltr'><strong>fertur.</strong></span> <span class='ocrx_word' id='word_1_611' title='bbox 2424 3192 2564 3245; x_wconf 86' lang='lat' dir='ltr'><strong>Nam</strong></span> <span class='ocrx_word' id='word_1_612' title='bbox 2594 3191 2735 3263; x_wconf 83' lang='lat' dir='ltr'><strong>apud</strong></span> <span class='ocrx_word' id='word_1_613' title='bbox 2760 3192 3065 3263; x_wconf 62' lang='lat' dir='ltr'><strong>Arimaspos</strong></span> <span class='ocrx_word' id='word_1_614' title='bbox 3096 3189 3442 3244; x_wconf 88' lang='lat' dir='ltr'><strong>Zathraustes</strong></span> <span class='ocrx_word' id='word_1_615' title='bbox 3476 3191 3673 3263; x_wconf 73' lang='lat' dir='ltr'><strong>bonum</strong></span> <span class='ocrx_word' id='word_1_616' title='bbox 3693 3204 3776 3257; x_wconf 69' lang='grc' dir='ltr'><strong>σε·-</strong></span> 
     </span>
    </p>
   </div>
   <div class='ocr_carea' id='block_1_83' title="bbox 2195 3257 3773 3332">
    <p class='ocr_par' dir='ltr' id='par_1_83' title="bbox 2195 3257 3773 3332">
     <span class='ocr_line' id='line_1_83' title="bbox 2195 3257 3773 3332; baseline -0.006 -15"><span class='ocrx_word' id='word_1_617' title='bbox 2195 3257 2360 3329; x_wconf 80' lang='lat' dir='ltr'><strong>nium,</strong></span> <span class='ocrx_word' id='word_1_618' title='bbox 2413 3264 2553 3332; x_wconf 85' lang='lat' dir='ltr'><strong>apud</strong></span> <span class='ocrx_word' id='word_1_619' title='bbox 2601 3261 2760 3315; x_wconf 85' lang='lat' dir='ltr'><strong>Getas</strong></span> <span class='ocrx_word' id='word_1_620' title='bbox 2815 3257 3084 3332; x_wconf 75' lang='lat' dir='ltr'><strong>lamolxis</strong></span> <span class='ocrx_word' id='word_1_621' title='bbox 3135 3277 3465 3332; x_wconf 87' lang='lat' dir='ltr'><strong>comm_unem</strong></span> <span class='ocrx_word' id='word_1_622' title='bbox 3528 3257 3773 3332; x_wconf 80' lang='lat' dir='ltr'><strong>Vestam,</strong></span> 
     </span>
    </p>
   </div>
   <div class='ocr_carea' id='block_1_84' title="bbox 2195 3329 3773 3401">
    <p class='ocr_par' dir='ltr' id='par_1_84' title="bbox 2195 3329 3773 3401">
     <span class='ocr_line' id='line_1_84' title="bbox 2195 3329 3773 3401; baseline -0.006 -14"><span class='ocrx_word' id='word_1_623' title='bbox 2195 3341 2335 3401; x_wconf 90' lang='lat' dir='ltr'><strong>apud</strong></span> <span class='ocrx_word' id='word_1_624' title='bbox 2360 3329 2581 3387; x_wconf 79' lang='lat' dir='ltr'><strong>Judwos</strong></span> <span class='ocrx_word' id='word_1_625' title='bbox 2615 3332 2822 3401; x_wconf 79' lang='lat' dir='ltr'><strong>Moyses</strong></span> <span class='ocrx_word' id='word_1_626' title='bbox 2857 3330 3047 3401; x_wconf 83' lang='lat' dir='ltr'><strong>Deum,</strong></span> <span class='ocrx_word' id='word_1_627' title='bbox 3071 3332 3159 3399; x_wconf 88' lang='lat' dir='ltr'><strong>qui</strong></span> <span class='ocrx_word' id='word_1_628' title='bbox 3195 3330 3320 3383; x_wconf 87' lang='grc' dir='ltr'><strong>ΙΑΟ</strong></span> <span class='ocrx_word' id='word_1_629' title='bbox 3344 3332 3573 3391; x_wconf 86' lang='lat' dir='ltr'><strong>dicitur,</strong></span> <span class='ocrx_word' id='word_1_630' title='bbox 3612 3329 3773 3395; x_wconf 87' lang='lat' dir='ltr'><strong>legum</strong></span> 
     </span>
    </p>
   </div>
   <div class='ocr_carea' id='block_1_85' title="bbox 2195 3400 3773 3470">
    <p class='ocr_par' dir='ltr' id='par_1_85' title="bbox 2195 3400 3773 3470">
     <span class='ocr_line' id='line_1_85' title="bbox 2195 3400 3773 3470; baseline -0.006 -12"><span class='ocrx_word' id='word_1_631' title='bbox 2195 3400 2463 3458; x_wconf 87' lang='lat' dir='ltr'><strong>auctorem</strong></span> <span class='ocrx_word' id='word_1_632' title='bbox 2503 3400 2723 3455; x_wconf 85' lang='lat' dir='ltr'><strong>suarum</strong></span> <span class='ocrx_word' id='word_1_633' title='bbox 2772 3400 2990 3470; x_wconf 74' lang='lat' dir='ltr'><strong>ﬁnxisse</strong></span> <span class='ocrx_word' id='word_1_634' title='bbox 3018 3402 3372 3468; x_wconf 86' lang='lat' dir='ltr'><strong>perhibentur.</strong></span> <span class='ocrx_word' id='word_1_635' title='bbox 3424 3402 3622 3453; x_wconf 81' lang='lat' dir='ltr'><strong>Nullus</strong></span> <span class='ocrx_word' id='word_1_636' title='bbox 3649 3411 3773 3450; x_wconf 84' lang='lat' dir='ltr'><strong>sane</strong></span> 
     </span>
    </p>
   </div>
   <div class='ocr_carea' id='block_1_86' title="bbox 2195 3472 3771 3539">
    <p class='ocr_par' dir='ltr' id='par_1_86' title="bbox 2195 3472 3771 3539">
     <span class='ocr_line' id='line_1_86' title="bbox 2195 3472 3771 3539; baseline -0.006 -11"><span class='ocrx_word' id='word_1_637' title='bbox 2195 3475 2417 3529; x_wconf 89' lang='lat' dir='ltr'><strong>errandi</strong></span> <span class='ocrx_word' id='word_1_638' title='bbox 2479 3474 2634 3527; x_wconf 88' lang='lat' dir='ltr'><strong>locus</strong></span> <span class='ocrx_word' id='word_1_639' title='bbox 2673 3474 2727 3526; x_wconf 93' lang='lat' dir='ltr'><strong>in</strong></span> <span class='ocrx_word' id='word_1_640' title='bbox 2770 3474 2855 3525; x_wconf 87' lang='lat' dir='ltr'><strong>bis</strong></span> <span class='ocrx_word' id='word_1_641' title='bbox 2886 3472 3097 3534; x_wconf 90' lang='lat' dir='ltr'><strong>verbis;</strong></span> <span class='ocrx_word' id='word_1_642' title='bbox 3131 3486 3231 3524; x_wconf 86' lang='lat' dir='ltr'><strong>nec</strong></span> <span class='ocrx_word' id='word_1_643' title='bbox 3260 3472 3570 3539; x_wconf 86' lang='lat' dir='ltr'><strong>quidquam</strong></span> <span class='ocrx_word' id='word_1_644' title='bbox 3612 3481 3771 3539; x_wconf 78' lang='lat' dir='ltr'><strong>aper-</strong></span> 
     </span>
    </p>
   </div>
   <div class='ocr_carea' id='block_1_87' title="bbox 2198 3538 3769 3612">
    <p class='ocr_par' dir='ltr' id='par_1_87' title="bbox 2198 3538 3769 3612">
     <span class='ocr_line' id='line_1_87' title="bbox 2198 3538 3769 3612; baseline -0.006 -14"><span class='ocrx_word' id='word_1_645' title='bbox 2198 3546 2325 3611; x_wconf 93' lang='lat' dir='ltr'><strong>tius,</strong></span> <span class='ocrx_word' id='word_1_646' title='bbox 2353 3559 2516 3611; x_wconf 90' lang='lat' dir='ltr'><strong>quam</strong></span> <span class='ocrx_word' id='word_1_647' title='bbox 2543 3543 2782 3612; x_wconf 87' lang='lat' dir='ltr'><strong>Moysem</strong></span> <span class='ocrx_word' id='word_1_648' title='bbox 2816 3558 2882 3597; x_wconf 84' lang='lat' dir='ltr'><strong>ex</strong></span> <span class='ocrx_word' id='word_1_649' title='bbox 2916 3540 3135 3595; x_wconf 84' lang='lat' dir='ltr'><strong>Diodori</strong></span> <span class='ocrx_word' id='word_1_650' title='bbox 3155 3538 3433 3612; x_wconf 83' lang='lat' dir='ltr'><strong>sententia</strong></span> <span class='ocrx_word' id='word_1_651' title='bbox 3464 3556 3573 3612; x_wconf 85' lang='lat' dir='ltr'><strong>non</strong></span> <span class='ocrx_word' id='word_1_652' title='bbox 3609 3538 3769 3612; x_wconf 70' lang='lat' dir='ltr'><strong>Deum</strong></span> 
     </span>
    </p>
   </div>
   <div class='ocr_carea' id='block_1_88' title="bbox 2197 3607 3769 3683">
    <p class='ocr_par' dir='ltr' id='par_1_88' title="bbox 2197 3607 3769 3683">
     <span class='ocr_line' id='line_1_88' title="bbox 2197 3607 3769 3683; baseline -0.005 -15"><span class='ocrx_word' id='word_1_653' title='bbox 2197 3607 2531 3683; x_wconf 80' lang='lat' dir='ltr'><strong>appellatum</strong></span> <span class='ocrx_word' id='word_1_654' title='bbox 2566 3607 2755 3678; x_wconf 76' lang='lat' dir='ltr'><strong>fuisse,</strong></span> <span class='ocrx_word' id='word_1_655' title='bbox 2781 3615 2872 3666; x_wconf 90' lang='lat' dir='ltr'><strong>sed</strong></span> <span class='ocrx_word' id='word_1_656' title='bbox 2918 3612 3048 3675; x_wconf 86' lang='lat' dir='ltr'><strong>Deo,</strong></span> <span class='ocrx_word' id='word_1_657' title='bbox 3074 3611 3165 3682; x_wconf 88' lang='lat' dir='ltr'><strong>qui</strong></span> <span class='ocrx_word' id='word_1_658' title='bbox 3213 3610 3499 3664; x_wconf 82' lang='lat' dir='ltr'><strong>dicebatur</strong></span> <span class='ocrx_word' id='word_1_659' title='bbox 3526 3610 3660 3675; x_wconf 82' lang='lat' dir='ltr'><strong>1A0,</strong></span> <span class='ocrx_word' id='word_1_660' title='bbox 3693 3607 3769 3660; x_wconf 89' lang='lat' dir='ltr'><strong>le-</strong></span> 
     </span>
    </p>
   </div>
   <div class='ocr_carea' id='block_1_89' title="bbox 2195 3684 3046 3754">
    <p class='ocr_par' dir='ltr' id='par_1_89' title="bbox 2195 3684 3046 3754">
     <span class='ocr_line' id='line_1_89' title="bbox 2195 3684 3046 3754; baseline -0.005 -17"><span class='ocrx_word' id='word_1_661' title='bbox 2195 3699 2289 3754; x_wconf 85' lang='lat' dir='ltr'><strong>ges</strong></span> <span class='ocrx_word' id='word_1_662' title='bbox 2318 3701 2445 3737; x_wconf 85' lang='lat' dir='ltr'><strong>suas</strong></span> <span class='ocrx_word' id='word_1_663' title='bbox 2472 3695 2727 3750; x_wconf 88' lang='lat' dir='ltr'><strong>acceptas</strong></span> <span class='ocrx_word' id='word_1_664' title='bbox 2768 3684 3046 3754; x_wconf 79' lang='lat' dir='ltr'><strong>retulisse.</strong></span> 
     </span>
    </p>
   </div>
   <div class='ocr_carea' id='block_1_90' title="bbox 2266 3746 3763 3824">
    <p class='ocr_par' dir='ltr' id='par_1_90' title="bbox 2266 3746 3763 3824">
     <span class='ocr_line' id='line_1_90' title="bbox 2266 3746 3763 3824; baseline -0.007 -16"><span class='ocrx_word' id='word_1_665' title='bbox 2266 3754 2378 3824; x_wconf 88' lang='lat'><strong>(98)</strong></span> <span class='ocrx_word' id='word_1_666' title='bbox 2405 3754 2543 3806; x_wconf 81' lang='grc' dir='ltr'>Εἵτε</span> <span class='ocrx_word' id='word_1_667' title='bbox 2586 3746 2959 3824; x_wconf 75' lang='grc' dir='ltr'><strong>θαυμαστήν.</strong></span> <span class='ocrx_word' id='word_1_668' title='bbox 2992 3750 3243 3824; x_wconf 83' lang='lat' dir='ltr'><strong>Imitatur</strong></span> <span class='ocrx_word' id='word_1_669' title='bbox 3272 3750 3574 3824; x_wconf 74' lang='lat' dir='ltr'><strong>Diodorum</strong></span> <span class='ocrx_word' id='word_1_670' title='bbox 3620 3746 3763 3824; x_wconf 71' lang='lat' dir='ltr'><strong>lose-</strong></span> 
     </span>
    </p>
   </div>
   <div class='ocr_carea' id='block_1_91' title="bbox 2193 3815 3763 3895">
    <p class='ocr_par' dir='ltr' id='par_1_91' title="bbox 2193 3815 3763 3895">
     <span class='ocr_line' id='line_1_91' title="bbox 2193 3815 3763 3895; baseline -0.008 -15"><span class='ocrx_word' id='word_1_671' title='bbox 2193 3815 2485 3893; x_wconf 59' lang='lat' dir='ltr'><strong>pbus,&#39;lib.</strong></span> <span class='ocrx_word' id='word_1_672' title='bbox 2527 3815 2807 3895; x_wconf 78' lang='lat' dir='ltr'><strong>iI.Contra</strong></span> <span class='ocrx_word' id='word_1_673' title='bbox 2838 3815 2972 3895; x_wconf 79' lang='lat' dir='ltr'><strong>App.</strong></span> <span class='ocrx_word' id='word_1_674' title='bbox 3001 3832 3055 3875; x_wconf 88' lang='lat' dir='ltr'><strong>et</strong></span> <span class='ocrx_word' id='word_1_675' title='bbox 3087 3823 3230 3895; x_wconf 85' lang='lat' dir='ltr'><strong>quod</strong></span> <span class='ocrx_word' id='word_1_676' title='bbox 3273 3823 3326 3895; x_wconf 77' lang='lat' dir='ltr'><strong>in</strong></span> <span class='ocrx_word' id='word_1_677' title='bbox 3356 3820 3646 3895; x_wconf 83' lang='lat' dir='ltr'><strong>defensore</strong></span> <span class='ocrx_word' id='word_1_678' title='bbox 3671 3815 3763 3895; x_wconf 79' lang='lat' dir='ltr'><strong>Ju-</strong></span> 
     </span>
    </p>
   </div>
   <div class='ocr_carea' id='block_1_92' title="bbox 2196 3890 3759 3956">
    <p class='ocr_par' dir='ltr' id='par_1_92' title="bbox 2196 3890 3759 3956">
     <span class='ocr_line' id='line_1_92' title="bbox 2196 3890 3759 3956; baseline -0.006 -9"><span class='ocrx_word' id='word_1_679' title='bbox 2196 3890 2336 3947; x_wconf 76' lang='lat' dir='ltr'><strong>daici</strong></span> <span class='ocrx_word' id='word_1_680' title='bbox 2383 3893 2619 3947; x_wconf 88' lang='lat' dir='ltr'><strong>instituti</strong></span> <span class='ocrx_word' id='word_1_681' title='bbox 2674 3893 2913 3956; x_wconf 83' lang='lat' dir='ltr'><strong>mireris,</strong></span> <span class='ocrx_word' id='word_1_682' title='bbox 2942 3907 3047 3946; x_wconf 85' lang='lat' dir='ltr'><strong>non</strong></span> <span class='ocrx_word' id='word_1_683' title='bbox 3101 3890 3273 3945; x_wconf 81' lang='lat' dir='ltr'><strong>inulto</strong></span> <span class='ocrx_word' id='word_1_684' title='bbox 3313 3890 3759 3956; x_wconf 70' lang='lat' dir='ltr'><strong>honoriﬁcentius</strong></span> 
     </span>
    </p>
   </div>
   <div class='ocr_carea' id='block_1_93' title="bbox 2192 3954 3754 4033">
    <p class='ocr_par' dir='ltr' id='par_1_93' title="bbox 2192 3954 3754 4033">
     <span class='ocr_line' id='line_1_93' title="bbox 2192 3954 3754 4033; baseline -0.008 -14"><span class='ocrx_word' id='word_1_685' title='bbox 2192 3966 2260 4019; x_wconf 90' lang='lat' dir='ltr'><strong>de</strong></span> <span class='ocrx_word' id='word_1_686' title='bbox 2290 3964 2473 4033; x_wconf 89' lang='lat' dir='ltr'><strong>Moyse</strong></span> <span class='ocrx_word' id='word_1_687' title='bbox 2506 3964 2741 4031; x_wconf 87' lang='lat' dir='ltr'><strong>loquitur</strong></span> <span class='ocrx_word' id='word_1_688' title='bbox 2770 3954 2930 4030; x_wconf 84' lang='lat' dir='ltr'><strong>quam</strong></span> <span class='ocrx_word' id='word_1_689' title='bbox 2956 3963 3021 4033; x_wconf 80' lang='lat' dir='ltr'><strong>de</strong></span> <span class='ocrx_word' id='word_1_690' title='bbox 3053 3961 3230 4033; x_wconf 84' lang='lat' dir='ltr'><strong>Minoe</strong></span> <span class='ocrx_word' id='word_1_691' title='bbox 3257 3971 3314 4014; x_wconf 91' lang='lat' dir='ltr'><strong>et</strong></span> <span class='ocrx_word' id='word_1_692' title='bbox 3364 3959 3636 4029; x_wconf 81' lang='lat' dir='ltr'><strong>Lycurgo.</strong></span> <span class='ocrx_word' id='word_1_693' title='bbox 3661 3954 3754 4033; x_wconf 84' lang='lat' dir='ltr'><strong>_Sic</strong></span> 
     </span>
    </p>
   </div>
   <div class='ocr_carea' id='block_1_94' title="bbox 2192 4027 3759 4101">
    <p class='ocr_par' dir='ltr' id='par_1_94' title="bbox 2192 4027 3759 4101">
     <span class='ocr_line' id='line_1_94' title="bbox 2192 4027 3759 4101; baseline -0.009 -13"><span class='ocrx_word' id='word_1_694' title='bbox 2192 4036 2337 4088; x_wconf 92' lang='lat' dir='ltr'><strong>cnim</strong></span> <span class='ocrx_word' id='word_1_695' title='bbox 2366 4027 2622 4100; x_wconf 69' lang='lat' dir='ltr'><strong>loquitur,</strong></span> <span class='ocrx_word' id='word_1_696' title='bbox 2658 4049 2711 4101; x_wconf 89' lang='lat' dir='ltr'><strong>p.</strong></span> <span class='ocrx_word' id='word_1_697' title='bbox 2743 4027 2875 4086; x_wconf 81' lang='lat'><strong>1071</strong></span> <span class='ocrx_word' id='word_1_698' title='bbox 2908 4047 2921 4081; x_wconf 91' lang='lat'><strong>:</strong></span> <span class='ocrx_word' id='word_1_699' title='bbox 2948 4031 3157 4100; x_wconf 84' lang='lat' dir='ltr'><strong>Moyses</strong></span> <span class='ocrx_word' id='word_1_700' title='bbox 3185 4032 3347 4099; x_wconf 85' lang='lat' dir='ltr'><strong>igitur</strong></span> <span class='ocrx_word' id='word_1_701' title='bbox 3370 4027 3489 4081; x_wconf 80' lang='lat' dir='ltr'><strong>cum</strong></span> <span class='ocrx_word' id='word_1_702' title='bbox 3514 4027 3759 4094; x_wconf 60' lang='lat' dir='ltr'><strong>pra‘claro</strong></span> 
     </span>
    </p>
   </div>
   <div class='ocr_carea' id='block_1_95' title="bbox 2192 4102 3754 4171">
    <p class='ocr_par' dir='ltr' id='par_1_95' title="bbox 2192 4102 3754 4171">
     <span class='ocr_line' id='line_1_95' title="bbox 2192 4102 3754 4171; baseline -0.007 -15"><span class='ocrx_word' id='word_1_703' title='bbox 2192 4106 2356 4157; x_wconf 88' lang='lat' dir='ltr'><strong>animi</strong></span> <span class='ocrx_word' id='word_1_704' title='bbox 2384 4104 2650 4171; x_wconf 81' lang='lat' dir='ltr'><strong>preposito</strong></span> <span class='ocrx_word' id='word_1_705' title='bbox 2682 4113 2937 4167; x_wconf 89' lang='lat' dir='ltr'><strong>uteretur,</strong></span> <span class='ocrx_word' id='word_1_706' title='bbox 2962 4118 3023 4155; x_wconf 89' lang='lat' dir='ltr'><strong>ac</strong></span> <span class='ocrx_word' id='word_1_707' title='bbox 3059 4118 3140 4154; x_wconf 87' lang='lat' dir='ltr'><strong>res</strong></span> <span class='ocrx_word' id='word_1_708' title='bbox 3170 4116 3386 4169; x_wconf 88' lang='lat' dir='ltr'><strong>magnas</strong></span> <span class='ocrx_word' id='word_1_709' title='bbox 3415 4102 3625 4168; x_wconf 87' lang='lat' dir='ltr'><strong>egisset,</strong></span> <span class='ocrx_word' id='word_1_710' title='bbox 3656 4110 3754 4149; x_wconf 83' lang='lat' dir='ltr'><strong>nte-</strong></span> 
     </span>
    </p>
   </div>
   <div class='ocr_carea' id='block_1_96' title="bbox 2193 4171 3755 4240">
    <p class='ocr_par' dir='ltr' id='par_1_96' title="bbox 2193 4171 3755 4240">
     <span class='ocr_line' id='line_1_96' title="bbox 2193 4171 3755 4240; baseline -0.007 -14"><span class='ocrx_word' id='word_1_711' title='bbox 2193 4174 2294 4226; x_wconf 88' lang='lat' dir='ltr'><strong>rito</strong></span> <span class='ocrx_word' id='word_1_712' title='bbox 2323 4174 2422 4225; x_wconf 82' lang='lat' dir='ltr'><strong>sibi</strong></span> <span class='ocrx_word' id='word_1_713' title='bbox 2454 4175 2724 4225; x_wconf 84' lang='lat' dir='ltr'><strong>videbatur</strong></span> <span class='ocrx_word' id='word_1_714' title='bbox 2754 4173 2921 4225; x_wconf 82' lang='lat' dir='ltr'><strong>Deum</strong></span> <span class='ocrx_word' id='word_1_715' title='bbox 2942 4172 3126 4224; x_wconf 85' lang='lat' dir='ltr'><strong>ducem</strong></span> <span class='ocrx_word' id='word_1_716' title='bbox 3150 4180 3197 4224; x_wconf 90' lang='lat' dir='ltr'><strong>et</strong></span> <span class='ocrx_word' id='word_1_717' title='bbox 3223 4171 3567 4223; x_wconf 82' lang='lat' dir='ltr'><strong>consiliorum</strong></span> <span class='ocrx_word' id='word_1_718' title='bbox 3584 4177 3755 4240; x_wconf 83' lang='lat' dir='ltr'><strong>aucto-</strong></span> 
     </span>
    </p>
   </div>
   <div class='ocr_carea' id='block_1_97' title="bbox 2192 4241 3753 4309">
    <p class='ocr_par' dir='ltr' id='par_1_97' title="bbox 2192 4241 3753 4309">
     <span class='ocr_line' id='line_1_97' title="bbox 2192 4241 3753 4309; baseline -0.01 -13"><span class='ocrx_word' id='word_1_719' title='bbox 2192 4258 2300 4296; x_wconf 86' lang='lat' dir='ltr'><strong>rem</strong></span> <span class='ocrx_word' id='word_1_720' title='bbox 2320 4245 2528 4296; x_wconf 87' lang='lat' dir='ltr'><strong>habere.</strong></span> <span class='ocrx_word' id='word_1_721' title='bbox 2557 4242 2624 4295; x_wconf 83' lang='lat' dir='ltr'><strong>Et</strong></span> <span class='ocrx_word' id='word_1_722' title='bbox 2649 4259 2765 4295; x_wconf 86' lang='lat' dir='ltr'><strong>cum</strong></span> <span class='ocrx_word' id='word_1_723' title='bbox 2792 4243 2891 4295; x_wconf 87' lang='lat' dir='ltr'><strong>sibi</strong></span> <span class='ocrx_word' id='word_1_724' title='bbox 2913 4242 3018 4309; x_wconf 83' lang='lat' dir='ltr'><strong>ipse</strong></span> <span class='ocrx_word' id='word_1_725' title='bbox 3042 4242 3188 4309; x_wconf 86' lang='lat' dir='ltr'><strong>prius</strong></span> <span class='ocrx_word' id='word_1_726' title='bbox 3215 4241 3560 4308; x_wconf 87' lang='lat' dir='ltr'><strong>persuasisset</strong></span> <span class='ocrx_word' id='word_1_727' title='bbox 3585 4248 3753 4309; x_wconf 82' lang='lat' dir='ltr'><strong>omnia</strong></span> 
     </span>
    </p>
   </div>
   <div class='ocr_carea' id='block_1_98' title="bbox 2192 4308 3755 4383">
    <p class='ocr_par' dir='ltr' id='par_1_98' title="bbox 2192 4308 3755 4383">
     <span class='ocr_line' id='line_1_98' title="bbox 2192 4308 3755 4383; baseline 0 -18"><span class='ocrx_word' id='word_1_728' title='bbox 2192 4330 2224 4365; x_wconf 90' lang='lat' dir='ltr'><strong>a</strong></span> <span class='ocrx_word' id='word_1_729' title='bbox 2275 4330 2329 4366; x_wconf 89' lang='lat' dir='ltr'><strong>se</strong></span> <span class='ocrx_word' id='word_1_730' title='bbox 2365 4314 2651 4365; x_wconf 81' lang='lat' dir='ltr'><strong>secmidum</strong></span> <span class='ocrx_word' id='word_1_731' title='bbox 2692 4314 2856 4377; x_wconf 87' lang='lat' dir='ltr'><strong>ipsius</strong></span> <span class='ocrx_word' id='word_1_732' title='bbox 2907 4308 3229 4383; x_wconf 68' lang='lat' dir='ltr'><strong>voluntatem</strong></span> <span class='ocrx_word' id='word_1_733' title='bbox 3271 4310 3390 4377; x_wconf 78' lang='lat' dir='ltr'><strong>ﬁeri</strong></span> <span class='ocrx_word' id='word_1_734' title='bbox 3437 4320 3485 4361; x_wconf 88' lang='lat' dir='ltr'><strong>et</strong></span> <span class='ocrx_word' id='word_1_735' title='bbox 3522 4308 3755 4383; x_wconf 56' lang='lat' dir='ltr'><strong>cogitaflr</strong></span> 
     </span>
    </p>
   </div>
   <div class='ocr_carea' id='block_1_99' title="bbox 2190 4381 3751 4451">
    <p class='ocr_par' dir='ltr' id='par_1_99' title="bbox 2190 4381 3751 4451">
     <span class='ocr_line' id='line_1_99' title="bbox 2190 4381 3751 4451; baseline -0.008 -16"><span class='ocrx_word' id='word_1_736' title='bbox 2190 4388 2423 4435; x_wconf 86' lang='lat' dir='ltr'><strong>eamdem</strong></span> <span class='ocrx_word' id='word_1_737' title='bbox 2482 4385 2797 4451; x_wconf 80' lang='lat' dir='ltr'><strong>opinionem</strong></span> <span class='ocrx_word' id='word_1_738' title='bbox 2848 4381 3182 4433; x_wconf 84' lang='lat' dir='ltr'><strong>multitudini</strong></span> <span class='ocrx_word' id='word_1_739' title='bbox 3234 4392 3354 4433; x_wconf 88' lang='lat' dir='ltr'><strong>ante</strong></span> <span class='ocrx_word' id='word_1_740' title='bbox 3398 4382 3589 4451; x_wconf 29' lang='lat' dir='ltr'><strong>omnia.</strong></span> <span class='ocrx_word' id='word_1_741' title='bbox 3635 4381 3751 4451; x_wconf 47' lang='lat' dir='ltr'><strong>in”:</strong></span> 
     </span>
    </p>
   </div>
   <div class='ocr_carea' id='block_1_100' title="bbox 2190 4446 3748 4519">
    <p class='ocr_par' dir='ltr' id='par_1_100' title="bbox 2190 4446 3748 4519">
     <span class='ocr_line' id='line_1_100' title="bbox 2190 4446 3748 4519; baseline -0.004 -16"><span class='ocrx_word' id='word_1_742' title='bbox 2190 4454 2432 4505; x_wconf 85' lang='lat' dir='ltr'><strong>ciendam</strong></span> <span class='ocrx_word' id='word_1_743' title='bbox 2463 4446 2729 4506; x_wconf 82' lang='lat' dir='ltr'><strong>censebat.</strong></span> <span class='ocrx_word' id='word_1_744' title='bbox 2750 4450 2892 4505; x_wconf 88' lang='lat' dir='ltr'><strong>Nam</strong></span> <span class='ocrx_word' id='word_1_745' title='bbox 2912 4452 3000 4519; x_wconf 89' lang='lat' dir='ltr'><strong>qui</strong></span> <span class='ocrx_word' id='word_1_746' title='bbox 3027 4460 3189 4503; x_wconf 83' lang='lat' dir='ltr'><strong>vitam</strong></span> <span class='ocrx_word' id='word_1_747' title='bbox 3219 4466 3369 4503; x_wconf 89' lang='lat' dir='ltr'><strong>suam</strong></span> <span class='ocrx_word' id='word_1_748' title='bbox 3394 4466 3426 4501; x_wconf 90' lang='lat' dir='ltr'><strong>a</strong></span> <span class='ocrx_word' id='word_1_749' title='bbox 3444 4448 3551 4502; x_wconf 86' lang='lat' dir='ltr'><strong>Deo</strong></span> <span class='ocrx_word' id='word_1_750' title='bbox 3574 4446 3748 4509; x_wconf 73' lang='lat' dir='ltr'><strong>inspici</strong></span> 
     </span>
    </p>
   </div>
   <div class='ocr_carea' id='block_1_101' title="bbox 2190 4520 3744 4589">
    <p class='ocr_par' dir='ltr' id='par_1_101' title="bbox 2190 4520 3744 4589">
     <span class='ocr_line' id='line_1_101' title="bbox 2190 4520 3744 4589; baseline -0.007 -15"><span class='ocrx_word' id='word_1_751' title='bbox 2190 4524 2528 4584; x_wconf 83' lang='lat' dir='ltr'><strong>crediderint,</strong></span> <span class='ocrx_word' id='word_1_752' title='bbox 2581 4539 2686 4575; x_wconf 90' lang='lat' dir='ltr'><strong>non</strong></span> <span class='ocrx_word' id='word_1_753' title='bbox 2727 4524 3066 4573; x_wconf 88' lang='lat' dir='ltr'><strong>adducuntur</strong></span> <span class='ocrx_word' id='word_1_754' title='bbox 3090 4530 3144 4572; x_wconf 92' lang='lat' dir='ltr'><strong>ut</strong></span> <span class='ocrx_word' id='word_1_755' title='bbox 3184 4521 3472 4589; x_wconf 82' lang='lat' dir='ltr'><strong>quidquam</strong></span> <span class='ocrx_word' id='word_1_756' title='bbox 3524 4520 3744 4589; x_wconf 77' lang='lat' dir='ltr'><strong>peccent.</strong></span> 
     </span>
    </p>
   </div>
   <div class='ocr_carea' id='block_1_102' title="bbox 514 4588 3747 4661">
    <p class='ocr_par' dir='ltr' id='par_1_102' title="bbox 514 4588 3747 4661">
     <span class='ocr_line' id='line_1_102' title="bbox 514 4588 3747 4661; baseline -0.003 -21"><span class='ocrx_word' id='word_1_757' title='bbox 514 4588 760 4661; x_wconf 72' lang='lat' dir='ltr'><strong>moneret</strong></span> <span class='ocrx_word' id='word_1_758' title='bbox 815 4590 1060 4644; x_wconf 82' lang='lat' dir='ltr'><strong>Muevem</strong></span> <span class='ocrx_word' id='word_1_759' title='bbox 1104 4593 1211 4645; x_wconf 92' lang='lat' dir='ltr'><strong>dici</strong></span> <span class='ocrx_word' id='word_1_760' title='bbox 1264 4592 1454 4643; x_wconf 88' lang='lat' dir='ltr'><strong>bovem</strong></span> <span class='ocrx_word' id='word_1_761' title='bbox 1494 4590 1693 4644; x_wconf 86' lang='lat' dir='ltr'><strong>Osiridi</strong></span> <span class='ocrx_word' id='word_1_762' title='bbox 1722 4604 1962 4661; x_wconf 83' lang='lat' dir='ltr'><strong>sacrum,</strong></span> <span class='ocrx_word' id='word_1_763' title='bbox 1989 4591 2081 4657; x_wconf 88' lang='lat' dir='ltr'><strong>qui</strong></span> <span class='ocrx_word' id='word_1_764' title='bbox 2115 4593 2162 4650; x_wconf 91' lang='lat' dir='ltr'><strong>D</strong></span> <span class='ocrx_word' id='word_1_765' title='bbox 2194 4591 2337 4645; x_wconf 88' lang='lat' dir='ltr'><strong>Talis</strong></span> <span class='ocrx_word' id='word_1_766' title='bbox 2370 4594 2530 4661; x_wconf 89' lang='lat' dir='ltr'><strong>igitur</strong></span> <span class='ocrx_word' id='word_1_767' title='bbox 2566 4594 2837 4660; x_wconf 87' lang='lat' dir='ltr'><strong>legislator</strong></span> <span class='ocrx_word' id='word_1_768' title='bbox 2861 4600 3037 4644; x_wconf 86' lang='lat' dir='ltr'><strong>noster</strong></span> <span class='ocrx_word' id='word_1_769' title='bbox 3065 4588 3284 4655; x_wconf 76' lang='lat' dir='ltr'><strong>exstitit,</strong></span> <span class='ocrx_word' id='word_1_770' title='bbox 3330 4605 3435 4661; x_wconf 88' lang='lat' dir='ltr'><strong>non</strong></span> <span class='ocrx_word' id='word_1_771' title='bbox 3462 4601 3642 4655; x_wconf 86' lang='lat' dir='ltr'><strong>magus</strong></span> <span class='ocrx_word' id='word_1_772' title='bbox 3662 4588 3747 4661; x_wconf 70' lang='lat' dir='ltr'><strong>aut</strong></span> 
     </span>
    </p>
   </div>
   <div class='ocr_carea' id='block_1_103' title="bbox 512 4658 2081 4728">
    <p class='ocr_par' dir='ltr' id='par_1_103' title="bbox 512 4658 2081 4728">
     <span class='ocr_line' id='line_1_103' title="bbox 512 4658 2081 4728; baseline 0.001 -17"><span class='ocrx_word' id='word_1_773' title='bbox 512 4658 781 4728; x_wconf 87' lang='lat' dir='ltr'><strong>Heliopoli</strong></span> <span class='ocrx_word' id='word_1_774' title='bbox 831 4663 1177 4715; x_wconf 85' lang='lat' dir='ltr'><strong>nutriebatur</strong></span> <span class='ocrx_word' id='word_1_775' title='bbox 1208 4679 1221 4714; x_wconf 89' lang='lat'><strong>:</strong></span> <span class='ocrx_word' id='word_1_776' title='bbox 1258 4661 1386 4714; x_wconf 85' lang='lat' dir='ltr'><strong>inde</strong></span> <span class='ocrx_word' id='word_1_777' title='bbox 1432 4661 1486 4713; x_wconf 91' lang='lat' dir='ltr'><strong>in</strong></span> <span class='ocrx_word' id='word_1_778' title='bbox 1530 4667 1735 4712; x_wconf 79' lang='lat' dir='ltr'><strong>textum</strong></span> <span class='ocrx_word' id='word_1_779' title='bbox 1770 4660 1993 4715; x_wconf 85' lang='lat' dir='ltr'><strong>Diodori</strong></span> <span class='ocrx_word' id='word_1_780' title='bbox 2026 4668 2081 4713; x_wconf 90' lang='lat' dir='ltr'><strong>et</strong></span> 
     </span>
    </p>
   </div>
   <div class='ocr_carea' id='block_1_104' title="bbox 508 4728 2079 4800">
    <p class='ocr_par' dir='ltr' id='par_1_104' title="bbox 508 4728 2079 4800">
     <span class='ocr_line' id='line_1_104' title="bbox 508 4728 2079 4800; baseline 0.002 -18"><span class='ocrx_word' id='word_1_781' title='bbox 508 4728 712 4800; x_wconf 82' lang='lat' dir='ltr'><strong>Justini</strong></span> <span class='ocrx_word' id='word_1_782' title='bbox 745 4730 931 4795; x_wconf 81' lang='grc' dir='ltr'>,βιοῦν</span> <span class='ocrx_word' id='word_1_783' title='bbox 978 4734 1119 4784; x_wconf 90' lang='lat' dir='ltr'><strong>istud</strong></span> <span class='ocrx_word' id='word_1_784' title='bbox 1164 4732 1405 4800; x_wconf 88' lang='lat' dir='ltr'><strong>irrepsit,</strong></span> <span class='ocrx_word' id='word_1_785' title='bbox 1453 4731 1597 4797; x_wconf 87' lang='lat' dir='ltr'><strong>quod</strong></span> <span class='ocrx_word' id='word_1_786' title='bbox 1638 4731 1814 4783; x_wconf 92' lang='lat' dir='ltr'><strong>locum</strong></span> <span class='ocrx_word' id='word_1_787' title='bbox 1862 4733 2079 4798; x_wconf 86' lang='lat' dir='ltr'><strong>penitus</strong></span> 
     </span>
    </p>
   </div>
   <div class='ocr_carea' id='block_1_105' title="bbox 510 4799 2081 4864">
    <p class='ocr_par' dir='ltr' id='par_1_105' title="bbox 510 4799 2081 4864">
     <span class='ocr_line' id='line_1_105' title="bbox 510 4799 2081 4864; baseline -0.001 -11"><span class='ocrx_word' id='word_1_788' title='bbox 510 4799 797 4855; x_wconf 77' lang='lat' dir='ltr'><strong>deformat.</strong></span> <span class='ocrx_word' id='word_1_789' title='bbox 846 4802 1007 4854; x_wconf 79' lang='grc' dir='ltr'>Βοῦν</span> <span class='ocrx_word' id='word_1_790' title='bbox 1036 4811 1214 4855; x_wconf 88' lang='lat' dir='ltr'><strong>autem</strong></span> <span class='ocrx_word' id='word_1_791' title='bbox 1260 4799 1313 4852; x_wconf 89' lang='lat' dir='ltr'><strong>in</strong></span> <span class='ocrx_word' id='word_1_792' title='bbox 1337 4800 1522 4864; x_wconf 68' lang='grc' dir='ltr'>βιοῦν</span> <span class='ocrx_word' id='word_1_793' title='bbox 1562 4810 1825 4853; x_wconf 82' lang='lat' dir='ltr'><strong>mutatum</strong></span> <span class='ocrx_word' id='word_1_794' title='bbox 1856 4816 1976 4852; x_wconf 68' lang='lat' dir='ltr'><strong>esse</strong></span> <span class='ocrx_word' id='word_1_795' title='bbox 2002 4802 2081 4852; x_wconf 88' lang='lat' dir='ltr'><strong>vi-</strong></span> 
     </span>
    </p>
   </div>
   <div class='ocr_carea' id='block_1_106' title="bbox 511 4868 2078 4938">
    <p class='ocr_par' dir='ltr' id='par_1_106' title="bbox 511 4868 2078 4938">
     <span class='ocr_line' id='line_1_106' title="bbox 511 4868 2078 4938; baseline 0.001 -18"><span class='ocrx_word' id='word_1_796' title='bbox 511 4871 670 4924; x_wconf 88' lang='lat' dir='ltr'><strong>detur</strong></span> <span class='ocrx_word' id='word_1_797' title='bbox 695 4873 766 4925; x_wconf 91' lang='lat' dir='ltr'><strong>ob</strong></span> <span class='ocrx_word' id='word_1_798' title='bbox 787 4872 1278 4935; x_wconf 69' lang='lat' dir='ltr'><strong>auteCedensﬁlon</strong></span> <span class='ocrx_word' id='word_1_799' title='bbox 1305 4882 1359 4923; x_wconf 91' lang='lat' dir='ltr'><strong>et</strong></span> <span class='ocrx_word' id='word_1_800' title='bbox 1388 4885 1624 4938; x_wconf 87' lang='lat' dir='ltr'><strong>sequens</strong></span> <span class='ocrx_word' id='word_1_801' title='bbox 1646 4869 1781 4934; x_wconf 74' lang='grc' dir='ltr'><strong>βίῳ.</strong></span> <span class='ocrx_word' id='word_1_802' title='bbox 1808 4868 2078 4924; x_wconf 65' lang='lat' dir='ltr'><strong>Caeterum</strong></span> 
     </span>
    </p>
   </div>
   <div class='ocr_carea' id='block_1_107' title="bbox 510 4940 2076 5009">
    <p class='ocr_par' dir='ltr' id='par_1_107' title="bbox 510 4940 2076 5009">
     <span class='ocr_line' id='line_1_107' title="bbox 510 4940 2076 5009; baseline 0.001 -17"><span class='ocrx_word' id='word_1_803' title='bbox 510 4940 899 4995; x_wconf 70' lang='lat' dir='ltr'><strong>ltbodomanus</strong></span> <span class='ocrx_word' id='word_1_804' title='bbox 930 4943 1216 4997; x_wconf 84' lang='lat' dir='ltr'><strong>lectionem</strong></span> <span class='ocrx_word' id='word_1_805' title='bbox 1256 4940 1407 4993; x_wconf 79' lang='grc' dir='ltr'>κατὰ</span> <span class='ocrx_word' id='word_1_806' title='bbox 1430 4941 1575 5003; x_wconf 70' lang='grc' dir='ltr'>βίον</span> <span class='ocrx_word' id='word_1_807' title='bbox 1601 4943 1870 5009; x_wconf 83' lang='lat' dir='ltr'><strong>proponit.</strong></span> <span class='ocrx_word' id='word_1_808' title='bbox 1898 4942 2076 4994; x_wconf 73' lang='lat' dir='ltr'><strong>O&#39;r&#39;ro.</strong></span> 
     </span>
    </p>
   </div>
   <div class='ocr_carea' id='block_1_108' title="bbox 590 5009 2077 5081">
    <p class='ocr_par' dir='ltr' id='par_1_108' title="bbox 590 5009 2077 5081">
     <span class='ocr_line' id='line_1_108' title="bbox 590 5009 2077 5081; baseline -0.002 -18"><span class='ocrx_word' id='word_1_809' title='bbox 590 5013 703 5081; x_wconf 80' lang='lat'><strong>(96)</strong></span> <span class='ocrx_word' id='word_1_810' title='bbox 740 5010 1320 5080; x_wconf 72' lang='grc' dir='ltr'><strong>Ἰκανώτατον.Αρυι1</strong></span> <span class='ocrx_word' id='word_1_811' title='bbox 1350 5011 1643 5065; x_wconf 82' lang='lat' dir='ltr'><strong>Diodorqu</strong></span> <span class='ocrx_word' id='word_1_812' title='bbox 1679 5012 1876 5080; x_wconf 88' lang='lat' dir='ltr'><strong>legitur</strong></span> <span class='ocrx_word' id='word_1_813' title='bbox 1898 5009 2077 5063; x_wconf 80' lang='grc' dir='ltr'>κοινό-</span> 
     </span>
    </p>
   </div>
   <div class='ocr_carea' id='block_1_109' title="bbox 507 5082 1346 5154">
    <p class='ocr_par' dir='ltr' id='par_1_109' title="bbox 507 5082 1346 5154">
     <span class='ocr_line' id='line_1_109' title="bbox 507 5082 1346 5154; baseline -0.001 -21"><span class='ocrx_word' id='word_1_814' title='bbox 507 5097 669 5154; x_wconf 69' lang='grc' dir='ltr'>τατον</span> <span class='ocrx_word' id='word_1_815' title='bbox 700 5082 807 5154; x_wconf 75' lang='grc' dir='ltr'>τῶν</span> <span class='ocrx_word' id='word_1_816' title='bbox 842 5084 1346 5154; x_wconf 81' lang='grc' dir='ltr'>μνημονευομένων.</span> 
     </span>
    </p>
   </div>
   <div class='ocr_carea' id='block_1_110' title="bbox 580 5150 2077 5223">
    <p class='ocr_par' dir='ltr' id='par_1_110' title="bbox 580 5150 2077 5223">
     <span class='ocr_line' id='line_1_110' title="bbox 580 5150 2077 5223; baseline 0.001 -18"><span class='ocrx_word' id='word_1_817' title='bbox 580 5152 691 5221; x_wconf 81' lang='grc'>(97)</span> <span class='ocrx_word' id='word_1_818' title='bbox 719 5150 1240 5223; x_wconf 52' lang='grc' dir='ltr'>Τὸνκαὰούμενον</span> <span class='ocrx_word' id='word_1_819' title='bbox 1274 5151 1438 5205; x_wconf 79' lang='grc' dir='ltr'><strong>Θεόν.</strong></span> <span class='ocrx_word' id='word_1_820' title='bbox 1471 5150 1642 5223; x_wconf 87' lang='lat' dir='ltr'><strong>Nemo</strong></span> <span class='ocrx_word' id='word_1_821' title='bbox 1666 5158 1764 5223; x_wconf 83' lang='lat' dir='ltr'><strong>est</strong></span> <span class='ocrx_word' id='word_1_822' title='bbox 1815 5151 1909 5219; x_wconf 89' lang='lat' dir='ltr'><strong>qui</strong></span> <span class='ocrx_word' id='word_1_823' title='bbox 1961 5151 2077 5223; x_wconf 80' lang='lat' dir='ltr'><strong>haec</strong></span> 
     </span>
    </p>
   </div>
   <div class='ocr_carea' id='block_1_111' title="bbox 506 5221 2075 5293">
    <p class='ocr_par' dir='ltr' id='par_1_111' title="bbox 506 5221 2075 5293">
     <span class='ocr_line' id='line_1_111' title="bbox 506 5221 2075 5293; baseline -0.001 -18"><span class='ocrx_word' id='word_1_824' title='bbox 506 5221 693 5291; x_wconf 81' lang='lat' dir='ltr'><strong>legens</strong></span> <span class='ocrx_word' id='word_1_825' title='bbox 739 5241 842 5278; x_wconf 87' lang='lat' dir='ltr'><strong>non</strong></span> <span class='ocrx_word' id='word_1_826' title='bbox 867 5221 1257 5293; x_wconf 32' lang='lat' dir='ltr'><strong>pritna’specie</strong></span> <span class='ocrx_word' id='word_1_827' title='bbox 1311 5223 1589 5277; x_wconf 82' lang='lat' dir='ltr'><strong>existimet</strong></span> <span class='ocrx_word' id='word_1_828' title='bbox 1610 5222 1851 5293; x_wconf 23' lang='lat' dir='ltr'><strong>&quot;Moysen</strong></span> <span class='ocrx_word' id='word_1_829' title='bbox 1870 5222 2075 5293; x_wconf 80' lang='lat' dir='ltr'><strong>appel-</strong></span> 
     </span>
    </p>
   </div>
   <div class='ocr_carea' id='block_1_112' title="bbox 506 5292 2073 5363">
    <p class='ocr_par' dir='ltr' id='par_1_112' title="bbox 506 5292 2073 5363">
     <span class='ocr_line' id='line_1_112' title="bbox 506 5292 2073 5363; baseline -0.001 -16"><span class='ocrx_word' id='word_1_830' title='bbox 506 5294 676 5347; x_wconf 84' lang='lat' dir='ltr'><strong>latum</strong></span> <span class='ocrx_word' id='word_1_831' title='bbox 708 5293 879 5349; x_wconf 87' lang='lat' dir='ltr'><strong>Deum</strong></span> <span class='ocrx_word' id='word_1_832' title='bbox 907 5292 1263 5349; x_wconf 48' lang='lat' dir='ltr'><strong>fuisseJllinc</strong></span> <span class='ocrx_word' id='word_1_833' title='bbox 1303 5294 1560 5363; x_wconf 79' lang='lat' dir='ltr'><strong>deceptus</strong></span> <span class='ocrx_word' id='word_1_834' title='bbox 1592 5292 1826 5362; x_wconf 86' lang='lat' dir='ltr'><strong>Cyrillus</strong></span> <span class='ocrx_word' id='word_1_835' title='bbox 1868 5292 1984 5363; x_wconf 68' lang='lat' dir='ltr'><strong>haec</strong></span> <span class='ocrx_word' id='word_1_836' title='bbox 2008 5293 2073 5346; x_wconf 89' lang='lat' dir='ltr'><strong>ad</strong></span> 
     </span>
    </p>
   </div>
   <div class='ocr_carea' id='block_1_113' title="bbox 506 5362 2074 5440">
    <p class='ocr_par' dir='ltr' id='par_1_113' title="bbox 506 5362 2074 5440">
     <span class='ocr_line' id='line_1_113' title="bbox 506 5362 2074 5440; baseline -0.001 -24"><span class='ocrx_word' id='word_1_837' title='bbox 506 5363 726 5440; x_wconf 74' lang='lat' dir='ltr'><strong>Moysen</strong></span> <span class='ocrx_word' id='word_1_838' title='bbox 784 5366 973 5440; x_wconf 78' lang='lat' dir='ltr'><strong>refert,</strong></span> <span class='ocrx_word' id='word_1_839' title='bbox 1023 5374 1077 5440; x_wconf 80' lang='lat' dir='ltr'><strong>et</strong></span> <span class='ocrx_word' id='word_1_840' title='bbox 1124 5382 1251 5440; x_wconf 84' lang='lat' dir='ltr'><strong>cum</strong></span> <span class='ocrx_word' id='word_1_841' title='bbox 1282 5362 1915 5440; x_wconf 76' lang='lat' dir='ltr'><strong>superioretestimouio</strong></span> <span class='ocrx_word' id='word_1_842' title='bbox 1940 5376 2074 5416; x_wconf 84' lang='lat' dir='ltr'><strong>con-</strong></span> 
     </span>
    </p>
   </div>
   <div class='ocr_carea' id='block_1_114' title="bbox 498 5436 2075 5503">
    <p class='ocr_par' dir='ltr' id='par_1_114' title="bbox 498 5436 2075 5503">
     <span class='ocr_line' id='line_1_114' title="bbox 498 5436 2075 5503; baseline 0 -18"><span class='ocrx_word' id='word_1_843' title='bbox 498 5436 705 5502; x_wconf 79' lang='lat' dir='ltr'><strong>jungit,</strong></span> <span class='ocrx_word' id='word_1_844' title='bbox 738 5438 988 5503; x_wconf 86' lang='lat' dir='ltr'><strong>quamvis</strong></span> <span class='ocrx_word' id='word_1_845' title='bbox 1038 5436 1283 5490; x_wconf 83' lang='lat' dir='ltr'><strong>Justinus</strong></span> <span class='ocrx_word' id='word_1_846' title='bbox 1314 5436 1520 5503; x_wconf 87' lang='lat' dir='ltr'><strong>aliquid</strong></span> <span class='ocrx_word' id='word_1_847' title='bbox 1576 5436 1919 5500; x_wconf 70' lang='lat' dir='ltr'><strong>interiectum</strong></span> <span class='ocrx_word' id='word_1_848' title='bbox 1954 5447 2075 5485; x_wconf 85' lang='lat' dir='ltr'><strong>esse</strong></span> 
     </span>
    </p>
   </div>
   <div class='ocr_carea' id='block_1_115' title="bbox 504 5506 2070 5575">
    <p class='ocr_par' dir='ltr' id='par_1_115' title="bbox 504 5506 2070 5575">
     <span class='ocr_line' id='line_1_115' title="bbox 504 5506 2070 5575; baseline 0 -19"><span class='ocrx_word' id='word_1_849' title='bbox 504 5516 724 5557; x_wconf 71' lang='lat' dir='ltr'><strong>“teneat</strong></span> <span class='ocrx_word' id='word_1_850' title='bbox 770 5510 914 5559; x_wconf 83' lang='lat' dir='ltr'><strong>inter</strong></span> <span class='ocrx_word' id='word_1_851' title='bbox 960 5516 1251 5575; x_wconf 86' lang='lat' dir='ltr'><strong>utrumque</strong></span> <span class='ocrx_word' id='word_1_852' title='bbox 1314 5507 1705 5575; x_wconf 54' lang='lat' dir='ltr'><strong>teslﬂnonium.</strong></span> <span class='ocrx_word' id='word_1_853' title='bbox 1736 5506 2070 5575; x_wconf 59' lang='lat' dir='ltr'><strong>Quinetiam</strong></span> 
     </span>
    </p>
   </div>
   <div class='ocr_carea' id='block_1_116' title="bbox 504 5574 2069 5645">
    <p class='ocr_par' dir='ltr' id='par_1_116' title="bbox 504 5574 2069 5645">
     <span class='ocr_line' id='line_1_116' title="bbox 504 5574 2069 5645; baseline -0.003 -17"><span class='ocrx_word' id='word_1_854' title='bbox 504 5576 782 5629; x_wconf 73' lang='lat' dir='ltr'><strong>existimat</strong></span> <span class='ocrx_word' id='word_1_855' title='bbox 809 5574 1352 5645; x_wconf 73' lang='lat' dir='ltr'><strong>Cyrillusuouuullus</strong></span> <span class='ocrx_word' id='word_1_856' title='bbox 1391 5574 1681 5645; x_wconf 62' lang='lat' dir='ltr'><strong>Egyptios</strong></span> <span class='ocrx_word' id='word_1_857' title='bbox 1731 5574 1825 5625; x_wconf 84' lang='lat' dir='ltr'><strong>Dei</strong></span> <span class='ocrx_word' id='word_1_858' title='bbox 1874 5588 2069 5645; x_wconf 76' lang='lat' dir='ltr'><strong>nomen</strong></span> 
     </span>
    </p>
   </div>
   <div class='ocr_carea' id='block_1_117' title="bbox 502 5644 2071 5716">
    <p class='ocr_par' dir='ltr' id='par_1_117' title="bbox 502 5644 2071 5716">
     <span class='ocr_line' id='line_1_117' title="bbox 502 5644 2071 5716; baseline -0.001 -19"><span class='ocrx_word' id='word_1_859' title='bbox 502 5645 675 5716; x_wconf 87' lang='lat' dir='ltr'><strong>Moysi</strong></span> <span class='ocrx_word' id='word_1_860' title='bbox 697 5644 979 5712; x_wconf 83' lang='lat' dir='ltr'><strong>detulisse,</strong></span> <span class='ocrx_word' id='word_1_861' title='bbox 1013 5649 1095 5700; x_wconf 86' lang='lat' dir='ltr'><strong>vel</strong></span> <span class='ocrx_word' id='word_1_862' title='bbox 1124 5648 1486 5700; x_wconf 88' lang='lat' dir='ltr'><strong>admiratione</strong></span> <span class='ocrx_word' id='word_1_863' title='bbox 1506 5644 1972 5716; x_wconf 71' lang='lat' dir='ltr'><strong>ipsius_virtutis,_</strong></span> <span class='ocrx_word' id='word_1_864' title='bbox 1988 5644 2071 5697; x_wconf 87' lang='lat' dir='ltr'><strong>vel</strong></span> 
     </span>
    </p>
   </div>
   <div class='ocr_carea' id='block_1_118' title="bbox 502 5714 2071 5784">
    <p class='ocr_par' dir='ltr' id='par_1_118' title="bbox 502 5714 2071 5784">
     <span class='ocr_line' id='line_1_118' title="bbox 502 5714 2071 5784; baseline -0.001 -15"><span class='ocrx_word' id='word_1_865' title='bbox 502 5714 648 5784; x_wconf 81' lang='lat' dir='ltr'><strong>quod</strong></span> <span class='ocrx_word' id='word_1_866' title='bbox 678 5718 842 5770; x_wconf 83' lang='lat' dir='ltr'><strong>Deum</strong></span> <span class='ocrx_word' id='word_1_867' title='bbox 885 5717 963 5771; x_wconf 86' lang='lat' dir='ltr'><strong>illi</strong></span> <span class='ocrx_word' id='word_1_868' title='bbox 1010 5719 1213 5771; x_wconf 83' lang='lat' dir='ltr'><strong>dixisse</strong></span> <span class='ocrx_word' id='word_1_869' title='bbox 1262 5714 1640 5771; x_wconf 83' lang='lat' dir='ltr'><strong>audivissent:</strong></span> <span class='ocrx_word' id='word_1_870' title='bbox 1680 5714 1812 5768; x_wconf 78' lang='lat' dir='ltr'><strong>Ecce</strong></span> <span class='ocrx_word' id='word_1_871' title='bbox 1852 5714 1974 5766; x_wconf 84' lang='lat' dir='ltr'><strong>dedi</strong></span> <span class='ocrx_word' id='word_1_872' title='bbox 2022 5725 2071 5767; x_wconf 90' lang='lat' dir='ltr'><strong>te</strong></span> 
     </span>
    </p>
   </div>
   <div class='ocr_carea' id='block_1_119' title="bbox 502 5785 2068 5855">
    <p class='ocr_par' dir='ltr' id='par_1_119' title="bbox 502 5785 2068 5855">
     <span class='ocr_line' id='line_1_119' title="bbox 502 5785 2068 5855; baseline 0 -17"><span class='ocrx_word' id='word_1_873' title='bbox 502 5788 668 5838; x_wconf 80' lang='lat' dir='ltr'><strong>Deum</strong></span> <span class='ocrx_word' id='word_1_874' title='bbox 685 5787 979 5840; x_wconf 81' lang='lat' dir='ltr'><strong>Pharaoni.</strong></span> <span class='ocrx_word' id='word_1_875' title='bbox 1007 5790 1075 5841; x_wconf 84' lang='lat' dir='ltr'><strong>At</strong></span> <span class='ocrx_word' id='word_1_876' title='bbox 1102 5787 1367 5850; x_wconf 82' lang='lat' dir='ltr'><strong>Justinus,</strong></span> <span class='ocrx_word' id='word_1_877' title='bbox 1402 5789 1493 5855; x_wconf 87' lang='lat' dir='ltr'><strong>qui</strong></span> <span class='ocrx_word' id='word_1_878' title='bbox 1537 5787 1653 5839; x_wconf 66' lang='lat' dir='ltr'><strong>haec</strong></span> <span class='ocrx_word' id='word_1_879' title='bbox 1701 5786 1915 5853; x_wconf 88' lang='lat' dir='ltr'><strong>ipsisin</strong></span> <span class='ocrx_word' id='word_1_880' title='bbox 1944 5785 2068 5838; x_wconf 81' lang='lat' dir='ltr'><strong>lon-</strong></span> 
     </span>
    </p>
   </div>
   <div class='ocr_carea' id='block_1_120' title="bbox 504 5858 2066 5927">
    <p class='ocr_par' dir='ltr' id='par_1_120' title="bbox 504 5858 2066 5927">
     <span class='ocr_line' id='line_1_120' title="bbox 504 5858 2066 5927; baseline -0.001 -16"><span class='ocrx_word' id='word_1_881' title='bbox 504 5859 645 5912; x_wconf 76' lang='lat' dir='ltr'><strong>tibus</strong></span> <span class='ocrx_word' id='word_1_882' title='bbox 673 5858 986 5927; x_wconf 83' lang='lat' dir='ltr'><strong>hauriebat,</strong></span> <span class='ocrx_word' id='word_1_883' title='bbox 1015 5875 1121 5915; x_wconf 88' lang='lat' dir='ltr'><strong>non</strong></span> <span class='ocrx_word' id='word_1_884' title='bbox 1157 5858 1453 5914; x_wconf 85' lang='lat' dir='ltr'><strong>videturita</strong></span> <span class='ocrx_word' id='word_1_885' title='bbox 1487 5874 1514 5912; x_wconf 87' lang='lat' dir='ltr'><strong>a</strong></span> <span class='ocrx_word' id='word_1_886' title='bbox 1548 5858 1765 5916; x_wconf 85' lang='lat' dir='ltr'><strong>Diodori</strong></span> <span class='ocrx_word' id='word_1_887' title='bbox 1796 5858 2066 5912; x_wconf 85' lang='lat' dir='ltr'><strong>sententia</strong></span> 
     </span>
    </p>
   </div>
   <div class='ocr_carea' id='block_1_121' title="bbox 2185 4651 3741 4731">
    <p class='ocr_par' dir='ltr' id='par_1_121' title="bbox 2185 4651 3741 4731">
     <span class='ocr_line' id='line_1_121' title="bbox 2185 4651 3741 4731; baseline -0.003 -19"><span class='ocrx_word' id='word_1_888' title='bbox 2185 4651 2636 4731; x_wconf 41' lang='lat' dir='ltr'><strong>planus&#39;aliquis,‘</strong></span> <span class='ocrx_word' id='word_1_889' title='bbox 2656 4675 2712 4715; x_wconf 89' lang='lat' dir='ltr'><strong>ut</strong></span> <span class='ocrx_word' id='word_1_890' title='bbox 2750 4662 2918 4729; x_wconf 89' lang='lat' dir='ltr'><strong>iniqui</strong></span> <span class='ocrx_word' id='word_1_891' title='bbox 2950 4651 3333 4731; x_wconf 81' lang='lat' dir='ltr'><strong>conviciatores</strong></span> <span class='ocrx_word' id='word_1_892' title='bbox 3366 4651 3628 4731; x_wconf 74' lang='lat' dir='ltr'><strong>dictitant,</strong></span> <span class='ocrx_word' id='word_1_893' title='bbox 3658 4651 3741 4731; x_wconf 67' lang='lat' dir='ltr'><strong>sed</strong></span> 
     </span>
    </p>
   </div>
   <div class='ocr_carea' id='block_1_122' title="bbox 2184 4726 3739 4799">
    <p class='ocr_par' dir='ltr' id='par_1_122' title="bbox 2184 4726 3739 4799">
     <span class='ocr_line' id='line_1_122' title="bbox 2184 4726 3739 4799; baseline -0.001 -17"><span class='ocrx_word' id='word_1_894' title='bbox 2184 4732 2365 4798; x_wconf 85' lang='lat' dir='ltr'><strong>quales</strong></span> <span class='ocrx_word' id='word_1_895' title='bbox 2392 4726 2530 4795; x_wconf 78' lang='lat' dir='ltr'><strong>apud</strong></span> <span class='ocrx_word' id='word_1_896' title='bbox 2560 4726 2770 4786; x_wconf 72' lang='lat' dir='ltr'><strong>ercos</strong></span> <span class='ocrx_word' id='word_1_897' title='bbox 2810 4726 3112 4799; x_wconf 77' lang='lat' dir='ltr'><strong>Minoemet</strong></span> <span class='ocrx_word' id='word_1_898' title='bbox 3145 4730 3282 4784; x_wconf 85' lang='lat' dir='ltr'><strong>alios</strong></span> <span class='ocrx_word' id='word_1_899' title='bbox 3305 4740 3416 4796; x_wconf 89' lang='lat' dir='ltr'><strong>post</strong></span> <span class='ocrx_word' id='word_1_900' title='bbox 3435 4744 3553 4781; x_wconf 89' lang='lat' dir='ltr'><strong>eum</strong></span> <span class='ocrx_word' id='word_1_901' title='bbox 3595 4726 3739 4799; x_wconf 49' lang='lat' dir='ltr'><strong>legis:</strong></span> 
     </span>
    </p>
   </div>
   <div class='ocr_carea' id='block_1_123' title="bbox 2184 4793 3741 4871">
    <p class='ocr_par' dir='ltr' id='par_1_123' title="bbox 2184 4793 3741 4871">
     <span class='ocr_line' id='line_1_123' title="bbox 2184 4793 3741 4871; baseline -0.006 -20"><span class='ocrx_word' id='word_1_902' title='bbox 2184 4793 2379 4871; x_wconf 72' lang='lat' dir='ltr'><strong>latores</strong></span> <span class='ocrx_word' id='word_1_903' title='bbox 2394 4793 2656 4855; x_wconf 47' lang='lat' dir='ltr'><strong>exstitisse</strong></span> <span class='ocrx_word' id='word_1_904' title='bbox 2671 4804 2990 4871; x_wconf 87' lang='lat' dir='ltr'><strong>gloriantur.</strong></span> <span class='ocrx_word' id='word_1_905' title='bbox 3016 4798 3223 4871; x_wconf 80' lang='lat' dir='ltr'><strong>[lorum</strong></span> <span class='ocrx_word' id='word_1_906' title='bbox 3236 4793 3369 4871; x_wconf 78' lang='lat' dir='ltr'><strong>enim</strong></span> <span class='ocrx_word' id='word_1_907' title='bbox 3388 4800 3596 4871; x_wconf 85' lang='lat' dir='ltr'><strong>quidam</strong></span> <span class='ocrx_word' id='word_1_908' title='bbox 3611 4793 3741 4854; x_wconf 82' lang='lat' dir='ltr'><strong>.lori,</strong></span> 
     </span>
    </p>
   </div>
   <div class='ocr_carea' id='block_1_124' title="bbox 2182 4869 3734 4941">
    <p class='ocr_par' dir='ltr' id='par_1_124' title="bbox 2182 4869 3734 4941">
     <span class='ocr_line' id='line_1_124' title="bbox 2182 4869 3734 4941; baseline -0.006 -20"><span class='ocrx_word' id='word_1_909' title='bbox 2182 4870 2358 4925; x_wconf 84' lang='lat' dir='ltr'><strong>Minos</strong></span> <span class='ocrx_word' id='word_1_910' title='bbox 2387 4885 2560 4925; x_wconf 90' lang='lat' dir='ltr'><strong>autem</strong></span> <span class='ocrx_word' id='word_1_911' title='bbox 2592 4869 2822 4941; x_wconf 79' lang='lat' dir='ltr'><strong>Apollini</strong></span> <span class='ocrx_word' id='word_1_912' title='bbox 2845 4882 2893 4924; x_wconf 91' lang='lat' dir='ltr'><strong>et</strong></span> <span class='ocrx_word' id='word_1_913' title='bbox 2930 4873 3144 4923; x_wconf 86' lang='lat' dir='ltr'><strong>oraculo</strong></span> <span class='ocrx_word' id='word_1_914' title='bbox 3172 4869 3441 4941; x_wconf 12' lang='lat' dir='ltr'><strong>Delphico,</strong></span> <span class='ocrx_word' id='word_1_915' title='bbox 3465 4870 3596 4941; x_wconf 85' lang='lat' dir='ltr'><strong>leges</strong></span> <span class='ocrx_word' id='word_1_916' title='bbox 3619 4876 3734 4915; x_wconf 85' lang='lat' dir='ltr'><strong>suas</strong></span> 
     </span>
    </p>
   </div>
   <div class='ocr_carea' id='block_1_125' title="bbox 2180 4940 3739 5010">
    <p class='ocr_par' dir='ltr' id='par_1_125' title="bbox 2180 4940 3739 5010">
     <span class='ocr_line' id='line_1_125' title="bbox 2180 4940 3739 5010; baseline -0.005 -19"><span class='ocrx_word' id='word_1_917' title='bbox 2180 4955 2421 5009; x_wconf 84' lang='lat' dir='ltr'><strong>acceptas</strong></span> <span class='ocrx_word' id='word_1_918' title='bbox 2468 4944 2747 5010; x_wconf 73' lang='lat' dir='ltr'><strong>referebat,</strong></span> <span class='ocrx_word' id='word_1_919' title='bbox 2781 4943 2889 4995; x_wconf 84' lang='lat' dir='ltr'><strong>sive</strong></span> <span class='ocrx_word' id='word_1_920' title='bbox 2924 4943 3064 5009; x_wconf 88' lang='lat' dir='ltr'><strong>quod</strong></span> <span class='ocrx_word' id='word_1_921' title='bbox 3091 4944 3165 4992; x_wconf 91' lang='lat' dir='ltr'><strong>ita</strong></span> <span class='ocrx_word' id='word_1_922' title='bbox 3194 4956 3248 4994; x_wconf 85' lang='lat' dir='ltr'><strong>se</strong></span> <span class='ocrx_word' id='word_1_923' title='bbox 3289 4956 3397 4993; x_wconf 87' lang='lat' dir='ltr'><strong>rem</strong></span> <span class='ocrx_word' id='word_1_924' title='bbox 3423 4940 3609 4991; x_wconf 85' lang='lat' dir='ltr'><strong>habere</strong></span> <span class='ocrx_word' id='word_1_925' title='bbox 3637 4946 3739 5010; x_wconf 77' lang='lat' dir='ltr'><strong>cre-</strong></span> 
     </span>
    </p>
   </div>
   <div class='ocr_carea' id='block_1_126' title="bbox 2180 5008 3738 5082">
    <p class='ocr_par' dir='ltr' id='par_1_126' title="bbox 2180 5008 3738 5082">
     <span class='ocr_line' id='line_1_126' title="bbox 2180 5008 3738 5082; baseline -0.007 -20"><span class='ocrx_word' id='word_1_926' title='bbox 2180 5008 2379 5082; x_wconf 78' lang='lat' dir='ltr'><strong>derent,</strong></span> <span class='ocrx_word' id='word_1_927' title='bbox 2405 5015 2509 5066; x_wconf 87' lang='lat' dir='ltr'><strong>sive</strong></span> <span class='ocrx_word' id='word_1_928' title='bbox 2529 5008 2675 5082; x_wconf 81' lang='lat' dir='ltr'><strong>quod</strong></span> <span class='ocrx_word' id='word_1_929' title='bbox 2690 5008 2902 5081; x_wconf 85' lang='lat' dir='ltr'><strong>facilius</strong></span> <span class='ocrx_word' id='word_1_930' title='bbox 2924 5008 3272 5082; x_wconf 76' lang='lat' dir='ltr'><strong>persuasuros</strong></span> <span class='ocrx_word' id='word_1_931' title='bbox 3293 5026 3348 5063; x_wconf 91' lang='lat' dir='ltr'><strong>se</strong></span> <span class='ocrx_word' id='word_1_932' title='bbox 3373 5008 3738 5082; x_wconf 73' lang='lat' dir='ltr'><strong>existimarent.</strong></span> 
     </span>
    </p>
   </div>
   <div class='ocr_carea' id='block_1_127' title="bbox 2178 5079 3737 5150">
    <p class='ocr_par' dir='ltr' id='par_1_127' title="bbox 2178 5079 3737 5150">
     <span class='ocr_line' id='line_1_127' title="bbox 2178 5079 3737 5150; baseline -0.006 -17"><span class='ocrx_word' id='word_1_933' title='bbox 2178 5079 2524 5137; x_wconf 88' lang='lat' dir='ltr'><strong>Perabsurda</strong></span> <span class='ocrx_word' id='word_1_934' title='bbox 2551 5079 2699 5137; x_wconf 80' lang='lat' dir='ltr'><strong>sane</strong></span> <span class='ocrx_word' id='word_1_935' title='bbox 2730 5083 2997 5136; x_wconf 88' lang='lat' dir='ltr'><strong>timiditas</strong></span> <span class='ocrx_word' id='word_1_936' title='bbox 3034 5079 3279 5150; x_wconf 82' lang='lat' dir='ltr'><strong>Josepbi,</strong></span> <span class='ocrx_word' id='word_1_937' title='bbox 3304 5081 3397 5147; x_wconf 91' lang='lat' dir='ltr'><strong>qui</strong></span> <span class='ocrx_word' id='word_1_938' title='bbox 3434 5080 3486 5150; x_wconf 85' lang='lat' dir='ltr'><strong>in</strong></span> <span class='ocrx_word' id='word_1_939' title='bbox 3518 5079 3631 5150; x_wconf 86' lang='lat' dir='ltr'><strong>ipso</strong></span> <span class='ocrx_word' id='word_1_940' title='bbox 3660 5086 3737 5124; x_wconf 88' lang='lat' dir='ltr'><strong>re-</strong></span> 
     </span>
    </p>
   </div>
   <div class='ocr_carea' id='block_1_128' title="bbox 2179 5148 3739 5221">
    <p class='ocr_par' dir='ltr' id='par_1_128' title="bbox 2179 5148 3739 5221">
     <span class='ocr_line' id='line_1_128' title="bbox 2179 5148 3739 5221; baseline 0 -20"><span class='ocrx_word' id='word_1_941' title='bbox 2179 5150 2394 5221; x_wconf 87' lang='lat' dir='ltr'><strong>ligionis</strong></span> <span class='ocrx_word' id='word_1_942' title='bbox 2421 5154 2670 5218; x_wconf 89' lang='lat' dir='ltr'><strong>cardine,</strong></span> <span class='ocrx_word' id='word_1_943' title='bbox 2702 5158 2827 5206; x_wconf 90' lang='lat' dir='ltr'><strong>dum</strong></span> <span class='ocrx_word' id='word_1_944' title='bbox 2853 5150 3135 5221; x_wconf 3' lang='lat' dir='ltr'><strong>metuitque</strong></span> <span class='ocrx_word' id='word_1_945' title='bbox 3166 5148 3342 5204; x_wconf 72' lang='lat' dir='ltr'><strong>risum</strong></span> <span class='ocrx_word' id='word_1_946' title='bbox 3381 5148 3607 5221; x_wconf 80' lang='lat' dir='ltr'><strong>etlmicis</strong></span> <span class='ocrx_word' id='word_1_947' title='bbox 3636 5155 3739 5221; x_wconf 76' lang='lat' dir='ltr'><strong>I_I_10-</strong></span> 
     </span>
    </p>
   </div>
   <div class='ocr_carea' id='block_1_129' title="bbox 2180 5214 3733 5292">
    <p class='ocr_par' dir='ltr' id='par_1_129' title="bbox 2180 5214 3733 5292">
     <span class='ocr_line' id='line_1_129' title="bbox 2180 5214 3733 5292; baseline -0.008 -20"><span class='ocrx_word' id='word_1_948' title='bbox 2180 5214 2328 5287; x_wconf 66' lang='grc' dir='ltr'>νέοι,</span> <span class='ocrx_word' id='word_1_949' title='bbox 2384 5233 2478 5277; x_wconf 88' lang='lat' dir='ltr'><strong>aut</strong></span> <span class='ocrx_word' id='word_1_950' title='bbox 2508 5214 2667 5278; x_wconf 81' lang='lat' dir='ltr'><strong>ﬁdem</strong></span> <span class='ocrx_word' id='word_1_951' title='bbox 2705 5238 2812 5277; x_wconf 85' lang='lat' dir='ltr'><strong>non</strong></span> <span class='ocrx_word' id='word_1_952' title='bbox 2840 5222 3025 5286; x_wconf 78' lang='lat' dir='ltr'><strong>faciat,</strong></span> <span class='ocrx_word' id='word_1_953' title='bbox 3051 5220 3255 5292; x_wconf 88' lang='lat' dir='ltr'><strong>Moysis</strong></span> <span class='ocrx_word' id='word_1_954' title='bbox 3288 5236 3413 5275; x_wconf 90' lang='lat' dir='ltr'><strong>cum</strong></span> <span class='ocrx_word' id='word_1_955' title='bbox 3444 5219 3554 5273; x_wconf 87' lang='lat' dir='ltr'><strong>Deo</strong></span> <span class='ocrx_word' id='word_1_956' title='bbox 3578 5214 3733 5292; x_wconf 50' lang='lat' dir='ltr'><strong>collo:</strong></span> 
     </span>
    </p>
   </div>
   <div class='ocr_carea' id='block_1_130' title="bbox 2177 5291 3731 5359">
    <p class='ocr_par' dir='ltr' id='par_1_130' title="bbox 2177 5291 3731 5359">
     <span class='ocr_line' id='line_1_130' title="bbox 2177 5291 3731 5359; baseline -0.003 -14"><span class='ocrx_word' id='word_1_957' title='bbox 2177 5295 2304 5359; x_wconf 88' lang='lat' dir='ltr'><strong>quia</strong></span> <span class='ocrx_word' id='word_1_958' title='bbox 2333 5304 2410 5349; x_wconf 90' lang='lat' dir='ltr'><strong>tot</strong></span> <span class='ocrx_word' id='word_1_959' title='bbox 2459 5294 2781 5349; x_wconf 89' lang='lat' dir='ltr'><strong>certissimis</strong></span> <span class='ocrx_word' id='word_1_960' title='bbox 2806 5294 2969 5346; x_wconf 89' lang='lat' dir='ltr'><strong>rebus</strong></span> <span class='ocrx_word' id='word_1_961' title='bbox 2994 5291 3194 5346; x_wconf 81' lang='lat' dir='ltr'><strong>testata</strong></span> <span class='ocrx_word' id='word_1_962' title='bbox 3234 5292 3318 5345; x_wconf 91' lang='lat' dir='ltr'><strong>sic</strong></span> <span class='ocrx_word' id='word_1_963' title='bbox 3355 5292 3553 5359; x_wconf 86' lang='lat' dir='ltr'><strong>elevat,</strong></span> <span class='ocrx_word' id='word_1_964' title='bbox 3595 5291 3731 5350; x_wconf 71' lang='lat' dir='ltr'><strong>quasI</strong></span> 
     </span>
    </p>
   </div>
   <div class='ocr_carea' id='block_1_131' title="bbox 2179 5358 3729 5434">
    <p class='ocr_par' dir='ltr' id='par_1_131' title="bbox 2179 5358 3729 5434">
     <span class='ocr_line' id='line_1_131' title="bbox 2179 5358 3729 5434; baseline -0.002 -19"><span class='ocrx_word' id='word_1_965' title='bbox 2179 5358 2345 5417; x_wconf 83' lang='lat' dir='ltr'><strong>totam</strong></span> <span class='ocrx_word' id='word_1_966' title='bbox 2397 5380 2510 5419; x_wconf 89' lang='lat' dir='ltr'><strong>rem</strong></span> <span class='ocrx_word' id='word_1_967' title='bbox 2558 5364 2789 5434; x_wconf 83' lang='lat' dir='ltr'><strong>Moyses,</strong></span> <span class='ocrx_word' id='word_1_968' title='bbox 2822 5374 2881 5416; x_wconf 89' lang='lat' dir='ltr'><strong>ut</strong></span> <span class='ocrx_word' id='word_1_969' title='bbox 2912 5373 3102 5431; x_wconf 87' lang='lat' dir='ltr'><strong>postea</strong></span> <span class='ocrx_word' id='word_1_970' title='bbox 3152 5362 3325 5417; x_wconf 87' lang='lat' dir='ltr'><strong>Minos</strong></span> <span class='ocrx_word' id='word_1_971' title='bbox 3350 5372 3406 5416; x_wconf 89' lang='lat' dir='ltr'><strong>et</strong></span> <span class='ocrx_word' id='word_1_972' title='bbox 3446 5358 3729 5429; x_wconf 56' lang='lat' dir='ltr'><strong>Lycurgus,</strong></span> 
     </span>
    </p>
   </div>
   <div class='ocr_carea' id='block_1_132' title="bbox 2177 5434 3277 5488">
    <p class='ocr_par' dir='ltr' id='par_1_132' title="bbox 2177 5434 3277 5488">
     <span class='ocr_line' id='line_1_132' title="bbox 2177 5434 3277 5488; baseline 0 -3"><span class='ocrx_word' id='word_1_973' title='bbox 2177 5435 2244 5487; x_wconf 82' lang='lat' dir='ltr'><strong>ad</strong></span> <span class='ocrx_word' id='word_1_974' title='bbox 2272 5434 2641 5488; x_wconf 88' lang='lat' dir='ltr'><strong>multitudinis</strong></span> <span class='ocrx_word' id='word_1_975' title='bbox 2678 5436 2968 5488; x_wconf 82' lang='lat' dir='ltr'><strong>utilitatem</strong></span> <span class='ocrx_word' id='word_1_976' title='bbox 3000 5434 3277 5487; x_wconf 77' lang='lat' dir='ltr'><strong>tinxisset.</strong></span> 
     </span>
    </p>
   </div>
   <div class='ocr_carea' id='block_1_133' title="bbox 2248 5489 3721 5575">
    <p class='ocr_par' dir='ltr' id='par_1_133' title="bbox 2248 5489 3721 5575">
     <span class='ocr_line' id='line_1_133' title="bbox 2248 5489 3721 5575; baseline -0.02 -2"><span class='ocrx_word' id='word_1_977' title='bbox 2248 5504 2362 5575; x_wconf 80' lang='lat'><strong>(99)</strong></span> <span class='ocrx_word' id='word_1_978' title='bbox 2390 5506 2743 5573; x_wconf 73' lang='grc' dir='ltr'>κρίναντας.</span> <span class='ocrx_word' id='word_1_979' title='bbox 2775 5506 2867 5575; x_wconf 66' lang='lat' dir='ltr'><strong>Sic</strong></span> <span class='ocrx_word' id='word_1_980' title='bbox 2905 5505 3141 5559; x_wconf 85' lang='lat' dir='ltr'><strong>habuere</strong></span> <span class='ocrx_word' id='word_1_981' title='bbox 3160 5506 3333 5573; x_wconf 87' lang='lat' dir='ltr'><strong>prima</strong></span> <span class='ocrx_word' id='word_1_982' title='bbox 3362 5517 3521 5556; x_wconf 89' lang='lat' dir='ltr'><strong>manu</strong></span> <span class='ocrx_word' id='word_1_983' title='bbox 3550 5497 3671 5575; x_wconf 75' lang='lat' dir='ltr'><strong>Reg.</strong></span> <span class='ocrx_word' id='word_1_984' title='bbox 3701 5489 3721 5541; x_wconf 86' lang='lat'><strong>1</strong></span> 
     </span>
    </p>
   </div>
   <div class='ocr_carea' id='block_1_134' title="bbox 2173 5565 3729 5647">
    <p class='ocr_par' dir='ltr' id='par_1_134' title="bbox 2173 5565 3729 5647">
     <span class='ocr_line' id='line_1_134' title="bbox 2173 5565 3729 5647; baseline -0.006 -22"><span class='ocrx_word' id='word_1_985' title='bbox 2173 5584 2227 5647; x_wconf 74' lang='lat' dir='ltr'><strong>et</strong></span> <span class='ocrx_word' id='word_1_986' title='bbox 2253 5565 2307 5647; x_wconf 47' lang='grc' dir='ltr'><strong>ξ’</strong></span> <span class='ocrx_word' id='word_1_987' title='bbox 2344 5565 2593 5629; x_wconf 50' lang='lat' dir='ltr'><strong>&#39;et&#39;mox</strong></span> <span class='ocrx_word' id='word_1_988' title='bbox 2641 5565 3014 5647; x_wconf 72' lang='grc' dir='ltr'>διαλαϐόντας.</span> <span class='ocrx_word' id='word_1_989' title='bbox 3056 5565 3211 5647; x_wconf 20' lang='lat' dir='ltr'><strong>Ediliﬂ</strong></span> <span class='ocrx_word' id='word_1_990' title='bbox 3248 5565 3729 5647; x_wconf 17' lang='grc' dir='ltr'>κρίνοντοςλειδιατ</span> 
     </span>
    </p>
   </div>
   <div class='ocr_carea' id='block_1_135' title="bbox 2173 5640 3728 5718">
    <p class='ocr_par' dir='ltr' id='par_1_135' title="bbox 2173 5640 3728 5718">
     <span class='ocr_line' id='line_1_135' title="bbox 2173 5640 3728 5718; baseline -0.004 -23"><span class='ocrx_word' id='word_1_991' title='bbox 2173 5644 2481 5718; x_wconf 41' lang='grc' dir='ltr'>λαϐόντοςη</span> <span class='ocrx_word' id='word_1_992' title='bbox 2504 5646 2729 5718; x_wconf 86' lang='lat' dir='ltr'><strong>Legitur</strong></span> <span class='ocrx_word' id='word_1_993' title='bbox 2770 5646 3033 5717; x_wconf 85' lang='grc' dir='ltr'>κρίναντα</span> <span class='ocrx_word' id='word_1_994' title='bbox 3086 5646 3138 5699; x_wconf 89' lang='lat' dir='ltr'><strong>in</strong></span> <span class='ocrx_word' id='word_1_995' title='bbox 3188 5640 3321 5715; x_wconf 63' lang='lat' dir='ltr'><strong>licg&#39;.</strong></span> <span class='ocrx_word' id='word_1_996' title='bbox 3344 5648 3398 5709; x_wconf 72' lang='lat'><strong>3,</strong></span> <span class='ocrx_word' id='word_1_997' title='bbox 3434 5645 3656 5716; x_wconf 61' lang='lat' dir='ltr'><strong>(Jolbert.</strong></span> <span class='ocrx_word' id='word_1_998' title='bbox 3678 5640 3728 5718; x_wconf 56' lang='lat' dir='ltr'><strong>fl</strong></span> 
     </span>
    </p>
   </div>
   <div class='ocr_carea' id='block_1_136' title="bbox 2172 5716 3726 5840">
    <p class='ocr_par' dir='ltr' id='par_1_136' title="bbox 2172 5716 3726 5840">
     <span class='ocr_line' id='line_1_136' title="bbox 2172 5716 3726 5840; baseline -0.005 -70"><span class='ocrx_word' id='word_1_999' title='bbox 2172 5718 2411 5840; x_wconf 57' lang='grc' dir='ltr'>μιίὲὲοιη.</span> <span class='ocrx_word' id='word_1_1000' title='bbox 2442 5716 2639 5775; x_wconf 79' lang='lat' dir='ltr'><strong>Habuit</strong></span> <span class='ocrx_word' id='word_1_1001' title='bbox 2666 5716 2831 5775; x_wconf 86' lang='lat' dir='ltr'><strong>etiam</strong></span> <span class='ocrx_word' id='word_1_1002' title='bbox 2861 5718 3209 5774; x_wconf 70' lang='lat' dir='ltr'><strong>Colbertiuus</strong></span> <span class='ocrx_word' id='word_1_1003' title='bbox 3240 5732 3416 5786; x_wconf 85' lang='lat' dir='ltr'><strong>prima</strong></span> <span class='ocrx_word' id='word_1_1004' title='bbox 3450 5724 3601 5768; x_wconf 85' lang='lat' dir='ltr'><strong>manu</strong></span> <span class='ocrx_word' id='word_1_1005' title='bbox 3623 5716 3726 5757; x_wconf 59' lang='grc' dir='ltr'><strong>οων</strong></span> 
     </span>
     <span class='ocr_line' id='line_1_137' title="bbox 2172 5802 2453 5840; baseline 0.007 -2"><span class='ocrx_word' id='word_1_1006' title='bbox 2172 5802 2237 5840; x_wconf 73' lang='grc' dir='ltr'>Λα</span> <span class='ocrx_word' id='word_1_1007' title='bbox 2306 5805 2453 5840; x_wconf 77' lang='grc' dir='ltr'>νταε.</span> 
     </span>
    </p>
   </div>
   <div class='ocr_carea' id='block_1_137' title="bbox 2172 5802 2453 5852">
    <p class='ocr_par' dir='ltr' id='par_1_137' title="bbox 2172 5802 2453 5852">
     <span class='ocr_line' id='line_1_138' title="bbox 2172 5802 2453 5852; baseline 0.004 -13"><span class='ocrx_word' id='word_1_1008' title='bbox 2172 5802 2453 5852; x_wconf 79' lang='grc' dir='ltr'>Ααοοντας.</span> 
     </span>
    </p>
   </div>
  </div>
