3948 6256
413 429 514 487 £63

1445 422 1504 480 s.
1542 405 1805 479 JUSTINI
1832 410 2254 479 PHILOSOPHI
2285 401 2375 475 ET
2408 403 2770 475 MARTYRIS

3569 404 3678 469 2'64

409 548 593 603 obrcm
625 547 1052 603 consentaneum
1101 547 1240 600 dnco
1272 559 1414 600 nunc
1440 545 1597 600 vobis
1628 545 1681 600 in
1729 555 1977 615 tempore

2098 546 2296 616 ὶπάτην
2355 539 2738 614 τραπήσεσθε·
2789 533 2932 614 ουτω
2983 535 3092 609 γάρ
3144 533 3358 608 ἀκήκοα
3408 535 3682 603 λεγόντων

409 637 677 706 proferre,
706 651 828 706 quae
873 636 1023 705 prius
1052 638 1197 705 apud
1230 650 1324 690 vos
1357 635 1443 691 his
1485 637 1551 690 de
1583 637 1748 691 rebus
1778 635 1981 690 audivi.

405 729 722 785 Consulenti
742 729 886 784 enim
912 730 1153 796 cuidam,
1182 739 1244 783 ttt
1270 729 1373 801 ipsi
1399 730 1670 796 narratis,
1700 728 1985 785 oraculum

407 827 675 879 vestrum.
704 820 901 890 quibus
930 821 1144 876 tandem
1177 821 1493 877 hominibus
1527 819 1634 891 piis
1661 834 1784 877 esse
1809 835 1872 876 ac
1901 835 1988 876 re-

408 911 615 983 ligiosis
648 911 936 982 aliquando
961 914 1320 983 contigisset,
1362 915 1442 970 sic
1471 912 1756 970 oraculum
1804 913 1987 969 dicitis

409 1003 758 1072 respondisse

485 1183 604 1239 Soli
627 1180 868 1236 Chaldwi
890 1182 1198 1251 sapientiam
1215 1183 1389 1237 sortiti
1405 1184 1525 1237 sunt
1551 1181 1602 1238 et
1633 1181 1845 1240 Hebmi

479 1253 587 1308 Per
615 1270 670 1307 se
695 1254 927 1322 genitum
960 1269 1128 1321 regem
1159 1265 1384 1307 cotentes
1414 1253 1584 1306 Deum
1608 1255 1803 1320 ipsum.

479 1433 744 1500 Quoniam
773 1446 904 1502 ergo
943 1431 1100 1486 vobis
1122 1430 1379 1486 videmini
1413 1445 1481 1485 ex
1519 1430 1762 1484 oraculis
1787 1427 1989 1484 vestris

406 1540 598 1581 verum
645 1538 805 1593 posse
847 1523 1092 1585 discere;
1123 1523 1249 1576 dum
1291 1522 1554 1577 historias
1585 1521 1763 1592 legitis
1788 1530 1841 1576 et
1868 1535 1990 1590 quae

407 1620 476 1673 de
523 1616 724 1689 Moysis
771 1615 878 1670 vita
945 1615 1197 1670 homines
1259 1623 1464 1670 nostra:
1517 1613 1770 1682 religioni
1825 1611 1988 1666 alieni

407 1711 718 1779 scripsere,
768 1718 932 1779 atque
996 1723 1064 1764 ex
1113 1707 1490 1763 Chaldaeorum
1535 1717 1590 1762 et
1631 1706 1988 1760 Hebraeorum

406 1817 607 1873 genere
646 1812 827 1855 ortum
873 1814 996 1856 esse
1043 1800 1264 1872 Moysen
1314 1814 1380 1855 ac
1423 1803 1651 1854 caeteros
1691 1798 1988 1868 prophetas

405 1895 739 1964 perspicitis,
755 1895 981 1948 minime
1011 1894 1214 1954 mirum
1236 1902 1290 1948 et
1315 1893 1634 1948 incredibile
1657 1891 1988 1952 existimate,

403 1987 448 2042 si
474 1996 654 2042 ortum
683 2000 747 2041 ex
775 1986 864 2056 pio
887 1999 1085 2055 genere
1109 1985 1412 2050 hominem,
1440 1994 1496 2040 et
1523 1985 1685 2054 digne
1713 1981 1980 2052 majorum

402 2079 607 2148 pietate
658 2079 928 2133 viventem
978 2077 1071 2131 illo
1113 2077 1255 2132 dono
1291 2075 1436 2131 Deus
1462 2090 1662 2130 ornare
1691 2073 1864 2129 voluit
1919 2086 1985 2127 ac

404 2172 640 2242 primum
668 2171 910 2226 omnium
937 2169 1331 2239 prophetarum
1367 2167 1680 2238 designare.

476 2437 566 2492 12.
597 2437 732 2491 lllud
767 2435 934 2491 etiam
981 2433 1260 2504 inquirere
1289 2433 1658 2488 necessarium
1692 2429 1981 2492 arbritror,

404 2530 602 2600 quibus
649 2527 982 2598 temporibus
1004 2526 1179 2582 vestri
1203 2509 1524 2582 exstiterint
1548 2523 1879 2593 philosophi,
1923 2532 1985 2576 ut

405 2633 646 2686 aetatem,
675 2636 797 2691 qum
819 2621 974 2676 vobis
999 2619 1123 2675 illos
1148 2617 1361 2684 extulit,
1389 2625 1664 2672 recentem
1692 2614 1984 2670 admodum

405 2731 471 2771 ac
513 2717 734 2771 brevem
785 2727 909 2770 esse
954 2711 1320 2784 cognoscatis.
1357 2709 1449 2764 Sic
1491 2710 1638 2764 enim
1681 2717 1737 2763 et
1783 2706 1985 2778 Moysis

407 2811 791 2880 antiquitatem
840 2807 1055 2862 facilius
1098 2804 1349 2874 poteritis
1392 2803 1721 2873 perspicere.
1763 2800 1868 2858 Sed
1918 2815 1986 2855 ne

408 2914 656 2972 tempora
687 2913 1014 2970 percurrens
1049 2897 1268 2966 longius
1297 2896 1480 2951 facere
1509 2894 1718 2957 videar,
1750 2893 1796 2948 si
1825 2892 1989 2962 pluri-

405 2995 508 3048 bus
539 3001 662 3046 utar
697 2991 1065 3060 argumentis,
1095 2988 1202 3059 ιθ
1227 2987 1363 3041 satis
1411 2985 1653 3040 arbitror
1680 2983 1763 3038 vel
1792 2998 1861 3038 ex
1899 2982 1987 3036 his

407 3089 811 3141 demonstrare.
839 3083 1100 3139 Socrates
1128 3082 1275 3137 enim
1306 3079 1573 3144 Platonis,
1599 3079 1753 3134 Plato
1775 3077 1986 3132 Aristo-

414 3179 536 3234 telis
576 3185 903 3249 prteceptor.
951 3174 1016 3229 lli
1072 3183 1253 3228 autem
1314 3171 1544 3242 Philippi
1593 3181 1648 3226 et
1691 3170 1985 3226 Alexandri

409 3270 722 3328 Macedonis
744 3268 981 3325 ﬂoruere
1007 3269 1374 3338 temporibus,
1397 3267 1595 3334 quibus
1621 3264 1784 3319 etiam
1815 3264 1984 3316 Atlie-

411 3365 681 3420 nicnsium
727 3363 1002 3428 rhetores,
1052 3369 1116 3415 ut
1175 3359 1333 3414 nobis
1379 3367 1564 3429 aperte
1610 3358 1989 3412 demonstrant

410 3460 581 3528 ipsius
610 3455 999 3513 Demosthenis
1025 3453 1245 3524 scriptae
1268 3453 1323 3507 in
1349 3451 1658 3520 Philippum
1687 3448 1984 3504 orationes.

406 3549 760 3606 Aristotelem
793 3557 972 3603 autem
1015 3563 1139 3603 cum
1171 3545 1480 3601 Alexandro
1509 3551 1774 3613 regnante
1801 3554 1988 3596 versa-

408 3654 522 3696 tum
548 3655 704 3706 esse,
731 3639 1030 3708 scriptores
1056 3653 1239 3693 rerum
1270 3637 1337 3691 ab
1366 3635 1679 3691 Alexandro
1705 3642 1984 3702 gestarum

407 3735 550 3788 satis
576 3731 880 3787 declarant.
923 3729 1298 3798 Undequaque
1327 3728 1492 3797 igitur
1524 3726 1684 3782 facile
1711 3725 1988 3796 cognosci-

410 3835 498 3878 tur
547 3822 716 3876 ntulto
749 3821 1006 3877 omnibus
1043 3821 1292 3876 externis
1327 3820 1574 3875 historiis
1620 3819 1987 3888 antiquiorem

411 3931 535 3971 esse
561 3914 764 3985 Moysis
786 3913 1095 3968 historiam.
1125 3913 1398 3968 Praeterea
1428 3926 1526 3966 nec
1551 3910 1683 3966 illud
1713 3925 1806 3965 vos
1831 3912 1987 3965 decet

413 4007 669 4076 ignorare
688 4047 703 4071 ,
734 4006 872 4060 nihil
894 4022 926 4061 a
955 4005 1164 4062 Graecis
1195 4013 1323 4060 ante
1350 4003 1702 4076 Olympiades
1731 4012 1986 4059 accurate

409 4101 696 4168 scriptum,
743 4113 923 4168 neque
966 4099 1133 4154 ullum
1175 4113 1299 4154 esse
1340 4108 1498 4154 vetus
1541 4107 1983 4160 monumentum,

407 4196 552 4264 quod
581 4209 698 4250 rem
728 4209 756 4249 a
791 4193 995 4250 Gracia
1027 4202 1126 4248 aut
1159 4192 1410 4248 barbaris
1443 4201 1650 4264 gestam
1679 4190 1984 4261 perhibeat.

409 4288 538 4345 Sola
571 4299 698 4342 ante
745 4285 877 4342 illud
919 4295 1132 4355 tempus
1174 4284 1427 4339 exstabat
1471 4285 1747 4354 prophetae
1787 4282 1986 4354 Moysis

408 4381 659 4445 historia,
711 4394 876 4448 quam
924 4378 1108 4433 divino
1155 4375 1336 4432 aﬂlatu
1390 4377 1585 4432 litteris
1629 4375 1986 4431 Hebraeorum

409 4471 840 4529 commendavit.
887 4469 1137 4526 Nondum
1173 4469 1322 4525 enim
1353 4478 1513 4523 erant
1540 4469 1738 4523 litterae
1763 4467 1986 4522 Graeco-

412 4579 559 4630 rum,
611 4571 670 4616 ut
721 4563 826 4632 ipsi
879 4561 1164 4618 declarant
1213 4560 1521 4616 litterarum
1579 4560 1848 4630 magistri,
1895 4560 1987 4628 qui

2013 1958 2057 2014 Β

2087 636 2264 690 τινῶν.
2290 634 2500 688 Οὐκοῦν
2531 630 2820 688 ἀκόλουθον
2853 629 3121 701 ἡγοῦμαι,
3146 627 3182 682 ἃ.
3215 629 3346 698 παρ’
3381 627 3512 698 ὑμῖν
3546 626 3686 697 πρό-

2087 745 2242 800 τερον
2275 728 2404 799 περὶ
2434 725 2614 779 αὐτῶν
2633 724 2847 794 ἀκήκοα
2882 723 3170 790 λεγόντων,
3203 720 3376 774 ταῦτα
3411 722 3468 772 ἐν
3502 714 3687 790 καιρῷ

2087 819 2203 874 νυνὶ
2237 819 2374 890 πρὸς
2407 818 2552 888 ὑμᾶς
2587 817 2781 869 εἰπεῖν.
2814 813 3107 885 Ἐρομένου
3130 813 3240 884 γάρ
3273 829 3436 876 τινος,
3471 811 3548 874 ὡς
3579 811 3688 863 αὐ-

2087 912 2170 966 τοί
2203 928 2360 981 φατε,
2385 909 2477 964 τοῦ
2501 908 2632 980 παρ’
2657 909 2786 980 ὑμῖν
2819 908 3153 980 χρηστηρίου
3177 907 3253 977 (6)
3288 907 3441 968 τίνας
3475 903 3684 978 συνέϐη

2089 1004 2363 1068 θεοσεϐεῖς
2384 1002 2582 1075 ἄνδρας
2613 1001 2942 1072 γεγενῆσθαί
2978 1018 3129 1066 ποτε,
3165 997 3310 1054 οὓτω
3343 998 3402 1051 τὸ
3437 997 3689 1070 χρηστή-

2091 1114 2206 1167 ριον
2247 1085 2526 1168 εἰρηκέναι
2563 1091 2720 1164 φατέο

2151 1173 2377 1242 Μοῦνοι
2393 1187 2674 1241 Χαλδαῖοι
2692 1185 2920 1254 σοφίην
2935 1185 3151 1254 λάχον,
3170 1183 3262 1252 ἠδ’
3280 1183 3371 1252 ἄρ’
3401 1181 3687 1250 Ἐϐραῒοίε

2143 1257 2558 1328 Αὑτογένητον
2618 1257 2848 1310 ἄνακτα
2901 1254 3283 1324 σεϐαζόμενοι
3335 1254 3676 1396 [ἳεὸῖηαύ-

3361 1342 3393 1377 τ
3431 1342 3466 1377 ν
3525 1337 3527 1340 ·
3585 1363 3600 1377 .

2160 1442 2370 1496 Οὐκοῦν
2423 1443 2717 1516 ἐπειδήπερ
2770 1443 2947 1498 οἴεσθε
2982 1443 3136 1515 παρὰ
3185 1441 3294 1495 τῶν
3326 1437 3689 1512 χρηστηρίων

2090 1531 2244 1602 ὑμῶν
2275 1531 2530 1586 δύνασθαι
2565 1528 2772 1606 τάληθῆ
2827 1534 3120 1606 μανθάνειν
3141 1575 3156 1598 ,
3194 1534 3506 1602 ἐντυχόντες
3556 1533 3690 1596 ταῖς

2091 1620 2354 1691 ἱστορίαις
2389 1621 2613 1687 καὶτοῖς
2652 1622 2781 1695 περὶ
2813 1623 2906 1676 τοῦ
2943 1622 3059 1692 βίου
3081 1622 3359 1685 Μωΰσέως
3390 1623 3690 1692 γραφεῖσιν

2092 1711 2196 1764 ὑπὸ
2216 1712 2321 1765 τῶν
2343 1712 2541 1777 ἔξωθεν
2562 1713 2659 1785 τῆς
2680 1715 2954 1786 ἡμετέρας
2977 1713 3296 1786 θρησκείας,
3329 1714 3422 1768 καὶ
3453 1714 3688 1782 γνόντες

2090 1804 2173 1858 ὅτι
2205 1807 2271 1858 ἐκ
2319 1805 2412 1860 τοῦ
2447 1805 2552 1859 τῶν
2582 1808 2862 1860 Χαλδαίων
2897 1808 2990 1860 καὶ
3037 1807 3303 1879 Ἐϐραίων
3344 1808 3535 1875 γένους
3567 1808 3690 1880 ὥρ-

2095 1911 2234 1966 μητο
2266 1896 2542 1966 Μωῦσῆς,
2579 1897 2673 1950 καὶ
2729 1899 2778 1951 οἱ
2813 1897 2988 1952 λοιποὶ
3022 1897 3332 1968 προφῆται,
3373 1898 3536 1969 μηδὲν
3571 1916 3688 1952 πα-

2087 1989 2307 2063 ράδοξον
2337 1990 2665 2060 γεγενῆσθαι
2694 1991 2964 2062 νομίζετε,
2999 1994 3049 2044 εί
3087 1994 3153 2045 ἐκ
3171 1992 3360 2060 γένους
3381 1991 3516 2044 ὄντα
3549 1992 3684 2046 θεο-

2087 2083 2260 2137 σεϐῶν
2291 2083 2381 2137 τὸν
2413 2084 2602 2156 ἄνδρα,
2637 2084 2731 2137 καὶ
2776 2083 2942 2150 ἀξίως
2984 2085 3082 2154 τῆς
3115 2083 3223 2137 τῶν
3257 2085 3538 2156 προγόνων
3569 2085 3695 2138 θεο-

2086 2176 2304 2240 σεϐείας
2341 2177 2641 2246 βεϐιωκότα
2664 2218 2678 2242 ,
2719 2179 2748 2230 ὁ
2781 2176 2915 2241 Θεὸς
2948 2179 3014 2248 τῇ
3054 2177 3264 2249 μεγάλῃ
3295 2177 3468 2251 ταύτῃ
3500 2177 3691 2250 δωρεᾷ

2087 2270 2313 2341 τιμῆσαι
2348 2270 2617 2341 προῦθετο
2639 2311 2654 2335 ,
2691 2272 2787 2326 καὶ
2834 2271 3051 2342 πρῶτον
3105 2272 3362 2325 ἁπάντων
3399 2273 3692 2343 ἀποφῆναι

2088 2361 2198 2415 τῶν
2233 2363 2549 2434 προφητῶν.

2158 2453 2246 2506 12.
2281 2451 2604 2522 Ἀναγκαῖον
2623 2454 2678 2506 δὲ
2706 2451 2860 2524 οἶμαι
2897 2453 2990 2507 καὶ
3023 2455 3149 2519 τοὺς
3169 2456 3397 2527 χρόνους
3420 2458 3653 2510 σκοπεῖν
3669 2495 3690 2522 ,

2086 2547 2207 2602 καθ’
2259 2547 2352 2610 οὓς
2402 2549 2451 2601 οἱ
2504 2547 2626 2600 καθ’
2679 2548 2824 2616 ὑμᾶς
2876 2549 3129 2616 γεγόνασι
3179 2549 3476 2619 φιλόσοφοι,
3528 2551 3691 2615 ὃπιικς

2085 2641 2260 2710 γνῶτε
2309 2642 2390 2694 ὅτι
2443 2641 2560 2704 νέος
2613 2641 2818 2712 σφόδρα
2853 2640 2947 2694 καὶ
2983 2641 3188 2712 βραχύς
3223 2645 3368 2696 ἐστιν
3398 2645 3425 2696 ό
3457 2643 3690 2707 τούτους

2087 2733 2216 2802 ὑμῖν
2256 2732 2494 2801 ἐνεγκὼν
2516 2732 2726 2802 χρόνος.
2767 2731 2924 2785 Οὕτω
2960 2734 3068 2805 γὰρ
3101 2735 3229 2806 ὑμῖν
3267 2734 3419 2788 ἔσται
3451 2735 3690 2790 δυνατὸν

2087 2823 2181 2878 καὶ
2231 2823 2327 2895 τὴν
2379 2823 2656 2886 Μωῦσέως
2689 2824 3021 2895 ἀρχαιότητα
3069 2824 3264 2898 ῥᾳδίως
3311 2827 3532 2896 γνῶναι·
3587 2830 3689 2884 ἵνα

2085 2915 2143 2968 δὲ
2180 2914 2291 2985 μὴ,
2327 2914 2457 2985 περὶ
2503 2913 2612 2968 τῶν
2663 2915 2869 2985 χρόνων
2901 2914 3141 2982 διεξιὼν,
3179 2917 3466 2989 παρέλεειν
3497 2918 3640 2983 δόξω
3664 2961 3685 2986 ,

2088 3008 2326 3060 πλείοσιν
2377 3007 2685 3074 ἀποδείξεσι
2735 3006 3050 3080 χρώμενος,
3101 3009 3467 3083 ἀποχρώντως
3517 3009 3686 3082 οἶμαι

2087 3098 2292 3153 τούτων
2339 3098 2628 3152 δεικνύναι.
2689 3101 2988 3172 Σωκράτης
3045 3101 3141 3172 μὲν
3189 3103 3300 3174 γάρ
3350 3102 3684 3169 Πλάτωνος,

2089 3190 2318 3245 Πλάτων
2366 3191 2424 3244 δὲ
2453 3191 2856 3264 Ἀριστοτέλους
2889 3192 3208 3258 διδάσκαλος
3244 3195 3482 3264 γέγονεν.
3510 3191 3685 3250 Οὗτοι

2089 3280 2146 3334 δὲ
2171 3280 2312 3334 κατά
2343 3281 2469 3345 τοὺς
2489 3282 2763 3335 Φιλίππου
2787 3283 2882 3336 καὶ
2929 3285 3278 3358 Ἀλεξάνδρου
3303 3287 3396 3339 τοῦ
3429 3287 3687 3342 Μακεδό-

2094 3388 2183 3434 νος
2208 3372 2462 3442 ήκμασαν
2483 3373 2729 3445 χρόνους,
2765 3373 2888 3428 καθ’
2916 3375 3012 3440 οὓς
3043 3377 3137 3430 καὶ
3161 3379 3208 3430 oi
3248 3377 3544 3450 Ἀθηναίων
3576 3381 3689 3450 ῥή-

2089 3481 2266 3536 τορες,
2301 3465 2376 3528 ὡς
2406 3464 2656 3536 δηλοῦσιν
2705 3468 2840 3538 ἡμῖν
2873 3471 3062 3538 σαφῶς
3103 3470 3198 3524 καὶ
3236 3473 3287 3523 οἱ
3343 3472 3686 3543 Δημοσθένει

2091 3556 2232 3610 κατὰ
2262 3556 2531 3611 Φιλίππου
2563 3560 2869 3630 γραφέντες
2900 3561 3068 3631 λόγοι.
3091 3564 3212 3618 ’Ὀτι
3236 3564 3293 3617 δέ
3318 3565 3413 3618 καὶ
3438 3565 3688 3636 Ἀριστο-

2087 3649 2246 3720 τέλης
2275 3650 2607 3725 Ἀλεξάνδρῳ
2636 3654 2802 3724 συνῆν
2832 3657 2890 3709 ὲν
2922 3653 3001 3726 τῷ
3033 3655 3134 3726 τῆς
3168 3657 3440 3726 βασιλείας
3471 3658 3683 3729 χρόνῳ,

2087 3741 2135 3792 ol
2167 3741 2265 3804 τὰς
2303 3741 2653 3815 Ἀλεξάνδρου
2687 3747 3074 3816 ἱστορήσαντες
3098 3745 3326 3818 πράξεις
3351 3747 3549 3810 ἱκανῶς
3579 3747 3687 3820 δη-

2087 3832 2238 3887 λοῦσι
2256 3833 2358 3906 (7‘)
2380 3876 2393 3888 .
2423 3836 2766 3907 Πανταχόθεν
2781 3834 2875 3890 οὖν
2907 3837 3109 3905 γνῶναι
3144 3840 3345 3910 ῥᾴδιον,
3379 3841 3460 3893 ὅτι
3493 3839 3686 3913 πολλῷ

2086 3926 2451 3997 ἀρχαιοτάτην
2497 3927 2688 3980 πασῶν
2721 3930 2828 3983 τῶν
2869 3929 3070 3993 ἔξωθεν
3096 3931 3350 4002 ἱστοριῶν
3389 3931 3484 4003 τὴν
3507 3933 3685 3985 Μενεξ-

2089 4017 2226 4082 σέως
2259 4019 2497 4091 ἱστορίαν
2519 4016 2658 4075 εἶναι
2693 4024 2999 4094 συμϐαίνει.
3041 4023 3250 4086 Ἀλλως
3282 4041 3340 4076 τε
3366 4024 3487 4077 οὐδὲ
3514 4023 3686 4080 τοῦτο

2086 4111 2301 4178 ἀγνοεῖν
2334 4104 2478 4182 ὑμᾶς
2511 4115 2799 4184 προσήκει,
2841 4115 2925 4168 ὅτι
2965 4115 3116 4170 οὐδὲν
3172 4114 3397 4187 Ἕλλησι
3431 4115 3536 4190 πρὸ
3562 4118 3684 4173 τῶν

2102 4201 2477 4274 Ὀλυμπιάδων
2504 4202 2828 4278 ἀκριϐὲς(8)
2859 4207 3160 4279 ἱστόρηται,
3179 4209 3290 4262 οὐδ’
3321 4211 3437 4264 ἐστί
3467 4229 3518 4264 τι
3548 4210 3684 4278 σύγ-

2087 4304 2322 4367 γραμμα
2373 4296 2622 4361 παλαιὸν,
2682 4297 2952 4369 Ἑλλήνων
3000 4297 3032 4371 ἢ
3085 4301 3375 4374 βαρϐάρων
3409 4307 3683 4376 σημαῖνον

2089 4385 2307 4458 πρᾶξιν.
2326 4387 2480 4458 Μόνη
2506 4387 2562 4440 δὲ
2594 4389 2627 4459 ή
2657 4388 2750 4441 τοῦ
2786 4392 3064 4463 προφήτου
3082 4393 3361 4458 Μωῡσέως
3385 4396 3684 4467 προϋπῆρ-

2088 4494 2180 4548 χεν
2213 4479 2443 4551 ἱστορία,
2470 4480 2538 4549 ἦν
2570 4482 2633 4532 ἐκ
2664 4481 2764 4551 τῆς
2796 4481 2948 4546 θείας
2987 4484 3272 4548 ἐπιπνοίας
3314 4487 3555 4557 Μωῦσῆς
3579 4489 3680 4556 γέ-

2088 4586 2268 4641 γραφε
2298 4574 2411 4634 τοῖς
2455 4557 2564 4625 τῶν
2612 4573 2880 4644 Ἐϐραίων
2916 4575 3228 4646 γράμμασι.
3281 4577 3360 4630 Τά
3419 4578 3526 4651 γάρ
3563 4581 3681 4636 τῶν

410 4656 676 4712 Cadmum
709 4669 776 4708 ex
801 4652 1085 4710 Phtenicia
1114 4654 1325 4708 litteras
1353 4653 1587 4722 primum
1616 4651 1866 4708 attulisse
1890 4696 1905 4718 ,
1933 4662 1985 4708 et

2103 4661 2371 4735 Ἑλλήνων
2399 4665 2612 4718 οὐδέπω
2657 4660 2751 4736 ἦν,
2805 4665 2882 4730 ὡς
2917 4666 3134 4737 δηλοῦσι
3161 4668 3254 4722 καὶ
3285 4670 3440 4724 αὐτοὶ
3470 4649 3516 4724 οι
3560 4672 3680 4727 τῶν

412 4762 534 4801 cum
553 4745 761 4801 Graecis
779 4745 1216 4800 communicasse
1237 4744 1446 4799 dicunt.
1473 4743 1602 4797 Illud
1630 4743 1794 4797 etiam
1825 4751 1989 4798 testa-

413 4849 503 4895 tur
544 4839 801 4908 princeps
829 4846 1133 4892 vestrorum
1173 4835 1616 4904 philosophorum
1649 4833 1837 4898 Plato,
1867 4849 1989 4890 sero

412 4931 663 4986 iuventas
715 4929 931 4984 litteras
978 4927 1167 4983 fuisse.
1202 4927 1434 4996 Scripsit
1487 4927 1633 4981 enim
1680 4925 1735 4981 in
1782 4926 1988 4980 Timaeo

413 5024 723 5093 sapientum
753 5020 1214 5088 sapientissimum
1251 5018 1506 5073 Solonem
1573 5034 1697 5074 cum
1724 5033 1789 5074 ex
1819 5017 1988 5090 Egy-

488 5205 563 5278 (6)
589 5203 1226 5278 T917....._xpn0'_r_nplov.
1255 5201 1354 5278 _S_ic_
1373 5200 1502 5278 Bcg
1531 5203 1554 5255 1
1587 5203 1832 5270 etColb.,
1856 5215 1910 5260 ct
1933 5206 1985 5261 in

416 5272 588 5348 marg.
629 5275 759 5348 Reg.
798 5275 853 5348 5,
890 5285 944 5348 et
978 5273 1218 5348 Claram.
1251 5272 1400 5348 ΔΕιίὶιὶ
1457 5273 1584 5348 τὸ...
1634 5279 1983 5348 χρηστήριον.

487 5342 564 5416 (7)
602 5342 752 5399 Oedi-
785 5343 989 5398 αὐτόν.
1037 5343 1295 5416 Quamvis
1329 5342 1445 5416 haec
1462 5342 1742 5416 scriptura
1771 5342 1874 5401 non
1909 5363 1990 5401 rc-

417 5412 659 5484 periatur
707 5416 808 5469 nisi
839 5416 907 5486 ad
948 5412 1269 5486 marginem
1299 5413 1504 5486 codicis
1549 5415 1812 5479 Colbert.,
1857 5419 1984 5486 quia

421 5481 600 5540 tamen
642 5487 695 5539 in
750 5485 941 5538 eodem
968 5497 1126 5552 versu
1166 5482 1365 5552 legitur
1391 5481 1523 5535 Θεὸν
1547 5486 1710 5539 αὐτόν
1746 5481 1889 5542 infra
1927 5505 1981 5541 n.

419 5557 510 5620 24,
547 5556 637 5610 ubi
687 5556 958 5609 sententia
1007 5551 1202 5606 Justini
1233 5551 1562 5623 necessario
1611 5557 1871 5623 postulat,
1927 5569 1985 5612 ut

421 5630 494 5678 ita
530 5628 771 5697 legatur;
793 5639 898 5678 non
923 5623 1177 5697 dubitavi
1195 5622 1482 5697 hocetiam
1508 5622 1626 5697 loco
1648 5627 1829 5697 legere
1851 5627 1986 5682 Θεὸν

419 5693 716 5763 αὑτόνρτο
750 5710 815 5748 eo
843 5694 986 5758 quod
1019 5693 1219 5764 eratin
1249 5694 1408 5764 editis
1447 5693 1581 5748 Θεὸν
1618 5693 1817 5764 ἁγνῶς,
1853 5697 1986 5752 Par-

423 5761 667 5834 pllVl‘lllS,
690 5774 828 5818 teste
860 5763 1115 5828 Eusebio,
1141 5761 1342 5834 Prmp.,
1378 5763 1469 5815 lib.
1502 5781 1579 5829 ιχ,
1602 5761 1722 5834 cap.
1759 5768 1848 5828 10,
1881 5769 1983 5825 hoc

424 5833 682 5898 Apollinis
726 5835 1008 5904 oraculum
1041 5836 1306 5904 referebat
1331 5833 1383 5904 in
1409 5848 1508 5887 suo
1537 5837 1611 5889 De
1645 5833 1983 5904 Philas-cpida

422 5921 487 5959 cz
525 5906 752 5959 oraculis
785 5904 942 5958 libro.
981 5901 1028 5961 is
1067 5913 1246 5959 autem
1275 5902 1421 5972 legit,
1447 5907 1825 5976 αὑτογένεθλον
1855 5901 1983 5964 ἅνα-

2090 4756 2432 4828 γραμμάτων
2486 4757 2814 4823 διδάσκαλοι,
2852 4761 3150 4828 φάσκοντες
3189 4761 3412 4832 Κάδμον
3453 4763 3684 4836 πρῶτον

2091 4849 2154 4900 ἐκ
2191 4847 2443 4919 Φοινίκης
2485 4849 2624 4903 αὐτὰ
2675 4851 3002 4921 κομίσαντα,
3061 4851 3288 4921 Ἕλλησι
3321 4852 3674 4923 μεταδοῦναι.-

2090 4937 2200 4990 Kal.
2228 4937 2256 4990 ὁ
2286 4939 2502 5010 πρῶτος
2531 4941 2587 4993 δὲ
2637 4941 2744 4994 τῶν
2785 4941 2914 5014 παρ’
2939 4943 3068 5014 ὑμῖν
3125 4945 3430 5014 φιλοσόφων
3465 4965 3677 5018 μαρτυ-

2094 5028 2274 5100 ρεῖ(9)
2307 5031 2551 5096 Πλάτων,
2608 5032 2834 5104 ὕστερον
2883 5035 3160 5106 εὑρίσκειν
3217 5037 3329 5109 (10)
3379 5037 3540 5091 αὑτάε
3573 5040 3677 5092 Γέ-

2090 5225 2195 5282 κτα
2245 5210 2595 5282 σεϐαξόμενοι
2628 5209 2758 5265 Θεὸν
2792 5211 2992 5280 ἁγνῶς.
3043 5211 3134 5269 Sic
3173 5216 3337 5269 etiam
3377 5217 3535 5269 habet
3563 5214 3674 5269 Eu-

2091 5281 2230 5355 seb._,
2284 5282 2376 5355 lib_.
2435 5281 2520 5355 ψ,
2579 5282 2906 5350 Demonstr.,
2936 5299 2989 5354 p.
3040 5285 3162 5339 104.
3188 5315 3259 5324 —-—
3285 5286 3433 5338 Θεὸν
3469 5285 3673 5355 ἁγνῶς

2093 5351 2325 5404 restituit
2351 5352 2411 5404 Ι).
2441 5352 2585 5406 Οιιο.

2161 5419 2457 5496 (7:)AAlitcr
2485 5424 2573 5476 ed.
2615 5421 2906 5496 Ottoniana
2928 5461 2943 5485 ,
2974 5424 3172 5496 ἱκανῶς
3201 5424 3454 5496 δηλοῦσιν
3484 5427 3532 5481 οἱ
3567 5424 3672 5491 τάς

2103 5489 2448 5566 Ἀλεξάνδρου
2480 5493 2864 5564 ἱστορήσαντες
2917 5494 3166 5566 πράξεις,
3197 5489 3265 5550 ei
3319 5499 3438 5551 cod.
3473 5499 3604 5566 Reg.
3636 5489 3665 5552 1

2090 5564 2295 5632 et'cod.
2325 5565 2674 5632 Argeutorat.

2162 5629 2236 5703 (8)
2253 5629 2541 5710 :Axpt'o’éc.
2569 5633 2635 5686 lt.
2682 5634 2766 5710 St.
2820 5635 2886 5688 ad
2931 5634 3134 5690 calcem
3185 5636 3450 5710 ἀκριϐῶς,
3494 5646 3550 5690 ct
3585 5637 3670 5692 sic

2090 5699 2226 5768 Reg.
2251 5705 2284 5755 5
2309 5699 2367 5756 et
2382 5704 2643 5766 Claroun,
2684 5706 2736 5757 in
2769 5713 2938 5760 textu.

2160 5772 2233 5842 (9)
2291 5773 2887 5845 Μαρτιῳεῖκϐιιιιυιη.
2948 5786 3001 5829 et
3054 5777 3184 5845 lleg.
3227 5781 3282 5844 5,
3338 5781 3542 5845 ἱστορεῖ
3570 5780 3668 5833 καὶ

2093 5837 2392 5916 μα’ρὲυρξῖζ
2422 5837 2581 5916 (ξιέἱο
2613 5843 2794 5916 R.__St.
2829 5847 2894 5897 ad
2922 5837 3160 5900 calcem:
3272 5837 3280 5844 ’
3457 5837 3466 5852 ⁸

2160 5913 2271 5984 (10)
2304 5914 2642 5978 Εὑρίσκειν.
2675 5913 2808 5985 Reg.
2840 5918 2895 5984 ‘2,
2937 5917 3214 5985 εὑρήσειν,
