  <div class='ocr_page' id='page_1' title='image "/cluster/home/n/w/nwhite01/storage/ocr_20150623/6/mdp.39015004289917/141.png"; bbox 0 0 3948 6256; ppageno 0'>
   <div class='ocr_carea' id='block_1_1' title="bbox 425 372 530 429">
    <p class='ocr_par' dir='ltr' id='par_1_1' title="bbox 425 372 530 429">
     <span class='ocr_line' id='line_1_1' title="bbox 425 372 530 429; baseline -0.01 0"><span class='ocrx_word' id='word_1_1' title='bbox 425 372 530 429; x_wconf 64' lang='lat'><strong>$67</strong></span> 
     </span>
    </p>
   </div>
   <div class='ocr_carea' id='block_1_2' title="bbox 1388 360 2693 437">
    <p class='ocr_par' dir='ltr' id='par_1_2' title="bbox 1388 360 2693 437">
     <span class='ocr_line' id='line_1_2' title="bbox 1388 360 2693 437; baseline -0.001 -3"><span class='ocrx_word' id='word_1_2' title='bbox 1388 375 1444 437; x_wconf 90' lang='lat' dir='ltr'><strong>s.</strong></span> <span class='ocrx_word' id='word_1_3' title='bbox 1472 374 1734 433; x_wconf 80' lang='lat' dir='ltr'><strong>JUSTlNl</strong></span> <span class='ocrx_word' id='word_1_4' title='bbox 1760 360 2183 435; x_wconf 71' lang='lat' dir='ltr'><strong>rulLosomu</strong></span> <span class='ocrx_word' id='word_1_5' title='bbox 2220 377 2306 433; x_wconf 88' lang='lat' dir='ltr'><strong>ET</strong></span> <span class='ocrx_word' id='word_1_6' title='bbox 2338 376 2693 433; x_wconf 77' lang='lat' dir='ltr'><strong>MARTYRIS</strong></span> 
     </span>
    </p>
   </div>
   <div class='ocr_carea' id='block_1_3' title="bbox 3574 387 3683 445">
    <p class='ocr_par' dir='ltr' id='par_1_3' title="bbox 3574 387 3683 445">
     <span class='ocr_line' id='line_1_3' title="bbox 3574 387 3683 445; baseline 0 -4"><span class='ocrx_word' id='word_1_7' title='bbox 3574 387 3683 445; x_wconf 69' lang='lat'><strong>268</strong></span> 
     </span>
    </p>
   </div>
   <div class='ocr_carea' id='block_1_4' title="bbox 430 493 1977 578">
    <p class='ocr_par' dir='ltr' id='par_1_4' title="bbox 430 493 1977 568">
     <span class='ocr_line' id='line_1_4' title="bbox 430 493 1977 568; baseline 0.001 -19"><span class='ocrx_word' id='word_1_8' title='bbox 430 493 687 550; x_wconf 76' lang='lat' dir='ltr'><strong>historias</strong></span> <span class='ocrx_word' id='word_1_9' title='bbox 713 510 1015 551; x_wconf 84' lang='lat' dir='ltr'><strong>narramus.</strong></span> <span class='ocrx_word' id='word_1_10' title='bbox 1053 497 1151 552; x_wconf 72' lang='lat' dir='ltr'><strong>Sed</strong></span> <span class='ocrx_word' id='word_1_11' title='bbox 1177 496 1269 568; x_wconf 92' lang='lat' dir='ltr'><strong>qui</strong></span> <span class='ocrx_word' id='word_1_12' title='bbox 1300 496 1645 553; x_wconf 56' lang='lat' dir='ltr'><strong>Alexandriae</strong></span> <span class='ocrx_word' id='word_1_13' title='bbox 1676 497 1875 553; x_wconf 85' lang='lat' dir='ltr'><strong>versati</strong></span> <span class='ocrx_word' id='word_1_14' title='bbox 1907 511 1977 551; x_wconf 20' lang='lat' dir='ltr'><strong>sui</strong></span> 
     </span>
    </p>
   </div>
   <div class='ocr_carea' id='block_1_5' title="bbox 2090 493 3683 578">
    <p class='ocr_par' dir='ltr' id='par_1_5' title="bbox 2101 498 3683 578">
     <span class='ocr_line' id='line_1_5' title="bbox 2101 498 3683 578; baseline 0.005 -25"><span class='ocrx_word' id='word_1_15' title='bbox 2101 500 2334 571; x_wconf 85' lang='grc' dir='ltr'>ἀνέθηκε</span> <span class='ocrx_word' id='word_1_16' title='bbox 2373 500 2527 570; x_wconf 77' lang='grc'><strong>(18⁸).</strong></span> <span class='ocrx_word' id='word_1_17' title='bbox 2557 499 2741 553; x_wconf 80' lang='grc' dir='ltr'>Ταῦτα</span> <span class='ocrx_word' id='word_1_18' title='bbox 2780 499 2839 551; x_wconf 85' lang='grc' dir='ltr'><strong>οὐ</strong></span> <span class='ocrx_word' id='word_1_19' title='bbox 2882 499 3046 570; x_wconf 82' lang='grc' dir='ltr'>μῦθος</span> <span class='ocrx_word' id='word_1_20' title='bbox 3080 501 3207 572; x_wconf 78' lang='grc' dir='ltr'>ὑμῖν</span> <span class='ocrx_word' id='word_1_21' title='bbox 3241 504 3369 573; x_wconf 74' lang='grc'><strong>(19),</strong></span> <span class='ocrx_word' id='word_1_22' title='bbox 3411 498 3455 558; x_wconf 83' lang='grc' dir='ltr'><strong>ὧ</strong></span> <span class='ocrx_word' id='word_1_23' title='bbox 3488 507 3683 578; x_wconf 77' lang='grc' dir='ltr'>ἄνδρες</span> 
     </span>
    </p>
   </div>
   <div class='ocr_carea' id='block_1_6' title="bbox 429 589 2005 659">
    <p class='ocr_par' dir='ltr' id='par_1_6' title="bbox 429 589 2005 659">
     <span class='ocr_line' id='line_1_6' title="bbox 429 589 2005 659; baseline 0.004 -19"><span class='ocrx_word' id='word_1_24' title='bbox 429 603 571 654; x_wconf 89' lang='lat' dir='ltr'><strong>mus,</strong></span> <span class='ocrx_word' id='word_1_25' title='bbox 593 597 649 642; x_wconf 86' lang='lat' dir='ltr'><strong>et</strong></span> <span class='ocrx_word' id='word_1_26' title='bbox 673 589 903 659; x_wconf 83' lang='lat' dir='ltr'><strong>vestigia</strong></span> <span class='ocrx_word' id='word_1_27' title='bbox 929 590 1248 644; x_wconf 86' lang='lat' dir='ltr'><strong>cellularum</strong></span> <span class='ocrx_word' id='word_1_28' title='bbox 1276 589 1511 646; x_wconf 85' lang='lat' dir='ltr'><strong>vidimus</strong></span> <span class='ocrx_word' id='word_1_29' title='bbox 1540 592 1592 645; x_wconf 92' lang='lat' dir='ltr'><strong>in</strong></span> <span class='ocrx_word' id='word_1_30' title='bbox 1622 591 1801 647; x_wconf 91' lang='lat' dir='ltr'><strong>Pharo</strong></span> <span class='ocrx_word' id='word_1_31' title='bbox 1828 591 2005 646; x_wconf 86' lang='lat' dir='ltr'><strong>adhuc</strong></span> 
     </span>
    </p>
   </div>
   <div class='ocr_carea' id='block_1_7' title="bbox 425 679 2003 752">
    <p class='ocr_par' dir='ltr' id='par_1_7' title="bbox 425 679 2003 752">
     <span class='ocr_line' id='line_1_7' title="bbox 425 679 2003 752; baseline 0.003 -19"><span class='ocrx_word' id='word_1_32' title='bbox 425 679 722 746; x_wconf 74' lang='lat' dir='ltr'><strong>exstantia,</strong></span> <span class='ocrx_word' id='word_1_33' title='bbox 757 694 822 736; x_wconf 87' lang='lat' dir='ltr'><strong>ae</strong></span> <span class='ocrx_word' id='word_1_34' title='bbox 854 696 965 735; x_wconf 90' lang='lat' dir='ltr'><strong>rem</strong></span> <span class='ocrx_word' id='word_1_35' title='bbox 992 696 1056 735; x_wconf 83' lang='lat' dir='ltr'><strong>ex</strong></span> <span class='ocrx_word' id='word_1_36' title='bbox 1097 681 1313 745; x_wconf 82' lang='lat' dir='ltr'><strong>incolis,</strong></span> <span class='ocrx_word' id='word_1_37' title='bbox 1343 683 1434 751; x_wconf 89' lang='lat' dir='ltr'><strong>qui</strong></span> <span class='ocrx_word' id='word_1_38' title='bbox 1461 698 1582 737; x_wconf 90' lang='lat' dir='ltr'><strong>eam</strong></span> <span class='ocrx_word' id='word_1_39' title='bbox 1612 699 1642 736; x_wconf 90' lang='lat' dir='ltr'><strong>a</strong></span> <span class='ocrx_word' id='word_1_40' title='bbox 1683 683 2003 752; x_wconf 88' lang='lat' dir='ltr'><strong>majoribus,</strong></span> 
     </span>
    </p>
   </div>
   <div class='ocr_carea' id='block_1_8' title="bbox 426 774 2001 845">
    <p class='ocr_par' dir='ltr' id='par_1_8' title="bbox 426 774 2001 845">
     <span class='ocr_line' id='line_1_8' title="bbox 426 774 2001 845; baseline 0.003 -18"><span class='ocrx_word' id='word_1_41' title='bbox 426 783 488 827; x_wconf 89' lang='lat' dir='ltr'><strong>ut</strong></span> <span class='ocrx_word' id='word_1_42' title='bbox 535 774 727 842; x_wconf 76' lang='lat' dir='ltr'><strong>patria:</strong></span> <span class='ocrx_word' id='word_1_43' title='bbox 777 788 887 827; x_wconf 69' lang='lat' dir='ltr'><strong>suae</strong></span> <span class='ocrx_word' id='word_1_44' title='bbox 936 775 1235 843; x_wconf 88' lang='lat' dir='ltr'><strong>propriam,</strong></span> <span class='ocrx_word' id='word_1_45' title='bbox 1286 785 1635 845; x_wconf 88' lang='lat' dir='ltr'><strong>acceperant,</strong></span> <span class='ocrx_word' id='word_1_46' title='bbox 1668 777 2001 840; x_wconf 81' lang='lat' dir='ltr'><strong>audivimus.</strong></span> 
     </span>
    </p>
   </div>
   <div class='ocr_carea' id='block_1_9' title="bbox 423 867 1999 935">
    <p class='ocr_par' dir='ltr' id='par_1_9' title="bbox 423 867 1999 935">
     <span class='ocr_line' id='line_1_9' title="bbox 423 867 1999 935; baseline 0 -14"><span class='ocrx_word' id='word_1_47' title='bbox 423 868 539 922; x_wconf 64' lang='lat' dir='ltr'><strong>haec</strong></span> <span class='ocrx_word' id='word_1_48' title='bbox 568 867 720 923; x_wconf 83' lang='lat' dir='ltr'><strong>vobis</strong></span> <span class='ocrx_word' id='word_1_49' title='bbox 747 867 1087 932; x_wconf 87' lang='lat' dir='ltr'><strong>nuntiamus,</strong></span> <span class='ocrx_word' id='word_1_50' title='bbox 1120 882 1239 935; x_wconf 74' lang='lat' dir='ltr'><strong>qua:</strong></span> <span class='ocrx_word' id='word_1_51' title='bbox 1275 868 1409 922; x_wconf 88' lang='lat' dir='ltr'><strong>licet</strong></span> <span class='ocrx_word' id='word_1_52' title='bbox 1454 870 1616 923; x_wconf 91' lang='lat' dir='ltr'><strong>etiam</strong></span> <span class='ocrx_word' id='word_1_53' title='bbox 1652 884 1717 923; x_wconf 82' lang='lat' dir='ltr'><strong>ex</strong></span> <span class='ocrx_word' id='word_1_54' title='bbox 1769 868 1890 923; x_wconf 82' lang='lat' dir='ltr'><strong>aliis</strong></span> <span class='ocrx_word' id='word_1_55' title='bbox 1916 869 1999 921; x_wconf 81' lang='lat' dir='ltr'><strong>di-</strong></span> 
     </span>
    </p>
   </div>
   <div class='ocr_carea' id='block_1_10' title="bbox 422 958 2001 1028">
    <p class='ocr_par' dir='ltr' id='par_1_10' title="bbox 422 958 2001 1028">
     <span class='ocr_line' id='line_1_10' title="bbox 422 958 2001 1028; baseline -0.001 -14"><span class='ocrx_word' id='word_1_56' title='bbox 422 961 607 1021; x_wconf 86' lang='lat' dir='ltr'><strong>scatis,</strong></span> <span class='ocrx_word' id='word_1_57' title='bbox 635 960 936 1028; x_wconf 65' lang='lat' dir='ltr'><strong>praesertim</strong></span> <span class='ocrx_word' id='word_1_58' title='bbox 970 974 1036 1013; x_wconf 79' lang='lat' dir='ltr'><strong>ex</strong></span> <span class='ocrx_word' id='word_1_59' title='bbox 1083 958 1176 1023; x_wconf 88' lang='lat' dir='ltr'><strong>iis,</strong></span> <span class='ocrx_word' id='word_1_60' title='bbox 1200 960 1292 1028; x_wconf 87' lang='lat' dir='ltr'><strong>qui</strong></span> <span class='ocrx_word' id='word_1_61' title='bbox 1326 959 1413 1014; x_wconf 91' lang='lat' dir='ltr'><strong>his</strong></span> <span class='ocrx_word' id='word_1_62' title='bbox 1443 959 1510 1013; x_wconf 92' lang='lat' dir='ltr'><strong>de</strong></span> <span class='ocrx_word' id='word_1_63' title='bbox 1544 959 1705 1013; x_wconf 83' lang='lat' dir='ltr'><strong>rebus</strong></span> <span class='ocrx_word' id='word_1_64' title='bbox 1746 959 2001 1012; x_wconf 89' lang='lat' dir='ltr'><strong>historias</strong></span> 
     </span>
    </p>
   </div>
   <div class='ocr_carea' id='block_1_11' title="bbox 421 1049 2001 1121">
    <p class='ocr_par' dir='ltr' id='par_1_11' title="bbox 421 1049 2001 1121">
     <span class='ocr_line' id='line_1_11' title="bbox 421 1049 2001 1121; baseline -0.003 -14"><span class='ocrx_word' id='word_1_65' title='bbox 421 1056 781 1121; x_wconf 84' lang='lat' dir='ltr'><strong>scripserunt,</strong></span> <span class='ocrx_word' id='word_1_66' title='bbox 814 1049 1155 1120; x_wconf 87' lang='lat' dir='ltr'><strong>sapientibus</strong></span> <span class='ocrx_word' id='word_1_67' title='bbox 1202 1060 1257 1104; x_wconf 92' lang='lat' dir='ltr'><strong>et</strong></span> <span class='ocrx_word' id='word_1_68' title='bbox 1295 1052 1558 1119; x_wconf 81' lang='lat' dir='ltr'><strong>spectatis</strong></span> <span class='ocrx_word' id='word_1_69' title='bbox 1600 1050 1733 1103; x_wconf 89' lang='lat' dir='ltr'><strong>viris</strong></span> <span class='ocrx_word' id='word_1_70' title='bbox 1774 1049 2001 1103; x_wconf 85' lang='lat' dir='ltr'><strong>Philone</strong></span> 
     </span>
    </p>
   </div>
   <div class='ocr_carea' id='block_1_12' title="bbox 418 1142 1998 1213">
    <p class='ocr_par' dir='ltr' id='par_1_12' title="bbox 418 1142 1998 1213">
     <span class='ocr_line' id='line_1_12' title="bbox 418 1142 1998 1213; baseline -0.002 -13"><span class='ocrx_word' id='word_1_71' title='bbox 418 1155 473 1200; x_wconf 90' lang='lat' dir='ltr'><strong>et</strong></span> <span class='ocrx_word' id='word_1_72' title='bbox 502 1144 738 1213; x_wconf 78' lang='lat' dir='ltr'><strong>Josepbo</strong></span> <span class='ocrx_word' id='word_1_73' title='bbox 764 1158 829 1197; x_wconf 91' lang='lat' dir='ltr'><strong>ac</strong></span> <span class='ocrx_word' id='word_1_74' title='bbox 858 1142 1109 1211; x_wconf 90' lang='lat' dir='ltr'><strong>pluribus</strong></span> <span class='ocrx_word' id='word_1_75' title='bbox 1133 1142 1272 1197; x_wconf 88' lang='lat' dir='ltr'><strong>aliis.</strong></span> <span class='ocrx_word' id='word_1_76' title='bbox 1307 1142 1462 1209; x_wconf 87' lang='lat' dir='ltr'><strong>Quod</strong></span> <span class='ocrx_word' id='word_1_77' title='bbox 1494 1144 1538 1197; x_wconf 88' lang='lat' dir='ltr'><strong>si</strong></span> <span class='ocrx_word' id='word_1_78' title='bbox 1569 1144 1693 1212; x_wconf 89' lang='lat' dir='ltr'><strong>quis</strong></span> <span class='ocrx_word' id='word_1_79' title='bbox 1717 1158 1783 1198; x_wconf 84' lang='lat' dir='ltr'><strong>ex</strong></span> <span class='ocrx_word' id='word_1_80' title='bbox 1818 1143 1883 1197; x_wconf 91' lang='lat' dir='ltr'><strong>iis</strong></span> <span class='ocrx_word' id='word_1_81' title='bbox 1906 1143 1998 1211; x_wconf 87' lang='lat' dir='ltr'><strong>qui</strong></span> 
     </span>
    </p>
   </div>
   <div class='ocr_carea' id='block_1_13' title="bbox 421 1233 1996 1297">
    <p class='ocr_par' dir='ltr' id='par_1_13' title="bbox 421 1233 1996 1297">
     <span class='ocr_line' id='line_1_13' title="bbox 421 1233 1996 1297; baseline -0.002 -8"><span class='ocrx_word' id='word_1_82' title='bbox 421 1238 656 1291; x_wconf 86' lang='lat' dir='ltr'><strong>libenter</strong></span> <span class='ocrx_word' id='word_1_83' title='bbox 684 1236 1063 1290; x_wconf 88' lang='lat' dir='ltr'><strong>contradicere</strong></span> <span class='ocrx_word' id='word_1_84' title='bbox 1112 1234 1313 1297; x_wconf 86' lang='lat' dir='ltr'><strong>solent,</strong></span> <span class='ocrx_word' id='word_1_85' title='bbox 1351 1249 1456 1288; x_wconf 87' lang='lat' dir='ltr'><strong>non</strong></span> <span class='ocrx_word' id='word_1_86' title='bbox 1505 1245 1725 1290; x_wconf 89' lang='lat' dir='ltr'><strong>nostros</strong></span> <span class='ocrx_word' id='word_1_87' title='bbox 1786 1234 1884 1289; x_wconf 93' lang='lat' dir='ltr'><strong>hos</strong></span> <span class='ocrx_word' id='word_1_88' title='bbox 1932 1233 1996 1287; x_wconf 80' lang='lat' dir='ltr'><strong>li-</strong></span> 
     </span>
    </p>
   </div>
   <div class='ocr_carea' id='block_1_14' title="bbox 420 1321 1996 1392">
    <p class='ocr_par' dir='ltr' id='par_1_14' title="bbox 420 1321 1996 1392">
     <span class='ocr_line' id='line_1_14' title="bbox 420 1321 1996 1392; baseline 0.002 -18"><span class='ocrx_word' id='word_1_89' title='bbox 420 1324 571 1387; x_wconf 91' lang='lat' dir='ltr'><strong>hros,</strong></span> <span class='ocrx_word' id='word_1_90' title='bbox 599 1322 693 1377; x_wconf 90' lang='lat' dir='ltr'><strong>sed</strong></span> <span class='ocrx_word' id='word_1_91' title='bbox 723 1321 1054 1390; x_wconf 66' lang='lat' dir='ltr'><strong>Iudaeorum,</strong></span> <span class='ocrx_word' id='word_1_92' title='bbox 1090 1338 1157 1377; x_wconf 84' lang='lat' dir='ltr'><strong>eo</strong></span> <span class='ocrx_word' id='word_1_93' title='bbox 1198 1322 1342 1392; x_wconf 90' lang='lat' dir='ltr'><strong>quod</strong></span> <span class='ocrx_word' id='word_1_94' title='bbox 1380 1322 1678 1378; x_wconf 89' lang='lat' dir='ltr'><strong>etiamnum</strong></span> <span class='ocrx_word' id='word_1_95' title='bbox 1721 1324 1775 1378; x_wconf 93' lang='lat' dir='ltr'><strong>in</strong></span> <span class='ocrx_word' id='word_1_96' title='bbox 1807 1338 1996 1378; x_wconf 91' lang='lat' dir='ltr'><strong>eorum</strong></span> 
     </span>
    </p>
   </div>
   <div class='ocr_carea' id='block_1_15' title="bbox 416 1416 1998 1485">
    <p class='ocr_par' dir='ltr' id='par_1_15' title="bbox 416 1416 1998 1485">
     <span class='ocr_line' id='line_1_15' title="bbox 416 1416 1998 1485; baseline 0.005 -19"><span class='ocrx_word' id='word_1_97' title='bbox 416 1416 706 1485; x_wconf 82' lang='lat' dir='ltr'><strong>synagogis</strong></span> <span class='ocrx_word' id='word_1_98' title='bbox 732 1426 1110 1478; x_wconf 89' lang='lat' dir='ltr'><strong>asserventnr,</strong></span> <span class='ocrx_word' id='word_1_99' title='bbox 1140 1417 1391 1484; x_wconf 89' lang='lat' dir='ltr'><strong>proprios</strong></span> <span class='ocrx_word' id='word_1_100' title='bbox 1418 1432 1540 1473; x_wconf 89' lang='lat' dir='ltr'><strong>esse</strong></span> <span class='ocrx_word' id='word_1_101' title='bbox 1583 1417 1752 1483; x_wconf 87' lang='lat' dir='ltr'><strong>dicat,</strong></span> <span class='ocrx_word' id='word_1_102' title='bbox 1789 1434 1853 1473; x_wconf 92' lang='lat' dir='ltr'><strong>ac</strong></span> <span class='ocrx_word' id='word_1_103' title='bbox 1886 1422 1998 1474; x_wconf 83' lang='lat' dir='ltr'><strong>fru-</strong></span> 
     </span>
    </p>
   </div>
   <div class='ocr_carea' id='block_1_16' title="bbox 414 1507 1993 1581">
    <p class='ocr_par' dir='ltr' id='par_1_16' title="bbox 414 1507 1993 1581">
     <span class='ocr_line' id='line_1_16' title="bbox 414 1507 1993 1581; baseline 0.003 -19"><span class='ocrx_word' id='word_1_104' title='bbox 414 1519 527 1562; x_wconf 88' lang='lat' dir='ltr'><strong>stra</strong></span> <span class='ocrx_word' id='word_1_105' title='bbox 554 1509 868 1578; x_wconf 76' lang='lat' dir='ltr'><strong>religionem</strong></span> <span class='ocrx_word' id='word_1_106' title='bbox 902 1509 987 1563; x_wconf 89' lang='lat' dir='ltr'><strong>his</strong></span> <span class='ocrx_word' id='word_1_107' title='bbox 1016 1507 1168 1562; x_wconf 89' lang='lat' dir='ltr'><strong>libris</strong></span> <span class='ocrx_word' id='word_1_108' title='bbox 1192 1519 1473 1579; x_wconf 81' lang='lat' dir='ltr'><strong>acceptam</strong></span> <span class='ocrx_word' id='word_1_109' title='bbox 1501 1526 1532 1564; x_wconf 90' lang='lat' dir='ltr'><strong>a</strong></span> <span class='ocrx_word' id='word_1_110' title='bbox 1578 1512 1735 1566; x_wconf 90' lang='lat' dir='ltr'><strong>nobis</strong></span> <span class='ocrx_word' id='word_1_111' title='bbox 1767 1512 1993 1581; x_wconf 82' lang='lat' dir='ltr'><strong>referri;</strong></span> 
     </span>
    </p>
   </div>
   <div class='ocr_carea' id='block_1_17' title="bbox 417 1597 1994 1671">
    <p class='ocr_par' dir='ltr' id='par_1_17' title="bbox 417 1597 1994 1671">
     <span class='ocr_line' id='line_1_17' title="bbox 417 1597 1994 1671; baseline 0.003 -20"><span class='ocrx_word' id='word_1_112' title='bbox 417 1598 634 1652; x_wconf 90' lang='lat' dir='ltr'><strong>noverit</strong></span> <span class='ocrx_word' id='word_1_113' title='bbox 678 1598 765 1651; x_wconf 90' lang='lat' dir='ltr'><strong>ille</strong></span> <span class='ocrx_word' id='word_1_114' title='bbox 806 1612 871 1651; x_wconf 82' lang='lat' dir='ltr'><strong>ex</strong></span> <span class='ocrx_word' id='word_1_115' title='bbox 913 1598 979 1651; x_wconf 89' lang='lat' dir='ltr'><strong>iis</strong></span> <span class='ocrx_word' id='word_1_116' title='bbox 1019 1597 1170 1666; x_wconf 87' lang='lat' dir='ltr'><strong>ipsis,</strong></span> <span class='ocrx_word' id='word_1_117' title='bbox 1208 1614 1329 1667; x_wconf 69' lang='lat' dir='ltr'><strong>qua:</strong></span> <span class='ocrx_word' id='word_1_118' title='bbox 1381 1600 1466 1653; x_wconf 92' lang='lat' dir='ltr'><strong>his</strong></span> <span class='ocrx_word' id='word_1_119' title='bbox 1508 1599 1561 1653; x_wconf 92' lang='lat' dir='ltr'><strong>in</strong></span> <span class='ocrx_word' id='word_1_120' title='bbox 1600 1600 1755 1656; x_wconf 91' lang='lat' dir='ltr'><strong>libris</strong></span> <span class='ocrx_word' id='word_1_121' title='bbox 1784 1604 1994 1671; x_wconf 89' lang='lat' dir='ltr'><strong>scripta</strong></span> 
     </span>
    </p>
   </div>
   <div class='ocr_carea' id='block_1_18' title="bbox 415 1689 1995 1756">
    <p class='ocr_par' dir='ltr' id='par_1_18' title="bbox 415 1689 1995 1756">
     <span class='ocr_line' id='line_1_18' title="bbox 415 1689 1995 1756; baseline 0.003 -12"><span class='ocrx_word' id='word_1_122' title='bbox 415 1700 559 1756; x_wconf 85' lang='lat' dir='ltr'><strong>sunt,</strong></span> <span class='ocrx_word' id='word_1_123' title='bbox 590 1706 695 1744; x_wconf 90' lang='lat' dir='ltr'><strong>non</strong></span> <span class='ocrx_word' id='word_1_124' title='bbox 744 1689 1076 1755; x_wconf 83' lang='lat' dir='ltr'><strong>Judacorum,</strong></span> <span class='ocrx_word' id='word_1_125' title='bbox 1113 1692 1206 1745; x_wconf 91' lang='lat' dir='ltr'><strong>sed</strong></span> <span class='ocrx_word' id='word_1_126' title='bbox 1251 1702 1495 1746; x_wconf 84' lang='lat' dir='ltr'><strong>nostram</strong></span> <span class='ocrx_word' id='word_1_127' title='bbox 1528 1708 1649 1749; x_wconf 87' lang='lat' dir='ltr'><strong>esse</strong></span> <span class='ocrx_word' id='word_1_128' title='bbox 1696 1695 1887 1749; x_wconf 90' lang='lat' dir='ltr'><strong>horum</strong></span> <span class='ocrx_word' id='word_1_129' title='bbox 1931 1697 1995 1749; x_wconf 90' lang='lat' dir='ltr'><strong>li-</strong></span> 
     </span>
    </p>
   </div>
   <div class='ocr_carea' id='block_1_19' title="bbox 416 1784 1989 1854">
    <p class='ocr_par' dir='ltr' id='par_1_19' title="bbox 416 1784 1989 1854">
     <span class='ocr_line' id='line_1_19' title="bbox 416 1784 1989 1854; baseline 0.005 -17"><span class='ocrx_word' id='word_1_130' title='bbox 416 1788 639 1839; x_wconf 87' lang='lat' dir='ltr'><strong>hrorum</strong></span> <span class='ocrx_word' id='word_1_131' title='bbox 699 1784 960 1838; x_wconf 79' lang='lat' dir='ltr'><strong>doctrinae</strong></span> <span class='ocrx_word' id='word_1_132' title='bbox 1011 1785 1428 1852; x_wconf 86' lang='lat' dir='ltr'><strong>possessionem.</strong></span> <span class='ocrx_word' id='word_1_133' title='bbox 1484 1787 1637 1854; x_wconf 88' lang='lat' dir='ltr'><strong>Quod</strong></span> <span class='ocrx_word' id='word_1_134' title='bbox 1689 1801 1874 1846; x_wconf 88' lang='lat' dir='ltr'><strong>autem</strong></span> <span class='ocrx_word' id='word_1_135' title='bbox 1934 1791 1989 1845; x_wconf 93' lang='lat' dir='ltr'><strong>hi</strong></span> 
     </span>
    </p>
   </div>
   <div class='ocr_carea' id='block_1_20' title="bbox 2111 589 3680 669">
    <p class='ocr_par' dir='ltr' id='par_1_20' title="bbox 2111 589 3680 669">
     <span class='ocr_line' id='line_1_20' title="bbox 2111 589 3680 669; baseline 0.007 -28"><span class='ocrx_word' id='word_1_136' title='bbox 2111 589 2389 659; x_wconf 86' lang='grc' dir='ltr'>Ἕλληνες,</span> <span class='ocrx_word' id='word_1_137' title='bbox 2412 589 2532 643; x_wconf 80' lang='grc' dir='ltr'>οὐδὲ</span> <span class='ocrx_word' id='word_1_138' title='bbox 2558 589 2941 659; x_wconf 78' lang='grc' dir='ltr'>πεπλασμένας</span> <span class='ocrx_word' id='word_1_139' title='bbox 2970 591 3209 662; x_wconf 80' lang='grc' dir='ltr'><strong>ἱστορίας</strong></span> <span class='ocrx_word' id='word_1_140' title='bbox 3233 594 3646 669; x_wconf 83' lang='grc' dir='ltr'><strong>ἀπαγγέλλομεν</strong></span> <span class='ocrx_word' id='word_1_141' title='bbox 3664 615 3680 631; x_wconf 75' lang='grc' dir='ltr'><strong>ο</strong></span> 
     </span>
    </p>
   </div>
   <div class='ocr_carea' id='block_1_21' title="bbox 2105 682 3722 761">
    <p class='ocr_par' dir='ltr' id='par_1_21' title="bbox 2105 682 3722 761">
     <span class='ocr_line' id='line_1_21' title="bbox 2105 682 3722 761; baseline 0.002 -24"><span class='ocrx_word' id='word_1_142' title='bbox 2105 684 2221 737; x_wconf 87' lang='grc' dir='ltr'>ἀλλ’</span> <span class='ocrx_word' id='word_1_143' title='bbox 2254 684 2407 737; x_wconf 79' lang='grc' dir='ltr'>αὐτοὶ</span> <span class='ocrx_word' id='word_1_144' title='bbox 2432 685 2490 736; x_wconf 85' lang='grc' dir='ltr'>ὲν</span> <span class='ocrx_word' id='word_1_145' title='bbox 2522 686 2587 753; x_wconf 81' lang='grc' dir='ltr'>τῇ</span> <span class='ocrx_word' id='word_1_146' title='bbox 2625 682 3000 755; x_wconf 81' lang='grc' dir='ltr'><strong>Ἀλεξανδρείᾳ</strong></span> <span class='ocrx_word' id='word_1_147' title='bbox 3020 685 3323 756; x_wconf 86' lang='grc' dir='ltr'>γενόμενοι,</span> <span class='ocrx_word' id='word_1_148' title='bbox 3348 688 3441 741; x_wconf 74' lang='grc' dir='ltr'>καὶ</span> <span class='ocrx_word' id='word_1_149' title='bbox 3460 688 3527 742; x_wconf 83' lang='grc' dir='ltr'>τὰ</span> <span class='ocrx_word' id='word_1_150' title='bbox 3562 689 3683 761; x_wconf 85' lang='grc' dir='ltr'>ῐχνη</span> <span class='ocrx_word' id='word_1_151' title='bbox 3714 736 3722 759; x_wconf 50' lang='grc'><strong>,</strong></span> 
     </span>
    </p>
   </div>
   <div class='ocr_carea' id='block_1_22' title="bbox 2106 768 3723 848">
    <p class='ocr_par' dir='ltr' id='par_1_22' title="bbox 2106 768 3723 848">
     <span class='ocr_line' id='line_1_22' title="bbox 2106 768 3723 848; baseline 0.004 -22"><span class='ocrx_word' id='word_1_152' title='bbox 2106 774 2213 826; x_wconf 91' lang='grc' dir='ltr'><strong>τῶν</strong></span> <span class='ocrx_word' id='word_1_153' title='bbox 2247 774 2505 829; x_wconf 88' lang='grc' dir='ltr'>οἱκίσκων</span> <span class='ocrx_word' id='word_1_154' title='bbox 2538 774 2595 825; x_wconf 80' lang='grc' dir='ltr'><strong>ἐν</strong></span> <span class='ocrx_word' id='word_1_155' title='bbox 2627 775 2693 843; x_wconf 81' lang='grc' dir='ltr'>τῇ</span> <span class='ocrx_word' id='word_1_156' title='bbox 2740 773 2901 843; x_wconf 81' lang='grc' dir='ltr'>Φάρῳ</span> <span class='ocrx_word' id='word_1_157' title='bbox 2928 773 3234 843; x_wconf 78' lang='grc' dir='ltr'><strong>ἑωρακότες</strong></span> <span class='ocrx_word' id='word_1_158' title='bbox 3264 775 3344 828; x_wconf 77' lang='grc' dir='ltr'>ἔτι</span> <span class='ocrx_word' id='word_1_159' title='bbox 3375 776 3681 848; x_wconf 71' lang='grc' dir='ltr'>σωζόμενα,</span> <span class='ocrx_word' id='word_1_160' title='bbox 3710 768 3723 795; x_wconf 48' lang='grc' dir='ltr'>έ</span> 
     </span>
    </p>
   </div>
   <div class='ocr_carea' id='block_1_23' title="bbox 2105 864 3739 941">
    <p class='ocr_par' dir='ltr' id='par_1_23' title="bbox 2105 864 3739 941">
     <span class='ocr_line' id='line_1_23' title="bbox 2105 864 3739 941; baseline 0.004 -24"><span class='ocrx_word' id='word_1_161' title='bbox 2105 866 2198 918; x_wconf 66' lang='grc' dir='ltr'><strong>κα)⁵</strong></span> <span class='ocrx_word' id='word_1_162' title='bbox 2244 865 2396 938; x_wconf 87' lang='grc' dir='ltr'><strong>παρά</strong></span> <span class='ocrx_word' id='word_1_163' title='bbox 2441 866 2549 918; x_wconf 86' lang='grc' dir='ltr'><strong>τῶν</strong></span> <span class='ocrx_word' id='word_1_164' title='bbox 2588 866 2725 929; x_wconf 80' lang='grc' dir='ltr'>ἐκεῖ,</span> <span class='ocrx_word' id='word_1_165' title='bbox 2766 864 2841 928; x_wconf 85' lang='grc' dir='ltr'>ὡς</span> <span class='ocrx_word' id='word_1_166' title='bbox 2881 864 2948 917; x_wconf 81' lang='grc' dir='ltr'>τὰ</span> <span class='ocrx_word' id='word_1_167' title='bbox 2993 864 3217 937; x_wconf 89' lang='grc' dir='ltr'>πάτρια,</span> <span class='ocrx_word' id='word_1_168' title='bbox 3265 868 3683 941; x_wconf 81' lang='grc' dir='ltr'><strong>παρειληφότων</strong></span> <span class='ocrx_word' id='word_1_169' title='bbox 3732 884 3739 891; x_wconf 94' lang='grc'><strong>·</strong></span> 
     </span>
    </p>
   </div>
   <div class='ocr_carea' id='block_1_24' title="bbox 2102 956 3682 1031">
    <p class='ocr_par' dir='ltr' id='par_1_24' title="bbox 2102 956 3682 1031">
     <span class='ocr_line' id='line_1_24' title="bbox 2102 956 3682 1031; baseline 0.002 -19"><span class='ocrx_word' id='word_1_170' title='bbox 2102 959 2419 1029; x_wconf 82' lang='grc' dir='ltr'><strong>ἀκηκοότες,</strong></span> <span class='ocrx_word' id='word_1_171' title='bbox 2450 956 2623 1012; x_wconf 82' lang='grc' dir='ltr'>ταῦτα</span> <span class='ocrx_word' id='word_1_172' title='bbox 2654 956 3095 1029; x_wconf 80' lang='grc' dir='ltr'>ἀπαγγέλλομεν,</span> <span class='ocrx_word' id='word_1_173' title='bbox 3122 957 3157 1011; x_wconf 80' lang='grc' dir='ltr'>ἃ</span> <span class='ocrx_word' id='word_1_174' title='bbox 3187 958 3283 1012; x_wconf 80' lang='grc' dir='ltr'>καὶ</span> <span class='ocrx_word' id='word_1_175' title='bbox 3314 960 3444 1031; x_wconf 88' lang='grc' dir='ltr'>παρ’</span> <span class='ocrx_word' id='word_1_176' title='bbox 3478 962 3682 1031; x_wconf 82' lang='grc' dir='ltr'>ἐτέρων</span> 
     </span>
    </p>
   </div>
   <div class='ocr_carea' id='block_1_25' title="bbox 2102 1047 3681 1120">
    <p class='ocr_par' dir='ltr' id='par_1_25' title="bbox 2102 1047 3681 1120">
     <span class='ocr_line' id='line_1_25' title="bbox 2102 1047 3681 1120; baseline 0.004 -20"><span class='ocrx_word' id='word_1_177' title='bbox 2102 1048 2309 1115; x_wconf 76' lang='grc' dir='ltr'>ἔξεστιν</span> <span class='ocrx_word' id='word_1_178' title='bbox 2334 1050 2463 1118; x_wconf 84' lang='grc' dir='ltr'>ὑμῖν</span> <span class='ocrx_word' id='word_1_179' title='bbox 2490 1047 2804 1119; x_wconf 81' lang='grc' dir='ltr'>μανθάνειν,</span> <span class='ocrx_word' id='word_1_180' title='bbox 2832 1047 2927 1102; x_wconf 76' lang='grc' dir='ltr'><strong>καὶ</strong></span> <span class='ocrx_word' id='word_1_181' title='bbox 2954 1047 3185 1119; x_wconf 85' lang='grc' dir='ltr'>μάλιστα</span> <span class='ocrx_word' id='word_1_182' title='bbox 3214 1051 3345 1120; x_wconf 78' lang='grc' dir='ltr'>παρ’</span> <span class='ocrx_word' id='word_1_183' title='bbox 3369 1051 3548 1105; x_wconf 78' lang='grc' dir='ltr'>αὐτῶν</span> <span class='ocrx_word' id='word_1_184' title='bbox 3572 1052 3681 1106; x_wconf 88' lang='grc' dir='ltr'><strong>τῶν</strong></span> 
     </span>
    </p>
   </div>
   <div class='ocr_carea' id='block_1_26' title="bbox 2101 1137 3685 1211">
    <p class='ocr_par' dir='ltr' id='par_1_26' title="bbox 2101 1137 3685 1211">
     <span class='ocr_line' id='line_1_26' title="bbox 2101 1137 3685 1211; baseline 0.001 -19"><span class='ocrx_word' id='word_1_185' title='bbox 2101 1138 2232 1210; x_wconf 75' lang='grc' dir='ltr'>περὶ</span> <span class='ocrx_word' id='word_1_186' title='bbox 2273 1138 2475 1192; x_wconf 80' lang='grc' dir='ltr'>τούτων</span> <span class='ocrx_word' id='word_1_187' title='bbox 2508 1137 2908 1211; x_wconf 85' lang='grc' dir='ltr'>ἱστορησάντων</span> <span class='ocrx_word' id='word_1_188' title='bbox 2952 1138 3129 1207; x_wconf 83' lang='grc' dir='ltr'>σοφῶν</span> <span class='ocrx_word' id='word_1_189' title='bbox 3172 1139 3267 1192; x_wconf 77' lang='grc' dir='ltr'>καὶ</span> <span class='ocrx_word' id='word_1_190' title='bbox 3303 1139 3540 1211; x_wconf 75' lang='grc' dir='ltr'>δοκίμιον</span> <span class='ocrx_word' id='word_1_191' title='bbox 3585 1144 3685 1197; x_wconf 86' lang='grc' dir='ltr'><strong>ἁν-</strong></span> 
     </span>
    </p>
   </div>
   <div class='ocr_carea' id='block_1_27' title="bbox 2099 1230 3680 1305">
    <p class='ocr_par' dir='ltr' id='par_1_27' title="bbox 2099 1230 3680 1305">
     <span class='ocr_line' id='line_1_27' title="bbox 2099 1230 3680 1305; baseline 0.003 -22"><span class='ocrx_word' id='word_1_192' title='bbox 2099 1231 2262 1305; x_wconf 86' lang='grc' dir='ltr'>δρῶν,</span> <span class='ocrx_word' id='word_1_193' title='bbox 2280 1231 2510 1293; x_wconf 83' lang='grc' dir='ltr'>Φίλωνός</span> <span class='ocrx_word' id='word_1_194' title='bbox 2527 1248 2583 1283; x_wconf 88' lang='grc' dir='ltr'><strong>τε</strong></span> <span class='ocrx_word' id='word_1_195' title='bbox 2602 1230 2747 1303; x_wconf 73' lang='grc' dir='ltr'>[καὶ]</span> <span class='ocrx_word' id='word_1_196' title='bbox 2764 1232 3049 1303; x_wconf 84' lang='grc' dir='ltr'>Ἰωσήπου,</span> <span class='ocrx_word' id='word_1_197' title='bbox 3067 1232 3162 1286; x_wconf 75' lang='grc' dir='ltr'><strong>καὶ</strong></span> <span class='ocrx_word' id='word_1_198' title='bbox 3180 1232 3265 1285; x_wconf 87' lang='grc' dir='ltr'><strong>έτέ</strong></span> <span class='ocrx_word' id='word_1_199' title='bbox 3274 1250 3380 1304; x_wconf 85' lang='grc' dir='ltr'><strong>ρων</strong></span> <span class='ocrx_word' id='word_1_200' title='bbox 3396 1234 3680 1287; x_wconf 69' lang='grc' dir='ltr'>πλειόνων-</span> 
     </span>
    </p>
   </div>
   <div class='ocr_carea' id='block_1_28' title="bbox 2098 1322 3682 1396">
    <p class='ocr_par' dir='ltr' id='par_1_28' title="bbox 2098 1322 3682 1396">
     <span class='ocr_line' id='line_1_28' title="bbox 2098 1322 3682 1396; baseline -0.001 -17"><span class='ocrx_word' id='word_1_201' title='bbox 2098 1324 2163 1379; x_wconf 80' lang='grc' dir='ltr'><strong>Εἰ</strong></span> <span class='ocrx_word' id='word_1_202' title='bbox 2185 1322 2241 1378; x_wconf 86' lang='grc' dir='ltr'><em>δέ</em></span> <span class='ocrx_word' id='word_1_203' title='bbox 2272 1340 2355 1387; x_wconf 89' lang='grc' dir='ltr'><strong>τις</strong></span> <span class='ocrx_word' id='word_1_204' title='bbox 2395 1324 2592 1392; x_wconf 80' lang='grc' dir='ltr'>φάσκοι</span> <span class='ocrx_word' id='word_1_205' title='bbox 2622 1323 2731 1377; x_wconf 88' lang='grc' dir='ltr'><strong>τῶν</strong></span> <span class='ocrx_word' id='word_1_206' title='bbox 2763 1323 3069 1395; x_wconf 84' lang='grc' dir='ltr'>προχείρως</span> <span class='ocrx_word' id='word_1_207' title='bbox 3101 1326 3398 1393; x_wconf 76' lang='grc' dir='ltr'>ἀντιλέγειν</span> <span class='ocrx_word' id='word_1_208' title='bbox 3436 1325 3682 1396; x_wconf 79' lang='grc' dir='ltr'>εἰθισμέ-</span> 
     </span>
    </p>
   </div>
   <div class='ocr_carea' id='block_1_29' title="bbox 2098 1413 3682 1485">
    <p class='ocr_par' dir='ltr' id='par_1_29' title="bbox 2098 1413 3682 1485">
     <span class='ocr_line' id='line_1_29' title="bbox 2098 1413 3682 1485; baseline 0.001 -18"><span class='ocrx_word' id='word_1_209' title='bbox 2098 1432 2226 1478; x_wconf 89' lang='grc' dir='ltr'>νων,</span> <span class='ocrx_word' id='word_1_210' title='bbox 2263 1415 2339 1485; x_wconf 85' lang='grc' dir='ltr'>μὴ</span> <span class='ocrx_word' id='word_1_211' title='bbox 2372 1416 2502 1485; x_wconf 76' lang='grc' dir='ltr'>ἡμῖν</span> <span class='ocrx_word' id='word_1_212' title='bbox 2547 1413 2644 1479; x_wconf 78' lang='grc' dir='ltr'>τὰς</span> <span class='ocrx_word' id='word_1_213' title='bbox 2690 1414 2904 1485; x_wconf 88' lang='grc' dir='ltr'>βίϐλους</span> <span class='ocrx_word' id='word_1_214' title='bbox 2954 1416 3177 1481; x_wconf 88' lang='grc' dir='ltr'>ταύτας,</span> <span class='ocrx_word' id='word_1_215' title='bbox 3218 1416 3353 1471; x_wconf 88' lang='grc' dir='ltr'><strong>ἀλλά</strong></span> <span class='ocrx_word' id='word_1_216' title='bbox 3403 1417 3682 1482; x_wconf 83' lang='grc' dir='ltr'>Ἰουδαίοις</span> 
     </span>
    </p>
   </div>
   <div class='ocr_carea' id='block_1_30' title="bbox 2098 1506 3681 1579">
    <p class='ocr_par' dir='ltr' id='par_1_30' title="bbox 2098 1506 3681 1579">
     <span class='ocr_line' id='line_1_30' title="bbox 2098 1506 3681 1579; baseline 0.003 -19"><span class='ocrx_word' id='word_1_217' title='bbox 2098 1507 2209 1577; x_wconf 74' lang='grc'><strong>(20)</strong></span> <span class='ocrx_word' id='word_1_218' title='bbox 2242 1509 2561 1579; x_wconf 83' lang='grc' dir='ltr'>προσήκειν,</span> <span class='ocrx_word' id='word_1_219' title='bbox 2597 1506 2685 1560; x_wconf 82' lang='grc' dir='ltr'>διὰ</span> <span class='ocrx_word' id='word_1_220' title='bbox 2718 1508 2776 1561; x_wconf 85' lang='grc' dir='ltr'><strong>τὸ</strong></span> <span class='ocrx_word' id='word_1_221' title='bbox 2807 1507 2887 1562; x_wconf 77' lang='grc' dir='ltr'>ἔτι</span> <span class='ocrx_word' id='word_1_222' title='bbox 2918 1508 3013 1561; x_wconf 73' lang='grc' dir='ltr'>καὶ</span> <span class='ocrx_word' id='word_1_223' title='bbox 3052 1508 3145 1562; x_wconf 81' lang='grc' dir='ltr'>νῦν</span> <span class='ocrx_word' id='word_1_224' title='bbox 3190 1511 3247 1563; x_wconf 84' lang='grc' dir='ltr'><strong>ἐν</strong></span> <span class='ocrx_word' id='word_1_225' title='bbox 3278 1512 3399 1573; x_wconf 85' lang='grc' dir='ltr'>ταῖς</span> <span class='ocrx_word' id='word_1_226' title='bbox 3431 1527 3681 1578; x_wconf 84' lang='grc' dir='ltr'>συναγω-</span> 
     </span>
    </p>
   </div>
   <div class='ocr_carea' id='block_1_31' title="bbox 2095 1598 3679 1673">
    <p class='ocr_par' dir='ltr' id='par_1_31' title="bbox 2095 1598 3679 1673">
     <span class='ocr_line' id='line_1_31' title="bbox 2095 1598 3679 1673; baseline 0.003 -22"><span class='ocrx_word' id='word_1_227' title='bbox 2095 1602 2223 1667; x_wconf 89' lang='grc' dir='ltr'>γαῖς</span> <span class='ocrx_word' id='word_1_228' title='bbox 2247 1599 2425 1652; x_wconf 80' lang='grc' dir='ltr'>αὐτῶν</span> <span class='ocrx_word' id='word_1_229' title='bbox 2464 1598 2755 1664; x_wconf 75' lang='grc' dir='ltr'>σώζεσθαι,</span> <span class='ocrx_word' id='word_1_230' title='bbox 2800 1600 2895 1653; x_wconf 61' lang='grc' dir='ltr'><strong>καὶ¹</strong></span> <span class='ocrx_word' id='word_1_231' title='bbox 2944 1601 3123 1672; x_wconf 85' lang='grc' dir='ltr'>μάτην</span> <span class='ocrx_word' id='word_1_232' title='bbox 3167 1603 3314 1673; x_wconf 80' lang='grc' dir='ltr'>ἡμᾶς</span> <span class='ocrx_word' id='word_1_233' title='bbox 3359 1604 3424 1654; x_wconf 86' lang='grc' dir='ltr'>ὲκ</span> <span class='ocrx_word' id='word_1_234' title='bbox 3468 1602 3679 1655; x_wconf 86' lang='grc' dir='ltr'>τούτων</span> 
     </span>
    </p>
   </div>
   <div class='ocr_carea' id='block_1_32' title="bbox 2097 1691 3681 1766">
    <p class='ocr_par' dir='ltr' id='par_1_32' title="bbox 2097 1691 3681 1766">
     <span class='ocr_line' id='line_1_32' title="bbox 2097 1691 3681 1766; baseline 0.003 -23"><span class='ocrx_word' id='word_1_235' title='bbox 2097 1691 2326 1761; x_wconf 83' lang='grc' dir='ltr'>φάσκειν</span> <span class='ocrx_word' id='word_1_236' title='bbox 2356 1692 2453 1764; x_wconf 80' lang='grc' dir='ltr'>τὴν</span> <span class='ocrx_word' id='word_1_237' title='bbox 2497 1692 2805 1746; x_wconf 87' lang='grc' dir='ltr'>θεοσέϐειαν</span> <span class='ocrx_word' id='word_1_238' title='bbox 2839 1693 3220 1766; x_wconf 78' lang='grc' dir='ltr'>μεμαθηκέναι</span> <span class='ocrx_word' id='word_1_239' title='bbox 3266 1694 3435 1763; x_wconf 82' lang='grc' dir='ltr'>λέγοι,</span> <span class='ocrx_word' id='word_1_240' title='bbox 3481 1693 3681 1762; x_wconf 82' lang='grc' dir='ltr'>γνώτω</span> 
     </span>
    </p>
   </div>
   <div class='ocr_carea' id='block_1_33' title="bbox 2094 1784 3680 1858">
    <p class='ocr_par' dir='ltr' id='par_1_33' title="bbox 2094 1784 3680 1858">
     <span class='ocr_line' id='line_1_33' title="bbox 2094 1784 3680 1858; baseline 0.003 -22"><span class='ocrx_word' id='word_1_241' title='bbox 2094 1784 2187 1837; x_wconf 81' lang='grc' dir='ltr'>ἀπ’</span> <span class='ocrx_word' id='word_1_242' title='bbox 2220 1785 2401 1837; x_wconf 76' lang='grc' dir='ltr'>αὐτῶν</span> <span class='ocrx_word' id='word_1_243' title='bbox 2426 1785 2530 1837; x_wconf 87' lang='grc' dir='ltr'><strong>τῶν</strong></span> <span class='ocrx_word' id='word_1_244' title='bbox 2554 1786 2612 1837; x_wconf 87' lang='grc' dir='ltr'><strong>ὲν</strong></span> <span class='ocrx_word' id='word_1_245' title='bbox 2636 1787 2755 1847; x_wconf 86' lang='grc' dir='ltr'>ταῖς</span> <span class='ocrx_word' id='word_1_246' title='bbox 2783 1784 2984 1855; x_wconf 89' lang='grc' dir='ltr'>βίϐλοις</span> <span class='ocrx_word' id='word_1_247' title='bbox 3014 1787 3435 1858; x_wconf 81' lang='grc' dir='ltr'>γεγραμμένων,</span> <span class='ocrx_word' id='word_1_248' title='bbox 3462 1790 3543 1841; x_wconf 80' lang='grc' dir='ltr'><strong>ὅτι</strong></span> <span class='ocrx_word' id='word_1_249' title='bbox 3572 1788 3680 1841; x_wconf 80' lang='grc' dir='ltr'><strong>οὐκ</strong></span> 
     </span>
    </p>
   </div>
   <div class='ocr_carea' id='block_1_34' title="bbox 414 1874 1977 1951">
    <p class='ocr_par' dir='ltr' id='par_1_34' title="bbox 414 1875 1977 1947">
     <span class='ocr_line' id='line_1_34' title="bbox 414 1875 1977 1947; baseline 0.005 -19"><span class='ocrx_word' id='word_1_250' title='bbox 414 1876 562 1940; x_wconf 83' lang='lat' dir='ltr'><strong>libri,</strong></span> <span class='ocrx_word' id='word_1_251' title='bbox 600 1877 691 1945; x_wconf 91' lang='lat' dir='ltr'><strong>qui</strong></span> <span class='ocrx_word' id='word_1_252' title='bbox 733 1875 1009 1945; x_wconf 80' lang='lat' dir='ltr'><strong>religionis</strong></span> <span class='ocrx_word' id='word_1_253' title='bbox 1041 1888 1240 1930; x_wconf 67' lang='lat' dir='ltr'><strong>nostra:</strong></span> <span class='ocrx_word' id='word_1_254' title='bbox 1268 1878 1472 1947; x_wconf 90' lang='lat' dir='ltr'><strong>proprii</strong></span> <span class='ocrx_word' id='word_1_255' title='bbox 1506 1890 1655 1944; x_wconf 87' lang='lat' dir='ltr'><strong>sunt,</strong></span> <span class='ocrx_word' id='word_1_256' title='bbox 1687 1883 1977 1936; x_wconf 77' lang='lat' dir='ltr'><strong>etiamnum</strong></span> 
     </span>
    </p>
   </div>
   <div class='ocr_carea' id='block_1_35' title="bbox 2090 1874 3675 1951">
    <p class='ocr_par' dir='ltr' id='par_1_35' title="bbox 2092 1874 3675 1951">
     <span class='ocr_line' id='line_1_35' title="bbox 2092 1874 3675 1951; baseline 0.005 -24"><span class='ocrx_word' id='word_1_257' title='bbox 2092 1874 2295 1942; x_wconf 79' lang='grc' dir='ltr'>αὐτοῖς,</span> <span class='ocrx_word' id='word_1_258' title='bbox 2328 1874 2463 1929; x_wconf 88' lang='grc' dir='ltr'><strong>ἀλλά</strong></span> <span class='ocrx_word' id='word_1_259' title='bbox 2494 1877 2626 1946; x_wconf 79' lang='grc' dir='ltr'>ἡμῖν</span> <span class='ocrx_word' id='word_1_260' title='bbox 2656 1877 2688 1946; x_wconf 81' lang='grc' dir='ltr'>ἡ</span> <span class='ocrx_word' id='word_1_261' title='bbox 2722 1876 2784 1928; x_wconf 79' lang='grc' dir='ltr'><strong>ἐκ</strong></span> <span class='ocrx_word' id='word_1_262' title='bbox 2823 1877 3025 1930; x_wconf 85' lang='grc' dir='ltr'>τούτων</span> <span class='ocrx_word' id='word_1_263' title='bbox 3056 1878 3302 1951; x_wconf 80' lang='grc' dir='ltr'>διαφέρει</span> <span class='ocrx_word' id='word_1_264' title='bbox 3331 1879 3675 1935; x_wconf 87' lang='grc' dir='ltr'>διδασκαλία.</span> 
     </span>
    </p>
   </div>
   <div class='ocr_carea' id='block_1_36' title="bbox 413 1966 1991 2038">
    <p class='ocr_par' dir='ltr' id='par_1_36' title="bbox 413 1966 1991 2038">
     <span class='ocr_line' id='line_1_36' title="bbox 413 1966 1991 2038; baseline 0.007 -19"><span class='ocrx_word' id='word_1_265' title='bbox 413 1969 555 2031; x_wconf 88' lang='lat' dir='ltr'><strong>apud</strong></span> <span class='ocrx_word' id='word_1_266' title='bbox 595 1966 811 2023; x_wconf 72' lang='lat' dir='ltr'><strong>Iudaeos</strong></span> <span class='ocrx_word' id='word_1_267' title='bbox 864 1978 1236 2031; x_wconf 85' lang='lat' dir='ltr'><strong>asservantur,</strong></span> <span class='ocrx_word' id='word_1_268' title='bbox 1283 1969 1335 2023; x_wconf 84' lang='lat' dir='ltr'><strong>id</strong></span> <span class='ocrx_word' id='word_1_269' title='bbox 1386 1971 1746 2038; x_wconf 80' lang='lat' dir='ltr'><strong>providentiae</strong></span> <span class='ocrx_word' id='word_1_270' title='bbox 1790 1974 1991 2031; x_wconf 66' lang='lat' dir='ltr'><strong>divinae</strong></span> 
     </span>
    </p>
   </div>
   <div class='ocr_carea' id='block_1_37' title="bbox 414 2060 1990 2129">
    <p class='ocr_par' dir='ltr' id='par_1_37' title="bbox 414 2060 1990 2129">
     <span class='ocr_line' id='line_1_37' title="bbox 414 2060 1990 2129; baseline 0.007 -17"><span class='ocrx_word' id='word_1_271' title='bbox 414 2060 569 2115; x_wconf 91' lang='lat' dir='ltr'><strong>nobis</strong></span> <span class='ocrx_word' id='word_1_272' title='bbox 599 2060 931 2114; x_wconf 84' lang='lat' dir='ltr'><strong>consulentis</strong></span> <span class='ocrx_word' id='word_1_273' title='bbox 962 2076 1101 2129; x_wconf 90' lang='lat' dir='ltr'><strong>opus</strong></span> <span class='ocrx_word' id='word_1_274' title='bbox 1124 2063 1356 2116; x_wconf 77' lang='lat' dir='ltr'><strong>exstitit.</strong></span> <span class='ocrx_word' id='word_1_275' title='bbox 1389 2062 1524 2117; x_wconf 85' lang='lat' dir='ltr'><strong>Nam</strong></span> <span class='ocrx_word' id='word_1_276' title='bbox 1550 2080 1617 2119; x_wconf 93' lang='lat' dir='ltr'><strong>ne</strong></span> <span class='ocrx_word' id='word_1_277' title='bbox 1650 2081 1713 2118; x_wconf 82' lang='lat' dir='ltr'><strong>ex</strong></span> <span class='ocrx_word' id='word_1_278' title='bbox 1745 2066 1990 2123; x_wconf 89' lang='lat' dir='ltr'><strong>Ecclesia</strong></span> 
     </span>
    </p>
   </div>
   <div class='ocr_carea' id='block_1_38' title="bbox 414 2150 1991 2224">
    <p class='ocr_par' dir='ltr' id='par_1_38' title="bbox 414 2150 1991 2224">
     <span class='ocr_line' id='line_1_38' title="bbox 414 2150 1991 2224; baseline 0.005 -21"><span class='ocrx_word' id='word_1_279' title='bbox 414 2150 755 2218; x_wconf 83' lang='lat' dir='ltr'><strong>proferentes</strong></span> <span class='ocrx_word' id='word_1_280' title='bbox 784 2150 976 2205; x_wconf 78' lang='lat' dir='ltr'><strong>locum</strong></span> <span class='ocrx_word' id='word_1_281' title='bbox 1021 2150 1361 2220; x_wconf 56' lang='lat' dir='ltr'><strong>suspicanda</strong></span> <span class='ocrx_word' id='word_1_282' title='bbox 1409 2150 1615 2207; x_wconf 77' lang='lat' dir='ltr'><strong>fraudis</strong></span> <span class='ocrx_word' id='word_1_283' title='bbox 1656 2158 1991 2224; x_wconf 70' lang='lat' dir='ltr'><strong>prmbeamus</strong></span> 
     </span>
    </p>
   </div>
   <div class='ocr_carea' id='block_1_39' title="bbox 415 2239 1986 2312">
    <p class='ocr_par' dir='ltr' id='par_1_39' title="bbox 415 2239 1986 2312">
     <span class='ocr_line' id='line_1_39' title="bbox 415 2239 1986 2312; baseline 0.004 -18"><span class='ocrx_word' id='word_1_284' title='bbox 415 2243 722 2296; x_wconf 85' lang='lat' dir='ltr'><strong>horninibus</strong></span> <span class='ocrx_word' id='word_1_285' title='bbox 742 2242 899 2296; x_wconf 83' lang='lat' dir='ltr'><strong>nobis</strong></span> <span class='ocrx_word' id='word_1_286' title='bbox 922 2239 1261 2295; x_wconf 74' lang='lat' dir='ltr'><strong>obtrectandi</strong></span> <span class='ocrx_word' id='word_1_287' title='bbox 1303 2243 1547 2312; x_wconf 89' lang='lat' dir='ltr'><strong>cupidis;</strong></span> <span class='ocrx_word' id='word_1_288' title='bbox 1590 2259 1657 2299; x_wconf 81' lang='lat' dir='ltr'><strong>ex</strong></span> <span class='ocrx_word' id='word_1_289' title='bbox 1679 2244 1986 2301; x_wconf 68' lang='lat' dir='ltr'><strong>Judmorum</strong></span> 
     </span>
    </p>
   </div>
   <div class='ocr_carea' id='block_1_40' title="bbox 413 2333 1988 2405">
    <p class='ocr_par' dir='ltr' id='par_1_40' title="bbox 413 2333 1988 2405">
     <span class='ocr_line' id='line_1_40' title="bbox 413 2333 1988 2405; baseline 0.003 -19"><span class='ocrx_word' id='word_1_290' title='bbox 413 2335 701 2403; x_wconf 78' lang='lat' dir='ltr'><strong>synagogis</strong></span> <span class='ocrx_word' id='word_1_291' title='bbox 733 2349 826 2390; x_wconf 82' lang='lat' dir='ltr'><strong>eos</strong></span> <span class='ocrx_word' id='word_1_292' title='bbox 857 2334 1087 2403; x_wconf 74' lang='lat' dir='ltr'><strong>proferri</strong></span> <span class='ocrx_word' id='word_1_293' title='bbox 1127 2333 1488 2403; x_wconf 86' lang='lat' dir='ltr'><strong>postulamus,</strong></span> <span class='ocrx_word' id='word_1_294' title='bbox 1528 2344 1587 2388; x_wconf 90' lang='lat' dir='ltr'><strong>ut</strong></span> <span class='ocrx_word' id='word_1_295' title='bbox 1615 2350 1682 2390; x_wconf 79' lang='lat' dir='ltr'><strong>ex</strong></span> <span class='ocrx_word' id='word_1_296' title='bbox 1719 2337 1852 2405; x_wconf 89' lang='lat' dir='ltr'><strong>ipsis</strong></span> <span class='ocrx_word' id='word_1_297' title='bbox 1882 2338 1988 2391; x_wconf 78' lang='lat' dir='ltr'><strong>illis</strong></span> 
     </span>
    </p>
   </div>
   <div class='ocr_carea' id='block_1_41' title="bbox 414 2425 1989 2495">
    <p class='ocr_par' dir='ltr' id='par_1_41' title="bbox 414 2425 1989 2495">
     <span class='ocr_line' id='line_1_41' title="bbox 414 2425 1989 2495; baseline 0.004 -17"><span class='ocrx_word' id='word_1_298' title='bbox 414 2426 570 2481; x_wconf 91' lang='lat' dir='ltr'><strong>libris</strong></span> <span class='ocrx_word' id='word_1_299' title='bbox 618 2425 710 2494; x_wconf 90' lang='lat' dir='ltr'><strong>qui</strong></span> <span class='ocrx_word' id='word_1_300' title='bbox 764 2426 939 2480; x_wconf 88' lang='lat' dir='ltr'><strong>adlme</strong></span> <span class='ocrx_word' id='word_1_301' title='bbox 967 2428 1106 2495; x_wconf 89' lang='lat' dir='ltr'><strong>apud</strong></span> <span class='ocrx_word' id='word_1_302' title='bbox 1156 2440 1251 2480; x_wconf 90' lang='lat' dir='ltr'><strong>eos</strong></span> <span class='ocrx_word' id='word_1_303' title='bbox 1300 2436 1680 2493; x_wconf 89' lang='lat' dir='ltr'><strong>asservantur,</strong></span> <span class='ocrx_word' id='word_1_304' title='bbox 1735 2429 1885 2483; x_wconf 83' lang='lat' dir='ltr'><strong>clare</strong></span> <span class='ocrx_word' id='word_1_305' title='bbox 1934 2439 1989 2484; x_wconf 88' lang='lat' dir='ltr'><strong>et</strong></span> 
     </span>
    </p>
   </div>
   <div class='ocr_carea' id='block_1_42' title="bbox 412 2517 1986 2587">
    <p class='ocr_par' dir='ltr' id='par_1_42' title="bbox 412 2517 1986 2587">
     <span class='ocr_line' id='line_1_42' title="bbox 412 2517 1986 2587; baseline 0.006 -20"><span class='ocrx_word' id='word_1_306' title='bbox 412 2524 597 2582; x_wconf 88' lang='lat' dir='ltr'><strong>aperte</strong></span> <span class='ocrx_word' id='word_1_307' title='bbox 620 2524 832 2568; x_wconf 88' lang='lat' dir='ltr'><strong>nostras</strong></span> <span class='ocrx_word' id='word_1_308' title='bbox 858 2528 976 2568; x_wconf 87' lang='lat' dir='ltr'><strong>esse</strong></span> <span class='ocrx_word' id='word_1_309' title='bbox 1008 2525 1187 2584; x_wconf 89' lang='lat' dir='ltr'><strong>pateat</strong></span> <span class='ocrx_word' id='word_1_310' title='bbox 1217 2517 1381 2587; x_wconf 76' lang='lat' dir='ltr'><strong>leges,</strong></span> <span class='ocrx_word' id='word_1_311' title='bbox 1409 2532 1528 2585; x_wconf 64' lang='lat' dir='ltr'><strong>quae</strong></span> <span class='ocrx_word' id='word_1_312' title='bbox 1559 2533 1587 2571; x_wconf 91' lang='lat' dir='ltr'><strong>a</strong></span> <span class='ocrx_word' id='word_1_313' title='bbox 1615 2520 1825 2576; x_wconf 87' lang='lat' dir='ltr'><strong>sanctis</strong></span> <span class='ocrx_word' id='word_1_314' title='bbox 1856 2520 1986 2576; x_wconf 88' lang='lat' dir='ltr'><strong>viris</strong></span> 
     </span>
    </p>
   </div>
   <div class='ocr_carea' id='block_1_43' title="bbox 414 2606 1233 2676">
    <p class='ocr_par' dir='ltr' id='par_1_43' title="bbox 414 2606 1233 2676">
     <span class='ocr_line' id='line_1_43' title="bbox 414 2606 1233 2676; baseline 0.001 -17"><span class='ocrx_word' id='word_1_315' title='bbox 414 2608 482 2659; x_wconf 89' lang='lat' dir='ltr'><strong>ad</strong></span> <span class='ocrx_word' id='word_1_316' title='bbox 518 2606 820 2661; x_wconf 86' lang='lat' dir='ltr'><strong>doctrinam</strong></span> <span class='ocrx_word' id='word_1_317' title='bbox 845 2606 1060 2676; x_wconf 71' lang='lat' dir='ltr'><strong>scripta:</strong></span> <span class='ocrx_word' id='word_1_318' title='bbox 1086 2618 1233 2662; x_wconf 89' lang='lat' dir='ltr'><strong>sunt.</strong></span> 
     </span>
    </p>
   </div>
   <div class='ocr_carea' id='block_1_44' title="bbox 484 2873 1982 2946">
    <p class='ocr_par' dir='ltr' id='par_1_44' title="bbox 484 2873 1982 2946">
     <span class='ocr_line' id='line_1_44' title="bbox 484 2873 1982 2946; baseline 0.005 -17"><span class='ocrx_word' id='word_1_319' title='bbox 484 2876 566 2929; x_wconf 74' lang='grc' dir='ltr'><strong>Η.</strong></span> <span class='ocrx_word' id='word_1_320' title='bbox 613 2873 987 2930; x_wconf 87' lang='lat' dir='ltr'><strong>Necessarium</strong></span> <span class='ocrx_word' id='word_1_321' title='bbox 1040 2890 1168 2946; x_wconf 85' lang='lat' dir='ltr'><strong>ergo</strong></span> <span class='ocrx_word' id='word_1_322' title='bbox 1212 2885 1315 2942; x_wconf 91' lang='lat' dir='ltr'><strong>est,</strong></span> <span class='ocrx_word' id='word_1_323' title='bbox 1359 2891 1392 2931; x_wconf 90' lang='grc' dir='ltr'><strong>ο</strong></span> <span class='ocrx_word' id='word_1_324' title='bbox 1438 2877 1640 2944; x_wconf 67' lang='lat' dir='ltr'><strong>Graeci,</strong></span> <span class='ocrx_word' id='word_1_325' title='bbox 1690 2889 1749 2932; x_wconf 94' lang='lat' dir='ltr'><strong>ut</strong></span> <span class='ocrx_word' id='word_1_326' title='bbox 1802 2879 1982 2935; x_wconf 86' lang='lat' dir='ltr'><strong>l‘ntura</strong></span> 
     </span>
    </p>
   </div>
   <div class='ocr_carea' id='block_1_45' title="bbox 409 2969 1981 3039">
    <p class='ocr_par' dir='ltr' id='par_1_45' title="bbox 409 2969 1981 3039">
     <span class='ocr_line' id='line_1_45' title="bbox 409 2969 1981 3039; baseline 0.004 -18"><span class='ocrx_word' id='word_1_327' title='bbox 409 2969 801 3039; x_wconf 77' lang='lat' dir='ltr'><strong>prospicientes</strong></span> <span class='ocrx_word' id='word_1_328' title='bbox 836 2984 901 3024; x_wconf 90' lang='lat' dir='ltr'><strong>ac</strong></span> <span class='ocrx_word' id='word_1_329' title='bbox 932 2969 1066 3024; x_wconf 87' lang='lat' dir='ltr'><strong>illud</strong></span> <span class='ocrx_word' id='word_1_330' title='bbox 1100 2985 1205 3024; x_wconf 90' lang='lat' dir='ltr'><strong>non</strong></span> <span class='ocrx_word' id='word_1_331' title='bbox 1256 2985 1283 3023; x_wconf 92' lang='lat' dir='ltr'><strong>a</strong></span> <span class='ocrx_word' id='word_1_332' title='bbox 1307 2970 1422 3039; x_wconf 77' lang='lat' dir='ltr'><strong>.piis</strong></span> <span class='ocrx_word' id='word_1_333' title='bbox 1454 2971 1652 3036; x_wconf 89' lang='lat' dir='ltr'><strong>solum,</strong></span> <span class='ocrx_word' id='word_1_334' title='bbox 1682 2972 1777 3027; x_wconf 89' lang='lat' dir='ltr'><strong>sed</strong></span> <span class='ocrx_word' id='word_1_335' title='bbox 1817 2975 1981 3027; x_wconf 76' lang='lat' dir='ltr'><strong>etiam</strong></span> 
     </span>
    </p>
   </div>
   <div class='ocr_carea' id='block_1_46' title="bbox 409 3061 1979 3129">
    <p class='ocr_par' dir='ltr' id='par_1_46' title="bbox 409 3061 1979 3129">
     <span class='ocr_line' id='line_1_46' title="bbox 409 3061 1979 3129; baseline 0.001 -14"><span class='ocrx_word' id='word_1_336' title='bbox 409 3064 479 3116; x_wconf 78' lang='lat' dir='ltr'><strong>ab</strong></span> <span class='ocrx_word' id='word_1_337' title='bbox 522 3063 762 3117; x_wconf 78' lang='lat' dir='ltr'><strong>externis</strong></span> <span class='ocrx_word' id='word_1_338' title='bbox 812 3062 1163 3129; x_wconf 65' lang='lat' dir='ltr'><strong>prmdicatum</strong></span> <span class='ocrx_word' id='word_1_339' title='bbox 1212 3061 1476 3128; x_wconf 89' lang='lat' dir='ltr'><strong>jndicimn</strong></span> <span class='ocrx_word' id='word_1_340' title='bbox 1526 3062 1822 3128; x_wconf 79' lang='lat' dir='ltr'><strong>intuentes,</strong></span> <span class='ocrx_word' id='word_1_341' title='bbox 1874 3081 1979 3117; x_wconf 88' lang='lat' dir='ltr'><strong>non</strong></span> 
     </span>
    </p>
   </div>
   <div class='ocr_carea' id='block_1_47' title="bbox 2094 1966 3679 2045">
    <p class='ocr_par' dir='ltr' id='par_1_47' title="bbox 2094 1966 3679 2045">
     <span class='ocr_line' id='line_1_47' title="bbox 2094 1966 3679 2045; baseline 0.005 -27"><span class='ocrx_word' id='word_1_342' title='bbox 2094 1966 2168 2019; x_wconf 85' lang='grc' dir='ltr'><strong>Τὸ</strong></span> <span class='ocrx_word' id='word_1_343' title='bbox 2196 1967 2254 2019; x_wconf 82' lang='grc' dir='ltr'><strong>δὲ</strong></span> <span class='ocrx_word' id='word_1_344' title='bbox 2287 1967 2436 2038; x_wconf 86' lang='grc' dir='ltr'><strong>παρά</strong></span> <span class='ocrx_word' id='word_1_345' title='bbox 2480 1968 2754 2031; x_wconf 81' lang='grc' dir='ltr'>Ἰουδαίοις</span> <span class='ocrx_word' id='word_1_346' title='bbox 2786 1968 2864 2021; x_wconf 79' lang='grc' dir='ltr'>ἔτι</span> <span class='ocrx_word' id='word_1_347' title='bbox 2899 1969 2993 2023; x_wconf 77' lang='grc' dir='ltr'><strong>καὶ</strong></span> <span class='ocrx_word' id='word_1_348' title='bbox 3038 1970 3132 2023; x_wconf 83' lang='grc' dir='ltr'>νῦν</span> <span class='ocrx_word' id='word_1_349' title='bbox 3176 1970 3273 2034; x_wconf 81' lang='grc' dir='ltr'>τὰς</span> <span class='ocrx_word' id='word_1_350' title='bbox 3318 1973 3382 2042; x_wconf 80' lang='grc' dir='ltr'>τῇ</span> <span class='ocrx_word' id='word_1_351' title='bbox 3429 1972 3679 2045; x_wconf 70' lang='grc' dir='ltr'>ἡμετέρᾳ</span> 
     </span>
    </p>
   </div>
   <div class='ocr_carea' id='block_1_48' title="bbox 2094 2057 3680 2136">
    <p class='ocr_par' dir='ltr' id='par_1_48' title="bbox 2094 2057 3680 2136">
     <span class='ocr_line' id='line_1_48' title="bbox 2094 2057 3680 2136; baseline 0.004 -27"><span class='ocrx_word' id='word_1_352' title='bbox 2094 2057 2374 2127; x_wconf 71' lang='grc' dir='ltr'>θεοσεϐείᾳ</span> <span class='ocrx_word' id='word_1_353' title='bbox 2404 2058 2767 2130; x_wconf 79' lang='grc' dir='ltr'>διαφερούσας</span> <span class='ocrx_word' id='word_1_354' title='bbox 2801 2059 3066 2123; x_wconf 75' lang='grc' dir='ltr'>σώζεσθαι</span> <span class='ocrx_word' id='word_1_355' title='bbox 3102 2060 3334 2131; x_wconf 91' lang='grc' dir='ltr'>βίϐλους,</span> <span class='ocrx_word' id='word_1_356' title='bbox 3370 2061 3521 2125; x_wconf 84' lang='grc' dir='ltr'>θείας</span> <span class='ocrx_word' id='word_1_357' title='bbox 3544 2081 3680 2136; x_wconf 88' lang='grc' dir='ltr'>προ-</span> 
     </span>
    </p>
   </div>
   <div class='ocr_carea' id='block_1_49' title="bbox 2092 2147 3677 2225">
    <p class='ocr_par' dir='ltr' id='par_1_49' title="bbox 2092 2147 3677 2225">
     <span class='ocr_line' id='line_1_49' title="bbox 2092 2147 3677 2225; baseline 0.006 -25"><span class='ocrx_word' id='word_1_358' title='bbox 2092 2148 2240 2211; x_wconf 85' lang='grc' dir='ltr'>νοίας</span> <span class='ocrx_word' id='word_1_359' title='bbox 2270 2147 2429 2219; x_wconf 81' lang='grc' dir='ltr'>ἔργον</span> <span class='ocrx_word' id='word_1_360' title='bbox 2461 2149 2602 2220; x_wconf 84' lang='grc' dir='ltr'>ὑπὲρ</span> <span class='ocrx_word' id='word_1_361' title='bbox 2634 2148 2791 2219; x_wconf 84' lang='grc' dir='ltr'>ήμῶν</span> <span class='ocrx_word' id='word_1_362' title='bbox 2814 2150 3056 2219; x_wconf 86' lang='grc' dir='ltr'>γέγονεν.</span> <span class='ocrx_word' id='word_1_363' title='bbox 3094 2151 3207 2206; x_wconf 86' lang='grc' dir='ltr'>Ἵνα</span> <span class='ocrx_word' id='word_1_364' title='bbox 3233 2152 3339 2225; x_wconf 82' lang='grc' dir='ltr'><strong>γὰρ</strong></span> <span class='ocrx_word' id='word_1_365' title='bbox 3368 2153 3442 2225; x_wconf 79' lang='grc' dir='ltr'><strong>μὴ</strong></span> <span class='ocrx_word' id='word_1_366' title='bbox 3475 2156 3539 2208; x_wconf 84' lang='grc' dir='ltr'>ὲκ</span> <span class='ocrx_word' id='word_1_367' title='bbox 3570 2155 3677 2225; x_wconf 81' lang='grc' dir='ltr'>τῆς</span> 
     </span>
    </p>
   </div>
   <div class='ocr_carea' id='block_1_50' title="bbox 2106 2241 3676 2320">
    <p class='ocr_par' dir='ltr' id='par_1_50' title="bbox 2106 2241 3676 2320">
     <span class='ocr_line' id='line_1_50' title="bbox 2106 2241 3676 2320; baseline 0.006 -28"><span class='ocrx_word' id='word_1_368' title='bbox 2106 2241 2434 2313; x_wconf 84' lang='grc' dir='ltr'>Ἐκκλησίας</span> <span class='ocrx_word' id='word_1_369' title='bbox 2495 2242 2949 2313; x_wconf 80' lang='grc' dir='ltr'>προκομίζοντες,</span> <span class='ocrx_word' id='word_1_370' title='bbox 3002 2245 3275 2316; x_wconf 86' lang='grc' dir='ltr'>πρόφασιν</span> <span class='ocrx_word' id='word_1_371' title='bbox 3324 2247 3676 2320; x_wconf 73' lang='grc' dir='ltr'>ῥᾳδιουργίας</span> 
     </span>
    </p>
   </div>
   <div class='ocr_carea' id='block_1_51' title="bbox 2090 2334 3673 2412">
    <p class='ocr_par' dir='ltr' id='par_1_51' title="bbox 2090 2334 3673 2412">
     <span class='ocr_line' id='line_1_51' title="bbox 2090 2334 3673 2412; baseline 0.007 -27"><span class='ocrx_word' id='word_1_372' title='bbox 2090 2337 2201 2396; x_wconf 86' lang='grc' dir='ltr'>τοῖς</span> <span class='ocrx_word' id='word_1_373' title='bbox 2253 2334 2594 2405; x_wconf 79' lang='grc' dir='ltr'>βουλομένοις</span> <span class='ocrx_word' id='word_1_374' title='bbox 2647 2335 2988 2408; x_wconf 81' lang='grc' dir='ltr'>βλασφημεῖν</span> <span class='ocrx_word' id='word_1_375' title='bbox 3046 2339 3195 2409; x_wconf 78' lang='grc' dir='ltr'>ἡμᾶς</span> <span class='ocrx_word' id='word_1_376' title='bbox 3258 2341 3673 2412; x_wconf 84' lang='grc' dir='ltr'>παράσχωμεν,</span> 
     </span>
    </p>
   </div>
   <div class='ocr_carea' id='block_1_52' title="bbox 2090 2427 3675 2503">
    <p class='ocr_par' dir='ltr' id='par_1_52' title="bbox 2090 2427 3675 2503">
     <span class='ocr_line' id='line_1_52' title="bbox 2090 2427 3675 2503; baseline 0.001 -20"><span class='ocrx_word' id='word_1_377' title='bbox 2090 2429 2198 2483; x_wconf 83' lang='grc' dir='ltr'><strong>ἀπὸ</strong></span> <span class='ocrx_word' id='word_1_378' title='bbox 2224 2427 2322 2498; x_wconf 83' lang='grc' dir='ltr'>τῆς</span> <span class='ocrx_word' id='word_1_379' title='bbox 2346 2427 2452 2480; x_wconf 90' lang='grc' dir='ltr'><strong>τῶν</strong></span> <span class='ocrx_word' id='word_1_380' title='bbox 2490 2427 2760 2481; x_wconf 83' lang='grc' dir='ltr'>Ἰουδαίων</span> <span class='ocrx_word' id='word_1_381' title='bbox 2794 2430 3113 2500; x_wconf 83' lang='grc' dir='ltr'>συναγωγῆς</span> <span class='ocrx_word' id='word_1_382' title='bbox 3164 2432 3363 2495; x_wconf 83' lang='grc' dir='ltr'>ταύτας</span> <span class='ocrx_word' id='word_1_383' title='bbox 3408 2431 3675 2503; x_wconf 82' lang='grc' dir='ltr'>ἀξιοῦμεν</span> 
     </span>
    </p>
   </div>
   <div class='ocr_carea' id='block_1_53' title="bbox 2091 2516 3672 2594">
    <p class='ocr_par' dir='ltr' id='par_1_53' title="bbox 2091 2516 3672 2594">
     <span class='ocr_line' id='line_1_53' title="bbox 2091 2516 3672 2594; baseline 0.005 -25"><span class='ocrx_word' id='word_1_384' title='bbox 2091 2516 2519 2587; x_wconf 78' lang='grc' dir='ltr'>προκομίζεσθαι</span> <span class='ocrx_word' id='word_1_385' title='bbox 2552 2518 2684 2588; x_wconf 73' lang='grc'>(21),</span> <span class='ocrx_word' id='word_1_386' title='bbox 2717 2519 2801 2571; x_wconf 80' lang='grc' dir='ltr'><strong>ἵνα</strong></span> <span class='ocrx_word' id='word_1_387' title='bbox 2824 2520 2918 2573; x_wconf 80' lang='grc' dir='ltr'>ἀπ’</span> <span class='ocrx_word' id='word_1_388' title='bbox 2950 2520 3129 2574; x_wconf 83' lang='grc' dir='ltr'>αὐτῶν</span> <span class='ocrx_word' id='word_1_389' title='bbox 3162 2522 3267 2574; x_wconf 91' lang='grc' dir='ltr'><strong>τῶν</strong></span> <span class='ocrx_word' id='word_1_390' title='bbox 3299 2522 3377 2575; x_wconf 76' lang='grc' dir='ltr'>ἔτι</span> <span class='ocrx_word' id='word_1_391' title='bbox 3409 2525 3538 2594; x_wconf 82' lang='grc' dir='ltr'>παρ’</span> <span class='ocrx_word' id='word_1_392' title='bbox 3563 2524 3672 2577; x_wconf 79' lang='grc' dir='ltr'>αὐ-</span> 
     </span>
    </p>
   </div>
   <div class='ocr_carea' id='block_1_54' title="bbox 2087 2608 3674 2685">
    <p class='ocr_par' dir='ltr' id='par_1_54' title="bbox 2087 2608 3674 2685">
     <span class='ocr_line' id='line_1_54' title="bbox 2087 2608 3674 2685; baseline 0.007 -27"><span class='ocrx_word' id='word_1_393' title='bbox 2087 2609 2199 2670; x_wconf 83' lang='grc' dir='ltr'>τοῖς</span> <span class='ocrx_word' id='word_1_394' title='bbox 2240 2608 2560 2680; x_wconf 78' lang='grc' dir='ltr'>σωζομένων</span> <span class='ocrx_word' id='word_1_395' title='bbox 2601 2608 2842 2679; x_wconf 87' lang='grc' dir='ltr'>βιϐλίων,</span> <span class='ocrx_word' id='word_1_396' title='bbox 2876 2611 2951 2674; x_wconf 83' lang='grc' dir='ltr'>ὡς</span> <span class='ocrx_word' id='word_1_397' title='bbox 2981 2614 3111 2683; x_wconf 81' lang='grc' dir='ltr'>ἡμῖν</span> <span class='ocrx_word' id='word_1_398' title='bbox 3144 2612 3209 2664; x_wconf 82' lang='grc' dir='ltr'>τὰ</span> <span class='ocrx_word' id='word_1_399' title='bbox 3242 2613 3376 2685; x_wconf 79' lang='grc' dir='ltr'>πρὸς</span> <span class='ocrx_word' id='word_1_400' title='bbox 3412 2615 3674 2669; x_wconf 78' lang='grc' dir='ltr'>διδασκαο</span> 
     </span>
    </p>
   </div>
   <div class='ocr_carea' id='block_1_55' title="bbox 2087 2697 3670 2779">
    <p class='ocr_par' dir='ltr' id='par_1_55' title="bbox 2087 2697 3670 2779">
     <span class='ocr_line' id='line_1_55' title="bbox 2087 2697 3670 2779; baseline 0.007 -29"><span class='ocrx_word' id='word_1_401' title='bbox 2087 2697 2206 2751; x_wconf 89' lang='grc' dir='ltr'>λίαν</span> <span class='ocrx_word' id='word_1_402' title='bbox 2239 2699 2344 2752; x_wconf 81' lang='grc' dir='ltr'><strong>ὑπὸ</strong></span> <span class='ocrx_word' id='word_1_403' title='bbox 2388 2702 2494 2754; x_wconf 87' lang='grc' dir='ltr'><strong>τῶν</strong></span> <span class='ocrx_word' id='word_1_404' title='bbox 2535 2701 2706 2768; x_wconf 85' lang='grc' dir='ltr'>ἁγίων</span> <span class='ocrx_word' id='word_1_405' title='bbox 2752 2702 2963 2775; x_wconf 89' lang='grc' dir='ltr'>ἀνδρῶν</span> <span class='ocrx_word' id='word_1_406' title='bbox 3000 2704 3279 2776; x_wconf 72' lang='grc' dir='ltr'>γραφέντα</span> <span class='ocrx_word' id='word_1_407' title='bbox 3323 2706 3504 2761; x_wconf 86' lang='grc' dir='ltr'>δίκαια</span> <span class='ocrx_word' id='word_1_408' title='bbox 3551 2707 3670 2779; x_wconf 70' lang='grc'><strong>(22)</strong></span> 
     </span>
    </p>
   </div>
   <div class='ocr_carea' id='block_1_56' title="bbox 2087 2788 3337 2868">
    <p class='ocr_par' dir='ltr' id='par_1_56' title="bbox 2087 2788 3337 2868">
     <span class='ocr_line' id='line_1_56' title="bbox 2087 2788 3337 2868; baseline 0.01 -29"><span class='ocrx_word' id='word_1_409' title='bbox 2087 2788 2272 2858; x_wconf 80' lang='grc' dir='ltr'>σαφῶς</span> <span class='ocrx_word' id='word_1_410' title='bbox 2305 2791 2399 2844; x_wconf 76' lang='grc' dir='ltr'><strong>καὶ</strong></span> <span class='ocrx_word' id='word_1_411' title='bbox 2430 2792 2678 2863; x_wconf 80' lang='grc' dir='ltr'>φανερῶς</span> <span class='ocrx_word' id='word_1_412' title='bbox 2706 2796 2973 2866; x_wconf 84' lang='grc' dir='ltr'>προσήκει</span> <span class='ocrx_word' id='word_1_413' title='bbox 3007 2795 3140 2867; x_wconf 75' lang='lat'><strong>(‘23),</strong></span> <span class='ocrx_word' id='word_1_414' title='bbox 3176 2800 3337 2868; x_wconf 81' lang='grc' dir='ltr'>φανῇ.</span> 
     </span>
    </p>
   </div>
   <div class='ocr_carea' id='block_1_57' title="bbox 2159 2878 3672 2961">
    <p class='ocr_par' dir='ltr' id='par_1_57' title="bbox 2159 2878 3672 2961">
     <span class='ocr_line' id='line_1_57' title="bbox 2159 2878 3672 2961; baseline 0.007 -29"><span class='ocrx_word' id='word_1_415' title='bbox 2159 2879 2244 2933; x_wconf 73' lang='grc'><strong>14.</strong></span> <span class='ocrx_word' id='word_1_416' title='bbox 2279 2883 2371 2934; x_wconf 86' lang='grc' dir='ltr'><strong>Δεῖ</strong></span> <span class='ocrx_word' id='word_1_417' title='bbox 2399 2882 2575 2937; x_wconf 84' lang='grc' dir='ltr'>τοίνυν</span> <span class='ocrx_word' id='word_1_418' title='bbox 2610 2885 2773 2954; x_wconf 80' lang='grc' dir='ltr'>ὑμᾶς,</span> <span class='ocrx_word' id='word_1_419' title='bbox 2814 2878 2858 2938; x_wconf 82' lang='grc' dir='ltr'>ὧ</span> <span class='ocrx_word' id='word_1_420' title='bbox 2889 2886 3085 2957; x_wconf 83' lang='grc' dir='ltr'>ἄνδρες</span> <span class='ocrx_word' id='word_1_421' title='bbox 3122 2888 3401 2959; x_wconf 79' lang='grc' dir='ltr'>Ἕλληνες,</span> <span class='ocrx_word' id='word_1_422' title='bbox 3437 2890 3502 2944; x_wconf 71' lang='grc' dir='ltr'>τὰ</span> <span class='ocrx_word' id='word_1_423' title='bbox 3539 2890 3672 2961; x_wconf 81' lang='grc' dir='ltr'>μέλ-</span> 
     </span>
    </p>
   </div>
   <div class='ocr_carea' id='block_1_58' title="bbox 2084 2970 3673 3048">
    <p class='ocr_par' dir='ltr' id='par_1_58' title="bbox 2084 2970 3673 3048">
     <span class='ocr_line' id='line_1_58' title="bbox 2084 2970 3673 3048; baseline 0.008 -26"><span class='ocrx_word' id='word_1_424' title='bbox 2084 2970 2240 3024; x_wconf 89' lang='grc' dir='ltr'>λοντα</span> <span class='ocrx_word' id='word_1_425' title='bbox 2286 2974 2720 3044; x_wconf 83' lang='grc' dir='ltr'>προορωμένους,</span> <span class='ocrx_word' id='word_1_426' title='bbox 2770 2975 2864 3028; x_wconf 73' lang='grc' dir='ltr'><strong>καὶ</strong></span> <span class='ocrx_word' id='word_1_427' title='bbox 2911 2977 2991 3039; x_wconf 85' lang='grc' dir='ltr'><strong>είς</strong></span> <span class='ocrx_word' id='word_1_428' title='bbox 3030 2978 3125 3048; x_wconf 84' lang='grc' dir='ltr'>τὴν</span> <span class='ocrx_word' id='word_1_429' title='bbox 3171 2978 3274 3032; x_wconf 86' lang='grc' dir='ltr'><strong>ὑπὸ</strong></span> <span class='ocrx_word' id='word_1_430' title='bbox 3320 2979 3555 3044; x_wconf 88' lang='grc' dir='ltr'>πάντων,</span> <span class='ocrx_word' id='word_1_431' title='bbox 3599 2984 3673 3036; x_wconf 71' lang='grc' dir='ltr'>οὐ</span> 
     </span>
    </p>
   </div>
   <div class='ocr_carea' id='block_1_59' title="bbox 2087 3063 3671 3144">
    <p class='ocr_par' dir='ltr' id='par_1_59' title="bbox 2087 3063 3671 3144">
     <span class='ocr_line' id='line_1_59' title="bbox 2087 3063 3671 3144; baseline 0.006 -30"><span class='ocrx_word' id='word_1_432' title='bbox 2087 3063 2245 3132; x_wconf 86' lang='grc' dir='ltr'>μόνον</span> <span class='ocrx_word' id='word_1_433' title='bbox 2276 3063 2564 3130; x_wconf 82' lang='grc' dir='ltr'>θεοσεϐῶν,</span> <span class='ocrx_word' id='word_1_434' title='bbox 2596 3066 2731 3119; x_wconf 84' lang='grc' dir='ltr'>ἀλλὰ</span> <span class='ocrx_word' id='word_1_435' title='bbox 2766 3067 2859 3121; x_wconf 66' lang='grc' dir='ltr'><strong>καὶ</strong></span> <span class='ocrx_word' id='word_1_436' title='bbox 2892 3068 2997 3121; x_wconf 85' lang='grc' dir='ltr'><strong>τῶν</strong></span> <span class='ocrx_word' id='word_1_437' title='bbox 3024 3067 3221 3133; x_wconf 79' lang='grc' dir='ltr'>ἔξωθεν</span> <span class='ocrx_word' id='word_1_438' title='bbox 3254 3074 3671 3144; x_wconf 85' lang='grc' dir='ltr'>κηρυττομένην</span> 
     </span>
    </p>
   </div>
   <div class='ocr_carea' id='block_1_60' title="bbox 406 3152 1977 3235">
    <p class='ocr_par' dir='ltr' id='par_1_60' title="bbox 406 3152 1977 3222">
     <span class='ocr_line' id='line_1_60' title="bbox 406 3152 1977 3222; baseline 0.001 -14"><span class='ocrx_word' id='word_1_439' title='bbox 406 3154 514 3222; x_wconf 85' lang='lat' dir='ltr'><strong>iam</strong></span> <span class='ocrx_word' id='word_1_440' title='bbox 544 3154 811 3220; x_wconf 88' lang='lat' dir='ltr'><strong>majorum</strong></span> <span class='ocrx_word' id='word_1_441' title='bbox 850 3155 1021 3208; x_wconf 91' lang='lat' dir='ltr'><strong>errori</strong></span> <span class='ocrx_word' id='word_1_442' title='bbox 1052 3152 1195 3207; x_wconf 85' lang='lat' dir='ltr'><strong>citra</strong></span> <span class='ocrx_word' id='word_1_443' title='bbox 1229 3168 1458 3207; x_wconf 84' lang='lat' dir='ltr'><strong>examen</strong></span> <span class='ocrx_word' id='word_1_444' title='bbox 1504 3154 1849 3219; x_wconf 72' lang='lat' dir='ltr'><strong>adhaereatis,</strong></span> <span class='ocrx_word' id='word_1_445' title='bbox 1880 3171 1977 3210; x_wconf 87' lang='lat' dir='ltr'><strong>nec</strong></span> 
     </span>
    </p>
   </div>
   <div class='ocr_carea' id='block_1_61' title="bbox 2090 3152 3668 3235">
    <p class='ocr_par' dir='ltr' id='par_1_61' title="bbox 2090 3154 3668 3235">
     <span class='ocr_line' id='line_1_61' title="bbox 2090 3154 3668 3235; baseline 0.007 -28"><span class='ocrx_word' id='word_1_446' title='bbox 2090 3154 2399 3227; x_wconf 77' lang='grc' dir='ltr'>ἀφορῶντας</span> <span class='ocrx_word' id='word_1_447' title='bbox 2424 3158 2623 3228; x_wconf 88' lang='grc' dir='ltr'>κρίσιν,</span> <span class='ocrx_word' id='word_1_448' title='bbox 2661 3158 2735 3229; x_wconf 84' lang='grc' dir='ltr'>μὴ</span> <span class='ocrx_word' id='word_1_449' title='bbox 2773 3163 2836 3230; x_wconf 82' lang='grc' dir='ltr'>τῇ</span> <span class='ocrx_word' id='word_1_450' title='bbox 2883 3160 2990 3213; x_wconf 91' lang='grc' dir='ltr'><strong>τῶν</strong></span> <span class='ocrx_word' id='word_1_451' title='bbox 3035 3163 3315 3233; x_wconf 86' lang='grc' dir='ltr'>προγόνων</span> <span class='ocrx_word' id='word_1_452' title='bbox 3360 3164 3511 3234; x_wconf 85' lang='grc' dir='ltr'>ὑμῶν</span> <span class='ocrx_word' id='word_1_453' title='bbox 3546 3165 3668 3235; x_wconf 69' lang='grc'><strong>(24)</strong></span> 
     </span>
    </p>
   </div>
   <div class='ocr_carea' id='block_1_62' title="bbox 408 3219 1977 3322">
    <p class='ocr_par' dir='ltr' id='par_1_62' title="bbox 408 3249 1977 3319">
     <span class='ocr_line' id='line_1_62' title="bbox 408 3249 1977 3319; baseline 0.001 -16"><span class='ocrx_word' id='word_1_454' title='bbox 408 3250 452 3303; x_wconf 90' lang='lat' dir='ltr'><strong>si</strong></span> <span class='ocrx_word' id='word_1_455' title='bbox 485 3251 611 3319; x_wconf 91' lang='lat' dir='ltr'><strong>quid</strong></span> <span class='ocrx_word' id='word_1_456' title='bbox 661 3250 737 3302; x_wconf 93' lang='lat' dir='ltr'><strong>illi</strong></span> <span class='ocrx_word' id='word_1_457' title='bbox 784 3250 937 3305; x_wconf 86' lang='lat' dir='ltr'><strong>vobis</strong></span> <span class='ocrx_word' id='word_1_458' title='bbox 974 3249 1375 3303; x_wconf 81' lang='lat' dir='ltr'><strong>hallucinantcs</strong></span> <span class='ocrx_word' id='word_1_459' title='bbox 1413 3249 1754 3312; x_wconf 88' lang='lat' dir='ltr'><strong>tradiderint,</strong></span> <span class='ocrx_word' id='word_1_460' title='bbox 1792 3251 1842 3303; x_wconf 89' lang='lat' dir='ltr'><strong>id</strong></span> <span class='ocrx_word' id='word_1_461' title='bbox 1890 3266 1977 3304; x_wconf 88' lang='lat' dir='ltr'><strong>ve-</strong></span> 
     </span>
    </p>
   </div>
   <div class='ocr_carea' id='block_1_63' title="bbox 2090 3219 3669 3322">
    <p class='ocr_par' dir='ltr' id='par_1_63' title="bbox 2090 3219 3669 3322">
     <span class='ocr_line' id='line_1_63' title="bbox 2090 3219 3669 3322; baseline 0.006 -24"><span class='ocrx_word' id='word_1_462' title='bbox 2090 3219 2428 3317; x_wconf 76' lang='grc' dir='ltr'>ἀϐασανίστῳ</span> <span class='ocrx_word' id='word_1_463' title='bbox 2460 3219 2748 3318; x_wconf 70' lang='grc' dir='ltr'>προσέχειν</span> <span class='ocrx_word' id='word_1_464' title='bbox 2789 3219 2984 3320; x_wconf 76' lang='grc' dir='ltr'>πλάνῃ,</span> <span class='ocrx_word' id='word_1_465' title='bbox 3022 3219 3241 3321; x_wconf 45' lang='grc' dir='ltr'>μήδ’έῑ</span> <span class='ocrx_word' id='word_1_466' title='bbox 3274 3269 3325 3304; x_wconf 88' lang='grc' dir='ltr'><strong>τι</strong></span> <span class='ocrx_word' id='word_1_467' title='bbox 3366 3219 3669 3322; x_wconf 64' lang='grc' dir='ltr'>σφαλέντες</span> 
     </span>
    </p>
   </div>
   <div class='ocr_carea' id='block_1_64' title="bbox 408 3340 1980 3410">
    <p class='ocr_par' dir='ltr' id='par_1_64' title="bbox 408 3340 1980 3410">
     <span class='ocr_line' id='line_1_64' title="bbox 408 3340 1980 3410; baseline -0.001 -13"><span class='ocrx_word' id='word_1_468' title='bbox 408 3358 525 3397; x_wconf 90' lang='lat' dir='ltr'><strong>rnm</strong></span> <span class='ocrx_word' id='word_1_469' title='bbox 552 3360 673 3399; x_wconf 90' lang='lat' dir='ltr'><strong>esse</strong></span> <span class='ocrx_word' id='word_1_470' title='bbox 704 3343 1071 3408; x_wconf 82' lang='lat' dir='ltr'><strong>existimetis;</strong></span> <span class='ocrx_word' id='word_1_471' title='bbox 1109 3343 1203 3397; x_wconf 87' lang='lat' dir='ltr'><strong>sed</strong></span> <span class='ocrx_word' id='word_1_472' title='bbox 1243 3342 1547 3410; x_wconf 89' lang='lat' dir='ltr'><strong>periculum</strong></span> <span class='ocrx_word' id='word_1_473' title='bbox 1590 3340 1892 3397; x_wconf 72' lang='lat' dir='ltr'><strong>oﬂ‘endendi</strong></span> <span class='ocrx_word' id='word_1_474' title='bbox 1927 3342 1980 3396; x_wconf 81' lang='lat' dir='ltr'><strong>ia</strong></span> 
     </span>
    </p>
   </div>
   <div class='ocr_carea' id='block_1_65' title="bbox 407 3429 1981 3502">
    <p class='ocr_par' dir='ltr' id='par_1_65' title="bbox 407 3429 1981 3502">
     <span class='ocr_line' id='line_1_65' title="bbox 407 3429 1981 3502; baseline -0.002 -14"><span class='ocrx_word' id='word_1_475' title='bbox 407 3450 466 3489; x_wconf 91' lang='lat' dir='ltr'><strong>re</strong></span> <span class='ocrx_word' id='word_1_476' title='bbox 494 3436 627 3488; x_wconf 92' lang='lat' dir='ltr'><strong>tanti</strong></span> <span class='ocrx_word' id='word_1_477' title='bbox 656 3434 913 3488; x_wconf 81' lang='lat' dir='ltr'><strong>momenti</strong></span> <span class='ocrx_word' id='word_1_478' title='bbox 937 3433 1322 3502; x_wconf 87' lang='lat' dir='ltr'><strong>respicientes,</strong></span> <span class='ocrx_word' id='word_1_479' title='bbox 1356 3447 1419 3485; x_wconf 91' lang='lat' dir='ltr'><strong>ea</strong></span> <span class='ocrx_word' id='word_1_480' title='bbox 1446 3429 1614 3484; x_wconf 85' lang='lat' dir='ltr'><strong>etiam</strong></span> <span class='ocrx_word' id='word_1_481' title='bbox 1638 3432 1897 3499; x_wconf 67' lang='lat' dir='ltr'><strong>quaeratis</strong></span> <span class='ocrx_word' id='word_1_482' title='bbox 1926 3440 1981 3485; x_wconf 79' lang='lat' dir='ltr'><strong>et</strong></span> 
     </span>
    </p>
   </div>
   <div class='ocr_carea' id='block_1_66' title="bbox 405 3522 1977 3594">
    <p class='ocr_par' dir='ltr' id='par_1_66' title="bbox 405 3522 1977 3594">
     <span class='ocr_line' id='line_1_66' title="bbox 405 3522 1977 3594; baseline -0.003 -15"><span class='ocrx_word' id='word_1_483' title='bbox 405 3536 658 3581; x_wconf 89' lang='lat' dir='ltr'><strong>accurate</strong></span> <span class='ocrx_word' id='word_1_484' title='bbox 683 3526 1040 3594; x_wconf 87' lang='lat' dir='ltr'><strong>investigelis,</strong></span> <span class='ocrx_word' id='word_1_485' title='bbox 1065 3540 1187 3593; x_wconf 66' lang='lat' dir='ltr'><strong>quae</strong></span> <span class='ocrx_word' id='word_1_486' title='bbox 1216 3539 1246 3577; x_wconf 91' lang='lat' dir='ltr'><strong>a</strong></span> <span class='ocrx_word' id='word_1_487' title='bbox 1281 3525 1500 3587; x_wconf 87' lang='lat' dir='ltr'><strong>vestris,</strong></span> <span class='ocrx_word' id='word_1_488' title='bbox 1546 3532 1605 3577; x_wconf 90' lang='lat' dir='ltr'><strong>ut</strong></span> <span class='ocrx_word' id='word_1_489' title='bbox 1638 3523 1738 3590; x_wconf 90' lang='lat' dir='ltr'><strong>ipsi</strong></span> <span class='ocrx_word' id='word_1_490' title='bbox 1773 3522 1977 3586; x_wconf 87' lang='lat' dir='ltr'><strong>dicitis,</strong></span> 
     </span>
    </p>
   </div>
   <div class='ocr_carea' id='block_1_67' title="bbox 405 3616 1979 3687">
    <p class='ocr_par' dir='ltr' id='par_1_67' title="bbox 405 3616 1979 3687">
     <span class='ocr_line' id='line_1_67' title="bbox 405 3616 1979 3687; baseline -0.003 -16"><span class='ocrx_word' id='word_1_491' title='bbox 405 3618 680 3687; x_wconf 76' lang='lat' dir='ltr'><strong>magistris</strong></span> <span class='ocrx_word' id='word_1_492' title='bbox 710 3619 851 3672; x_wconf 89' lang='lat' dir='ltr'><strong>dicta</strong></span> <span class='ocrx_word' id='word_1_493' title='bbox 900 3628 1049 3671; x_wconf 90' lang='lat' dir='ltr'><strong>sunt.</strong></span> <span class='ocrx_word' id='word_1_494' title='bbox 1094 3616 1197 3686; x_wconf 92' lang='lat' dir='ltr'><strong>lpsi</strong></span> <span class='ocrx_word' id='word_1_495' title='bbox 1235 3616 1377 3669; x_wconf 89' lang='lat' dir='ltr'><strong>enim</strong></span> <span class='ocrx_word' id='word_1_496' title='bbox 1428 3616 1615 3669; x_wconf 89' lang='lat' dir='ltr'><strong>divina</strong></span> <span class='ocrx_word' id='word_1_497' title='bbox 1666 3632 1845 3669; x_wconf 88' lang='lat' dir='ltr'><strong>rerum</strong></span> <span class='ocrx_word' id='word_1_498' title='bbox 1878 3617 1979 3669; x_wconf 91' lang='lat' dir='ltr'><strong>hn-</strong></span> 
     </span>
    </p>
   </div>
   <div class='ocr_carea' id='block_1_68' title="bbox 405 3709 1976 3779">
    <p class='ocr_par' dir='ltr' id='par_1_68' title="bbox 405 3709 1976 3779">
     <span class='ocr_line' id='line_1_68' title="bbox 405 3709 1976 3779; baseline -0.001 -16"><span class='ocrx_word' id='word_1_499' title='bbox 405 3727 690 3765; x_wconf 88' lang='lat' dir='ltr'><strong>manarum</strong></span> <span class='ocrx_word' id='word_1_500' title='bbox 730 3709 1069 3779; x_wconf 87' lang='lat' dir='ltr'><strong>providentia</strong></span> <span class='ocrx_word' id='word_1_501' title='bbox 1103 3710 1281 3764; x_wconf 84' lang='lat' dir='ltr'><strong>ccacti</strong></span> <span class='ocrx_word' id='word_1_502' title='bbox 1313 3719 1440 3763; x_wconf 91' lang='lat' dir='ltr'><strong>sunt</strong></span> <span class='ocrx_word' id='word_1_503' title='bbox 1485 3710 1650 3763; x_wconf 89' lang='lat' dir='ltr'><strong>multa</strong></span> <span class='ocrx_word' id='word_1_504' title='bbox 1689 3709 1976 3763; x_wconf 83' lang='lat' dir='ltr'><strong>nobiscum</strong></span> 
     </span>
    </p>
   </div>
   <div class='ocr_carea' id='block_1_69' title="bbox 402 3801 1974 3871">
    <p class='ocr_par' dir='ltr' id='par_1_69' title="bbox 402 3801 1974 3871">
     <span class='ocr_line' id='line_1_69' title="bbox 402 3801 1974 3871; baseline -0.002 -13"><span class='ocrx_word' id='word_1_505' title='bbox 402 3804 657 3858; x_wconf 82' lang='lat' dir='ltr'><strong>facientia</strong></span> <span class='ocrx_word' id='word_1_506' title='bbox 686 3803 767 3857; x_wconf 89' lang='lat' dir='ltr'><strong>vel</strong></span> <span class='ocrx_word' id='word_1_507' title='bbox 800 3803 955 3856; x_wconf 91' lang='lat' dir='ltr'><strong>inviti</strong></span> <span class='ocrx_word' id='word_1_508' title='bbox 988 3804 1191 3867; x_wconf 89' lang='lat' dir='ltr'><strong>dicere,</strong></span> <span class='ocrx_word' id='word_1_509' title='bbox 1222 3802 1328 3871; x_wconf 78' lang='lat'><strong>18</strong></span> <span class='ocrx_word' id='word_1_510' title='bbox 1372 3801 1408 3855; x_wconf 92' lang='lat' dir='ltr'><strong>ii</strong></span> <span class='ocrx_word' id='word_1_511' title='bbox 1450 3804 1752 3870; x_wconf 64' lang='lat' dir='ltr'><strong>praisertim</strong></span> <span class='ocrx_word' id='word_1_512' title='bbox 1791 3802 1884 3871; x_wconf 94' lang='lat' dir='ltr'><strong>qui</strong></span> <span class='ocrx_word' id='word_1_513' title='bbox 1923 3803 1974 3855; x_wconf 91' lang='lat' dir='ltr'><strong>in</strong></span> 
     </span>
    </p>
   </div>
   <div class='ocr_carea' id='block_1_70' title="bbox 401 3893 1975 3967">
    <p class='ocr_par' dir='ltr' id='par_1_70' title="bbox 401 3893 1975 3967">
     <span class='ocr_line' id='line_1_70' title="bbox 401 3893 1975 3967; baseline -0.003 -16"><span class='ocrx_word' id='word_1_514' title='bbox 401 3897 637 3967; x_wconf 64' lang='lat' dir='ltr'><strong>Algypto</strong></span> <span class='ocrx_word' id='word_1_515' title='bbox 680 3896 878 3950; x_wconf 87' lang='lat' dir='ltr'><strong>versati</strong></span> <span class='ocrx_word' id='word_1_516' title='bbox 916 3905 1061 3959; x_wconf 89' lang='lat' dir='ltr'><strong>sunt,</strong></span> <span class='ocrx_word' id='word_1_517' title='bbox 1111 3904 1167 3949; x_wconf 89' lang='lat' dir='ltr'><strong>et</strong></span> <span class='ocrx_word' id='word_1_518' title='bbox 1196 3909 1261 3949; x_wconf 81' lang='lat' dir='ltr'><strong>ex</strong></span> <span class='ocrx_word' id='word_1_519' title='bbox 1316 3893 1519 3964; x_wconf 83' lang='lat' dir='ltr'><strong>Moysis</strong></span> <span class='ocrx_word' id='word_1_520' title='bbox 1548 3894 1775 3965; x_wconf 89' lang='lat' dir='ltr'><strong>ejusque</strong></span> <span class='ocrx_word' id='word_1_521' title='bbox 1807 3895 1975 3960; x_wconf 87' lang='lat' dir='ltr'><strong>majo-</strong></span> 
     </span>
    </p>
   </div>
   <div class='ocr_carea' id='block_1_71' title="bbox 403 3986 1972 4056">
    <p class='ocr_par' dir='ltr' id='par_1_71' title="bbox 403 3986 1972 4056">
     <span class='ocr_line' id='line_1_71' title="bbox 403 3986 1972 4056; baseline -0.002 -13"><span class='ocrx_word' id='word_1_522' title='bbox 403 4006 522 4043; x_wconf 87' lang='lat' dir='ltr'><strong>rum</strong></span> <span class='ocrx_word' id='word_1_523' title='bbox 563 3989 820 4055; x_wconf 81' lang='lat' dir='ltr'><strong>religione</strong></span> <span class='ocrx_word' id='word_1_524' title='bbox 869 3989 1160 4041; x_wconf 90' lang='lat' dir='ltr'><strong>utilitatem</strong></span> <span class='ocrx_word' id='word_1_525' title='bbox 1197 3998 1584 4055; x_wconf 87' lang='lat' dir='ltr'><strong>perceperunt.</strong></span> <span class='ocrx_word' id='word_1_526' title='bbox 1616 3986 1799 4056; x_wconf 86' lang='lat' dir='ltr'><strong>Neque</strong></span> <span class='ocrx_word' id='word_1_527' title='bbox 1828 3988 1972 4041; x_wconf 90' lang='lat' dir='ltr'><strong>enim</strong></span> 
     </span>
    </p>
   </div>
   <div class='ocr_carea' id='block_1_72' title="bbox 401 4078 1974 4149">
    <p class='ocr_par' dir='ltr' id='par_1_72' title="bbox 401 4078 1974 4149">
     <span class='ocr_line' id='line_1_72' title="bbox 401 4078 1974 4149; baseline 0 -18"><span class='ocrx_word' id='word_1_528' title='bbox 401 4090 641 4133; x_wconf 82' lang='lat' dir='ltr'><strong>vestrqu</strong></span> <span class='ocrx_word' id='word_1_529' title='bbox 674 4094 1001 4147; x_wconf 83' lang='lat' dir='ltr'><strong>quemquam</strong></span> <span class='ocrx_word' id='word_1_530' title='bbox 1030 4079 1199 4133; x_wconf 91' lang='lat' dir='ltr'><strong>latere</strong></span> <span class='ocrx_word' id='word_1_531' title='bbox 1226 4078 1488 4141; x_wconf 88' lang='lat' dir='ltr'><strong>arbitror,</strong></span> <span class='ocrx_word' id='word_1_532' title='bbox 1525 4089 1582 4132; x_wconf 92' lang='lat' dir='ltr'><strong>ut</strong></span> <span class='ocrx_word' id='word_1_533' title='bbox 1609 4080 1697 4148; x_wconf 88' lang='lat' dir='ltr'><strong>qui</strong></span> <span class='ocrx_word' id='word_1_534' title='bbox 1730 4080 1974 4149; x_wconf 82' lang='lat' dir='ltr'><strong>proiecto</strong></span> 
     </span>
    </p>
   </div>
   <div class='ocr_carea' id='block_1_73' title="bbox 398 4171 1970 4241">
    <p class='ocr_par' dir='ltr' id='par_1_73' title="bbox 398 4171 1970 4241">
     <span class='ocr_line' id='line_1_73' title="bbox 398 4171 1970 4241; baseline -0.003 -12"><span class='ocrx_word' id='word_1_535' title='bbox 398 4174 641 4238; x_wconf 79' lang='lat' dir='ltr'><strong>Diodori,</strong></span> <span class='ocrx_word' id='word_1_536' title='bbox 685 4181 742 4225; x_wconf 87' lang='lat' dir='ltr'><strong>et</strong></span> <span class='ocrx_word' id='word_1_537' title='bbox 779 4174 1033 4237; x_wconf 84' lang='lat' dir='ltr'><strong>aliorum,</strong></span> <span class='ocrx_word' id='word_1_538' title='bbox 1057 4172 1147 4240; x_wconf 88' lang='lat' dir='ltr'><strong>qui</strong></span> <span class='ocrx_word' id='word_1_539' title='bbox 1172 4171 1258 4225; x_wconf 91' lang='lat' dir='ltr'><strong>his</strong></span> <span class='ocrx_word' id='word_1_540' title='bbox 1294 4172 1361 4226; x_wconf 87' lang='lat' dir='ltr'><strong>de</strong></span> <span class='ocrx_word' id='word_1_541' title='bbox 1411 4172 1573 4227; x_wconf 86' lang='lat' dir='ltr'><strong>rebus</strong></span> <span class='ocrx_word' id='word_1_542' title='bbox 1611 4172 1970 4241; x_wconf 87' lang='lat' dir='ltr'><strong>scripserunt,</strong></span> 
     </span>
    </p>
   </div>
   <div class='ocr_carea' id='block_1_74' title="bbox 400 4259 1973 4331">
    <p class='ocr_par' dir='ltr' id='par_1_74' title="bbox 400 4259 1973 4331">
     <span class='ocr_line' id='line_1_74' title="bbox 400 4259 1973 4331; baseline -0.003 -12"><span class='ocrx_word' id='word_1_543' title='bbox 400 4264 644 4319; x_wconf 72' lang='lat' dir='ltr'><strong>historia:</strong></span> <span class='ocrx_word' id='word_1_544' title='bbox 675 4268 1022 4316; x_wconf 90' lang='lat' dir='ltr'><strong>monumenta</strong></span> <span class='ocrx_word' id='word_1_545' title='bbox 1075 4261 1343 4331; x_wconf 88' lang='lat' dir='ltr'><strong>tegeritis.</strong></span> <span class='ocrx_word' id='word_1_546' title='bbox 1375 4259 1653 4330; x_wconf 89' lang='lat' dir='ltr'><strong>Orpheum</strong></span> <span class='ocrx_word' id='word_1_547' title='bbox 1681 4272 1735 4315; x_wconf 94' lang='lat' dir='ltr'><strong>et</strong></span> <span class='ocrx_word' id='word_1_548' title='bbox 1777 4261 1973 4315; x_wconf 85' lang='lat' dir='ltr'><strong>llolue-</strong></span> 
     </span>
    </p>
   </div>
   <div class='ocr_carea' id='block_1_75' title="bbox 398 4354 1973 4425">
    <p class='ocr_par' dir='ltr' id='par_1_75' title="bbox 398 4354 1973 4425">
     <span class='ocr_line' id='line_1_75' title="bbox 398 4354 1973 4425; baseline -0.003 -13"><span class='ocrx_word' id='word_1_549' title='bbox 398 4373 518 4412; x_wconf 90' lang='lat' dir='ltr'><strong>rum</strong></span> <span class='ocrx_word' id='word_1_550' title='bbox 550 4368 603 4411; x_wconf 89' lang='lat' dir='ltr'><strong>et</strong></span> <span class='ocrx_word' id='word_1_551' title='bbox 642 4356 921 4419; x_wconf 87' lang='lat' dir='ltr'><strong>Solonem,</strong></span> <span class='ocrx_word' id='word_1_552' title='bbox 949 4369 1071 4409; x_wconf 88' lang='lat' dir='ltr'><strong>eum</strong></span> <span class='ocrx_word' id='word_1_553' title='bbox 1113 4356 1206 4425; x_wconf 91' lang='lat' dir='ltr'><strong>qui</strong></span> <span class='ocrx_word' id='word_1_554' title='bbox 1253 4355 1400 4425; x_wconf 80' lang='lat' dir='ltr'><strong>leges</strong></span> <span class='ocrx_word' id='word_1_555' title='bbox 1428 4354 1852 4410; x_wconf 86' lang='lat' dir='ltr'><strong>Atheniensibus</strong></span> <span class='ocrx_word' id='word_1_556' title='bbox 1880 4354 1973 4408; x_wconf 85' lang='lat' dir='ltr'><strong>de-</strong></span> 
     </span>
    </p>
   </div>
   <div class='ocr_carea' id='block_1_76' title="bbox 397 4510 1964 4577">
    <p class='ocr_par' dir='ltr' id='par_1_76' title="bbox 397 4510 1964 4577">
     <span class='ocr_line' id='line_1_76' title="bbox 397 4510 1964 4577; baseline -0.002 -12"><span class='ocrx_word' id='word_1_557' title='bbox 397 4511 688 4567; x_wconf 79' lang='lat' dir='ltr'><strong>Chaldnire</strong></span> <span class='ocrx_word' id='word_1_558' title='bbox 730 4511 931 4572; x_wconf 86' lang='lat' dir='ltr'><strong>sciunt,</strong></span> <span class='ocrx_word' id='word_1_559' title='bbox 965 4510 1378 4564; x_wconf 85' lang='lat' dir='ltr'><strong>consensionem</strong></span> <span class='ocrx_word' id='word_1_560' title='bbox 1433 4510 1796 4577; x_wconf 87' lang='lat' dir='ltr'><strong>interpretum</strong></span> <span class='ocrx_word' id='word_1_561' title='bbox 1840 4524 1964 4562; x_wconf 91' lang='lat' dir='ltr'><strong>cum</strong></span> 
     </span>
    </p>
   </div>
   <div class='ocr_carea' id='block_1_77' title="bbox 2085 3338 3664 3416">
    <p class='ocr_par' dir='ltr' id='par_1_77' title="bbox 2085 3338 3664 3416">
     <span class='ocr_line' id='line_1_77' title="bbox 2085 3338 3664 3416; baseline 0.004 -23"><span class='ocrx_word' id='word_1_562' title='bbox 2085 3338 2237 3393; x_wconf 70' lang='grc' dir='ltr'>αὐτοὶ</span> <span class='ocrx_word' id='word_1_563' title='bbox 2263 3339 2565 3409; x_wconf 80' lang='grc' dir='ltr'>παρέδοσαν</span> <span class='ocrx_word' id='word_1_564' title='bbox 2604 3340 2751 3410; x_wconf 86' lang='grc' dir='ltr'>ὑμῖν,</span> <span class='ocrx_word' id='word_1_565' title='bbox 2786 3341 2928 3393; x_wconf 79' lang='grc' dir='ltr'>τοῦτ’</span> <span class='ocrx_word' id='word_1_566' title='bbox 2968 3341 3165 3411; x_wconf 82' lang='grc' dir='ltr'>ἀληθὲς</span> <span class='ocrx_word' id='word_1_567' title='bbox 3209 3341 3348 3398; x_wconf 74' lang='grc' dir='ltr'>εἶναι</span> <span class='ocrx_word' id='word_1_568' title='bbox 3381 3345 3625 3416; x_wconf 82' lang='grc' dir='ltr'>νομίζειν</span> <span class='ocrx_word' id='word_1_569' title='bbox 3648 3366 3664 3380; x_wconf 75' lang='grc' dir='ltr'><strong><em>ο</em></strong></span> 
     </span>
    </p>
   </div>
   <div class='ocr_carea' id='block_1_78' title="bbox 2082 3428 3665 3507">
    <p class='ocr_par' dir='ltr' id='par_1_78' title="bbox 2082 3428 3665 3507">
     <span class='ocr_line' id='line_1_78' title="bbox 2082 3428 3665 3507; baseline 0.006 -26"><span class='ocrx_word' id='word_1_570' title='bbox 2082 3428 2196 3481; x_wconf 75' lang='grc' dir='ltr'>ἀλλ’</span> <span class='ocrx_word' id='word_1_571' title='bbox 2230 3430 2308 3491; x_wconf 86' lang='grc' dir='ltr'><strong>είς</strong></span> <span class='ocrx_word' id='word_1_572' title='bbox 2354 3430 2442 3483; x_wconf 87' lang='grc' dir='ltr'><strong>τὸν</strong></span> <span class='ocrx_word' id='word_1_573' title='bbox 2474 3430 2570 3500; x_wconf 82' lang='grc' dir='ltr'>τῆς</span> <span class='ocrx_word' id='word_1_574' title='bbox 2607 3429 2749 3483; x_wconf 77' lang='grc' dir='ltr'>οὕτω</span> <span class='ocrx_word' id='word_1_575' title='bbox 2787 3431 2966 3501; x_wconf 81' lang='grc' dir='ltr'>δεινῆς</span> <span class='ocrx_word' id='word_1_576' title='bbox 3004 3434 3302 3505; x_wconf 85' lang='grc' dir='ltr'>ἀποτυχίας</span> <span class='ocrx_word' id='word_1_577' title='bbox 3341 3435 3665 3507; x_wconf 73' lang='grc' dir='ltr'>ἀφορῶντας</span> 
     </span>
    </p>
   </div>
   <div class='ocr_carea' id='block_1_79' title="bbox 2082 3519 3665 3595">
    <p class='ocr_par' dir='ltr' id='par_1_79' title="bbox 2082 3519 3665 3595">
     <span class='ocr_line' id='line_1_79' title="bbox 2082 3519 3665 3595; baseline 0.008 -24"><span class='ocrx_word' id='word_1_578' title='bbox 2082 3519 2344 3582; x_wconf 85' lang='grc' dir='ltr'>κίνδυνον,</span> <span class='ocrx_word' id='word_1_579' title='bbox 2381 3519 2561 3590; x_wconf 81' lang='grc' dir='ltr'>ζητεῖν</span> <span class='ocrx_word' id='word_1_580' title='bbox 2586 3520 2680 3573; x_wconf 74' lang='grc' dir='ltr'>καὶ</span> <span class='ocrx_word' id='word_1_581' title='bbox 2710 3523 2935 3594; x_wconf 79' lang='grc' dir='ltr'>ἑρευνᾷν</span> <span class='ocrx_word' id='word_1_582' title='bbox 2960 3525 3200 3595; x_wconf 85' lang='grc' dir='ltr'>ἀκριϐῶς</span> <span class='ocrx_word' id='word_1_583' title='bbox 3231 3527 3327 3580; x_wconf 72' lang='grc' dir='ltr'>καὶ</span> <span class='ocrx_word' id='word_1_584' title='bbox 3355 3528 3421 3581; x_wconf 81' lang='grc' dir='ltr'><strong>τά</strong></span> <span class='ocrx_word' id='word_1_585' title='bbox 3446 3529 3536 3581; x_wconf 79' lang='grc' dir='ltr'>ὑπ’</span> <span class='ocrx_word' id='word_1_586' title='bbox 3566 3530 3665 3583; x_wconf 81' lang='grc' dir='ltr'><strong>αὐ-</strong></span> 
     </span>
    </p>
   </div>
   <div class='ocr_carea' id='block_1_80' title="bbox 2081 3609 3665 3694">
    <p class='ocr_par' dir='ltr' id='par_1_80' title="bbox 2081 3609 3665 3694">
     <span class='ocr_line' id='line_1_80' title="bbox 2081 3609 3665 3694; baseline 0.008 -31"><span class='ocrx_word' id='word_1_587' title='bbox 2081 3609 2188 3663; x_wconf 89' lang='grc' dir='ltr'><strong>τῶν</strong></span> <span class='ocrx_word' id='word_1_588' title='bbox 2213 3610 2318 3662; x_wconf 89' lang='grc' dir='ltr'><strong>τῶν</strong></span> <span class='ocrx_word' id='word_1_589' title='bbox 2344 3612 2644 3684; x_wconf 80' lang='grc' dir='ltr'>ὑμετέρων,</span> <span class='ocrx_word' id='word_1_590' title='bbox 2670 3613 2746 3675; x_wconf 82' lang='grc' dir='ltr'>ὡς</span> <span class='ocrx_word' id='word_1_591' title='bbox 2777 3613 2931 3667; x_wconf 80' lang='grc' dir='ltr'>αὐτοί</span> <span class='ocrx_word' id='word_1_592' title='bbox 2962 3633 3121 3684; x_wconf 86' lang='grc' dir='ltr'>φατε,</span> <span class='ocrx_word' id='word_1_593' title='bbox 3148 3617 3482 3673; x_wconf 86' lang='grc' dir='ltr'>διδασκάλων</span> <span class='ocrx_word' id='word_1_594' title='bbox 3506 3622 3665 3694; x_wconf 82' lang='grc' dir='ltr'>εἰρη-</span> 
     </span>
    </p>
   </div>
   <div class='ocr_carea' id='block_1_81' title="bbox 2082 3702 3664 3779">
    <p class='ocr_par' dir='ltr' id='par_1_81' title="bbox 2082 3702 3664 3779">
     <span class='ocr_line' id='line_1_81' title="bbox 2082 3702 3664 3779; baseline 0.009 -25"><span class='ocrx_word' id='word_1_595' title='bbox 2082 3702 2239 3773; x_wconf 90' lang='grc' dir='ltr'>μένα.</span> <span class='ocrx_word' id='word_1_596' title='bbox 2274 3703 2449 3757; x_wconf 81' lang='grc' dir='ltr'>Πολλά</span> <span class='ocrx_word' id='word_1_597' title='bbox 2494 3702 2602 3777; x_wconf 88' lang='grc' dir='ltr'>γὰρ</span> <span class='ocrx_word' id='word_1_598' title='bbox 2634 3704 2728 3758; x_wconf 74' lang='grc' dir='ltr'><strong>καὶ</strong></span> <span class='ocrx_word' id='word_1_599' title='bbox 2759 3706 2911 3759; x_wconf 80' lang='grc' dir='ltr'>αὐτοὶ</span> <span class='ocrx_word' id='word_1_600' title='bbox 2957 3707 3060 3760; x_wconf 82' lang='grc' dir='ltr'><strong>ὑπὸ</strong></span> <span class='ocrx_word' id='word_1_601' title='bbox 3092 3709 3189 3779; x_wconf 84' lang='grc' dir='ltr'>τῆς</span> <span class='ocrx_word' id='word_1_602' title='bbox 3221 3709 3370 3775; x_wconf 85' lang='grc' dir='ltr'>θείας</span> <span class='ocrx_word' id='word_1_603' title='bbox 3414 3712 3522 3767; x_wconf 87' lang='grc' dir='ltr'><strong>τῶν</strong></span> <span class='ocrx_word' id='word_1_604' title='bbox 3562 3716 3664 3768; x_wconf 83' lang='grc' dir='ltr'>ἀν-</span> 
     </span>
    </p>
   </div>
   <div class='ocr_carea' id='block_1_82' title="bbox 2080 3796 3661 3874">
    <p class='ocr_par' dir='ltr' id='par_1_82' title="bbox 2080 3796 3661 3874">
     <span class='ocr_line' id='line_1_82' title="bbox 2080 3796 3661 3874; baseline 0.008 -27"><span class='ocrx_word' id='word_1_605' title='bbox 2080 3796 2315 3868; x_wconf 83' lang='grc' dir='ltr'>θρώπων</span> <span class='ocrx_word' id='word_1_606' title='bbox 2341 3797 2452 3865; x_wconf 74' lang='lat'>(‘25)</span> <span class='ocrx_word' id='word_1_607' title='bbox 2482 3799 2738 3868; x_wconf 83' lang='grc' dir='ltr'>προνοίας</span> <span class='ocrx_word' id='word_1_608' title='bbox 2763 3798 2857 3851; x_wconf 76' lang='grc' dir='ltr'><strong>καὶ</strong></span> <span class='ocrx_word' id='word_1_609' title='bbox 2882 3798 3103 3865; x_wconf 81' lang='grc' dir='ltr'>ἄκοντες</span> <span class='ocrx_word' id='word_1_610' title='bbox 3130 3803 3261 3873; x_wconf 78' lang='grc' dir='ltr'>ὑπὲρ</span> <span class='ocrx_word' id='word_1_611' title='bbox 3295 3804 3450 3874; x_wconf 80' lang='grc' dir='ltr'>ήμῶν</span> <span class='ocrx_word' id='word_1_612' title='bbox 3480 3807 3661 3859; x_wconf 82' lang='grc' dir='ltr'>εἰπεῖν</span> 
     </span>
    </p>
   </div>
   <div class='ocr_carea' id='block_1_83' title="bbox 2078 3888 3662 3965">
    <p class='ocr_par' dir='ltr' id='par_1_83' title="bbox 2078 3888 3662 3965">
     <span class='ocr_line' id='line_1_83' title="bbox 2078 3888 3662 3965; baseline 0.006 -27"><span class='ocrx_word' id='word_1_613' title='bbox 2078 3888 2521 3958; x_wconf 74' lang='grc' dir='ltr'>ἡναγκάσθησαν,</span> <span class='ocrx_word' id='word_1_614' title='bbox 2570 3889 2663 3940; x_wconf 70' lang='grc' dir='ltr'><strong>καὶ</strong></span> <span class='ocrx_word' id='word_1_615' title='bbox 2701 3889 2932 3958; x_wconf 83' lang='grc' dir='ltr'>μάλιστα</span> <span class='ocrx_word' id='word_1_616' title='bbox 2963 3892 3009 3943; x_wconf 89' lang='grc' dir='ltr'>οἱ</span> <span class='ocrx_word' id='word_1_617' title='bbox 3044 3892 3102 3943; x_wconf 85' lang='grc' dir='ltr'>ὲν</span> <span class='ocrx_word' id='word_1_618' title='bbox 3133 3891 3393 3964; x_wconf 74' lang='grc' dir='ltr'>Αἰγύπτῳ</span> <span class='ocrx_word' id='word_1_619' title='bbox 3435 3895 3662 3965; x_wconf 70' lang='grc' dir='ltr'>γενόμεο</span> 
     </span>
    </p>
   </div>
   <div class='ocr_carea' id='block_1_84' title="bbox 2077 3979 3658 4055">
    <p class='ocr_par' dir='ltr' id='par_1_84' title="bbox 2077 3979 3658 4055">
     <span class='ocr_line' id='line_1_84' title="bbox 2077 3979 3658 4055; baseline 0.006 -25"><span class='ocrx_word' id='word_1_620' title='bbox 2077 3997 2175 4039; x_wconf 87' lang='grc' dir='ltr'>νοι,</span> <span class='ocrx_word' id='word_1_621' title='bbox 2211 3980 2305 4032; x_wconf 72' lang='grc' dir='ltr'><strong>καὶ</strong></span> <span class='ocrx_word' id='word_1_622' title='bbox 2336 3979 2443 4033; x_wconf 78' lang='grc' dir='ltr'><strong>ἀπὸ</strong></span> <span class='ocrx_word' id='word_1_623' title='bbox 2472 3980 2571 4049; x_wconf 80' lang='grc' dir='ltr'>τῆς</span> <span class='ocrx_word' id='word_1_624' title='bbox 2602 3982 2878 4045; x_wconf 83' lang='grc' dir='ltr'>Μωῦσέως</span> <span class='ocrx_word' id='word_1_625' title='bbox 2908 3983 3004 4036; x_wconf 69' lang='grc' dir='ltr'><strong>καὶ</strong></span> <span class='ocrx_word' id='word_1_626' title='bbox 3041 3982 3146 4036; x_wconf 86' lang='grc' dir='ltr'><strong>τῶν</strong></span> <span class='ocrx_word' id='word_1_627' title='bbox 3180 3985 3455 4055; x_wconf 87' lang='grc' dir='ltr'>προγόνων</span> <span class='ocrx_word' id='word_1_628' title='bbox 3484 3986 3658 4040; x_wconf 72' lang='grc' dir='ltr'>αὐτοῦ</span> 
     </span>
    </p>
   </div>
   <div class='ocr_carea' id='block_1_85' title="bbox 2077 4071 3655 4149">
    <p class='ocr_par' dir='ltr' id='par_1_85' title="bbox 2077 4071 3655 4149">
     <span class='ocr_line' id='line_1_85' title="bbox 2077 4071 3655 4149; baseline 0.003 -24"><span class='ocrx_word' id='word_1_629' title='bbox 2077 4071 2388 4135; x_wconf 84' lang='grc' dir='ltr'>θεοσεϐείας</span> <span class='ocrx_word' id='word_1_630' title='bbox 2434 4072 2826 4141; x_wconf 80' lang='grc' dir='ltr'>ὠφεληθέντες.</span> <span class='ocrx_word' id='word_1_631' title='bbox 2884 4075 2957 4128; x_wconf 83' lang='grc' dir='ltr'><strong>Οὐ</strong></span> <span class='ocrx_word' id='word_1_632' title='bbox 3004 4074 3112 4149; x_wconf 80' lang='grc' dir='ltr'><strong>γάρ</strong></span> <span class='ocrx_word' id='word_1_633' title='bbox 3158 4075 3442 4137; x_wconf 80' lang='grc' dir='ltr'>λανθάνειν</span> <span class='ocrx_word' id='word_1_634' title='bbox 3474 4077 3655 4142; x_wconf 83' lang='grc' dir='ltr'>ἐνίους</span> 
     </span>
    </p>
   </div>
   <div class='ocr_carea' id='block_1_86' title="bbox 2077 4158 3660 4236">
    <p class='ocr_par' dir='ltr' id='par_1_86' title="bbox 2077 4158 3660 4236">
     <span class='ocr_line' id='line_1_86' title="bbox 2077 4158 3660 4236; baseline 0.004 -23"><span class='ocrx_word' id='word_1_635' title='bbox 2077 4162 2229 4232; x_wconf 81' lang='grc' dir='ltr'>ὑμῶν</span> <span class='ocrx_word' id='word_1_636' title='bbox 2252 4158 2428 4231; x_wconf 75' lang='grc' dir='ltr'>οἶμαι,</span> <span class='ocrx_word' id='word_1_637' title='bbox 2461 4163 2784 4231; x_wconf 79' lang='grc' dir='ltr'>ἐντυχόντας</span> <span class='ocrx_word' id='word_1_638' title='bbox 2817 4162 3033 4227; x_wconf 81' lang='grc' dir='ltr'>πάντως</span> <span class='ocrx_word' id='word_1_639' title='bbox 3066 4180 3167 4216; x_wconf 85' lang='grc' dir='ltr'><strong>που</strong></span> <span class='ocrx_word' id='word_1_640' title='bbox 3201 4164 3311 4235; x_wconf 71' lang='grc'><strong>(26)</strong></span> <span class='ocrx_word' id='word_1_641' title='bbox 3350 4169 3414 4236; x_wconf 81' lang='grc' dir='ltr'>τῇ</span> <span class='ocrx_word' id='word_1_642' title='bbox 3445 4183 3503 4218; x_wconf 85' lang='grc' dir='ltr'><strong>τε</strong></span> <span class='ocrx_word' id='word_1_643' title='bbox 3533 4169 3660 4220; x_wconf 85' lang='grc' dir='ltr'>Διο-</span> 
     </span>
    </p>
   </div>
   <div class='ocr_carea' id='block_1_87' title="bbox 2075 4254 3659 4328">
    <p class='ocr_par' dir='ltr' id='par_1_87' title="bbox 2075 4254 3659 4328">
     <span class='ocr_line' id='line_1_87' title="bbox 2075 4254 3659 4328; baseline 0.004 -22"><span class='ocrx_word' id='word_1_644' title='bbox 2075 4254 2247 4327; x_wconf 81' lang='grc' dir='ltr'>δώρου</span> <span class='ocrx_word' id='word_1_645' title='bbox 2281 4256 2512 4327; x_wconf 76' lang='grc' dir='ltr'>ίστορίᾳ,</span> <span class='ocrx_word' id='word_1_646' title='bbox 2534 4256 2627 4308; x_wconf 80' lang='grc' dir='ltr'><strong>καὶ</strong></span> <span class='ocrx_word' id='word_1_647' title='bbox 2658 4258 2777 4317; x_wconf 78' lang='grc' dir='ltr'>ταῖς</span> <span class='ocrx_word' id='word_1_648' title='bbox 2808 4255 2915 4308; x_wconf 89' lang='grc' dir='ltr'><strong>τῶν</strong></span> <span class='ocrx_word' id='word_1_649' title='bbox 2938 4255 3138 4308; x_wconf 81' lang='grc' dir='ltr'>λοιπῶν</span> <span class='ocrx_word' id='word_1_650' title='bbox 3165 4256 3270 4311; x_wconf 80' lang='grc' dir='ltr'><strong>τῶν</strong></span> <span class='ocrx_word' id='word_1_651' title='bbox 3290 4258 3417 4328; x_wconf 72' lang='grc' dir='ltr'>περὶ</span> <span class='ocrx_word' id='word_1_652' title='bbox 3448 4257 3659 4313; x_wconf 80' lang='grc' dir='ltr'>τούτων</span> 
     </span>
    </p>
   </div>
   <div class='ocr_carea' id='block_1_88' title="bbox 2076 4347 3658 4422">
    <p class='ocr_par' dir='ltr' id='par_1_88' title="bbox 2076 4347 3658 4422">
     <span class='ocr_line' id='line_1_88' title="bbox 2076 4347 3658 4422; baseline 0.004 -22"><span class='ocrx_word' id='word_1_653' title='bbox 2076 4348 2494 4419; x_wconf 80' lang='grc' dir='ltr'>ἱστορησάντων,</span> <span class='ocrx_word' id='word_1_654' title='bbox 2520 4350 2602 4401; x_wconf 78' lang='grc' dir='ltr'>ὅτι</span> <span class='ocrx_word' id='word_1_655' title='bbox 2624 4347 2719 4402; x_wconf 78' lang='grc' dir='ltr'><strong>καὶ</strong></span> <span class='ocrx_word' id='word_1_656' title='bbox 2752 4349 3002 4419; x_wconf 86' lang='grc' dir='ltr'>Ὀρφεὺς,</span> <span class='ocrx_word' id='word_1_657' title='bbox 3025 4349 3119 4403; x_wconf 81' lang='grc' dir='ltr'>καὶ</span> <span class='ocrx_word' id='word_1_658' title='bbox 3152 4350 3415 4422; x_wconf 88' lang='grc' dir='ltr'>Ὄμηρος,</span> <span class='ocrx_word' id='word_1_659' title='bbox 3440 4350 3532 4405; x_wconf 70' lang='grc' dir='ltr'>καὶ</span> <span class='ocrx_word' id='word_1_660' title='bbox 3555 4352 3658 4407; x_wconf 84' lang='grc' dir='ltr'>Σό-</span> 
     </span>
    </p>
   </div>
   <div class='ocr_carea' id='block_1_89' title="bbox 2075 4506 2973 4576">
    <p class='ocr_par' dir='ltr' id='par_1_89' title="bbox 2075 4506 2973 4576">
     <span class='ocr_line' id='line_1_89' title="bbox 2075 4506 2973 4576; baseline 0.001 -18"><span class='ocrx_word' id='word_1_661' title='bbox 2075 4515 2258 4561; x_wconf 82' lang='lat' dir='ltr'><strong>ctante</strong></span> <span class='ocrx_word' id='word_1_662' title='bbox 2287 4506 2516 4576; x_wconf 85' lang='lat' dir='ltr'><strong>singulis</strong></span> <span class='ocrx_word' id='word_1_663' title='bbox 2546 4506 2913 4561; x_wconf 88' lang='lat' dir='ltr'><strong>invisibiliter.</strong></span> <span class='ocrx_word' id='word_1_664' title='bbox 2954 4525 2973 4559; x_wconf 71' lang='grc' dir='ltr'><strong>ι</strong></span> 
     </span>
    </p>
   </div>
   <div class='ocr_carea' id='block_1_90' title="bbox 396 4566 1977 4663">
    <p class='ocr_par' dir='ltr' id='par_1_90' title="bbox 396 4566 1967 4652">
     <span class='ocr_line' id='line_1_90' title="bbox 396 4566 1967 4652; baseline -0.003 -16"><span class='ocrx_word' id='word_1_665' title='bbox 396 4566 575 4652; x_wconf 79' lang='lat' dir='ltr'><strong>Moyse</strong></span> <span class='ocrx_word' id='word_1_666' title='bbox 618 4581 877 4635; x_wconf 86' lang='lat' dir='ltr'><strong>admirari</strong></span> <span class='ocrx_word' id='word_1_667' title='bbox 911 4566 964 4632; x_wconf 75' lang='lat' dir='ltr'><strong>et</strong></span> <span class='ocrx_word' id='word_1_668' title='bbox 1009 4581 1269 4633; x_wconf 84' lang='lat' dir='ltr'><strong>adorare:</strong></span> <span class='ocrx_word' id='word_1_669' title='bbox 1301 4566 1693 4652; x_wconf 48' lang='grc' dir='ltr'>τεθήπασίκαὶ</span> <span class='ocrx_word' id='word_1_670' title='bbox 1732 4596 1967 4649; x_wconf 85' lang='grc' dir='ltr'>προσκυ-</span> 
     </span>
    </p>
   </div>
   <div class='ocr_carea' id='block_1_91' title="bbox 2090 4566 3656 4663">
    <p class='ocr_par' dir='ltr' id='par_1_91' title="bbox 2090 4566 3656 4663">
     <span class='ocr_line' id='line_1_91' title="bbox 2090 4566 3656 4663; baseline 0.003 -32"><span class='ocrx_word' id='word_1_671' title='bbox 2090 4610 2117 4663; x_wconf 41' lang='grc' dir='ltr'><strong>Ι-</strong></span> <span class='ocrx_word' id='word_1_672' title='bbox 2143 4577 2256 4663; x_wconf 61' lang='grc' dir='ltr'><strong>(ξὶθ)</strong></span> <span class='ocrx_word' id='word_1_673' title='bbox 2308 4566 2483 4632; x_wconf 60' lang='grc' dir='ltr'><em>Ἀλλὰ</em></span> <span class='ocrx_word' id='word_1_674' title='bbox 2515 4576 3131 4663; x_wconf 45' lang='grc' dir='ltr'>Ἰουδαίοιςειδξσεηίῐη</span> <span class='ocrx_word' id='word_1_675' title='bbox 3160 4577 3656 4663; x_wconf 42' lang='lat' dir='ltr'><strong>ipsij&#39;nteml&#39;t‘mant</strong></span> 
     </span>
    </p>
   </div>
   <div class='ocr_carea' id='block_1_92' title="bbox 424 4672 562 4707">
    <p class='ocr_par' dir='ltr' id='par_1_92' title="bbox 424 4672 562 4707">
     <span class='ocr_line' id='line_1_92' title="bbox 424 4672 562 4707; baseline 0.007 -1"><span class='ocrx_word' id='word_1_676' title='bbox 424 4672 562 4707; x_wconf 82' lang='grc' dir='ltr'>ουσι.</span> 
     </span>
    </p>
   </div>
   <div class='ocr_carea' id='block_1_93' title="bbox 392 4670 1961 4791">
    <p class='ocr_par' dir='ltr' id='par_1_93' title="bbox 392 4670 1961 4791">
     <span class='ocr_line' id='line_1_93' title="bbox 424 4672 562 4707; baseline 0.08 -11"><span class='ocrx_word' id='word_1_677' title='bbox 424 4672 442 4697; x_wconf 83' lang='lat' dir='ltr'><strong>r</strong></span> <span class='ocrx_word' id='word_1_678' title='bbox 549 4692 562 4707; x_wconf 76' lang='grc' dir='ltr'><strong>ο</strong></span> 
     </span>
     <span class='ocr_line' id='line_1_94' title="bbox 392 4670 1961 4791; baseline 0.024 -4"><span class='ocrx_word' id='word_1_679' title='bbox 392 4670 600 4791; x_wconf 37' lang='lat' dir='ltr'><strong>“illi?</strong></span> <span class='ocrx_word' id='word_1_680' title='bbox 641 4721 814 4775; x_wconf 81' lang='lat' dir='ltr'><strong>Aliter</strong></span> <span class='ocrx_word' id='word_1_681' title='bbox 848 4720 1094 4773; x_wconf 83' lang='lat' dir='ltr'><strong>recensio</strong></span> <span class='ocrx_word' id='word_1_682' title='bbox 1125 4719 1414 4791; x_wconf 71' lang='lat' dir='ltr'><strong>Ottoniall&quot;</strong></span> <span class='ocrx_word' id='word_1_683' title='bbox 1445 4735 1512 4773; x_wconf 64' lang='lat' dir='ltr'><strong>ex</strong></span> <span class='ocrx_word' id='word_1_684' title='bbox 1546 4721 1702 4772; x_wconf 66' lang='lat' dir='ltr'><strong>mdd’</strong></span> <span class='ocrx_word' id='word_1_685' title='bbox 1737 4719 1870 4791; x_wconf 43' lang='lat' dir='ltr'><strong>“ex.</strong></span> <span class='ocrx_word' id='word_1_686' title='bbox 1910 4720 1961 4786; x_wconf 45' lang='grc' dir='ltr'><strong>ι’</strong></span> 
     </span>
    </p>
   </div>
   <div class='ocr_carea' id='block_1_94' title="bbox 390 4790 1963 4859">
    <p class='ocr_par' dir='ltr' id='par_1_94' title="bbox 390 4790 1963 4859">
     <span class='ocr_line' id='line_1_95' title="bbox 390 4790 1963 4859; baseline 0 -16"><span class='ocrx_word' id='word_1_687' title='bbox 390 4792 449 4853; x_wconf 76' lang='grc'>2,</span> <span class='ocrx_word' id='word_1_688' title='bbox 482 4794 535 4855; x_wconf 76' lang='grc'>4,</span> <span class='ocrx_word' id='word_1_689' title='bbox 564 4795 879 4859; x_wconf 84' lang='lat' dir='ltr'><strong>Argenlor.,</strong></span> <span class='ocrx_word' id='word_1_690' title='bbox 916 4792 1118 4842; x_wconf 78' lang='lat' dir='ltr'><strong>Vimar.</strong></span> <span class='ocrx_word' id='word_1_691' title='bbox 1157 4803 1210 4844; x_wconf 84' lang='lat' dir='ltr'><strong>et</strong></span> <span class='ocrx_word' id='word_1_692' title='bbox 1235 4806 1335 4843; x_wconf 89' lang='lat' dir='ltr'><strong>IIIS.</strong></span> <span class='ocrx_word' id='word_1_693' title='bbox 1364 4790 1498 4852; x_wconf 86' lang='lat' dir='ltr'><strong>Pici,</strong></span> <span class='ocrx_word' id='word_1_694' title='bbox 1526 4791 1624 4853; x_wconf 75' lang='grc' dir='ltr'><strong>τὰς</strong></span> <span class='ocrx_word' id='word_1_695' title='bbox 1661 4791 1716 4843; x_wconf 77' lang='grc' dir='ltr'>δὲ</span> <span class='ocrx_word' id='word_1_696' title='bbox 1746 4790 1963 4858; x_wconf 84' lang='grc' dir='ltr'>βίϐλους</span> 
     </span>
    </p>
   </div>
   <div class='ocr_carea' id='block_1_95' title="bbox 389 4860 1964 4927">
    <p class='ocr_par' dir='ltr' id='par_1_95' title="bbox 389 4860 1964 4927">
     <span class='ocr_line' id='line_1_96' title="bbox 389 4860 1964 4927; baseline 0 -12"><span class='ocrx_word' id='word_1_697' title='bbox 389 4862 699 4925; x_wconf 76' lang='grc' dir='ltr'>ἐκθειάσας,</span> <span class='ocrx_word' id='word_1_698' title='bbox 745 4860 820 4927; x_wconf 81' lang='grc' dir='ltr'><strong>ὡς</strong></span> <span class='ocrx_word' id='word_1_699' title='bbox 869 4860 1033 4922; x_wconf 76' lang='grc' dir='ltr'>εἰκὸς,</span> <span class='ocrx_word' id='word_1_700' title='bbox 1069 4862 1245 4913; x_wconf 78' lang='grc' dir='ltr'>ἐκεῖσε</span> <span class='ocrx_word' id='word_1_701' title='bbox 1277 4860 1529 4927; x_wconf 83' lang='grc' dir='ltr'>ἀνέθηκε,</span> <span class='ocrx_word' id='word_1_702' title='bbox 1578 4863 1738 4913; x_wconf 76' lang='lat' dir='ltr'><strong>libros</strong></span> <span class='ocrx_word' id='word_1_703' title='bbox 1788 4873 1964 4915; x_wconf 79' lang='lat' dir='ltr'><strong>autem</strong></span> 
     </span>
    </p>
   </div>
   <div class='ocr_carea' id='block_1_96' title="bbox 389 4900 1960 4995">
    <p class='ocr_par' dir='ltr' id='par_1_96' title="bbox 389 4900 1960 4995">
     <span class='ocr_line' id='line_1_97' title="bbox 389 4900 1960 4922; baseline 0 -7"><span class='ocrx_word' id='word_1_704' title='bbox 389 4900 647 4919; x_wconf 48' lang='lat' dir='ltr'><strong>&quot;me...&quot;</strong></span> <span class='ocrx_word' id='word_1_705' title='bbox 745 4900 788 4911; x_wconf 60' lang='grc' dir='ltr'><strong>νε</strong></span> <span class='ocrx_word' id='word_1_706' title='bbox 869 4900 1033 4922; x_wconf 61' lang='grc' dir='ltr'><strong>...ων</strong></span> <span class='ocrx_word' id='word_1_707' title='bbox 1069 4900 1245 4913; x_wconf 61' lang='grc' dir='ltr'><strong>νη.--</strong></span> <span class='ocrx_word' id='word_1_708' title='bbox 1277 4900 1529 4922; x_wconf 60' lang='grc' dir='ltr'><strong>-..μηη</strong></span> <span class='ocrx_word' id='word_1_709' title='bbox 1578 4900 1737 4913; x_wconf 65' lang='grc' dir='ltr'><strong>..νην</strong></span> 
     </span>
     <span class='ocr_line' id='line_1_98' title="bbox 389 4900 1960 4995; baseline 0.003 -12"><span class='ocrx_word' id='word_1_710' title='bbox 389 4933 593 4985; x_wconf 78' lang='lat' dir='ltr'><strong>divinos</strong></span> <span class='ocrx_word' id='word_1_711' title='bbox 622 4900 1021 4991; x_wconf 39' lang='lat' dir='ltr'><strong>egistiihanlem,</strong></span> <span class='ocrx_word' id='word_1_712' title='bbox 1052 4941 1102 4981; x_wconf 85' lang='lat' dir='ltr'><strong>ut</strong></span> <span class='ocrx_word' id='word_1_713' title='bbox 1133 4944 1375 4995; x_wconf 74' lang='lat' dir='ltr'><strong>pareret,</strong></span> <span class='ocrx_word' id='word_1_714' title='bbox 1400 4900 1587 4982; x_wconf 55' lang='lat' dir='ltr'><strong>ibidem</strong></span> <span class='ocrx_word' id='word_1_715' title='bbox 1611 4947 1960 4987; x_wconf 82' lang='lat' dir='ltr'><strong>consecrasse.</strong></span> 
     </span>
    </p>
   </div>
   <div class='ocr_carea' id='block_1_97' title="bbox 458 4999 1963 5069">
    <p class='ocr_par' dir='ltr' id='par_1_97' title="bbox 458 4999 1963 5069">
     <span class='ocr_line' id='line_1_99' title="bbox 458 4999 1963 5069; baseline 0.001 -16"><span class='ocrx_word' id='word_1_716' title='bbox 458 5004 570 5069; x_wconf 88' lang='lat' dir='ltr'><strong>(l9)</strong></span> <span class='ocrx_word' id='word_1_717' title='bbox 616 5001 805 5054; x_wconf 79' lang='grc' dir='ltr'>Ταῦτα</span> <span class='ocrx_word' id='word_1_718' title='bbox 834 5002 903 5052; x_wconf 77' lang='grc' dir='ltr'>οὺ</span> <span class='ocrx_word' id='word_1_719' title='bbox 929 5000 1118 5069; x_wconf 76' lang='grc' dir='ltr'>μῦθος</span> <span class='ocrx_word' id='word_1_720' title='bbox 1141 4999 1298 5067; x_wconf 70' lang='grc' dir='ltr'>ὑμῖν.</span> <span class='ocrx_word' id='word_1_721' title='bbox 1330 5002 1501 5053; x_wconf 83' lang='lat' dir='ltr'><strong>Minus</strong></span> <span class='ocrx_word' id='word_1_722' title='bbox 1524 5013 1775 5053; x_wconf 77' lang='lat' dir='ltr'><strong>accurate</strong></span> <span class='ocrx_word' id='word_1_723' title='bbox 1804 4999 1963 5054; x_wconf 71' lang='lat' dir='ltr'><strong>Usse-</strong></span> 
     </span>
    </p>
   </div>
   <div class='ocr_carea' id='block_1_98' title="bbox 388 5070 1959 5142">
    <p class='ocr_par' dir='ltr' id='par_1_98' title="bbox 388 5070 1959 5142">
     <span class='ocr_line' id='line_1_100' title="bbox 388 5070 1959 5142; baseline -0.002 -17"><span class='ocrx_word' id='word_1_724' title='bbox 388 5073 502 5142; x_wconf 72' lang='lat' dir='ltr'><strong>rius</strong></span> <span class='ocrx_word' id='word_1_725' title='bbox 525 5075 577 5126; x_wconf 89' lang='lat' dir='ltr'><strong>in</strong></span> <span class='ocrx_word' id='word_1_726' title='bbox 608 5070 959 5142; x_wconf 76' lang='lat' dir='ltr'><strong>Syntagmnte</strong></span> <span class='ocrx_word' id='word_1_727' title='bbox 989 5073 1055 5123; x_wconf 90' lang='lat' dir='ltr'><strong>de</strong></span> <span class='ocrx_word' id='word_1_728' title='bbox 1085 5072 1223 5123; x_wconf 75' lang='lat' dir='ltr'><strong>Edit.</strong></span> <span class='ocrx_word' id='word_1_729' title='bbox 1252 5070 1418 5142; x_wconf 70' lang='lat' dir='ltr'><strong>LXX.</strong></span> <span class='ocrx_word' id='word_1_730' title='bbox 1445 5072 1752 5142; x_wconf 88' lang='lat' dir='ltr'><strong>interpret.,</strong></span> <span class='ocrx_word' id='word_1_731' title='bbox 1782 5086 1834 5137; x_wconf 91' lang='lat' dir='ltr'><strong>p.</strong></span> <span class='ocrx_word' id='word_1_732' title='bbox 1866 5071 1959 5136; x_wconf 82' lang='grc'><strong>50,</strong></span> 
     </span>
    </p>
   </div>
   <div class='ocr_carea' id='block_1_99' title="bbox 385 5141 1959 5211">
    <p class='ocr_par' dir='ltr' id='par_1_99' title="bbox 385 5141 1959 5211">
     <span class='ocr_line' id='line_1_101' title="bbox 385 5141 1959 5211; baseline -0.001 -16"><span class='ocrx_word' id='word_1_733' title='bbox 385 5141 658 5195; x_wconf 66' lang='lat' dir='ltr'><strong>Iustinum</strong></span> <span class='ocrx_word' id='word_1_734' title='bbox 702 5145 778 5192; x_wconf 88' lang='lat' dir='ltr'><strong>ait</strong></span> <span class='ocrx_word' id='word_1_735' title='bbox 824 5142 1055 5209; x_wconf 75' lang='lat' dir='ltr'><strong>primum</strong></span> <span class='ocrx_word' id='word_1_736' title='bbox 1105 5143 1291 5203; x_wconf 83' lang='lat' dir='ltr'><strong>fuisse,</strong></span> <span class='ocrx_word' id='word_1_737' title='bbox 1331 5141 1422 5211; x_wconf 85' lang='lat' dir='ltr'><strong>qni</strong></span> <span class='ocrx_word' id='word_1_738' title='bbox 1480 5141 1619 5193; x_wconf 82' lang='lat' dir='ltr'><strong>hanc</strong></span> <span class='ocrx_word' id='word_1_739' title='bbox 1673 5141 1959 5211; x_wconf 86' lang='lat' dir='ltr'><strong>historiam</strong></span> 
     </span>
    </p>
   </div>
   <div class='ocr_carea' id='block_1_100' title="bbox 384 5210 1955 5280">
    <p class='ocr_par' dir='ltr' id='par_1_100' title="bbox 384 5210 1955 5280">
     <span class='ocr_line' id='line_1_102' title="bbox 384 5210 1955 5280; baseline -0.001 -17"><span class='ocrx_word' id='word_1_740' title='bbox 384 5213 585 5266; x_wconf 85' lang='lat' dir='ltr'><strong>litteris</strong></span> <span class='ocrx_word' id='word_1_741' title='bbox 610 5214 879 5280; x_wconf 82' lang='lat' dir='ltr'><strong>proderet.</strong></span> <span class='ocrx_word' id='word_1_742' title='bbox 919 5211 1163 5264; x_wconf 88' lang='lat' dir='ltr'><strong>Philonis</strong></span> <span class='ocrx_word' id='word_1_743' title='bbox 1206 5210 1431 5279; x_wconf 74' lang='lat' dir='ltr'><strong>vestigia</strong></span> <span class='ocrx_word' id='word_1_744' title='bbox 1465 5212 1657 5272; x_wconf 84' lang='lat' dir='ltr'><strong>premit</strong></span> <span class='ocrx_word' id='word_1_745' title='bbox 1687 5210 1955 5272; x_wconf 83' lang='lat' dir='ltr'><strong>Justinus,</strong></span> 
     </span>
    </p>
   </div>
   <div class='ocr_carea' id='block_1_101' title="bbox 385 5281 1955 5351">
    <p class='ocr_par' dir='ltr' id='par_1_101' title="bbox 385 5281 1955 5351">
     <span class='ocr_line' id='line_1_103' title="bbox 385 5281 1955 5351; baseline -0.001 -16"><span class='ocrx_word' id='word_1_746' title='bbox 385 5284 547 5345; x_wconf 85' lang='lat' dir='ltr'><strong>etiis,</strong></span> <span class='ocrx_word' id='word_1_747' title='bbox 578 5298 781 5351; x_wconf 76' lang='lat' dir='ltr'><strong>quaeex</strong></span> <span class='ocrx_word' id='word_1_748' title='bbox 811 5282 1194 5351; x_wconf 82' lang='lat' dir='ltr'><strong>Alexandrinis</strong></span> <span class='ocrx_word' id='word_1_749' title='bbox 1230 5284 1410 5332; x_wconf 85' lang='lat' dir='ltr'><strong>audita</strong></span> <span class='ocrx_word' id='word_1_750' title='bbox 1446 5281 1646 5344; x_wconf 75' lang='lat' dir='ltr'><strong>refert;</strong></span> <span class='ocrx_word' id='word_1_751' title='bbox 1685 5281 1955 5339; x_wconf 83' lang='lat' dir='ltr'><strong>simillima</strong></span> 
     </span>
    </p>
   </div>
   <div class='ocr_carea' id='block_1_102' title="bbox 384 5349 1955 5420">
    <p class='ocr_par' dir='ltr' id='par_1_102' title="bbox 384 5349 1955 5420">
     <span class='ocr_line' id='line_1_104' title="bbox 384 5349 1955 5420; baseline -0.001 -15"><span class='ocrx_word' id='word_1_752' title='bbox 384 5364 511 5405; x_wconf 78' lang='lat' dir='ltr'><strong>sunt</strong></span> <span class='ocrx_word' id='word_1_753' title='bbox 544 5349 661 5420; x_wconf 75' lang='lat' dir='ltr'><strong>qua:</strong></span> <span class='ocrx_word' id='word_1_754' title='bbox 690 5352 885 5404; x_wconf 77' lang='lat' dir='ltr'><strong>litteris</strong></span> <span class='ocrx_word' id='word_1_755' title='bbox 912 5349 1060 5404; x_wconf 89' lang='lat' dir='ltr'><strong>Philo</strong></span> <span class='ocrx_word' id='word_1_756' title='bbox 1094 5351 1386 5404; x_wconf 81' lang='lat' dir='ltr'><strong>mandavit.</strong></span> <span class='ocrx_word' id='word_1_757' title='bbox 1421 5351 1509 5403; x_wconf 89' lang='lat' dir='ltr'><strong>Sic</strong></span> <span class='ocrx_word' id='word_1_758' title='bbox 1534 5353 1679 5403; x_wconf 88' lang='lat' dir='ltr'><strong>enim</strong></span> <span class='ocrx_word' id='word_1_759' title='bbox 1716 5352 1955 5419; x_wconf 84' lang='lat' dir='ltr'><strong>loquitur</strong></span> 
     </span>
    </p>
   </div>
   <div class='ocr_carea' id='block_1_103' title="bbox 383 5420 1959 5490">
    <p class='ocr_par' dir='ltr' id='par_1_103' title="bbox 383 5420 1959 5490">
     <span class='ocr_line' id='line_1_105' title="bbox 383 5420 1959 5490; baseline 0 -17"><span class='ocrx_word' id='word_1_760' title='bbox 383 5423 479 5476; x_wconf 87' lang='lat' dir='ltr'><strong>lib.</strong></span> <span class='ocrx_word' id='word_1_761' title='bbox 519 5422 639 5475; x_wconf 85' lang='lat' dir='ltr'><strong>tDe</strong></span> <span class='ocrx_word' id='word_1_762' title='bbox 697 5420 810 5474; x_wconf 78' lang='lat' dir='ltr'><strong>Vita</strong></span> <span class='ocrx_word' id='word_1_763' title='bbox 862 5422 1084 5489; x_wconf 74' lang='lat' dir='ltr'><strong>Moysis,</strong></span> <span class='ocrx_word' id='word_1_764' title='bbox 1126 5436 1251 5490; x_wconf 78' lang='lat' dir='ltr'><strong>pag.</strong></span> <span class='ocrx_word' id='word_1_765' title='bbox 1287 5420 1430 5474; x_wconf 73' lang='lat'><strong>659:</strong></span> <span class='ocrx_word' id='word_1_766' title='bbox 1474 5439 1491 5469; x_wconf 86' lang='grc' dir='ltr'><strong>ι</strong></span> <span class='ocrx_word' id='word_1_767' title='bbox 1540 5420 1594 5472; x_wconf 94' lang='lat' dir='ltr'><strong>ln</strong></span> <span class='ocrx_word' id='word_1_768' title='bbox 1640 5437 1707 5475; x_wconf 91' lang='lat' dir='ltr'><strong>eo</strong></span> <span class='ocrx_word' id='word_1_769' title='bbox 1735 5436 1959 5475; x_wconf 86' lang='lat' dir='ltr'><strong>secessu</strong></span> 
     </span>
    </p>
   </div>
   <div class='ocr_carea' id='block_1_104' title="bbox 383 5492 1958 5556">
    <p class='ocr_par' dir='ltr' id='par_1_104' title="bbox 383 5492 1958 5556">
     <span class='ocr_line' id='line_1_106' title="bbox 383 5492 1958 5556; baseline 0 -12"><span class='ocrx_word' id='word_1_770' title='bbox 383 5508 506 5544; x_wconf 86' lang='lat' dir='ltr'><strong>cum</strong></span> <span class='ocrx_word' id='word_1_771' title='bbox 553 5494 928 5545; x_wconf 84' lang='lat' dir='ltr'><strong>consedissent</strong></span> <span class='ocrx_word' id='word_1_772' title='bbox 979 5492 1229 5556; x_wconf 81' lang='lat' dir='ltr'><strong>Solitarii,</strong></span> <span class='ocrx_word' id='word_1_773' title='bbox 1280 5492 1495 5543; x_wconf 82' lang='lat' dir='ltr'><strong>nemine</strong></span> <span class='ocrx_word' id='word_1_774' title='bbox 1554 5493 1958 5545; x_wconf 77' lang='lat' dir='ltr'><strong>interveniente</strong></span> 
     </span>
    </p>
   </div>
   <div class='ocr_carea' id='block_1_105' title="bbox 382 5562 1954 5630">
    <p class='ocr_par' dir='ltr' id='par_1_105' title="bbox 382 5562 1954 5630">
     <span class='ocr_line' id='line_1_107' title="bbox 382 5562 1954 5630; baseline -0.001 -17"><span class='ocrx_word' id='word_1_775' title='bbox 382 5562 593 5614; x_wconf 80' lang='lat' dir='ltr'><strong>arbitro</strong></span> <span class='ocrx_word' id='word_1_776' title='bbox 612 5573 806 5630; x_wconf 67' lang='lat' dir='ltr'><strong>pra-ter</strong></span> <span class='ocrx_word' id='word_1_777' title='bbox 824 5573 1027 5613; x_wconf 73' lang='lat' dir='ltr'><strong>natura:</strong></span> <span class='ocrx_word' id='word_1_778' title='bbox 1047 5573 1246 5628; x_wconf 84' lang='lat' dir='ltr'><strong>partes,</strong></span> <span class='ocrx_word' id='word_1_779' title='bbox 1270 5572 1491 5621; x_wconf 81' lang='lat' dir='ltr'><strong>terram,</strong></span> <span class='ocrx_word' id='word_1_780' title='bbox 1514 5576 1730 5627; x_wconf 77' lang='lat' dir='ltr'><strong>aquam,</strong></span> <span class='ocrx_word' id='word_1_781' title='bbox 1749 5575 1954 5625; x_wconf 71' lang='lat' dir='ltr'><strong>aerem,</strong></span> 
     </span>
    </p>
   </div>
   <div class='ocr_carea' id='block_1_106' title="bbox 382 5630 1955 5699">
    <p class='ocr_par' dir='ltr' id='par_1_106' title="bbox 382 5630 1955 5699">
     <span class='ocr_line' id='line_1_108' title="bbox 382 5630 1955 5699; baseline 0 -16"><span class='ocrx_word' id='word_1_782' title='bbox 382 5634 603 5692; x_wconf 79' lang='lat' dir='ltr'><strong>cwlum,</strong></span> <span class='ocrx_word' id='word_1_783' title='bbox 629 5634 693 5683; x_wconf 85' lang='lat' dir='ltr'><strong>de</strong></span> <span class='ocrx_word' id='word_1_784' title='bbox 720 5632 916 5697; x_wconf 81' lang='lat' dir='ltr'><strong>quibus</strong></span> <span class='ocrx_word' id='word_1_785' title='bbox 947 5632 1180 5697; x_wconf 89' lang='lat' dir='ltr'><strong>primum</strong></span> <span class='ocrx_word' id='word_1_786' title='bbox 1208 5630 1470 5699; x_wconf 79' lang='lat' dir='ltr'><strong>proditori</strong></span> <span class='ocrx_word' id='word_1_787' title='bbox 1505 5640 1663 5683; x_wconf 87' lang='lat' dir='ltr'><strong>erant</strong></span> <span class='ocrx_word' id='word_1_788' title='bbox 1698 5631 1955 5699; x_wconf 78' lang='lat' dir='ltr'><strong>mysteria</strong></span> 
     </span>
    </p>
   </div>
   <div class='ocr_carea' id='block_1_107' title="bbox 383 5700 1956 5769">
    <p class='ocr_par' dir='ltr' id='par_1_107' title="bbox 383 5700 1956 5769">
     <span class='ocr_line' id='line_1_109' title="bbox 383 5700 1956 5769; baseline 0 -18"><span class='ocrx_word' id='word_1_789' title='bbox 383 5706 531 5769; x_wconf 83' lang='lat' dir='ltr'><strong>(nam</strong></span> <span class='ocrx_word' id='word_1_790' title='bbox 594 5701 777 5752; x_wconf 87' lang='lat' dir='ltr'><strong>mundi</strong></span> <span class='ocrx_word' id='word_1_791' title='bbox 820 5700 1093 5766; x_wconf 80' lang='lat' dir='ltr'><strong>opiﬁcium</strong></span> <span class='ocrx_word' id='word_1_792' title='bbox 1133 5712 1213 5753; x_wconf 87' lang='lat' dir='ltr'><strong>est</strong></span> <span class='ocrx_word' id='word_1_793' title='bbox 1256 5704 1431 5769; x_wconf 79' lang='lat' dir='ltr'><strong>legum</strong></span> <span class='ocrx_word' id='word_1_794' title='bbox 1475 5702 1783 5769; x_wconf 73' lang='lat' dir='ltr'><strong>exordium}</strong></span> <span class='ocrx_word' id='word_1_795' title='bbox 1837 5711 1956 5751; x_wconf 86' lang='lat' dir='ltr'><strong>tan-</strong></span> 
     </span>
    </p>
   </div>
   <div class='ocr_carea' id='block_1_108' title="bbox 378 5769 1952 5839">
    <p class='ocr_par' dir='ltr' id='par_1_108' title="bbox 378 5769 1952 5839">
     <span class='ocr_line' id='line_1_110' title="bbox 378 5769 1952 5839; baseline -0.001 -17"><span class='ocrx_word' id='word_1_796' title='bbox 378 5786 538 5836; x_wconf 80' lang='lat' dir='ltr'><strong>quam</strong></span> <span class='ocrx_word' id='word_1_797' title='bbox 573 5770 791 5822; x_wconf 89' lang='lat' dir='ltr'><strong>numine</strong></span> <span class='ocrx_word' id='word_1_798' title='bbox 828 5776 1063 5837; x_wconf 83' lang='lat' dir='ltr'><strong>correpti</strong></span> <span class='ocrx_word' id='word_1_799' title='bbox 1099 5772 1514 5839; x_wconf 83' lang='lat' dir='ltr'><strong>prophetahaut,</strong></span> <span class='ocrx_word' id='word_1_800' title='bbox 1542 5785 1646 5821; x_wconf 90' lang='lat' dir='ltr'><strong>non</strong></span> <span class='ocrx_word' id='word_1_801' title='bbox 1687 5770 1791 5821; x_wconf 85' lang='lat' dir='ltr'><strong>alia</strong></span> <span class='ocrx_word' id='word_1_802' title='bbox 1832 5769 1952 5833; x_wconf 90' lang='lat' dir='ltr'><strong>alii,</strong></span> 
     </span>
    </p>
   </div>
   <div class='ocr_carea' id='block_1_109' title="bbox 378 5839 1951 5911">
    <p class='ocr_par' dir='ltr' id='par_1_109' title="bbox 378 5839 1951 5911">
     <span class='ocr_line' id='line_1_111' title="bbox 378 5839 1951 5911; baseline -0.003 -14"><span class='ocrx_word' id='word_1_803' title='bbox 378 5842 475 5897; x_wconf 71' lang='lat' dir='ltr'><strong>sed</strong></span> <span class='ocrx_word' id='word_1_804' title='bbox 506 5856 697 5897; x_wconf 81' lang='lat' dir='ltr'><strong>omnes</strong></span> <span class='ocrx_word' id='word_1_805' title='bbox 734 5840 800 5895; x_wconf 82' lang='lat' dir='ltr'><strong>ad</strong></span> <span class='ocrx_word' id='word_1_806' title='bbox 847 5841 1069 5895; x_wconf 84' lang='lat' dir='ltr'><strong>verbum</strong></span> <span class='ocrx_word' id='word_1_807' title='bbox 1115 5842 1322 5908; x_wconf 81' lang='lat' dir='ltr'><strong>eadem,</strong></span> <span class='ocrx_word' id='word_1_808' title='bbox 1370 5842 1526 5911; x_wconf 85' lang='lat' dir='ltr'><strong>quasi</strong></span> <span class='ocrx_word' id='word_1_809' title='bbox 1559 5841 1811 5911; x_wconf 78' lang='lat' dir='ltr'><strong>quopiam</strong></span> <span class='ocrx_word' id='word_1_810' title='bbox 1868 5839 1951 5893; x_wconf 82' lang='lat' dir='ltr'><strong>di-</strong></span> 
     </span>
    </p>
   </div>
   <div class='ocr_carea' id='block_1_110' title="bbox 2070 4645 3657 4712">
    <p class='ocr_par' dir='ltr' id='par_1_110' title="bbox 2070 4645 3657 4712">
     <span class='ocr_line' id='line_1_112' title="bbox 2070 4645 3657 4712; baseline 0.003 -12"><span class='ocrx_word' id='word_1_811' title='bbox 2070 4645 2264 4712; x_wconf 69' lang='lat' dir='ltr'><strong>Judmi,</strong></span> <span class='ocrx_word' id='word_1_812' title='bbox 2293 4663 2449 4702; x_wconf 90' lang='lat' dir='ltr'><strong>suum</strong></span> <span class='ocrx_word' id='word_1_813' title='bbox 2482 4662 2624 4712; x_wconf 87' lang='lat' dir='ltr'><strong>esse,</strong></span> <span class='ocrx_word' id='word_1_814' title='bbox 2656 4663 2761 4700; x_wconf 91' lang='lat' dir='ltr'><strong>non</strong></span> <span class='ocrx_word' id='word_1_815' title='bbox 2791 4645 3244 4712; x_wconf 83' lang='lat' dir='ltr'><strong>Christianorum,</strong></span> <span class='ocrx_word' id='word_1_816' title='bbox 3274 4648 3440 4703; x_wconf 79' lang='lat' dir='ltr'><strong>Vetus</strong></span> <span class='ocrx_word' id='word_1_817' title='bbox 3463 4648 3657 4704; x_wconf 82' lang='lat' dir='ltr'><strong>Testa-</strong></span> 
     </span>
    </p>
   </div>
   <div class='ocr_carea' id='block_1_111' title="bbox 2072 4716 3653 4787">
    <p class='ocr_par' dir='ltr' id='par_1_111' title="bbox 2072 4716 3653 4787">
     <span class='ocr_line' id='line_1_113' title="bbox 2072 4716 3653 4787; baseline 0.003 -17"><span class='ocrx_word' id='word_1_818' title='bbox 2072 4729 2337 4770; x_wconf 87' lang='lat' dir='ltr'><strong>mentum.</strong></span> <span class='ocrx_word' id='word_1_819' title='bbox 2388 4718 2622 4771; x_wconf 87' lang='lat' dir='ltr'><strong>Stultam</strong></span> <span class='ocrx_word' id='word_1_820' title='bbox 2656 4719 2799 4787; x_wconf 89' lang='lat' dir='ltr'><strong>hanc</strong></span> <span class='ocrx_word' id='word_1_821' title='bbox 2835 4716 3147 4786; x_wconf 86' lang='lat' dir='ltr'><strong>opinionem</strong></span> <span class='ocrx_word' id='word_1_822' title='bbox 3194 4719 3411 4787; x_wconf 83' lang='lat' dir='ltr'><strong>egregie</strong></span> <span class='ocrx_word' id='word_1_823' title='bbox 3451 4718 3653 4773; x_wconf 80' lang='lat' dir='ltr'><strong>refellit</strong></span> 
     </span>
    </p>
   </div>
   <div class='ocr_carea' id='block_1_112' title="bbox 2071 4786 3653 4848">
    <p class='ocr_par' dir='ltr' id='par_1_112' title="bbox 2071 4786 3653 4848">
     <span class='ocr_line' id='line_1_114' title="bbox 2071 4786 3653 4848; baseline 0.004 -8"><span class='ocrx_word' id='word_1_824' title='bbox 2071 4787 2341 4840; x_wconf 81' lang='lat' dir='ltr'><strong>Eusebius</strong></span> <span class='ocrx_word' id='word_1_825' title='bbox 2388 4789 2689 4840; x_wconf 75' lang='lat' dir='ltr'><strong>Demonstr.</strong></span> <span class='ocrx_word' id='word_1_826' title='bbox 2735 4786 2828 4840; x_wconf 88' lang='lat' dir='ltr'><strong>lib.</strong></span> <span class='ocrx_word' id='word_1_827' title='bbox 2864 4802 2902 4848; x_wconf 87' lang='grc' dir='ltr'><strong>ι,</strong></span> <span class='ocrx_word' id='word_1_828' title='bbox 2944 4802 2996 4841; x_wconf 91' lang='lat' dir='ltr'><strong>c.</strong></span> <span class='ocrx_word' id='word_1_829' title='bbox 3046 4787 3100 4843; x_wconf 83' lang='lat'><strong>6.</strong></span> <span class='ocrx_word' id='word_1_830' title='bbox 3144 4786 3262 4843; x_wconf 82' lang='lat' dir='ltr'><strong>Non</strong></span> <span class='ocrx_word' id='word_1_831' title='bbox 3300 4786 3514 4843; x_wconf 79' lang='lat' dir='ltr'><strong>dillicile</strong></span> <span class='ocrx_word' id='word_1_832' title='bbox 3560 4803 3653 4846; x_wconf 87' lang='lat' dir='ltr'><strong>est</strong></span> 
     </span>
    </p>
   </div>
   <div class='ocr_carea' id='block_1_113' title="bbox 2067 4857 3618 4919">
    <p class='ocr_par' dir='ltr' id='par_1_113' title="bbox 2067 4857 3618 4919">
     <span class='ocr_line' id='line_1_115' title="bbox 2067 4857 3618 4919; baseline 0.003 -10"><span class='ocrx_word' id='word_1_833' title='bbox 2067 4859 2382 4919; x_wconf 73' lang='lat' dir='ltr'><strong>enitendare,</strong></span> <span class='ocrx_word' id='word_1_834' title='bbox 2410 4874 2509 4912; x_wconf 90' lang='lat' dir='ltr'><strong>nec</strong></span> <span class='ocrx_word' id='word_1_835' title='bbox 2533 4868 2713 4910; x_wconf 90' lang='lat' dir='ltr'><strong>tamen</strong></span> <span class='ocrx_word' id='word_1_836' title='bbox 2738 4872 2767 4910; x_wconf 88' lang='lat' dir='ltr'><strong>a</strong></span> <span class='ocrx_word' id='word_1_837' title='bbox 2799 4857 3120 4912; x_wconf 87' lang='lat' dir='ltr'><strong>doctissimo</strong></span> <span class='ocrx_word' id='word_1_838' title='bbox 3154 4859 3422 4914; x_wconf 89' lang='lat' dir='ltr'><strong>Cotelerio</strong></span> <span class='ocrx_word' id='word_1_839' title='bbox 3455 4875 3618 4913; x_wconf 87' lang='lat' dir='ltr'><strong>emen</strong></span> 
     </span>
    </p>
   </div>
   <div class='ocr_carea' id='block_1_114' title="bbox 2066 4926 3650 4995">
    <p class='ocr_par' dir='ltr' id='par_1_114' title="bbox 2066 4926 3650 4995">
     <span class='ocr_line' id='line_1_116' title="bbox 2066 4926 3650 4995; baseline 0.004 -18"><span class='ocrx_word' id='word_1_840' title='bbox 2066 4927 2274 4989; x_wconf 86' lang='lat' dir='ltr'><strong>datum,</strong></span> <span class='ocrx_word' id='word_1_841' title='bbox 2309 4930 2450 4995; x_wconf 89' lang='lat' dir='ltr'><strong>quod</strong></span> <span class='ocrx_word' id='word_1_842' title='bbox 2475 4929 2543 4981; x_wconf 88' lang='lat' dir='ltr'><strong>de</strong></span> <span class='ocrx_word' id='word_1_843' title='bbox 2568 4926 2771 4981; x_wconf 65' lang='lat' dir='ltr'><strong>Iudaeis</strong></span> <span class='ocrx_word' id='word_1_844' title='bbox 2801 4928 2939 4995; x_wconf 88' lang='lat' dir='ltr'><strong>apud</strong></span> <span class='ocrx_word' id='word_1_845' title='bbox 2966 4930 3027 4981; x_wconf 75' lang='grc' dir='ltr'><strong>ὃ.</strong></span> <span class='ocrx_word' id='word_1_846' title='bbox 3056 4926 3361 4983; x_wconf 87' lang='lat' dir='ltr'><strong>Barnabam</strong></span> <span class='ocrx_word' id='word_1_847' title='bbox 3395 4943 3445 4983; x_wconf 92' lang='lat' dir='ltr'><strong>c.</strong></span> <span class='ocrx_word' id='word_1_848' title='bbox 3471 4929 3526 4994; x_wconf 74' lang='grc'>4,</span> <span class='ocrx_word' id='word_1_849' title='bbox 3561 4931 3650 4983; x_wconf 86' lang='lat' dir='ltr'><strong>sic</strong></span> 
     </span>
    </p>
   </div>
   <div class='ocr_carea' id='block_1_115' title="bbox 2067 4995 3650 5065">
    <p class='ocr_par' dir='ltr' id='par_1_115' title="bbox 2067 4995 3650 5065">
     <span class='ocr_line' id='line_1_117' title="bbox 2067 4995 3650 5065; baseline 0.003 -18"><span class='ocrx_word' id='word_1_850' title='bbox 2067 4996 2265 5065; x_wconf 83' lang='lat' dir='ltr'><strong>legitur</strong></span> <span class='ocrx_word' id='word_1_851' title='bbox 2289 5015 2301 5049; x_wconf 93' lang='lat'><strong>:</strong></span> <span class='ocrx_word' id='word_1_852' title='bbox 2333 4998 2527 5051; x_wconf 82' lang='lat' dir='ltr'><strong>Dicunt</strong></span> <span class='ocrx_word' id='word_1_853' title='bbox 2555 4999 2677 5065; x_wconf 84' lang='lat' dir='ltr'><strong>quia</strong></span> <span class='ocrx_word' id='word_1_854' title='bbox 2700 4995 3318 5051; x_wconf 72' lang='lat' dir='ltr'><strong>Testamentumillorum</strong></span> <span class='ocrx_word' id='word_1_855' title='bbox 3344 5010 3389 5051; x_wconf 86' lang='lat' dir='ltr'><strong>et</strong></span> <span class='ocrx_word' id='word_1_856' title='bbox 3409 5010 3650 5052; x_wconf 73' lang='lat' dir='ltr'><strong>nostrum</strong></span> 
     </span>
    </p>
   </div>
   <div class='ocr_carea' id='block_1_116' title="bbox 2063 5066 3645 5135">
    <p class='ocr_par' dir='ltr' id='par_1_116' title="bbox 2063 5066 3645 5135">
     <span class='ocr_line' id='line_1_118' title="bbox 2063 5066 3645 5135; baseline 0.003 -18"><span class='ocrx_word' id='word_1_857' title='bbox 2063 5076 2157 5135; x_wconf 75' lang='lat' dir='ltr'><strong>est.</strong></span> <span class='ocrx_word' id='word_1_858' title='bbox 2204 5066 2459 5120; x_wconf 79' lang='lat' dir='ltr'><strong>Nostrum</strong></span> <span class='ocrx_word' id='word_1_859' title='bbox 2484 5077 2677 5130; x_wconf 87' lang='lat' dir='ltr'><strong>autem,</strong></span> <span class='ocrx_word' id='word_1_860' title='bbox 2710 5068 2831 5135; x_wconf 81' lang='lat' dir='ltr'><strong>quia</strong></span> <span class='ocrx_word' id='word_1_861' title='bbox 2863 5068 2943 5119; x_wconf 78' lang='lat' dir='ltr'><strong>illi</strong></span> <span class='ocrx_word' id='word_1_862' title='bbox 2974 5068 3311 5131; x_wconf 81' lang='lat' dir='ltr'><strong>perdiderunt</strong></span> <span class='ocrx_word' id='word_1_863' title='bbox 3336 5069 3470 5121; x_wconf 78' lang='lat' dir='ltr'><strong>illud</strong></span> <span class='ocrx_word' id='word_1_864' title='bbox 3497 5072 3645 5135; x_wconf 74' lang='lat' dir='ltr'><strong>quod</strong></span> 
     </span>
    </p>
   </div>
   <div class='ocr_carea' id='block_1_117' title="bbox 2064 5134 3649 5208">
    <p class='ocr_par' dir='ltr' id='par_1_117' title="bbox 2064 5134 3649 5208">
     <span class='ocr_line' id='line_1_119' title="bbox 2064 5134 3649 5208; baseline 0.003 -21"><span class='ocrx_word' id='word_1_865' title='bbox 2064 5134 2272 5208; x_wconf 65' lang='lat' dir='ltr'><strong>Moyses</strong></span> <span class='ocrx_word' id='word_1_866' title='bbox 2313 5139 2528 5204; x_wconf 80' lang='lat' dir='ltr'><strong>accepit.</strong></span> <span class='ocrx_word' id='word_1_867' title='bbox 2563 5134 2907 5203; x_wconf 82' lang='lat' dir='ltr'><strong>Legendum:</strong></span> <span class='ocrx_word' id='word_1_868' title='bbox 2952 5136 3141 5190; x_wconf 80' lang='lat' dir='ltr'><strong>Dicunt</strong></span> <span class='ocrx_word' id='word_1_869' title='bbox 3189 5140 3311 5208; x_wconf 85' lang='lat' dir='ltr'><strong>quia</strong></span> <span class='ocrx_word' id='word_1_870' title='bbox 3344 5134 3649 5193; x_wconf 77' lang='lat' dir='ltr'><strong>Testamen-</strong></span> 
     </span>
    </p>
   </div>
   <div class='ocr_carea' id='block_1_118' title="bbox 2061 5206 3018 5260">
    <p class='ocr_par' dir='ltr' id='par_1_118' title="bbox 2061 5206 3018 5260">
     <span class='ocr_line' id='line_1_120' title="bbox 2061 5206 3018 5260; baseline 0.004 -4"><span class='ocrx_word' id='word_1_871' title='bbox 2061 5216 2173 5257; x_wconf 76' lang='lat' dir='ltr'><strong>tum</strong></span> <span class='ocrx_word' id='word_1_872' title='bbox 2208 5206 2419 5258; x_wconf 84' lang='lat' dir='ltr'><strong>illorum</strong></span> <span class='ocrx_word' id='word_1_873' title='bbox 2444 5218 2489 5259; x_wconf 88' lang='lat' dir='ltr'><strong>et</strong></span> <span class='ocrx_word' id='word_1_874' title='bbox 2518 5223 2621 5258; x_wconf 84' lang='lat' dir='ltr'><strong>non</strong></span> <span class='ocrx_word' id='word_1_875' title='bbox 2654 5218 2891 5258; x_wconf 77' lang='lat' dir='ltr'><strong>nostrum</strong></span> <span class='ocrx_word' id='word_1_876' title='bbox 2923 5219 3018 5260; x_wconf 78' lang='lat' dir='ltr'><strong>est.</strong></span> 
     </span>
    </p>
   </div>
   <div class='ocr_carea' id='block_1_119' title="bbox 2132 5276 3326 5347">
    <p class='ocr_par' dir='ltr' id='par_1_119' title="bbox 2132 5276 3326 5347">
     <span class='ocr_line' id='line_1_121' title="bbox 2132 5276 3326 5347; baseline 0.004 -20"><span class='ocrx_word' id='word_1_877' title='bbox 2132 5276 2246 5347; x_wconf 69' lang='lat' dir='ltr'><strong>(2i)</strong></span> <span class='ocrx_word' id='word_1_878' title='bbox 2286 5276 2773 5344; x_wconf 73' lang='grc' dir='ltr'>Προκομίζεσθαι.</span> <span class='ocrx_word' id='word_1_879' title='bbox 2806 5276 2957 5328; x_wconf 74' lang='lat' dir='ltr'><strong>Coll).</strong></span> <span class='ocrx_word' id='word_1_880' title='bbox 2982 5277 3326 5347; x_wconf 75' lang='grc' dir='ltr'>κομίζεσθαι.</span> 
     </span>
    </p>
   </div>
   <div class='ocr_carea' id='block_1_120' title="bbox 2134 5346 3645 5417">
    <p class='ocr_par' dir='ltr' id='par_1_120' title="bbox 2134 5346 3645 5417">
     <span class='ocr_line' id='line_1_122' title="bbox 2134 5346 3645 5417; baseline 0.002 -20"><span class='ocrx_word' id='word_1_881' title='bbox 2134 5346 2260 5417; x_wconf 51' lang='lat' dir='ltr'><strong>i221</strong></span> <span class='ocrx_word' id='word_1_882' title='bbox 2286 5348 2508 5398; x_wconf 76' lang='grc' dir='ltr'>Δίκαια.</span> <span class='ocrx_word' id='word_1_883' title='bbox 2546 5346 2636 5399; x_wconf 86' lang='lat' dir='ltr'><strong>Sic</strong></span> <span class='ocrx_word' id='word_1_884' title='bbox 2665 5347 2832 5417; x_wconf 84' lang='lat' dir='ltr'><strong>etiam</strong></span> <span class='ocrx_word' id='word_1_885' title='bbox 2860 5347 3014 5399; x_wconf 85' lang='lat' dir='ltr'><strong>Philo</strong></span> <span class='ocrx_word' id='word_1_886' title='bbox 3040 5346 3185 5417; x_wconf 83' lang='lat' dir='ltr'><strong>leges</strong></span> <span class='ocrx_word' id='word_1_887' title='bbox 3219 5348 3451 5416; x_wconf 85' lang='lat' dir='ltr'><strong>appellat</strong></span> <span class='ocrx_word' id='word_1_888' title='bbox 3475 5347 3645 5400; x_wconf 77' lang='lat' dir='ltr'><strong>libros</strong></span> 
     </span>
    </p>
   </div>
   <div class='ocr_carea' id='block_1_121' title="bbox 2060 5414 3639 5481">
    <p class='ocr_par' dir='ltr' id='par_1_121' title="bbox 2060 5414 3639 5481">
     <span class='ocr_line' id='line_1_123' title="bbox 2060 5414 3639 5481; baseline 0.001 -13"><span class='ocrx_word' id='word_1_889' title='bbox 2060 5430 2091 5468; x_wconf 76' lang='grc' dir='ltr'><strong>ιι</strong></span> <span class='ocrx_word' id='word_1_890' title='bbox 2129 5414 2269 5468; x_wconf 68' lang='lat' dir='ltr'><strong>LXX</strong></span> <span class='ocrx_word' id='word_1_891' title='bbox 2316 5418 2701 5481; x_wconf 84' lang='lat' dir='ltr'><strong>interpretibus</strong></span> <span class='ocrx_word' id='word_1_892' title='bbox 2728 5416 2914 5469; x_wconf 71' lang='lat' dir='ltr'><strong>Graece</strong></span> <span class='ocrx_word' id='word_1_893' title='bbox 2942 5414 3202 5472; x_wconf 68' lang='lat' dir='ltr'><strong>reddiios.</strong></span> <span class='ocrx_word' id='word_1_894' title='bbox 3238 5414 3372 5471; x_wconf 69' lang='lat' dir='ltr'><strong>Vide</strong></span> <span class='ocrx_word' id='word_1_895' title='bbox 3404 5429 3515 5471; x_wconf 87' lang='lat' dir='ltr'><strong>not.</strong></span> <span class='ocrx_word' id='word_1_896' title='bbox 3548 5419 3639 5471; x_wconf 84' lang='lat' dir='ltr'><strong>l9.</strong></span> 
     </span>
    </p>
   </div>
   <div class='ocr_carea' id='block_1_122' title="bbox 2132 5485 3643 5560">
    <p class='ocr_par' dir='ltr' id='par_1_122' title="bbox 2132 5485 3643 5560">
     <span class='ocr_line' id='line_1_124' title="bbox 2132 5485 3643 5560; baseline 0.003 -24"><span class='ocrx_word' id='word_1_897' title='bbox 2132 5488 2244 5560; x_wconf 55' lang='lat'><strong>(2})</strong></span> <span class='ocrx_word' id='word_1_898' title='bbox 2271 5485 2604 5560; x_wconf 57' lang='lat' dir='ltr'><strong>ﬂpoarjxsi.</strong></span> <span class='ocrx_word' id='word_1_899' title='bbox 2640 5487 2770 5553; x_wconf 73' lang='lat' dir='ltr'><strong>lleg.</strong></span> <span class='ocrx_word' id='word_1_900' title='bbox 2803 5486 2837 5539; x_wconf 78' lang='grc'>5</span> <span class='ocrx_word' id='word_1_901' title='bbox 2871 5496 2925 5539; x_wconf 87' lang='lat' dir='ltr'><strong>et</strong></span> <span class='ocrx_word' id='word_1_902' title='bbox 2966 5487 3207 5541; x_wconf 68' lang='lat' dir='ltr'><strong>lllarom.</strong></span> <span class='ocrx_word' id='word_1_903' title='bbox 3240 5488 3555 5560; x_wconf 79' lang='grc' dir='ltr'>προσήκειν,</span> <span class='ocrx_word' id='word_1_904' title='bbox 3584 5498 3643 5540; x_wconf 85' lang='lat' dir='ltr'><strong>et</strong></span> 
     </span>
    </p>
   </div>
   <div class='ocr_carea' id='block_1_123' title="bbox 2060 5557 2715 5611">
    <p class='ocr_par' dir='ltr' id='par_1_123' title="bbox 2060 5557 2715 5611">
     <span class='ocr_line' id='line_1_125' title="bbox 2060 5557 2715 5611; baseline -0.006 0"><span class='ocrx_word' id='word_1_905' title='bbox 2060 5559 2138 5611; x_wconf 87' lang='lat' dir='ltr'><strong>sic</strong></span> <span class='ocrx_word' id='word_1_906' title='bbox 2168 5557 2232 5609; x_wconf 68' lang='lat' dir='ltr'><strong>ll.</strong></span> <span class='ocrx_word' id='word_1_907' title='bbox 2266 5557 2349 5609; x_wconf 88' lang='lat' dir='ltr'><strong>St.</strong></span> <span class='ocrx_word' id='word_1_908' title='bbox 2391 5558 2457 5607; x_wconf 82' lang='lat' dir='ltr'><strong>ad</strong></span> <span class='ocrx_word' id='word_1_909' title='bbox 2489 5558 2715 5610; x_wconf 87' lang='lat' dir='ltr'><strong>calcem.</strong></span> 
     </span>
    </p>
   </div>
   <div class='ocr_carea' id='block_1_124' title="bbox 2130 5624 3425 5698">
    <p class='ocr_par' dir='ltr' id='par_1_124' title="bbox 2130 5624 3425 5698">
     <span class='ocr_line' id='line_1_126' title="bbox 2130 5624 3425 5698; baseline 0.002 -21"><span class='ocrx_word' id='word_1_910' title='bbox 2130 5627 2242 5698; x_wconf 62' lang='lat' dir='ltr'><strong>(:li)</strong></span> <span class='ocrx_word' id='word_1_911' title='bbox 2295 5625 2492 5698; x_wconf 61' lang='grc' dir='ltr'>Ἶμῶιῖ.</span> <span class='ocrx_word' id='word_1_912' title='bbox 2520 5624 2619 5698; x_wconf 83' lang='lat' dir='ltr'><strong>Sic</strong></span> <span class='ocrx_word' id='word_1_913' title='bbox 2646 5642 2777 5681; x_wconf 89' lang='lat' dir='ltr'><strong>mss.</strong></span> <span class='ocrx_word' id='word_1_914' title='bbox 2809 5627 3045 5681; x_wconf 86' lang='lat' dir='ltr'><strong>codices.</strong></span> <span class='ocrx_word' id='word_1_915' title='bbox 3073 5627 3216 5681; x_wconf 86' lang='lat' dir='ltr'><strong>Editi</strong></span> <span class='ocrx_word' id='word_1_916' title='bbox 3247 5627 3425 5698; x_wconf 85' lang='grc' dir='ltr'>ήμῶν.</span> 
     </span>
    </p>
   </div>
   <div class='ocr_carea' id='block_1_125' title="bbox 2129 5694 3637 5768">
    <p class='ocr_par' dir='ltr' id='par_1_125' title="bbox 2129 5694 3637 5768">
     <span class='ocr_line' id='line_1_127' title="bbox 2129 5694 3637 5768; baseline 0.004 -21"><span class='ocrx_word' id='word_1_917' title='bbox 2129 5696 2243 5768; x_wconf 67' lang='lat'><strong>(25)</strong></span> <span class='ocrx_word' id='word_1_918' title='bbox 2275 5694 2414 5768; x_wconf 69' lang='lat' dir='ltr'><strong>__T(Iir</strong></span> <span class='ocrx_word' id='word_1_919' title='bbox 2436 5696 2783 5768; x_wconf 66' lang='grc' dir='ltr'><strong>ᾁνζὶρώπων.</strong></span> <span class='ocrx_word' id='word_1_920' title='bbox 2827 5698 2960 5765; x_wconf 76' lang='lat' dir='ltr'><strong>Reg.</strong></span> <span class='ocrx_word' id='word_1_921' title='bbox 2987 5698 3040 5761; x_wconf 80' lang='grc'>5,</span> <span class='ocrx_word' id='word_1_922' title='bbox 3074 5694 3312 5768; x_wconf 54' lang='grc' dir='ltr'>(ῥιιιτοιίί.</span> <span class='ocrx_word' id='word_1_923' title='bbox 3361 5699 3428 5768; x_wconf 87' lang='lat' dir='ltr'><strong>ad</strong></span> <span class='ocrx_word' id='word_1_924' title='bbox 3462 5713 3637 5768; x_wconf 74' lang='lat' dir='ltr'><strong>marg.</strong></span> 
     </span>
    </p>
   </div>
   <div class='ocr_carea' id='block_1_126' title="bbox 2058 5765 3529 5838">
    <p class='ocr_par' dir='ltr' id='par_1_126' title="bbox 2058 5765 3529 5838">
     <span class='ocr_line' id='line_1_128' title="bbox 2058 5765 3529 5838; baseline 0.001 -20"><span class='ocrx_word' id='word_1_925' title='bbox 2058 5766 2336 5838; x_wconf 75' lang='grc' dir='ltr'>ὑπὲρτῶν</span> <span class='ocrx_word' id='word_1_926' title='bbox 2361 5765 2684 5838; x_wconf 75' lang='grc' dir='ltr'>ἀνθρώπιον.</span> <span class='ocrx_word' id='word_1_927' title='bbox 2716 5767 2779 5838; x_wconf 68' lang='lat' dir='ltr'><strong>ll.</strong></span> <span class='ocrx_word' id='word_1_928' title='bbox 2808 5770 2886 5819; x_wconf 83' lang='lat' dir='ltr'><strong>St.</strong></span> <span class='ocrx_word' id='word_1_929' title='bbox 2912 5768 2989 5819; x_wconf 87' lang='lat' dir='ltr'><strong>sic</strong></span> <span class='ocrx_word' id='word_1_930' title='bbox 3020 5767 3179 5821; x_wconf 81' lang='lat' dir='ltr'><strong>habet</strong></span> <span class='ocrx_word' id='word_1_931' title='bbox 3203 5768 3275 5838; x_wconf 7' lang='lat' dir='ltr'><strong>ad,</strong></span> <span class='ocrx_word' id='word_1_932' title='bbox 3303 5767 3529 5820; x_wconf 84' lang='lat' dir='ltr'><strong>calcem.</strong></span> 
     </span>
    </p>
   </div>
   <div class='ocr_carea' id='block_1_127' title="bbox 2129 5835 3425 5906">
    <p class='ocr_par' dir='ltr' id='par_1_127' title="bbox 2129 5835 3425 5906">
     <span class='ocr_line' id='line_1_129' title="bbox 2129 5835 3425 5906; baseline 0.002 -16"><span class='ocrx_word' id='word_1_933' title='bbox 2129 5835 2243 5906; x_wconf 58' lang='lat'><strong>(26)</strong></span> <span class='ocrx_word' id='word_1_934' title='bbox 2282 5835 2523 5904; x_wconf 68' lang='grc' dir='ltr'>Πάντως</span> <span class='ocrx_word' id='word_1_935' title='bbox 2558 5852 2698 5893; x_wconf 77' lang='grc' dir='ltr'>που.</span> <span class='ocrx_word' id='word_1_936' title='bbox 2730 5837 2854 5892; x_wconf 64' lang='lat' dir='ltr'><strong>Hinc</strong></span> <span class='ocrx_word' id='word_1_937' title='bbox 2882 5838 3076 5892; x_wconf 78' lang='lat' dir='ltr'><strong>desunt</strong></span> <span class='ocrx_word' id='word_1_938' title='bbox 3110 5852 3161 5891; x_wconf 89' lang='grc' dir='ltr'><strong>ιιι</strong></span> <span class='ocrx_word' id='word_1_939' title='bbox 3186 5836 3425 5893; x_wconf 80' lang='lat' dir='ltr'><strong>Colbert.</strong></span> 
     </span>
    </p>
   </div>
  </div>
