3948 6256
415 348 531 408 275

556 473 624 549 4t
646 476 806 531 ducta
832 491 969 531 circo
993 492 1168 533 errore
1190 495 1313 549 gens
1344 483 1671 548 mortalium,

553 543 856 618 Qommenta
883 549 1050 602 cladis
1070 551 1128 602 in
1148 543 1259 604 sua:
1285 552 1529 606 solatium
1565 543 1661 618 est,

556 613 785 672 Formas
808 619 1025 671 deorum
1050 635 1238 673 saxeas
1266 631 1358 674 aut
1381 638 1542 676 mea:

556 686 760 756 {imave
785 690 968 741 ductas
996 687 1164 756 fusili,
1197 701 1288 743 aut
1317 691 1589 746 eburneas.

558 753 659 840 ﬁlis
683 753 1015 840 victimarum
1040 762 1370 829 sanguinem,
1397 762 1476 814 his
1499 765 1660 833 festos
1682 765 1803 819 dies

557 828 689 878 Cum
717 828 1044 893 dedicamus,
1080 828 1191 885 esse
1220 847 1313 885 nos
1342 828 1519 887 remur
1542 836 1687 901 pios.

411 916 539 972 ﬂzc
560 918 725 988 igitur
754 920 1067 990 Sophocles.

482 1009 570 1069 i9.
610 1011 947 1083 Pythagoras
981 1025 1184 1081 autem,
1209 1015 1516 1072 Muesarchi
1544 1018 1705 1085 ﬁlius,
1748 1022 1838 1091 qui
1866 1021 1985 1091 piti-

408 1097 672 1171 losophias
693 1119 807 1160 suae
832 1106 1048 1161 decreta
1078 1108 1337 1177 symbolis
1384 1124 1588 1165 arcane
1609 1114 1884 1181 exposuit,
1925 1120 1987 1167 ut

410 1191 790 1250 demonstrant
810 1198 905 1265 qui
934 1198 1076 1254 illius
1125 1201 1286 1253 vitam
1333 1202 1625 1271 scripsere,
1674 1203 1889 1257 videtur
1932 1213 1988 1259 et

410 1281 527 1349 ipse
567 1283 635 1341 de
674 1301 783 1343 uno
828 1286 939 1343 Deo
968 1303 1029 1343 ea
1061 1291 1285 1357 sentire,
1318 1305 1440 1360 qua
1466 1292 1622 1363 digna
1662 1302 1787 1348 sunt
1818 1292 1988 1365 Egy-

408 1378 589 1443 ptiaca
633 1381 1092 1449 peregrinatione.
1142 1382 1275 1437 Nam
1326 1385 1452 1439 dum
1491 1386 1753 1441 unitatem
1784 1386 1989 1457 princi-

408 1470 557 1537 pium
588 1471 831 1526 omnium
873 1487 995 1528 esse
1047 1474 1197 1543 dicit,
1243 1476 1526 1546 ipsamque
1551 1478 1793 1532 omnimn
1826 1481 1992 1535 bono-

412 1577 530 1617 rum
556 1577 681 1621 esse
701 1580 954 1631 causam;
989 1581 1155 1621 unum
1186 1582 1308 1624 esse
1337 1584 1402 1623 ac
1432 1569 1765 1639 singularem
1818 1569 1988 1626 Deum

411 1668 511 1724 per
539 1653 852 1726 allegoriam
881 1656 1052 1713 docet.
1090 1658 1257 1729 quue
1291 1660 1364 1714 ita
1395 1675 1457 1715 se
1491 1661 1697 1715 habere
1737 1661 1863 1717 inde
1887 1676 1985 1732 pa-

411 1753 510 1811 tet,
532 1747 673 1817 quod
697 1745 956 1801 unitatem
980 1756 1037 1802 et
1064 1764 1229 1803 unum
1254 1750 1402 1805 inter
1424 1764 1483 1805 se
1505 1749 1735 1803 multum
1764 1749 1989 1804 differre

1384 358 1441 417 S.
1486 356 1748 437 IUSTINI
1786 348 2198 419 PHILOSOPHI
2231 361 2318 417 ET
2352 360 2706 420 MARTYRIS

2013 490 2060 545 Δ

3569 358 3672 415 276

2194 485 2405 553 Θνητοὶ
2434 483 2502 537 δὲ
2527 484 2743 538 πολλοὶ
2777 484 2986 552 καρδίᾳ
3015 484 3409 553 πλανώμενοι,

2202 553 2634 624 Ἰδρυσάμεσθα
2659 554 2942 624 πημάτων
2968 552 3337 624 παρὰψυχὴν

2195 623 2355 677 Θεῶν
2385 623 2670 693 ἀγάλματ’
2699 625 2766 678 ἐκ
2796 626 2980 678 λίθων
3010 641 3073 676 τε
3105 623 3201 675 καὶ
3232 623 3455 686 ξύλων,

2196 698 2268 749 Ἢ
2300 696 2751 763 xplicatm?er
2786 694 2824 759 ἢ
2850 694 3252 762 ἐλεφαντίνων
3281 693 3510 755 τύπους
3533 701 3555 723 ο

2193 765 2419 850 ςυσίας
2448 781 2511 817 τε
2540 765 2771 850 τοιξοις
2792 764 2887 850 καὶ
2914 764 3103 850 κξιέὰς
3138 764 3502 850 παχηγύρεις

2197 836 2541 903 Τεύχοντες,
2575 831 2762 901 οὖὶως
2790 833 3062 888 εὐσεϐεῖν
3092 831 3428 902 νομίζομεν.

2086 926 2271 981 Ταῦτα
2302 927 2399 997 μὲν
2427 923 2520 980 οὖν
2541 932 2569 981 ό
2597 926 2893 996 Σοφοκλῆς.

2157 1018 2244 1075 19.
2286 1018 2345 1071 '0
2369 1018 2426 1070 δὲ
2450 1016 2542 1071 τοῦ
2570 1016 2898 1091 Μνησάρχου
2920 1015 3261 1086 Πυθαγόρας,
3285 1016 3313 1069 ὁ
3333 1013 3401 1069 τὰ
3424 1014 3679 1085 δόγματα

2085 1111 2185 1181 τῆς
2230 1110 2426 1165 ἑαυτοῦ
2466 1111 2777 1180 φιλοσοφίας
2817 1111 2906 1164 διά
2935 1110 3217 1181 συμϐόλων
3252 1109 3361 1179 (47)
3393 1108 3682 1179 μυστικῶς

2088 1200 2399 1272 ἐκθέμενος,
2429 1202 2506 1265 ὡς
2534 1199 2785 1273 δηλοῦσιν
2816 1202 2864 1254 οἱ
2889 1201 2978 1254 τὸν
3000 1199 3112 1269 βίον
3126 1199 3291 1255 αὐτοῦ
3312 1200 3679 1270 γεγραφότες,

2087 1295 2212 1360 ἄξια
2256 1294 2351 1349 καὶ
2392 1294 2551 1357 αὐτὸς
2598 1293 2699 1363 τῆς
2746 1296 2826 1358 είς
2869 1295 3140 1362 Αἴγυπτον
3184 1291 3492 1363 ἀποδημίας
3541 1292 3680 1363 περὶ

2091 1388 2208 1451 ἐνὸς
2227 1386 2363 1441 Θεοῦ
2391 1386 2606 1459 φρονῶν
2636 1387 2903 1456 φαίνεται.
2935 1387 3045 1459 Τὴν
3086 1385 3194 1456 γὰρ
3235 1385 3441 1455 μονάδα
3488 1385 3683 1455 ἀρχὴν

2090 1482 2342 1535 ἁπάντων
2376 1480 2568 1548 λέγων,
2596 1479 2691 1533 καὶ
2733 1478 2938 1551 ταύτην
2993 1478 3101 1533 τῶν
3148 1477 3371 1547 ἀγαθῶν
3414 1476 3681 1531 ἁπάντων

2090 1572 2268 1625 αἰτίαν
2293 1568 2451 1637 εἶναι,
2484 1571 2551 1623 δι’
2568 1572 2897 1645 ἀλληγορίας
2925 1570 3021 1623 ἕνα
3046 1587 3105 1624 τε
3128 1570 3222 1623 καὶ
3253 1569 3411 1639 μόνον
3428 1567 3679 1621 διδάσκει

2090 1661 2233 1715 Θεὸν·
2265 1659 2424 1717 εἶναι.
2457 1663 2581 1716 ’Ότι
2606 1662 2665 1715 δὲ
2703 1660 2850 1715 τοῦθ’
2887 1659 3061 1724 οὕτως
3098 1659 3231 1730 ἔχει,
3278 1657 3437 1728 δῆλον
3476 1659 3567 1725 ἀφ’
3595 1649 3677 1709 ὧν

2096 1752 2297 1824 μονάδα
2346 1753 2441 1805 καὶ
2486 1752 2544 1805 ἓν
2586 1750 2767 1821 πολλῷ
2810 1749 3085 1822 διαφέρειν
3131 1750 3375 1821 ἀλλήλων
3402 1749 3525 1820 ἔφη.
3557 1748 3677 1820 Τὴν

409 1839 577 1894 dicat.
646 1839 919 1893 Unitatem
982 1842 1127 1896 enim
1194 1842 1250 1897 in
1314 1841 1382 1897 iis
1436 1855 1556 1898 esse
1608 1844 1823 1908 statuit,
1866 1858 1985 1912 quae

2097 1846 2189 1915 μὲν
2212 1846 2321 1914 γάρ
2343 1845 2545 1915 μονάδα
2569 1844 2679 1916 (48)
2710 1847 2770 1900 ἐν
2809 1846 2921 1907 τοῖς
2966 1844 3179 1915 νοητοῖς
3221 1839 3361 1897 εἶναι
3402 1842 3571 1910 λέγει,
3609 1842 3677 1895 τὸ

404 1940 590 1988 mente
619 1931 1019 2002 percipiuntur;
1044 1948 1207 1989 unum
1231 1945 1415 1990 autem
1447 1936 1500 1989 in
1541 1938 1801 1989 numeris.
1829 1934 1983 2002 Quod

405 2027 451 2080 si
483 2025 802 2097 Pythagora:
835 2027 902 2081 de
931 2028 1190 2097 singulari
1243 2028 1354 2083 Deo
1395 2029 1728 2083 sententiam
1779 2029 1982 2085 clarius

404 2120 717 2188 perspicere
758 2117 941 2182 vultis,
978 2119 1159 2173 audite
1200 2119 1314 2174 haec
1361 2118 1508 2173 illius
1538 2118 1739 2175 verba:
1773 2138 1791 2171 ‹
1842 2120 1984 2175 Deus

405 2224 546 2263 unus
570 2217 657 2265 est
683 2226 697 2263 :
727 2223 1066 2280 nequaquam
1098 2219 1306 2275 autem,
1349 2220 1407 2264 ut
1430 2212 1648 2281 quidam
1693 2214 1983 2281 suspican-

407 2312 519 2369 tur,
543 2312 699 2357 extra
749 2303 1032 2365 mundum,
1059 2304 1161 2373 21
1195 2304 1287 2358 sed
1324 2303 1376 2356 in
1412 2306 1529 2373 ipso
1561 2322 1574 2358 :
1607 2315 1751 2359 totus
1782 2307 1833 2360 in
1867 2316 1981 2362 toto

404 2394 611 2451 circulo
664 2396 954 2465 inepiciens
994 2411 1186 2450 omnes
1207 2396 1605 2465 generationes.
1636 2396 1982 2467 Tcmperatio

404 2498 491 2543 est
510 2488 751 2544 omnium
782 2488 1122 2551 saeculorum,
1166 2499 1220 2541 et
1261 2487 1443 2556 opifex
1483 2488 1739 2543 virtutum
1771 2498 1827 2543 et
1853 2503 1981 2557 ope-

406 2597 527 2637 rum
552 2596 793 2636 suorum.
826 2580 1159 2649 Principium
1196 2581 1459 2644 omnium,
1517 2580 1571 2636 in
1596 2580 1736 2635 caelo
1774 2580 1976 2646 lumen,

404 2683 461 2729 et
481 2672 717 2726 omnium
748 2672 925 2739 Pater,
954 2686 1106 2725 mens
1160 2682 1216 2727 et
1266 2674 1525 2730 animatio
1574 2674 1972 2737 universorum,

407 2764 735 2822 circulorum
762 2766 1003 2820 omnium
1036 2766 1224 2820 moue.
1259 2783 1279 2816 ι
1323 2766 1399 2820 Ita
1428 2766 1591 2837 igitur
1620 2766 1974 2836 Pythagoras.

476 2945 567 3002 20.
606 2944 767 3001 Plato
798 2954 983 3002 autem
1007 2945 1108 3002 etsi
1134 2944 1425 3015 probabat,
1456 2953 1517 2999 ut
1546 2944 1844 3001 verisimile
1872 2954 1976 3012 est,

408 3039 607 3111 Moysis
629 3048 684 3095 et
707 3039 935 3094 aliorum
968 3039 1355 3108 prophetarum
1385 3038 1453 3093 de
1495 3054 1607 3093 uno
1631 3048 1688 3092 et
1716 3036 1977 3109 singulari

406 3133 518 3187 Deo
545 3132 890 3195 sententiam,
916 3146 1079 3200 quam
1112 3131 1166 3185 iu
1194 3130 1430 3201 ASgypto
1462 3137 1817 3200 cognoverat,
1850 3144 1973 3185 cum

409 3234 592 3278 tamen
646 3223 862 3278 timeret
900 3222 971 3277 ob
1018 3237 1080 3276 ea
1125 3237 1244 3292 quat
1292 3221 1605 3277 acciderant
1643 3219 1882 3284 Socrati,
1913 3235 1981 3275 ne

406 3331 568 3384 quem
624 3315 737 3381 ipse
783 3317 1018 3384 Anytum
1065 3322 1159 3369 aut
1212 3312 1452 3369 Melitum
1486 3315 1536 3368 in
1566 3329 1625 3369 se
1657 3314 1980 3376 concitaret,

405 3411 584 3479 quise
632 3409 772 3477 apud
826 3408 1189 3463 Athenienses
1237 3416 1542 3471 accusaret,
1609 3421 1675 3461 ac
1720 3407 1980 3461 diceret:

407 3501 560 3557 Plato
596 3501 793 3570 injuste
821 3506 876 3554 et
904 3501 1119 3555 curiose
1152 3513 1209 3552 se
1235 3498 1394 3567 gerit,
1423 3514 1560 3567 quos
1592 3497 1786 3552 civitas
1822 3513 1986 3568 agno-

408 3593 512 3647 scit
542 3595 691 3660 deos,
727 3591 900 3647 nullos
933 3592 1047 3661 ipse
1075 3605 1298 3660 prorsus
1340 3604 1679 3660 agnoscens;
1724 3597 1870 3643 metu
1899 3588 1982 3643 ci-

408 3695 549 3741 cutae
576 3685 782 3739 variam
814 3685 1104 3754 quamdam
1141 3692 1195 3736 et
1226 3682 1536 3737 simulatam
1570 3681 1638 3735 de
1669 3681 1772 3735 diis
1799 3681 1985 3749 dispu-

413 3778 673 3830 tationem
703 3774 957 3838 insutuit,
983 3783 1038 3827 et
1068 3773 1306 3828 artiﬁcio
1344 3774 1575 3843 quodam
1606 3772 1982 3842 consequitur,

409 3878 469 3920 ut
492 3869 621 3921 deos
653 3880 772 3920 esse
798 3865 882 3920 his
913 3868 1005 3934 qui
1038 3864 1110 3919 ita
1143 3867 1408 3930 sentiunt,
1439 3864 1636 3933 quibus
1670 3873 1849 3919 autem
1894 3878 1984 3918 sc-

409 3969 507 4012 cus
539 3957 770 4020 videtur,
805 3956 981 4011 nullos
1014 3970 1136 4010 esse
1162 3955 1338 4016 dicat;
1372 3953 1423 4008 id
1449 3954 1592 4022 quod
1616 3954 1875 4023 perfacile
1904 3963 1990 4008 est

406 4063 473 4104 ex
522 4046 669 4104 illius
714 4047 874 4103 dictis
918 4061 1265 4117 cognoscere.
1300 4046 1590 4113 Postquam
1640 4047 1789 4099 enim
1826 4046 1984 4116 quid-

408 4140 541 4209 quid
593 4139 797 4193 l'actum
851 4148 956 4204 est,
992 4138 1223 4193 mortale
1268 4151 1388 4194 esse
1431 4138 1820 4207 pronuntiavit,
1854 4139 1987 4193 deos

412 4231 670 4302 deinceps
714 4230 888 4287 factos
937 4231 1106 4285 fuisse
1149 4232 1301 4286 dicit.
1341 4228 1509 4298 Igitur
1564 4230 1610 4283 si
1663 4231 1986 4299 principium

412 4324 651 4379 omnium
704 4325 870 4379 Deum
910 4334 965 4379 et
1002 4325 1281 4378 materiam
1312 4340 1434 4378 οδω
1473 4322 1620 4385 νυΙι,
1665 4323 1836 4393 liquet
1864 4339 1986 4378 Olll-

479 4480 595 4554 (ξι)
630 4477 733 4554 did
763 4479 1105 4554 argutiarum
1129 4475 1489 4554 Colhert.__6t&
1519 4473 1808 4554 συμϐόλου.

2082 1935 2216 1989 δὲὲν
2233 1939 2292 1989 ὲν
2320 1939 2433 1999 τοῖς
2476 1934 2751 2007 ἀριθμοῖς.
2800 1936 2864 1989 Ei
2906 1934 2965 1988 δὲ
3012 1934 3107 1988 καὶ
3154 1935 3491 2005 σαφεστέραν
3532 1935 3679 1989 ἀπό-

2081 2026 2389 2098 δειξινπερ).
2411 2026 2530 2092 ἐνὸς
2568 2026 2704 2083 Θεοῦ
2739 2026 2841 2096 τῆς
2883 2026 3204 2096 Πυθαγόρου
3254 2026 3412 2096 δόξης
3454 2024 3677 2079 ποθεῖτε

2083 2120 2306 2189 γνῶναι,
2347 2119 2615 2174 ἀκούσατε
2665 2119 2778 2190 (49)
2820 2118 2916 2172 καὶ
2947 2117 3047 2187 τῆς
3082 2115 3247 2171 αὐτοῦ
3297 2116 3475 2185 δόξης·
3524 2115 3679 2169 οὕτω

2083 2212 2192 2282 γάρ
2212 2211 2335 2282 ἔφη·
2376 2230 2395 2262 ι
2439 2210 2495 2264 Ὀ
2525 2212 2622 2282 μὲν
2646 2210 2778 2273 Θεὸς
2819 2205 2919 2273 εἷς·
2963 2209 3127 2274 αὐτὸς
3167 2211 3224 2264 δὲ
3266 2210 3365 2280 οὐχ
3408 2209 3483 2273 ῶς
3523 2227 3676 2273 τινες

2084 2302 2419 2371 ὑπονοοῦσιν,
2444 2305 2599 2369 ἐκτὸς
2624 2305 2722 2367 τᾶς
2749 2303 3137 2374 διακοσμήσιος
3160 2301 3295 2373 (50),
3311 2301 3425 2355 ἀλλ’
3446 2304 3505 2355 ὲν
3528 2302 3679 2372 αὑτᾷ

2084 2397 2356 2467 (5λ1),ὅλος
2382 2399 2439 2451 ὲν
2468 2398 2574 2467 ὅλῳ
2617 2396 2695 2468 τῷ
2741 2396 2927 2467 κύκλῳ
2985 2395 3300 2450 ἐπισκοπῶν
3348 2395 3525 2458 πάσας
3566 2394 3676 2458 τὰς

2081 2489 2330 2557 γενέσιάς
2346 2488 2456 2561 (52)
2492 2491 2626 2555 ἐστι,
2650 2489 2846 2559 κρᾶσις
2878 2486 2981 2540 ὲὼν
2997 2486 3113 2540 τῶν
3129 2486 3267 2540 ὅλων
3292 2484 3499 2539 αἰώνων
3529 2484 3673 2555 (55),

2082 2579 2177 2632 καὶ
2231 2579 2469 2650 ἐργάτας
2706 2578 2814 2632 τῶν
2863 2576 3027 2631 αὑτοῦ
3083 2576 3365 2647 δυνάμεων
3425 2575 3520 2629 καὶ¹
3581 2575 3676 2646 Ep-

2080 2687 2224 2739 γων·
2272 2672 2414 2742 ἀρχὰ
2441 2669 2692 2736 πάντων,
2746 2673 2804 2724 ἐν
2851 2669 3063 2741 οὐρανῷ
3113 2669 3359 2739 φωστὴρ,
3397 2668 3490 2721 καὶ
3530 2667 3672 2720 πάν-

2080 2780 2186 2816 των
2209 2763 2417 2834 Πατὴρ,
2446 2760 2572 2825 νοῦς
2597 2761 2690 2814 καὶ
2718 2761 2961 2832 ψύχωσις
2998 2759 3104 2814 τῶν
3131 2759 3295 2823 ὅλων,
3311 2757 3527 2811 κύκλων

2082 2857 2333 2910 ἁπάντων
2360 2856 2587 2918 κίνασις.
2636 2872 2655 2906 ι
2691 2854 2847 2908 Οὕτω
2879 2855 2976 2924 μὲν
3006 2851 3097 2907 οὖν
3127 2854 3156 2905 ό
3184 2852 3526 2923 Πυθαγόρας.

2155 2951 2247 3005 ‘20.
2289 2948 2516 3002 Πλάτων
2547 2947 2625 3011 δὲ,
2650 2946 3051 3017 ἀποδεξάμενος
3086 2945 3204 3017 μὲν,
3228 2945 3303 3007 ὡς
3336 2944 3529 3007 ἔοικεν,
3565 2944 3671 3016 τὴν

2081 3040 2209 3113 περὶ
2257 3040 2375 3105 ἐνὸς
2421 3040 2519 3094 καὶ
2556 3039 2717 3110 μόνου
2748 3038 2882 3091 Θεοῦ
2915 3038 3194 3101 Μωῦσέως
3226 3038 3321 3092 καὶ
3350 3036 3457 3090 τῶν
3489 3036 3671 3090 ἄλλων

2082 3132 2381 3206 προφητῶν
2441 3132 2812 3197 διδασκαλίαν,
2859 3132 2926 3203 ἣν
2970 3132 3028 3185 ὲν
3073 3130 3332 3201 Αἰγύπτῳ
3377 3129 3671 3201 γενόμενος

2085 3226 2243 3295 ἔγνω,
2274 3225 2363 3278 διά
2394 3225 2451 3278 δὲ
2482 3223 2549 3276 τὰ
2584 3222 2968 3294 συμϐεϐηκότα
3007 3223 3288 3295 Σωκράτει
3336 3220 3521 3284 δεδιὼς
3561 3221 3668 3291 μή·

2086 3338 2202 3384 πως
2233 3319 2328 3372 καὶ
2347 3318 2510 3382 αὐτὸς
2526 3317 2752 3370 ’Ἄνυτόν
2782 3317 2954 3388 τιναῆ
2983 3318 3075 3370 καὶ
3103 3317 3350 3387 Μέλητον
3380 3316 3513 3387 (55')
3539 3316 3666 3370 καθ’

2086 3411 2279 3465 ἑαυτοῦ
2326 3409 2581 3479 γενέσθαι
2638 3409 3034 3482 παρασκευάσῃ
3090 3409 3201 3480 (56)
3258 3409 3670 3480 κατηγοροῦντα

2086 3504 2251 3559 αὑτοῦ
2298 3504 2428 3574 παρ’
2476 3503 2777 3574 Ἀθηναίοις
2820 3503 2912 3555 καὶ
2944 3502 3190 3571 λέγοντα’
3234 3503 3459 3556 Πλάτων
3487 3501 3670 3555 ἀδικεῖ

2087 3594 2181 3646 καὶ
2216 3591 2657 3666 περιεργάζεται,
2693 3593 2845 3658 θεοὺς
2875 3592 2969 3656 οὒς
3004 3595 3038 3665 ἡ
3064 3592 3217 3657 πόλις
3244 3592 3453 3664 νομίζει
3484 3593 3545 3645 οὐ
3578 3609 3669 3644 νο-

2090 3683 2299 3757 μίζων·
2335 3686 2486 3756 φόϐῳ
2536 3686 2629 3739 τοῦ
2675 3685 2900 3741 κωνείου
2930 3684 3043 3756 (57)
3094 3684 3335 3738 ποικίλον
3398 3683 3520 3737 τινὰ
3572 3701 3671 3737 και

2087 3777 2559 3849 ἐσχηματισμένον
2591 3776 2683 3830 τὸν
2718 3776 2844 3850 περὶ
2877 3776 3014 3831 θεῶν
3046 3775 3314 3847 γυμνάζει
3333 3775 3509 3844 λόγον,
3527 3771 3670 3829 εἶναί

2086 3888 2145 3924 τε
2204 3871 2359 3933 θεοὺς
2388 3872 2497 3933 τοῖς
2531 3869 2889 3942 βουλομένοις,
2910 3868 3002 3922 καὶ
3035 3868 3109 3939 μὴ
3135 3864 3273 3921 εἶναι
3299 3862 3379 3931 οἷς
3408 3868 3672 3922 τάναντία

2087 3960 2253 4024 δοκεῖ,
2288 3959 2366 4030 τῷ
2400 3959 2543 4030 λόγῳ
2576 3959 3020 4023 κατασκευάζων,
3052 3958 3130 4022 ὡς
3163 3958 3316 4011 ἔσται
3360 3959 3539 4030 ῥᾴδιον
3570 3959 3669 4011 ἀπ’

2089 4052 2267 4104 αὐτῶν
2298 4052 2408 4104 τῶν
2448 4051 2537 4105 ὑπ’
2561 4050 2731 4105 αὑτοῦ
2756 4051 3053 4122 λεχθέντων
3080 4050 3300 4120 γνῶναι.
3337 4052 3452 4104 Πᾶν
3477 4050 3585 4122 γὰρ
3606 4052 3671 4106 τὸ

2089 4144 2378 4215 γενόμενον
2426 4143 2617 4214 θνητὸν
2666 4144 3190 4215 προαποφηνάμενος
3235 4138 3394 4209 εῖναι,
3440 4141 3670 4213 ὕστερον

2092 4236 2247 4299 θεοὺς
2292 4234 2617 4306 γεγενῆσθαι
2658 4235 2823 4303 λέγει.
2877 4236 2941 4287 El
2974 4235 3152 4287 τοίνυν
3196 4233 3368 4304 ἀρχὴν
3413 4233 3672 4286 ἁπάντων

2093 4328 2183 4381 τὸν
2217 4328 2350 4382 Θεὸν
2382 4329 2480 4381 καὶ
2512 4328 2611 4399 τὴν
2644 4327 2774 4397 ὓλην
2806 4323 2943 4380 εἷναι
2973 4324 3239 4396 βούλεται,
3273 4325 3427 4395 δῆλον
3451 4326 3531 4378 ὅτι
3555 4324 3670 4396 (58)

2094 4486 2247 4541 deest
2293 4484 2425 4538 illud
2456 4484 2517 4537 ἓν
2548 4483 2692 4553 apud
2736 4483 2906 4541 Clem.
2938 4491 2994 4535 et
3017 4481 3202 4552 Cyrill.
3237 4481 3416 4547 Quare
3461 4495 3672 4553 expuu-

479 4481 570 4554 (47
631 4481 733 4532 Διὰ
763 4481 1105 4547 συμϐόλων.
1129 4481 1369 4531 Colbert.
1399 4481 1489 4528 διὰ
1519 4481 1808 4544 συμϐόλου.

417 4564 420 4567 ‘
481 4481 595 4623 (48;
624 4550 742 4624 Τὴν
918 4550 1037 4624 γὰρ.
1072 4544 1325 4617 μονάδα.
1552 4546 1771 4624 totidem
1796 4542 1985 4624 verbis

2097 4486 2247 4541 deest
2293 4484 2425 4538 illud
2456 4484 2517 4537 ἓν
2548 4483 2692 4553 apud
2736 4483 2906 4541 Clem.
2938 4491 2994 4535 et
3017 4481 3202 4552 Cyrill.
3237 4481 3416 4547 Quare
3461 4495 3669 4548 expuu-

2097 4571 2225 4624 gere
2251 4571 2355 4624 non
2385 4555 2660 4619 dubitavi;
2692 4568 2813 4609 cum
2843 4558 3140 4620 praisertim
3181 4558 3444 4624 repugnet
3474 4550 3669 4605 obser-

409 4615 667 4691 leg'uu'tur
691 4615 744 4673 in
767 4615 895 4672 VVita
922 4615 1239 4691 Pytltagot'ic
1265 4615 1989 4691 υνιιιίΡΙιοιίυιιιροάηῖίιε).

480 4684 592 4762 (49)
642 4684 979 4762 Ἀκούσατεξ
1011 4684 1146 4762 licg.
1184 4689 1224 4762 _5
1276 4699 1346 4762 et
1379 4687 1622 4762 Clarum.
1679 4684 1994 4762 _'Atcodaot'cs

407 4756 613 4831 ταῦτην
632 4778 645 4791 ο
674 4759 836 4831 οὕτω,
871 4768 978 4813 etc.
1008 4756 1288 4831 Sic—etiarn
1318 4760 1383 4813 ιι.
1413 4758 1495 4831 St.
1516 4758 1582 4809 ad
1608 4756 1835 4831 calcent.

481 4824 592 4903 (50)
636 4829 1224 4903 Ταςᾼδιακοσμήσιρς.
1255 4829 1345 4883 Sic
1393 4827 1594 4903 habent
1621 4826 1808 4903 pyri”.
1836 4824 1997 4903 Ale_x.

412 4921 454 4964 I.
483 4895 598 4959 Jul.
629 4918 682 4971 p.
711 4901 801 4962 50,
830 4911 886 4954 et
916 4895 1085 4971 glcm.
1127 4901 1343 4971 Cohort.
1396 4914 1450 4966 p.
1492 4896 1597 4971 4⁵7ὲ
1626 4895 1850 4971 μάκαρι*
1886 4895 1996 4971 τῆς

409 4965 896 5043 διακοσμήσεως-ἱππ
922 4968 1057 5041 Reg.
1079 4970 1136 5037 2,
1155 4984 1207 5024 et
1226 4965 1465 5024 tilaiom.
1482 4977 1537 5022 et
1558 4965 1734 5031 Colb.;
1752 4966 1851 5035 τῆς
1880 4966 1998 5019 δια-

414 5041 709 5118 mopse:th
734 5044 784 5095 in
815 5041 947 5118 Reg.
973 5056 1010 5118 ι.

485 5106 598 5183 (51)
654 5114 749 5165 'Er
780 5106 953 5177 αὑτᾷ.
998 5111 1091 5165 Sic
1120 5110 1373 5165 Clemens
1407 5109 1571 5183 Alex1
1607 5106 1991 5183 ineliusquam

417 5176 590 5238 nostri
623 5184 840 5237 codices
875 5176 1005 5235 mss.
1038 5194 1090 5235 et
1117 5183 1247 5235 editi
1292 5184 1349 5233 ὲν
1403 5176 1604 5247 ἑαυτῷ.
1651 5177 1887 5246 Cyrillus
1930 5178 1991 5228 ὲν

454 5254 582 5308 ὐτῶ.

414 5270 601 5394 αυῖἓέ)
640 5322 850 5388 Πάσας
880 5320 994 5394 τὰς
1026 5320 1319 5390 γενέσιας.
1368 5320 1604 5389 Cyrillus
1633 5318 1843 5386 γενεάς.
1871 5319 1993 5374 Cle-

416 5392 569 5449 mens
600 5394 895 5455 ὲπίσκοπος
930 5392 1109 5453 πάσας
1141 5394 1401 5458 γενέσιος.

488 5463 601 5533 (53)
640 5462 868 5531 Κρᾶσις
892 5461 1009 5515 ἐὼν
1039 5461 1154 5512 τῶν
1179 5459 1605 5533 ὄλωνμὶώνῳγ.
1630 5460 1827 5533 pyrii].
1856 5462 1991 5528 κρᾶ-

416 5530 505 5598 σις
533 5534 625 5589 ὡν.
678 5530 927 5586 Cletncus
956 5534 1152 5601 κρᾶσις
1184 5532 1292 5584 τῶν
1312 5532 1447 5585 ὅλων
1480 5531 1588 5582 αἰεὶ
1619 5530 1713 5583 ὢν.
1746 5533 1987 5584 Clarum.

416 5607 613 5673 κρᾶσις
639 5602 772 5656 αἰὼν
803 5602 909 5655 τῶν
941 5602 1076 5654 ὅλων
1104 5602 1334 5655 αἰώνων.
1359 5603 1509 5655 Colb.
1537 5612 1590 5654 et
1613 5601 1746 5671 ltcg.
1774 5601 1828 5666 2,
1855 5603 1991 5671 κρᾶ-

419 5691 503 5738 σις
537 5674 693 5726 ἐτῶν.

489 5746 602 5811 (54)
644 5743 749 5796 Καὶ
781 5742 1050 5811 ἐργάτας.
1092 5740 1327 5810 Cyrillus
1357 5758 1454 5811 pro
1500 5742 1584 5797 his
1632 5744 1855 5797 vocibus
1894 5744 1988 5796 lna-

416 5817 506 5874 het
544 5815 636 5870 καὶ
672 5813 800 5884 φῶς.
856 5816 975 5868 Mox
1027 5813 1157 5868 edit.
1206 5811 1263 5865 ἓν
1292 5814 1349 5867 ὲν
1383 5812 1613 5884 οὺτανῷ.
1655 5816 1762 5871 Sed
1798 5815 1992 5871 melius

2098 4621 2299 4748 gatiqni
2325 4623 2668 4748 Pythagorae,
2693 4624 2785 4693 qui
2815 4624 2983 4678 Deum
3005 4637 3128 4678 esse
3155 4621 3377 4693 μονάδα,
3409 4635 3518 4675 non
3540 4636 3673 4677 vero

2128 4712 2177 4748 ν.
2211 4714 2227 4747 (
2250 4710 2329 4748 tce
2369 4704 2447 4748 at.

2128 4712 2177 4756 ν,
2211 4697 2447 4750 dicebat.

2169 4766 2281 4834 (55)
2320 4767 2589 4819 Κύκλων.
2633 4765 2791 4819 Deest
2841 4763 2893 4817 iu
2938 4766 3069 4831 Reg.
3110 4763 3133 4816 l
3167 4772 3221 4815 et
3250 4762 3307 4825 2,
3338 4772 3391 4834 et
3422 4762 3487 4834 ad
3519 4774 3670 4834 mar-

2097 4830 2274 4901 ginem
2302 4846 2507 4889 tantum
2538 4837 2753 4904 legitur.
2779 4830 3109 4890 Clcitieuset
3139 4835 3290 4888 Colb.
3321 4831 3399 4902 τῷ
3430 4831 3537 4902 ὅλῳ
3571 4830 3672 4885 κύ-

2098 4906 2227 4959 κλω.
2262 4905 2410 4959 Meus
2449 4918 2495 4958 et
2533 4907 2788 4958 animalia
2815 4906 3053 4957 universo
3083 4903 3300 4955 circulo.

2098 4918 2227 4960 κλω.
2262 4918 2410 4959 Meus
2449 4918 2495 4958 et
2533 4918 2788 4958 αηιηιαιιο
2815 4920 3053 4957 universo
3083 4918 3300 4955 εινειιιο.

2167 4924 2227 4976 ῳ.
2262 4923 2410 4959 meus
2449 4923 2495 4958 et
2533 4923 2788 4958 mtimauo
2815 4923 3053 4957 universo
3083 4923 3300 4955 crrcuw.

2167 4976 2304 5045 (55⁸)
2342 4974 2637 5043 Μέλητον.
2684 4974 2832 5029 Hanc
2861 4974 3019 5027 codd.
3055 4974 3185 5041 Reg.
3219 4975 3269 5033 1,
3297 4973 3350 5033 2,
3378 4972 3431 5026 4.
3458 4972 3671 5045 Argen-
3690 4986 3705 4997 ·

2099 5041 2201 5101 tor.
2236 5041 2294 5101 et
2319 5063 2419 5100 tus.
2449 5041 2559 5099 Pici
2587 5046 2852 5099 ﬁrmatam
2878 5046 3205 5110 scripturam
3241 5043 3523 5108 revocavi;
3550 5041 3670 5095 vul-

2095 5125 2215 5183 gata
2241 5116 2385 5168 enim
2415 5117 2649 5169 Μέλιτον
2680 5116 2903 5168 debetur
2932 5115 3240 5168 iotacisuto.
3266 5112 3443 5168 Orro.

2168 5186 2281 5255 (56)
2319 5183 2781 5254 Παρασκευάσῃ.
2821 5185 3055 5255 Clarum.
3089 5184 3547 5255 παρασκευάσειε.

2169 5253 2279 5324 (57)
2320 5257 2483 5320 Φόϐῳ
2503 5257 2608 5310 τοῦ
2636 5256 2904 5308 κωνείου.
2948 5253 3064 5306 Non
3090 5255 3237 5307 solus
3258 5253 3506 5307 Justinus
3529 5255 3671 5307 hanc

2098 5325 2335 5380 Platonis
2366 5328 2675 5379 observavnt
2726 5325 3235 5379 αιδδίιιιιιίδιίοιιριιι.
3285 5325 3429 5377 idem
3471 5325 3536 5378 de
3573 5325 3665 5377 illo

2087 5395 2350 5459 judicium
2383 5397 2619 5449 tulerunt
2646 5397 3027 5464 Athenagoras
3063 5396 3242 5461 A901,,
3281 5410 3336 5445 ιι.
3366 5393 3457 5457 22,
3502 5394 3672 5446 Euse-

2098 5467 2215 5520 bius
2247 5465 2447 5533 Prtep.,
2477 5466 2514 5521 l.
2551 5484 2610 5532 ll,
2636 5483 2684 5521 ο.
2717 5466 2750 5519 6
2778 5478 2829 5520 et
2865 5464 3134 5533 7,‘Cyrill.
3166 5479 3203 5527 ι,
3237 5466 3375 5529 Jul.,
3422 5481 3541 5532 pug.
3578 5464 3666 5520 '54.

2095 5537 2472 5590 ’ὶἸιροιῘοι-θιυε
2503 5537 2595 5591 lib.
2631 5552 2714 5599 Ill,
2748 5537 2883 5588 Adv.
2910 5534 3145 5598 (ἔνατος,
3181 5550 3301 5604 pag.
3328 5535 3433 5587 512
3461 5546 3515 5589 et
3540 5534 3666 5589 519.

2096 5608 2155 5659 5.
2197 5606 2532 5675 Augustinus
2569 5608 2723 5660 initio
2756 5608 2876 5659 libri
2908 5605 2983 5657 De
3008 5620 3129 5675 vera
3162 5605 3430 5675 religione.

2163 5673 2515 5747 (58)“Δῆ.ῑον
2538 5676 2647 5728 ὅτι.
2690 5678 2925 5733 Colhcrt.
2955 5684 3006 5729 ct
3039 5673 3167 5743 lieg.
3188 5674 3222 5726 ‘3
3252 5674 3509 5744 δηλονότι,
3546 5676 3666 5732 Mox

2094 5748 2233 5804 idem
2261 5748 2415 5803 Colb.
2450 5747 2617 5816 λέγει.
