3948 6256
325 360 417 413 ιη

1420 368 1427 375 ·
1497 348 1945 408 COIlORTATlO
1981 350 2072 405 AD
2106 349 2427 406 GRAECOS.

3485 344 3591 399 278

327 480 527 547 ἀνάγκη
557 476 704 529 πᾶσα
728 473 788 541 ἒξ
812 471 943 543 ’ὕλης
978 471 1112 537 τοὺς
1154 474 1316 538 θεοὺς
1346 474 1669 544 γεγενῆσθαι
1700 474 1879 542 λέγειν

2020 474 2145 527 ηἰηο
2180 473 2549 527 necessarium
2583 485 2725 535 esse,
2755 477 2811 524 ut
2855 484 2919 524 ex
2972 467 3196 523 materia
3240 469 3369 523 deos
3420 465 3592 522 iactos

330 579 374 628 si
392 575 444 627 ἃ
461 571 518 635 ἕξ
537 570 690 640 ὕλης,
728 567 787 634 ἐξ
816 564 885 639 ἧς
914 567 1012 620 καὶ
1035 567 1099 620 τὸ
1128 568 1303 621 κακὸν
1322 566 1607 639 ὡρμῆσθαι
1628 566 1749 637 ἔφη,
1773 568 1916 630 οἵους

330 664 458 721 εἶναι
504 667 626 727 τοὺς
676 663 839 724 θεοὺς
888 661 1017 725 τοὺς
1069 660 1133 728 ἐξ
1192 661 1324 730 ὕλης
1354 661 1675 731 γενομένους
1708 661 1913 712 οἴεσθαι

328 759 603 830 προσήκει,
623 758 737 817 τοίς
766 751 1096 822 εὐφρονοῦσι
1124 754 1340 825 παρῆκε
1372 754 1611 807 σκοπεῖν.
1633 751 1731 805 Διά
1760 752 1915 804 τοῦτο

326 849 430 918 γὰρ
459 848 549 900 καὶ
564 846 869 915 ἀγέννητον
883 844 983 913 τὴν
1007 843 1144 914 ὓλην
1165 843 1363 915 ἔφησεν
1390 840 1547 905 εἶναι,
1573 844 1660 896 ἴνα
1687 843 1761 913 μὴ
1787 842 1914 914 δόξῃ

322 942 409 994 τὸν
446 940 575 992 Θεὸν
606 937 702 990 τοῦ
739 936 917 990 κακοῦ
954 936 1188 1007 ποιητὴν
1230 932 1365 989 εἶναι
1406 936 1606 1004 λέγειν.
1643 935 1754 988 Καὶ
1787 935 1914 1005 περὶ

321 1034 416 1100 μὲν
463 1030 570 1083 τῶν
617 1029 731 1082 ὑπὸ
765 1028 864 1081 τοῦ
896 1026 1036 1079 Θεοῦ
1078 1027 1191 1097 (59)
1236 1025 1743 1098 δημιουργηθέντων
1776 1025 1914 1079 θεῶν

312 1121 461 1175 ταῦτ’
484 1118 731 1191 εἰρηκὼς
759 1119 1038 1188 φαίνεται·
1069 1118 1224 1172 «Θεοὶ
1257 1118 1392 1173 θεῶν
1412 1112 1486 1175 ὧν
1511 1116 1621 1187 ἐγὼ
1651 1117 1913 1188 δημιουρ-

311 1216 423 1284 γός.
453 1233 472 1265 ι
498 1214 638 1284 Περὶ
670 1214 733 1265 δὲ
760 1211 861 1266 τοῦ
892 1212 1064 1274 ὅντως
1091 1211 1243 1275 δντος
1273 1209 1408 1265 Θεοῦ
1439 1210 1536 1281 τὴν
1567 1208 1731 1281 ὀρθὴν
1771 1209 1911 1279 ἔχων

306 1308 557 1374 φαίνεται
587 1304 781 1370 δόξαν.
801 1300 1089 1372 ’Δκηκοὼς
1120 1299 1231 1372 γὰρ
1265 1302 1325 1354 ἐν
1350 1299 1613 1370 Αἰγύπτῳ
1649 1298 1741 1352 τὸν
1778 1299 1910 1352 Θεὸν

302 1397 386 1467 τῷ
407 1398 616 1466 Mutis?)
649 1391 1131 1465 eimxévat,‘Ertb
1152 1394 1269 1461 ειμι
1295 1394 1328 1444 ὀ
1358 1389 1462 1454 ὢν,
1493 1390 1731 1461 ὁπηνίκα
1773 1388 1911 1459 πρὸς

301 1491 431 1553 τοὺς
476 1488 780 1560 Ἑϐραίους
813 1487 983 1540 αὐτὸν
1013 1485 1359 1540 ἀποστέλλειν
1384 1482 1624 1554 ἔμελλεν,
1658 1484 1800 1551 ἔγνω
1826 1484 1908 1536 ὃτι

299 1584 361 1637 οὐ
392 1585 582 1652 ιώριον
604 1582 797 1651 ὄνομα
828 1578 1026 1633 ἑαυτοῦ
1050 1581 1077 1632 ὁ
1109 1579 1242 1642 Θεὸς
1263 1578 1398 1649 πρὸς
1429 1576 1590 1631 αὑτὸν
1622 1574 1748 1646 ἔφη.

365 1677 454 1730 2L
496 1674 675 1727 οὐδὲν
702 1673 827 1742 γάρ
864 1672 1039 1743 ὄνομα
1060 1672 1153 1724 ἐπὶ
1181 1670 1314 1724 Θεοῦ
1349 1667 1778 1741 κυριολογείσθαι
1811 1667 1907 1721 δυ-

294 1768 486 1821 νατόν’
528 1765 603 1818 τὰ
650 1764 776 1837 γάρ
819 1764 1067 1835 ὀνόματα
1096 1764 1176 1826 εἰς
1212 1762 1442 1833 δήλωσιν
1477 1761 1571 1815 καὶ
1611 1760 1903 1827 διάγνωσιν

2019 568 2181 623 dicat.
2221 566 2374 633 Quod
2403 567 2447 619 si
2482 564 2611 618 facti
2642 579 2707 619 ex
2745 564 2995 626 materia,
3024 579 3085 617 ex
3127 577 3228 632 qua
3263 561 3463 616 malum
3495 576 3587 616 or-

2020 668 2133 709 tum
2163 672 2282 711 esse
2319 657 2489 719 dixit,
2527 654 2716 721 quales
2754 654 3099 707 existimandi
3132 654 3243 707 sint
3271 653 3343 706 dii
3373 667 3438 706 ex
3468 668 3583 706 ma-

2019 750 2151 802 teria
2194 748 2347 810 facti,
2374 748 2523 801 sanis
2556 746 2830 801 mentibus
2860 744 3309 800 considerandum
3348 744 3585 812 reliquit.

1996 839 2149 893 Nam
2184 840 2385 894 idcirco
2417 837 2704 893 materiam
2748 839 2919 906 ipsam
2952 837 3250 892 increatam
3278 851 3399 892 esse
3425 836 3587 903 dixit,

2017 952 2084 990 ne
2135 936 2300 989 Deum
2350 933 2473 989 tnali
2518 934 2851 989 conditorem
2880 933 3061 987 dicere
3087 931 3382 987 videretur.
3411 932 3490 985 Ac
3523 933 3590 988 do

2015 1029 2119 1083 diis
2149 1028 2361 1097 quidem
2392 1042 2421 1079 a
2455 1025 2565 1081 Deo
2592 1024 2825 1081 conditis
2852 1025 2967 1079 haec
2996 1025 3064 1079 ab
3103 1038 3170 1079 eo
3206 1024 3345 1079 dicta
3378 1037 3498 1077 esse
3522 1023 3585 1075 li-

2015 1129 2185 1190 quet:
2221 1138 2241 1171 ι
2272 1120 2351 1174 Dii
2384 1120 2631 1184 deorum,
2660 1133 2889 1187 quorum
2944 1132 3046 1189 ego
3094 1133 3215 1173 sum
3259 1116 3527 1171 conditor.
3562 1136 3581 1168 ι

2015 1215 2092 1268 De
2121 1230 2186 1269 eo
2214 1223 2415 1276 autem,
2446 1212 2538 1282 qui
2569 1224 2695 1267 vere
2720 1219 2827 1277 est,
2858 1211 2968 1265 Deo
2994 1218 3198 1266 rectam
3243 1211 3459 1264 videtur
3489 1210 3587 1262 ha-

2013 1307 2145 1363 bere
2196 1305 2546 1360 sententiam.
2600 1300 2739 1357 Nam
2790 1318 2913 1357 eum
2965 1303 3208 1357 audisset
3248 1302 3301 1355 in
3353 1301 3586 1371 Egypto

2015 1398 2184 1453 Deum
2222 1398 2424 1453 dixisse
2455 1396 2646 1468 Moysi,
2683 1411 2804 1449 cum
2838 1410 2959 1449 eum
2992 1396 3057 1449 ad
3093 1394 3348 1449 Hebraeos
3382 1394 3584 1447 missu-

2012 1506 2106 1545 rus
2133 1500 2302 1554 esset,
2330 1487 2444 1558 Ego
2482 1504 2598 1541 sum
2647 1489 2903 1541 assistens
2954 1486 3068 1551 ille,
3096 1485 3373 1541 intellexit
3414 1486 3583 1540 Deum

2014 1596 2353 1651 nequaquam
2384 1596 2539 1636 suum
2581 1580 2653 1633 illi
2685 1580 2962 1649 proprium
2991 1594 3189 1634 nomen
3220 1579 3439 1633 dixisse.

2080 1675 2169 1730 21.
2212 1674 2368 1729 Nullo
2418 1674 2563 1729 enim
2613 1673 2835 1742 proprio
2888 1672 3106 1725 nomine
3156 1673 3298 1727 Deus
3326 1670 3584 1741 appellari

2011 1776 2227 1837 potest;
2259 1775 2386 1822 sunt
2434 1766 2634 1836 quippe
2684 1765 2901 1820 nomina
2944 1764 3012 1819 ad
3059 1765 3485 1835 designationem
3531 1774 3588 1818 et

292 1861 397 1913 τῶν
445 1860 859 1930 ὑποκειμένων
921 1860 1098 1911 κεῖται
1142 1855 1499 1927 πραγμάτων,
1555 1852 1764 1905 πολλῶν
1812 1852 1896 1905 καῖ

2010 1858 2419 1914 distinctionem
2448 1856 2818 1924 subiectarum
2858 1872 3061 1924 rerum,
3094 1872 3215 1924 quze
3240 1864 3297 1911 et
3322 1855 3503 1911 multa:
3530 1865 3585 1909 et

286 1953 558 2025 διαφόρων
588 1954 783 2005 ὄντων
806 1970 820 1982 ·
849 1951 976 2022 Θεῷ
1005 1951 1062 2003 δὲ
1095 1948 1218 2002 οὔτε
1249 1951 1278 2001 ὁ
1302 1946 1467 2010 τιθεὶς
1498 1946 1667 2016 ὄνομα
1693 1948 1907 2015 προῦπ-

294 2039 483 2110 ἧρχεν,
532 2038 671 2094 οὔτε
724 2039 906 2103 αὐτὸς
943 2039 1134 2093 ἑαυτὸν
1160 2033 1443 2107 ὀνομάζειν
1472 2034 1625 2105 ᾠήθη
1656 2034 1787 2097 δεῖν,
1827 2028 1909 2097 εἷς

284 2134 375 2185 καὶ
410 2132 577 2202 μόνος
614 2132 930 2202 ὑπάρχων,
968 2132 1044 2194 ὡς
1072 2130 1167 2183 καὶ
1196 2129 1358 2191 αὐτὸς
1389 2127 1497 2199 (60)
1526 2127 1616 2182 διά
1649 2127 1756 2181 τῶν
1788 2129 1909 2181 ἑαυ-

283 2222 375 2276 τοῦ
411 2222 730 2293 προφητῶν
776 2225 1059 2292 μαρτυρεῖ
1087 2221 1279 2289 λέγων,
1298 2220 1435 2290 Ἐγὼ
1466 2220 1610 2285 Θεὸς
1642 2219 1871 2287 πρῶτος
1890 2238 1903 2251 ’

282 2316 375 2368 καὶ
416 2315 558 2385 μετά
592 2314 788 2368 ταῦτα
825 2314 965 2384 (61)·
1002 2313 1111 2367 Καὶ
1139 2312 1305 2381 πλὴν
1343 2312 1489 2381 ἐμοῦ
1524 2311 1668 2377 Θεὸς
1708 2311 1909 2379 ἕτερος

286 2410 392 2460 οὐκ
428 2408 589 2461 ἐστι.
624 2408 741 2461 Διά
797 2405 965 2459 τοῦτο
994 2405 1193 2468 τοίνυν,
1218 2404 1292 2467 ὡς
1325 2404 1418 2456 καὶ
1448 2406 1712 2477 πρότερον
1748 2403 1904 2475 ἔφην,

286 2502 401 2555 οὐδὲ
445 2500 733 2572 ὀνόματός
785 2516 941 2561 τινος
973 2501 1003 2552 ὁ
1035 2497 1190 2559 Θεὸς,
1219 2496 1557 2550 ἀποστέλλων
1603 2497 1741 2568 πρὸς
1782 2498 1907 2561 τοὺς

302 2594 583 2663 'Eﬁpaiou;
599 2594 701 2646 τὸν
721 2593 1000 2654 Μωῦσέα,
1023 2591 1313 2663 μέμνηται,
1336 2590 1470 2644 ἀλλά
1488 2590 1578 2644 διά
1606 2608 1749 2653 τινος
1779 2607 1907 2660 μετ-

294 2686 415 2753 οχῆς
443 2685 544 2738 ἕνα
578 2685 683 2737 καὶ
738 2685 911 2755 μόνον
951 2683 1085 2736 Θεὸν
1109 2682 1302 2734 ἑαυτὸν
1321 2682 1432 2752 (6‘2)
1463 2678 1601 2735 εἶναι
1630 2682 1905 2752 μυστικῶς

298 2777 546 2830 διδάσκει.
565 2776 725 2847 Ἐγὼ
742 2777 885 2845 γὰρ,
905 2775 1093 2846 φησὶν,
1108 2775 1223 2842 εὶμί
1246 2779 1277 2828 ό
1296 2773 1381 2827 ὢν
1396 2774 1525 2844 (65)·
1545 2775 1903 2828 ἀντιδιαστέλ-

300 2870 398 2922 hin
425 2870 645 2932 ἑαυτὸν,
677 2869 942 2937 δηλονότι
971 2870 999 2921 ὁ
1027 2867 1124 2933 ὢν,
1154 2872 1262 2932 τοῖς
1294 2867 1367 2939 μὴ
1396 2862 1566 2931 οὖσιν,
1589 2868 1675 2919 ἵνα
1699 2868 1905 2936 γνῶσιν

305 2960 351 3011 οἱ
390 2960 658 3030 πρότερον
710 2958 1117 3027 ἀπατηθέντες,
1155 2959 1236 3010 ὅτι
1267 2958 1389 3027 οὐχὶ
1416 2960 1526 3022 τοῖς
1557 2953 1726 3023 οὖσιν,
1770 2958 1904 3013 ἀλλά

308 3054 409 3115 τοῖς
442 3054 517 3124 μὴ
546 3049 609 3106 οὗ
620 3071 674 3106 σι
710 3052 1043 3123 προσέσχον.
1064 3036 1215 3103 Ἐπεὶ
1238 3052 1413 3104 τοίνυν
1432 3052 1461 3104 ὁ
1486 3052 1617 3115 Θεὸς
1643 3052 1907 3121 ἠπίστατο

308 3147 421 3208 τοὺς
448 3145 713 3216 πρώτους
743 3144 1075 3214 ἀνθρώπους
1100 3143 1211 3214 (64)
1237 3144 1335 3214 τῆς
1364 3144 1595 3209 παλαιᾶς
1626 3146 1733 3199 τῶν
1770 3164 1902 3218 προ-

2009 1950 2175 2004 Varia:
2217 1958 2363 2013 sunt,
2396 1950 2642 2005 instituta
2675 1968 2689 2005 :
2726 1959 2779 2004 at
2812 1964 2972 2005 nemo
3000 1950 3320 2019 praeexstitit
3349 1949 3439 2018 qui
3471 1948 3585 2003 Deo

2012 2058 2203 2097 nomen
2250 2044 2577 2111 imponeret,
2626 2051 2735 2097 nec'
2770 2057 2830 2097 se
2864 2042 2983 2113 ipse
3032 2042 3421 2096 nominandum
3465 2055 3586 2096 esse

2008 2135 2186 2200 duxit,
2214 2150 2334 2189 cum
2358 2150 2497 2189 unus
2517 2144 2571 2189 et
2592 2136 2737 2191 solus
2759 2136 2850 2201 sit,
2882 2136 3333 2206 quemadmodum
3371 2144 3427 2190 et
3473 2136 3587 2204 ipse

2008 2242 2107 2296 per
2161 2242 2286 2281 suos
2330 2230 2627 2297 prophetas
2676 2236 2927 2291 testatur,
2965 2240 3088 2281 cum
3136 2228 3256 2281 ait:
3290 2224 3399 2297 Ego
3442 2225 3583 2281 Deus

2008 2317 2230 2383 primus.
2255 2316 2319 2370 Et
2342 2326 2525 2386 postea
2547 2333 2562 2371 :
2584 2315 2650 2368 Et
2674 2325 2864 2385 prwter
2886 2331 2967 2369 me
2997 2312 3134 2368 Deus
3156 2314 3295 2368 alius
3327 2332 3427 2367 non
3449 2324 3521 2366 est
3536 2316 3578 2367 ⁸.

2008 2408 2302 2477 Propterea
2328 2408 2513 2478 igitur,
2535 2417 2594 2461 ut
2615 2407 2726 2476 jam
2762 2407 3104 2469 dixi,nullius
3129 2406 3364 2460 nominis
3394 2407 3585 2460 memi-

2008 2499 2089 2552 nit
2115 2498 2275 2564 Deus,
2304 2515 2430 2553 cum
2480 2497 2714 2568 Moysem
2768 2498 2834 2552 ad
2888 2497 3144 2552 Hebraeos
3191 2497 3452 2560 mitteret,
3488 2496 3583 2550 sed

1990 2582 2103 2660 per
2130 2593 2400 2661 quoddam
2446 2591 2812 2661 participium,
2848 2606 3013 2643 unum
3054 2600 3109 2644 et
3156 2590 3334 2644 solum
3373 2604 3433 2645 se
3463 2603 3585 2644 esse

2007 2685 2177 2741 Deum
2203 2700 2404 2740 arcane
2433 2686 2605 2740 docet.
2631 2684 2743 2753 Ego
2770 2685 2930 2749 enim,
2957 2683 3154 2751 inquit,
3185 2699 3302 2737 sum
3328 2683 3583 2737 exsistens

2005 2778 2118 2843 ille,
2150 2792 2207 2833 se
2231 2777 2407 2845 ipsum
2449 2778 2799 2833 exsistenlem
2830 2791 2935 2831 non
2982 2776 3376 2832 exsistentibus
3409 2791 3581 2845 oppo-

2008 2887 2164 2936 nens,
2198 2880 2258 2925 ut
2288 2872 2378 2940 qui
2416 2872 2566 2939 prius
2596 2867 2807 2937 decepti
2852 2868 3019 2931 luere,
3060 2883 3165 2921 non
3196 2867 3263 2922 iis
3294 2867 3387 2938 qui
3430 2868 3581 2922 exsi-

2006 2974 2175 3029 stunt,
2210 2964 2302 3019 sed
2339 2965 2403 3017 iis
2432 2966 2523 3034 qui
2564 2978 2668 3017 non
2697 2962 2973 3017 exsistunt
3003 2961 3302 3017 adhaesisse
3330 2976 3389 3016 se
3420 2960 3583 3015 intel-

2006 3055 2199 3123 ligant.
2248 3054 2354 3123 22
2399 3054 2676 3123 Siquidem
2711 3070 2832 3108 cum
2867 3054 3009 3107 Dens
3055 3053 3220 3106 sciret
3248 3051 3453 3120 primos
3484 3053 3582 3108 ho-

2008 3148 2180 3202 mines
2206 3149 2257 3199 in
2284 3147 2541 3199 memoria
2571 3132 2826 3199 habuisse
2849 3144 3126 3212 antiquam
3146 3144 3289 3199 illam
3312 3144 3579 3211 fraudem,

312 3237 472 3301 γόνων
488 3237 892 3307 μεμνημένους
918 3236 1137 3302 ἀπάτης
1167 3236 1296 3307 (65),
1319 3237 1385 3308 ἢν
1399 3238 1676 3307 ἀπατῆσαι
1702 3239 1895 3302 αὐτοὺς

2004 3252 2105 3307 qua
2138 3236 2372 3304 majores
2416 3236 2656 3305 ipsorum
2691 3236 2941 3304 decipere
2964 3235 3130 3289 voluit
3162 3236 3383 3289 humani
3413 3251 3579 3306 gene—

424 3355 465 3386 “
503 3356 641 3410 lsal.
673 3374 828 3428 thv,
858 3360 911 3418 6.

379 3496 490 3562 (59)
538 3498 681 3552 Ὑπὸ
716 3517 824 3553 του
859 3500 1029 3555 Θεοῦ,
1070 3499 1228 3555 Deest
1251 3500 1513 3556 articulus
1543 3500 1593 3553 in
1618 3500 1854 3556 Colbert.

316 3566 491 3691 be(£0)
525 3569 639 3622 Καὶ
668 3570 876 3636 αὑτός.
919 3571 1367 3642 Cunjunctionem
1418 3571 1597 3626 addidi
1649 3588 1715 3626 ex
1767 3572 1892 3625 Col-

384 3646 451 3688 ﬂ.

376 3704 489 3788 (iii)
521 3708 645 3788 _I_t'a2
869 3710 1416 3788 tacita._Legebatttr
1444 3710 1894 3788 insuperioribus

314 3778 670 3853 editionibus,
700 3781 796 3832 mi.
830 3780 940 3847 ἐγὼ
975 3782 1115 3853 μετά
1143 3778 1335 3847 ταῦτα,
1365 3784 1518 3852 quasi
1549 3778 1661 3837 iure
1683 3796 1897 3853 quoque

310 3861 353 3923 ε
370 3846 652 3923 Sfriptura
684 3846 879 3923 essent
897 3846 1087 3923 petita.
1115 3846 1532 3909 Vitiumsusluli
1562 3869 1664 3923 ope
1696 3846 1900 3908 codicis

312 3916 649 3992 (ἰοίζξηηίῃ
679 3933 790 3992 quo
820 3916 972 3974 deest
1007 3921 1132 3992 illud
1161 3923 1291 3992 ὲγώ.

378 3986 496 4051 (62)
540 3986 961 4044 Θειῐνίέαυτὸν.
1000 3986 1232 4046 Claroni.
1266 3994 1396 4047 Θεὸν
1428 3994 1607 4048 αὐτόν.

380 4057 508 4132 (δῖ)-
534 4059 608 4132 _'0
788 4058 1177 4132 Necessitatem
1210 4064 1464 4132 imposuit
1503 4066 1615 4131 ipse
1642 4061 1887 4118 Justinus

312 4130 381 4183 ita
412 4127 705 4192 reddendi,
752 4130 1008 4184 exsistens
1036 4132 1149 4187 ille.
1187 4127 1318 4186 Nam
1359 4149 1480 4188 cum
1512 4127 1649 4187 infra
1682 4134 1889 4186 exami-

314 4207 404 4272 net
430 4212 602 4264 quam
640 4200 748 4272 vim
781 4200 979 4272 habeat
1019 4212 1069 4255 et
1108 4203 1367 4256 articulus
1394 4206 1422 4257 ὁ
1456 4214 1507 4256 et
1547 4204 1886 4272 participium

310 4267 405 4347 ὢν,
433 4282 674 4324 necesse
704 4270 806 4323 fuit
835 4270 886 4324 in
912 4269 1105 4325 Latina
1128 4267 1573 4342 interpretatione
1598 4267 1888 4341 utrumque

310 4350 571 4391 retinere.

376 4406 495 4475 (64)
544 4408 696 4474 Τοὺς
715 4408 982 4478 πρώτους
1000 4411 1367 4480 ἀνθρώπους.
1407 4413 1571 4468 Primi
1603 4414 1675 4467 illi
1708 4414 1887 4467 homi-

2001 3514 2168 3572 mum,
2199 3515 2357 3572 quos
2385 3499 2527 3554 Deus
2571 3500 2789 3572 tandem
2834 3500 3195 3572 perMoysem
3222 3504 3285 3557 de
3313 3520 3418 3558 uno
3469 3504 3579 3560 Deo

1999 3571 2239 3645 edocuit.
2286 3568 3237 3645 igitur‘atpcb'rou;bic‘dictuinipro
3278 3575 3579 3645 προτέρους

2024 3641 2147 3714 Act.
2178 3649 2352 3709 apost.
2381 3655 2435 3714 _t._
2465 3640 2514 3705 1,
2546 3656 2632 3709 ep.
2659 3640 2917 3714 adHebr.
2949 3657 3067 3714 vni,
3104 3640 3156 3704 7,
3185 3644 3282 3712 al.)
3316 3640 3333 3696 Ξ
3364 3640 3576 3714 prinres

2040 3710 2270 3782 omines,
2303 3710 2393 3779 qui
2422 3710 2475 3765 in
2508 3712 2769 3782 memoria
2806 3711 3077 3766 habebant
3111 3710 3395 3782 antiquam
3427 3715 3572 3770 illam

2001 3779 2460 3855 protoplastarum
2482 3781 2887 3855 _seductionetn',
2923 3782 3037 3837 inec
3063 3784 3198 3838 falsa
3233 3779 3300 3838 de
3328 3785 3432 3840 diis
3457 3790 3574 3855 opi-

2008 3851 2099 3903 nio
2147 3850 2310 3903 veluti
2359 3851 2581 3923 morbus
2622 3860 2914 3920 prOpagata
2943 3862 3047 3918 est,
3078 3869 3307 3923 eamque
3327 3850 3577 3917 Deus,'ut

2007 3929 2222 3990 martyr,
2244 3920 2577 3990 sententiam
2612 3930 2860 3990 repetens
2888 3923 3045 3990 paulo
3080 3920 3350 3986 infra—ait,
3386 3927 3574 3981 tollere

2002 3988 2189 4063 voletis
2211 3989 2376 4063 Moysi
2421 3992 2561 4044 dixit
2590 3988 2786 4063 (Ἐγώ
2820 3988 2933 4063 εἰμι
2966 3995 2993 4063 ὁ
3025 3992 3119 4048 ὢν.
3155 3995 3421 4048 Cmterum
3451 4013 3572 4050 cum

1998 4060 2344 4128 participium
2384 4062 2761 4131 μεμνημένους
2794 4060 3158 4131 ευὴπίστατο
3206 4068 3456 4131 pendeat,
3488 4068 3564 4119 itt-

1997 4130 2167 4204 cip_it(
2195 4132 2244 4183 id
2274 4132 2724 4204 qnod_sentcntia
2753 4130 2968 4204 quoque
3004 4130 3280 4204 requirit)
3317 4137 3571 4204 apmtosis

1999 4200 2123 4254 inde
2154 4215 2183 4252 a
2215 4201 2393 4253 verbis
2422 4201 2509 4254 διὰ
2549 4200 2725 4257 τοῦτο.
2760 4200 2893 4255 etc.’
2918 4200 3093 4256 llaud‘
3124 4200 3267 4257 male
3309 4200 3569 4260 omissum

1995 4279 2078 4342 est
2101 4270 2229 4322 illud
2264 4270 2513 4342 πρώτους
2550 4272 2602 4325 in
2635 4272 2767 4325 Cod.
2805 4270 3046 4327 Vimar.:
3081 4293 3098 4324 ι
3124 4274 3569 4333 Sciebatseilicot

1997 4339 2354 4394 inveteratum
2386 4343 2528 4394 hunc
2560 4342 2856 4409 primorum
2884 4354 3169 4409 parentum
3196 4361 3440 4399 errorem
3468 4350 3567 4401 itu-

1997 4409 2127 4486 ntini
2172 4410 2408 4463 nonduin
2442 4412 2604 4486 etiam
2634 4414 2956 4486 etnenwria
2987 4414 3288 4486 excidisse,
3324 4417 3374 4468 in
3404 4434 3565 4486 quem

307 4477 974 4555 nes,_quo_rum_ntaj0res
1010 4477 1225 4551 decepit
1257 4477 1489 4549 daimon,
1514 4499 1690 4551 neque
1715 4484 1883 4537 Adam
1920 4494 1962 4546 ι)
1995 4477 2069 4555 illi
2115 4489 2180 4555 _ut
2224 4496 2284 4555 se
2327 4482 2631 4555 praecipites
2657 4480 2874 4555 darent,
2909 4484 3132 4555 humani
3180 4487 3400 4555 generis
3421 4477 3566 4541 'esor

307 4557 378 4621 et_
408 4546 1105 4621 Eva__intelligi'possunt,
1148 4546 1207 4606 ut
1253 4568 1347 4620 per
1397 4546 1676 4618 se'patet;
1714 4568 1885 4621 neque

305 4617 475 4671 etiam
522 4618 562 4691 _ii
598 4617 971 4691 quitémpore
1014 4622 1217 4690 Moysis
1253 4617 1539 4691 degebant.
1594 4622 1683 4677 Isti
1742 4617 1883 4676 enim

307 4702 414 4741 Ion
451 4687 634 4741 solum
667 4690 736 4742 ab
770 4690 975 4745 Adamo
1016 4703 1071 4746 et
1102 4687 1248 4757 'Eva,
1280 4687 1373 4748 sed
1414 4696 1578 4748 etiam
1620 4710 1648 4746 a
1681 4693 1885 4748 diluvio

309 4758 543 4831 nimium
580 4758 882 4831 distabant,
912 4776 1074 4827 quam
1107 4772 1167 4817 ut
1210 4764 1372 4831 primi
1424 4764 1673 4817 homines
1707 4764 1881 4816 vocari

308 4830 609 4901 potuerint.
640 4827 850 4883 Primos
877 4846 1005 4901 ergo
1037 4827 1286 4887 homines
1307 4831 1555 4887 Justinus
1578 4849 1673 4887 eos
1693 4833 1883 4901 appel-

310 4900 403 4958 lat,
428 4899 541 4971 qui
559 4913 686 4950 cum
719 4899 1091 4971 nienlittiSsent
1120 4914 1431 4968 serpentem
1462 4904 1662 4957 dixisse
1691 4899 1883 4971 primis

308 4968 635 5041 parentibus
664 4986 679 5021 :
712 4965 879 5023 Erilis
899 4973 1035 5025 sicut
1068 4974 1166 5038 dii,
1193 4965 1318 5027 inde
1347 4965 1886 5041 collegerunt'plures

307 5051 429 5111 esse
465 5038 950 5111 deos,__eorunique
974 5042 1323 5097 colendorum
1357 5038 1630 5111 principes
1658 5038 1716 5098 se
1743 5058 1885 5111 prm.

308 5106 566 5161 buerunt.
604 5107 715 5180 llos
743 5123 772 5161 a
799 5106 1011 5163 Justino
1035 5113 1215 5165 vocari
1250 5106 1456 5180 primos
1490 5106 1880 5175 ιιόιιιίηοεξιιοη

306 5189 565 5257 veroeos
595 5179 690 5247 qui
722 5190 964 5257 tempore
996 5181 1194 5257 bioysis
1222 5179 1510 5257 degebant,
1534 5199 1599 5237 eo
1630 5183 1882 5257 libentius

305 5249 588 5309 existimo,
609 5249 750 5316 quod
779 5251 970 5317 primis
995 5249 1101 5305 illis
1129 5249 1437 5307 hominibus
1467 5254 1725 5306 memoria
1763 5264 1880 5306 tan-

312 5320 596 5391 tummodo
640 5321 976 5391 attribuatur
1026 5324 1308 5376 verborum
1357 5325 1653 5391 serpentis,
1692 5324 1743 5376 id
1797 5333 1881 5377 est

311 5387 516 5464 initium
544 5389 788 5464 et_origo
819 5390 999 5445 cultus
1027 5392 1281 5457 deorum;
1326 5402 1381 5445 at
1411 5387 1609 5464 Mnysis
1638 5387 1879 5461 tempore

310 5459 449 5531 hunc
479 5460 751 5531 morbum,
782 5470 1091 5531 grassatum
1121 5476 1240 5531 esse
1274 5459 1514 5515 testatnr'
1550 5465 1709 5529 paulo
1752 5459 1880 5531 post

307 5524 811 5600 Justitius.e-chth
840 5527 1496 5600 πρώτουςίὰνθρώπους.
1528 5524 1690 5586 Iidem
1720 5524 1880 5600 paulo

311 5605 425 5673 post
450 5599 800 5673 appellantur
834 5601 885 5652 οἰ
912 5599 969 5664 ἐξ
994 5599 1173 5673 αίῦτῶν
1194 5602 1492 5673 γενόμενοι,
1522 5603 1623 5657 hoc
1649 5599 1735 5673 est
1754 5619 1877 5670 pro—

312 5668 657 5742 topiastarunt
685 5670 829 5742 (τῶν
867 5669 1171 5742 ¹προγόνων)
1204 5668 1422 5738 posteri.
1448 5672 1687 5742 Opponit
1712 5668 1877 5726 Justi—

311 5751 401 5809 tius
425 5740 552 5802 τοὺς
587 5738 841 5809 πρώτους
880 5738 1060 5809 ἀνΘρ.,
1090 5738 1313 5804 plurium
1337 5738 1559 5796 deorum
1588 5758 1873 5805 memores.

312 5807 369 5861 iis
394 5810 485 5879 qui
530 5807 733 5882 lioysis
776 5807 1029 5878 tempore
1078 5810 1360 5881 vivebant,
1387 5812 1628 5870 Hebrazis
1655 5814 1875 5884 potissi-

1989 4546 2198 4621 Genius
2225 4550 2304 4603 eis
2327 4546 2528 4603 auctor
2556 4550 3058 4621 fuissetul’ergitnt
3095 4546 3240 4610 τεοῖο
3274 4559 3341 4609 ita
3365 4576 3376 4609 :
3402 4558 3564 4611 «Nam

2000 4618 2091 4690 hic
2123 4634 2243 4673 cum
2271 4620 2462 4690 primis
2494 4621 2806 4690 parentibus
2848 4623 2903 4676 si
2925 4618 3013 4677 lib
3063 4625 3351 4680 interdicto
3380 4628 3564 4680 divino

1990 4688 2193 4764 vellent
2219 4688 2529 4764 deﬂectere,
2567 4706 2717 4759 spem
2748 4692 2951 4764 faceret
2983 4693 3132 4761 fore,
3154 4697 3231 4749 uti
3264 4698 3371 4749 diis
3395 4713 3558 4764 pares

1990 4756 2221 4827 ﬁerent;
2256 4760 2480 4816 deorum
2517 4756 2679 4813 inane
2721 4776 2786 4815 ac
2832 4762 3030 4816 falsum
3077 4756 3273 4820 nomen
3302 4756 3565 4822 οείςοιιι-

1988 4838 2223 4894 mentns,
2278 4840 2348 4904 u__t_
2383 4832 2565 4885 miseri
2597 4831 2856 4904 mortales
2883 4834 3018 4887 alios
3045 4835 3207 4889 etiam
3236 4836 3388 4900 deos,
3420 4853 3551 4904 pra:-

1990 4905 2073 4951 ter
2104 4915 2269 4953 unum
2299 4900 2445 4953 illum
2498 4916 2560 4953 ac
2612 4901 2817 4966 solum,
2860 4916 2980 4957 esse
3034 4905 3161 4967 rati,
3190 4906 3324 4960 tales
3355 4900 3565 4963 scilicet

1989 4982 2148 5039 posse
2177 4988 2235 5024 se
2266 4985 2484 5039 quoque
2523 4970 2639 5023 ﬁeri
2684 4973 3044 5028 conﬁderent.
3078 4977 3313 5031 r0110.

2057 5038 2920 5118 ((iEi)_ilI€m:tuiérovc_d:zdmg.
2971 5043 3197 5118 Videtur,
3235 5048 3286 5101 in
3336 5048 3438 5102 hac
3469 5065 3554 5118 pe-

1988 5108 2317 5187 riodo'idem
2348 5109 2408 5163 S.
2443 5112 2688 5187 martyri,
2720 5126 2786 5165 ac
2819 5108 3103 5187 inmultis
3133 5117 3254 5169 aliis
3283 5108 3555 5187 evenisse,

1987 5186 2048 5231 ut
2085 5194 2304 5235 sensum
2353 5195 2460 5234 non
2511 5182 2838 5245 absolveret,
2870 5185 3000 5236 dum
3044 5187 3258 5240 dicendi
3307 5182 3559 5243 ardorem

1985 5248 2249 5321 sequitur.
2281 5250 2500 5321 Natnhsi
2549 5251 2771 5321 verbum
2800 5255 2966 5306 verbo
2999 5257 3309 5321 reddamus,
3336 5258 3416 5311 sic
3449 5262 3559 5313 erit

1986 5320 2319 5374 reddendum
2354 5338 2366 5371 :
2412 5318 2608 5373 Viilens
2637 5320 2779 5373 Dens
2801 5324 2999 5389 primos
3031 5326 3268 5380 homines
3296 5318 3398 5381 non
3420 5332 3557 5381 obli-

1984 5399 2059 5441 tos
2086 5390 2294 5458 fraudis
2330 5391 2624 5459 illius,_qua
2652 5392 2883 5455 majores
2922 5394 3145 5446 illorum
3178 5401 3386 5450 da'mon
3416 5401 3560 5452 deci—

1980 5462 2309 5535 perevoluit,
2335 5464 2649 5535 imperfecta
2678 5475 2809 5535 sane
2840 5466 3106 5535 sententia
3135 5484 3148 5530 ;
3182 5483 3343 5535 quam
3375 5479 3555 5521 tamen

1982 5528 2227 5583 Justinus
2274 5533 2327 5584 in
2376 5533 2623 5598 sequenti
2676 5534 2899 5598 periodo
2948 5528 3553 5593 absolvitflteferenda

1982 5601 2124 5653 enim
2157 5602 2223 5654 ad
2254 5604 2457 5669 primos
2486 5603 2606 5655 illos
2649 5602 2918 5666 homines,
2950 5612 3007 5655 ut
3036 5610 3196 5660 modo
3229 5608 3553 5671 videbimus,

1984 5680 2095 5743 tota
2127 5672 2241 5743 huic
2272 5673 2555 5743 verborum
2586 5675 2953 5726 constructio.
2975 5674 3151 5743 Igitur
3173 5693 3290 5731 cum
3319 5680 3553 5733 obsecuti

1981 5740 2316 5807 fraudulento
2353 5742 2574 5796 dwmoni
2613 5744 2869 5810 homines,
2911 5740 3024 5803 etc.
