3948 6256
400 332 515 392 275

540 456 608 532 4t
630 458 790 513 ducta
817 475 953 514 σίτου
978 475 1153 516 errore
1176 478 1298 532 gens
1329 466 1655 531 mortalium,

537 527 840 601 Qommenta
868 532 1035 585 cladis
1055 534 1112 585 in
1133 527 1244 586 suae
1270 535 1514 588 solatium
1550 527 1645 601 est,

540 596 770 655 Formas
792 602 1011 654 deorum
1034 618 1222 656 saxeas
1250 615 1343 657 aut
1365 621 1526 659 terea:

541 669 745 739 {orave
769 673 953 724 ductas
981 670 1149 739 fusili,
1182 684 1272 726 aut
1302 674 1574 729 eburneas.

542 736 643 824 ξμς
668 736 1001 824 victimarum
1024 745 1355 812 sanguinem,
1382 745 1461 797 his
1484 747 1644 816 festos
1667 747 1788 802 dies

541 810 674 861 Cum
701 810 1030 876 dedicamus,
1065 810 1175 868 esse
1205 830 1299 867 nos
1328 810 1503 870 remur
1527 818 1671 884 pios.-

396 900 524 956 Haec
544 901 711 971 igitur
739 903 1052 973 Sophocles.

434 1046 437 1047 ν
467 992 555 1052 i9.
595 994 933 1067 Pythagoras
966 1008 1170 1064 autem,
1194 998 1501 1054 Mnesarchi
1529 1000 1689 1067 (ilius,
1733 1004 1823 1073 qui
1851 1003 1970 1073 phi-

394 1081 657 1155 losophiae
678 1102 792 1143 suae
817 1090 1033 1144 decreta
1063 1090 1323 1161 symbolis
1370 1106 1573 1147 arcane
1594 1096 1869 1163 exposuit,
1910 1102 1972 1149 ut

395 1175 775 1233 demonstrant
796 1181 889 1248 qui
919 1181 1062 1237 illius
1111 1184 1271 1236 vitam
1318 1184 1610 1254 scripsere,
1660 1185 1874 1239 videtur
1918 1195 1973 1241 et

395 1265 512 1333 ipse
552 1266 620 1324 de
659 1285 768 1326 uno
814 1269 926 1326 Deo
953 1285 1014 1326 ea
1047 1274 1271 1340 sentire,
1304 1288 1426 1343 quae
1451 1274 1608 1345 digna
1648 1284 1773 1331 sunt
1803 1274 1974 1348 .E‘gy-

394 1361 575 1426 ptiaca
620 1364 1077 1432 peregrinatione.
1129 1364 1260 1421 Nam
1312 1368 1438 1421 dum
1477 1368 1738 1423 unitatem
1770 1368 1974 1439 princi—

394 1453 542 1521 pium
574 1454 817 1509 omnium
858 1469 981 1511 esse
1033 1456 1183 1526 dicit,
1229 1459 1512 1529 ipsamque
1536 1460 1779 1515 omnium
1811 1463 1977 1518 bono-

396 1561 516 1601 rum
542 1560 667 1605 esse
687 1563 940 1614 causam;
975 1564 1141 1604 unum
1172 1565 1294 1607 esse
1322 1567 1387 1607 ac
1417 1551 1751 1622 singularem
1802 1552 1973 1608 Deum

397 1651 497 1707 pcr
525 1636 838 1709 allegoriam
867 1640 1038 1696 docet.
1076 1641 1243 1711 quue
1277 1642 1350 1696 ita
1381 1658 1443 1698 se
1476 1644 1682 1698 habere
1722 1643 1849 1699 inde
1873 1658 1971 1714 pa-

398 1736 496 1793 tet,
518 1730 659 1799 quod
683 1729 942 1784 unitatem
965 1740 1022 1785 et
1050 1746 1215 1785 unum
1240 1733 1387 1787 inter
1410 1746 1469 1787 se
1491 1732 1721 1786 multum
1750 1731 1976 1786 diﬁerre

1368 341 1426 399 S.
1469 340 1730 419 JUSTINI
1768 330 2181 401 PHILOSOPHI
2216 343 2303 399 ET
2336 341 2691 403 MARTYRIS

1998 473 2044 528 Α

3588 336 3730 393 276

2178 467 2390 535 Θνητοὶ
2419 465 2486 519 δὲ
2512 465 2727 520 πολλοὶ
2762 465 2972 534 καρδίᾳ
3000 465 3391 535 πλανώμενοι,

2186 533 2621 615 Ἱδρυσᾴμρξτθα
2643 533 2926 615 frondis)"
2954 533 3321 615 παράψγκὶιντ

2179 604 2340 659 Θεῶν
2370 604 2655 676 ἀγάλματ’
2685 604 2751 660 ἐκ
2782 608 2965 659 λίθων
2995 623 3058 658 τε
3090 605 3187 676 καὶ
3217 605 3436 676 ξύλων,

2180 680 2253 731 Ἢ
2284 674 2737 745 χρυσοτέύκτων
2772 676 2810 741 ἢ
2835 675 3237 744 ἐλεφαντίνων
3265 674 3505 737 τύπους
3534 681 3563 703 ⁸

2178 747 2404 833 Θυσίας
2433 763 2495 799 τε
2526 748 2757 833 tetigero
2777 746 2873 833 καὶ
2899 746 3089 833 argi-ch:
3124 745 3492 833 Ita}ngth

2182 818 2527 886 Τεύχοντες,
2561 812 2747 883 offring-
2776 814 3047 870 εὐσεϐεῖν
3077 812 3411 884 νομιζομεν.

2071 908 2256 963 Ταῦτα
2287 909 2385 980 μὲν
2412 905 2505 962 οὖν
2526 914 2554 962 ὁ
2583 908 2878 978 Σοφοκλῆς.

2143 1001 2229 1057 19.
2272 1000 2330 1054 Ὀ
2354 1000 2411 1053 δὲ
2436 998 2528 1053 τοῦ
2556 999 2883 1073 Μνησάρχου
2904 996 3247 1068 Πυθαγόρας,
3270 998 3299 1049 ό
3318 995 3386 1050 τὰ
3409 995 3715 1066 δόγματα

2071 1093 2170 1163 τῆς
2215 1092 2412 1147 ἑαυτοῦ
2451 1093 2763 1162 φιλοσοφίας
2803 1093 2891 1146 διὰ
2921 1092 3203 1162 συμϐόλων
3227 1090 3347 1161 (47)
3378 1088 3720 1161 μυστικῶς

2074 1183 2384 1254 ἐκθέμενος,
2415 1184 2492 1246 ὡς
2520 1181 2770 1255 δηλοῦσιν
2801 1184 2850 1235 οἰ
2875 1182 2963 1235 τὸν
2986 1181 3098 1252 βίον
3112 1180 3276 1236 αὐτοῦ
3297 1180 3712 1252 γεγραφὸτες,

2073 1277 2198 1342 ἄξια
2241 1277 2337 1331 καὶ
2378 1276 2537 1339 αὐτὸς
2584 1275 2686 1345 τῆς
2731 1278 2811 1339 εἰς
2855 1276 3126 1344 Αἴγυπτον
3169 1272 3478 1344 ἀποδημίας
3541 1271 3712 1342 περὶ

2076 1370 2194 1432 ἑνὸς
2213 1368 2349 1423 Θεοῦ
2377 1368 2592 1441 φρονῶν
2622 1368 2888 1438 φαίνεται.
2921 1369 3031 1441 Τὴν
3071 1366 3180 1437 γὰρ
3222 1365 3427 1437 μονάδα
3474 1364 3709 1436 ἀρχὴν

2076 1464 2328 1517 ἁπάντων
2362 1463 2554 1529 λέγων,
2583 1461 2677 1514 καὶ
2719 1459 2924 1533 ταύτην
2978 1459 3087 1514 τῶν
3134 1458 3356 1528 ἀγαθῶν
3400 1457 3710 1512 ἁπάντων

2076 1554 2254 1607 αἰτίαν
2279 1549 2437 1619 εἶναι,
2470 1553 2537 1605 δι’
2554 1553 2883 1627 ἀλληγορίας
2911 1552 3007 1605 ἕνα
3032 1569 3091 1605 τε
3114 1551 3207 1604 καὶ
3239 1550 3397 1620 μόνον
3414 1548 3700 1601 διδάσκει

2076 1643 2219 1698 Θεὸν
2252 1641 2411 1699 εἶναι.
2444 1645 2567 1697 Ὅτι
2593 1643 2652 1697 δὲ
2689 1642 2837 1696 τοῦθ’
2873 1641 3047 1705 οὕτως
3084 1640 3216 1711 ἔχει,
3263 1638 3423 1708 δῆλον
3461 1638 3573 1706 ἀφ’
3607 1629 3699 1689 ὧν

2082 1735 2282 1806 μονάδα
2333 1735 2427 1787 καὶ
2473 1734 2530 1786 ’ἐν
2573 1732 2753 1803 πολλῷ
2796 1730 3071 1803 διαφέρειν
3116 1731 3361 1802 ἀλλήλων
3388 1730 3517 1801 ἔφη.
3560 1728 3697 1800 Τὴν

395 1822 563 1878 dicat.
632 1822 905 1876 Unitatem
968 1824 1113 1878 enim
1181 1825 1236 1879 in
1300 1824 1368 1881 iis
1422 1838 1541 1880 esse
1594 1827 1808 1891 statuit,
1850 1840 1971 1894 quae

2086 1828 2174 1896 μιὲν
2198 1828 2307 1896 γάρ
2330 1827 2531 1897 μονάδα
2555 1825 2665 1896 (48)
2696 1828 2757 1881 ὲν
2795 1827 2907 1889 τοῖς
2953 1824 3165 1895 νοητοῖς
3207 1820 3347 1877 εἶναι
3388 1823 3576 1891 λέγει,
3620 1822 3693 1875 τὸ

390 1924 576 1971 mente
605 1915 1005 1985 percipiuntur;
1030 1931 1193 1971 unum
1217 1926 1401 1973 autem
1434 1918 1486 1971 in
1527 1920 1788 1972 numeris.
1815 1917 1969 1984 Quod

391 2011 437 2063 si
470 2008 788 2079 Pythagorae
821 2010 888 2064 de
917 2010 1176 2080 singulari
1229 2010 1341 2065 Deo
1380 2012 1714 2065 sententiam
1765 2011 1968 2067 clarius

390 2103 702 2171 perspicere
744 2101 926 2165 vultis,
964 2102 1144 2155 attdito
1186 2102 1300 2156 haec
1347 2101 1495 2155 illius
1524 2101 1725 2157 verba:
1759 2120 1777 2153 ι
1828 2102 1970 2157 Deus

391 2207 532 2247 unus
556 2200 643 2248 est
669 2209 683 2246 :
713 2206 1053 2263 nequaquam
1085 2202 1293 2257 autem,
1335 2202 1393 2247 ut
1416 2195 1635 2263 quidam
1680 2196 1970 2264 suspican-

394 2295 506 2352 tur,
529 2297 685 2340 extra
736 2287 1018 2349 mundum.
1045 2287 1148 2355 21
1182 2287 1275 2342 sed
1310 2286 1363 2339 in
1398 2288 1515 2356 ipso
1548 2304 1561 2340 :
1593 2296 1738 2341 totus
1768 2289 1820 2341 in
1853 2298 1968 2344 toto

391 2378 597 2434 circulo
650 2379 940 2448 inspiciens
980 2393 1173 2433 omnes
1192 2379 1591 2449 generationes.
1623 2378 1968 2449 Temperatio

390 2481 478 2526 est
497 2471 739 2528 omnium
769 2471 1108 2533 steculorum.
1152 2481 1207 2525 et
1248 2470 1429 2539 opifex
1470 2470 1726 2525 virtutum
1758 2480 1813 2525 et
1840 2484 1968 2539 ope-

392 2581 513 2620 rum
539 2579 780 2620 suorum.
814 2563 1145 2632 Principium
1183 2563 1445 2627 omnium,
1505 2562 1558 2618 in
1583 2562 1722 2617 ccelo
1760 2562 1963 2628 lumen,

391 2667 448 2712 et
468 2657 704 2710 omnium
735 2656 911 2722 Pater,
941 2669 1093 2709 meus
1146 2664 1203 2710 et
1252 2657 1512 2713 animatio
1561 2656 1959 2719 universorum,

393 2748 722 2806 circulorum
748 2750 990 2803 omnium
1022 2749 1211 2804 motio.
1246 2766 1266 2799 ›
1310 2748 1386 2802 lla
1414 2748 1578 2820 igitur
1607 2748 1961 2818 Pythagoras.

462 2929 554 2986 20.
594 2927 754 2984 Plato
785 2938 971 2985 autem
993 2928 1095 2985 etsi
1120 2928 1413 2998 probabat,
1442 2935 1504 2982 ut
1532 2927 1831 2983 verisimile
1858 2936 1963 2993 est,

394 3023 594 3095 Moysis
616 3032 671 3078 et
695 3023 923 3077 aliorum
955 3022 1342 3092 prophetarum
1373 3020 1441 3076 de
1482 3036 1595 3076 uno
1618 3030 1677 3074 et
1702 3019 1963 3091 singulari

394 3116 505 3170 Deo
533 3114 877 3179 sententiam,
902 3128 1066 3184 quam
1099 3114 1153 3169 in
1180 3112 1417 3184 Atigypto
1448 3120 1804 3183 cognoverat,
1836 3126 1960 3167 cum

396 3217 579 3262 tamen
633 3206 850 3261 timeret
887 3206 959 3260 ob
1005 3219 1067 3260 ea
1112 3220 1231 3275 quae
1279 3204 1593 3260 acciderant
1630 3201 1868 3266 Socrati,
1900 3217 1968 3257 ne

394 3314 555 3368 quem
611 3298 725 3364 ipse
770 3300 1005 3368 Anytum
1053 3305 1147 3352 aut
1200 3295 1439 3351 Melitqu
1474 3298 1523 3350 in
1553 3312 1611 3351 se
1644 3296 1967 3358 concitaret,

392 3395 571 3463 quise
620 3392 759 3461 apud
814 3391 1176 3446 Atheuienses
1225 3398 1530 3453 accusaret,
1596 3403 1662 3443 ac
1707 3388 1967 3443 diceret:

395 3484 548 3541 Plato
584 3484 781 3554 injuste
809 3490 864 3537 et
892 3484 1107 3537 curiose
1139 3496 1196 3535 se
1222 3481 1381 3550 gerit,
1411 3496 1548 3549 quos
1580 3480 1772 3534 civitas
1809 3494 1973 3550 agno-

396 3577 500 3631 scit
530 3579 679 3643 deos,
715 3575 888 3630 nullos
921 3576 1034 3643 ipse
1063 3588 1285 3643 prorsus
1326 3587 1666 3643 agnoscens;
1712 3580 1857 3624 metu
1886 3570 1970 3625 ci-

396 3679 537 3724 cutm
563 3669 769 3723 variam
801 3668 1092 3737 quamdam
1129 3675 1183 3718 et
1214 3665 1523 3719 simulatam
1557 3663 1625 3717 de
1656 3663 1760 3717 diis
1786 3663 1972 3730 dispu-

401 3761 660 3814 tationem
690 3758 945 3820 instituit,
971 3765 1025 3810 et
1056 3756 1293 3810 artilieio
1330 3755 1562 3826 quodam
1593 3755 1970 3824 consequitur,

396 3862 457 3904 ut
480 3852 608 3905 deos
640 3863 760 3903 esse
785 3848 869 3902 his
901 3851 992 3916 qui
1026 3847 1098 3901 ita
1130 3848 1395 3912 sentiunt,
1427 3846 1624 3916 quibus
1658 3855 1836 3901 autem
1881 3860 1971 3900 se-

397 3952 495 3996 cus
527 3940 757 4003 videtur,
793 3939 969 3993 nullos
1002 3953 1123 3992 esse
1150 3937 1325 3999 dicat;
1358 3936 1411 3990 id
1436 3936 1579 4004 quod
1604 3936 1862 4005 perfacile
1892 3945 1977 3989 est

395 4047 462 4087 ex
510 4030 656 4087 illius
701 4029 862 4085 dictis
906 4044 1252 4100 cognoscere.
1288 4028 1578 4095 Postquam
1628 4029 1777 4081 enim
1814 4027 1973 4097 quid-

395 4123 529 4193 quid
581 4122 785 4176 factum
839 4130 944 4186 est,
981 4121 1211 4175 mortale
1255 4134 1376 4176 esse
1418 4120 1808 4188 pronuntiavit,
1841 4121 1975 4175 deos

399 4214 657 4285 deinceps
702 4213 875 4270 factos
925 4214 1094 4268 fuisse
1137 4213 1289 4268 dicit.
1328 4211 1497 4280 Igitur
1552 4212 1598 4266 si
1651 4213 1974 4281 principium

399 4307 639 4362 omnium
692 4308 858 4363 Deum
898 4317 953 4362 et
990 4308 1268 4361 materiam
1299 4322 1422 4360 εδει)
1461 4304 1608 4366 νυΙι.
1653 4306 1825 4376 liquet
1853 4321 1975 4360 om—

467 4463 583 4606 (ἐξ)

404 4546 409 4551 ‘
469 4534 559 4587 (48

398 4596 655 4675 Ιθέιιιιίυι·
678 4596 732 4655 iu
754 4596 883 4675 'Yita
910 4596 1227 4675 Pythagora:
1253 4596 1978 4675 apuili’hotiunt_eotl._‘249.

468 4666 581 4746 (49)
630 4666 968 4746 Ἀκούσατεξ
1172 4671 1213 4746 Δἲ»
1264 4680 1338 4746 et
1367 4670 1611 4746 C_larou_t.
1667 4666 1983 4746 _'Axoﬁcara

396 4737 601 4814 ταῦτην
620 4762 633 4774 ·
663 4742 824 4814 οὕτω,
859 4750 967 4795 etc.
997 4737 1276 4814 Sic'etiaut
1306 4740 1484 4814 R._St_.
1504 4739 1570 4791 ad
1597 4737 1825 4814 (falce-ut.

469 4806 580 4887 (50)
624 4811 1213 4887 Τίιςμδιακοᾳμήσιος.
1244 4810 1334 4865 Sic
1381 4809 1582 4887 habent
1611 4807 1797 4887 gyri”.
1824 4806 1985 4886 Ale_x.

401 4904 443 4948 I.
472 4877 587 4941 Jul.
618 4900 671 4954 p.
699 4877 790 4943 30,
819 4893 875 4954 et
905 4877 1092 4954 ριίεω.
1116 4882 1332 4954 Cohort.
1384 4896 1438 4948 p.
1479 4878 1585 4954 47;
1616 4877 1840 4954 begitur
1876 4877 1985 4954 τῆς

397 4947 885 5026 δωκοσμήσεωςῌίη
911 4950 1047 5024 Reg.
1069 4953 1125 5020 2,
1144 4966 1196 5006 et
1216 4947 1452 5005 lilaroin.
1471 4960 1525 5004 et
1547 4947 1723 5014 Colb.;
1741 4948 1840 5017 τῆς
1870 4947 1987 5001 δια-

402 5023 697 5100 κοσμήσιος
723 5026 773 5078 in
803 5023 937 5100 Reg.
962 5039 999 5100 ι.

473 5088 587 5166 (51)
643 5097 738 5149 Ἑν
769 5088 942 5160 αὐτᾷ.
987 5094 1079 5147 Sic
1109 5092 1361 5166 Clemens
1396 5090 1560 5166 Alex:
1596 5088 1980 5166 meliusquam

406 5159 579 5221 nostri
612 5167 829 5220 codices
864 5159 994 5217 mss.
1028 5176 1079 5217 et
1107 5164 1235 5217 editi
1281 5166 1338 5216 ὲν
1392 5159 1593 5230 ἑαυτῷ.
1640 5160 1877 5228 Cyrillus
1920 5159 1981 5211 ὲν

402 5238 571 5291 αὑτῶ.

474 5290 589 5378 (52)
628 5305 839 5378 Πάσας
869 5303 985 5378 τὰς
1015 5302 1308 5378 γενέσιας.
1357 5302 1593 5373 Cyrillus
1621 5300 1832 5369 γενεάς.
1860 5301 1982 5357 Cle-

404 5376 558 5433 mens
589 5377 885 5439 ὲπίσκοπος
919 5376 1098 5435 πάσας
1130 5376 1391 5442 γενέσιος.

477 5448 590 5518 (55)
629 5446 857 5515 Κρᾶσις
880 5445 997 5499 ἐὼν
1028 5444 1143 5496 τῶν
1168 5442 1595 5518 ὅλων-αἰώνων.
1619 5443 1817 5518 _Cyrill.
1845 5446 1981 5511 κρᾶ-

405 5514 494 5583 σις
522 5519 614 5573 ῶν.
668 5514 916 5571 Clemens
944 5517 1141 5585 κρᾶσις
1174 5515 1281 5567 τῶν
1302 5515 1436 5568 ὅλων
1470 5515 1577 5566 αἰεὶ
1608 5514 1703 5567 ὢν.
1735 5517 1977 5568 Clarum.

406 5586 760 5659 xpdngialt‘ov
792 5585 899 5639 τῶν
930 5585 1065 5637 ὅλων
1093 5586 1323 5639 αἰώνων.
1349 5586 1499 5639 Colb.
1527 5596 1579 5637 et
1602 5585 1736 5655 lieg.
1763 5585 1818 5650 ‘2,
1845 5586 1980 5655 κρᾶ-

408 5676 492 5722 σις
525 5658 681 5711 ἑτῶν.

478 5730 591 5795 (54)
632 5726 739 5781 Καὶ
769 5726 1039 5795 ἐργάτας.
1081 5724 1316 5794 Cyrillus
1347 5741 1444 5795 pro
1489 5726 1573 5781 his
1621 5728 1845 5780 vocibus
1883 5727 1977 5779 ha-

404 5802 494 5858 bet
534 5801 624 5854 καὶ
661 5798 789 5869 φῶς.
845 5800 964 5853 Mox
1016 5797 1147 5852 edit.
1196 5796 1252 5849 ἓν
1282 5798 1339 5851 ὲν
1373 5796 1603 5868 οὐρανῷ.
1645 5799 1751 5855 Sed
1788 5797 1981 5854 melius

1994 3172 2035 3228 ις

619 4460 721 4515 Διὰ
751 4462 1094 4530 συμϐόλων.
1117 4457 1478 4530 ϐοηθημδιὰ
1508 4455 1797 4530 συμϐόλου.

2069 1917 2203 1971 δὲέν
2220 1920 2278 1971 έν
2306 1920 2419 1980 τοῖς
2462 1916 2737 1988 ἀριθμοῖς.
2786 1917 2850 1970 Εἰ
2892 1916 2951 1970 δὲ
2998 1915 3093 1969 καὶ
3140 1916 3477 1985 σαφεστέραν
3526 1915 3694 1970 ἀπό-

2068 2008 2375 2080 δειξινπερὶ
2398 2008 2517 2073 ἑνὸς
2555 2007 2690 2064 Θεοῦ
2726 2007 2828 2078 τῆς
2869 2007 3191 2077 Πυθαγόρου
3240 2006 3398 2077 δόξης
3440 2005 3691 2060 ποθεῖτε

2069 2102 2292 2170 γνῶναι,
2334 2100 2602 2156 ἀκούσατε
2651 2100 2764 2171 (49)
2806 2098 2902 2153 καὶ
2934 2098 3033 2168 τῆς
3068 2097 3234 2152 αὑτοῦ
3283 2097 3461 2166 δόξης
3516 2096 3691 2150 οὕτω

2070 2195 2178 2264 γὰρ
2199 2192 2322 2264 ἔφη·
2363 2212 2382 2243 ι
2426 2192 2482 2245 '0
2511 2194 2608 2263 μὲν
2633 2190 2765 2255 Θεὸς
2806 2186 2905 2254 εἷς·
2950 2190 3113 2255 αὐτὸς
3153 2192 3211 2245 δὲ
3253 2192 3351 2261 οὐχ
3395 2189 3470 2254 ὥς
3514 2207 3686 2253 τινες

2070 2284 2406 2353 ὑπονοοῦσιν,
2431 2286 2586 2350 ἐκτὸς
2610 2287 2709 2348 τᾶς
2736 2284 3123 2355 διακοσμήσιος
3146 2283 3282 2354 (50),
3298 2282 3412 2336 ἀλλ’
3434 2286 3493 2336 ὲν
3519 2282 3686 2352 αὐτᾷ

2071 2378 2342 2449 (5Ἰ),ὅλος
2368 2380 2426 2433 ὲν
2455 2379 2561 2448 ὅλῳ
2604 2378 2683 2450 τῷ
2728 2377 2915 2449 κύκλῳ
2973 2377 3287 2431 ἐπισκοπῶν
3335 2376 3515 2439 πάσας
3562 2375 3680 2438 τὰς

2068 2470 2316 2539 γενέσιάς
2333 2469 2442 2543 (52)
2478 2472 2613 2537 ἐστι,
2637 2471 2833 2541 κρᾶσις
2865 2467 2968 2521 ὲὼν
2984 2469 3101 2522 τῶν
3117 2468 3256 2520 ὅλων
3279 2465 3487 2520 αἰώνων
3519 2465 3677 2536 (53),

2069 2561 2163 2613 καὶ
2218 2560 2456 2631 ἐργάτας
2519 2557 2635 2635 (54)
2692 2559 2802 2614 τῶν
2850 2558 3014 2612 αὑτοῦ
3070 2558 3351 2629 δυνάμεων
3412 2557 3509 2610 καὶ
3578 2556 3677 2627 ἔρ-

2067 2669 2179 2721 γων
2198 2669 2211 2682 ο
2259 2654 2401 2724 ἀρχὰ
2428 2651 2679 2718 πάντων,
2734 2654 2792 2706 ὲν
2838 2649 3050 2722 οὐρανῷ
3099 2649 3346 2721 φωστὴρ,
3384 2648 3477 2701 καὶ
3519 2648 3673 2701 πάν-

2067 2761 2173 2798 των
2196 2744 2405 2815 Πατὴρ,
2433 2742 2559 2807 νοῦς
2584 2742 2677 2795 καὶ
2705 2742 2949 2813 ψύχωσις
2985 2740 3091 2794 τῶν
3119 2740 3282 2805 ὅλων,
3299 2738 3515 2792 κύκλων
3540 2736 3669 2808 (55)

2069 2838 2320 2892 ἁπάντων
2346 2837 2574 2900 κίνασις.
2622 2854 2643 2887 ι
2678 2835 2835 2889 Οὕτω
2867 2836 2963 2906 μὲν
2994 2832 3085 2888 οὖν
3115 2835 3144 2886 ὁ
3171 2834 3515 2904 Πυθαγόρας.

2142 2932 2234 2986 20.
2276 2929 2503 2984 Πλάτων
2534 2929 2612 2992 δὲ,
2638 2928 3038 2998 ἀποδεξάμενος
3073 2926 3192 2997 μὲν,
3217 2926 3291 2989 ὡς
3324 2926 3519 2989 ἔοικεν,
3557 2924 3665 2997 τὴν

2068 3023 2197 3094 περὶ
2244 3022 2362 3086 ἑνὸς
2408 3021 2506 3075 κα).
2544 3021 2704 3091 μόνου
2735 3020 2870 3073 Θεοῦ
2903 3020 3182 3082 Μωῡσέως
3214 3018 3309 3073 καὶ
3338 3017 3445 3071 τῶν
3476 3017 3665 3071 ἄλλων

2069 3113 2368 3187 προφητῶν
2428 3113 2799 3178 διδασκαλίαν,
2847 3113 2914 3184 ἢν
2958 3113 3016 3166 ὲν
3061 3111 3319 3183 Αἰγύπτῳ
3364 3110 3665 3181 γενόμενος

2072 3207 2231 3276 ἔγνω,
2262 3206 2351 3259 διὰ
2381 3206 2439 3259 δὲ
2469 3204 2537 3257 τὰ
2572 3204 2957 3275 συμϐεϐηκότα
2995 3204 3277 3276 Σωκράτει
3323 3201 3509 3265 δεδιὼς
3552 3202 3660 3272 μή-

2073 3320 2189 3365 πως
2221 3300 2316 3353 καὶ
2335 3299 2498 3364 αὐτὸς
2514 3298 2741 3351 ’Ἄνυτόν
2770 3298 2943 3369 τιναῆ
2972 3299 3063 3351 καὶ
3092 3298 3338 3368 Μέλητον
3367 3297 3501 3369 (55⁸)
3529 3297 3658 3351 καθ’

2073 3392 2268 3447 ἑαυτοῦ
2314 3390 2569 3461 γενέσθαι
2626 3390 3022 3463 παρασκευάσῃ
3080 3390 3189 3461 (56)
3246 3390 3661 3461 κατηγοροῦντα

2074 3486 2237 3541 αὑτοῦ
2286 3485 2416 3556 παρ’
2465 3484 2764 3556 Ἀθηναίοις
2808 3485 2901 3537 καὶ
2932 3484 3179 3551 λέγον-ια’
3222 3484 3447 3536 Πλάτων
3475 3482 3659 3536 ἀδικεῖ

2075 3576 2167 3628 καὶ
2204 3572 2645 3648 περιεργάζεται,
2681 3574 2834 3639 θεοὺς
2863 3574 2957 3637 οὒς
2994 3576 3026 3646 ἡ
3052 3573 3205 3638 πόλις
3232 3573 3441 3644 νομίζει
3472 3574 3535 3625 οὐ
3568 3590 3657 3625 vo-

2078 3665 2287 3739 μίζων·
2322 3667 2474 3738 φόϐῳ
2523 3667 2617 3721 τοῦ
2663 3666 2888 3723 κωνείου
2918 3666 3031 3738 (57)
3083 3665 3323 3719 ποικίλον
3387 3664 3508 3718 τινὰ
3562 3682 3659 3718 και

2075 3759 2548 3831 ἐσχηματισμένον
2580 3758 2673 3811 τὸν
2706 3758 2833 3831 περὶ
2866 3758 3003 3813 θεῶν
3034 3756 3302 3828 γυμνάζει
3322 3756 3497 3825 λόγον,
3516 3751 3657 3810 εἶναί

2073 3870 2133 3906 τε
2191 3852 2347 3915 θεοὺς
2376 3854 2486 3915 τοῖς
2519 3851 2879 3923 βουλομένοις,
2899 3850 2990 3904 καὶ
3023 3850 3098 3921 μὴ
3124 3846 3261 3902 εἶναι
3287 3843 3367 3913 οἷς
3397 3849 3659 3903 τάναντία

2075 3942 2241 4005 δοκεῖ,
2276 3941 2354 4012 τῷ
2388 3941 2531 4011 λόγῳ
2564 3940 3009 4005 κατασκευάζων,
3041 3940 3118 4003 ὼς
3151 3940 3305 3993 ἔσται
3348 3940 3527 4011 ῥᾴδιον
3560 3940 3655 3992 ἀπ’

2077 4033 2255 4086 αὐτῶν
2286 4033 2396 4086 τῶν
2436 4033 2526 4086 ὑπ’
2549 4032 2720 4086 αὑτοῦ·
2745 4033 3041 4104 λεχθέντων
3068 4031 3289 4102 γνῶναι.
3326 4033 3440 4085 Πᾶν
3466 4031 3574 4103 γάρ
3595 4032 3657 4086 τὸ

2077 4125 2366 4196 γενόμενον
2414 4124 2605 4195 θνητὸν
2655 4125 3179 4197 προαποφηνάμενος
3224 4119 3383 4189 εἶναι,
3429 4122 3656 4195 ὕστερον

2080 4218 2235 4281 θεοὺς
2280 4216 2606 4288 γεγενῆσθαι
2648 4217 2812 4285 λέγει.
2866 4217 2930 4268 Εἰ
2963 4216 3141 4268 τοίνυν
3184 4214 3357 4285 ἀρχὴν
3402 4215 3657 4267 ἁπάντων

2081 4310 2172 4363 τὸν
2206 4310 2338 4363 Θεὸν
2371 4310 2468 4363 καὶ
2501 4310 2599 4380 τὴν
2633 4308 2763 4379 ὓλην
2796 4304 2932 4361 εἶναι
2962 4305 3227 4378 βούλεται,
3262 4306 3417 4377 δῆλον
3440 4307 3521 4359 ὅτι
3544 4306 3655 4377 (58)

2083 4467 2235 4523 deest
2281 4465 2413 4519 illud
2445 4465 2505 4519 ἓν
2537 4465 2681 4535 apud
2725 4465 2896 4523 Clem.
2928 4473 2983 4516 ct
3006 4463 3190 4533 Cyrill.
3226 4462 3405 4529 Quare
3451 4476 3657 4535 expuu-

612 4533 731 4600 Τὴν
753 4524 871 4606 μὲν·
1059 4527 1313 4599 μονάδα.
1365 4529 1489 4606 limo
1541 4524 1760 4606 totidem
1784 4524 1972 4606 uerbis

2086 4553 2214 4606 gere
2239 4552 2343 4606 non
2374 4524 2649 4600 dubitavi;
2682 4550 2815 4606 cum,
2833 4524 3130 4602 praesertim
3171 4524 3433 4606 repugnet
3462 4524 3655 4586 eliser-

2087 4602 2287 4729 gatiﬁni
2314 4604 2658 4729 thagoraz,
2682 4607 2775 4674 qui
2804 4605 2972 4659 Deum
2995 4618 3117 4659 esse
3144 4602 3367 4674 μονάδα,
3398 4616 3508 4656 nou
3529 4616 3659 4657 vero

2117 4693 2165 4729 v.
2238 4692 2317 4729 tce
2358 4692 2386 4727 a
2420 4718 2436 4729 .

2117 4693 2165 4738 ν,
2199 4686 2436 4731 dicebat.

2158 4748 2269 4815 (55)
2309 4748 2578 4801 Κύκλων.
2622 4746 2781 4801 Deest
2831 4744 2883 4799 iu
2927 4748 3058 4813 Reg.
3100 4745 3123 4797 l
3157 4754 3210 4796 et
3240 4743 3297 4807 2,
3327 4754 3380 4815 et
3412 4743 3476 4815 ad
3508 4756 3655 4815 mar-

2085 4811 2263 4883 ginem
2291 4828 2497 4871 tantum
2527 4819 2743 4886 legitur.
2769 4811 3099 4871 Cletneuset
3129 4816 3280 4868 Coll).
3310 4813 3389 4883 τῷ
3419 4812 3527 4883 ὅλῳ
3559 4811 3658 4866 κύ-

2086 4888 2216 4940 κλω.
2251 4887 2399 4940 Heus
2438 4900 2484 4939 et
2522 4889 2778 4940 animalia
2805 4887 3043 4939 universo
3073 4885 3290 4937 circulo.

2086 4900 2216 4941 κΑω.
2251 4900 2399 4940 Heus
2438 4900 2484 4939 et
2522 4900 2778 4940 ammutto
2805 4902 3043 4939 universo
3073 4900 3290 4937 crrcuto.

2156 4942 2293 5027 (55⁸)
2331 4956 2627 5024 Μέλητον.
2673 4956 2821 5011 llanc
2850 4956 3009 5008 codd.
3044 4956 3175 5022 Heg.
3209 4956 3259 5015 l,
3286 4955 3340 5015 2,
3367 4953 3421 5007 4.
3448 4953 3689 5027 ᾼΓςειιυ

2088 5022 2190 5082 tor.
2225 5022 2283 5082 et
2309 5045 2409 5081 Ius.
2439 5022 2549 5081 Pici
2576 5028 2841 5081 ﬁrmatam
2868 5027 3194 5092 scripturam
3231 5025 3512 5089 revocavi;
3539 5022 3656 5077 vul-

2084 5107 2205 5165 gata
2230 5098 2375 5151 enim
2404 5098 2638 5151 Μέλιτον
2670 5098 2893 5150 debetur
2921 5096 3230 5149 iutacismo.
3256 5093 3433 5150 Οττο.

2157 5168 2270 5238 (56)
2308 5165 2771 5235 Παρασκευάσῃ.
2811 5167 3044 5238 Clarum.
3079 5166 3535 5238 παρασκευάσειε.

2158 5234 2269 5307 (57)
2309 5234 2473 5302 Φόϐῳ
2492 5239 2597 5292 τοῦ
2626 5238 2894 5289 κωνείου.
2937 5235 3054 5307 Νοιι
3079 5237 3227 5288 solus
3247 5234 3496 5307 Justinus
3519 5236 3658 5307 hanc

2088 5306 2325 5363 Platonis
2355 5310 2664 5362 observant
2716 5306 3224 5360 dissimulationem.
3275 5306 3419 5358 Idem
3461 5306 3526 5359 de
3563 5306 3653 5358 illo

2077 5376 2340 5442 judicium
2373 5379 2609 5431 tulerunt
2636 5379 3017 5445 Athenagoras
3053 5378 3233 5443 Apo!.,
3271 5391 3326 5427 ιι.
3356 5375 3447 5438 22,
3492 5376 3659 5427 Euse-

2087 5450 2205 5502 hius
2238 5447 2437 5515 Ρνιερ.,
2467 5449 2504 5503 l.
2541 5465 2599 5513 Il,
2626 5465 2674 5502 ο.
2707 5448 2739 5501 6
2768 5460 2819 5501 et
2855 5448 2906 5510 7,
2937 5446 3124 5515 (lyrill.
3157 5461 3194 5511 ι,
3227 5447 3365 5511 λιιι..
3413 5463 3531 5514 pag.
3567 5445 3653 5501 54.

2085 5519 2462 5572 'l‘hcodoretus
2493 5520 2585 5572 lib.
2620 5535 2704 5581 ιιι,
2738 5519 2873 5570 Adv.
2900 5517 3134 5580 (ἔνατος,
3170 5531 3291 5585 pag.
3318 5516 3423 5568 512
3451 5527 3505 5570 ct
3531 5515 3654 5570 519.

2086 5590 2145 5642 S.
2186 5588 2521 5658 Augustinus
2543 5590 2713 5658 initio
2744 5590 2866 5643 libri
2899 5587 2973 5639 De
2998 5602 3118 5658 vero
3152 5588 3420 5658 religione.

2153 5656 2505 5730 (58)*Aﬁ.ler
2528 5657 2637 5710 ὅτι.
2680 5660 2914 5715 (Iolhcrt.
2945 5666 2997 5710 et
3030 5656 3157 5724 licg.
3179 5656 3212 5708 ε
3243 5656 3500 5727 δηλονότι.
3536 5657 3654 5713 Mox

2084 5731 2223 5786 idem
2246 5728 2405 5786 Coll).
2440 5728 2607 5798 λέγει.
