3948 6256
380 317 484 371 279

1327 312 1385 367 s.
1421 308 1676 369 tusrtut
1703 287 2130 365 PHILOSOPm
2156 309 2243 365 ET
2282 306 2644 365 MARTYRIS

3505 304 3616 359 280

378 432 454 486 ris
480 430 652 495 hostis
680 392 913 494 demde,
945 445 1065 485 cum
1096 445 1188 485 eos
1217 430 1295 485 sic
1321 431 1685 502 alloqueretur
1711 447 1724 485 :
1761 423 1821 485 Si
1850 424 1942 480 ob-

2050 432 2077 483 ὀ
2103 430 2484 503 μισάνθρωπος
2504 429 2712 498 δαίμων
2733 425 3023 497 ἠϐουλήθη,
3048 425 3223 496 φήσας
3240 421 3374 495 πρὸς
3387 421 3612 488 αὐτοὺς,

376 524 542 578 secuti
568 525 697 577 mihi
727 524 935 593 fueritis
974 524 1278 579 mandatum
1319 524 1416 580 Dei
1456 524 1892 595 transgredientes
1919 562 1935 588 ,

378 613 522 677 eritis
570 614 707 667 sicut
753 614 851 679 dii,
882 613 1011 668 deos
1060 614 1336 683 appellans
1367 629 1459 669 eos
1486 616 1577 685 qui
1604 630 1713 671 non
1753 621 1936 678 erant,

380 714 438 757 ut
465 704 709 769 homines
735 704 985 765 arbitrati
1021 704 1154 765 alios
1180 706 1340 773 etiam
1376 708 1503 771 deos
1533 721 1673 773 esse,
1701 720 1760 763 se
1805 720 1941 775 quo-

377 810 484 866 que
522 797 653 853 deos
697 796 813 859 ﬁeri
842 810 1002 869 posse
1032 796 1348 861 crederem;
1382 813 1503 861 eum
1532 799 1659 863 hoc,
1692 798 1938 866 inquam,

377 887 587 943 videret
617 887 779 965 Deus,
810 898 1094 958 prepterea
1136 886 1304 959 Moysi
1352 888 1513 951 dixit,
1556 887 1667 956 Ego
1705 904 1820 941 sum
1851 902 1941 943 ex-

376 980 563 1043 sistens
590 978 701 1053 ille,
732 989 791 1033 ut
822 995 922 1049 per
952 980 1313 1055 participium,
1345 982 1624 1053 exsistens,
1660 979 1759 1033 Dei
1794 979 1941 1034 exsi-

378 1068 571 1123 5tentis
601 1078 653 1131 et
687 1084 791 1126 non
816 1072 1188 1137 exsistentium
1232 1072 1524 1126 discrimen
1565 1071 1806 1124 doceret.
1834 1068 1938 1137 lgi-

380 1168 469 1211 tnr
494 1175 616 1221 eum
647 1161 886 1223 obsecuti
916 1161 1258 1217 fraudulento
1304 1162 1533 1217 (ιπηιοηί
1581 1161 1847 1222 homines,
1877 1173 1941 1213 ac

381 1248 474 1305 Dei
506 1259 832 1322 prteceptum
866 1253 1070 1313 violare
1114 1254 1234 1311 ausi
1264 1264 1467 1317 essent,
1496 1266 1526 1306 e
1559 1252 1815 1322 paradiso
1845 1264 1941 1305 ex-

379 1345 578 1408 ierunt,
608 1357 672 1396 ac
696 1344 918 1399 deorum
966 1344 1177 1411 quidem
1226 1358 1419 1398 nomen
1451 1343 1505 1397 in
1545 1341 1803 1397 memoria
1842 1341 1938 1394 ha-

379 1432 564 1499 buere,
595 1435 689 1487 sed
722 1450 826 1488 non
851 1434 961 1502 jam
991 1435 1219 1504 amplius
1246 1451 1277 1491 a
1313 1436 1420 1489 Deo
1451 1434 1626 1489 nullos
1667 1448 1786 1488 esse
1813 1434 1944 1488 deos

377 1524 556 1579 edocti
595 1536 743 1580 sunt.
777 1525 962 1595 Neque
1000 1528 1143 1581 enim
1180 1541 1390 1595 aequum
1426 1535 1567 1591 erat,
1600 1534 1658 1580 ut
1697 1525 1787 1595 qui
1832 1523 1944 1593 pri-

376 1632 525 1677 mum
554 1604 880 1697 praeceptum
919 1635 1022 1681 non
1069 1629 1399 1684 servassent,
1432 1620 1577 1688 quod
1616 1627 1793 1672 tamen
1825 1624 1943 1675 erat

377 1708 446 1779 ad
489 1709 810 1777 servandum
861 1708 1038 1774 facile,
1083 1710 1118 1764 ii
1168 1707 1399 1781 τριιιριίιιε
1451 1709 1798 1767 docerentur,
1846 1705 1941 1759 sed

2049 524 2115 579 El
2145 520 2478 589 πεισθείητέ
2500 538 2601 590 μοι
2634 518 2746 585 τὴν
2770 518 2873 579 τοῦ
2912 516 3057 571 Θεοῦ
3095 514 3411 584 παρελθεῖν
3438 511 3613 569 ἐντο-
3702 544 3703 547 η

2043 616 2183 683 xiv,
2206 614 2422 669 ἔσεσθε
2446 612 2526 677 ώς
2547 611 2689 672 θεοὶ,
2716 609 2868 671 θεοὺς
2888 607 3164 679 ὀνομάζων
3186 606 3312 671 τοὺς
3335 608 3409 680 μὴ
3427 606 3614 671 ὄντας,

2045 708 2131 760 ἵνα
2174 709 2223 759 οί
2266 705 2559 779 ἄνθρωποι,
2590 702 2861 772 οἰηθέντες
2900 700 2992 754 καὶ
3022 701 3238 771 ἐτέρους
3274 696 3412 753 εἶναι
3433 698 3615 762 θεοὺς,

2046 799 2142 853 καὶ
2188 800 2417 861 ἑαυτοὺς
2462 797 2721 852 δύνασθαι
2764 796 3015 866 γενέσθαι
3049 796 3201 860 θεοὺς
3240 793 3612 849 πιστεύσωσιο

2043 894 2131 947 διὰ
2159 892 2313 947 τοῦτο
2333 892 2469 963 πρὸς
2498 890 2586 945 τὸν
2623 890 2859 945 Μωῦσέα
2881 890 3002 958 ἔφη,
3022 888 3160 958 Ἐγώ
3181 892 3297 959 εἰμι
3326 891 3359 944 ό
3376 887 3481 952 ὢν,
3522 888 3617 949 ἵνα

2043 985 2131 1059 διὰ
2164 985 2262 1059 τῆς
2296 985 2548 1059 μετοχῆς,
2584 982 2779 1049 ὄντος,
2812 983 2906 1041 τοῦ
2938 981 3071 1036 Θεοῦ
3100 982 3251 1047 ὄντος
3291 980 3384 1034 καὶ
3420 980 3495 1052 μὴ
3524 980 3621 1033 δν-

2043 1092 2151 1129 των
2171 1075 2431 1151 διαφορὰν
2463 1072 2666 1146 διδάξῃ.
2702 1064 3019 1136 Πεισθέντες
3049 1071 3225 1126 τοίνυν
3253 1070 3300 1129 οἰ
3338 1068 3619 1140 ἀνθρωττοι

2043 1163 2121 1235 τῷ
2154 1164 2457 1235 ἡπατηκότι
2486 1162 2717 1232 δαίμονι,
2752 1161 2846 1217 καὶ
2879 1161 3010 1214 Θεοῦ
3042 1161 3379 1231 παρακοῦσαι
3412 1160 3622 1231 τολμήι

2046 1271 2254 1325 σαντες,
2277 1253 2496 1323 ἐξῆλθον
2518 1253 2608 1305 τοῦ
2631 1251 2977 1323 παραδείσου,
2995 1252 3085 1306 τοῦ
3108 1253 3204 1322 μὲν
3225 1252 3482 1323 ὀνόματος
3504 1252 3620 1304 τῶν

2046 1345 2181 1399 θεῶν
2203 1343 2310 1415 (66)
2340 1342 2698 1423 μεμνημένοι,
2730 1343 2927 1415 μηκέτι
2959 1341 3013 1395 δὲ
3040 1341 3189 1413 παρά
3213 1341 3348 1394 Θεοῦ
3374 1340 3447 1412 μὴ
3476 1337 3619 1407 εἶναι

2045 1436 2199 1500 θεοὺς
2221 1437 2436 1508 ἐτέρους
2464 1435 2900 1507 διδαχθέντες.οὺ
2924 1434 3032 1506 γὰρ
3051 1434 3253 1487 δίκαιον
3284 1430 3351 1505 ἦν
3371 1435 3495 1499 τοὺς
3515 1432 3619 1506 τὴν

2045 1528 2265 1605 πρώτην
2303 1528 2520 1601 ἐντολὴν
2554 1530 2627 1599 μὴ
2662 1527 3020 1598 φυλάξαντας,
3055 1526 3121 1597 ἢν
3168 1525 3395 1595 φυλάξαι
3433 1524 3617 1597 ῥᾴδιον

2043 1616 2129 1691 ἦν,
2161 1620 2429 1674 διδάσκειν
2456 1621 2555 1684 ἔτι,
2595 1620 2729 1675 ἀλλά
2769 1620 3034 1692 τιμωρίαν
3067 1619 3249 1682 αὐτοῖς
3277 1618 3502 1687 ἐπάγειν
3532 1618 3620 1671 δι·-

2046 1711 2223 1767 καίαν.
2244 1711 2624 1783 Ἐκὸληθέντες
2661 1710 2838 1765 τοίνυν
2870 1709 2962 1763 τοῦ
2996 1708 3342 1780 παραδείσου,
3375 1708 3469 1761 καὶ
3503 1708 3622 1761 οἰό-

377 1802 557 1870 potius
593 1811 648 1856 ut
677 1801 908 1863 debitam
930 1815 1145 1872 poenam
1178 1802 1568 1870 persolverent.
1591 1798 1758 1875 Ejecti
1786 1799 1942 1866 igitur

2048 1823 2197 1877 μενοι
2223 1805 2310 1859 διά
2344 1805 2439 1876 τὴν
2479 1805 2761 1876 παρακοὴν
2805 1803 3163 1873 ἐκϐεϐλῆσθαι
3208 1804 3392 1874 μόνην,
3422 1800 3480 1853 οῦ
3509 1798 3623 1871 μὴν

380 1894 657 1963 paradiso,
681 1910 848 1969 seque
865 1895 935 1950 ob
963 1910 1081 1957 eam
1115 1905 1323 1949 tantum
1349 1910 1565 1953 causam
1590 1894 1790 1967 ejectos
1818 1892 1938 1958 rati,

378 1988 520 2055 quod
567 1988 674 2047 Deo
722 1972 829 2042 non
873 1988 1201 2058 paruissent,
1250 1987 1469 2041 minime
1511 2001 1639 2041 vero
1679 1985 1748 2041 ob
1797 1985 1942 2039 illam

379 2078 569 2151 etiam,
600 2078 739 2150 quod
770 2078 900 2134 deos
931 2094 1073 2142 esse,
1099 2078 1190 2148 qui
1226 2078 1353 2131 nulli
1384 2093 1609 2149 prorsus
1639 2085 1783 2139 Sunt,
1819 2090 1941 2131 cre-

380 2170 642 2245 didissent
667 2210 683 2237 ,
715 2185 907 2229 nomen
939 2172 1158 2225 deorum
1196 2171 1394 2240 genitis
1425 2184 1492 2224 ex
1524 2184 1583 2223 se
1613 2178 1795 2237 postea
1841 2169 1941 2221 ho-

379 2261 619 2315 minibus
648 2261 1003 2321 tradiderunt.
1026 2260 1150 2321 llaec
1182 2261 1343 2328 igitur
1366 2262 1537 2330 prima
1565 2260 1776 2315 exstitit
1807 2258 1942 2314 falsa

379 2352 446 2417 de
476 2351 579 2408 diis
611 2350 940 2414 informatio,
981 2366 1009 2404 a
1040 2349 1282 2405 mendaci
1313 2360 1468 2419 patre
1500 2360 1681 2404 ortum
1714 2348 1940 2405 habens.

377 2443 511 2499 Cum
547 2453 725 2503 autem
766 2443 973 2497 videret
1002 2443 1140 2498 Deus
1174 2442 1362 2501 falsam
1388 2442 1453 2497 de
1486 2442 1585 2496 diis
1612 2442 1938 2511 opinionem,

382 2534 543 2589 veluti
566 2534 851 2604 quemdam
878 2534 1121 2588 morbum
1154 2534 1204 2587 in
1236 2536 1444 2589 animas
1475 2535 1749 2590 hominum
1790 2548 1943 2601 gras-

377 2626 507 2691 sari,
560 2639 679 2678 eam
731 2624 915 2691 tollere
969 2634 1023 2678 et
1064 2640 1257 2679 eruere
1307 2625 1493 2679 volens
1540 2641 1661 2679 cum
1707 2625 1940 2695 primum

377 2698 547 2782 Μογεὶ
593 2712 742 2775 visus
790 2721 891 2773 εει,
926 2711 973 2765 ei
1029 2711 1166 2765 dixit
1198 2729 1211 2764 :
1248 2711 1358 2784 Ego
1389 2730 1505 2766 sum
1549 2715 1800 2767 exsistam
1830 2714 1937 2767 ille.

376 2802 673 2870 Oportebat
702 2802 865 2864 enim.
898 2812 954 2856 ut
999 2804 1248 2871 equidem
1283 2803 1536 2865 arbitror,
1580 2813 1637 2857 ut
1668 2805 1759 2875 qui
1794 2805 1942 2874 prin—

374 2907 506 2962 ceps
548 2900 605 2948 et
647 2891 756 2949 dux
799 2892 1039 2949 Hebraeae
1070 2891 1246 2961 gentis
1276 2892 1489 2947 futurus
1516 2900 1658 2956 erat,
1700 2894 1939 2948 omnium

376 2987 586 3059 primus
616 2986 967 3059 exsistentem
997 2994 1348 3057 cognosceret
1374 2985 1562 3040 Deum.
1586 2984 1740 3047 Unde
1775 2985 1939 3039 etiam

375 3091 497 3130 eum
524 3076 598 3133 illi
631 3077 868 3132 omnimn
912 3077 1090 3146 primo
1127 3077 1273 3132 visus
1308 3084 1410 3144 est,
1443 3085 1706 3147 quantum
1732 3075 1938 3130 homini
1966 3116 2012 3177 Ο

375 3171 455 3225 fas
485 3182 604 3225 erat
645 3171 815 3225 Deum
846 3171 1036 3233 videri,
1069 3171 1201 3225 dixit
1246 3171 1313 3225 ad
1358 3185 1481 3225 eum
1517 3188 1531 3223 :
1567 3171 1677 3241 Ego
1700 3186 1814 3223 sum
1847 3186 1938 3224 exp

374 3266 563 3318 sistens
594 3263 701 3318 ille.
742 3263 942 3318 Deinde
977 3264 1124 3317 illum
1157 3262 1223 3317 ad
1254 3263 1510 3319 Hebraeos
1535 3264 1824 3331 missurus,
1846 3278 1940 3318 eo-

375 3356 497 3410 dem
533 3355 636 3410 illis
660 3354 828 3424 jussit
862 3356 1079 3410 dicere:
1117 3356 1385 3410 Exsistens
1414 3355 1517 3417 ille
1561 3356 1703 3410 misit
1745 3372 1826 3409 me
1872 3357 1941 3409 ad

374 3464 481 3515 vos.

445 3537 536 3593 22.
574 3536 699 3601 Haec
740 3538 905 3610 igitur
939 3536 1096 3594 Plato
1133 3554 1257 3594 eum
1290 3538 1347 3594 in
1380 3537 1612 3609 λΕιίξΥριο
1643 3539 1939 3603 didicisset,

376 3645 441 3684 ac
472 3614 820 3685 vehementer
851 3628 1210 3683 delectaretur
1244 3627 1330 3681 his
1360 3628 1427 3683 de
1457 3644 1565 3684 uno
1597 3628 1708 3684 Deo
1738 3629 1898 3684 dictis
1924 3646 1939 3694 ;

376 3735 572 3776 nomen
603 3721 818 3790 quidem
846 3720 1068 3792 Moysis,
1110 3734 1176 3775 eo
1208 3720 1354 3792 quod
1384 3734 1548 3774 unum
1589 3721 1637 3783 is
1666 3731 1721 3775 et
1756 3722 1941 3792 singu-

378 3816 546 3875 larem
575 3814 796 3879 doceret
837 3813 1027 3881 Deum,
1073 3828 1378 3869 memorare
1409 3814 1549 3883 apud
1581 3813 1941 3879 Athenienses

377 3915 547 3961 tutum
595 3920 714 3962 esse
755 3921 864 3961 non
913 3905 1100 3971 duxit,
1138 3905 1481 3975 Areopagum
1526 3915 1809 3970 metuens;
1845 3908 1939 3962 sed

2045 1898 2242 1962 εἰδότες
2270 1898 2404 1951 διότι
2433 1898 2526 1951 καὶ
2559 1897 2712 1961 θεοὺς
2743 1896 2816 1968 μὴ
2838 1896 2994 1960 ὄντας
3025 1894 3354 1965 ἐπείσθησαν
3375 1891 3533 1956 εἶναι,
3554 1891 3623 1945 τὸ

2044 1991 2151 2045 τῶν
2192 1991 2329 2046 θεῶν
2371 1992 2541 2062 ὄνομα
2570 1990 2679 2063 (67)
2708 1991 2799 2044 καὶ
2829 1993 2942 2055 τοῖς
2975 1990 3112 2061 μετά
3149 1991 3320 2044 ταῦτα
3348 1988 3405 2056 ἐξ
3434 1989 3624 2043 αὐτῶν

2042 2080 2351 2153 γενομένοις
2396 2080 2699 2153 ἀνθρώποις
2743 2081 3044 2152 παρέδοσαν
3070 2080 3200 2153 (68).
3250 2080 3396 2152 Αὕτη
3440 2083 3624 2136 τοίνυν

2043 2170 2232 2243 πρώτη
2268 2171 2394 2242 περὶ
2425 2171 2561 2224 θεῶν
2584 2172 2783 2243 ψευδὴς
2817 2172 3104 2245 φαντασία,
3129 2170 3234 2224 ἀπὸ
3267 2172 3358 2225 τοῦ
3382 2171 3623 2241 ψεύστου

2043 2262 2249 2333 πατρὸς
2278 2264 2452 2333 ἀρχὴν
2481 2266 2764 2334 ἐσχηκυῖα.
2794 2263 2962 2326 Εἰδὼς
2992 2265 3168 2317 τοίνυν
3193 2266 3219 2317 ὁ
3245 2263 3376 2327 Θεὸς
3399 2264 3494 2335 τὴν
3518 2264 3625 2334 τῆς

2043 2353 2429 2425 πολυθεότητος
2471 2355 2544 2426 μὴ
2580 2355 2756 2426 ἀληθῆ
2788 2355 2967 2422 δόξαν,
2997 2356 3183 2427 ὥσπερ
3221 2356 3341 2419 τινὰ
3369 2356 3522 2417 νόσον
3548 2356 3622 2425 τῇ

2042 2443 2149 2505 τῶν
2182 2444 2481 2516 ἀνθρώπων
2508 2446 2823 2516 ἐνοχλοῦσαν
2846 2446 3010 2518 ψυχῇ,
3033 2447 3238 2499 ἀνελεῖν
3271 2447 3361 2500 καὶ
3384 2445 3622 2516 ἀνατρέ-

2040 2535 2139 2605 ψαι
2181 2536 2522 2608 βουλόμενος,
2555 2538 2768 2610 πρῶτον
2802 2541 2898 2611 μὲν
2947 2541 3023 2611 τῷ
3044 2543 3247 2611 Μωῦσῇ
3288 2540 3474 2609 φανεὶς
3510 2538 3619 2609 ἔφη

2043 2630 2179 2699 πρὸς
2208 2630 2370 2685 αὐτόν
2392 2647 2404 2660 °
2453 2630 2591 2701 Ἐγώ
2628 2634 2743 2701 ειμι
2773 2636 2806 2686 ό
2832 2632 2937 2687 ὥν.
2958 2634 3103 2686 ’Ἔδει
3138 2632 3246 2703 γὰρ
3276 2632 3408 2704 (69),
3436 2627 3620 2701 οἶμαι,

2042 2722 2132 2775 τὸν
2159 2724 2393 2793 ἄρχοντα
2422 2724 2515 2778 καὶ
2549 2723 2852 2796 στρατηγὸν
2880 2724 2970 2776 τοῦ
2999 2723 3104 2777 τῶν
3142 2724 3405 2793 Ἐϐραίων
3424 2722 3619 2792 γένους

2043 2812 2258 2866 ἔσεσθαι
2301 2814 2579 2885 μέλλοντα,
2629 2814 2843 2887 πρῶτον
2872 2815 3123 2868 ἀπάντων
3166 2814 3256 2867 τὸν
3294 2813 3422 2866 ὄντα
3450 2811 3619 2881 γινώ-

2044 2922 2193 2958 σκειν
2235 2905 2386 2959 Θεόν.
2429 2906 2519 2967 Διὸ
2543 2906 2635 2960 καὶ
2663 2906 2834 2976 τούτῳ
2858 2904 3057 2976 πρώτῳ
3084 2903 3290 2974 φανεὶς,
3323 2904 3397 2967 ὼς
3422 2899 3488 2977 ἦν
3521 2902 3620 2955 δυο

2042 2994 2200 3048 νατὸν
2231 2995 2501 3067 ἀνθρώπῳ
2527 2997 2759 3066 φανῆναι
2785 2996 2937 3062 Θεὸν,
2962 2996 3065 3067 ἔφη
3091 2996 3225 3068 πρὸς
3250 2997 3436 3049 αὐτόν’

2042 3089 2157 3156 εἰμι
2174 3089 2205 3140 ὀ
2225 3086 2310 3155 ὥν
2326 3105 2339 3118 ·
2360 3084 2476 3141 εἷτα
2496 3088 2844 3142 ἀποστέλλειν
2863 3089 3023 3142 αὑτὸν
3044 3089 3177 3159 πρὸς
3196 3089 3318 3153 τοὺς
3333 3087 3620 3160 Ἐϐραίους

2045 3176 2272 3246 μέλλων,
2297 3176 2568 3241 κάκείνοις
2594 3177 2754 3232 αὐτὸν
2781 3178 2849 3247 τὰ
2874 3176 3012 3230 αὐτὰ
3052 3168 3375 3250 προστάττει
3398 3175 3571 3245 λέγειν
3594 3189 3619 3207 δ

2050 3266 2112 3319 '0
2134 3266 2218 3319 ὢν
2244 3268 2589 3322 ἀπέσταλκέ
2604 3285 2681 3337 με
2711 3267 2861 3336 πρὸς
2880 3266 3057 3336 ὑμᾶς.

2111 3555 2204 3609 22.
2242 3554 2426 3608 Ταῦτα
2474 3554 2649 3607 τοίνυν
2695 3556 2752 3607 ἐν
2792 3556 3051 3626 Αἰγύπτῳ
3076 3556 3262 3626 μαθὼν
3301 3558 3331 3608 ὁ
3366 3556 3615 3627 Πλάτων,

2039 3646 2134 3700 καὶ
2172 3646 2377 3717 σφόδρα
2415 3644 2664 3716 ἀρεσθεὶς
2694 3647 2805 3710 τοῖς
2830 3647 2956 3720 περί
2976 3647 3092 3710 ἐνὸς
3122 3647 3254 3699 Θεοῦ
3281 3649 3609 3719 εἰρημένοις,

2039 3736 2133 3791 τοῦ
2165 3736 2264 3808 μὲν
2286 3736 2549 3807 ὀνόματος
2574 3738 2873 3802 Μωῦσέως,
2899 3738 2985 3793 διὰ
3011 3739 3070 3792 τὸ
3097 3739 3192 3793 ἕνα
3218 3740 3310 3794 καὶ
3353 3742 3510 3811 μόνον
3538 3742 3619 3795 δι-

2038 3828 2259 3887 δάσκειν
2274 3828 2426 3892 Θεὸν,
2452 3827 2821 3898 μνημονεῦσαι
2847 3832 2975 3901 παρ’
2992 3829 3296 3901 Ἀθηναίοις
3315 3832 3414 3886 οὐκ
3440 3833 3618 3902 ἀσφαρ-

2041 3918 2131 3982 λές
2168 3920 2373 3989 ἡγεῖτο,
2416 3918 2602 3983 δεδιὼς
2640 3918 2730 3974 τὸν
2756 3921 2972 3992 Ἀρειον
3013 3921 3185 3989 πάγον
3207 3939 3219 3953 ⁸
3264 3923 3323 3981 τὸ
3352 3923 3408 3977 δὲ
3434 3924 3615 3988 καλῶς

376 4000 518 4069 quod
542 3998 800 4077 praeclare
829 4000 898 4055 ab
928 4015 993 4055 eo
1026 3997 1228 4053 dictum
1247 3997 1445 4067 fuerat,
1470 3999 1524 4054 id
1548 4014 1654 4054 non
1685 4010 1940 4069 tanquam

2044 4010 2327 4082 εἰρημένον
2375 4012 2464 4065 ὑπ’
2493 4012 2679 4077 αὐτοῦ,
2722 4013 2820 4084 οὐχ
2862 4014 2937 4078 ὡς
2981 4017 3110 4087 παρ’
3146 4015 3355 4069 ἐκείνου
3402 4015 3614 4086 μαθὼν,

376 4094 448 4150 ab
471 4107 537 4148 eo
566 4100 871 4161 acceptum,
902 4092 997 4147 sed
1027 4103 1084 4149 ut
1114 4107 1267 4147 suam
1295 4090 1465 4160 ipsius
1499 4091 1822 4151 sententiam
1846 4106 1942 4146 ex-

2044 4102 2155 4158 ἀλλ’
2178 4106 2252 4168 ὡς
2278 4104 2471 4158 ἐαυτοῦ
2498 4104 2843 4176 ἐκτιθέμενος
2861 4106 3038 4172 δόξαν,
3066 4108 3123 4159 ἐν
3143 4105 3220 4176 τῷ
3246 4107 3617 4176 ἐσπουδασμέ-

377 4200 586 4255 ponens
636 4182 688 4239 in
737 4182 830 4239 illo
873 4183 1155 4255 diligenter
1192 4182 1470 4240 elaborato
1498 4198 1685 4254 opere,
1721 4183 1942 4247 Timzeo.

2045 4213 2121 4268 νῳ
2147 4196 2312 4252 αὐτοῦ
2341 4198 2483 4269 λόγῳ
2508 4199 2741 4269 Τιμαίῳ,
2768 4201 2825 4253 ἐν
2850 4192 2895 4267 ᾧ
2916 4199 3011 4254 καὶ
3032 4199 3297 4269 θεολογεϊν
3319 4201 3614 4272 ἐπεχείρει,

378 4281 433 4334 in
463 4293 572 4357 quo
596 4278 663 4333 de
692 4278 855 4333 rebus
882 4277 1083 4332 divinis
1113 4276 1393 4345 disputare
1424 4276 1679 4343 instituit,
1705 4278 1847 4331 idem
1879 4278 1942 4343 de

2046 4287 2107 4339 τὸ
2131 4287 2261 4341 αὐτὸ
2275 4288 2303 4341 ὃ
2318 4288 2409 4341 καὶ
2428 4289 2562 4360 ’περὶ
2580 4289 2712 4342 Θεοῦ
2733 4290 2994 4361 Μωῢσῆς,
3017 4291 3463 4363 γέγραφεν.”Εφη
3482 4293 3612 4364 γάρ·

380 4373 490 4427 Deo
525 4370 747 4442 scripsit
792 4385 857 4424 ac
894 4369 1127 4440 Moyses.
1167 4370 1260 4422 Ait
1286 4368 1475 4424 enim:
1510 4368 1615 4439 23
1655 4388 1673 4420 I
1703 4368 1942 4425 Primum

2057 4379 2276 4432 «Ἔστιν
2306 4374 2398 4433 οῦν
2444 4380 2562 4443 κατ’
2596 4380 2733 4451 ἐμὴν
2764 4378 2919 4446 δόξαν
2951 4380 3244 4453 διαιρετέον
3290 4381 3528 4451 πρῶτον,
3562 4383 3617 4436 τί

380 4476 500 4518 meo
544 4462 762 4530 quidem
806 4461 1013 4529 judicio
1059 4462 1475 4517 discernendum
1501 4502 1516 4527 ,
1568 4462 1826 4530 quidnam
1869 4461 1941 4515 sit

2045 4472 2105 4524 τὸ
2135 4471 2194 4526 ὃν
2229 4472 2327 4543 μὲν
2350 4473 2456 4539 ἀεὶ,
2490 4473 2701 4542 γένεσιν
2732 4474 2789 4528 δὲ
2821 4475 2921 4528 οὐκ
2952 4472 3073 4545 ἔχον
3097 4492 3111 4507 ο
3148 4476 3240 4529 καὶ
3279 4476 3332 4530 τί
3369 4477 3429 4529 τὸ
3465 4478 3613 4546 γινό-

380 4555 511 4611 illud
534 4595 548 4619 ,
575 4554 718 4625 quod
755 4567 971 4621 semper
995 4554 1214 4623 quidem
1246 4554 1499 4619 exsistit,
1529 4555 1730 4609 factum
1761 4564 1942 4609 autem

2048 4580 2207 4635 μενον
2257 4564 2356 4635 μὲν
2403 4565 2510 4631 ἀεὶ,
2545 4564 2603 4619 ὃν
2648 4565 2705 4618 δὲ
2753 4566 3025 4620 οὐδέποτε.
3058 4585 3077 4617 ι
3115 4565 3303 4633 Τοῦτο,
3334 4561 3380 4622 ὧ
3422 4567 3615 4639 ἄνδρες

450 4691 583 4765 (66)-
612 4691 736 4765 Τῷν
766 4690 956 4765 θεῶν.Δ
976 4690 1055 4765 ln_
1078 4690 1396 4747 Colbertino
1431 4691 1617 4747 codice
1665 4708 1826 4765 supra
1877 4693 1944 4751 li-

380 4759 555 4821 neam'
572 4762 767 4831 legitur
802 4760 895 4813 τοῦ
924 4759 1078 4831 Θεοῦ.

450 4834 562 4906 (67)
587 4831 681 4906 ΔΤὸ
712 4831 831 4885 τῶν
856 4830 1006 4885 θεῶν
1034 4832 1232 4906 βνομα-
1275 4830 1676 4906 Commentum_
1700 4833 1944 4906 multitu-

378 4901 792 4961 dinis'deorum
838 4917 903 4955 ex
951 4903 1137 4955 eodem
1185 4904 1453 4966 serpentis
1483 4919 1605 4956 cum
1640 4901 1748 4957 Eva
1772 4905 1941 4959 collo-

379 4978 509 5045 quio
534 4973 749 5029 initium
778 4971 1053 5045 habuisse,
1082 4971 1629 5045 docent'Iheophilus
1650 4975 1943 5045 Antioche-

374 5040 481 5101 nus
514 5045 610 5099 lib.
628 5057 688 5111 ll,
718 5056 774 5098 n.
807 5040 898 5107 32,
930 5052 986 5096 et
1015 5041 1245 5111 Cyrillus
1274 5040 1673 5098 Alexandrinus
1704 5059 1768 5099 tu
1796 5044 1940 5113 Jul.,

376 5130 431 5185 p.
459 5116 551 5171 9t.

449 5186 562 5256 (68)
607 5183 826 5256 Τοῖς-..τί
970 5178 1168 5256 dimi)?
1212 5183 1554 5256 Temperat:
1611 5182 1944 5256 ἀνθρώποις

376 5250 744 5325 παρέδοσαν.
785 5253 898 5307 Nisi
925 5250 1311 5325 verbafJustini
1341 5250 1593 5310 accurate
1625 5250 1942 5322 expendam-

379 5324 487 5392 tur,
520 5326 793 5379 videbitur
841 5324 1134 5391 impietatis
1177 5324 1443 5393 originem
1493 5326 1549 5378 in
1595 5325 1859 5379 Adamum
1887 5336 1943 5380 et

380 5396 544 5450 Evam
577 5395 844 5460 conferre,
886 5394 1040 5463 quasi
1098 5394 1241 5447 illam
1275 5395 1372 5462 ipsi
1406 5393 1743 5467 docuissent,
1775 5410 1942 5467 seque

381 5469 433 5519 in
464 5481 529 5521 eo
564 5481 826 5533 peccasse
855 5480 961 5517 non
992 5471 1273 5532 putassent
1300 5464 1444 5531 quod
1478 5464 1715 5533 serpenti
1746 5464 1943 5520 multos

380 5547 512 5590 deos
569 5537 829 5591 asserenti
877 5535 1257 5587 credidissent.
1302 5538 1358 5587 1ο
1384 5535 1500 5588 iam
1533 5535 1943 5589 observavimus

380 5606 735 5673 pracedentis
773 5605 977 5672 periodi
1006 5619 1224 5658 sensum
1253 5604 1562 5675 inchoatum
1591 5619 1655 5658 ac
1685 5605 1942 5675 imperfe-

379 5688 526 5729 ctum
555 5690 697 5739 esse,
733 5684 907 5744 atque
940 5689 1006 5727 ex
1036 5674 1282 5742 sequenti
1313 5674 1653 5744 explendum.
1685 5673 1744 5727 2ο
1766 5673 1937 5730 Justi-

379 5761 483 5803 nus
505 5747 559 5802 in
592 5745 764 5817 prima
798 5743 1019 5813 periodo
1047 5743 1438 5801 institutionem
1476 5744 1793 5801 idololatriae
1829 5760 1943 5802 ma-

2044 4702 2241 4757 nifeste
2277 4699 2487 4757 confert
2518 4703 2569 4755 in
2600 4704 2805 4769 primos
2830 4702 2951 4757 illos
2982 4703 3251 4770 homines,
3283 4704 3377 4771 qui
3405 4704 3617 4767 fraudis

2042 4773 2250 4826 Adamo
2279 4784 2336 4827 et
2368 4772 2489 4826 Eva;
2533 4772 2687 4826 facta!
2720 4773 3097 4827 meminerant.
3128 4774 3238 4827 Cur
3270 4790 3399 4839 ergo
3431 4776 3483 4828 ln
3524 4790 3615 4829 se-

2042 4842 2460 4914 cundanvitium
2495 4844 2615 4914 hoc
2641 4842 2740 4912 ipsi
2784 4844 2991 4896 Adamo
3037 4851 3093 4897 et
3135 4842 3263 4898 Eva:
3295 4843 3617 4914 aﬂingeret?

2042 4912 2204 4966 Certe
2235 4911 2424 4982 iisdem
2458 4911 2669 4982 verbis
2704 4913 2755 4967 in
2805 4924 3036 4982 utraque
3065 4914 3288 4980 periodo
3317 4911 3521 4967 utitur:
3556 4914 3613 4968 in

2041 4982 2244 5055 prima,
2274 4981 2371 5051 τῆς
2401 4981 2521 5055 ῌτῶν
2554 4982 2830 5055 προγόνων
2860 4981 3240 5055 μεμνημένους
3267 4984 3480 5055 ἀπάτης
3495 5001 3522 5055 _'
3557 4986 3615 5038 in

2043 5053 2304 5125 secunda,
2332 5050 2428 5125 τοῦ
2465 5052 2561 5122 μὲν
2593 5050 2872 5123 ὀνόματος
2904 5050 3200 5125 τῶνὋεῶν
3252 5050 3610 5125 μεμνημένοι.

2043 5120 2102 5175 3°
2131 5120 2264 5177 Illud
2314 5120 2477 5176 etiam
2521 5120 2915 5179 observandum
2962 5132 3067 5189 est,
3093 5120 3362 5177 Justinnm
3396 5120 3501 5177 non
3531 5125 3616 5179 di-

2044 5206 2190 5256 cere,
2218 5192 2485 5263 Adamum
2528 5205 2583 5248 et
2620 5193 2788 5247 Evam
2820 5202 2912 5246 aut
2958 5195 3164 5263 primos
3213 5204 3487 5263 parentes,
3517 5195 3614 5248 sed

2045 5261 2366 5330 generatim,
2393 5263 2636 5316 homines
2679 5263 2880 5330 ejectos
2931 5261 3186 5331 paradiso
3214 5261 3428 5317 nomen
3483 5264 3615 5319 deo-

2046 5346 2161 5403 rum
2194 5333 2431 5403 posteris
2460 5333 2757 5403 tradidisse.
2791 5332 2849 5385 4ο
2878 5331 3072 5387 Mirum
3103 5331 3271 5387 videri
3301 5349 3403 5388 non
3429 5335 3610 5403 debet,

2044 5401 2088 5471 si
2117 5400 2364 5471 Justinus
2388 5403 2592 5469 primos
2622 5402 2742 5455 illos
2768 5404 3037 5467 homines,
3065 5417 3201 5471 quos
3232 5403 3300 5457 ab
3324 5404 3531 5458 Adamo
3556 5400 3612 5460 et

2045 5469 2154 5524 Eva
2186 5470 2492 5541 distinguit,
2540 5471 2738 5540 ejectos
2788 5474 3039 5541 paradiso
3081 5469 3136 5525 et
3172 5488 3201 5525 a
3233 5473 3477 5527 daemone
3512 5475 3609 5526 de-

2043 5550 2230 5608 ceptos
2270 5541 2423 5594 dicit.
2460 5542 2584 5596 Haec
2614 5543 2756 5595 enim
2791 5543 3040 5611 loquendi
3098 5542 3237 5597 ratio
3275 5542 3343 5595 ob
3395 5545 3607 5611 peccati

2043 5611 2319 5679 originalis
2358 5612 2845 5677 transmissionem,
2881 5624 2938 5665 ut
2984 5613 3034 5665 in
3066 5611 3390 5667 Prazfatione
3420 5614 3611 5669 obser-

2044 5695 2258 5745 vamus,
2294 5690 2606 5734 sanctorum
2644 5681 2865 5735 Patrum
2896 5698 2991 5735 usu
3023 5683 3146 5735 trita
3185 5694 3287 5736 est.

2116 5749 2227 5821 (69)
2271 5750 2427 5805 Ἔδει
2454 5750 2583 5823 γάρ.
2623 5750 2861 5809 Colbert.
2891 5751 2994 5806 ἔδει
3027 5751 3135 5824 γὰρ
3163 5747 3278 5806 οὖν.
