3948 6256
402 336 510 395 285
1369 334 1426 391 S.
1462 328 1717 391 JUSTlNl
1749 313 2177 391 PHILOSOPHI
2208 334 2296 391 ΕΤ
2334 334 2686 389 MARTYRIS
3545 333 3677 391 284⁷

406 456 635 524 ruptioni
670 455 961 508 obnoxium
995 468 1117 509 esse
1145 494 1161 516 ,
1199 455 1448 509 eumdem
1502 469 1646 509 nunc
1689 453 1958 508 contraria

2076 456 2335 509 τάναντία
2362 455 2524 507 αὑτὸν
2554 454 2760 523 εἰσάγει.
2782 455 3024 522 λέγοντα,
3054 454 3261 523 ἀγνοῶν
3289 456 3372 509 ὅτι
3399 454 3679 525 οὐδαμῶς

402 556 739 602 asserentem
784 547 1029 601 inducit:
1064 563 1170 601 non
1206 548 1650 609 animadvertetis
1693 564 1752 602 se
1788 545 1841 598 in
1868 546 1958 601 hat

2072 546 2216 599 οὕτω
2246 547 2471 599 δυνατὸν
2506 546 2565 598 τὸ
2588 546 2687 615 τῆς
2714 546 3064 614 ψευδολογίας
3090 549 3347 615 ἐκφυγεῖν
3375 546 3659 617 ἔγκλημα.

403 640 711 708 disputandi
766 640 977 692 ratione
1027 639 1294 693 mendacii
1348 639 1556 693 crimen
1619 639 1768 693 nullo
1817 650 1975 707 pacto

403 729 640 800 effugere
680 746 858 801 posse.
904 730 1013 802 24
1044 731 1137 785 Vel
1192 731 1337 784 enim
1385 731 1537 799 prius
1579 732 1839 786 mentitus
1868 745 1971 796 est,

404 838 528 876 cum
562 823 772 877 diceret
808 822 1070 891 quidquid
1114 820 1318 874 factum
1361 831 1445 876 est
1489 822 1827 891 corruptioni
1873 822 1973 876 ob-

403 912 623 966 noxium
655 928 774 967 esse
797 931 811 976 ;
838 912 921 966 vel
952 927 1127 977 nunc,
1176 914 1447 966 contraria
1491 915 1851 981 pronuntians
1886 913 1971 968 his

403 1017 523 1072 quae
552 1003 703 1072 prius
735 1004 944 1057 dixerat
972 1004 1039 1058 de
1068 1003 1191 1057 diis.
1225 1002 1280 1056 Si
1319 1005 1465 1057 enim
1497 1018 1719 1060 necesse
1750 1005 1970 1059 omnino

400 1102 507 1160 est,
535 1103 593 1148 ut
619 1094 882 1164 quidquid
928 1094 1129 1148 factum
1174 1104 1279 1160 est,
1304 1094 1639 1162 corruptioni
1673 1095 1968 1149 obnoxium

404 1185 474 1239 sit
521 1186 820 1239 secundum
853 1186 1088 1253 priorem
1126 1182 1244 1250 ejus
1270 1183 1677 1249 deﬁnitionem;
1709 1182 1803 1252 qui
1833 1197 1968 1252 qua—

401 1278 524 1331 drat
547 1287 606 1330 ut
631 1277 744 1331 ﬁeri
764 1278 952 1345 possit.
974 1276 1117 1345 quod
1148 1290 1371 1331 necesse
1395 1285 1477 1329 est
1506 1276 1622 1329 ﬁeri
1656 1290 1761 1329 non
1780 1274 1970 1344 posse?

401 1366 627 1422 Videtur
676 1368 843 1438 igitur
873 1367 1024 1423 Plato
1072 1367 1273 1421 frustra
1315 1366 1500 1435 opiﬁci
1544 1380 1644 1419 suo
1688 1379 1809 1432 quae
1851 1364 1964 1419 ﬁeri

399 1473 507 1513 non
557 1460 766 1526 possint
816 1456 1033 1527 largiri,
1082 1456 1210 1512 dum
1255 1470 1386 1521 eos,
1433 1455 1523 1525 qui
1572 1455 1741 1510 semel
1778 1471 1967 1509 corru-

398 1548 592 1618 ptioni.
621 1557 806 1616 utpote
836 1547 964 1602 facti
996 1562 1065 1601 ex
1092 1544 1573 1614 materia,obnoxii
1602 1554 1755 1613 sunt,
1779 1560 1969 1598 rursus

397 1643 542 1696 illius
577 1640 844 1695 beneﬁcio
881 1654 911 1692 a
955 1639 1307 1706 corruptione
1356 1646 1412 1692 et
1452 1637 1812 1691 dissolutione
1863 1639 1966 1691 im-

398 1749 590 1789 munes
618 1734 735 1789 fore
766 1730 1101 1802 pronuntiat.
1147 1728 1281 1784 Nam
1315 1729 1555 1783 materia:
1592 1728 1701 1781 vim
1724 1769 1739 1792 ,
1769 1738 1959 1799 utpote

2074 639 2144 689 ’Ἡ
2189 638 2296 708 γὰρ
2345 638 2403 689 τὸ
2455 638 2721 708 πρότερον
2773 636 3045 709 εἰρηκὼς,
3102 640 3209 691 πᾶν
3248 639 3308 691 τὸ
3360 639 3670 708 γενόμενον

2071 728 2342 799 φθαρτὸν,
2377 728 2666 797 ψεύδεται,
2714 729 2745 799 ἦ
2782 728 2877 781 νῦν
2921 721 3180 782 τάναντία
3227 732 3340 791 τοῖς
3385 730 3669 800 πρότερον

2072 819 2199 889 περὶ
2248 819 2429 872 αὐτῶν
2498 821 2809 891 εἰρημένοις
2876 821 3359 891 ἐπαγγελλόμενος.
3425 822 3489 873 Εἰ
3536 820 3669 891 γὰρ

2069 912 2278 983 ἀνάγκη
2313 913 2462 965 πᾶσα
2506 913 2566 966 τὸ
2604 912 2866 981 γεννητὸν
2910 913 3147 984 φθαρτὸν
3188 909 3327 967 εἶναι
3377 912 3515 966 κατά
3560 909 3665 967 τὸν

2071 1002 2335 1073 πρότερον
2384 1002 2552 1057 αὑτοῦ
2597 1004 2743 1074 ὅρον,
2782 1003 2897 1067 πῶς
2936 1007 3207 1073 συγχωρεῖ
3242 1003 3302 1057 τὸ
3336 1005 3454 1058 κατ’
3481 1005 3664 1072 ἀνάγ-

2071 1108 2173 1161 κην
2194 1090 2455 1145 ἀδύνατον
2486 1092 2740 1161 γενέσθαι
2762 1094 3018 1159 δυνατόν;
3055 1096 3215 1147 Ὥστε
3254 1094 3428 1166 μάτην
3471 1095 3662 1148 ἔοικεν

2068 1186 2096 1236 6
2147 1183 2371 1238 Πλάτων
2408 1182 2645 1239 ἀδύνατα
2680 1185 2999 1257 χαρίζεσθαι
3050 1185 3126 1255 τῷ
3168 1186 3287 1238 κατ’
3342 1185 3503 1240 αὑτὸν
3552 1185 3661 1255 δη·-

2076 1276 2320 1348 μιουργῷ
2345 1317 2360 1341 ,
2402 1279 2529 1340 τοὺς
2579 1275 2761 1343 ἅπαξ,
2792 1278 2880 1332 διὰ
2922 1279 2981 1332 τὸ
3021 1278 3081 1344 ἐξ
3123 1278 3253 1349 ὕλης
3284 1277 3655 1348 γεγενῆσθαι,

2070 1368 2341 1441 φθαρτοὺς
2389 1369 2481 1421 καὶ
2523 1369 2719 1433 αὐτοὺς
2764 1370 3123 1440 γενομένους,
3173 1367 3327 1432 αὖθις
3368 1368 3437 1421 δι’
3481 1366 3659 1421 αὑτοῦ

2068 1461 2379 1533 ἀφθάρτους
2405 1461 2499 1515 καὶ
2534 1460 2761 1526 ἀλύτους
2786 1462 3255 1533 ἐπαγγελλόμενος
3280 1461 3515 1515 ἔσεσθαι.
3534 1460 3659 1531 Τὴν

2067 1551 2173 1623 γάρ
2201 1552 2297 1622 τῆς
2340 1551 2471 1623 ὕλης
2504 1552 2750 1624 δύναμιν,
2795 1553 3085 1625 ἀγέννητον
3137 1555 3230 1607 καὶ
3256 1554 3524 1624 ξσὸχρονον
3554 1553 3658 1606 καὶ

2067 1640 2344 1711 ἡλικιῶτιν
2375 1641 2516 1695 κατά
2540 1641 2636 1712 τὴν
2677 1643 2843 1695 αὑτοῦ
2872 1642 3029 1707 δόξαν
3067 1642 3161 1696 τοῦ
3199 1642 3527 1714 δημιουργοῦ
3558 1637 3660 1696 οῦ-

2070 1750 2169 1785 σαν
2192 1772 2206 1795 ,
2238 1733 2576 1788 άντιστατεῖν
2618 1735 2761 1797 εἰκὸς
2802 1737 2867 1805 τῇ
2917 1735 3080 1789 αὑτοῦ
3117 1734 3386 1805 βουλήσει.
3420 1733 3509 1805 Τῷ
3535 1735 3658 1805 γὰρ

399 1823 695 1893 ingenitam
722 1862 738 1888 ,
782 1833 867 1885 et,
912 1828 971 1874 ut
1019 1820 1136 1888 ipse
1180 1820 1436 1890 opinatur
1479 1817 1667 1881 Plato,
1703 1819 1958 1887 aequalem

2070 1824 2145 1894 μὴ
2180 1826 2498 1895 πεποιηκότι
2529 1826 2752 1897 οὐδεμία
2776 1826 2993 1891 ἐξουσία
3027 1827 3163 1898 πρὸς
3189 1827 3249 1879 τὸ
3285 1826 3358 1898 μὴ
3391 1826 3651 1895 γεγονὸς’

395 1916 574 1984 opiﬁci
608 1924 662 1971 et
688 1930 922 1969 coaevam
953 1952 969 1979 ,
1001 1913 1267 1967 obluctari
1315 1928 1413 1982 par
1452 1919 1535 1966 est
1567 1910 1739 1980 ipsius
1770 1911 1965 1964 volun-

396 2008 515 2061 tati.
550 2007 609 2061 Ei
643 2006 788 2061 enim
815 2006 907 2076 qui
938 2021 1045 2061 non
1073 2005 1281 2061 creavit
1335 2003 1484 2059 nulla
1513 2013 1597 2058 est
1629 2003 1681 2058 in
1715 2003 1791 2067 id,
1819 2003 1966 2073 quod

392 2108 479 2153 est
509 2098 812 2156 increatum
838 2138 854 2163 ,
887 2106 1166 2169 potestas;
1199 2098 1340 2152 unde
1387 2110 1487 2149 nec
1516 2095 1601 2149 vis
1646 2093 1753 2148 ulla
1790 2094 1843 2148 ei
1877 2094 1961 2149 in-

393 2190 526 2244 ferri
561 2198 778 2259 potest,
812 2204 937 2242 cum
974 2188 1045 2243 ab
1075 2189 1220 2242 omni
1252 2197 1476 2241 externa
1510 2186 1845 2241 necessitate
1898 2185 1963 2237 li-

391 2286 522 2339 bera
572 2284 665 2339 sit.
712 2284 790 2338 Ad
830 2284 943 2338 haec
1004 2282 1298 2353 respiciens
1359 2281 1516 2336 Plato
1563 2281 1641 2336 sic
1692 2280 1914 2349 scripsit

390 2392 597 2431 camus.
638 2396 658 2427 ι

457 2471 550 2525 24.
591 2471 870 2538 Quomodo
903 2486 1033 2543 ergo
1065 2471 1360 2527 Homerum
1414 2472 1637 2528 civitate
1672 2489 1767 2527 sua
1805 2472 1955 2544 ejicit

391 2562 564 2627 Plato,
591 2564 734 2633 quod
762 2564 1072 2620 thuicem
1111 2575 1363 2634 suscepta
1394 2567 1458 2619 ad
1499 2565 1766 2621 Achillem
1810 2566 1955 2636 lega-

391 2656 536 2710 tione
566 2656 679 2710 baec
702 2656 897 2711 Achilli
926 2656 1194 2711 dicentem
1228 2657 1513 2712 induxerit
1547 2675 1560 2711 :

671 2744 950 2799 Mutabiles
976 2757 1022 2799 et
1051 2746 1151 2813 ipsi
1171 2756 1288 2799 sunt
1315 2748 1419 2812 dii,

388 2852 511 2893 cum
552 2836 818 2893 Homerus
858 2854 963 2891 nou
1017 2838 1084 2892 de
1121 2853 1248 2908 rege
1287 2848 1340 2893 et
1380 2839 1602 2893 deorum
1652 2840 1949 2893 secundmn

394 2928 668 2982 Platonem
701 2927 897 2995 opiﬁce
924 2928 974 2979 id
1000 2928 1217 2990 dixerit,
1253 2928 1347 2983 sed
1380 2930 1446 2984 dc
1470 2930 1577 2983 aiis
1604 2932 1957 2999 quibusdam,

388 3036 523 3088 quos
560 3020 732 3073 Graeci
773 3021 958 3089 plures
999 3036 1117 3074 esse
1146 3022 1497 3083 existimant,
1548 3033 1606 3075 ut
1643 3024 1853 3076 disoere
1877 3034 1959 3077 est

389 3127 455 3165 ex
486 3113 601 3179 ipso
632 3110 890 3177 Platone,
918 3112 1073 3180 cujus
1106 3114 1219 3165 hac
1254 3124 1382 3166 sunt
1421 3115 1624 3167 verba:
1664 3133 1681 3163 ι
1714 3114 1793 3166 Dii
1826 3116 1955 3168 deo-

2067 1915 2210 1969 ὥστε
2247 1916 2368 1969 οὐδὲ
2404 1916 2690 1987 βιασθῆναι
2724 1918 2895 1988 αὐτὴν
2926 1917 3153 1972 δυνατὸν
3179 1918 3278 1988 τῆς
3311 1917 3508 1986 ἔξωθεν
3544 1918 3659 1971 πά-

2067 2023 2168 2078 σης
2207 2009 2453 2078 ἀνάγκης
2480 2009 2769 2082 ἐλευθέραν
2812 2006 2996 2063 οὖσαν.
3026 2011 3124 2064 Διά
3154 2010 3311 2064 τοῦτο
3339 2010 3518 2063 τοίνυν
3553 2010 3661 2063 καὶ

2065 2098 2227 2161 αὐτὸς
2252 2102 2280 2152 ὁ
2314 2100 2562 2163 Πλάτων,
2593 2103 2673 2163 εἰς
2697 2100 2870 2154 ταῦτα
2893 2100 3135 2174 ἀφορῶν,
3163 2101 3307 2155 οὕτω
3334 2101 3613 2172 γέγραφεν
3636 2118 3654 2132 ’

2070 2208 2088 2240 ι
2113 2189 2346 2263 Ἀνάγκη
2373 2192 2429 2244 δὲ
2460 2192 2581 2245 οὐδὲ
2603 2191 2736 2245 Θεὸν
2766 2192 3018 2260 λέγεσθαι
3047 2193 3269 2247 δυνατὸν
3309 2192 3651 2264 βιάζεσθαι.»

1977 2297 1991 2334 :
2036 2302 2057 2335 ‹
2111 2283 2343 2341 Necesse
2404 2295 2487 2342 est
2537 2296 2593 2341 ut
2628 2288 2733 2341 vim
2790 2287 2905 2342 Deo
2959 2288 3148 2344 inferri
3199 2304 3303 2344 non
3348 2302 3513 2357 posse
3559 2287 3656 2342 di-

2130 2468 2219 2521 24.
2254 2468 2378 2532 Πῶς
2421 2464 2513 2522 οῦν
2564 2471 2810 2541 Ὅμηρον
2858 2470 2957 2541 τῆς
2998 2470 3192 2524 ἑαυτοῦ
3239 2472 3509 2537 πολιτείας
3554 2476 3655 2527 ἐκ·

2062 2558 2244 2613 ϐάλλει
2266 2560 2511 2624 Πλάτων,
2530 2562 2717 2632 ἐπειδὴ
2755 2564 2812 2615 ὲν
2838 2565 2903 2633 τῇ
2932 2562 3070 2634 πρὸς
3104 2564 3346 2634 Ἀχιλλέα
3383 2567 3651 2638 πρεσϐείᾳ

2061 2650 2152 2704 τὸν
2184 2651 2407 2705 Φοίνικα
2440 2654 2708 2724 πεποίηκε
2743 2653 2819 2723 τῷ
2868 2655 3095 2725 Ἀχιλλεῖ
3132 2656 3353 2725 λέγοντα
3377 2674 3391 2687 °

2370 2746 2649 2811 Στρεπτοὶ
2675 2745 2743 2798 δέ
2774 2763 2836 2799 τε
2860 2747 2955 2799 καὶ
2981 2747 3101 2801 θεοί
3124 2749 3296 2801 αὐτοί
3310 2750 3372 2812 ιδ,

2062 2837 2235 2891 καίτοι
2284 2836 2520 2907 Ὀμήρου
2553 2837 2612 2889 οὐ
2647 2837 2776 2908 περὶ
2804 2838 2899 2890 τοῦ
2924 2838 3191 2907 βασιλέως
3224 2840 3315 2893 καὶ
3339 2841 3477 2894 κατά
3502 2840 3649 2894 Πλά-

2060 2946 2203 2981 τωνα
2248 2928 2581 3000 δημιουργοῦ
2626 2929 2734 2981 τῶν
2774 2927 2912 2981 θεῶν
2946 2928 3103 2983 τοῦτο
3148 2932 3461 3001 εἰρηκότος,
3507 2933 3650 2987 ἀλλά

2060 3020 2188 3088 περί
2222 3038 2385 3071 τινων
2415 3019 2552 3072 Οεῶν
2586 3019 2692 3072 τῶν
2729 3021 2857 3092 παρ’
2897 3021 3120 3092 Ἕλλησι
3150 3022 3356 3075 πολλῶν
3385 3019 3523 3076 εἶναι
3556 3041 3649 3076 νο-

2066 3106 2370 3178 μιζομένων
2394 3149 2408 3173 ,
2437 3109 2512 3172 ὡς
2556 3108 2703 3161 ἔστιν
2739 3112 2867 3179 ἡμῖν
2907 3111 3000 3162 καὶ
3032 3111 3181 3181 παρὰ
3222 3112 3313 3165 τοῦ
3357 3113 3646 3177 Πλάτωνος

389 3201 537 3256 rum?
557 3222 576 3255 ι
613 3203 712 3258 Uni
744 3205 890 3257 enim
915 3214 969 3258 et
998 3204 1176 3273 primo
1209 3204 1317 3257 Deo
1349 3214 1671 3273 potestatem
1697 3216 1752 3259 et
1781 3206 1950 3273 impe—

2069 3200 2373 3270 μανθάνειν,
2413 3220 2429 3246 ι
2460 3200 2583 3252 Θεοὶ
2610 3200 2747 3252 θεῶν
2781 3219 2798 3250 ι
2837 3201 3084 3268 λέγοντος
3113 3219 3126 3267 ;
3164 3202 3254 3273 Τῷ
3288 3204 3395 3275 γάρ
3429 3204 3509 3255 ἐνὶ
3545 3206 3649 3257 καὶ

388 3294 527 3348 rium
580 3296 820 3349 onmium
865 3296 1132 3351 Homerus
1172 3312 1267 3364 per
1313 3312 1538 3351 auream
1594 3299 1740 3353 illam
1779 3298 1956 3352 defert

2069 3290 2255 3360 πρώτῳ
2287 3288 2405 3359 Θεῷ
2448 3289 2539 3360 τὴν
2584 3289 2833 3353 ἐξουσίαν
2874 3292 2967 3344 καὶ
3021 3292 3079 3344 τὸ
3125 3294 3325 3363 κράτος
3382 3294 3647 3349 ἁπάντων

387 3395 660 3442 catenam.
690 3385 932 3441 thcros
962 3397 1142 3441 autem
1187 3387 1317 3441 deos
1361 3397 1569 3441 tantum
1606 3390 1674 3443 ab
1702 3388 1845 3442 illius
1876 3388 1958 3440 di-

386 3478 614 3532 vinitate
644 3478 837 3532 abesse
867 3486 1053 3546 putat,
1103 3488 1161 3532 ut
1188 3492 1283 3533 eos
1328 3494 1433 3531 una
1464 3494 1587 3533 cum
1621 3479 1753 3547 ipsis
1785 3478 1959 3532 homi-

388 3568 549 3623 nibus
576 3572 856 3623 nominare
889 3586 995 3624 non
1027 3570 1255 3624 dubitet.
1286 3568 1529 3640 Ulyssem
1565 3572 1713 3625 enim
1748 3570 1960 3625 inducit

388 3662 506 3716 haec
527 3662 593 3715 de
622 3660 855 3716 Hectore
882 3660 1081 3715 Achilli
1112 3660 1382 3715 dicentem
1406 3674 1421 3713 :

495 3839 628 3893 Dira
664 3839 791 3906 furit
823 3837 954 3893 Jove
984 3837 1238 3905 conﬁsus,
1272 3851 1363 3889 nec
1378 3853 1509 3906 Jura
1539 3846 1749 3891 veretur

499 3908 622 3964 Ulla
645 3910 915 3962 hominum
946 3919 1099 3977 atque
1127 3909 1302 3961 deum.

386 4001 620 4057 Omnino
666 4002 795 4055 mihi
839 4001 1053 4055 videtur
1084 4001 1188 4054 hoc
1230 3999 1346 4055 loco
1394 3999 1696 4064 Homerus,
1744 4015 1867 4053 cum
1904 3998 1958 4053 in

388 4094 642 4164 Egypto,
687 4107 794 4146 non
838 4107 998 4147 secus
1028 4108 1091 4146 ac
1120 4092 1307 4159 Plato,
1333 4093 1401 4148 de
1430 4092 1689 4160 singulari
1725 4091 1832 4145 Deo
1863 4106 1959 4145 co-

387 4188 689 4258 gnovisset,
729 4186 874 4241 clare
906 4186 957 4239 id
991 4196 1045 4239 et
1068 4197 1256 4255 aperte
1290 4187 1629 4258 signiﬁcare,
1660 4186 1702 4240 si
1733 4186 1855 4255 quis
1884 4185 1957 4250 ei,

388 4276 479 4345 qui
514 4284 615 4338 est,
649 4275 758 4331 Deo
809 4275 1069 4340 conﬁdat,
1104 4277 1251 4329 illum
1290 4292 1501 4341 corum,
1537 4276 1628 4345 qui
1660 4291 1767 4329 non
1803 4284 1956 4340 sunt,

388 4364 651 4419 rationem
695 4364 894 4418 nullam
950 4364 1173 4421 habere.
1219 4365 1309 4420 Sic
1337 4367 1481 4420 enim
1526 4377 1582 4419 et
1628 4367 1755 4421 alibi
1803 4380 1959 4434 poeta

386 4470 485 4523 per
511 4453 672 4509 aliam
706 4468 890 4508 vocem
922 4456 1164 4524 ejusdem
1200 4456 1485 4524 ponderis,
1532 4456 1583 4509 id
1607 4466 1691 4511 est
1712 4471 1808 4525 per
1836 4470 1962 4524 pro-

388 4559 584 4598 nomen
610 4585 625 4609 ,
667 4543 831 4597 allato
856 4544 1023 4597 utitur
1046 4561 1075 4597 a
1107 4544 1332 4600 Platone
1364 4547 1650 4615 participio
1684 4562 1830 4609 eum,
1862 4546 1958 4616 qui

2065 3383 2311 3453 Ὅμηρος
2332 3381 2420 3434 διά
2454 3383 2550 3451 τῆς
2583 3383 2789 3452 χρυσῆς
2817 3383 3033 3453 ἐκείνης
3055 3385 3311 3456 ἀναφέρει
3346 3386 3532 3455 σειρᾶς
3553 3386 3599 3415 ¹⁶
3627 3402 3642 3415 ·

2059 3473 2183 3531 τοὺς
2228 3473 2283 3525 δὲ
2341 3472 2559 3534 λοιποὺς
2604 3471 2759 3534 θεοὺς
2810 3472 3061 3525 τοσοῦτον
3115 3473 3337 3544 ἀπέχειν
3394 3473 3497 3544 ἔφη
3542 3474 3646 3545 τῆς

2060 3564 2268 3616 ἐκείνου
2302 3563 2553 3633 θεότητος
2578 3602 2593 3627 ,
2625 3562 2766 3615 ὥστε
2800 3564 2996 3628 αὐτοὺς
3040 3566 3133 3617 καὶ
3170 3565 3308 3635 μετά
3340 3564 3648 3636 ἀνθρώπων

2060 3654 2358 3725 ὀνομάζειν
2391 3652 2593 3719 ἀξιοῦν.
2624 3655 2728 3707 Τὸν
2760 3654 2889 3724 γοῦν
2937 3656 3191 3710 Ὀδυσσέα
3224 3657 3362 3711 κατά
3395 3656 3487 3710 τοῦ
3513 3658 3649 3711 Ἔκ-

2060 3764 2216 3819 τορος
2251 3747 2386 3818 πρὸς
2416 3746 2505 3799 τὸν
2552 3746 2795 3816 Ἀχιλλέα
2824 3749 3031 3816 εἰσάγει
3066 3748 3293 3816 λέγοντα
3314 3766 3326 3779 ·

2139 3843 2422 3912 Μαίνετιιι
2452 3842 2765 3912 ἐκπάγλως
2792 3843 3050 3910 πίσυνος
3071 3844 3151 3897 Διὶ
3170 3884 3184 3907 ,
3222 3844 3362 3897 οἱ)δέ
3384 3862 3435 3897 τι
3469 3843 3573 3897 τίει

2145 3911 2382 3980 Ἀνέρας
2402 3951 2416 3976 ,
2445 3911 2585 3967 οὐδὲ
2616 3913 2789 3978 θεοὺς
2808 3913 2869 3965 ⁸⁷.

2074 4003 2336 4057 Ἐνταῦθά
2371 4022 2459 4074 μοι
2493 4005 2740 4076 Ὅμηρος
2764 4005 2912 4058 δοκεῖ
2944 4007 3160 4069 πάντως
3195 4024 3297 4059 που
3332 4007 3424 4060 καὶ
3458 4006 3643 4073 αὐτὸς,

2060 4096 2247 4166 ὥσπερ
2296 4097 2324 4148 6
2373 4096 2637 4161 Πλάτων,
2692 4098 2750 4149 ἐν
2801 4096 3061 4167 Αἰγύπτῳ
3114 4097 3299 4167 μαθὼν
3346 4098 3474 4169 περὶ
3526 4098 3648 4162 ἐνὸς

2062 4186 2197 4240 Θεοῦ
2245 4186 2431 4255 σαφῶς
2466 4187 2557 4240 καὶ
2588 4187 2836 4259 φανερῶς
2869 4188 3018 4241 τουτὶ
3053 4189 3357 4259 ἐμφαίνειν,
3400 4191 3481 4243 ὃτι
3509 4193 3537 4244 6
3568 4191 3647 4262 τῷ

2060 4276 2172 4329 ὄντι
2206 4276 2481 4339 πεποιθὼς
2513 4276 2633 4346 Θεῷ
2667 4277 2775 4329 τῶν
2813 4278 2886 4348 μὴ
2920 4279 3089 4331 ὄντων
3122 4279 3331 4349 ἀμελεῖ.
3357 4279 3512 4333 Οὕτω
3534 4281 3643 4355 γάρ

2060 4370 2088 4421 6
2122 4370 2351 4441 ποιητὴς
2388 4369 2500 4441 (79)
2553 4370 2648 4422 καὶ
2682 4368 2913 4441 ἀλλαχοῦ
2948 4388 3051 4422 που
3095 4369 3161 4422 δι’
3211 4371 3402 4443 ἑτέρας
3446 4370 3646 4438 λέξεως

2065 4460 2489 4531 ἱσοδυναμούσης
2510 4499 2523 4524 ,
2552 4460 2652 4531 τῆς
2683 4461 3028 4531 ἀντωνυμίας
3061 4460 3195 4531 (80),
3231 4463 3402 4531 ταύτῇ
3444 4466 3511 4534 τῇ
3542 4464 3647 4517 ὑπὸ

2065 4549 2348 4614 Πλάτωνος
2377 4553 2496 4623 εἰρη
2506 4552 2641 4623 μένῃ
2669 4555 2871 4624 μετοχῇ
2901 4552 3194 4623 κέχρηται,
3231 4553 3321 4607 τὸν
3348 4553 3477 4606 ὂντα
3515 4555 3645 4608 Θεὸν

385 4648 503 4704 est,
532 4634 701 4692 Deum
732 4637 1055 4708 designante
1078 4690 1090 4703 ,
1123 4638 1192 4693 de
1236 4654 1342 4708 quo
1371 4639 1509 4694 dixit
1553 4638 1742 4694 Plato;
1776 4656 1793 4689 ι
1822 4637 1958 4705 Quid

2073 4641 2489 4714 άπαγγελλούσῃ
2515 4684 2528 4709 ,
2562 4644 2690 4715 περὶ
2723 4639 2785 4697 οῦ
2826 4646 2854 4697 6
2888 4644 3113 4699 Πλάτων
3151 4644 3253 4716 ἔφη
3275 4662 3286 4674 ·
3338 4665 3355 4697 ι
3390 4646 3454 4698 Τί
3498 4648 3556 4700 τὸ
3588 4648 3645 4701 ὃν

492 4872 534 4903 ⁸⁸
573 4871 728 4928 Hom.
781 4874 930 4930 Iliad.
966 4890 1056 4941 ιχ,
1083 4874 1209 4931 497.

386 5094 493 5150 bile
520 5104 626 5161 est,
677 5097 728 5151 id
776 5113 843 5152 ne
876 5097 985 5153 Deo
1018 5099 1240 5167 quidem
1266 5099 1485 5154 volente
1531 5098 1945 5166 incorruptibile

386 5168 503 5220 ﬁeri
537 5181 696 5232 posse
739 5170 1070 5223 ostenderet.
1114 5169 1185 5222 At
1218 5171 1503 5224 haereticus
1547 5170 1637 5222 ille
1672 5167 1940 5221 Tritheita

383 5252 491 5310 non
540 5238 1003 5310 animadvertebat
1039 5238 1099 5293 S.
1135 5249 1424 5310 martyrem
1458 5254 1563 5293 non
1591 5255 1658 5291 ex
1692 5254 1788 5307 sua
1822 5254 1948 5306 pro-

380 5306 524 5374 pria,
544 5310 638 5361 sed
673 5323 739 5360 ex
769 5308 1011 5363 Platonis
1042 5306 1308 5363 sententia
1340 5319 1717 5379 argumentum
1751 5306 1947 5379 depro-

385 5391 535 5431 ntere
581 5379 843 5433 adversus
894 5380 1068 5447 ipsum
1119 5377 1428 5434 Platonem:
1470 5380 1603 5431 Nam
1632 5393 1756 5431 cum
1800 5377 1950 5431 Plato

388 5448 671 5500 materiam
700 5451 1005 5502 iucreatam
1051 5452 1301 5505 crederet
1328 5489 1342 5514 ,
1375 5467 1479 5504 non
1508 5448 1786 5502 inunerito
1818 5463 1952 5501 cou-

388 5517 559 5586 tendit
586 5517 831 5571 Justinus
858 5520 1063 5573 nullum
1098 5522 1149 5572 in
1180 5536 1298 5574 eam
1321 5521 1406 5586 jus
1432 5534 1554 5573 esse
1578 5528 1633 5572 et
1665 5518 1953 5584 imperium

389 5585 481 5638 Del
509 5625 540 5658 ,ν
575 5602 638 5641 ac
672 5590 899 5655 proinde
928 5592 1149 5645 deorum
1188 5585 1395 5644 naturae
1421 5632 1436 5653 ,
1471 5589 1563 5658 qui
1606 5602 1671 5641 ex
1724 5588 1955 5658 materia

386 5657 588 5709 conditi
622 5669 812 5725 erant,
844 5677 945 5712 non
978 5674 1139 5726 posse
1168 5656 1631 5713 immortalitatem
1662 5673 1691 5709 a
1721 5656 1955 5726 Deodo-

391 5728 529 5778 nari.
580 5728 755 5780 Simili
808 5725 1131 5797 argumento
1164 5732 1459 5783 utebantur
1491 5725 1793 5781 adversarii
1840 5725 1961 5797 Pla-

392 5801 534 5849 tonis
560 5836 574 5863 ,
632 5800 683 5852 in
713 5796 901 5868 priuns
934 5800 1258 5856 Aristotcles
1280 5839 1293 5865 ,
1334 5802 1425 5870 qui
1470 5809 1527 5854 ut
1558 5796 1960 5854 incommodum

1321 4876 1362 4907 ιο
1403 4875 1556 4932 lliad.
1584 4889 1698 4940 vm,
1740 4876 1803 4931 18
1830 4892 1960 4949 seqq
2017 4882 2058 4913 ¹⁷
2095 4884 2265 4941 llliad.
2300 4899 2375 4951 tx,
2412 4901 2464 4941 v.
2498 4886 2621 4944 239.

2051 5093 2315 5169 eﬁugeret
2337 5138 2351 5163 .
2386 5117 2441 5154 In
2478 5107 2625 5170 quod
2659 5118 2779 5158 sese
2813 5102 2966 5157 Plato
2996 5101 3344 5168 conjecerat,
3379 5098 3636 5151 mundum

2056 5180 2320 5242 aeternum
2359 5185 2482 5225 esse
2526 5173 2785 5242 ﬁngebat.
2837 5175 2970 5228 Cum
3026 5184 3209 5242 autem
3254 5170 3641 5242 responderent

2051 5239 2345 5310 Platonici,
2370 5250 2427 5292 ut
2459 5252 2544 5295 est
2571 5236 2709 5310 apud
2736 5244 3025 5297 Eusebium
3061 5241 3240 5309 Prwp.
3274 5236 3526 5310 evoug._|.
3555 5250 3643 5297 ιν.

2055 5309 2212 5381 cali:
2245 5312 2550 5372 materiam,
2583 5307 2709 5364 dum
2750 5314 2875 5381 ﬁngi
2920 5328 2977 5366 se
3006 5327 3034 5363 a
3069 5307 3477 5365 Deo‘etornari
3521 5320 3642 5372 per-

2058 5378 2211 5433 misit
2236 5381 2491 5450 ,Avictam
2518 5398 2578 5435 se
2612 5397 2639 5430 a
2687 5382 2795 5435 Deo
2828 5378 2893 5436 ac
2942 5390 3264 5450 superatam
3301 5381 3642 5450 declarasse;

2059 5463 2125 5502 ac
2158 5447 2387 5516 proinde
2440 5449 2585 5502 illam
2624 5451 2717 5505 Dei
2773 5447 3646 5521 operum—perpetuitatipbstare

2061 5515 2168 5571 non
2215 5533 2414 5585 posse;
2478 5521 2690 5573 videtur
2736 5515 2980 5576 JuStinus
3016 5515 3145 5575 huic
3173 5515 3521 5589 responsioni
3562 5530 3646 5566 oc-

2056 5602 2284 5641 currere
2319 5589 2577 5642 voluisse.

2136 5656 2251 5726 (79)
2294 5657 2456 5710 Οῦτω
2497 5660 2606 5726 γὰρ
2639 5661 2672 5712 ό
2698 5658 2969 5726 ποιητής.
3019 5659 3151 5727 Heg.
3194 5660 3218 5712 1
3258 5657 3421 5711 habet
3452 5652 3641 5727 οξύτως.

2131 5726 2243 5793 (80)
2290 5728 2403 5793 Τῆς
2437 5728 2828 5796 ἀντωνυμίας.
2889 5730 3063 5783 Prave
3094 5726 3145 5783 iu
3176 5728 3339 5783 editis
3382 5727 3449 5793 τῇ
3478 5726 3644 5796 ἀντω-

2064 5798 2247 5867 νυμίὲη
2281 5796 2481 5853 Vlt'tutn
2510 5795 2835 5856 sustultutus
2859 5816 2959 5870 ope
2987 5801 3192 5856 codicis
3219 5795 3540 5855 Colberttni.
