3948 6256
414 358 526 417 187

1349 357 1408 413 S.
1446 352 1705 415 JUSTiNl
1738 343 2163 415 PHILOSOPHI
2197 359 2283 415 ET
2320 358 2677 418 MARTYRIS

3568 360 3684 419 sas

419 478 643 537 brevem
672 454 820 535 illam
854 473 1146 530 dictionem
1190 472 1478 544 participio
1504 487 1824 544 expressam
1878 489 1978 531 non

2094 477 2185 529 καὶ
2209 477 2307 547 τὴν
2342 476 2598 547 βραχεῖαν
2635 475 2723 530 διὰ
2768 475 2867 546 τῆς
2900 475 3133 547 μετοχῆς
3177 478 3472 550 εἰρημένην
3514 480 3682 551 ῥῆσιν

426 568 548 623 sine
573 567 808 636 plurima
840 565 1313 621 animadversione
1362 567 1689 635 excepisset,
1729 565 1995 625 intellexit

426 660 620 722 Deum,
660 675 786 713 cum
820 673 974 714 suam
1015 659 1373 712 aeternitatem
1417 657 1585 729 Moysi
1612 661 1995 717 demonstrare

416 752 602 817 vellet,
637 751 753 822 Ego
776 768 893 806 sum
920 751 1179 806 exsistam
1225 751 1337 818 ille,
1366 752 1568 808 dixisse
1594 770 1609 806 :
1638 752 1836 822 quippe
1870 766 1992 806 cum

418 846 519 900 hac
546 845 981 909 voce,e'csistens,
998 857 1101 896 non
1130 857 1298 896 unum
1321 844 1416 897 sed
1452 844 1556 898 tria
1589 844 1987 913 signiﬁcentur,

415 949 680 1004 praesens,
709 935 1047 1004 praeteritum
1080 942 1137 988 et
1165 934 1429 990 futurum.
1460 937 1550 991 Sic
1574 936 1719 992 enim
1753 944 1810 990 et
1837 934 1993 990 Plato

420 1026 553 1081 illud
588 1027 846 1081 exsistens
892 1024 960 1080 de
993 1025 1204 1081 inﬁnito
1257 1040 1486 1097 usurpat
1540 1035 1802 1096 tempore,
1860 1026 1993 1081 dum

418 1117 533 1172 ait:
560 1136 577 1168 ι
602 1117 885 1186 Nunquam
913 1126 1091 1171 autem
1120 1118 1438 1184 exsistensq
1463 1117 1593 1173 Illud
1620 1118 1790 1181 enim,
1813 1136 1832 1170 ι
1857 1132 1994 1172 nun-

412 1223 635 1278 quam,»
674 1223 783 1265 non
816 1209 883 1265 de
917 1209 1216 1277 praeterito,
1270 1218 1329 1265 ut
1373 1208 1616 1264 nonnulli
1646 1216 1861 1279 putant,
1894 1208 1990 1265 sed

412 1304 479 1358 de
509 1302 687 1356 futuro
720 1302 924 1355 dictum
954 1308 1037 1356 est
1088 1310 1352 1369 tempore.
1381 1299 1438 1359 ια
1470 1299 1616 1355 enim
1662 1310 1717 1355 et
1742 1300 1990 1356 extranei

412 1393 711 1461 scriptores
743 1400 1003 1445 accurate
1029 1391 1424 1459 expenderunt.
1466 1389 1761 1460 Propterea
1811 1389 1987 1455 Plato,

415 1501 541 1541 cum
568 1486 895 1541 sententiam
926 1484 993 1539 de
1024 1484 1115 1538 Dei
1139 1486 1465 1549 arternitate,
1498 1498 1618 1555 qua:
1643 1497 1740 1555 per
1764 1483 1991 1554 partici-

414 1576 565 1643 pium
596 1588 797 1628 arcane
827 1588 1084 1641 expressa
1118 1582 1220 1637 est,
1243 1572 1405 1627 veluti
1432 1573 1779 1642 interpretari
1808 1574 1989 1644 impe-

412 1667 540 1721 ritis
577 1664 760 1731 vellet,
788 1666 1010 1719 totidem
1042 1666 1226 1720 verbis
1257 1667 1330 1720 ita
1367 1666 1589 1735 scripsit
1620 1682 1634 1719 :
1674 1683 1692 1716 ι
1723 1666 1841 1735 Ipse
1869 1666 1990 1735 qui-

407 1755 530 1810 dem
567 1755 728 1819 Deus,
795 1763 854 1808 ut
904 1753 1164 1823 antiquus
1211 1770 1395 1810 sermo
1434 1764 1540 1821 est,
1574 1755 1903 1829 principium
1933 1764 1989 1811 et

2101 566 2237 638 μετὰ
2273 567 2475 637 πολλῆς
2504 566 2738 637 θεωρίας
2769 563 3078 635 δεξάμενος,
3112 566 3253 634 ἔγνω
3280 570 3360 622 ὅτι
3387 568 3485 638 τὴν
3514 570 3681 623 ἀῑδιό-

2096 677 2233 729 τητα
2265 658 2430 711 αὑτοῦ
2465 661 2494 712 6
2517 659 2649 721 Θεὸς
2679 658 2755 728 τῷ
2780 660 2985 729 Μωῦσῇ
3020 660 3261 729 σημῆναι
3304 658 3494 723 θέλων,
3532 661 3683 729 Ἐγώ

2094 753 2211 819 ειμι
2244 752 2276 804 ὀ
2307 751 2412 816 ὢν,
2448 750 2551 821 ἔφη
2575 767 2589 781 ·
2640 750 2739 819 τῆς
2795 752 2879 803 ὢν
2916 752 3181 821 συλλαϐῆς
3233 753 3333 823 οὐχ
3381 752 3476 805 ἕνα
3509 752 3680 823 μόνον

2095 843 2202 918 (89ξ
2240 842 2524 915 δηλούσης,
2582 842 2719 896 ἀλλὰ
2754 843 2881 905 τοὺς
2922 846 3091 915 τρεῖς,
3135 845 3228 898 τόν
3264 861 3323 898 τε
3366 844 3683 916 παρεληλυ-

2094 932 2244 999 θότα,
2264 934 2359 988 καὶ
2390 933 2480 988 τὸν
2509 931 2804 999 ἐνεστῶτα,
2832 933 3041 988 καὶτὸν
3079 934 3357 1005 μέλλοντα.
3375 934 3531 988 Οὕτω
3560 933 3680 1004 γὰρ

2093 1023 2236 1077 καὶὸ
2264 1022 2491 1078 Πλάτων
2547 1020 2641 1076 τοῦ
2693 1020 2779 1079 ὢν
2824 1023 2918 1076 ἐπὶ
2957 1022 3050 1076 τοῦ
3093 1024 3348 1097 περιττοῦ
3397 1025 3683 1095 μέμνηται

2092 1113 2318 1184 χρόνου,
2370 1132 2387 1164 ι
2420 1112 2480 1166 ὃν
2510 1111 2569 1165 δὲ
2619 1112 2927 1176 οὐδέποτε,›
2962 1112 3154 1183 λέγων.
3209 1113 3282 1166 T6
3323 1113 3430 1184 γὰρ
3468 1132 3485 1164 ι
3518 1112 3685 1167 οὐδέ-

2092 1220 2224 1256 ποτε
2248 1222 2267 1254 r
2302 1202 2403 1256 οὐκ
2436 1203 2531 1256 ἐπὶ
2564 1200 2657 1255 τοῦ
2690 1201 3143 1273 παρεληλυθότος,
3177 1203 3253 1267 ὡς
3275 1202 3475 1257 οἴονταί
3499 1221 3676 1269 τινες,

2090 1295 2207 1353 ἀλλ’
2232 1295 2327 1349 ἐπὶ
2353 1296 2446 1350 τοῦ
2482 1294 2767 1367 μέλλοντος
2800 1294 2912 1365 (90)
2956 1294 3171 1367 εἴρηται
3220 1296 3433 1369 χρόνου.
3482 1294 3669 1348 Τοῦτο

2090 1387 2199 1459 γὰρ
2255 1387 2351 1441 καὶ
2403 1387 2555 1458 παρὰ
2609 1388 2720 1449 τοῖς
2768 1385 2968 1452 ἔξωθεν
3012 1387 3337 1458 ἡκρίὸωται.
3382 1387 3480 1441 Διὰ
3507 1385 3677 1440 τοῦτο

2090 1476 2295 1545 τοίνυν,
2320 1476 2509 1550 ὥσπερ
2562 1474 2898 1548 ἑρμηνεῦσαι
2928 1479 3041 1541 τοῖς
3092 1477 3348 1545 ἀγνοοῦσι
3372 1478 3430 1532 τὸ
3471 1493 3676 1549 μυστι-

2091 1565 2203 1630 κῶς
2233 1567 2365 1639 περὶ
2401 1567 2501 1639 τῆς
2552 1569 2851 1641 ὰῖδιότητος
2882 1567 2973 1623 τοῦ
3021 1566 3156 1620 Θεοῦ
3189 1566 3277 1620 διὰ
3301 1567 3400 1637 τῆς
3431 1568 3678 1638 μετοχῆς

2088 1659 2376 1730 εἰρημένον
2407 1659 2729 1731 βουλόμενος
2752 1663 2780 1714 6
2806 1659 3051 1724 Πλάτων,
3077 1659 3267 1721 αὑταῖς
3297 1658 3504 1723 λέξεσιν
3522 1660 3676 1715 οὕτω

2089 1750 2386 1822 γέγραφεν·
2428 1770 2448 1803 ι
2485 1752 2543 1804 '0
2578 1752 2676 1823 μὲν
2726 1751 2790 1823 δὴ
2836 1751 2988 1817 Θεὸς,
3022 1749 3209 1821 ὥσπερ
3241 1748 3335 1801 καὶ
3382 1751 3411 1802 6
3440 1749 3678 1816 παλαιὸς

410 1846 575 1903 tinem
599 1856 653 1903 et
680 1846 921 1901 medium
952 1846 1198 1901 omnium
1254 1854 1457 1903 tenet.»
1521 1845 1620 1901 llic
1653 1846 1807 1901 Plato
1837 1845 1978 1901 clare

2089 1840 2266 1906 λόγος,
2326 1842 2502 1914 ἀρχὴν
2551 1843 2646 1895 καὶ
2676 1842 2930 1914 τελευτὴν
2975 1841 3071 1895 καὶ
3103 1840 3245 1910 μέσα
3297 1840 3404 1893 τῶν
3449 1842 3676 1895 πάντων

406 1946 465 1990 et
504 1947 696 2005 aperte
717 1951 1026 1991 sermonem
1058 1935 1340 2005 antiquum
1390 1933 1596 2008 Moysis
1642 1935 1876 2005 appellat
1908 1934 1988 1989 le-

405 2043 570 2097 gem;
602 2028 803 2100 Moysis
834 2030 1054 2097 quidem
1101 2040 1330 2093 nomen,
1389 2037 1534 2085 metu
1590 2027 1803 2091 cicutae,
1835 2040 1988 2082 com-

406 2132 713 2173 memorare
744 2121 991 2182 veritus;
1056 2117 1264 2170 sciebat
1310 2117 1455 2172 enim
1490 2117 1635 2172 illius
1682 2117 1983 2172 doctrinam

402 2207 609 2269 Graecis
641 2209 914 2264 inimicam
948 2222 1109 2276 esse;
1138 2209 1410 2267 sermonis
1441 2217 1623 2262 autem
1658 2209 1985 2278 antiquitate

405 2300 648 2373 Moysem
681 2310 867 2375 aperte
894 2302 1164 2370 designat.
1192 2300 1363 2357 Porro
1397 2300 1571 2369 legem
1605 2299 1809 2375 Moysis
1841 2303 1984 2356 anti-

406 2395 726 2463 quissimam
754 2403 809 2448 et
840 2393 1073 2464 primam
1120 2407 1243 2448 esse
1294 2408 1361 2447 ex
1408 2394 1625 2448 Diodori
1669 2393 1893 2453 historia
1921 2404 1977 2452 et

404 2484 531 2538 aliis
560 2484 826 2553 ejusmodi
854 2485 1218 2541 monumentis
1250 2484 1383 2540 satis
1415 2500 1446 2538 a
1483 2485 1639 2540 nobis
1686 2500 1848 2556 supra
1877 2486 1975 2543 de-

404 2583 795 2633 monstratttm.
864 2574 974 2645 26
1022 2574 1155 2628 Eum
1220 2575 1365 2629 enim
1427 2574 1693 2633 Diodorus
1743 2578 1974 2647 primum

400 2665 644 2723 omnium
679 2665 1047 2736 legislatorem
1097 2666 1262 2722 fuisse
1284 2668 1439 2729 dicit,
1469 2669 1707 2722 nondum
1739 2671 1975 2725 inventis

398 2756 712 2811 Graecorum
741 2757 958 2823 litteris,
989 2757 1186 2828 quibus
1232 2773 1364 2817 suas
1399 2760 1476 2814 illi
1529 2762 1788 2819 historias
1842 2765 1975 2819 scri-

400 2864 598 2927 pseruu
609 2857 651 2911 ι.

465 3086 555 3142 96.
593 3086 767 3143 Nemo
792 3102 972 3145 autem
1025 3092 1256 3147 miretur
1305 3094 1350 3149 si
1384 3093 1552 3167 Moysi
1585 3097 1651 3152 de
1685 3096 1783 3153 Dei
1813 3108 1971 3155 aeter-

396 3182 568 3237 nitate
594 3182 826 3235 credidit
847 3181 1021 3238 Plato.
1044 3185 1306 3254 lieperies
1334 3188 1476 3242 enim
1498 3204 1619 3243 eum
1655 3178 1789 3259 ipsis
1807 3193 1971 3247 etiam
1999 3172 2041 3230 (ἶ

395 3272 675 3341 preplietis
726 3281 853 3342 post
910 3274 1087 3342 illum,
1121 3276 1213 3345 qui
1254 3291 1381 3334 vere
1412 3293 1519 3345 est,
1565 3280 1752 3346 Deum,
1786 3284 1974 3352 cogni-

396 3363 596 3417 tionem
626 3379 809 3425 rerum
843 3367 1166 3423 attribuere.
1202 3366 1301 3424 Sic
1357 3371 1508 3426 enim
1539 3358 1596 3426 in
1626 3373 1855 3441 Timaeo,
1908 3376 1975 3431 de

394 3456 724 3524 quibusdam
784 3458 1071 3527 principiis
1132 3460 1409 3516 disserens
1458 3463 1728 3533 scripsit:
1789 3467 1975 3538 signis

393 3547 619 3615 quidem
658 3555 712 3603 et.
736 3558 1062 3605 caeterorunt
1098 3566 1390 3621 corporum
1448 3555 1776 3636 principium
1817 3559 1974 3628 poni-

396 3653 518 3693 mus
563 3642 862 3695 secundum
895 3642 1229 3711 probabilem
1291 3661 1417 3699 cum
1451 3649 1782 3703 necessitate
1810 3650 1975 3706 ratio-

394 3743 517 3783 nem
572 3733 952 3800 procedentes.
990 3732 1194 3790 llorum
1240 3745 1422 3792 autem
1474 3739 1654 3795 adhuc
1703 3742 1969 3813 principia

395 3822 536 3877 Deus
559 3838 777 3879 sursum
811 3828 1097 3895 cognovit,
1129 3838 1185 3883 et
1208 3829 1301 3899 qui
1354 3830 1403 3885 ei
1449 3832 1601 3886 citari
1635 3845 1760 3889 sunt
1793 3835 1972 3890 ltomi-

393 3930 541 3971 nes.)
583 3917 840 3972 Homines
892 3929 1073 3975 autem
1114 3938 1380 3993 quosnam
1437 3925 1575 3980 alios
1616 3926 1725 3981 Deo
1775 3928 1970 3983 charos

393 4021 522 4061 esse
548 4017 722 4081 putat,
756 4010 859 4064 nisi
888 4011 1122 4085 Moysem
1159 4024 1216 4068 et
1247 4024 1472 4071 caeteros
1498 4020 1813 4089 prophetas,
1836 4036 1970 4089 quo-

394 4114 514 4153 rum
546 4100 802 4155 vaticinia
830 4118 956 4157 cum
986 4104 1228 4175 legisset,
1257 4116 1311 4161 et
1339 4106 1647 4164 doctrinam
1674 4112 1739 4165 de
1758 4112 1969 4183 judicio

391 4192 460 4247 ab
486 4191 568 4253 eis
594 4193 919 4262 accepisset,
956 4194 1008 4249 in
1046 4197 1226 4265 primo
1255 4197 1336 4259 De
1382 4201 1647 4271 republica
1680 4203 1820 4258 libro
1850 4203 1967 4260 hzec

461 4372 575 4496 389)
611 4374 735 4455 Οθχ
777 4372 885 4454 Era
907 4375 1118 4443 μόνον.
1150 4376 1286 4448 Reg.
1317 4378 1352 4433 5
1396 4388 1451 4435 et
1476 4379 1715 4435 Clarom.
1741 4380 1839 4455 οὐχ
1871 4382 1967 4437 ἕνα

495 4460 601 4496 νον.
628 4442 722 4496 Stc
750 4455 911 4496 etiam
934 4444 999 4496 R.
1043 4446 1121 4496 St.
1151 4449 1218 4496 ad
1242 4449 1469 4496 calcem-

390 4442 601 4513 χρόνον.
628 4442 731 4498 δίο
750 4442 999 4499 οιίοιιιίῐί.
1043 4446 1121 4500 St.
1151 4449 1218 4501 ad
1236 4442 1469 4504 calcem.

2088 1931 2202 2004 (91)
2226 1932 2421 2003 ἔχων.»
2467 1934 2730 1988 Ἐνταῦθα
2767 1937 2798 1988 6
2828 1934 3057 1988 Πλάτων
3083 1933 3269 2002 σαφῶς
3300 1933 3393 1985 καὶ
3417 1933 3674 2003 φανερῶς

2086 2025 2176 2079 τὸν
2207 2024 2433 2081 παλαιὸν
2458 2026 2618 2096 λόγον
2649 2028 2928 2095 Μωῦσέως
2953 2026 3209 2098 ὀνομάζει
3240 2026 3424 2096 νόμον,
3446 2026 3537 2080 τοῦ
3567 2027 3675 2097 μὲν

2083 2111 2353 2184 ὀνόματος
2384 2116 2687 2180 Μωῦσέως,
2724 2116 2873 2186 φόϐῳ
2918 2120 3013 2172 τοῦ
3069 2116 3295 2170 κωνείου
3354 2116 3673 2187 μεμνῆσθαι

2081 2202 2285 2269 δεδιώς·
2320 2205 2589 2275 ἠπίστατο
2635 2208 2744 2280 γὰρ
2798 2207 2897 2279 τὴν
2921 2207 3014 2261 τοῦ
3058 2208 3253 2278 ἀνδρὸς
3296 2208 3669 2276 διδασκαλίαν,

2080 2294 2281 2366 ἐχθρὰν
2318 2296 2584 2369 Ἑλλήνων
2618 2299 2728 2370 (92)
2761 2293 2947 2352 οὖσαν·
2998 2298 3088 2353 διὰ
3135 2298 3192 2351 δὲ
3242 2300 3342 2369 τῆς
3374 2301 3467 2353 τοῦ
3500 2301 3669 2370 λόγου

2084 2386 2471 2458 παλαιότητος,
2497 2388 2593 2441 τὸν
2621 2390 2861 2443 Μωῦσέα
2893 2389 3147 2460 σημαίνει
3181 2390 3390 2460 σαφῶς.
3427 2392 3546 2446 Ὅτι
3607 2393 3671 2446 δὲ

2080 2476 2312 2541 παλαιὸς
2339 2478 2436 2531 καὶ
2478 2480 2697 2548 πρῶτος
2745 2481 2774 2531 ὁ
2806 2479 3086 2543 Μωῦσέως
3116 2480 3298 2551 νόμος,
3344 2482 3437 2534 καὶ
3468 2484 3531 2535 ὲκ
3561 2483 3668 2552 τῆς

2078 2570 2347 2643 Διοδώρου
2399 2573 2493 2626 καὶ
2524 2572 2630 2627 τῶν
2662 2573 2862 2627 λοιπῶν
2907 2574 3155 2644 ἱστοριῶν
3190 2574 3386 2638 ἱκανῶς
3440 2578 3571 2646 ἡμῖν
3604 2580 3667 2632 ἐν

2076 2667 2188 2731 τοῖς
2239 2665 2577 2737 προάγουσιν
2646 2667 2755 2738 (95)
2817 2666 3209 2721 ἀποδέδεικται.
3268 2667 3490 2738 Πρῶτον
3549 2669 3662 2741 γὰρ

2076 2760 2330 2814 ἁπάντων
2356 2759 2654 2833 νομοθέτην
2707 2760 2869 2814 αὐτὸν
2902 2760 3169 2833 Διόδωρος
3212 2761 3541 2832 γεγενῆσθαι
3573 2763 3663 2816 λέο

2073 2869 2179 2921 γει,
2212 2851 2438 2927 μηδέπω
2485 2853 2620 2924 μηδὲ
2646 2852 2754 2906 τῶν
2786 2857 2899 2916 τοῖς
2934 2852 3157 2925 Ἕλλησι
3178 2854 3542 2925 διαφερόντων
3567 2855 3667 2909 εὑ-

2076 2943 2341 3015 ρεθέντων
2365 2945 2708 3017 γραμμάτων
2729 2985 2743 3011 ,
2799 2940 2881 3010 οἷς
2912 2943 3186 3017 χρώμενοι
3216 2948 3314 3013 τὰς
3339 2948 3545 3005 ἑαυτῶν
3571 2964 3667 3016 γεσ-

2072 3034 2345 3106 γράφασιν
2382 3037 2645 3107 ἱστορίας.

2142 3128 2231 3180 ‘26.
2265 3127 2603 3198 Θαυμαζέτω
2628 3128 2683 3181 δὲ
2717 3129 2904 3200 μηδεὶς
2926 3171 2941 3194 ,
2977 3131 3026 3183 εἰ
3070 3131 3322 3202 περὶτῆς
3361 3130 3472 3203 (94)
3500 3131 3661 3185 ὰῖδιό-

2075 3236 2233 3287 τητος
2258 3218 2349 3271 τοῦ
2377 3217 2511 3271 Θεοῦ
2537 3217 2613 3289 τῷ
2643 3220 2867 3273 Μωῦσεῖ
2889 3219 3130 3283 πεισθεὶς
3151 3222 3179 3274 6
3209 3221 3449 3276 Πλάτων.
3478 3223 3663 3293 Εὑρή-

2077 3326 2190 3372 σεις
2212 3309 2319 3379 γὰρ
2348 3307 2509 3363 αὑτὸν
2556 3309 2834 3382 μυστικῶς
2864 3311 3002 3381 μετὰ
3043 3311 3134 3365 τὸν
3167 3312 3336 3376 ὅντως
3361 3313 3491 3366 ὂντα
3512 3313 3661 3367 Θεὸν

2075 3401 2169 3454 καὶ
2195 3402 2307 3463 τοῖς
2336 3401 2643 3471 προφήταις
2673 3400 2771 3471 τὴν
2802 3400 2976 3472 ἀληθῆ
3013 3403 3142 3474 περὶ
3179 3403 3287 3457 τῶν
3327 3403 3664 3472 ὄντωνάναη

2074 3489 2304 3560 φέροντα
2333 3488 2553 3557 γνῶσιν.
2588 3489 2743 3545 Οὕτω
2772 3490 2881 3562 γὰρ
2904 3492 2963 3544 ὲν
3000 3491 3075 3562 τῷ
3103 3493 3317 3564 Τιμαίῳ
3344 3495 3469 3565 περί
3493 3512 3663 3551 τινων

2072 3579 2257 3650 ἀρχῶν
2287 3579 2671 3652 διαλεγόμενος
2727 3581 3005 3653 γέγραφε·
3066 3603 3085 3635 s
3107 3584 3216 3656 Τὴν
3260 3585 3316 3638 δὲ
3347 3584 3515 3657 πυρὸς
3561 3586 3663 3656 ἀρ*

2072 3670 2192 3741 χὴν,
2234 3672 2327 3724 καὶ
2387 3671 2495 3726 τῶν
2543 3673 2719 3727 ἄλλων
2778 3675 3048 3746 σωμάτων
3095 3677 3463 3749 ὑποτιθέμεθα
3513 3678 3657 3749 (95),

2073 3765 2213 3818 κατὰ
2238 3764 2330 3818 τὸν
2366 3768 2483 3835 μετ’
2509 3766 2757 3839 ἀνάγκης
2804 3767 2912 3839 (96)
2943 3770 3128 3822 εἰκότα
3175 3769 3330 3837 λόγον
3363 3772 3661 3842 πορευόμε-

2071 3873 2172 3912 νοι.
2206 3856 2317 3920 Τὰς
2340 3857 2398 3911 δὲ
2426 3857 2505 3911 ἔτι
2558 3858 2764 3915 τούτων
2815 3859 2992 3933 ἀρχάς
3028 3864 3056 3915 6
3097 3860 3229 3925 Θεὸς
3255 3857 3394 3915 οἶδεν
3425 3861 3656 3929 ἄνωθεν,

2071 3946 2163 4001 καὶ
2192 3947 2401 4018 ἀνδρῶν
2426 3948 2485 4011 ὃς
2511 3948 2576 4001 ἂν
2606 3950 2801 4019 ἐκείνῳ
2846 3950 2998 4020 φίλος
3103 3971 3119 4003 ι
3150 3952 3384 4024 Ἀνδρας
3424 3955 3479 4008 δὲ
3503 3955 3658 4018 τίνας

2070 4038 2289 4110 ἑτέρους
2317 4038 2394 4109 τῷ
2420 4039 2537 4110 Θεῷ
2566 4039 2753 4109 φίλους
2782 4037 2920 4095 εἶναι
2951 4042 3181 4113 νομίζει,
3223 4047 3273 4098 εί
3306 4045 3381 4117 μὴ
3417 4046 3659 4100 Μωῡσέα

2070 4128 2317 4193 καὶτοὺς
2363 4129 2583 4196 λοιποὺς
2634 4135 2950 4206 προφήτας;
2997 4128 3072 4189 ὧν
3128 4138 3246 4200 ταῖς
3294 4138 3655 4209 προφητείαις

2070 4220 2330 4293 ἐντυχὼν,
2363 4225 2458 4278 καὶ
2482 4224 2572 4278 τὸν
2596 4227 2725 4301 περὶ
2750 4226 2984 4299 κρίσεως
3033 4228 3165 4297 παρ’
3194 4228 3375 4282 αὐτῶν
3404 4229 3657 4302 μεμαθη-

2278 4396 2740 4518 θ’Υποτιθέμεθα.
2773 4398 2993 4470 Legitur
3023 4399 3165 4470 apud
3212 4400 3496 4458 Platonem
3522 4403 3657 4458 ὑπο-

2159 4484 2272 4518 ωιιε
2313 4486 2366 4518 α.

2070 4484 2366 4535 τιυωμευα.

460 4512 573 4611 (90)
589 4513 749 4611 ιςεπι
776 4514 881 4611 to?
896 4515 1379 4611 μέλλον-τοφβιε
1400 4521 1611 4611 videtur
1648 4523 1965 4611 accipienda

2082 4512 2437 4611 ’ἡέττ
2457 4539 2745 4608 ἀνάγκης.
2785 4539 2860 4594 Ex
2885 4538 3131 4611 Platonis
3154 4542 3442 4611 principiis
3470 4544 3651 4611 expli-

392 4582 686 4656 S.Justiui
746 4582 1059 4656 sententia,
1113 4582 1271 4656 quasi
1328 4591 1472 4645 dicat
1531 4607 1640 4646 non
1680 4582 1857 4648 solum
1896 4597 1967 4651 de

392 4655 708 4734 prmterito,_
738 4655 833 4709 sed
876 4657 1053 4734 _etiam
1099 4655 1172 4734 de
1219 4659 1402 4734 futuro
1426 4661 1655 4715 verbum
1682 4663 1813 4718 illud
1846 4680 1969 4719 esse

391 4724 827 4801 intelligendum.
875 4726 993 4797 Ipse
1027 4726 1170 4781 enim
1216 4730 1321 4783 tria
1384 4740 1629 4801 tempora
1657 4734 1761 4789 hoc
1797 4736 1967 4790 verbo

390 4793 688 4863 signiﬁcari
727 4793 908 4850 docet.

461 4862 572 4935 (9i)
610 4863 734 4919 Τῶν
783 4866 1041 4920 πάντων.
1092 4867 1261 4922 Clem.
1305 4869 1462 4925 Alex.
1511 4871 1563 4925 in
1616 4870 1842 4929 Exhort.
1896 4876 1968 4928 ad

425 4944 597 4998 entes,
630 4949 683 5004 p.
727 4935 817 5003 46,
854 4936 1023 4991 ὄντων
1075 4938 1349 4993 ἁπάντων.
1394 4941 1496 4996 Hic
1539 4941 1782 4998 Platonis
1816 4944 1968 5000 locus

414 5004 676 5077 egituriin
709 5022 761 5061 tv
818 5005 891 5061 De
934 5007 1154 5077 legibus.
1207 5009 1397 5065 Exstat
1431 5014 1592 5067 etiam
1627 5014 1816 5068 eadem
1849 5030 2003 5070 scn-.

393 5075 560 5155 tentia
592 5076 646 5129 in
685 5075 998 5155 Themteto.
1020 5079 1076 5133 In
1102 5080 1292 5134 eodem
1314 5081 1392 5135 De
1412 5083 1513 5155 leg.
1551 5082 1689 5137 libro
1715 5085 1791 5138 ait
1812 5084 1966 5140 Plato

394 5143 561 5225 Deum
594 5159 715 5202 esse
748 5150 989 5225 omnium
1026 5164 1207 5225 rerum
1239 5143 1569 5216 mensuram,
1594 5154 1772 5222 potius
1802 5170 1963 5225 quam

392 5215 686 5285 hominem,
718 5229 774 5271 ut
802 5220 1021 5285 quidam
1056 5220 1333 5275 volebant.

460 5283 578 5365 (922
641 5283 973 5365 'Eyﬁrw.
1036 5288 1278 5365 Colbert.
1341 5290 1626 5365 Ἕλλησιν,
1688 5303 1857 5363 atque
1891 5296 1964 5353 ita

388 5351 602 5430 Reglﬁ,
624 5370 680 5412 et
715 5351 957 5414 Clarum.
989 5361 1055 5430 ad
1076 5363 1400 5430 marginem.

459 5426 570 5506 (95)
607 5430 1003 5506 Προᾴγορσρβ.
1040 5429 1173 5506 Reg.
1200 5426 1246 5506 :5
1278 5442 1335 5485 et
1375 5434 1612 5491 Clarom.
1666 5435 1966 5506 προλαϐοῦ-

386 5511 492 5548 etv.
528 5500 706 5566 Atque
744 5500 813 5553 ita
842 5500 901 5554 Β.
933 5500 1015 5554 St.
1045 5500 1111 5554 ad
1135 5502 1363 5557 calcem.

456 5566 568 5639 (94)
600 5570 750 5640 μερὶ
778 5570 905 5639 τῆς.
947 5570 1103 5624 llunc
1140 5572 1315 5627 locum
1347 5575 1421 5631 ita
1447 5575 1744 5638 edidimus,
1784 5588 1847 5633 ut
1870 5593 1965 5632 ex-

385 5640 575 5713 sla_t_in
596 5638 729 5708 Reg.
761 5641 797 5694 2
829 5638 884 5713 et
914 5641 1152 5713 Colbert.
1188 5643 1352 5698 Editi:
1379 5648 1441 5700 Et
1465 5649 1690 5702 Μωῦσεί
1721 5648 1965 5713 πεισθεὶς

383 5710 412 5762 6
444 5707 666 5764 Πλάτων
730 5712 855 5781 περὶ
916 5712 1011 5781 τῆς
1061 5712 1357 5785 ὰῖδιότητος
1406 5717 1499 5772 τοῦ
1532 5718 1665 5773 Θεοῦ
1699 5720 1837 5776 οὕτω
1868 5707 1962 5791 γέί

385 5793 558 5851 γραφσ
578 5816 587 5833 .

2072 4608 2312 4678 candum
2348 4608 2479 4677 quid
2512 4612 2581 4663 sit
2632 4628 2649 4659 ι
2683 4610 2977 4678 probabilis
3012 4612 3104 4667 illa
3158 4608 3284 4667 cum
3325 4608 3654 4671 necessitate

2073 4678 2269 4730 ratio.»
2298 4676 2441 4749 Idem
2473 4689 2556 4732 est
2589 4694 2654 4734 ac
2684 4676 2868 4749 opinio
2900 4683 3049 4736 circa
3087 4685 3497 4749 necessitatem,
3533 4686 3654 4740 sive

2071 4761 2184 4801 rem
2222 4748 2535 4801 mutabilem
2572 4766 2670 4804 nec
2701 4748 2889 4805 eodem
2916 4755 3074 4806 modo
3106 4768 3321 4820 semper
3352 4767 3411 4807 se
3445 4748 3655 4808 haben-

2072 4823 2206 4878 tem,
2242 4832 2306 4870 ac
2339 4820 2630 4891 opponitur
2662 4822 2925 4888 scientiae,
2960 4838 3083 4891 quae
3116 4833 3371 4876 versatur
3402 4824 3548 4875 circa
3580 4839 3646 4879 ea

2068 4898 2374 4963 quassum.
2412 4889 2527 4943 Duo
2554 4905 2867 4963 causarum
2929 4889 3126 4962 genera
3179 4893 3333 4946 Plato
3367 4893 3655 4963 distinguit

2071 4956 2385 5033 in_Tinneo,
2423 4960 2705 5033 p._1057,
2769 4956 3346 5033 βιιίιεἜηιιιοοΐιιτι..
3410 4956 3647 5033 quorum

2070 5025 2396 5102 alittdpetd
2426 5025 2541 5102 νοῦ,
2596 5047 2714 5083 cum
2766 5031 3111 5101 intelligentia
3172 5025 3453 5102 operatur,
3500 5035 3651 5088 aliud

2070 5094 2130 5172 εξ
2160 5094 2569 5172 ἀνάγκηςηείνθ
2602 5104 2915 5155 necessario
2935 5094 3151 5158 'movet.
3208 5094 3499 5171 Postquam
3534 5105 3652 5172 egit

2068 5166 2137 5221 de
2169 5166 2488 5235 prinia'illa
2541 5185 2727 5232 causa,
2775 5187 2895 5240 qua:
2950 5172 3096 5228 Deus
3152 5184 3257 5237 est,
3295 5166 3449 5227 venit
3481 5176 3549 5227 ad
3570 5166 3649 5227 Ea

2069 5250 2188 5304 qua:
2219 5252 2285 5291 ex
2334 5240 2658 5314 necessitate
2724 5240 2893 5314 ﬁunt,
2954 5243 3023 5294 τὰ
3081 5244 3148 5296 δι’
3191 5245 3439 5314 ἀνάγκης
3501 5246 3653 5311 γινό-

2070 5323 2228 5377 μενα,
2263 5325 2327 5363 ac
2364 5310 2548 5362 mundi
2580 5312 2968 5377 generationem
3025 5330 3091 5368 ea:
3136 5310 3463 5368 necessitatis
3492 5310 3648 5367 men-

2067 5379 2407 5451 tisque_coitu
2468 5390 2517 5451 et
2568 5389 2738 5432 mente
2773 5383 3067 5436 necessitati
3124 5386 3437 5451 imperante,
3459 5386 3648 5439 mundi

2067 5448 2290 5526 exordia
2337 5450 2774 5526 constituta‘esse.
2825 5452 2918 5526 §ic
2947 5448 3209 5526 etiamp.
3236 5453 3381 5526 #10771
3408 5474 3419 5507 :
3455 5452 3550 5505 Διὸ
3579 5454 3647 5526 δὴ

2068 5517 2299 5639 χὲτὲὲδύο
2330 5518 2509 5581 αἰτίας
2555 5518 2669 5587 είδη
2700 5520 3062 5591 διορίζεσθαιο
3097 5517 3165 5577 τδ
3193 5524 3292 5594 μὲν
3321 5517 3644 5591 ἀναγκαῖον,

2068 5605 2096 5638 τ
2250 5587 2413 5639 θεῖον.
2457 5591 2635 5639 Ouare
2672 5593 2791 5639 dum
2814 5594 3197 5639 distincuendm
3220 5610 3503 5639 cnttsnrlm
3527 5611 3644 5639 κηρ-

2067 5587 2130 5662 τδ
2160 5587 2216 5639 δὲ
2250 5587 2413 5662 θεῖον.
2457 5591 2635 5654 Quare
2672 5587 2796 5662 dua!
2814 5587 3503 5662 distinguendat'causanim
3527 5587 3647 5656 spe?

2068 5661 2198 5723 cies,
2231 5659 2403 5711 altera
2446 5661 2765 5725 necessaria,
2823 5659 2995 5717 altera
3025 5665 3227 5717 divina.
3266 5664 3400 5720 illud
3434 5662 3645 5721 ἄνωθεν

2069 5728 2247 5782 reddit
2281 5728 2628 5800 Sylburgius,
2663 5732 2726 5785 ab
2761 5731 2873 5802 ipsa
2906 5748 3076 5786 rerum
3108 5732 3323 5801 origine.
