3948 6256
445 354 545 409 291

1372 351 1429 408 S.
1465 350 1726 409 JUSTINI
1766 348 2174 408 PHILOSOPHI
2220 352 2305 408 ET
2342 352 2699 410 MARTYRIS

3568 358 3681 413 292

448 476 595 530 inter
620 475 932 544 aspalatbos
962 473 1346 542 dilacerantes,
1393 486 1449 530 et
1509 477 1596 531 his
1650 479 1734 544 qui
1786 477 2005 530 adorant

2118 477 2255 529 δαῖον
2287 476 2379 528 καὶ
2405 476 2615 540 ἄλλους,
2672 475 3095 546 συμποδίσαντες
3125 476 3308 547 χεῖράς
3353 494 3410 529 τε
3439 477 3534 529 καὶ
3580 480 3687 532 πό-

449 567 843 637 signillcantes,
874 567 1073 636 quibus
1105 568 1173 620 de
1205 570 1382 621 causis
1430 568 1545 622 hazc
1599 578 1937 637 paterentur,
1959 578 2015 621 et

449 660 503 714 in
542 669 806 713 tartarum
841 659 977 728 lapsi
1038 658 1456 715 abducerentur.
1512 660 1585 714 Ex
1619 661 1803 714 multis
1833 669 2013 714 autem

447 761 504 804 et
533 751 713 805 omnis
746 752 961 820 generis
996 752 1322 818 terroribus,
1369 753 1460 822 qui
1490 752 1620 821 ipsis
1669 751 1780 807 illic
1808 754 2017 807 accide-

450 856 601 909 runt,
650 847 798 898 hunc
852 849 1146 897 maximum
1202 858 1323 897 esse
1370 842 1614 903 dicebat,
1675 846 1720 896 si
1782 845 2017 911 n‘ugiret

448 937 647 990 ostium
682 952 802 989 cum
837 937 1230 990 ascenderant:
1265 949 1373 1005 quo
1427 935 1622 989 silente
1651 951 2012 1004 unumquem-

450 1044 557 1096 que
590 1028 950 1082 lihentissime
998 1028 1312 1081 ascendere.
1353 1028 1431 1081 Ac
1464 1027 1597 1082 tales
1646 1029 1865 1097 quidem
1891 1045 2016 1085 esse

448 1135 638 1189 ptenas
669 1131 721 1173 et
754 1121 1041 1190 supplicia,
1090 1134 1388 1189 rursusque
1439 1121 1524 1174 liis
1552 1121 1822 1174 contraria
1858 1122 2016 1176 bene-

450 1213 571 1267 ﬁcia
609 1232 626 1263 ι
660 1214 886 1267 Videtur
913 1215 1002 1267 hic
1028 1213 1156 1266 mihi
1200 1211 1357 1266 Plato
1382 1228 1486 1267 non
1518 1214 1691 1267 solum
1725 1214 1790 1267 de
1810 1213 2015 1283 judicio

452 1323 479 1358 a
515 1306 795 1375 prophetis
825 1305 1101 1371 accepisse
1132 1304 1465 1367 doctrinam,
1494 1319 1685 1358 verum
1737 1296 1901 1358 etiain
1948 1305 2017 1360 de

451 1413 536 1461 ea,
565 1413 727 1466 quam
753 1395 928 1450 Graeci
963 1411 1070 1450 non
1115 1396 1367 1459 credunt,
1402 1396 1825 1450 resurrectione.
1878 1394 2013 1449 Nam

2114 567 2229 631 δας,
2293 569 2386 620 καὶ
2436 568 2676 639 κεφαλὴν
2731 568 3125 631 καταϐαλόντες
3177 570 3272 622 καὶ
3318 568 3687 640 ἐκδείραντες,

2116 654 2297 712 εἷλκον
2335 661 2485 730 παρὰ
2531 660 2627 729 τὴν
2667 659 2783 712 ὁδὸν
2820 660 3003 723 ἐκτὸς,
3034 660 3121 712 ἐπ’
3144 659 3472 713 ἀσπαλάθων
3504 661 3689 731 γνάμ-

2118 768 2341 814 πτοντες
2370 750 2481 821 (5),
2514 752 2609 805 καὶ
2662 754 2776 816 τοῖς
2824 752 3058 822 παροῦσι
3085 752 3161 823 (6)
3190 753 3547 823 σημαίνοντες
3608 748 3691 808 ὧν

2114 841 2277 896 ἕνεκά
2301 859 2360 896 τε
2391 843 2563 896 ταῦτα
2596 844 2937 914 ὑπομένοιεν,
2968 846 3063 899 καὶ
3082 847 3165 899 ὅτι
3193 848 3273 910 εἰς
3298 847 3389 900 τὸν
3411 846 3691 919 τάρταρον

2116 933 2512 1003 ἐμπεσούμενοι
2542 934 2775 1003 ἄγοιντο.
2806 934 2974 989 Ἔνθα
3017 936 3082 1007 δὴ
3108 935 3286 1005 φόϐων
3320 937 3423 1008 ἔφη
3471 938 3691 991 πολλῶν

2115 1024 2211 1077 καὶ
2239 1024 2593 1077 παντοδαπῶν
2646 1024 2797 1093 σφίσι
2822 1026 3153 1094 γεγονότων,
3197 1027 3384 1081 τοῦτον
3412 1028 3693 1100 ὑπερϐάλ-

2114 1115 2227 1168 λειν
2256 1116 2415 1186 (7),εἰ
2446 1118 2747 1187 μυκήοαιτο
2773 1116 2834 1171 τὸ
2859 1117 3075 1187 στόμιον
3098 1119 3188 1172 ὅτε
3218 1119 3581 1183 ἀναϐαίνοιεν,
3609 1121 3692 1183 ὡς

2114 1207 2208 1260 καὶ
2234 1208 2610 1277 ἀσμενέστατα
2635 1208 2866 1263 ἕκαστον
2904 1212 3228 1281 σιγήσαντος
3254 1210 3542 1280 ἀναϐῆναι.
3572 1212 3693 1264 Καὶ

2113 1298 2211 1361 τὰς
2241 1299 2339 1368 μὲν
2375 1296 2528 1361 δίκας
2555 1316 2615 1353 τε
2644 1299 2740 1355 καὶ
2764 1302 3032 1372 τιμωρίας
3062 1303 3317 1365 τοιαύτας
3340 1303 3494 1365 τινάς
3521 1298 3689 1366 εἶναι,

2112 1390 2207 1443 καὶ
2232 1387 2299 1443 αὖ
2328 1391 2427 1454 τὰς
2454 1392 2773 1463 εὐεργεσίας
2823 1394 3048 1457 ταύταις
3078 1394 3524 1465 ἀντιστρόφους.)
3566 1394 3688 1447 Ἑν-

451 1493 577 1545 dum
606 1489 841 1543 animam
871 1503 992 1542 cum
1017 1500 1241 1556 corpore
1260 1485 1493 1554 iudicari
1521 1486 1667 1549 dicit,
1696 1487 1829 1540 nihil
1868 1487 2005 1541 aliud

2118 1484 2287 1538 ταῦθά
2314 1502 2402 1555 μοι
2419 1485 2571 1538 δοκεῖ
2597 1488 2626 1539 ὁ
2645 1486 2869 1540 Πλάτων
2895 1487 2957 1539 οὐ
2992 1487 3150 1557 μόνον
3178 1487 3267 1539 τὸν
3293 1488 3423 1558 περὶ
3444 1488 3689 1559 κρίσεως

448 1581 740 1651 signiﬁcat,
775 1581 875 1634 nisi
904 1594 962 1633 se
988 1578 1400 1633 resurrectionis
1429 1580 1730 1633 doctrinam
1759 1581 2005 1637 credere.

2118 1577 2261 1649 παρὰ
2287 1576 2396 1630 τῶν
2438 1577 2731 1649 προφητῶν
2785 1579 3163 1651 μεμαθηκέναι
3208 1579 3382 1647 λόγον,
3424 1580 3559 1632 ἀλλὰ
3588 1580 3690 1632 καὶ

445 1675 728 1741 Quomodo
751 1671 1170 1727 enim‘Aridmus
1219 1681 1273 1726 et
1305 1671 1420 1736 alii,
1452 1672 1542 1741 qui
1593 1685 1793 1735 corpus
1834 1673 2005 1740 capite

2118 1668 2200 1721 τὸν
2225 1668 2353 1739 περὶ
2401 1668 2503 1738 τῆς
2526 1669 2928 1741 ἀπιστουμένης
2970 1671 3101 1740 παρ’
3146 1669 3398 1738 Ἕλλησιν
3447 1672 3691 1724 ἀναστά-

446 1775 503 1819 et
532 1764 780 1818 manibus
808 1771 861 1816 et
884 1763 1111 1831 pedibus
1138 1772 1191 1815 et
1217 1760 1358 1831 pelle
1399 1761 1723 1817 instructum
1760 1762 1810 1815 in
1850 1764 2005 1817 terris

2118 1774 2269 1821 σεως.
2299 1758 2371 1812 Τὸ
2420 1760 2530 1829 γὰρ
2586 1759 2723 1829 μετὰ
2775 1756 3026 1829 σώματος
3063 1758 3337 1830 κρίνεσθαι
3373 1759 3469 1829 τὴν
3507 1758 3690 1829 ψυχὴν

449 1854 808 1922 reliquerant,
836 1854 973 1907 tales
1028 1853 1081 1907 in
1132 1852 1347 1906 inferno
1376 1867 1562 1921 poenas
1607 1852 2005 1919 persolverent!

2118 1851 2305 1920 φῆσαι,
2334 1851 2485 1905 οὐδὲν
2508 1850 2692 1923 ἕτερον
2722 1850 2889 1923 δηλοῖ,
2932 1850 2964 1919 ἧ
3003 1852 3085 1904 ὅτι
3133 1849 3211 1920 τῷ
3250 1850 3378 1921 περὶ
3420 1850 3520 1919 τῆς
3548 1852 3689 1904 ἀνα-

446 1942 635 2009 Neque
663 1945 807 1996 enim
875 1944 1109 1996 animam
1144 1951 1307 2012 caput
1336 1952 1392 1997 et
1428 1958 1618 1997 manus
1666 1952 1720 1996 et
1770 1944 1931 2012 pedes
1952 1952 2005 1998 et

2118 1942 2353 2006 στάσεως
2383 1942 2666 1997 ἐπίστευσε
2687 1943 2847 2014 λόγῳ.
2892 1943 3043 1996 Ἐπεὶ
3069 1942 3186 2006 πῶς
3228 1942 3489 2013 ’Δριδαῖος
3516 1944 3610 1998 καὶ
3634 1946 3688 1997 οἱ

447 2035 639 2104 pellem
675 2036 876 2088 habere
904 2034 1108 2089 dicent.
1135 2035 1239 2090 Sed
1272 2049 1393 2088 cum
1427 2034 1480 2087 in
1506 2033 1738 2105 Egypto
1790 2035 2005 2090 incidis-

2118 2036 2310 2098 λοιποὶ,
2339 2036 2399 2089 τὸ
2428 2036 2548 2106 ἕχον
2571 2036 2730 2108 σῶμα
2758 2036 3000 2108 κεφαλὴν
3044 2036 3137 2089 καὶ
3158 2037 3345 2107 χεῖρας
3386 2036 3481 2089 καὶ
3513 2035 3688 2098 πόδας

446 2136 531 2181 set
561 2127 614 2179 in
659 2126 1042 2195 pr0phetarum
1074 2125 1381 2179 testimonia
1405 2165 1419 2191 ,
1452 2134 1505 2178 et
1553 2126 1618 2176 de
1647 2125 1890 2194 corporis
1917 2140 2005 2179 re-

2118 2126 2206 2179 καὶ
2226 2125 2398 2198 δέρμα
2427 2126 2566 2196 ὑπὲρ
2587 2128 2689 2198 γῆς
2720 2127 3107 2189 καταλιπόντες
3126 2167 3140 2189 ,
3178 2126 3432 2197 τοιαύτην
3459 2125 3690 2195 ὑπεῖχον

444 2218 785 2271 surrectione
811 2216 1109 2271 doctrinam
1135 2216 1481 2286 suscepisset,
1501 2218 1735 2272 animam
1762 2234 1866 2272 una
1883 2234 2005 2274 eum

2118 2220 2172 2271 ὲν
2200 2218 2362 2290 ᾍδου
2389 2220 2688 2291 τιμωρίαν;
2720 2221 2795 2273 Οὐ
2825 2220 2934 2291 γὰρ
2962 2220 3023 2291 δή
3058 2236 3161 2273 που
3177 2220 3276 2290 τὴν
3302 2218 3478 2289 ψυχὴν
3512 2234 3691 2286 κεφα-

444 2324 675 2377 corpore
700 2309 941 2362 crttciari
977 2310 1155 2363 docet.

2118 2312 2209 2384 λὴν
2236 2312 2330 2366 καὶ
2357 2317 2546 2385 χεῖρας
2570 2314 2665 2367 καὶ
2693 2314 2859 2377 πόδας
2886 2314 2979 2367 καὶ
3006 2312 3181 2385 δέρμα
3224 2312 3368 2382 ἔχειν
3396 2312 3687 2383 φήσουσιν.

457 2406 593 2459 Ἀλλ’
612 2409 669 2460 ὲν
713 2407 973 2476 Αἰγύπτῳ
996 2408 1115 2469 ταῖς
1167 2406 1273 2460 τῶν
1311 2407 1604 2479 προφητῶν
1666 2408 1901 2480 ἐντυχὼν
1956 2411 2279 2481 μαρτυρίαις
2322 2412 2351 2464 ό
2396 2411 2641 2476 Πλάτων,
2691 2411 2787 2465 καὶ
2835 2410 2935 2481 τὴν
2979 2410 3107 2480 περὶ
3136 2410 3236 2481 τῆς
3285 2408 3380 2463 τοῦ
3429 2406 3691 2479 σώματος

440 2501 789 2564 ἀναστάσεως
814 2501 1101 2573 δεξάμενος
1131 2501 1495 2568 διδασκαλίαν,
1523 2506 1661 2576 μετὰ
1687 2504 1782 2559 τοῦ
1810 2505 2059 2579 σώματος
2084 2507 2182 2580 τὴν
2221 2507 2397 2578 ψυχὴν
2424 2507 2705 2580 κρίνεσθαι
2737 2507 2997 2561 διδάσκει.

514 2593 607 2648 28.
643 2593 750 2647 Nec
793 2596 943 2650 solus
986 2595 1172 2661 Plato;
1209 2599 1303 2652 sed
1345 2608 1401 2653 et
1428 2598 1723 2665 Homerus,
1756 2616 1879 2655 cum
1910 2617 2005 2655 ea-

2178 2603 2268 2658 28.
2306 2602 2415 2656 Καὶ
2448 2604 2546 2673 οὐχ
2578 2603 2606 2655 ὁ
2640 2602 2865 2657 Πλάτων
2902 2603 3082 2673 μόνον,
3116 2600 3251 2655 ἀλλὰ
3302 2599 3394 2653 καὶ
3430 2599 3684 2667 Ὅμηρος

443 2685 571 2737 dem
595 2692 651 2737 et
682 2684 797 2752 ipse
827 2684 880 2736 in
918 2682 1152 2755 Egypto
1176 2685 1478 2751 didicisset,
1510 2686 1727 2757 Tityum
1755 2688 2005 2742 similiter

2118 2696 2311 2765 ὁμοίως
2360 2696 2452 2748 καὶ
2499 2695 2660 2759 αὐτὸς
2709 2697 2768 2749 ὲν
2811 2694 3071 2764 Αἰγύπτῳ
3123 2693 3329 2764 μαθὼν,
3362 2690 3453 2743 τὸν
3485 2687 3687 2742 Τιτυὸν

443 2777 678 2831 cruciari
712 2776 867 2831 dixit.
910 2776 1173 2833 Referens
1217 2779 1359 2833 enim
1413 2779 1632 2851 Ulysses
1658 2781 1860 2835 editam
1904 2782 2005 2837 sibi

2118 2787 2310 2858 ὁμοίως
2360 2788 2716 2859 τιμωρεῖσθαι
2766 2786 2890 2857 ἔφη.
2927 2786 3225 2861 Οὓτωξγὰρ
3276 2787 3335 2837 ὲν
3376 2785 3443 2853 τῇ
3495 2798 3687 2834 νεκυο-

441 2872 588 2938 apud
626 2870 829 2925 inferos
859 2871 1272 2939 divinationem,
1299 2873 1371 2926 ita
1401 2883 1585 2927 narrat
1607 2873 1835 2930 Alcinoo
1860 2892 1875 2929 :

447 2980 515 3053 Et
554 2982 761 3053 Tityum
788 2983 892 3037 vidi
915 2992 1070 3037 terra:
1097 2983 1340 3052 gloriosa?
1361 2984 1531 3052 ﬁlium

446 3051 785 3107 Prostratum
826 3054 880 3105 in
911 3051 1243 3123 pavimento;
1296 3051 1384 3107 me
1413 3070 1568 3123 super
1599 3068 1780 3133 novatn
1800 3056 2010 3124 iacebat

459 3190 704 3249 Vultures
733 3195 839 3264 ipsi
872 3194 1118 3265 utrinque
1140 3195 1440 3249 assisleutes
1462 3194 1616 3265 jecur
1647 3123 1936 3265 {05151583272

441 3328 627 3398 llepar
652 3330 796 3383 enim
852 3345 955 3382 non
997 3328 1191 3382 animae
1221 3342 1362 3389 esse,
1395 3328 1488 3381 sed
1522 3328 1770 3395 corporis
1797 3331 2010 3399 perspi.

439 3437 606 3475 cuum
640 3430 745 3475 est.
775 3421 973 3474 Eodem
1004 3421 1167 3474 etiam
1202 3420 1361 3474 modo
1405 3419 1698 3490 Sisyphum
1730 3428 1784 3474 et
1814 3419 2014 3474 Tanta-

440 3515 560 3569 lum
587 3516 807 3585 scripsit
836 3529 1027 3582 ptenas
1050 3528 1169 3566 cum
1203 3528 1433 3582 corpore
1458 3514 1788 3582 persolvere.
1814 3513 2016 3568 Home-

446 3624 565 3661 rum
610 3617 789 3662 autem
822 3608 877 3659 in
921 3605 1159 3675 IEgypto
1196 3616 1496 3668 versatum,
1536 3615 1594 3660 et
1636 3620 1702 3660 ex
1749 3604 1853 3671 his,
1893 3621 2012 3675 qua:

440 3702 519 3754 ibi
564 3701 853 3762 didioerwt,
892 3700 1062 3752 multa
1114 3700 1165 3751 in
1212 3713 1371 3754 suam
1407 3698 1613 3767 poesitn
1644 3698 2008 3762 transtulisse,

440 3792 704 3861 pmclsre
726 3792 895 3844 .docet
937 3791 1209 3843 Diodorus
1240 3790 1483 3844 historia:
1508 3787 1837 3855 scriptorum
1865 3787 2012 3841 cele-

440 3882 742 3936 berrimus.
777 3882 867 3935 Ait
896 3882 1041 3935 enim
1089 3881 1238 3933 illum
1262 3880 1317 3934 in
1349 3878 1584 3948 Egypto
1603 3878 1876 3941 didicisse,
1908 3878 2012 3933 lle-

439 3973 646 4038 lenam,
674 3990 797 4028 cum
833 3990 862 4026 a
893 3971 1137 4026 Tbconis
1163 3986 1332 4024 uxore
1360 3968 1692 4040 Polydatnna

443 4086 765 4157 Nepentltes,
791 4103 949 4141 suave
969 4095 1017 4140 et
1040 4085 1301 4139 malorum
1336 4086 1570 4139 omnium
1592 4083 1900 4157 obliuionem
1927 4086 2013 4139 in-

1724 4154 1940 4225 [ducens

440 4276 823 4345 pltarmacum,
862 4271 1188 4339 accepisset,
1248 4268 1379 4323 illud
1436 4267 1686 4337 Spartam
1738 4270 2007 4322 attulisse.

439 4367 616 4434 Atque
645 4364 747 4417 hoc
775 4364 1176 4416 medicamento
1204 4377 1358 4415 usam
1396 4360 1651 4415 Helenam
1676 4370 1865 4413 narrat
1902 4358 2011 4413 Ho-

436 4470 645 4519 merus,
673 4454 897 4508 Menelai
944 4455 1148 4508 luctum
1174 4452 1467 4521 praesentia
1498 4451 1810 4505 Telemachi
1857 4451 2007 4505 exci-

439 4558 613 4602 tatum
650 4548 897 4601 sedasse.
925 4545 1042 4616 28
1071 4546 1308 4598 Auream
1346 4542 1513 4597 etiam
1544 4541 1802 4595 Venerem
1833 4538 2011 4609 appel-

2114 2880 2343 2951 μαντείᾳ
2372 2879 2657 2943 Ὀδυσσεὺς
2687 2878 2767 2950 τῷ
2812 2879 3065 2949 Ἀλκινόῳ
3097 2879 3358 2949 διηγεῖται
3391 2876 3560 2944 λέγων
3580 2874 3683 2943 (8)’

2113 2992 2223 3047 Kal
2257 2992 2463 3047 Τιτυὸν
2483 2989 2645 3045 εἶδον
2671 2993 2842 3060 γαίης
2871 2992 3144 3060 ἐρικυδέα
3164 2994 3298 3045 vlt‘r

2114 3063 2406 3133 Κείμενον
2432 3062 2502 3115 ἐν
2546 3062 2809 3127 δαπέδῳ·
2864 3062 2950 3115 ὅδ’
2980 3063 3072 3115 ἐπ’
3095 3062 3273 3115 ἐννέα
3311 3061 3470 3133 κεῖτο
3508 3060 3686 3113 πέλε-

2114 3202 2282 3256 Γῦπε
2314 3201 2381 3257 δέ
2398 3220 2505 3272 μιν
2527 3202 2800 3271 ἑκάτερθε
2838 3202 3151 3272 παρημένω
3178 3198 3337 3272 ἧπαρ
3614 3198 3683 3253 ’⁸.

2115 3308 2307 3390 Ἦπαρ
2356 3319 2464 3389 γὰρ
2512 3317 2574 3369 οὐ
2624 3317 2720 3388 τὴν
2768 3316 2978 3388 ψυχὴν,
3031 3315 3166 3371 ἀλλὰ
3214 3316 3275 3369 τὸ
3327 3314 3488 3385 σῶμα
3538 3313 3688 3384 ἔχειν

2111 3410 2261 3481 δηλοί
2298 3411 2392 3481 (9).
2445 3411 2548 3464 Τὸν
2594 3411 2755 3465 αὑτὸν
2805 3410 2869 3482 δὴ
2915 3410 3116 3481 τρόπον
3165 3408 3258 3461 καὶ
3308 3407 3539 3474 Σίσυφον
3590 3404 3689 3457 καὶ

2112 3503 2385 3557 Τάνταλον
2421 3503 2558 3574 μετά
2590 3502 2841 3575 σώματος
2888 3503 2987 3573 τὴν
3034 3500 3303 3571 τιμωρίαν
3338 3494 3555 3567 ὑπέχειν
3590 3497 3687 3565 γέ-

2111 3611 2339 3667 γραφεν.
2378 3597 2500 3649 Ὀτι
2543 3595 2601 3648 δὲ
2637 3595 2881 3666 Ὅμηρος
2931 3596 2990 3647 ὲν
3022 3592 3277 3661 Αἰγύπτῳ
3328 3591 3538 3659 γέγονε,
3589 3590 3688 3644 καὶ

2113 3685 2283 3739 πολλά
2316 3677 2391 3739 ὧν
2423 3687 2539 3739 ἐκεῖ
2574 3685 2909 3756 μεμάθηκεν,
2945 3686 3025 3747 εἰς
3055 3682 3153 3754 τὴν
3187 3682 3378 3736 ἑαυτοῦ
3416 3683 3683 3753 μετήνεγ-

2114 3777 2307 3847 κε(10)
2342 3778 2577 3848 ποίησιν,
2615 3776 2814 3841 ἱκανῶς
2859 3775 3098 3829 διδάσκει
3146 3776 3293 3846 ἡμᾶς
3342 3773 3621 3843 Διόδωρος,
3654 3773 3689 3823 6

2110 3868 2221 3921 τῶν
2256 3870 2684 3940 ἱστοριογράφων
2718 3868 3071 3935 ἐνδοξότατος.
3112 3869 3254 3939 Ἔφη
3288 3867 3397 3937 γὰρ
3430 3864 3589 3919 αὑτὸν
3622 3865 3688 3916 ὲν

2110 3958 2372 4029 Αἰγύπτῳ
2404 3959 2689 4029 γενόμενον
2713 3958 2823 4031 (11)
2862 3958 3259 4030 μεμαθηκέναι,
3293 3957 3376 4010 δτι
3410 3956 3471 4009 τὸ

2107 4071 2416 4139 Νηπενθὲς
2454 4072 2683 4140 ἄχολόν
2713 4089 2779 4125 τε
2817 4070 3015 4126 κακῶν
3038 4071 3150 4143 (12)
3188 4065 3687 4211 ἐπίληίῖετῖυῗεξιέν-

2110 4260 2396 4331 φάρμακον
2426 4260 2460 4329 ἡ
2508 4258 2692 4328 Ἑλένη
2724 4256 2962 4311 λαϐοῦσα
2995 4256 3143 4328 παρὰ
3190 4255 3291 4324 τῆς
3338 4253 3544 4314 Θέωνος
3565 4248 3685 4320 (15)

2107 4347 2366 4414 γυναικὸς
2416 4347 2767 4418 Πολυδάμνας
2790 4345 2923 4418 (14),
2958 4348 3039 4409 είς
3106 4345 3203 4416 τὴν
3254 4344 3506 4414 Σπάρτην
3555 4342 3684 4393 ὲκό-

2112 4454 2256 4508 μισε.
2281 4436 2533 4507 Κάκείνῳ
2564 4436 2641 4507 τῷ
2673 4436 2947 4507 φαρμάκῳ
2985 4435 3084 4505 ἔφη
3123 4434 3367 4504 Ὅμηρος
3398 4430 3683 4502 χρησαμέ-

2108 4549 2207 4602 νην
2239 4530 2337 4603 τὴν
2382 4531 2599 4599 Ἑλένην
2642 4528 2852 4582 παῦσαι
2884 4528 2975 4580 τὸν
3010 4530 3066 4580 ὲν
3105 4529 3171 4597 τῇ
3208 4524 3478 4595 παρουσίᾳ
3512 4521 3689 4592 Τηλε-

432 4641 573 4696 lavit
611 4655 676 4694 ex
709 4641 777 4694 iis
816 4613 1026 4709 quaaiti
1052 4639 1287 4707 Aigypto
1323 4636 1553 4689 viderat.
1584 4633 1818 4688 Noverat
1855 4632 1999 4686 enim

2118 4625 2280 4695 μάχου
2316 4623 2466 4694 παρὰ
2501 4620 2779 4676 Μενελάου
2827 4620 3117 4689 γενόμενον
3164 4618 3377 4689 θρῆνον.
3414 4613 3521 4667 Καὶ
3554 4631 3688 4683 χρυ-

431 4728 692 4798 templum
724 4741 901 4781 aureae
931 4726 1157 4781 Veneris
1188 4728 1239 4778 in
1272 4722 1505 4793 IEgypto
1532 4722 1734 4777 dictum
1772 4731 1827 4776 et
1848 4736 1999 4775 cant-

508 4877 552 4909 "
584 4873 778 4945 Odyss.
801 4872 870 4935 Λ,
906 4885 961 4927 tr.
989 4868 1113 4923 576.
1191 4867 1235 4899 ²⁰
1276 4866 1436 4920 Ilom.
1463 4863 1563 4921 Od.
1602 4866 1674 4929 iv,
1704 4862 1830 4918 9.21.

501 5029 578 5101 (5)
614 5026 1053 5101 Γνάμπτοντες.
1087 5021 1153 5076 R.
1191 5022 1276 5075 St.
1318 5022 1383 5076 ad
1407 5020 1609 5075 calcem
1642 5016 1993 5087 γνάπτοντες.

428 5099 585 5155 Pluto
618 5099 967 5167 κνάπτοντεςς
1358 5166 1373 5167 ,ί
1449 5163 1460 5167 _
1502 5161 1512 5167 _
1729 5156 1753 5167 -

498 5171 573 5251 (6)
615 5168 744 5251 Ίςοῐς
785 5155 1259 5251 παροῦσι.¹ξίιιιρ
1293 5166 1404 5251 τοῖς
1438 5161 1525 5243 άεὶ
1558 5156 1836 5251 παρξοῇσι.
1876 5155 1997 5251 Illo:

422 5228 600 5295 ταδ’-ἔα
634 5228 953 5309 ὑπομένοιεν
989 5234 1197 5309 addidit
1228 5228 1654 5309 Sylburgiu‘scx’
1678 5228 1925 5309 Platone:

495 5312 571 5381 (7)
619 5295 1781 5381 'rxép6dllstr._Lditijiostrfaddutttﬁéy
1814 5295 1997 5381 φόϐον.

426 5367 696 5436 δεῖΙῚιαεε
748 5367 945 5434 desunt
983 5378 1043 5446 in
1073 5377 1210 5446 Ileg.
1238 5376 1259 5428 1
1290 5385 1343 5427 et
1364 5374 1419 5433 2,
1449 5370 1683 5446 _et_apud
1716 5367 1998 5446 l’lat..lbi-

424 5452 545 5505 dem
584 5451 718 5521 Reg.
748 5451 793 5521 1
819 5459 873 5521 et
914 5448 973 5506 2,
1008 5445 1053 5499 εἰ
1096 5436 1413 5521 γένοιτο
1442 5436 1749 5521 εκάστῳέὸ
1783 5436 2001 5521 φθέγμα

422 5522 532 5573 ὅτε.
572 5509 695 5574 Me;
737 5520 865 5572 editi
913 5509 1339 5587 ἀσμενέστατον.
1376 5514 1529 5569 Colb.
1576 5509 1639 5565 eti
1669 5510 1803 5579 lleg.
1844 5509 1901 5571 1,
1945 5517 2001 5559 et

426 5592 576 5645 l’lato
608 5602 662 5642 ut
693 5592 744 5643 in
771 5598 941 5641 textu.

494 5663 568 5733 (8)
601 5658 889 5733 Διηγεῖτᾳι
927 5659 1144 5733 ᾀέγωιξ.
1178 5657 1250 5733 lla
1293 5654 1510 5733 Colliert
1556 5661 1611 5733 et
1637 5650 1772 5720 Reg.
1804 5647 1827 5700 1
1855 5655 1909 5701 et
1936 5645 1995 5709 2,

422 5743 473 5786 et
501 5721 569 5784 ‘ad
606 5721 810 5783 calcent
839 5730 901 5781 ιι.
937 5721 1026 5783 St:
1054 5729 1191 5779 Editi
1220 5723 1522 5796 διηγεῖσθαι
1556 5721 1678 5790 ἔφη.

487 5804 562 5871 (υ)
598 5799 792 5868 Δηλοῐ.
823 5798 1135 5869 Lugendum
1169 5789 1345 5867 δῆλον,
1384 5805 1440 5848 ιιι
1466 5789 1691 5848 habetur
1718 5789 1784 5843 ad
1818 5803 1990 5859 marg.

2105 4720 2202 4791 σῆν
2222 4718 2278 4771 δὲ
2308 4714 2621 4787 Ἀφροδίτην
2653 4712 2933 4783 ὠνόμασεν
2966 4713 3030 4764 ὲκ
3059 4711 3157 4780 τῆς
3179 4712 3237 4763 ὲν
3256 4707 3514 4777 Αἰγύπτῳ
3540 4707 3687 4757 ἱστο-

2100 5012 2156 5067 in
2189 5009 2345 5065 Colb.

2198 5082 2283 5149 l0)
2317 5077 2676 5148 Μετήνεγκε.
2710 5076 2848 5149 Reg.
2872 5074 2907 5128 2
2931 5072 3171 5149 οιλεοιὶ).
3204 5070 3497 5143 μετέθηκε.

2198 5082 2283 5149 l0)
2317 5082 2676 5148 Μετήνεγκε.
2711 5082 2848 5146 Reg.
2872 5082 2907 5128 ‘2
2931 5087 2981 5129 et
3018 5082 3171 5129 Colb.

2318 5151 2670 5229 δίς-νόμενον.
2888 5146 3185 5229 γινόμενον.

2176 5210 2287 5293 ξιξ)
2322 5210 2553 5293 Κακῶνἶ
2597 5220 2667 5270 ltn
2708 5219 2770 5293 l_l.
2808 5210 2982 5270 Slaet
3010 5210 3159 5269 'tnss.
3196 5214 3421 5284 Legitur
3452 5212 3504 5266 in
3551 5210 3680 5267 aliis

2103 5287 2437 5351 editionibus
2472 5289 2566 5341 καὶ
2600 5287 2803 5339 κακῶν.

2176 5362 2285 5435 (15)
2324 5361 2562 5435 Θέωνος.
2618 5356 3047 5435 Ιλυείμιιιχθῶνος
3081 5356 3219 5425 apud
3255 5357 3427 5435 ipsum
3475 5352 3681 5435 Diodo-

2109 5425 2228 5489 ruiu
2254 5425 2347 5487 lib.
2376 5434 2427 5496 1,
2451 5442 2504 5484 et
2537 5432 2674 5496 apud
2706 5425 2907 5481 Euseb.
2942 5429 3138 5494 Praep.,
3174 5442 3229 5489 κ,
3266 5445 3314 5479 c.
3350 5427 3401 5496 8,
3448 5425 3684 5496 ubi_t-x-

2107 5513 2217 5558 stat
2258 5493 2487 5572 insignis
2516 5493 2621 5572 ille
2654 5498 2871 5572 Diodori
2897 5493 3067 5572 locus
3107 5499 3173 5549 de
3203 5498 3270 5548 iis
3295 5495 3388 5572 qui
3420 5493 3680 5572 iit-Egy-

2145 5583 2255 5627 tum
2300 5564 2529 5633 profecti
2574 5585 2767 5635 magna
2820 5567 2945 5620 inde
2975 5571 3286 5635 adjuiuenta
3319 5564 3497 5632 adepti
3528 5574 3679 5616 sunt.

2145 5591 2255 5627 lllln
2300 5591 2529 5633 protecu
2574 5591 2767 5635 magna
2820 5591 2945 5620 Illuc
2975 5591 3286 5635 utuumcutu
3319 5591 3497 5632 ducpu
3528 5591 3677 5616 Dllllls

2103 5591 2324 5711 tegitur
2349 5638 2720 5711 etiuinﬁtbvo;
2757 5640 2821 5711 in,
2844 5637 2973 5706 Reg.
2998 5641 3050 5703 1,
3088 5639 3677 5711 sed__secunda_n_tant_t.

2184 5704 2295 5784 (14)
2348 5708 2762 5777 Πολυδάμνας.
2808 5704 3023 5763 υιυιῐοτ.
3085 5717 3140 5763 et
3189 5706 3390 5761 Euseb.
3442 5704 3671 5757 Πολυδάρ

2104 5800 2242 5855 μνης
