3948 6256
409 376 523 433 295

1340 365 1400 421 s.
1440 358 1706 421 JUSTlNl
1734 346 2149 417 PutLosomt
2182 348 2271 415 ET
2306 346 2665 413 MARTYRIS

3565 357 3701 414 296

416 495 683 557 Similiter
706 503 759 550 et
787 493 855 549 de
884 489 1226 562 praecipitato
1260 502 1291 542 e
1333 487 1489 544 ccelis
1519 485 1744 544 humani
1772 485 1984 554 generis

2099 482 2329 552 Ὁμοίως
2377 480 2433 532 δὲ
2484 479 2578 532 καί
2632 477 2758 549 περὶ
2791 474 2886 529 τοῦ
2920 477 3015 530 ἀπ’
3049 474 3295 546 οὐρανῶν
3329 473 3701 544 κατενεχθένσ

418 592 598 657 hoste,
647 601 808 658 quem
849 583 1147 652 Scripturze
1194 579 1393 633 divinae
1443 577 1717 635 diabolum
1771 584 1987 641 vocant,

417 682 561 754 quod
590 679 638 735 ei
670 690 869 733 nomen
910 691 972 730 ex
1009 675 1183 745 prima
1220 674 1370 728 illius
1414 672 1682 727 adversus
1711 668 1989 726 hominem

418 774 691 832 calumnia
741 769 1075 841 impositum,
1110 767 1155 822 si
1191 770 1315 836 quis
1345 764 1695 820 considerare
1725 761 1839 832 29‘
1864 758 1992 815 velit

420 865 769 929 accuratius;
809 861 1044 931 reperiet
1087 867 1300 929 poetam
1344 855 1545 909 diaboli
1569 855 1785 923 quidem
1818 851 1995 922 appel-

420 960 679 1015 lationem
715 971 821 1011 non
868 966 1155 1023 usurpare,
1201 950 1299 1004 sed
1335 963 1531 1002 nomen
1564 947 1614 1001 ei
1647 960 1713 1000 ex
1756 947 1991 1015 pessima

422 1052 572 1107 illius
619 1048 834 1104 actione
886 1047 1182 1115 imponere.
1225 1038 1436 1097 Noxam
1465 1040 1613 1096 enim
1649 1052 1774 1093 eum
1810 1037 1993 1108 appel~

420 1143 567 1206 lans,
595 1155 625 1196 e
652 1134 791 1194 coelo
818 1138 885 1192 ab
917 1135 1140 1207 opinato
1192 1131 1332 1201 apud
1367 1130 1487 1185 illos
1516 1128 1626 1184 Deo
1656 1128 1991 1198 praecipitem

420 1234 607 1289 datum
638 1245 759 1287 esse
801 1229 968 1293 dicit;
1002 1226 1159 1296 quasi
1203 1239 1415 1288 eorum,
1444 1236 1565 1292 quae
1594 1222 1660 1275 de
1694 1219 1789 1275 illo
1821 1234 1849 1272 a
1877 1234 1996 1289 pro-

422 1327 586 1394 pheta
636 1320 775 1377 Isaia
816 1321 958 1375 dicta
998 1326 1147 1381 sunt,
1205 1322 1458 1370 accurate
1515 1311 1871 1367 meminisset.
1902 1310 1994 1366 Sic

426 1417 593 1487 igitur
620 1413 814 1471 scribit
841 1412 893 1466 in
925 1424 1023 1464 sua
1054 1407 1242 1480 poesi:

423 1688 577 1744 Illico
627 1687 882 1756 corripuit
946 1689 1094 1751 Aten,
1148 1686 1319 1753 capite
1360 1682 1643 1738 nitentibus
1667 1678 1876 1822 capilli:
1903 1696 1993 1733 or-

1772 1767 1839 1802 na
1865 1766 1918 1814 ο,

1772 1766 1918 1814 ηαιο,

423 1827 608 1882 Iratus
631 1827 806 1880 animo
827 1842 945 1895 suo,
973 1835 1023 1878 et
1039 1824 1243 1895 Iuravit
1273 1822 1484 1895 [irinum
1508 1824 1904 1895 juramentum,

425 1896 717 1966 Nunquam
746 1895 822 1966 in;
841 1892 1123 1963 Olympum
1147 1904 1194 1949 et
1223 1893 1409 1966 rcolum
1441 1894 1712 1966 stellatum

428 1958 740 2021 Rediiuram
787 1958 945 2028 Ateri,
965 1958 1083 2032 qua:
1113 1978 1290 2016 omnes
1324 1964 1624 2031 inlortunio
1657 1958 1850 2028 afﬁcit.

424 2036 517 2106 Sic
543 2038 706 2106 fatus,
731 2036 858 2103 jecit
887 2049 921 2087 a
948 2033 1075 2088 caelo
1107 2034 1314 2106 stellato

428 2102 596 2160 Manu
629 2102 807 2158 rotans
827 2121 846 2169 ;
869 2118 993 2157 mox
1014 2104 1242 2171 pervenit
1272 2102 1341 2155 ad
1371 2118 1529 2173 opera
1559 2104 1851 2159 hominum.

495 2196 588 2252 29.
626 2196 907 2252 Platonem
944 2201 1148 2259 autem,
1198 2194 1327 2248 dum
1374 2204 1497 2265 post
1532 2196 1703 2252 Deum
1739 2206 1795 2252 et
1827 2203 1997 2250 mate-

425 2288 563 2344 riam
595 2288 815 2341 tertium
842 2285 1169 2357 principium
1219 2286 1450 2342 formam
1482 2302 1611 2343 esse
1637 2288 1992 2359 pronuntiat,

424 2388 808 2449 argumentum
852 2393 960 2432 non
990 2376 1213 2432 aliunde
1252 2379 1534 2448 accepisse
1570 2388 1742 2449 patet,
1770 2394 1935 2449 quam
1964 2392 1995 2434 a

424 2468 631 2539 Moyse,
684 2468 838 2537 cujus
865 2467 1083 2536 quidem
1118 2479 1183 2521 ex
1216 2467 1379 2522 dictis
1411 2483 1607 2523 nomen
1637 2468 1823 2524 forma:
1852 2468 1997 2523 didi-

423 2558 542 2625 cit;
578 2566 705 2613 lunc
739 2566 920 2612 autem
953 2570 1296 2626 nequaquam
1337 2573 1366 2611 a
1400 2558 1593 2627 peritis
1624 2560 1814 2615 didicit
1860 2557 1998 2613 nihil

424 2664 493 2703 ex
516 2650 770 2719 bis,quae
808 2664 838 2702 a
884 2648 1068 2719 Moyse
1116 2648 1262 2702 dicta
1314 2656 1463 2715 Sunt,
1497 2649 1615 2703 sine
1645 2660 1844 2704 arcana
1869 2662 1998 2703 con-

426 2740 778 2811 templatione
822 2739 972 2795 clare
1035 2740 1287 2809 cognosci
1342 2740 1521 2809 posse.
1562 2739 1797 2809 Scripsit
1851 2740 1998 2793 enim

423 2832 639 2905 Moyses
672 2834 752 2887 sic
805 2833 971 2885 Deum
1022 2833 1125 2887 sibi
1158 2834 1226 2887 de
1269 2831 1622 2886 tabernaculo
1675 2833 1994 2885 mandasse:

424 2928 496 2983 Et
526 2929 688 2998 facies
719 2929 1149 2981 mihisecundum
1183 2923 1363 2979 omnia
1387 2939 1711 2994 quaecunque
1734 2924 1828 2976 tibi
1855 2939 1998 2977 mon-

426 3030 538 3074 stro
562 3021 618 3073 in
646 3030 843 3084 monte,
876 3017 1144 3086 exemplar
1171 3014 1521 3071 tabernaculi.
1548 3015 1614 3069 Et
1641 3030 1894 3069 rursum:
1928 3014 1997 3068 Et

424 3110 599 3180 erige:
627 3109 1022 3163 tabernaculum
1049 3106 1318 3176 exemplar
1335 3107 1567 3160 omnium
1586 3122 1832 3159 uasorum
1857 3107 1994 3176 ejus,

2091 588 2184 634 τος
2217 569 2413 641 ἐχθροῦ
2457 570 2556 639 τῆς
2589 567 3027 639 ἀνθρωπότητος,
3062 566 3122 618 ὃν
3168 563 3410 618 διάϐολον
3444 565 3499 617 αἱ
3534 564 3701 617 θεῖαι
3784 594 3791 595 ί

2092 663 2303 735 Γραφαὶ
2339 660 2609 725 καλοῦσιν,
2643 660 2753 714 ἀπὸ
2797 658 2897 729 τῆς
2946 658 3169 728 πρώτης
3218 655 3382 710 αὑτοῦ
3417 655 3553 727 πρὸς
3584 671 3705 710 τον

2093 751 2379 823 ἄνθρωπον
2430 750 2544 821 (20)
2592 748 2865 820 διαϐολῆς,
2905 748 3108 818 ταύτης
3156 746 3256 816 τῆς
3304 747 3703 818 προσηγορίας

2093 842 2357 913 τυχόντα·
2398 841 2488 893 καὶ
2523 842 2575 893 εί
2608 857 2693 903 τις
2723 838 2969 911 ἀκριϐῶς
3020 839 3247 890 σκοπεῖν
3294 836 3491 901 ἐθέλοι,
3525 838 3696 907 εὖροι

2093 934 2160 988 ἂν
2191 934 2284 987 τὸν
2316 932 2546 1004 ποιητὴν
2578 931 2671 985 τοῦ
2710 931 2808 1003 μὲν
2837 930 3086 984 διαϐόλου
3118 930 3378 999 ὀνόματος
3425 929 3698 1000 οὐδαμῶς

2097 1024 2460 1097 μεμνημένον,
2498 1026 2563 1077 ἐκ
2590 1023 2645 1076 δὲ
2679 1022 2780 1093 τῆς
2811 1022 3077 1093 κακίστης
3109 1019 3273 1074 αὐτοῦ
3308 1021 3559 1093 πράξεως
3577 1020 3696 1092 τὴν

2092 1117 2388 1187 ὀνομασίαν
2420 1116 2787 1185 πεποιημένον
2810 1130 2822 1144 ·
2850 1114 3017 1183 "Ar-qv
3050 1113 3158 1184 γὰρ
3191 1113 3352 1167 αὑτὸν
3384 1114 3414 1165 ὁ
3446 1114 3692 1185 ποιητὴς

2092 1207 2394 1278 ὀνομάζων,
2431 1208 2534 1260 ὑπὸ
2583 1206 2679 1259 τοῦ
2731 1204 2852 1259 κατ’
2904 1205 3100 1267 αὐτοὺς
3145 1202 3280 1257 Θεοῦ
3332 1202 3694 1276 καθῃρῆσθαι

2093 1301 2254 1353 αὑτὸν
2307 1301 2370 1352 ἐκ
2416 1298 2511 1351 τοῦ
2562 1297 2793 1369 οὐρανοῦ
2840 1298 3007 1366 λέγει,
3042 1295 3230 1366 ὥσπερ
3278 1296 3521 1367 ἀκριϐῶς
3567 1295 3694 1350 τῶν

2094 1390 2199 1444 ὑπὸ
2249 1390 2472 1443 Ἡσαΐου
2506 1388 2599 1442 τοῦ
2642 1388 2925 1460 προφήτου
2978 1386 3106 1457 περὶ
3155 1385 3321 1439 αὑτοῦ
3371 1384 3687 1456 εἰρημένων

2097 1482 2443 1553 μεμνημένος
2464 1481 2644 1553 ῥητῶν
2666 1498 2678 1510 ·
2716 1478 2890 1541 οὕτως
2923 1478 2981 1531 ἐν
3014 1482 3079 1551 τῇ
3115 1478 3308 1532 ἑαυτοῦ
3333 1480 3550 1549 ποιήσει
3583 1477 3685 1546 γέ-

2093 1590 2304 1645 γραφεν
2326 1574 2371 1605 ³⁸
2395 1590 2408 1604 ·

2092 1685 2320 1739 Αὐτίκα
2351 1682 2403 1737 δ’
2436 1678 2547 1737 εἷλ’
2574 1684 2750 1751 Ἄτην
2771 1680 3040 1753 κεφαλῆς
3058 1679 3608 1750 λιπαροπλοκάμοιο

2100 1821 2407 1888 Χωόμενος
2428 1819 2646 1888 φρεσίν
2674 1812 2801 1889 ᾗσι.
2827 1817 2924 1872 καί
2953 1816 3151 1887 ὤμοσε
3169 1818 3454 1889 καρτερὸν
3472 1817 3681 1885 ὅρκον,

2026 1863 2070 1919 Β
2098 1863 2328 1953 ἣῆἓεῖέν
2340 1863 2780 1957 "exaggam;
2788 1863 3303 1955 gavisam?
3316 1863 3685 1957 ἆᾝὲερἓᾶτά

2094 1956 2279 2025 Αὖθις
2297 1956 2654 2029 ἐλεύσεσθαι
2677 1958 2788 2029 (21)
2822 1961 3025 2029 Ἄτην·
3060 1957 3361 2029 ἡ-πάντας
3375 1956 3570 2012 ἀᾶται.

2100 2033 2207 2095 Ὣς
2235 2028 2439 2092 εἰπὼν,
2470 2027 2717 2097 ἔρριψεν
2742 2027 2841 2083 ἀπ’
2881 2027 3141 2097 οὐρανοῦ
3179 2028 3571 2097 ἀστερόεντος

2094 2100 2255 2167 Χειρὶ
2286 2096 2693 2167 περιστρέψας
2712 2116 2725 2128 ·
2751 2098 2906 2166 τάχα
2925 2096 2976 2152 δ’
3007 2098 3167 2151 ἵκετο
3182 2097 3300 2166 ἔργ’
3328 2096 3680 2165 ἀνθρώπων.

2166 2192 2255 2247 29.
2286 2192 2394 2243 Καὶ
2417 2191 2644 2245 Πλάτων
2665 2191 2720 2243 δὲ
2744 2192 2883 2262 μετὰ
2910 2192 3000 2244 τὸν
3030 2191 3163 2245 Θεὸν
3192 2191 3284 2245 καὶ
3308 2190 3408 2261 τὴν
3435 2190 3589 2262 ὓλην,
3616 2191 3685 2244 ’τὸ

2096 2281 2234 2350 εἶδος
2255 2287 2446 2357 τρίτην
2470 2286 2644 2356 ἀρχὴν
2674 2280 2813 2339 εἶναι
2841 2283 3031 2353 λέγων,
3072 2285 3171 2339 οὐκ
3198 2283 3416 2339 ἄλλοθέν
3446 2283 3557 2354 (22)
3582 2301 3687 2337 πο-

2098 2378 2225 2443 θεν,
2278 2377 2414 2432 ἀλλὰ
2471 2378 2622 2449 παρὰ
2674 2378 2951 2441 Μωῦσέως
2989 2377 3084 2447 τὴν
3130 2377 3402 2448 πρόφασιν
3443 2375 3685 2445 εἰληφὼς

2097 2473 2368 2543 φαίνεται,
2412 2471 2472 2524 τὸ
2517 2472 2615 2542 μὲν
2661 2470 2755 2525 τοῦ
2806 2470 2980 2533 εἴδους
3028 2470 3195 2540 ὄνομα
3236 2469 3344 2523 ἀπὸ
3378 2468 3484 2523 τῶν
3515 2468 3685 2523 Moab-

2099 2566 2237 2629 σέως
2272 2564 2606 2636 μεμαθηκὼς
2658 2563 2862 2635 ῥητῶν,
2895 2563 2953 2616 οὐ
2980 2562 3249 2633 διδαχθεὶς
3285 2562 3340 2615 δὲ
3374 2560 3684 2633 τηνικαῦτα

2098 2658 2249 2731 παρᾶ
2282 2658 2391 2712 τῶν
2415 2658 2656 2722 εἰδότων,
2693 2657 2775 2710 ὅτι
2797 2657 2946 2711 οὐδὲν
2970 2655 3127 2719 ἐκτὸς
3158 2653 3422 2727 μυστικῆς
3446 2653 3685 2725 θεωρίας

2095 2749 2204 2803 τῶν
2242 2749 2346 2802 ὑπὸ
2378 2748 2657 2812 Μωῦσέως
2675 2749 2998 2820 εἰρημένων,
3031 2746 3215 2816 σαφῶς
3247 2742 3533 2814 γινώσκειν
3561 2743 3684 2796 ἐστὶ

2097 2840 2343 2894 δυνατόν.
2366 2838 2616 2909 Γέγραφε
2643 2838 2751 2909 γάρ
2776 2837 3016 2907 Μωῦσῆς
3043 2835 3117 2897 ὡς
3148 2833 3241 2887 τοῦ
3267 2831 3400 2886 Θεοῦ
3424 2830 3551 2901 περὶ
3578 2828 3683 2899 τῆς

2099 2932 2303 3001 σκηνῆς
2360 2929 2497 3001 πρὸς
2548 2929 2711 2983 αὐτὸν
2772 2928 3056 2999 εἰρηκότος
3101 2925 3306 2989 οὕτως’
3345 2923 3456 2987 Καὶ
3505 2921 3680 2987 ποιή-

2097 3036 2229 3088 σεις
2258 3022 2369 3093 (25)
2392 3039 2494 3091 μοι
2522 3021 2672 3075 κατὰ
2703 3019 2898 3073 πάντα
2925 3020 3043 3073 ὅσα
3076 3017 3189 3088 ἐγὼ
3211 3017 3461 3070 δεικνύω
3489 3028 3589 3067 σοι
3612 3013 3684 3065 ἑν

2098 3113 2178 3179 τῷ
2206 3112 2347 3181 ὄρει,
2376 3113 2444 3167 τὸ
2480 3111 2848 3182 παράδειγμα
2884 3110 2994 3179 τῆς
3028 3108 3286 3177 σκηνῆς.
3331 3108 3440 3162 Καὶ
3484 3106 3678 3159 πάλιν·

426 3204 680 3272 atque’ita
705 3202 870 3271 facies
897 3202 965 3255 ’⁵.
1016 3200 1085 3256 Et
1140 3213 1332 3253 rursus
1362 3198 1525 3267 paulo
1553 3206 1675 3267 post
1704 3216 1716 3252 :
1759 3198 1847 3251 Ita
1874 3215 1992 3251 sane

2101 3205 2211 3259 Kal
2236 3206 2606 3271 ἀναστήσεις
2628 3204 2742 3272 τὴν
2767 3204 3009 3271 σκηνὴν
3033 3202 3184 3256 κατὰ
3224 3200 3289 3255 τὸ
3312 3198 3682 3269 παράδειγμα

428 3295 594 3364 [acies
618 3294 908 3347 secundum
942 3304 1121 3363 typum
1144 3300 1195 3346 et
1221 3289 1453 3360 ﬁguram
1480 3307 1597 3360 quia
1624 3292 1717 3344 tibi
1749 3291 1805 3345 in
1828 3305 1999 3345 monte

425 3396 727 3441 monstrata
760 3396 834 3439 est
862 3385 927 3439 ³⁸.
979 3385 1105 3439 ﬂre
1134 3400 1256 3439 cum
1287 3385 1508 3455 legisset
1540 3384 1713 3447 Plato,
1759 3397 1860 3437 nec
1892 3397 2000 3453 qua

426 3493 527 3546 par
551 3488 672 3533 erat
699 3476 1161 3547 contemplatione
1197 3479 1397 3546 scripta
1424 3476 1515 3529 illa
1549 3478 1713 3531 verba
1748 3476 2002 3544 excepis-

426 3578 549 3637 set,
587 3570 930 3624 existimavit
978 3568 1209 3623 iormam
1258 3580 1388 3623 ante
1421 3569 1508 3634 id,
1556 3569 1701 3639 quod
1749 3568 2000 3624 sensibus

426 3660 735 3730 subjectum
779 3670 884 3725 est,
916 3661 1210 3731 separatim
1256 3660 1559 3726 exsistere;
1591 3674 1753 3729 quam
1778 3660 1999 3729 quidem

428 3752 598 3805 etiam
632 3752 914 3821 exemplar
954 3765 1171 3816 eorum,
1217 3766 1338 3820 qua:
1372 3751 1516 3805 facta
1556 3759 1703 3816 sunt,
1734 3765 1877 3820 saepe
1902 3765 2001 3802 nu-

429 3856 584 3897 mero
627 3852 805 3908 vocat,
841 3842 967 3911 quia
1013 3841 1227 3912 Moyses
1262 3842 1329 3895 de
1362 3841 1713 3895 tabernaculo
1755 3840 1827 3894 ita
1859 3839 1998 3894 scri-

424 3935 570 4002 psit:
602 3932 902 3989 Secundum
948 3933 1177 4004 formam
1214 3932 1312 3987 tibi
1356 3934 1413 3986 in
1435 3943 1609 3987 monte
1645 3940 1998 3985 monstratam

424 4028 503 4081 ita
531 4029 715 4098 facies.

496 4201 584 4256 50.
622 4200 885 4257 Similiter
916 4211 969 4259 et
995 4202 1061 4258 de
1091 4210 1236 4257 terra
1268 4210 1323 4257 et
1356 4201 1423 4257 de
1450 4200 1588 4256 caelo
1615 4208 1669 4255 et
1704 4202 1768 4255 de
1818 4201 1996 4256 bomi-

426 4294 510 4347 uis
554 4295 833 4350 creatione
883 4294 1286 4349 hallucinatum
1345 4302 1528 4363 patet;
1563 4308 1685 4347 nam
1717 4302 1772 4347 et
1804 4295 1996 4347 horum

424 4384 572 4439 ideas
594 4398 717 4439 esse
750 4386 1023 4454 opinatur.
1055 4385 1319 4451 Quoniam
1347 4384 1491 4439 enim
1524 4383 1736 4455 Moyses
1769 4386 1841 4438 ita
1864 4388 1997 4440 scri-

423 4475 569 4545 psit:
597 4474 664 4528 In
694 4476 953 4544 principio
994 4476 1121 4543 fecit
1158 4474 1301 4530 Deus
1347 4474 1535 4530 uelum
1570 4484 1619 4529 et
1654 4485 1849 4528 terram
1875 4492 1896 4540 ;
1931 4490 1996 4530 ac

490 4638 711 4695 “Iliad.
766 4640 833 4706 T,
867 4638 989 4694 126.
1062 4638 1107 4670 ²³
1144 4638 1315 4693 Exod.
1352 4654 1478 4692 xxv.
1514 4638 1569 4694 9.
1646 4638 1691 4670 ²⁶
1728 4639 1887 4703 lbid.,
1920 4637 2010 4693 40.

2101 3297 2343 3350 πάντων
2390 3296 2509 3351 τῶν
2558 3295 2797 3351 σκευῶν
2848 3295 3073 3364 αὐτῆς,
3134 3294 3233 3347 καὶ
3276 3292 3462 3358 οὕτως
3506 3289 3679 3357 ποιή-

2100 3404 2233 3453 σεις
2274 3386 2407 3459 (24).
2454 3387 2565 3440 Καὶ
2606 3384 2762 3451 αὖθις
2800 3388 2993 3459 μικρὸν
3038 3386 3294 3457 ὕστερονο
3326 3384 3523 3450 Οὕτως
3566 3382 3682 3453 ἄρα

2100 3477 2376 3545 ποιήσεις
2410 3478 2560 3532 κατὰ
2592 3479 2701 3532 τὸν
2726 3479 2919 3532 τύπον
2947 3480 3051 3532 τὸν
3070 3477 3447 3548 δεδειγμένον
3474 3492 3573 3530 σοι
3609 3478 3680 3530 ἐν

2098 3568 2179 3635 τῷ
2204 3569 2338 3638 ὄρει.
2381 3570 2605 3635 Τούτοις
2646 3567 2739 3624 οὖν
2763 3571 3044 3640 ὲντυχὼνό
3078 3572 3305 3624 Πλάτων
3330 3572 3461 3644 (25),
3492 3573 3586 3624 καὶ
3615 3571 3677 3624 οὐ

2101 3662 2238 3732 μετὰ
2260 3662 2359 3732 τῆς
2387 3662 2772 3735 προσηκούσης
2795 3663 3027 3734 θεωρίας
3046 3662 3336 3735 δεξάμενος
3359 3664 3425 3718 τὰ
3440 3680 3682 3737 γεγραμ-

2102 3752 2239 3824 μένα
2264 3754 2423 3825 ῥητὰ,
2451 3755 2599 3827 ᾠήθη
2630 3756 2768 3820 εἶδός
2800 3774 2853 3811 τι
2886 3757 3155 3827 χωριστὸν
3174 3758 3554 3829 προϋπάρχειν
3582 3757 3677 3810 τοῦ

2098 3846 2357 3916 αἰσθητοῦ
2378 3864 2390 3876 ·
2416 3848 2443 3899 ὃ
2466 3850 2557 3900 καὶ
2588 3847 2936 3921 παράδειγμα
2959 3847 3067 3903 τῶν
3089 3848 3398 3918 γενομένων
3425 3846 3679 3916 ὀνομάζει

2100 3937 2363 4001 πολλάκις
2386 3978 2401 4002 ,
2436 3940 2622 4010 ἐπειδὴ
2652 3939 2710 3992 τὸ
2724 3940 3001 4003 Μωῦσέως
3030 3939 3171 3994 οὕτω
3190 3940 3318 4012 περὶ
3345 3940 3443 4010 τῆς
3476 3937 3679 4008 σκηνῆς

2100 4026 2353 4096 σημαίνει
2383 4028 2637 4099 γράμμα.
2668 4031 2832 4084 Κατὰ
2852 4032 2917 4084 τὸ
2947 4029 3107 4099 εἶδος
3129 4032 3193 4086 τὸ
3214 4030 3452 4101 δειχθέν
3475 4045 3575 4083 σοι
3608 4029 3678 4081 ἐν

2098 4114 2178 4180 τῷ
2216 4114 2356 4183 ὄρει,
2387 4117 2539 4169 οὕτω
2559 4118 2833 4187 ποιήσεις
2851 4123 3016 4174 αὑτό.

2170 4208 2259 4263 '50.
2313 4210 2543 4279 Ὁμοίως
2571 4211 2627 4263 δὲ
2657 4211 2749 4264 καὶ
2776 4213 2870 4265 ἐπὶ
2892 4214 2992 4283 τῆς
3019 4215 3141 4284 γῆς,
3176 4214 3269 4267 καὶ
3296 4211 3390 4267 τοῦ
3424 4208 3671 4281 οὐρανοῦ.

2034 4354 2037 4355 ν
2097 4295 2189 4349 καὶ
2219 4296 2312 4349 τοῦ
2342 4297 2628 4371 ἀνθρώπου
2656 4300 2879 4369 σφαλεὶς
2915 4302 3193 4371 φαίνεται·
3222 4302 3315 4355 καὶ
3342 4300 3541 4355 τούτων
3570 4298 3677 4369 γὰρ

2100 4388 2243 4452 ἰδέας
2281 4384 2420 4442 εἶναι
2460 4389 2653 4445 οἴεται.
2699 4391 2916 4463 Ἐπειδὴ
2958 4392 3066 4463 γὰρ
3102 4394 3343 4462 Μωῦσῆς
3390 4390 3533 4445 οὕτω
3580 4390 3674 4458 γέ-

2098 4495 2339 4549 γραφεν·
2386 4482 2489 4535 Ἑν
2512 4482 2670 4553 ἀρχῇ
2701 4484 2989 4553 ἐποίησεν
3013 4486 3045 4537 ό
3085 4484 3228 4549 Θεὸς
3268 4482 3374 4535 τόν
3418 4479 3677 4552 ori-part»

496 4818 608 4890 (20)
642 4818 799 4887 Πρὸς
820 4817 926 4872 τὸν
964 4817 1295 4886 ἄνθρωπον.
1322 4815 1568 4883 Colbcrt,
1597 4817 1727 4889 περὶ
1760 4818 1853 4870 τὸν
1894 4816 1991 4871 ἄν·

2099 4816 2369 4873 Justinum
2406 4818 2461 4873 in
2490 4817 2599 4890 bac
2625 4816 2868 4872 Platonis
2919 4816 3163 4890 idearum
3216 4812 3677 4890 interpretatione

418 4888 1068 5079 ἒὲἒτὲῗν’“Ελεύσεσοαι.
1106 4957 1241 5026 Reg.
1281 4956 1316 5011 ὅ
1348 4965 1401 5011 et
1431 4955 1670 5011 Clarom.
1722 4967 1774 5013 et
1808 4957 1878 5011 R.
1907 4956 1992 5011 St.

455 5047 472 5079 Ι
517 5046 545 5079 σ
582 5046 657 5079 αι.

455 5028 769 5167 ’ἥξὲῗιῦὑκ
792 5097 1071 5151 ἄλλοθεν.
1116 5095 1209 5151 Sic
1255 5110 1386 5167 mss.
1433 5096 1572 5167 Editi
1602 5098 1695 5150 καὶ
1744 5095 1987 5150 ἄλλοθεν.

342 5176 347 5189 ‘
422 5164 541 5238 μσκ
580 5170 710 5237 Reg.
748 5170 781 5221 5
817 5179 872 5221 et
904 5169 1142 5222 Clarom.
1184 5164 1519 5236 μεμαθηκὼς
1561 5167 1761 5238 ῥητῶν,
1800 5170 1992 5236 sicque

421 5235 489 5289 Β.
525 5240 607 5293 St.
651 5235 716 5290 ad
757 5238 984 5292 calcem.

492 5308 603 5379 (25)
646 5309 844 5375 Οΰτως
897 5307 993 5360 καὶ
1050 5304 1342 5373 ποιήσεις.
1405 5306 1647 5362 Colbert.
1718 5306 1890 5371 οὓτως
1932 5306 1989 5358 δὲ

420 5380 745 5520 ἴτοὲιῖῖιῗξαὶ
771 5448 956 5513 οὕτως
975 5446 1422 5520 ποιήσειςηΗιεε
1445 5447 1711 5520 desuntin
1743 5444 1984 5520 golbert.

420 5511 684 5602 ludiegio
722 5527 901 5570 autem
991 5511 1533 5602 ista'vrequiruutur:
1580 5516 1674 5602 ξαὶ
1706 5511 1865 5602 αὖθις
1898 5533 1987 5602 μι-

419 5585 548 5655 κρὸν
598 5584 852 5657 ὕστερον.
912 5586 1082 5651 οὕτως
1112 5584 1231 5657 ἄρα’
1274 5589 1534 5657 ποιήσεις.
1580 5586 1643 5639 R.
1691 5586 1775 5657 St.
1821 5584 1988 5637 habet

422 5662 486 5707 ad
529 5655 739 5709 calcem
777 5658 950 5720 οὕτως
992 5658 1111 5727 ὅρα.
1153 5655 1249 5711 Sic
1284 5655 1449 5710 etiam
1506 5657 1640 5725 Reg.
1689 5672 1725 5718 ι,
1766 5655 1819 5707 in
1852 5669 1987 5706 con-

464 5742 473 5759 ι
520 5738 553 5773 ιι
581 5763 596 5777 .

421 5737 601 5867 ῃῘἙΞ)
648 5799 880 5863 Τούτοις
908 5793 1020 5851 οὖν
1054 5796 1322 5867 ἐντυχὼν
1343 5801 1375 5851 o'
1412 5796 1677 5851 Πλάτων.
1726 5794 1845 5851 Jatn
1878 5792 1986 5849 dixi

2106 4905 2212 4942 non
2261 4888 2673 4942 accuratissime
2701 4891 2930 4942 versari.
2986 4886 3173 4955 Neque
3216 4886 3360 4955 enim
3391 4883 3491 4938 has
3525 4883 3677 4939 ideas

2102 4958 2306 5013 Platoa
2337 4958 2758 5027 cogitationibus
2795 4957 2886 5010 Dei
2911 4954 3221 5027 separabat.
3252 4954 3355 5008 Sed
3386 4955 3525 5027 dum
3550 4969 3673 5008 eum

2103 5028 2161 5081 S.
2189 5023 2707 5097 lliartyr'existimat
2735 5042 2890 5081 suam
2918 5029 2989 5097 de
3015 5025 3201 5097 mundi
3230 5023 3677 5097 exemplariseu-

2101 5095 2340 5151 tentiam
2361 5112 2429 5151 ex
2462 5097 2568 5162 his,
2610 5112 2731 5165 qua:
2760 5098 2825 5150 de
2857 5095 3191 5150 tabernaculi
3248 5095 3547 5162 exemplari
3584 5095 3674 5165 dif

2097 5178 2297 5221 cuntur
2324 5168 2376 5220 in
2413 5164 2715 5235 Scriptura,
2735 5168 3056 5229 deduxisse;
3091 5165 3305 5218 videtur
3340 5165 3506 5235 idem,
3527 5164 3675 5234 quod

2103 5237 2260 5291 multi
2287 5237 2400 5301 alii,
2433 5233 2693 5299 sensisse,
2732 5235 3139 5289 tabernaculum
3166 5234 3351 5287 mundi
3380 5233 3673 5303 imaginem

2097 5321 2239 5369 esse.
2295 5322 2359 5360 ac
2397 5307 2626 5373 proinde
2680 5306 2830 5359 ideas
2887 5305 3033 5359 illius
3095 5303 3457 5373 tabernaculi,
3526 5306 3677 5359 ideas

2089 5376 2277 5430 mundi
2323 5372 2511 5429 luisse.
2544 5376 2634 5429 Sic
2650 5378 2794 5428 enim
2818 5374 2993 5439 Philo,
3051 5389 3102 5443 p.
3143 5374 3249 5426 260
3281 5387 3334 5427 et
3362 5372 3490 5430 240.
3514 5372 3674 5427 10se—

2092 5448 2233 5515 phus
2282 5447 2457 5515 Antiq.
2485 5460 2567 5509 ιιι,
2621 5461 2671 5499 c.
2712 5444 2765 5497 8.
2800 5446 3066 5515 Origenes
3098 5444 3310 5515 rilOlliil.
3336 5445 3379 5515 79
3409 5446 3462 5496 in
3499 5445 3675 5515 (ﬁxed.

2094 5511 2588 5583 Methodius'apud
2619 5511 2924 5569 Combelis:
2961 5530 3014 5577 p.
3042 5514 3131 5568 96.
3188 5514 3453 5567 Eusebius
3494 5511 3674 5583 Prwp.

2090 5585 2290 5652 Evang.
2312 5584 2348 5636 Ι.
2383 5582 2568 5649 χιιζο.
2604 5584 2691 5639 19.
2728 5583 3023 5652 Gregorius
3055 5584 3187 5638 Naz.
3212 5584 3461 5637 orat.54.
3496 5582 3678 5637 Theo-

2092 5656 2315 5779 ἳρτῖιυε
2346 5655 2414 5708 60
2455 5657 2509 5709 in
2555 5654 2771 5721 Exod.;
2808 5656 2967 5709 Joan.
3023 5655 3273 5711 Da‘masc.
3304 5663 3449 5711 erat.
3474 5654 3507 5709 2
3535 5666 3590 5711 ct
3617 5658 3673 5723 5,

2142 5741 2168 5779 e
2230 5741 2371 5779 ntro.

2142 5741 2168 5779 e
2193 5741 2371 5793 amt-9.
