3948 6256
457 351 563 408 S99

1457 351 1514 406 S.
1551 350 1811 408 JUSTINI
1841 349 2248 409 PHILOSOPHI
2283 351 2370 407 ET
2405 351 2758 408 MARTYRIS

3606 351 3714 405 300

456 468 779 523 clevaverunt
819 465 1077 520 cherubim
1115 465 1232 520 alas
1266 483 1417 529 suas,
1476 480 1523 522 et
1553 481 1680 523 rota:
1721 487 1837 524 cum
1883 472 1955 525 eis
1981 488 2007 524 ε

2125 471 2263 539 ρίου
2287 470 2404 524 ἀπὸ
2438 470 2543 523 τοῦ
2579 471 2769 531 οἴκου,
2792 469 2886 523 καί
2927 468 3106 535 ἐπέϐη
3130 466 3227 520 ἐπὶ
3260 467 3537 535 χερουϐίμ
3561 483 3573 495 ·
3608 465 3710 518 καὶ

456 558 629 629 gloria
656 557 752 612 Dei
804 555 976 611 Israel
1034 567 1147 610 erat
1177 574 1334 625 super
1379 575 1467 613 eos
1508 562 1781 614 desursum
1802 561 1870 615 θ’.
1900 561 2027 617 Inde

457 650 717 705 incitatus
746 647 953 703 vocalis
998 647 1085 702 ille
1141 647 1297 703 Plato
1355 663 1564 703 summa
1597 666 1720 705 cum
1774 651 2027 707 libertate

455 742 689 797 clamat:
717 740 941 810 Magnus
982 740 1037 793 in
1088 740 1215 793 caelo
1267 738 1479 810 Jupiter
1521 741 1784 795 volucrem
1811 758 2026 796 currum

455 850 633 901 agens.
708 832 860 889 Unde
906 832 1049 887 enim
1113 832 1338 885 edoctus
1396 832 1512 886 haec
1570 833 1813 900 scripsit,
1862 832 2024 887 nisia

455 924 638 996 Moyse
661 933 716 979 et
744 923 1063 993 prophetis?
1089 922 1241 977 Unde
1270 934 1490 991 accepta
1537 924 1826 977 occasione
1858 922 2023 977 Deum

453 1017 509 1071 in
536 1018 690 1087 ignea
721 1016 1019 1072 substantia
1056 1028 1178 1070 esse
1210 1015 1371 1070 dicit?
1402 1013 1590 1067 Nonne
1610 1029 1675 1067 ex
1708 1014 1865 1069 tertio
1887 1014 2025 1068 libro

456 1109 792 1179 Regnorum,
819 1108 909 1162 ubi
946 1109 1209 1178 scriptum
1240 1114 1354 1161 est:
1384 1104 1508 1158 Non
1551 1106 1605 1158 in
1628 1105 1820 1170 spiritu
1843 1104 2029 1158 Domi-

453 1214 551 1251 nus
572 1206 619 1250 ct
645 1206 762 1265 post
808 1195 1055 1264 spiritum
1086 1195 1405 1252 commotio:
1452 1211 1557 1248 non
1596 1194 1652 1246 in
1681 1194 2026 1248 commotione

452 1288 731 1351 Dominus,
786 1298 836 1342 et
887 1298 1004 1357 post
1052 1287 1445 1341 commotionem
1493 1285 1628 1354 ignis
1651 1301 1805 1338 ,οιηοη
1828 1285 1884 1337 in
1907 1285 2025 1354 igne

450 1379 730 1443 Dominus,
758 1389 807 1432 et
824 1379 1137 1448 postignem
1162 1394 1438 1432 vocarim
1466 1377 1635 1431 tenuis
1660 1376 1704 1407 ³³
1728 1375 1751 1429 ?
1783 1374 1888 1430 Sed
1910 1377 2025 1430 haec

450 1472 517 1525 ad
549 1471 810 1526 sublimes
863 1484 1055 1526 sensus
1084 1470 1251 1523 multa
1281 1469 1445 1523 animi
1480 1468 1833 1537 inquisitione
1859 1482 1887 1521 a
1916 1467 2023 1536 piis

450 1564 758 1620 hominibus
806 1563 1141 1619 revocanda.
1194 1562 1347 1617 Plato
1374 1570 1555 1616 autem
1585 1576 1691 1616 non
1714 1575 1777 1616 ea
1800 1576 1903 1630 qua
1929 1562 2021 1615 de-

448 1654 1096 1725 cebatcontemplatione
1146 1654 1386 1709 animum
1436 1652 1745 1720 intendens,
1769 1652 1823 1706 in
1862 1653 2017 1722 ignea

447 1747 749 1801 substantia
782 1745 951 1800 Deum
979 1760 1101 1801 esse
1131 1745 1289 1800 dixit.

2129 562 2382 616 ἀνέλαϐε
2422 563 2493 615 τὰ
2538 562 2818 630 χερουϐὶμ
2861 561 2965 626 τὰς
3005 559 3300 627 πτέρυγας
3354 557 3574 620 αὐτῶν,
3606 556 3709 612 καὶ

2128 658 2182 707 οὶ
2217 654 2416 723 τροχοὶ
2441 654 2709 721 ἐχόμενοι
2741 649 2965 704 αὐτῶν·
2990 651 3085 702 καὶ
3112 648 3265 711 δόξα
3300 648 3519 715 Κιιρίου
3555 645 3711 703 Θεοῦ

2140 744 2386 813 Ἰσραὴλ
2426 741 2505 813 ἦν
2524 743 2617 795 ἐπ’
2642 741 2847 807 αὐτοῖς
2867 740 3274 809 ὑπεράνωθεν.
3306 738 3500 791 Ἔνθεν
3530 738 3710 809 ὁρμώ-

2131 852 2289 905 μενος
2315 837 2344 887 ὁ
2384 835 2763 905 μεγαλόφωνος
2802 832 3048 893 Πλάτων,
3084 831 3220 901 μετὰ
3240 829 3451 901 ’πολλῆς
3488 831 3707 901 παρῤη-

2129 926 2248 988 σίας
2278 924 2375 995 βοᾷ
2400 924 2602 991 λέγων·
2657 923 2719 975 '0
2752 920 2867 991 μὲν
2908 921 2983 989 δὴ
3015 921 3202 989 μένας
3239 918 3345 989 (54)
3368 920 3437 972 ἐν
3468 917 3709 985 οἰιρανῷ

2125 1014 2276 1080 Ζεὺς
2321 1013 2550 1081 πτηνὸν
2578 1014 2733 1081 ἅρμα
2767 1012 3056 1067 ἐλαύνων.
3103 1011 3254 1063 Ἐπεὶ
3284 1010 3444 1063 πόθεν
3479 1009 3707 1062 ἄλλοθεν

2130 1105 2464 1176 μεμαθηκὼς
2501 1104 2670 1157 ταῦτα
2707 1103 2961 1174 ἔγραψεν,
3000 1103 3047 1154 εί
3088 1101 3161 1171 μὴ
3220 1101 3371 1172 παρὰ
3420 1100 3707 1164 Μωῦσέως

2127 1196 2219 1249 καὶ
2249 1195 2355 1248 τῶν
2379 1194 2668 1265 προφητῶν
2695 1210 2709 1259 ;
2743 1194 2905 1247 πόθεν
2932 1192 2987 1245 δὲ
3017 1191 3112 1263 τὴν
3141 1192 3409 1263 πρόφασιν
3440 1190 3702 1262 εἰληφὼς,

2127 1288 2219 1341 καὶ
2276 1290 2333 1340 ὲν
2356 1290 2419 1358 τῇ
2451 1285 2684 1358 πυρώδει
2709 1287 2864 1358 οὐσίᾳ
2886 1290 2975 1342 τὸν
3002 1289 3134 1341 Θεὸν
3162 1286 3262 1358 ἔφη
3286 1304 3299 1350 ;
3336 1286 3450 1339 Οὐκ
3464 1285 3582 1337 ἀπὸ
3600 1284 3704 1353 τῆς

2125 1380 2315 1452 τρίτης
2370 1378 2479 1432 τῶν
2527 1378 2822 1431 Βασιλειῶν
2874 1379 3113 1452 ἱστορίας
3141 1418 3157 1442 ,
3187 1378 3312 1431 ἔνθα
3350 1378 3698 1448 γέγραπται’

2129 1472 2335 1524 Οὺκέν
2364 1469 2444 1535 τῷ
2487 1471 2773 1539 πνεύματι
2799 1472 3031 1539 Κύριος,
3072 1471 3167 1525 καὶ
3204 1469 3352 1539 μετὰ
3375 1469 3440 1522 τὸ
3454 1469 3703 1538 πνεῦμα

2124 1564 2529 1631 συσσεισμός·
2560 1564 2671 1615 οὐκ
2693 1562 2762 1615 ἐν
2806 1561 2885 1627 τῷ
2929 1559 3285 1629 συσσεισμῷ
3322 1560 3555 1627 Κύριος,
3597 1558 3701 1612 καὶ

2118 1654 2267 1723 μετὰ
2308 1655 2414 1707 τὸν
2458 1652 2841 1722 συσσεισμόν
2869 1652 3018 1720 πῦρ·
3070 1654 3182 1704 οὐκ
3215 1649 3399 1715 ἐντῷ
3423 1651 3703 1725 πιιοίΚύ-

2116 1764 2277 1813 ριος,
2338 1746 2439 1799 καὶ
2488 1746 2640 1814 μετὰ
2690 1746 2755 1798 τὸ
2806 1744 2924 1813 πῦρ
2979 1743 3146 1812 φωνὴ
3202 1744 3386 1810 αὔρας
3430 1741 3701 1809 λεπτῆς;

457 1837 595 1891 Ἀλλ’
655 1840 839 1892 ἐκεῖνα.
876 1838 975 1908 μὲν
1025 1837 1142 1891 κατ’
1186 1839 1474 1910 ἀναγωγὴν
1538 1840 1677 1911 μετὰ
1729 1838 1931 1909 πολλῆς
1965 1839 2194 1910 θεωρίας
2225 1843 2333 1904 τοῖς
2363 1839 2637 1894 θεοσεϐέσι
2676 1842 2817 1893 νοεῖν
2862 1840 3176 1907 ἀναγκαῖον.
3208 1835 3431 1889 Πλάτων
3492 1835 3576 1899 δὲ,
3632 1834 3699 1887 οὐ

447 1931 583 2001 μετὰ
616 1931 714 2003 τῆς
764 1931 1144 2003 προσηκούσης
1173 1932 1403 2004 θεωρίας
1442 1934 1723 2006 προσέχων
1760 1936 1871 1997 τοῖς
1902 1937 2110 2006 ῥητοῖς,
2140 1938 2197 1989 ὲν
2224 1938 2288 2006 τῇ
2326 1934 2560 2007 πυρώδει
2588 1935 2747 2006 οὐσίᾳ
2768 1935 2856 1988 τὸν
2885 1934 3016 1987 Θεὸν
3044 1929 3183 1986 εἶναι
3216 1931 3339 2003 ἔφη.

525 2024 615 2079 52.
658 2024 813 2092 Quod
855 2026 901 2081 si
934 2027 1058 2095 quis
1098 2036 1152 2081 et
1198 2028 1266 2082 de
1316 2029 1461 2083 dono
1513 2044 1732 2084 sursum
1768 2044 1797 2083 a
1823 2029 1933 2085 Deo
1962 2030 2016 2083 in
2050 2042 2092 2096 Β

447 2118 701 2173 homines
752 2130 969 2174 sanctos
1024 2119 1333 2185 delabente,
1381 2121 1525 2190 quod
1573 2123 1714 2176 sacri
1741 2122 2018 2192 prophetae

448 2209 715 2280 Spiritum
773 2220 1020 2265 sanctum
1071 2212 1381 2281 appellant,
1443 2214 1707 2267 rationem
1757 2222 2017 2268 accurate

448 2302 587 2357 inire
632 2302 797 2366 velit;
834 2304 1065 2373 reperiet
1106 2302 1236 2358 illud
1262 2317 1482 2373 quoque
1503 2319 1531 2357 a
1556 2303 1784 2360 Platone
1813 2305 1867 2359 in
1900 2304 2016 2359 Me-

444 2406 588 2447 none
625 2393 729 2447 sub
766 2392 873 2447 alio
918 2393 1140 2448 nomine
1188 2393 1567 2462 praedicatum.
1610 2395 1833 2450 Veritus
1867 2397 2013 2451 enim

447 2482 542 2538 Dei
573 2484 771 2539 donum
823 2485 1096 2554 appellare
1145 2485 1410 2556 Spiritum
1459 2497 1733 2554 sanctum,
1768 2502 1858 2552 ne,
1887 2504 2017 2559 pro-

445 2576 735 2644 phetarum
807 2578 1108 2633 doctrinam
1183 2593 1448 2648 sequens,
1505 2579 1732 2635 inimico
1787 2594 1907 2636 esse
1956 2581 2013 2636 in

446 2668 670 2725 Grazcos
697 2671 882 2725 animo
931 2672 1247 2739 videretur;
1282 2689 1501 2729 sursum
1544 2673 1763 2743 quidem
1813 2673 2017 2729 fatetur

447 2759 579 2815 illud
608 2776 639 2814 a
678 2759 789 2815 Deo
814 2760 1013 2824 delabi,
1050 2778 1155 2817 non
1201 2772 1384 2820 tamen
1434 2765 1696 2836 Spiritum
1744 2776 2012 2830 sanctum,

444 2851 540 2905 sed
570 2851 824 2906 virtutem
847 2852 1221 2922 appellandum
1251 2871 1371 2911 esse
1397 2858 1629 2911 censuit.
1654 2857 1709 2911 In
1743 2858 1834 2913 illo
1866 2857 2012 2912 enim

448 2943 523 2997 De
564 2944 957 2998 reminiscentia
997 2959 1121 3000 cum
1169 2946 1399 3002 Menone
1446 2948 1678 3018 dialogo,
1727 2958 2012 3019 postquam

444 3034 613 3089 tuulta
640 3035 892 3105 quaesivit
926 3037 993 3091 de
1016 3037 1239 3104 virtute,
1274 3047 1455 3093 utrum
1501 3041 1681 3095 doceri
1721 3041 1908 3109 possit,
1945 3056 2010 3095 an

446 3142 553 3180 non
578 3125 783 3191 doceri,
840 3141 942 3181 usu
997 3126 1090 3182 sed
1141 3135 1196 3183 et
1222 3130 1621 3186 exercitatione
1648 3131 1752 3202 31
1786 3147 2013 3200 compa-

448 3226 622 3280 retur,
670 3216 755 3271 vel
780 3225 961 3271 utrum
997 3233 1096 3273 nec
1131 3219 1375 3274 doctrina
1408 3234 1507 3275 nec
1532 3236 1653 3287 usu,
1686 3222 1782 3277 sed
1815 3232 2011 3276 natura

444 3308 758 3364 hominibus
785 3309 1022 3375 eveniat,
1053 3309 1139 3364 vel
1161 3310 1269 3365 alio
1300 3312 1533 3381 quodam
1565 3312 1758 3379 modo;
1789 3314 2009 3367 tandem

2190 2030 2277 2085 '52.
2307 2032 2369 2084 Εί
2397 2030 2452 2084 δέ
2481 2048 2563 2094 τις
2585 2030 2829 2102 καὶπερὶ
2856 2029 2953 2099 τῆς
2986 2026 3190 2083 ἄνωθεν
3219 2026 3369 2097 παρὰ
3396 2024 3530 2078 Θεοῦ
3556 2041 3698 2077 κατ-

2123 2119 2305 2191 ιοῦσης
2349 2120 2442 2173 ἐπι
2497 2120 2622 2183 τοὺς
2678 2119 2864 2187 ἁγίους
2931 2118 3126 2189 ἄνδρας
3182 2117 3387 2188 δωρεᾶς
3440 2116 3698 2186 (55),ηῆν

2118 2211 2341 2281 Πνεῦμα
2383 2211 2537 2279 ἆγιον
2578 2208 2934 2281 ὀνομάζουσιν
2954 2211 3001 2262 oi
3036 2207 3170 2278 ἱεροὶ
3205 2206 3498 2277 προφῆται,
3531 2208 3701 2275 ἀκρι-

2119 2300 2228 2363 ϐῶς
2265 2304 2483 2354 σκοπεῖν
2511 2300 2703 2365 ἐθέλοι,
2742 2299 2891 2371 εὖροι
2916 2298 2980 2351 ἂν
3020 2298 3114 2351 καὶ
3149 2296 3351 2368 ταύτην
3390 2296 3492 2349 ὑπὸ
3533 2294 3698 2348 Πλά-

2118 2411 2284 2457 τωνος
2314 2397 2371 2447 ἐν
2401 2392 2478 2462 τῷ
2502 2391 2637 2464 πρὸς
2686 2391 2913 2443 Μένωνα
2949 2391 3092 2460 λόγῳ
3121 2389 3189 2442 δι’
3212 2389 3398 2460 ἑτέρου
3428 2389 3696 2459 ὀνόματος

2119 2486 2546 2558 κηρυττομένην.
2606 2481 2801 2545 Δεδιὼς
2845 2482 2951 2553 γὰρ
3005 2481 3101 2553 τὴν
3151 2479 3244 2533 τοῦ
3287 2479 3420 2532 Θεοῦ
3480 2479 3692 2548 δωρεὰν

2117 2578 2341 2648 Πνεῦμα
2371 2575 2524 2645 ἅγιον
2563 2573 2866 2644 ὀνομάζειν,
2897 2573 2982 2624 ἵνα
3023 2571 3096 2642 μὴ
3126 2570 3273 2643 δόξῃ,
3306 2573 3370 2641 τῇ
3414 2570 3519 2623 τῶν
3561 2587 3696 2640 προ-

2117 2670 2301 2742 φητῶν
2336 2669 2596 2739 ἑπόμενος
2625 2664 2957 2736 διδασκαλίᾳ,
2989 2664 3178 2737 ἐχθρὸς
3225 2664 3486 2733 Ἑλλήνων
3522 2656 3687 2725 εἶναι,

2115 2766 2175 2817 τὸ
2213 2762 2309 2833 μὲν
2348 2760 2553 2814 ἄνωθεν
2587 2758 2719 2811 αὐτὸ
2774 2756 2924 2828 παρὰ
2955 2755 3089 2810 Θεοῦ
3138 2756 3381 2809 κατιέναι
3414 2755 3687 2825 ὁμολογεῖ,

2114 2855 2174 2909 οὐ
2203 2855 2309 2925 μὴν
2349 2851 2574 2923 Πνεῦμα
2604 2850 2780 2919 ἅγιον,
2828 2849 2941 2902 ἀλλ’
2983 2849 3183 2919 ἀρετὴν
3226 2848 3507 2918 ὀνομάζειν
3554 2846 3689 2899 αὐτὸ

2113 2948 2288 3018 ἠξίου.
2322 2942 2478 2998 Οὕτω
2508 2943 2613 3015 γὰρ
2654 2942 2789 3013 πρὸς
2825 2942 2913 2994 τὸν
2939 2940 3165 2993 Μένωνα
3193 2942 3251 2993 ὲν
3281 2940 3357 3010 τῷ
3380 2940 3515 3007 Περὶ
3548 2941 3691 2993 (ira-

2110 3038 2387 3108 μνήσεως
2412 3036 2572 3106 λόγῳ,
2607 3034 2776 3089 πολλὰ
2816 3035 3077 3105 πρότερον
3098 3034 3225 3104 περὶ
3248 3033 3347 3103 τῆς
3370 3033 3567 3103 ἀρετῆς
3595 3032 3689 3099 ζη-

2114 3132 2305 3202 τήσας,
2358 3128 2584 3199 πότερόν
2636 3143 2766 3180 ποτε
2801 3125 3048 3178 διδακτὸν
3084 3126 3116 3194 ἡ
3160 3122 3347 3196 ἀρετὴ,
3388 3123 3507 3194 ῆοό
3532 3122 3684 3175 διδα-

2116 3223 2262 3288 κτὸν,
2298 3221 2411 3276 ἀλλ’
2446 3220 2685 3292 ἀσκητὺν
2721 3219 2753 3289 ἦ
2797 3217 2918 3271 οὔτε
2954 3217 3209 3287 ἀσκητὸν,
3258 3214 3380 3268 οὔτε
3419 3212 3684 3285 μαθητὸν,

2114 3314 2251 3369 ἀλλὰ
2304 3312 2462 3382 φύσει
2511 3309 2941 3384 παραγινόμενον
2981 3311 3092 3372 τοῖς
3120 3306 3443 3379 ἀνθρώποις,
3537 3303 3684 3374 ἄλλῳ

442 3402 670 3457 totidem
699 3400 881 3456 verbis
916 3401 1009 3455 'sic
1031 3401 1385 3471 pronuntiat:
1423 3421 1443 3454 ‹
1482 3402 1637 3458 Nunc
1673 3414 1854 3459 autem
1880 3404 2007 3460 siin

2116 3409 2218 3461 τινὶ
2259 3408 2461 3479 τρόπῳ,
2498 3406 2687 3467 αὐταῖς
2711 3403 2916 3467 λέξεσιν
2963 3401 3073 3472 (56)
3122 3400 3293 3463 οὕτως
3325 3398 3685 3467 ἀποφαίνεται

443 3490 550 3544 hoc
599 3488 746 3542 omni
795 3502 1051 3543 sermone
1105 3498 1254 3544 recte
1283 3492 1634 3560 quaesivimus
1672 3503 1728 3549 et
1751 3494 2012 3550 disserui-

444 3597 599 3646 mus,
624 3580 798 3635 virtus
824 3580 1074 3651 profecto
1102 3596 1202 3637 nec
1236 3591 1437 3637 natura
1480 3599 1579 3638 nec
1608 3584 1877 3652 doctrina,
1914 3589 2011 3643 sed

440 3672 625 3727 divina
684 3681 833 3727 sorte
879 3671 1192 3728 hominibus
1249 3676 1433 3730 evenit
1488 3674 1605 3730 Sine
1628 3677 1897 3744 scientia,
1942 3679 2009 3734 iis

439 3763 637 3834 quibus
674 3764 875 3818 evenit.
907 3783 927 3817 ι
970 3761 1119 3831 Haec,
1159 3779 1276 3820 mea
1308 3766 1524 3835 quidem
1563 3769 1856 3836 sententia,
1888 3784 2007 3826 cum

438 3856 586 3911 clare
612 3869 642 3907 a
676 3855 959 3923 prophetis
985 3854 1054 3909 de
1087 3854 1291 3923 Spiritu
1313 3866 1501 3912 sancto
1521 3857 1803 3915 didicisset
1832 3859 2006 3928 Plato,

438 3950 495 4003 in
542 3948 764 4002 virtutis
808 3962 1005 4003 nomen
1050 3948 1264 4002 videtur
1326 3950 1687 4007 transtulisse.
1738 3951 2009 4020 Quemad-

439 4041 658 4095 modum
710 4041 859 4095 enim
913 4055 1079 4095 unum
1136 4049 1191 4095 et
1232 4042 1485 4097 eumdem
1543 4043 1808 4114 Spiritum
1862 4048 2005 4103 sacri

434 4134 715 4203 prophetae
762 4134 814 4188 in
871 4141 1077 4204 septem
1123 4135 1349 4202 spiritus
1400 4135 1567 4191 dividi
1598 4136 1824 4204 dicunt,
1858 4140 1931 4193 ita
1952 4148 2008 4194 et

437 4225 554 4295 ipse
578 4241 739 4279 unam
770 4234 826 4281 et
861 4228 1105 4283 eamdem
1137 4228 1395 4283 virtutem
1451 4228 1749 4297 appellans,
1782 4231 1836 4284 in
1866 4247 2002 4301 qua~

438 4325 562 4368 tuor
589 4329 710 4368 eam
736 4315 972 4371 virtutes
998 4316 1162 4372 dividi
1200 4316 1548 4387 pronuntiat;
1585 4318 1757 4372 sancti
1786 4318 2002 4388 quidem

436 4406 675 4477 Spiritus
728 4424 996 4479 nusquam
1044 4412 1363 4466 meminisse
1407 4410 1620 4477 volens,
1674 4413 1772 4467 sed
1815 4428 1935 4483 quae
1973 4430 2002 4469 a

435 4499 724 4567 prophetis
752 4501 897 4555 dicta
952 4500 1173 4557 fuerant
1222 4502 1287 4557 de
1323 4501 1530 4573 Spiritu
1578 4513 1793 4569 sancto,
1821 4518 1883 4558 ea
1906 4520 2005 4575 per

433 4593 724 4662 quamdam
757 4593 1069 4663 allegoriam
1114 4607 1302 4666 aperte
1356 4596 1681 4665 praedicans.
1744 4596 2000 4652 Sic'enim

434 4686 535 4738 sub
567 4684 726 4737 linem
758 4683 1005 4739 Menonis
1033 4685 1145 4739 ait:
1182 4705 1201 4738 ι
1240 4685 1320 4740 Ex
1346 4686 1448 4741 hac
1496 4687 1662 4757 igitur
1710 4688 1998 4743 ratiocina-

2114 3502 2313 3571 λέγων·
2346 3521 2363 3553 ι
2394 3502 2456 3554 Ei
2475 3501 2531 3553 δὲ
2552 3499 2645 3552 νῦν
2668 3499 2828 3568 ἡμεῖς
2852 3498 2908 3549 έν
2932 3495 3095 3548 παντὶ
3116 3492 3191 3563 τῷ
3212 3492 3353 3561 λόγῳ
3376 3492 3483 3561 (57ο)
3508 3490 3686 3560 τούτῳ

2113 3594 2294 3658 καλῶς
2327 3592 2668 3663 ὲζητήσαμέν
2719 3607 2777 3642 τε
2821 3587 2915 3641 καὶ
2952 3586 3211 3656 ἐλέγομεν
3253 3582 3381 3654 (58),
3424 3579 3590 3652 ἀρετὴ
3614 3579 3685 3633 ἃν

2112 3689 2197 3759 εἴη
2221 3686 2342 3741 οῦτε
2369 3684 2545 3755 φύσει,
2571 3682 2693 3738 οὗτε
2717 3680 2979 3745 διδακτὸν,
3004 3680 3137 3733 ἀλλὰ
3160 3678 3279 3748 θείᾳ
3304 3676 3465 3748 μοίρᾳ
3499 3691 3681 3745 παρα-

2111 3778 2370 3850 γινομένη
2393 3778 2520 3833 ἄνευ
2544 3775 2636 3829 νοῦ
2670 3774 2802 3845 (39),
2824 3768 2903 3837 οἷς
2927 3772 2991 3825 ἂν
3016 3769 3387 3841 παραγίνεται.
3425 3785 3443 3815 ι
3473 3764 3682 3829 Ταῦτα,

2110 3865 2285 3939 οἶμαι,
2325 3865 2509 3936 σαφῶς
2554 3863 2702 3934 παρὰ
2742 3861 2849 3915 τῶν
2889 3859 3178 3932 προφητῶν
3224 3856 3350 3928 περὶ
3388 3852 3479 3907 τοῦ
3521 3852 3681 3919 ἁγίου

2107 3960 2421 4030 Πνεύματος
2461 3954 2794 4029 μεμαθηκὼς
2835 3954 3077 4013 Πλάτων,
3124 3952 3200 4012 εἰς
3244 3948 3303 4001 τὸ
3344 3946 3441 4015 τῆς
3478 3944 3680 4015 ἀρετῆς

2107 4052 2275 4122 ὄνομα
2314 4049 2635 4120 μεταφέρων
2683 4044 2949 4114 φαίνεται.
2988 4040 3218 4111 Ὁμοίως
3264 4036 3374 4107 γὰρ
3414 4034 3600 4103 ῶσπερ
3625 4033 3681 4085 οι

2108 4142 2246 4214 ίεροὶ
2292 4142 2563 4213 προφῆται
2610 4137 2670 4190 τὸ
2712 4136 2770 4189 ἒν
2814 4133 2907 4187 καὶ
2942 4132 3000 4185 τὸ
3038 4131 3168 4184 αὐτὸ
3190 4126 3414 4196 Πνεῦμα
3436 4127 3514 4186 είς
3536 4123 3679 4175 ἑπτὰ

2106 4236 2392 4307 πνεύματα
2427 4228 2740 4304 μερίζεσθαί
2766 4244 2948 4298 φασιν,
2973 4224 3112 4278 οὕτω
3134 4221 3227 4274 καί
3250 4218 3409 4281 αὐτὸς
3432 4217 3556 4288 μίαν
3581 4214 3679 4269 καὶ

2104 4328 2203 4400 τὴν
2236 4326 2404 4397 αὐτὴν
2448 4324 2726 4393 ὀνομάζων
2770 4318 2988 4391 ἀρετὴν,
3050 4314 3249 4383 ταύτην
3290 4313 3367 4373 εἰς
3408 4309 3677 4379 τέσσαρας

2101 4419 2302 4493 ἀρετὰς
2343 4415 2655 4490 μερίζεσθαι
2692 4414 2867 4481 λέγει·
2911 4408 3001 4462 τοῦ
3046 4408 3143 4478 μὲν
3186 4405 3339 4473 ἁγίου
3360 4400 3676 4493 Πνεύματος

2101 4489 2227 4567 οῦδα
2237 4489 2353 4582 μῶς
2376 4489 2728 4580 μνημονεύειν
2752 4505 2967 4566 ἐθέλων,
2994 4501 3080 4554 διὰ
3103 4498 3160 4552 δέ
3180 4513 3318 4558 τινος
3347 4489 3674 4561 ἀλληγορίας

2102 4603 2167 4656 τὰ
2192 4601 2298 4655 ὑπὸ
2329 4600 2439 4654 τῶν
2480 4599 2773 4671 προφητῶν
2797 4596 2924 4667 περὶ
2946 4593 3038 4648 τοῦ
3064 4590 3219 4660 ἁγίου
3258 4585 3575 4655 Πνεύματος
3591 4582 3678 4635 εἰ·

2106 4693 2316 4766 ρημένα
2347 4691 2701 4760 ἀπαγγέλλων
2738 4689 2943 4759 σαφῶς.
2971 4685 3125 4739 Οῦτω
3145 4681 3254 4751 γὰρ
3282 4678 3415 4749 πρὸς
3435 4675 3512 4745 τῷ
3531 4673 3679 4766 τέλει

437 4778 608 4842 tione,
642 4790 675 4830 ο
718 4775 896 4843 Meno,
926 4778 1143 4832 videtur
1190 4779 1358 4833 nobis
1401 4753 1584 4834 divina
1618 4788 1771 4835 sorte
1821 4780 1996 4836 virtus

2116 4753 2194 4837 τοῦ
2234 4782 2391 4850 λόγου
2434 4753 2569 4851 πρός
2598 4780 2689 4833 τὸν
2725 4753 2953 4834 Μένωνα
2993 4775 3123 4844 ἔφη·
3159 4792 3177 4822 ι
3223 4771 3316 4823 Ἐκ
3359 4766 3455 4837 μὲν
3493 4764 3676 4817 τοίνυν

522 4890 566 4921 ³¹
606 4889 807 4945 Ezech.
842 4906 919 4957 ιι,
944 4890 1036 4945 22.
1115 4891 1158 4924 ³³
1196 4890 1263 4946 lli
1289 4891 1425 4962 Reg.
1453 4892 1685 4956 11:1,“.

503 5001 618 5074 (34)
661 5003 723 5056 Ὃ
737 5001 943 5074 μὲιςδὴ
971 5002 1179 5074 μέγας,
1208 5001 1336 5057 Haec
1366 4995 1519 5053 Plato
1550 4999 1604 5053 in
1638 4996 1886 5074 Rhwdro.

508 5068 626 5142 (55)
665 5068 941 5141 Δώρεᾶς.’
971 5068 1069 5127 Sic
1118 5068 1279 5127 etiam
1339 5084 1526 5142 supra,
1572 5086 1626 5122 η.
1664 5070 1717 5132 8,
1748 5068 2000 5142 appellat

435 5139 696 5211 Spiritum
720 5139 1003 5198 sanctum:
1040 5158 1215 5211 neque
1247 5143 1361 5195 haec
1388 5139 1569 5206 jejuna
1597 5139 1897 5211 appellatio
1927 5141 2003 5211 νίτ-

436 5209 549 5267 deri
584 5215 771 5278 debet,
831 5229 932 5268 nec
966 5209 1158 5267 merito
1190 5212 1259 5265 ad
1293 5209 1773 5281 reprehen_si_onem
1829 5209 2000 5281 sancti

438 5285 696 5353 martyris
725 5276 1074 5353 arriperetur.
1112 5276 1380 5353 Sic‘eniu‘t
1414 5278 1575 5353 locuti
1601 5276 1794 5353 Patres
1825 5277 1998 5353 Graeci

434 5362 491 5405 et
524 5345 719 5417 Latini,
754 5362 811 5406 ut
834 5345 1171 5409 demonstrat
1200 5351 1450 5405 Petavius
1482 5350 1574 5403 lib.
1620 5363 1713 5403 vut
1750 5348 1822 5402 De
1852 5345 1998 5402 Trin.

435 5436 553 5490 cap.
588 5423 641 5478 3.

505 5487 621 5561 l36)
658 5492 875 5559 Αὺταῒς
914 5494 1177 5558 λέξεσιν.
1221 5491 1359 5545 Ante
1394 5490 1493 5561 has
1521 5501 1681 5561 voces
1724 5487 1854 5541 editi
1888 5487 1992 5561 ha-

434 5572 564 5634 bent
597 5558 863 5634 ὕστερον,
886 5567 1026 5631 quod
1056 5564 1245 5616 saltem
1290 5559 1481 5634 inutile
1512 5559 1767 5634 videtur,‘
1790 5572 1890 5611 nec
1939 5558 1995 5610 in

433 5632 714 5686 codicibus
737 5626 984 5687 'melioris
1031 5643 1189 5697 ποιεί»,
1220 5642 1278 5684 ut
1314 5630 1467 5685 Colb.
1494 5640 1546 5681 et
1576 5628 1709 5695 Reg.
1738 5626 1791 5693 2,
1838 5642 1994 5696 repe-

434 5702 1194 5772 ritur.—Vocemdﬁctepov,
1245 5699 1587 5772 antecedenti
1633 5698 1896 5772 πρότερον
1942 5704 1996 5772 et

434 5772 682 5841 sequenti
713 5773 848 5845 πρὸς
878 5770 954 5842 τῷ
996 5766 1135 5824 τέλει
1176 5773 1311 5826 bene
1358 5766 1993 5838 respondentem,Justi-

2096 5000 2250 5055 niani
2284 5000 2554 5056 sermonis
2585 4996 2967 5054 consuetudini
3002 4993 3095 5064 (cf.
3122 5009 3175 5049 c.
3203 4992 3294 5056 l5,
3325 4990 3414 5060 l7)
3452 5005 3673 5048 accom-

2097 5072 2395 5134 modatam,
2426 5069 2587 5125 codd.
2621 5070 2757 5137 Reg,
2782 5066 2908 5129 1,3,
2933 5065 3194 5137 Clarom.,
3223 5065 3538 5137 Argentori,
3580 5064 3673 5116 Vi-

2098 5155 2260 5205 mar.,
2290 5152 2345 5195 et
2378 5131 2479 5195 ms.
2509 5139 2621 5194 Pici
2672 5131 2941 5192 ﬁrmatam
2964 5177 2978 5200 ,
3016 5136 3156 5188 male
3198 5132 3463 5200 cxpuux-it
3494 5131 3671 5185 Mara-

2096 5209 2622 5350 llufé7?1;3>.Jdﬁp.
2658 5274 3017 5350 Deestgcoﬁetp
3046 5274 3095 5328 in
3131 5274 3252 5350 cod.
3283 5271 3524 5350 Cglbert.

2192 5338 2280 5420 58)
2336 5338 2663 5421 Ἐ’λέγοξιιεν.
2702 5350 2776 5403 ita
2812 5347 2946 5417 Reg.
2979 5338 3031 5411 ἰ,
3069 5353 3125 5400 et
3167 5344 3282 5413 ipse
3314 5339 3487 5394 Plato.
3519 5338 3667 5396 Editi

2102 5423 2497 5563 λὲἷὲῧῗνῆὶνερ
2548 5489 2685 5563 νοῦ,
2736 5480 3406 5563 μεηοτοιὶοηεῌθιοηίεί
3437 5479 3560 5549 styli
3592 5478 3669 5563 Iin

2100 5548 2429 5615 editioitibus
2465 5559 2524 5613 S.
2549 5548 3033 5624 Justinﬁexcepta
3074 5552 3140 5605 R.
3170 5552 3254 5606 St.
3277 5548 3540 5624 editione,
3591 5548 3670 5624 lg.

2100 5631 2245 5700 gitur
2264 5631 2362 5683 οὐκ
2386 5631 2511 5684 ἄνευ
2540 5628 2653 5684 νοῦ.
2682 5619 2788 5686 Sed
2819 5619 3029 5696 nega-tio
3051 5625 3205 5679 deest
3235 5623 3288 5677 in
3314 5622 3446 5690 Reg.
3472 5619 3508 5675 2
3528 5627 3584 5672 et
3610 5619 3669 5678 5.

2100 5712 2155 5756 et
2186 5700 2426 5756 Clarom.
