3948 6256
351 329 456 386 505

351 541 597 596 externis
663 541 907 611 persuasi
960 542 1200 614 Moysem
1249 551 1305 597 et
1353 550 1581 597 caeteros
1632 543 1927 612 prophetas

350 632 521 689 multo
563 633 629 687 iis
665 634 940 699 omnibus,
970 639 1064 706 qui
1099 638 1375 706 sapientes
1422 636 1565 707 apud
1610 652 1707 693 vos
1756 636 1926 692 habili

351 736 500 788 sunt,
545 725 888 795 antiquiores
917 741 1059 795 esse,
1086 729 1154 785 ab
1184 730 1403 799 antiquo
1441 729 1709 798 majorum
1742 742 1928 785 errore

350 817 660 881 discedatis,
689 834 755 873 ac
778 818 992 876 divinas
1016 822 1401 891 prophetarum
1428 823 1619 892 legatis
1644 823 1924 888 historias,

347 925 643 980 veramque
668 928 737 966 ex
782 910 1053 980 ejusmodi
1085 915 1443 984 scriptoribus
1486 916 1796 985 religionem
1840 913 1928 967 di-

346 1004 533 1068 scatis,
577 1005 669 1072 qui
702 1020 807 1059 non
840 1005 1131 1060 verborum
1160 1008 1314 1063 vobis
1345 1019 1517 1063 artem
1565 1010 1918 1079 promittunt,

346 1110 445 1151 nec
473 1095 764 1150 artificiose
789 1096 854 1152 ad
884 1100 1316 1164 persuadendum
1348 1099 1644 1169 loquuntur
1668 1099 1744 1171 (id
1777 1102 1922 1155 enim

346 1188 624 1259 proprium
664 1196 750 1244 est
795 1202 983 1243 eorum
1022 1190 1114 1259 qui
1145 1191 1431 1245 veritatem
1462 1190 1633 1246 furari
1665 1192 1923 1264 volunt),

342 1281 438 1335 sed
484 1281 648 1335 verba
693 1289 748 1334 et
794 1281 1010 1335 nomina
1060 1281 1404 1351 simpliciter,
1438 1293 1497 1337 nt
1547 1298 1605 1338 se
1646 1283 1922 1350 ollerunt',

348 1381 653 1439 usurpant,
699 1387 764 1427 ac
809 1387 869 1426 ea
904 1373 1055 1427 vobis
1090 1374 1371 1438 nuntiant,
1416 1388 1534 1443 qua:
1577 1374 1830 1444 delapsus
1867 1376 1919 1430 in

341 1479 437 1519 eos
466 1464 696 1534 Spiritus
729 1474 975 1529 sanctus,
1005 1465 1090 1520 his
1118 1466 1211 1535 qui
1241 1481 1421 1521 veram
1456 1467 1772 1536 religionem
1805 1468 1921 1521 edi-

341 1570 495 1611 scere
521 1556 770 1625 cupinnt,
802 1571 897 1625 per
924 1572 1018 1612 eos
1049 1559 1264 1614 tradere
1297 1558 1486 1613 voluit.
1506 1552 1708 1613 Malum
1755 1559 1919 1631 igitur

340 1662 558 1702 omnem
583 1651 842 1718 pudorem
891 1650 1215 1719 abjicientes
1242 1665 1307 1705 ac
1332 1661 1575 1707 veterem
1630 1653 1917 1707 hominum

338 1754 603 1806 errorem,
634 1750 689 1796 et
719 1742 933 1795 inanem
964 1743 1351 1798 ostentationis
1380 1747 1695 1815 strepitum,
1725 1746 1777 1799 in
1806 1760 1916 1814 quo

1355 332 1411 387 S.
1451 328 1715 387 JUSTINI
1750 328 2163 387 PHILOSOPHI
2198 332 2285 387 ET
2322 332 2682 389 MARTYRIS

421 447 512 503 55.
537 446 659 504 1am
684 447 846 518 igitur
871 457 1083 519 tempus
1106 458 1209 514 est,
1229 465 1261 506 ο
1285 449 1482 515 Graeci,
1510 458 1567 502 ut
1594 463 1660 503 ex
1685 450 1931 506 historiis
1959 465 2006 521 Α

3517 338 3626 393 504

2113 452 2202 506 55.
2247 452 2452 523 Καιρὸς
2477 448 2569 505 οῦν
2597 453 2723 522 ἥκει
2764 450 2879 515 νῦν,
2921 450 3241 515 πεισθέντας
3273 452 3435 522 ὑμᾶς,
3463 445 3509 505 ὦ
3532 452 3628 506 ἀν·-

2036 545 2164 615 δρες
2199 544 2477 615 Ἕλληνες,
2511 546 2619 599 ἀπὸ
2648 545 2755 599 τῶν
2799 543 2996 608 ἔξωθεν
3033 543 3302 617 ἱστοριῶν,
3327 547 3410 598 ὅτι
3443 546 3627 617 πολλῷ

2034 634 2408 706 πρεσϐύτατος
2452 636 2698 705 Μωῦσῆς
2743 636 2835 688 καὶ
2871 637 2918 688 οἱ
2949 635 3127 689 λοιποὶ
3162 636 3434 707 προφῆται
3465 638 3627 707 γεγό-

2033 746 2154 781 νασι
2192 727 2408 781 πάντων
2435 727 2542 781 τῶν
2574 730 2702 799 παρ’
2732 729 2860 799 ὑμῖν
2895 728 3073 797 σοφῶν
3117 727 3443 799 γεγενῆσθαι
3471 746 3623 799 νομι-

2034 818 2289 883 σθέντων,
2319 819 2417 889 τῆς
2444 820 2682 884 παλαιᾶς
2722 821 2821 891 μὲν
2848 822 2991 891 ὑμᾶς
3022 820 3130 873 τῶν
3174 822 3455 891 προγόνων
3487 824 3599 875 ἀπο

2033 912 2224 981 στῆναι
2249 912 2474 984 πλάνης,
2499 915 2739 984 ἐντυχεῖν
2762 913 2819 966 δὲ
2845 917 2963 977 ταῖς
2994 913 3165 979 θείαις
3188 913 3294 967 τῶν
3324 915 3625 985 προφητῶν

2031 1006 2312 1077 ἱστορίαις,
2350 1006 2444 1058 καὶ
2476 1006 2678 1074 γνῶναι
2714 1008 2842 1078 παρ’
2869 1006 3046 1059 αὐτῶν
3087 1006 3184 1077 τὴν
3224 1005 3399 1077 ἀληθῆ
3437 1006 3624 1060 θεοσέ-

2028 1099 2198 1162 ϐειαν,
2234 1099 2293 1150 οὐ
2327 1099 2499 1168 λόγων
2543 1100 2671 1170 ὑμῖν
2725 1098 3178 1167 ἀπαγγελλόντων
3225 1099 3443 1169 τέχνας,
3494 1100 3620 1154 οὐδὲ

2029 1188 2269 1252 πιθανῶς
2305 1190 2398 1243 καὶ
2429 1189 2793 1253 πιστευτικῶς
2824 1190 3091 1257 λέγοντων
3112 1207 3123 1219 ’
3162 1190 3318 1243 τοῦτο
3341 1190 3448 1261 γάρ
3486 1191 3620 1244 ἴδιον

2027 1282 2134 1336 τῶν
2166 1283 2263 1354 τὴν
2294 1281 2549 1354 ἀλήθειαν
2597 1283 2848 1337 κλέπτειν
2891 1282 3184 1337 ἐθελόντων
3204 1300 3217 1313 ⁸
3258 1282 3394 1336 ἀλλά
3428 1284 3619 1348 ἁπλῶς

2024 1379 2135 1440 τοῖς
2164 1376 2508 1446 ἐπιτυχοῦσιν
2541 1376 2650 1447 (44)
2691 1377 2914 1447 ὀνόμασί
2941 1395 2999 1431 τε
3033 1378 3126 1431 καὶ
3163 1378 3369 1448 ῥήμασι
3397 1380 3619 1451 χρωμέ-

2024 1487 2150 1534 νων,
2191 1468 2340 1523 ταῦθ*
2371 1469 2497 1538 ὑμῖν
2529 1468 2996 1536 ἀπαγγελλόντων,
3034 1468 3069 1521 ἃ
3112 1469 3170 1521 τὸ
3200 1469 3353 1537 ἂγιον
3385 1471 3472 1523 ἐπ’
3517 1472 3616 1525 αὐ-

2022 1559 2147 1622 τοὺς
2180 1557 2436 1612 κατελθὸν
2485 1558 2727 1628 Πνεῦμα,
2769 1559 2894 1621 τοὺς
2936 1559 3033 1629 τὴν
3080 1559 3255 1630 ἀληθῆ
3303 1559 3616 1617 θεοσέϐειαν

2026 1650 2317 1722 μανθάνειν
2366 1650 2721 1721 βουλομένους
2748 1650 2814 1702 δι’
2857 1650 3036 1704 αὐτῶν
3070 1651 3340 1705 διδάσκειν
3370 1653 3615 1725 προῄρη-

2020 1762 2128 1798 ται.
2172 1747 2358 1798 Πᾶσαν
2390 1740 2482 1797 οῦν
2522 1744 2674 1808 αἰδῶ,
2711 1745 2804 1797 καὶ
2844 1744 3080 1798 παλαιάν
3113 1743 3416 1816 ἀνθρώπων
3472 1745 3614 1799 πλά-

338 1833 501 1888 etiam
543 1848 762 1888 onmem
815 1834 971 1889 beate
1007 1837 1219 1891 vivendi
1256 1837 1521 1891 rationem
1564 1838 1797 1906 positam
1830 1838 1912 1891 du-

2026 1853 2139 1906 νην,
2170 1835 2264 1887 καὶ
2296 1834 2383 1888 τὸν
2410 1834 2518 1887 τῶν
2554 1834 2731 1901 όγκων
2768 1832 2876 1904 (45)
2908 1833 3251 1905 φαντασιώδη
3285 1834 3612 1905 παρωσάμε-

335 1924 480 1989 citis,
508 1936 571 1977 ea
599 1923 880 1978 sectamini
909 1939 1029 1992 quas
1061 1926 1212 1980 vobis
1244 1927 1392 1981 utilia
1444 1926 1571 1980 sint.
1598 1924 1744 1981 Nihil
1771 1927 1914 1980 enim

336 2016 391 2070 in
427 2015 661 2083 majores
692 2025 909 2071 vestros
957 2017 1277 2085 peccabitis,
1322 2019 1365 2071 si
1410 2033 1555 2071 nunc
1602 2017 1655 2071 in
1701 2026 1917 2072 contra-

336 2110 474 2163 riam
507 2122 698 2162 eorum
740 2107 920 2163 errori
952 2118 1161 2176 partem
1194 2106 1325 2161 ferri
1359 2108 1566 2173 velitis;
1607 2123 1746 2177 quos
1788 2107 1911 2177 qui-

335 2203 458 2257 dem
491 2202 789 2258 verisimile
814 2212 901 2256 est
927 2217 1069 2256 nunc
1098 2203 1149 2255 in
1181 2202 1395 2257 inferno
1422 2218 1543 2257 sera
1589 2204 1914 2270 ptenitentia

336 2287 531 2350 ductos
561 2294 769 2365 lugere,
804 2309 870 2349 ac
898 2295 944 2349 si
979 2295 1099 2348 tieri
1131 2304 1335 2364 posset,
1362 2305 1422 2349 ut
1455 2295 1578 2351 inde
1608 2296 1759 2351 vobis
1784 2313 1916 2350 nun-

335 2388 556 2453 tiaret,
584 2402 704 2458 quae
729 2388 833 2442 sibi
871 2397 998 2456 post
1029 2387 1187 2456 hujus
1227 2389 1352 2442 vine
1392 2390 1551 2444 tinem
1592 2400 1911 2452 evenerunt,

275 2522 297 2544 .
334 2479 743 2547 cognosceretis
788 2479 1031 2549 profecto
1075 2481 1291 2550 quantis
1323 2496 1422 2536 vos
1462 2480 1621 2535 malis
1653 2481 1913 2538 liberatos

333 2569 525 2627 velint.
563 2568 671 2625 Sed
711 2585 834 2624 cum
872 2569 923 2624 in
952 2571 1246 2640 praesentia
1287 2586 1388 2625 nec
1416 2571 1484 2626 ab
1526 2571 1633 2625 illis
1664 2572 1912 2628 ediscere

334 2661 574 2732 possitis,
622 2675 719 2715 nec
746 2660 815 2716 ab
846 2662 913 2716 iis
945 2659 1035 2730 qui
1076 2662 1165 2715 hic
1190 2660 1327 2716 falso
1375 2662 1695 2732 appellatam
1734 2663 1910 2731 philo-

334 2753 579 2823 sophiam
608 2754 951 2823 proﬁtentur,
992 2753 1258 2823 reliquum
1310 2754 1564 2824 deinceps
1594 2756 1745 2809 vobis
1769 2755 1909 2819 erit,

334 2854 417 2910 ut,
459 2846 730 2916 majorum
772 2856 1076 2900 vestrorum
1112 2862 1354 2901 errorem
1396 2848 1734 2918 abjicientes,
1768 2849 1908 2902 vati-

2018 1945 2096 1981 νοι
2122 1926 2313 1996 ψόφον,
2343 1927 2409 1979 δι’
2437 1922 2496 1980 οῦ
2529 1926 2624 1979 καὶ
2653 1926 2750 1996 τὴν
2783 1927 2962 1979 πᾶσαν
2990 1926 3099 1997 (46)
3134 1926 3433 1980 ἀπόλαυσιν
3463 1926 3610 1996 ἔχειν

2016 2019 2214 2086 οἴεσθε,
2265 2018 2451 2090 ἔχεσθε
2506 2018 2613 2071 τῶν
2657 2019 2786 2088 ὑμῖν
2818 2019 3227 2089 συμφερόντων.
3279 2019 3448 2072 Οὐδὲν
3496 2020 3607 2091 γὰρ

2016 2110 2169 2164 ἔσται
2218 2111 2344 2182 παρ’
2386 2110 2538 2179 ὑμῶν
2580 2110 2701 2163 οὐδὲ
2748 2110 2877 2179 περὶ
2923 2110 3046 2172 τοὺς
3098 2109 3398 2180 προγόνους
3446 2109 3606 2180 ὑμῶν

2017 2204 2356 2275 πλημμελὲς,
2386 2204 2433 2255 εἰ
2461 2205 2539 2265 είς
2583 2201 2677 2272 τὴν
2712 2202 2964 2255 ἐναντίαν
3001 2201 3111 2271 (47)
3147 2200 3442 2273 τρέπεσθαι
3487 2200 3608 2256 νυνὶ

2016 2297 2112 2367 τῆς
2135 2297 2193 2362 ἐξ
2216 2296 2436 2349 ἐκείνων
2466 2293 2717 2364 βούλεσθε
2738 2294 2962 2364 πλάνης,
2981 2293 3076 2356 ob;
3102 2293 3247 2357 εἰκὸς
3263 2297 3320 2347 ἐν
3341 2294 3467 2365 ᾆδου
3486 2294 3606 2348 νυνὶ

2015 2387 2387 2457 ἐκπρόθεσμον
2420 2385 2704 2457 μετάνοιαν
2738 2386 3127 2456 μετανοοῦντας
3174 2387 3490 2460 ὀδύρεσθαι⁸
3522 2382 3604 2452 οἷς

2013 2482 2061 2532 εί
2088 2479 2309 2533 δυνατὸν
2336 2474 2402 2549 ἦν
2434 2478 2641 2531 ἐκεῖθεν
2668 2478 2859 2550 δηλοῦν
2895 2480 3021 2548 ὑμῖν
3048 2478 3114 2531 τὰ
3157 2478 3294 2550 μετά
3330 2479 3602 2551 τελευτὴν

2013 2572 2165 2626 τοῦδε
2196 2571 2289 2626 τοῦ
2328 2571 2442 2641 βίου
2477 2572 2862 2643 συμϐεϐηκότα
2884 2573 3090 2637 αὐτοῖς,
3123 2572 3325 2637 ἔγνωτε
3361 2572 3426 2626 ἂν
3458 2575 3601 2626 ὅσων

2014 2665 2158 2735 ὑμᾶς
2207 2662 2511 2726 ἀπαλλάξαι
2563 2663 2747 2715 κακῶν
2786 2663 3116 2735 προείλοντο,
3150 2664 3285 2716 Νυνὶ
3316 2663 3373 2716 δὲ
3411 2664 3602 2733 ἐπειδὴ

2123 2753 2344 2807 δυνατὸν
2373 2757 2430 2807 ἐν
2473 2754 2549 2825 τῷ
2585 2755 2811 2825 παρόντι
2835 2733 2985 2825 μήτε
3023 2756 3151 2825 παρ’
3194 2753 3417 2807 ἐκείνων
3450 2755 3601 2824 ὑμᾶς

2015 2847 2328 2918 μανθάνειν,
2386 2848 2519 2918 μήτε
2558 2846 2663 2917 μὴν
2696 2847 2844 2917 παρὰ
2874 2845 2981 2898 τῶν
3006 2845 3237 2899 ἐνταῦθα
3270 2845 3365 2917 τὴν
3392 2846 3597 2915 ψευδώ-

333 2939 493 2994 ciniis
515 2954 798 2999 sacrorum
830 2939 1070 2994 virorum
1098 2954 1317 3009 operam
1346 2941 1485 2995 detis
1516 2949 1570 2995 et
1596 2940 1665 2995 ab
1696 2940 1775 2994 eis
1801 2957 1908 2996 non

2026 2956 2177 3010 νυμον
2226 2940 2428 3009 ταύτην
2474 2939 2792 3007 φιλοσοφίαν
2842 2939 3151 3008 φιλοσοφεῖν
3195 2937 3596 3009 ἐπαγγελλομέ-

334 3029 607 3086 sermonis
634 3030 959 3101 elegantiam
996 3033 1194 3101 petatis
1227 3042 1424 3103 (neque
1464 3034 1607 3087 enim
1644 3034 1697 3087 in
1730 3034 1910 3090 verbis

2026 3050 2136 3097 νων,
2175 3031 2463 3086 ἀκόλουθον
2497 3032 2624 3101 ὑμῖν
2668 3031 2819 3084 ἔσται
2868 3030 3073 3094 λοιπὸν,
3114 3030 3209 3102 τὴν
3243 3031 3348 3084 τῶν
3393 3033 3595 3103 προγό-

332 3126 428 3180 sed
475 3124 529 3179 in
562 3123 818 3193 operibus
855 3134 1039 3179 nostra
1068 3124 1255 3194 religio
1292 3126 1511 3196 posita),
1554 3126 1649 3181 sed
1688 3140 1753 3180 ea
1793 3126 1909 3180 edi-

2026 3141 2115 3178 κον
2131 3126 2161 3177 ὑ
2170 3124 2284 3195 μῶν
2303 3124 2693 3195 ἀπωσαμένους
2711 3122 2821 3193 (48)
2846 3121 3071 3193 πλάνην,
3101 3123 3444 3192 ἐντυγχάνειν
3479 3126 3595 3186 ταῖς

331 3216 499 3272 scatis
528 3231 648 3287 qua:
674 3216 828 3271 vobis
862 3224 1124 3271 aeternam
1150 3219 1323 3269 vitam
1351 3216 1579 3270 allatura
1615 3217 1745 3273 sint.
1774 3216 1906 3271 Nam

2026 3217 2114 3270 :th
2147 3189 2306 3288 ἱερῶν
2333 3189 2542 3288 ἀνδρῶν
2577 3189 2954 3288 προφητείαις,
3101 3189 3429 3286 ὅοκιμότητα
3453 3216 3594 3287 φρά-

330 3308 423 3377 qui
470 3323 665 3363 nomen
692 3306 1045 3379 philnSOphize
1076 3309 1440 3378 nequidquam
1474 3308 1835 3373 dedecorant,
1867 3310 1905 3364 ii

2026 3325 2145 3371 ςεως
2172 3308 2297 3377 παρ’
2343 3305 2521 3359 αὐτῶν
2569 3306 2851 3370 αἰτοῦντας
2886 3305 2965 3377 (οὐ
2998 3307 3104 3376 γὰρ
3153 3307 3211 3359 ἐν
3242 3306 3439 3374 λόγοις,
3479 3307 3595 3360 ἀλλ’

331 3399 465 3455 nihil
496 3400 636 3455 scire
682 3408 1009 3469 arguuntur,
1041 3401 1501 3469 quemadmodum
1535 3408 1591 3453 et
1621 3399 1724 3468 ipsi
1766 3414 1904 3454 con-

2026 3418 2063 3453 .v
2102 3400 2282 3469 ἔργοις
2323 3398 2389 3452 τὰ
2436 3399 2534 3469 τῆς
2580 3399 2853 3470 ἡμετέρας
2904 3398 3215 3461 θεοσεϐείας
3250 3400 3595 3471 πράγματα),

332 3492 473 3547 ﬂteri
514 3501 785 3563 coguntur
813 3491 896 3546 vel
938 3491 1128 3555 inviti;
1163 3492 1292 3546 dum
1320 3505 1428 3545 non
1468 3490 1641 3546 solum
1675 3489 1817 3546 inter
1847 3505 1905 3546 se

2026 3494 2099 3547 ιαὶ
2135 3492 2324 3564 μαθεῖν
2364 3495 2491 3562 παρ’
2528 3491 2704 3544 αὐτῶν
2737 3492 2806 3544 τὰ
2854 3492 3004 3545 αἴτια
3051 3492 3181 3561 ὑμῖν
3222 3492 3322 3562 τῆς
3373 3492 3594 3545 αἰωνίου

332 3584 569 3652 litigant,
598 3587 693 3640 sed
728 3585 894 3639 etiam
937 3599 1071 3639 suas
1109 3584 1214 3655 ipsi
1247 3584 1535 3655 opiniones
1568 3584 1731 3642 aliter
1770 3586 1905 3641 alias

2026 3587 2149 3657 ζωῆς
2209 3587 2462 3656 ἐσόμενα.
2517 3587 2577 3639 Οἱ
2627 3586 2735 3657 γὰρ
2786 3586 2962 3656 μάτην
3012 3584 3071 3638 τὸ
3127 3586 3228 3655 τῆς
3276 3586 3593 3655 φιλοσοφίας

329 3687 629 3746 exponunt.
2005 3678 2401 3750 ἐπηρεάζοντες
2451 3678 2638 3748 ὄνομα,
2679 3678 2831 3731 οὐδὲν
2885 3678 3086 3741 εἰδότες
3126 3678 3470 3747 ἐλέγχονται,
3515 3678 3594 3740 ὼς

326 3769 425 3823 καὶ
476 3770 628 3823 αὐτοὶ
681 3769 992 3841 όμοολογεῖν
1052 3769 1144 3824 καὶ
1196 3771 1419 3835 ἄκοντες
1480 3771 1898 3840 ἀναγκάζονται,
1938 3772 2002 3825 δι’
2036 3766 2111 3826 ὧν
2136 3774 2196 3825 οὐ
2230 3772 2364 3843 πρὸς
2404 3771 2664 3841 ἀλλήλους
2700 3770 3045 3835 στασιάζουσι
3092 3772 3272 3841 μόνον,
3331 3769 3467 3824 ἀλλά
3497 3769 3592 3821 καὶ

328 3862 427 3925 τὰς
451 3861 656 3915 ἑαυτῶν
686 3862 873 3916 ἄλλοτε
902 3862 1077 3926 ἄλλως
1105 3863 1408 3918 ἐκτίθενται
1437 3865 1614 3931 δόξας.

404 3958 493 4013 56.
535 3958 685 4024 Quod
712 3958 757 4012 si
784 3958 1027 4012 veritatis
1056 3959 1298 4014 inventio
1340 3960 1463 4015 linis
1493 3962 1711 4030 quidam
1757 3963 1897 4031 apud

328 4067 422 4107 eos
459 4051 815 4120 philosophia:
840 4052 1068 4116 dicitur;
1104 4054 1376 4121 quomodo
1402 4053 1495 4121 qui
1526 4055 1775 4109 veritatis
1804 4069 1894 4109 eo.

328 4142 624 4213 gnitionem
662 4143 937 4199 consecuti
969 4159 1075 4198 non
1110 4154 1261 4211 sunt,
1306 4144 1656 4216 philosophia:
1684 4149 1903 4204 nomine

328 4235 476 4305 digni
504 4235 650 4288 sint?
676 4234 809 4289 Nam
841 4234 886 4289 si
918 4245 1222 4291 vestrorum
1256 4238 1561 4305 sapientum
1614 4240 1905 4309 sapientis-

328 4327 503 4380 simus
535 4324 813 4392 Socrates,
858 4328 945 4380 cui
990 4337 1229 4381 vestrum
1283 4329 1448 4381 etiam
1500 4334 1813 4395 oraculum,
1844 4344 1904 4384 ut

330 4419 429 4487 ipsi
462 4419 722 4481 narratis,
759 4420 857 4475 hoc
896 4420 1261 4474 testimonium
1297 4420 1485 4475 dedit:

402 4531 648 4586 Omnium
681 4533 951 4586 hominum
986 4531 1229 4587 Socrates
1260 4533 1699 4600 sapientissimus,

331 4675 563 4743 gendum
593 4674 826 4743 videtur.
861 4671 1115 4726 Maranus
1142 4673 1519 4727 tantummodo
1558 4674 1662 4726 ὑπό
1704 4673 1757 4727 in
1794 4674 1904 4726 ἀπό

329 4738 680 4796 vultmutari.
704 4742 781 4797 Ex
802 4758 924 4797 mea
951 4743 1312 4811 qualicunque
1326 4744 1614 4808 sententia,
1637 4755 1693 4797 ut
1711 4759 1903 4798 sensus

326 4823 383 4866 et
409 4823 684 4866 structura
712 4822 943 4878 constet,
972 4814 1190 4866 videtur
1215 4812 1293 4864 sic
1318 4814 1713 4866 emendandum
1745 4828 1900 4867 esse:

327 4883 427 4937 Διά
440 4900 580 4955 τινος
599 4883 929 4955 ἀλληγορίας
945 4883 1011 4937 τὰ
1035 4883 1138 4935 ὑπὸ
1160 4882 1438 4944 Μωῦσέως
1464 4883 1688 4955 καὶτῶν
1704 4883 1903 4955 λοιπῶν

326 4953 619 5025 προφητῶν
666 4953 932 5025 εἰρημένα
978 4955 1037 5005 ἐν
1086 4956 1197 5016 τοῖς
1232 4984 1298 4993 ——
1339 4953 1797 5025 ἀπηγγελκότων,
1851 4954 1904 5007 id

328 5022 474 5090 quod
519 5022 758 5078 maxime
778 5022 1050 5078 convenit
1087 5024 1310 5077 dictioni
1344 5022 1625 5089 Martyris;
1674 5027 1898 5089 etenim,

326 5105 386 5147 ut
428 5099 734 5162 exemplum
765 5094 1016 5159 aﬂ‘eram,
1050 5095 1209 5162 paulo
1255 5103 1381 5147 ante
1410 5092 1484 5164 (ρ.
1511 5094 1601 5163 '52)
1641 5096 1689 5145 in
1736 5094 1900 5149 simili

328 5177 494 5217 causa
527 5164 716 5217 iisdem
747 5164 861 5218 fere
888 5165 1069 5218 verbis
1098 5163 1470 5232 pronuntiavit
1498 5180 1513 5215 :
1538 5166 1636 5217 Διὰ
1667 5164 1723 5217 δέ
1758 5182 1901 5228 τινος

326 5234 653 5305 ἀλληγορίας
679 5234 746 5288 τά
769 5234 874 5288 ὑπὸ
904 5234 1011 5288 τῶν
1039 5233 1331 5305 προφητῶν
1347 5265 1415 5273 -
1432 5235 1695 5305 εἰρημένα
1722 5236 1901 5303 ἀπαγ-

326 5303 551 5371 γέλλων,
584 5305 853 5359 Caeterum
892 5306 1028 5358 Cod.
1060 5303 1259 5357 Vima‘r.
1288 5304 1449 5357 habet
1476 5303 1496 5356 :'
1524 5303 1626 5358 Sed
1655 5306 1707 5357 id
1749 5322 1901 5359 omne

328 5374 491 5427 verbis
533 5380 872 5443 orationeque
919 5385 1241 5428 commutata
1272 5390 1303 5425 a
1342 5372 1521 5443 Moyse
1561 5375 1759 5441 fuerint
1799 5392 1902 5428 tw-

327 5449 555 5511 terisque
597 5451 789 5498 nostris
822 5448 1032 5498 vatibus
1072 5445 1323 5505 mutuati,
1356 5456 1410 5497 et
1447 5460 1547 5496 ms.
1579 5444 1733 5498 Pici:
1769 5444 1901 5509 Qui-

324 5528 424 5583 que
472 5525 614 5566 certa
658 5516 815 5567 veluti
859 5516 1113 5583 allegoria
1157 5516 1267 5567 suis
1318 5514 1769 5567 lucubrationibus
1804 5518 1900 5567 de-

326 5596 687 5649 prompserant
717 5602 797 5646 ea,
843 5601 959 5653 qua:
989 5602 1021 5638 a
1066 5584 1246 5652 Moyse
1285 5591 1334 5637 et
1373 5584 1586 5653 reliquis
1632 5586 1897 5653 prophetis

328 5652 639 5704 didicerunt.
672 5655 848 5709 Οττο.

402 5722 514 5793 (44)
565 5724 1000 5793 Ἐπιτυχοῦινιν.
1035 5724 1185 5781 Colb.
1214 5724 1545 5793 ἐντυχοῦσιν.

2073 3962 2161 4016 56.
2194 3964 2256 4015 El
2282 3962 2339 4015 δὲ
2363 3963 2396 4031 ἡ
2424 3960 2686 4031 τάληθοῦς
2715 3959 2929 4032 εὕρεσις
2954 3962 3079 4031 ὄρος
3104 3976 3188 4022 τις
3213 3958 3428 4025 λέγεται
3458 3961 3587 4030 παρ’

2002 4056 2185 4117 αὐτοῖς
2231 4055 2564 4123 φιλοσοφίας,
2615 4053 2732 4115 πῶς
2778 4056 2825 4105 οἱ
2866 4053 2962 4123 τῆς
2990 4050 3221 4123 ἀληθοῦς
3260 4052 3334 4122 μὴ
3383 4052 3587 4120 τυγχά-

2001 4160 2181 4205 νοντες
2224 4142 2475 4210 γνώσεως
2515 4142 2608 4197 τοῦ
2651 4142 2750 4211 τῆς
2797 4141 3111 4212 φιλοσοφίας
3156 4141 3417 4211 ὀνόματός
3449 4143 3588 4196 εἰσιν

2005 4236 2177 4301 aitet;
2226 4239 2287 4289 Ei
2326 4237 2437 4308 γὰρ
2479 4239 2507 4290 ὁ
2554 4235 2659 4288 τῶν
2704 4237 2831 4305 παρ’
2876 4236 3004 4307 ὑμῖν
3051 4233 3231 4303 σοφῶν
3276 4234 3586 4303 σοφώτατος

2006 4326 2322 4398 Σωκράτης,
2340 4322 2383 4396 ᾧ
2401 4329 2494 4382 καὶ
2520 4328 2579 4381 τὸ
2601 4330 2929 4399 χρηστήριον
2953 4326 3124 4397 ὑμῶν,
3143 4326 3217 4390 ὡς
3245 4326 3399 4380 αὐτοί
3423 4344 3582 4397 φατε,

2012 4420 2274 4489 μαρτυρεῖ
2304 4418 2473 4486 λέγων
2502 4413 2632 4487 (49)·

2125 4530 2382 4600 Ἀνδρῶν
2411 4529 2690 4586 ἁπάντων
2715 4531 3031 4601 Σωκράτης
3058 4532 3423 4603 σοφώτατος,

2076 4674 2189 4739 (45)
2218 4674 2324 4725 Kal
2454 4673 2662 4740 ὄγκων.
2692 4673 2821 4739 Reg.
2854 4673 2886 4723 5
2919 4679 2971 4723 et
3003 4675 3240 4723 Clarum.
3268 4676 3361 4723 καὶ
3385 4677 3570 4739 δγκον.

2077 4744 2185 4811 (46)
2220 4742 2329 4796 Καὶ
2350 4743 2464 4807 τὴν
2488 4740 2711 4795 πᾶσαν,
2738 4740 3081 4807 Conjunctio,
3109 4756 3230 4809 quae
3257 4751 3337 4793 cst
3359 4741 3411 4793 in
3436 4758 3568 4795 mss.

2002 4823 2059 4869 et
2088 4815 2139 4866 in
2164 4813 2290 4868 edit.
2323 4813 2383 4865 R.
2413 4812 2473 4865 St
2525 4812 2735 4881 legitur,
2759 4811 3031 4881 esciderat
3052 4825 3115 4863 ex
3138 4811 3233 4881 ed.
3253 4811 3568 4881 ηοξ-1656.

2076 4882 2186 4954 (47)
2209 4885 2311 4954 Εἰς
2329 4882 2442 4949 τὴν
2460 4879 2762 4954 ἐναντίαν,
2788 4879 2944 4954 Deest
2970 4880 3277 4954 praepositio
3299 4880 3350 4933 in
3377 4879 3537 4954 Reg._i
3553 4921 3567 4934 .

2077 4949 2187 5021 (48)
2230 4951 2691 5019 Ἁπωσαμένους.
2730 4949 2859 5018 Reg.
2889 4951 2953 5013 5,
2987 4959 3041 5003 et
3066 4949 3305 5003 Clarum.
3339 4964 3463 5004 cum
3500 4949 3565 5004 Β.

2007 5023 2086 5077 St.
2120 5021 2183 5075 ad
2213 5021 2413 5075 calcem
2443 5021 2922 5088 ἀποσεισαμένους.

2070 5092 2181 5161 (49)
2211 5090 2429 5161 Λόγων.
2460 5091 2575 5145 Hoc
2599 5092 2665 5145 de
2694 5089 2918 5161 Sperate
2947 5088 3227 5161 oraculum
3263 5089 3418 5161 multi
3451 5103 3570 5161 me-

2002 5158 2250 5225 morant;
2276 5160 2394 5213 fons
2414 5170 2593 5214 autem
2615 5171 2699 5214 est
2720 5158 2893 5224 Plato,
2917 5160 3055 5226 apud
3080 5174 3238 5228 quem
3266 5158 3319 5210 in
3344 5159 3563 5225 Apolog.

2001 5248 2053 5300 p.
2080 5232 2169 5292 21,
2192 5230 2256 5283 Α,
2286 5230 2371 5284 ed.
2404 5230 2591 5298 Steph.
2621 5230 2776 5299 (Opp.
2814 5229 2901 5300 ed.
2926 5229 3042 5300 Bip_.
3066 5229 3175 5300 vol.
3204 5229 3245 5290 l,
3269 5243 3322 5295 p.
3349 5228 3437 5300 48)
3479 5228 3568 5281 ille

1999 5296 2202 5365 narrat,
2228 5296 2975 5371 Chrerephoittemiquondam
3010 5296 3241 5371 Delphos
3262 5299 3565 5371 profectum

1998 5388 2215 5441 rogasse
2244 5370 2349 5441 εκεῖ
2371 5365 2456 5433 τίς
2480 5369 2611 5441 ἐμοῦ
2652 5365 2851 5441 (Stich)
2887 5369 2968 5437 εἴη
3000 5365 3327 5441 σοφώτερος·
3356 5368 3565 5441 ἀνεῖλεν

1996 5435 2141 5511 οῦνὴ
2176 5440 2369 5511 Πυθία,
2402 5435 2609 5511 μηδένα
2645 5435 3131 5511 σοφώτερον-εἷναι.
3164 5435 3318 5511 Qttod
3351 5438 3562 5511 portica

1998 5505 2169 5565 forma
2216 5505 2479 5563 dederunt
2526 5505 2830 5562 Scholiasta
2859 5505 3249 5577 ‘Aristophanis
3298 5508 3364 5560 ad
3414 5505 3558 5561 Nub.

1997 5582 2116 5639 LM.
2152 5589 2205 5634 et
2240 5579 2435 5634 Suidas
2467 5594 2512 5632 s.
2548 5594 2598 5630 v.
2630 5578 2788 5647 σοφός
2819 5597 2831 5631 :
3036 5646 3041 5647 γ
3332 5645 3343 5647 ξ
3575 5590 3591 5603 ο

2063 5650 2257 5718 Σορύς
2285 5647 2620 5718 Σοφοκλῆς,
2653 5645 2989 5718 σοφώτερος
3020 5646 3071 5699 δ’
3102 5645 3447 5718 Εὐριπίδης.

2064 5715 2378 5789 Ἀνδρῶν-δ’
2398 5717 2675 5773 ἁπάντων
2686 5717 2998 5787 Σωκράτης
3011 5715 3554 5793 σοφώτατοςθττο.
