3948 6256
356 410 456 466 305

1594 411 2043 471 COHORTATIO
2077 414 2168 468 AD
2205 411 2528 469 GRAECOS.

3546 411 3652 468 506

355 523 592 594 ὁμολογεῖ
635 525 807 595 μηδὲν
855 529 1098 595 εἰδέναι,
1146 531 1269 596 πῶς
1316 534 1364 586 οἱ
1417 532 1532 604 μετ’
1568 532 1730 586 αὐτὸν
1770 532 1864 586 καὶ
1905 533 1949 586 τι

2077 533 2119 588 si
2149 533 2258 596 hic,
2288 533 2531 601 inquam,
2560 531 2691 586 nihil
2739 547 2796 585 se
2829 531 2972 587 scire
3022 530 3338 594 conﬁtetur,
3377 527 3652 599 quomodo

357 616 410 666 ἐν
447 615 695 687 οὐρανοῖς
745 620 1182 692 ἐπηγγέλλοντο
1235 625 1467 689 εἰδέναι;
1511 624 1809 696 Σωκράτης
1865 623 1974 696 γὰρ

356 707 532 759 ἑαυτὸν
566 710 733 778 σοφὸν
765 710 860 765 διὰ
887 713 1042 769 τοῦτ’
1079 714 1344 788 εἰρῆσθαι
1367 715 1491 788 ἔφη,
1515 718 1598 770 ὅτι
1628 715 1737 770 τῶν
1770 715 1974 770 λοιπῶν

355 797 646 869 ἀνθρώπων
683 799 720 853 ἃ.
751 800 831 874 μὴ
875 802 1042 858 ἴσασι
1095 808 1581 878 προσποιουμένων
1614 807 1832 872 εἰδέναι,
1878 807 1974 861 αὐ-

353 886 438 949 τὺς
479 888 579 940 οὐκ
621 887 795 943 ὤκνει
830 894 1010 965 μηδὲν
1025 894 1312 965 ὁμολογεῖν
1327 897 1680 966 (49¹)εξδέναῐ.
1701 899 1843 970 Ἔφη
1863 899 1972 972 γὰρ

355 978 549 1042 οὕτως’
612 981 857 1036 «Ἔοικά
896 986 950 1051 γ’
985 981 1082 1039 οὖν
1124 985 1276 1057 αὐτῷ
1324 986 1495 1058 τούτῳ
1542 989 1760 1061 σμικρῷ
1797 989 1972 1058 σοφώ-

356 1091 508 1135 τατος
533 1067 700 1135 εἶναι,
731 1077 821 1128 ὅτι
858 1075 899 1130 ἃ.
927 1078 1006 1148 μὴ
1038 1073 1179 1143 οἶδα,
1209 1078 1329 1132 οὐδὲ
1356 1080 1537 1150 οἴομαι
1562 1082 1780 1135 είδέναι.
1799 1103 1815 1134 ι
1850 1084 1969 1154 Μη-

355 1166 463 1228 δεὶς
489 1165 546 1218 δὲ
585 1166 793 1220 οἰέσθω
825 1170 1262 1241 εἰρωνευόμενον
1299 1171 1516 1239 ἄγνοιαν
1553 1174 1966 1244 προσποιεῖσθαι

359 1259 672 1330 Σωκράτην,
712 1260 915 1332 ἐπειδὴ
951 1261 1220 1325 πολλάκις
1251 1263 1308 1314 ἐν
1343 1267 1452 1326 τοῖς
1498 1265 1768 1334 διαλόγοις
1807 1267 1965 1320 εἴωθε

357 1350 508 1403 τοῦτο
539 1354 739 1404 ποιεῖν.
775 1353 843 1405 Ἥ
874 1355 986 1425 γὰρ
1021 1355 1305 1408 τελευταία
1351 1357 1505 1427 ῥῆσις
1527 1357 1628 1426 τῆς
1647 1359 1962 1427 ἀπολογίας,

359 1444 423 1513 ἢν
454 1444 545 1495 ἐπὶ
573 1444 635 1495 τὸ
664 1443 1053 1517 δεσμωτήριον
1083 1446 1260 1500 ἀπιὼν
1291 1448 1414 1520 ἔφη,
1448 1449 1597 1520 δηλοῖ
1632 1451 1768 1520 μετὰ
1800 1469 1974 1506 σπου-ν

358 1538 450 1608 δῆς
479 1542 646 1593 αὐτὸν
673 1543 775 1595 καὶ
807 1543 1069 1614 ἀληθείας
1230 1547 1452 1616 ἄγνοιαν
1479 1549 1780 1619 ὁμολογεῖν.
1815 1553 1960 1622 Ἔφη

359 1632 460 1703 γὰρ
487 1631 701 1696 οὕτως’
745 1653 764 1683 ε
805 1635 969 1687 Ἀλλὰ
992 1637 1102 1708 γὰρ
1136 1638 1238 1708 ἤδη
1273 1638 1390 1710 ὥρα
1421 1641 1660 1705 ἀπιέναι,
1695 1643 1818 1712 ἐμοὶ
1864 1641 1961 1713 μὲν

359 1725 775 1797 τεθνηξομένῳ,
829 1729 963 1798 ὑμῖν
1011 1727 1070 1781 δὲ
1128 1729 1498 1802 βιωσομένοις.
1562 1734 1843 1807 Ὀπότεροι
1902 1735 1960 1789 δὲ

356 1818 505 1886 ἡμῶν
534 1820 634 1870 ἐπὶ
663 1819 730 1872 τὸ
753 1819 979 1890 ἄμεινον
1009 1822 1246 1893 πρᾶγμα
1268 1824 1534 1896 ἔρχονται,
1570 1825 1764 1898 ἄδηλον
1797 1829 1959 1882 παντὶ

355 1906 487 1978 πλὴν
515 1907 549 1978 ἦ
576 1909 660 1979 τῷ
683 1909 865 1979 Θεῷ.»
900 1911 1061 1964 Ἀλλὰ
1087 1913 1386 1987 Μκράτης
1418 1916 1536 1986 μὲν,
1567 1917 1770 1988 ταύτην
1802 1919 1960 1973 ὐστά-

352 2018 446 2072 την
471 2003 530 2054 ἐν
677 2003 881 2075 Ἀρείῳ
911 2005 1073 2075 πάγῳ
1112 2006 1294 2076 φωνὴν
1324 2008 1503 2076 ἀφεὶς,
1535 2010 1628 2062 ἐπὶ
1667 2010 1727 2062 τὸ
1755 2010 1959 2082 δεσμω-

352 2096 536 2166 τήριον
549 2095 812 2168 ὥρμησε,
831 2097 909 2167 τῷ
923 2097 1043 2168 Θεῷ
1067 2099 1212 2169 μόνῳ
1224 2100 1319 2172 τὴν
1336 2100 1440 2154 τῶν
1459 2105 1588 2175 παρ’
1601 2105 1730 2174 ἡμῖν
1747 2103 1957 2177 ἀδήλων

2076 627 2165 694 qni
2209 635 2329 694 post
2374 640 2497 678 eum
2529 624 2634 678 orti
2681 632 2844 687 sunt,
2888 624 3054 678 etiam
3097 621 3342 678 cmlestia
3375 621 3477 676 sibi
3518 627 3649 674 nota

2074 730 2202 770 esse
2227 714 2594 786 proﬁtentur?
2628 713 2886 770 Socrates
2918 714 3068 769 enim
3106 721 3396 783 propterea
3437 709 3650 778 sapien-

2073 815 2180 862 tem
2223 822 2282 863 se
2305 822 2426 862 esse
2455 807 2657 862 dictum
2687 807 2786 871 ait,
2827 807 2972 876 quod
3003 821 3128 862 cum
3169 804 3352 861 caeteri
3401 803 3650 858 homines

2070 901 2325 955 simulent
2365 915 2423 955 se
2453 900 2596 954 scire
2641 917 2760 970 quae
2797 899 3064 966 nesciant,
3106 899 3226 968 ipse
3257 912 3362 952 non
3400 896 3649 966 pigretur

2070 993 2208 1049 nihil
2253 1007 2312 1048 se
2341 995 2481 1048 scire
2508 992 2780 1048 conﬁteri.
2820 991 2894 1046 lta
2924 994 3070 1046 enim
3101 991 3316 1047 dicebat
3343 1007 3359 1045 :
3399 1008 3418 1042 ι
3449 989 3650 1045 Videor

2073 1087 2238 1158 igitur
2267 1088 2370 1142 hac
2416 1103 2474 1142 re
2507 1089 2797 1158 perexigua
2845 1101 2966 1141 esse
3009 1085 3470 1155 sapientissimus,
3503 1086 3647 1154 quod

2069 1196 2188 1249 qua:
2215 1181 2451 1234 nesciam
2482 1194 2587 1233 non
2624 1193 2710 1233 me
2737 1179 3045 1234 existimem
3091 1179 3255 1234 scire.
3283 1197 3304 1230 ι
3350 1177 3522 1232 Nemo
3549 1192 3648 1230 au-

2071 1287 2175 1330 tem
2209 1274 2486 1329 existimet
2532 1272 2819 1328 Socratem
2872 1273 3044 1327 ironia
3078 1274 3311 1343 quadam
3347 1271 3646 1342 ignoratio-

2067 1381 2190 1420 nem
2225 1381 2335 1434 prte
2376 1380 2436 1420 se
2481 1365 2650 1430 ferre,
2678 1365 2786 1435 33
2831 1379 2897 1418 eo
2933 1364 3083 1432 quod
3141 1363 3214 1418 ita
3264 1378 3326 1419 se
3360 1378 3555 1434 gerere
3589 1362 3642 1417 in

2066 1459 2363 1527 colloquiis
2397 1457 2592 1514 soleat.
2618 1458 2876 1512 Extrema
2911 1457 3057 1512 enim
3090 1455 3259 1511 verba
3290 1454 3641 1517 delensionis,

2064 1564 2224 1618 quam
2265 1550 2318 1602 in
2350 1563 2632 1603 carcerem
2663 1548 2853 1603 abiens
2896 1547 3294 1617 pronuntiavit,
3319 1556 3644 1616 argumento

2064 1653 2212 1707 sunt,
2255 1645 2404 1697 serio
2452 1642 2603 1696 illum
2641 1650 2697 1696 et
2729 1656 2859 1696 vere
2901 1641 3297 1707 ignorationem
3343 1654 3466 1695 esse
3505 1653 3642 1694 con-

2063 1733 2292 1789 fessum.
2323 1732 2415 1789 Sic
2461 1733 2606 1786 enim
2639 1731 2918 1799 loquitur:
2950 1748 2969 1782 ι
3003 1729 3108 1785 Sed
3137 1727 3252 1798 jam
3297 1739 3520 1799 tempus
3557 1738 3642 1784 es‘

2062 1835 2123 1881 ut
2162 1827 2440 1889 abeamus,
2469 1840 2570 1895 ego
2597 1824 2815 1894 quidem
2851 1822 3179 1888 moriturus,
3211 1837 3308 1877 vos
3342 1831 3526 1877 autem
3553 1821 3639 1875 vi-

1992 1884 2032 1938 Β
2062 1919 2202 1974 cturi
2230 1935 2244 1972 :
2275 1918 2381 1971 utri
2417 1927 2608 1972 autem
2647 1916 2714 1970 ad
2769 1915 2998 1970 meliora
3045 1914 3492 1986 proﬁciscantur,
3538 1929 3637 1970 ne-

2061 2011 2191 2065 mini
2240 2021 2426 2064 notum
2463 2009 2567 2064 nisi
2601 2008 2732 2062 Deo.
2756 2027 2773 2058 ι
2822 2005 3082 2062 Socrates
3125 2008 3229 2062 hac
3266 2005 3460 2061 ultima
3508 2019 3640 2061 voce

2059 2102 2114 2155 in
2160 2101 2451 2170 Areopago
2493 2101 2694 2154 emissa
2746 2099 2798 2153 in
2850 2112 3132 2152 carcerem
3176 2098 3338 2165 abiit,
3377 2096 3478 2152 soli
3528 2096 3638 2150 Deo

349 2188 700 2256 πραγμάτων
723 2187 1014 2258 ἀναφέρων
1041 2188 1244 2255 γνῶσιν
1262 2205 1279 2220 ·
1306 2191 1355 2242 οἱ
1382 2191 1438 2244 δὲ
1467 2193 1584 2262 μετ’
1606 2175 1799 2258 αὐτὸν,1
1821 2175 1949 2266 μηδὲ

2056 2210 2239 2250 rerum
2267 2193 2427 2249 nobis
2467 2193 2778 2262 ignotarum
2813 2192 3183 2262 cognitionem
3229 2190 3504 2246 tribuens.
3527 2189 3633 2256 Qui

346 2280 411 2332 τὲ
440 2279 536 2330 ἐπὶ
568 2279 677 2349 γῆς
704 2278 912 2347 γνῶναι
946 2279 1258 2349 δυνάμενοι,
1287 2282 1352 2335 τὰ
1383 2284 1440 2335 ἐν
1478 2283 1693 2355 οὐρανῷ
1724 2284 1834 2356 (50)
1879 2286 1974 2350 ὡς⁴

345 2373 658 2442 ἑωρακότες
704 2373 907 2427 ειδέναι
951 2373 1395 2442 ἐπαγγέλλονται.
1443 2376 1500 2428 '0
1537 2377 1668 2445 γοῦν
1711 2378 1955 2450 Ἀριστο-

345 2465 538 2535 τὲλης,
592 2465 674 2529 ὼς
726 2466 1122 2539 ἀκριϐέστερον
1174 2468 1457 2532 Πλάτωνος
1493 2469 1559 2523 τὰ
1611 2473 1670 2523 ὲν
1703 2473 1953 2542 οὐρανοῖς

344 2557 629 2627 ἑωρακὼς,
663 2558 767 2627 οὐχ
805 2557 995 2630 ὥσπερ
1022 2561 1052 2612 ὁ
1091 2559 1315 2612 Πλάτων
1339 2561 1396 2611 ἐν
1431 2563 1495 2631 τῇ
1523 2560 1762 2632 πυρώδει
1793 2563 1951 2634 οὐσία

343 2650 430 2700 τόν
454 2649 596 2703 Θεὸν
648 2644 794 2702 εἶναι
842 2649 1025 2717 λέγει,
1057 2648 1202 2703 οὕτω
1239 2651 1331 2703 καὶ
1380 2651 1539 2715 αὐτὸς
1588 2651 1713 2723 ἔφη,
1747 2653 1862 2706 ἀλλ’
1893 2656 1951 2708 ὲν

445 2739 765 2812 αἰθεριὼδει
807 2742 1044 2811 πέμπτῳ
1079 2743 1325 2812 στοιχείῳ
1365 2741 1502 2796 εἶναι
1542 2744 1706 2797 αὐτὸν
1738 2747 1951 2817 ἀπεφή-

341 2849 486 2886 νατο.
522 2834 638 2886 Καὶ
663 2834 799 2904 περὶ
843 2833 1048 2887 τούτων
1079 2835 1427 2888 πιστεύεσθαι
1459 2836 1649 2890 ἑαυτὸν
1679 2837 1766 2891 διὰ
1805 2838 1950 2891 δοκι-

345 2924 552 2994 μότητα
597 2925 861 2994 φράσεως
888 2923 1075 2991 ἀξιῶν,
1116 2926 1237 2979 οὐδὲ
1266 2927 1360 2996 τὴν
1389 2926 1481 2979 τοῦ
1518 2928 1758 2998 Εὐρίπου
1788 2928 1948 2999 φύσιν

342 3015 434 3068 τοῦ
479 3017 642 3079 ὄντος
688 3017 750 3069 ὲν
780 3017 1012 3070 Χαλκίδι
1043 3017 1248 3085 γνῶναι
1292 3017 1560 3088 δυνηθεὶς,
1611 3019 1698 3073 διὰ
1749 3019 1948 3091 πολλὴν

338 3105 555 3168 ἀδοξίαν
603 3106 708 3160 καὶ
748 3107 1013 3178 αἰσχύνην
1047 3108 1346 3179 λυπηθεὶς,
1400 3111 1632 3182 μετέστη
1664 3111 1756 3164 τοῦ
1807 3111 1942 3180 βίου.

337 3199 546 3269 Bia-ﬁat;
595 3196 697 3253 οὖν
734 3199 844 3252 τῶν
887 3195 946 3253 εὖ
997 3199 1332 3272 φρονούντων
1383 3203 1651 3274 προτέραν
1704 3204 1945 3275 ἡγείσθω
1971 3236 2014 3292 c

339 3291 435 3357 τῆς
480 3291 685 3345 ἑαυτοῦ
719 3292 996 3364 σωτηρίας
1033 3293 1134 3364 τὴν
1171 3294 1375 3347 τούτων
1408 3295 1762 3364 εὐγλωττίαν,
1809 3296 1945 3351 ἀλλὰ

339 3386 479 3438 κατὰ
519 3386 619 3455 τὴν
673 3386 912 3440 παλαιὰν
944 3386 1162 3457 ἐκείνην
1196 3387 1458 3458 ἱστορίαν,
1509 3387 1667 3458 κηρῷ
1710 3387 1779 3442 τὰ
1829 3383 1944 3442 ὦτα

339 3476 716 3548 ςραξάμενος,
755 3477 853 3548 τὴν
881 3479 946 3530 ὲκ
977 3477 1092 3531 τῶν
1113 3477 1376 3549 σειρήνων
1405 3477 1585 3531 αὐτῶν
1621 3479 1944 3548 ἐνοχλοῦσαν

338 3569 522 3639 ἡδεῖαν
548 3571 807 3638 φευγέτω
835 3569 1058 3640 βλάϐην.
1084 3571 1146 3622 Οἱ
1175 3569 1282 3642 γὰρ
1311 3571 1698 3641 προειρημένοι
1731 3571 1940 3642 ἄνδρες,

559 3681 614 3716 τι
643 3663 843 3734 δέλεαρ
873 3662 970 3733 τὴν
1002 3662 1332 3730 εὐγλωττίαν
1366 3663 1775 3734 προϊσχόμενοι,
1809 3664 1943 3717 πολ-

338 3757 462 3819 λοὺς
491 3756 738 3824 ἁπάγειν
780 3756 878 3826 τῆς
914 3755 1082 3825 ὀρθῆς
1110 3755 1418 3820 θεοσεϐείας
1448 3757 1820 3828 προῄρηνται,
1854 3776 1943 3829 μι-

342 3849 602 3918 μούμενοι
636 3848 730 3901 τὸν
763 3847 861 3918 τὴν
891 3847 1262 3920 πολυθεότητα
1289 3851 1414 3912 τοὺς
1453 3849 1702 3921 πρώτους
1733 3849 1943 3921 ἀνθρώ-

341 3962 471 4006 πους
502 3943 718 4007 διδάξαι
776 3942 1139 4013 τολμήσαντα.
1192 3939 1285 4006 Οἷς
1334 3944 1408 4014 μὴ
1461 3941 1741 3996 πείθεσθαι
1796 3944 1941 4014 ὑμᾶς

339 4036 495 4099 ἀξιῶ,
522 4036 879 4104 ἐντδγχάνειν
908 4035 965 4087 δὲ
1002 4037 1125 4098 ταῖς
1151 4033 1257 4087 τῶν
1286 4034 1448 4104 ἱερῶν
1478 4033 1691 4106 ἀνδρῶν
1723 4053 1939 4107 προφη-

340 4129 529 4190 τείαις.
557 4128 624 4180 Et
650 4127 706 4180 δέ
733 4145 818 4189 τις
845 4125 1025 4192 ὄκνος,
1047 4127 1081 4198 ἢ
1115 4127 1322 4181 παλαιὰ
1351 4127 1458 4180 τῷν
1483 4129 1761 4199 προγόνων
1786 4128 1940 4200 ὐμῶν

340 4217 735 4288 δεισιδαιμονία
764 4219 900 4280 τέως
932 4218 1282 4287 ἐντυγχάνειν
1314 4220 1460 4289 ὑμᾶς
1490 4223 1610 4284 ταῖς
1639 4221 1747 4274 τῷν
1769 4222 1940 4290 ἁγίων

339 4311 548 4382 ἀνδρῶν
579 4310 945 4383 προφητείαις
976 4310 1197 4372 κωλύει,
1215 4312 1282 4364 δι’
1303 4304 1379 4364 ὧν
1401 4312 1624 4365 δυνατὸν
1649 4312 1940 4383 μανθάνειν

341 4405 484 4473 ὑμᾶς
513 4405 613 4455 ἕνα
651 4404 750 4455 καὶ
783 4404 944 4472 μόνον
978 4399 1120 4456 εἴναι
1148 4403 1280 4458 Θεὸν
1319 4404 1454 4476 (51),
1491 4405 1520 4458 ὃ
1563 4406 1780 4477 πρῶτόν
1822 4408 1938 4460 ἐστι

342 4499 438 4566 τῆς
472 4495 712 4569 ἀληθοῦς
740 4496 1045 4560 θεοσεϐείας
1079 4497 1384 4569 γνώρισμα,
1409 4498 1485 4569 τῷ
1508 4498 1639 4568 γοῦν
1672 4501 1936 4572 πρότερον

2056 2296 2237 2342 autem
2282 2295 2405 2357 post
2441 2302 2565 2342 eum
2603 2287 2779 2340 exorti
2812 2296 2959 2351 sunt,
2993 2299 3116 2340 cum
3160 2297 3228 2340 ne
3263 2291 3484 2338 terrena
3511 2283 3636 2354 qui-

2055 2378 2178 2432 dem
2223 2376 2537 2445 cognitione
2577 2375 2794 2446 assequi
2842 2377 3182 2444 potuissent,
3231 2372 3474 2429 ccelestia
3529 2373 3633 2428 sibi

2053 2467 2332 2539 explorata
2390 2482 2514 2524 esse
2565 2466 2799 2537 profeSsi
2853 2476 3001 2533 sunt,
3048 2476 3310 2533 tanquam
3336 2481 3402 2522 ea
3457 2466 3636 2523 oculis

2051 2563 2167 2616 suis
2211 2561 2496 2617 vidissent.
2549 2559 2640 2614 Sic
2689 2560 3016 2616 Aristoteles
3063 2559 3218 2629 quasi
3282 2559 3626 2624 accuratius,

2051 2671 2214 2724 quam
2241 2653 2412 2715 Plato,
2438 2653 2684 2708 coelestia
2723 2653 2967 2718 vidisset,
3007 2667 3116 2707 non
3156 2660 3216 2707 ut
3242 2651 3347 2707 iste
3383 2652 3434 2706 in
3471 2651 3633 2722 ignea

2048 2745 2350 2798 substantia
2381 2745 2477 2814 (ita
2503 2745 2647 2799 enim
2693 2743 2900 2799 Platoni
2934 2745 3170 2815 visum),
3203 2746 3300 2799 sed
3340 2745 3394 2799 in
3438 2744 3632 2814 quinto

2047 2837 2287 2891 aethereo
2315 2837 2586 2892 elemento
2618 2839 2786 2892 Deum
2831 2852 2956 2893 esse
2996 2836 3392 2908 pronuntiavit.
3423 2838 3488 2891 Et
3534 2837 3631 2907 qui

2049 2929 2208 2984 ﬁdem
2240 2929 2341 2985 sibi
2385 2930 2470 2985 his
2516 2931 2585 2985 de
2628 2933 2790 2985 rebus
2833 2929 2907 2984 ob
2952 2937 3254 3000 spectatum
3303 2939 3361 2984 et
3407 2929 3632 3000 elegans

2047 3021 2262 3076 dicendi
2310 3037 2481 3092 genus
2531 3022 2717 3076 haberi
2770 3021 3045 3090 postulat,
3091 3022 3232 3077 idem
3271 3037 3394 3076 cum
3443 3021 3631 3092 Euripi

2046 3112 2341 3168 Chalcidici
2374 3123 2631 3168 naturam
2665 3112 2994 3184 investigare
3022 3128 3130 3168 non
3167 3121 3377 3184 posset,
3401 3113 3632 3168 collecto

2047 3221 2113 3259 ex
2159 3205 2427 3261 dedecore
2470 3213 2526 3260 et
2579 3205 2878 3275 ignominia
2913 3204 3099 3260 dolore
3129 3205 3412 3273 perculsus
3459 3204 3628 3258 vitam

2049 3297 2288 3366 reliquit.
2336 3295 2506 3350 Nemo
2545 3296 2709 3366 igitur
2752 3309 2818 3348 ex
2862 3295 2950 3349 his
2987 3297 3078 3365 qui
3129 3294 3351 3364 sapiunt
3394 3295 3626 3350 salutem

2046 3403 2197 3444 suam
2223 3391 2415 3444 horum
2460 3388 2740 3442 hominum
2768 3386 3092 3456 eloquentiae
3135 3387 3489 3456 posthabeat;
3531 3388 3628 3443 sed

2046 3497 2209 3536 aures
2253 3496 2380 3536 suas
2428 3480 2724 3536 secundum
2757 3487 3000 3534 veterem
3032 3478 3322 3533 historiam
3366 3494 3490 3535 cera
3535 3479 3629 3534 ub-

2047 3581 2257 3635 turans,
2303 3569 2602 3641 perniciem
2635 3583 2699 3623 ex
2733 3568 2820 3623 his
2866 3568 3141 3623 sirenibus
3185 3569 3430 3623 suaviter
3475 3569 3624 3624 inse-

2046 3673 2285 3718 ctantem
2320 3662 2510 3733 fugiat.
2541 3662 2793 3717 Przedicti
2827 3663 2974 3717 enim
3006 3663 3327 3731 scriptores,
3356 3661 3484 3716 dum
3518 3676 3629 3717 ser-

2045 3758 2220 3812 monis
2264 3757 2590 3811 suavitatem
2633 3756 2799 3811 veluti
2841 3755 3128 3826 quamdam
3165 3770 3346 3810 escam
3391 3765 3628 3824 praeten-

2044 3851 2196 3914 dunt,
2239 3850 2436 3904 multos
2463 3865 2493 3902 a
2523 3863 2652 3903 vera
2712 3849 2976 3916 religione
3011 3848 3287 3904 abducere
3329 3858 3622 3916 conantur,

2046 3942 2324 3995 imitantes
2363 3956 2486 3995 eum
2547 3941 2643 4011 qui
2699 3941 3100 3996 multitudinem
3150 3943 3378 3997 deorum
3412 3941 3623 4012 primos

2043 4034 2290 4102 homines
2316 4032 2512 4088 docere
2541 4047 2707 4088 ausus
2733 4041 2839 4087 est.
2871 4031 2970 4088 His
3002 4041 3191 4089 auctor
3227 4035 3379 4090 vobis
3405 4049 3525 4090 sum
3551 4049 3623 4088 ne

2041 4125 2442 4191 obsequamini,
2491 4125 2584 4179 sed
2620 4123 2802 4192 potius
2840 4133 3158 4179 sanctorum
3204 4124 3485 4178 hominum
3527 4138 3621 4177 va-

2044 4213 2246 4267 ticiniis
2292 4227 2512 4282 operam
2559 4214 2720 4269 detis.
2766 4213 2861 4269 Sin
2897 4224 3079 4271 autem
3121 4215 3344 4284 pigritia
3388 4225 3485 4270 aut
3516 4232 3621 4270 an-

2043 4307 2194 4375 tiqua
2236 4309 2501 4377 majorum
2545 4309 2861 4378 superstitio
2901 4317 3214 4364 sanctorum
3247 4309 3492 4364 virorum
3525 4325 3614 4363 va-

2042 4399 2228 4455 ticinia
2262 4401 2438 4465 legere
2477 4401 2748 4470 prohibet,
2775 4417 2842 4456 ex
2876 4401 3076 4470 quibus
3125 4401 3339 4456 discere
3384 4403 3620 4472 potestis

2043 4508 2207 4548 unum
2240 4508 2305 4547 ac
2332 4492 2506 4547 solum
2537 4508 2661 4549 esse
2709 4493 2900 4558 Deum,
2928 4495 3073 4563 quod
3107 4493 3328 4562 quidem
3381 4495 3618 4564 primum

341 4592 486 4660 ὑμεῖς
534 4592 639 4662 τὴν
681 4588 1049 4662 πολυθεότητα
1089 4589 1384 4656 διδάξαντι,
1415 4589 1642 4664 ὕστερον
1685 4593 1743 4646 δὲ
1788 4592 1938 4646 λυσι-

2052 4596 2126 4642 est
2180 4602 2325 4642 verte
2379 4586 2658 4657 religionis
2705 4586 2950 4655 insigne;
2996 4586 3191 4641 saltem
3239 4586 3329 4650 ei,
3375 4586 3469 4655 qui
3520 4600 3617 4642 vos

339 4683 467 4751 τελῆ
510 4684 610 4735 καὶ
659 4683 966 4749 ἀναγκαίαν
1011 4683 1340 4754 παλινῳδίαν
1377 4679 1506 4754 ᾄσαι
1547 4685 1934 4757 προελομένῳ,

341 4775 603 4846 πίσθητε
647 4775 868 4845 Ὀρφεῖ,
915 4774 1063 4828 ταῦτ’
1108 4777 1351 4848 εἰρηκότι
1396 4775 1433 4830 ἃ
1471 4775 1654 4849 μικρῷ
1702 4777 1937 4850 πρόσθεν

341 4868 630 4936 γέγραφαο
664 4867 760 4919 καὶ
800 4871 912 4929 τοῖς
941 4867 1180 4930 λοιποῖς,
1226 4867 1321 4919 καὶ
1367 4869 1480 4930 τοῖς
1526 4869 1594 4922 τὰ
1626 4868 1767 4921 αὐτὰ
1807 4870 1936 4941 περὶ

341 4960 456 5022 ἐνὶ-ς
481 4960 624 5011 Θεοῦ
650 4960 953 5030 γεγραφόσι
983 4957 1260 5031 πείσθητε.
1288 4959 1451 5022 Θείας
1481 4960 1588 5031 γὰρ
1612 4959 1753 5033 ὑπὲρ
1783 4961 1937 5033 ὑμῶν

342 5053 598 5122 προνοίας
618 5053 781 5122 ἔργον
813 5052 1022 5120 γέγονε,
1050 5051 1109 5104 τὺ
1147 5052 1241 5104 καὶ
1273 5052 1507 5115 ἄκοντας
1535 5052 1758 5118 τούτους
1792 5072 1934 5126 μαρ·

338 5147 518 5214 τυρεῖν
563 5145 630 5196 τὰ
681 5143 787 5195 ὐπὸ
822 5142 929 5196 τῶν
964 5142 1257 5214 προφητῶν
1290 5143 1418 5214 περὶ
1460 5142 1578 5206 ἑνὸς
1615 5143 1750 5196 Θεοῦ
1787 5145 1936 5214 εἰρη-

343 5240 474 5310 μένα
511 5237 695 5308 ἁληθῆ
727 5233 888 5299 εἶναι,
924 5239 1012 5291 ἵνα
1046 5237 1197 5308 παρὰ
1241 5238 1457 5291 πάντων
1496 5240 1524 5290 ό
1553 5238 1652 5307 τῆς
1686 5237 1936 5291 πολυθεό-

339 5348 497 5400 ante;
532 5329 650 5398 (52)
687 5327 1048 5398 άθετούμενος
1078 5327 1236 5394 λόγος
1263 5326 1519 5398 ἀφορμὴν
1561 5327 1688 5396 ὑμῖν
1720 5327 1936 5399 παρέχῃ

339 5422 434 5492 τῆς
459 5421 700 5492 ἀληθοῦς
723 5420 1000 5489 γνώσεως.

402 5516 491 5569 57.
537 5516 733 5570 Ἔσται
767 5516 825 5569 δὲ
860 5515 992 5586 ὑμῖν
1037 5515 1234 5586 ῥαδίως
1279 5515 1374 5586 τὴν
1406 5514 1574 5586 ὀρθὴν
1626 5514 1934 5568 θεοσέϐειαν

403 5650 542 5716 (ω’)
584 5649 953 5719 Ὁμολογεῖν.
1010 5649 1230 5719 Legitur
1279 5653 1554 5772 ὁῆιολογῶν
1610 5653 1664 5706 in
1704 5651 1833 5722 Reg.
1876 5657 1930 5718 '5,

417 5719 661 5772 Clarum.
690 5731 744 5772 et
776 5722 844 5772 ad
876 5720 1095 5772 calcem
1129 5721 1266 5772 apud
1350 5762 1362 5772 .
1400 5723 1482 5772 St.

338 5729 383 5770 et
417 5719 661 5774 Clarum.
690 5731 744 5774 et
776 5722 844 5775 ad
876 5720 1095 5773 calcem
1129 5721 1266 5787 apud
1298 5719 1362 5775 Β.
1400 5719 1482 5778 St.

405 5789 516 5864 (50)
557 5792 654 5864 Ἐν
682 5789 948 5864 coptari}.
988 5788 1128 5864 εἴθε.
1160 5790 1193 5844 5
1220 5801 1270 5846 et
1297 5791 1538 5850 Clarom.
1565 5793 1622 5845 ὲν
1663 5792 1928 5864 οὐρανοῖς,

341 5871 387 5916 et
420 5863 496 5916 sic
521 5863 588 5917 ad
622 5857 833 5920 calcem
867 5859 942 5914 Β.
985 5857 1071 5913 St.

2041 4679 2215 4748 primo
2248 4678 2646 4732 multitudinem
2688 4677 2912 4733 deorum
2959 4678 3245 4744 docuerat,
3293 4678 3386 4732 sed
3427 4687 3614 4748 postea

2041 4772 2226 4828 utilem
2257 4787 2322 4826 ac
2363 4771 2728 4827 necessariam
2764 4771 2868 4826 sibi
2910 4770 3243 4840 palinodiam
3285 4769 3615 4824 cantandam

1978 4854 1985 4861 ’
2039 4878 2161 4917 esse
2193 4869 2373 4927 ratus,
2427 4877 2491 4916 ea
2546 4862 2682 4937 dixit
2726 4875 2845 4931 qua:
2887 4861 3050 4932 paulo
3095 4871 3222 4915 ante
3271 4861 3612 4924 scribebam,

2039 4955 2260 5023 Orpheo
2285 4955 2493 5011 credite
2516 4965 2569 5010 et
2600 4955 2726 5009 aliis
2753 4953 2846 5024 qui
2877 4955 2944 5007 de
2975 4968 3082 5008 uno
3119 4953 3227 5007 Deo
3253 4952 3444 5008 eadem
3479 4953 3620 5007 scri-

2038 5062 2214 5116 psere.
2249 5048 2342 5102 Dei
2387 5049 2532 5102 enim
2569 5047 2622 5100 in
2664 5062 2761 5100 nos
2801 5045 3138 5115 providentia
3172 5044 3376 5099 factum
3411 5053 3516 5111 est,
3557 5052 3615 5098 ut

2039 5142 2094 5195 lti
2134 5155 2262 5194 vera
2312 5155 2436 5195 esse
2469 5141 2860 5211 prophetarum
2914 5140 2982 5195 de
3035 5155 3142 5193 uno
3194 5138 3306 5193 Deo
3339 5138 3484 5192 dicta
3530 5135 3613 5191 vel

2039 5233 2191 5288 inviti
2229 5232 2551 5296 faterentur,
2598 5242 2677 5294 ut,
2729 5233 2929 5301 rejecta
2960 5231 3027 5285 ab
3069 5230 3324 5285 omnibus
3370 5228 3615 5282 multitu-

2037 5329 2178 5384 dinis
2219 5329 2442 5383 deorum
2489 5329 2759 5392 doctrina,
2811 5328 3024 5396 capiam
3072 5324 3225 5380 vobis
3264 5325 3376 5378 veri
3410 5339 3609 5394 cogno-

2036 5423 2223 5478 scendi
2254 5423 2543 5490 praeberet.

2106 5515 2194 5568 37.
2235 5515 2355 5567 Erit
2380 5522 2560 5568 autem
2596 5514 2751 5568 vobis
2781 5512 3038 5581 perfacile
3076 5527 3259 5567 veram
3290 5512 3609 5583 religionem

2042 5657 2225 5781 ad(5l‘)
2257 5655 2427 5712 Εἶναι
2457 5661 2622 5713 Θεόν.
2649 5659 2884 5715 Clarom.
2915 5660 3131 5729 εἰδέναι,
3161 5662 3240 5719 sic
3259 5663 3421 5718 etiam
3445 5660 3601 5724 Colb.

2147 5745 2317 5781 mare.

2147 5745 2317 5799 marg.

2108 5797 2221 5867 (5‘2)
2252 5797 2711 5867 Πολι-θεότητος.
2744 5798 2898 5858 Coll).
2932 5804 3235 5867 πολυθεΐας.
