3948 6256
338 392 438 447 507

1374 379 1433 437 S.
1471 377 1737 434 JUSTlNl
1772 373 2183 432 PIIILOSOPHI
2218 372 2305 428 ΕΤ
2348 370 2709 427 MARTYRIS

3490 376 3607 431 508

338 506 521 574 aliqua
548 516 614 557 ex
648 508 804 571 parte
850 514 914 553 ex
963 498 1185 567 antiqua
1219 496 1427 568 Sibylla
1473 498 1684 550 discere
1706 538 1721 562 ,
1754 495 1906 566 cujus

2016 494 2079 546 ἐκ
2127 490 2324 561 μέρους
2359 489 2510 560 παρὰ
2540 489 2639 558 τῆς
2676 487 2909 550 παλαιᾶς
2943 486 3208 558 Σιϐύλλης
3240 487 3301 541 ἐκ
3334 506 3476 546 τινος
3505 488 3609 541 δυε-

338 594 600 649 vaticinia
631 609 696 649 ex
728 593 933 661 potenti
985 589 1169 643 amato
1219 590 1362 644 edita
1415 588 1482 642 ad
1524 589 1910 657 prephetarum

336 684 646 738 doctrinam
672 697 841 753 prope
866 680 1128 735 accedere
1153 680 1426 732 videntur.
1460 677 1609 731 Hanc
1642 676 1913 747 Babylone

336 785 513 829 ortam
538 774 751 836 dicunt,
792 772 981 827 Berosi
1010 770 1315 826 Cbaldaicae
1354 770 1601 825 historiae
1629 768 1912 836 scriptoris

338 868 546 935 ﬁliam;
572 877 628 920 et
652 881 777 921 cum
810 864 863 919 in
894 863 1205 932 Campania:
1242 877 1371 917 oras
1396 862 1573 917 delata
1600 861 1782 914 nescio
1806 874 1912 929 quo

338 970 498 1030 pacto
540 950 768 1023 fuisset',
817 958 886 1012 ibi
940 955 1158 1013 oracula
1198 956 1435 1011 edidisse
1484 955 1537 1008 in
1586 954 1740 1019 urbe,
1790 966 1911 1021 qua:

336 1048 522 1103 (lunia:
547 1048 767 1114 dicitur,
796 1046 963 1111 Baiis,
1005 1045 1095 1100 ubi
1147 1053 1274 1099 sunt
1322 1044 1573 1099 Thermas
1598 1042 1909 1112 Campanee,

337 1153 433 1193 sex
481 1138 750 1208 lapidibus
789 1138 1020 1192 distans.
1070 1134 1339 1200 Vidimus,
1364 1149 1485 1189 cum
1532 1134 1584 1188 in
1628 1134 1732 1188 hac
1778 1133 1913 1187 urbe

266 1294 277 1305 _
337 1244 607 1295 essemus,
637 1230 811 1283 locum
844 1228 1161 1297 quemdam,
1195 1228 1285 1282 ubi
1329 1226 1585 1281 sacellum
1617 1224 1910 1279 maximum

336 1339 404 1379 ex
431 1338 537 1377 uno
564 1337 694 1377 saxo
717 1321 960 1377 excisum
1005 1320 1412 1389 conspeximus,
1448 1334 1563 1373 rem
1602 1333 1732 1372 sane
1772 1333 1913 1388 prte-

335 1415 693 1471 clarissimam
730 1424 789 1470 et
811 1415 963 1469 omni
991 1414 1355 1468 admiratione
1395 1412 1661 1481 dignam;
1687 1411 1761 1466 ibi
1812 1425 1907 1465 sua

334 1507 482 1561 illam
514 1507 739 1562 oracula
762 1507 998 1561 edidisse
1025 1507 1350 1571 narrabant,
1383 1504 1471 1573 qui
1500 1504 1613 1558 haec
1633 1519 1659 1557 a
1684 1503 1909 1574 majori-

334 1597 455 1659 bus,
486 1605 544 1651 ut
571 1597 759 1665 patria:
786 1611 897 1650 sua?
913 1595 1022 1667 34
1039 1596 1255 1664 propria
1270 1605 1615 1664 acceperant.
1647 1594 1704 1648 ln
1733 1594 1911 1649 medio

334 1699 517 1741 autem
539 1688 740 1743 sacello
760 1690 1139 1742 monstrabant
1165 1688 1320 1742 nobis
1345 1689 1446 1742 tria
1475 1688 1816 1757 receptacula
1842 1703 1909 1743 ex

333 1780 525 1834 eodem
552 1781 736 1834 excisa
761 1794 915 1845 saxo,
945 1778 1143 1849 quibus
1173 1794 1313 1848 aqua
1339 1780 1561 1849 repletis
1586 1779 1766 1835 lavare
1789 1794 1908 1833 eam

334 1871 612 1937 dicebant,
644 1883 698 1926 et
732 1887 855 1927 cum
885 1881 1092 1926 vestem
1135 1872 1521 1939 resumpsisset
1566 1873 1617 1925 in
1664 1871 1910 1925 intimam

338 1960 527 2015 sacelli
556 1961 725 2016 aadem
758 1961 1017 2015 secedere
1036 2000 1051 2025 ,
1083 1976 1147 2015 ex
1176 1961 1366 2015 eodem
1393 1976 1527 2015 saxo
1557 1960 1818 2025 excisam,
1849 1975 1912 2013 ac

334 2052 392 2106 in
417 2054 598 2108 medio
619 2052 750 2108 aedis
773 2054 1050 2109 sedentem
1076 2052 1293 2107 excelso
1315 2052 1472 2118 solio,
1502 2053 1579 2107 sic
1601 2052 1909 2107 vaticinari.

333 2142 508 2213 Hujus
542 2145 783 2216 sibyllae,
818 2154 875 2198 ut
920 2147 1093 2209 vatis,
1124 2160 1248 2198 cum
1289 2143 1443 2198 multi
1476 2145 1567 2197 alii
1614 2145 1911 2214 scriptores

331 2237 653 2303 meminere,
684 2247 795 2292 tum
820 2237 984 2291 etiam
1017 2235 1172 2290 Plato
1201 2236 1251 2291 in
1283 2235 1533 2289 Phazdro.
1563 2235 1786 2291 Videtur
1815 2254 1911 2291 au-

331 2340 443 2385 tem
478 2332 641 2395 mihi,
666 2347 788 2386 cum
837 2332 890 2386 in
935 2330 1080 2385 illius
1124 2330 1382 2385 vaticinia
1417 2330 1721 2394 incidisset,
1761 2337 1912 2384 vates

331 2436 435 2491 pro
460 2423 658 2477 divinis
690 2422 1002 2477 hominibus
1028 2422 1305 2477 habuisse.
1336 2422 1569 2477 Videbat
1602 2423 1744 2476 enim
1789 2437 1909 2490 qua:

332 2513 401 2567 ab
428 2513 514 2567 illa
553 2513 680 2569 olim
724 2514 979 2581 praedicta
1025 2512 1280 2579 fuerant,
1321 2529 1485 2584 opere
1531 2513 1824 2582 compleri;
1852 2522 1911 2568 et

330 2604 539 2659 idcirco
560 2604 837 2659 admirans
863 2606 917 2658 in
951 2604 1177 2659 Menone
1216 2620 1280 2659 ac
1322 2606 1539 2660 totidem
1572 2606 1752 2659 verbis
1774 2606 1903 2659 eil‘e-

331 2711 461 2751 rens
490 2706 666 2762 vates,
705 2698 779 2751 ita
821 2697 1011 2752 scribit
1042 2714 1111 2750 :1
1143 2697 1313 2753 Recte
1358 2713 1490 2753 sane
1530 2698 1743 2751 divinos
1788 2697 1906 2752 illos

330 2804 609 2854 vocemus,
646 2804 787 2859 quos
815 2805 956 2845 nunc
995 2788 1331 2860 appellamus
1359 2801 1530 2845 vates.
1561 2789 1677 2846 Non
1711 2792 1904 2846 imme-

330 2882 441 2936 rito
467 2882 764 2936 dixerimus
788 2883 1000 2937 divinos
1028 2882 1151 2936 illos
1176 2898 1319 2948 esse,
1339 2893 1394 2938 et
1416 2882 1674 2937 divinitus
1698 2882 1905 2938 atIlatos

332 2985 390 3028 et
432 2989 462 3026 a
502 2974 612 3028 Deo
653 2984 973 3043 correptos,
1022 2990 1147 3030 cum
1200 2990 1461 3045 prospere
1515 2977 1903 3040 vaticinantur,

330 3066 500 3120 multa
544 3076 601 3120 et
649 3082 842 3137 magna
894 3068 1172 3131 dicentes,
1219 3083 1320 3122 nec
1372 3068 1670 3137 quidquam
1714 3083 1902 3123 eorum

331 3171 453 3226 qua:
482 3156 668 3210 dicunt
699 3157 1080 3226 intelligentes.
1122 3178 1140 3209 ι
1174 3157 1272 3213 Hic
1303 3158 1588 3213 manifeSte
1618 3166 1673 3213 et
1717 3168 1904 3226 aperte
1932 3191 1973 3247 ο

332 3250 399 3302 ad
423 3248 627 3321 sibyllae
658 3251 890 3319 respicit.
918 3264 1131 3305 versus.
1163 3250 1283 3320 Ipsa
1310 3249 1477 3313 enim,
1506 3264 1613 3304 non
1644 3259 1701 3304 ut
1731 3261 1905 3321 poetae

330 3349 454 3409 post
496 3342 700 3410 scripta
750 3343 1029 3409 carmina,
1074 3342 1388 3398 facultatem
1436 3344 1671 3398 habebat
1713 3358 1903 3399 emen-

333 3433 495 3487 dandi
527 3444 582 3488 et
620 3433 864 3501 limandi,
904 3434 959 3488 in
990 3436 1073 3489 his
1113 3436 1414 3503 praesertim
1445 3450 1565 3503 qua:
1593 3435 1660 3489 ad
1688 3449 1909 3489 accura-

333 3538 455 3580 tam
481 3541 833 3581 numerorum
865 3527 1037 3597 legem
1080 3529 1377 3597 pertinent.
1425 3526 1531 3583 Sed
1569 3528 1623 3581 in
1672 3527 1790 3598 ipso
1822 3526 1906 3579 af-

331 3617 493 3673 ﬂatus
538 3619 767 3674 articulo
818 3621 957 3674 vatis
1006 3635 1228 3674 munere
1252 3620 1611 3691 lfungebatur;
1667 3634 1729 3675 ac
1766 3620 1907 3675 desi-

334 3718 497 3764 nente
524 3709 704 3764 aﬂlatu
740 3710 1026 3765 desinebat
1066 3712 1338 3765 dictorum
1372 3712 1699 3766 recordatio.
1733 3713 1907 3779 Atque

335 3806 452 3858 haec
480 3818 611 3857 sane
650 3804 860 3859 exstitit
901 3818 1063 3859 causa
1089 3843 1105 3868 ,
1152 3819 1251 3858 cur
1306 3819 1411 3859 non
1465 3820 1652 3858 omnes
1693 3805 1905 3858 numeri

332 3912 591 3953 versuum
619 3897 824 3967 sibylla:
846 3907 1220 3953 servarentur.
1257 3897 1313 3951 Id
1345 3896 1512 3963 enim,
1544 3912 1664 3951 eum
1707 3897 1759 3951 in
1802 3898 1907 3952 hac

333 3989 469 4044 urbe
530 4004 811 4054 essemus,
868 4006 897 4043 a
960 3991 1373 4059 perductoribus
1420 3991 1752 4057 didicimus,
1813 3991 1906 4060 qui

334 4090 395 4135 et
447 4081 591 4146 loca,
630 4083 701 4137 in
736 4083 933 4151 quibus
980 4082 1403 4149 vaticinabatur,
1444 4084 1600 4139 nobis
1638 4094 1906 4140 monstra-

336 4184 488 4239 runt,
521 4184 576 4229 et
616 4173 850 4230 loculum
876 4176 1164 4245 quemdam
1189 4191 1256 4231 ex
1283 4192 1392 4231 acre
1419 4186 1813 4241 constructum,
1852 4177 1904 4231 in

334 4282 447 4335 quo
476 4264 592 4333 ejus
638 4265 896 4335 reliquias
944 4267 1216 4321 asservari
1269 4267 1541 4321 dicebant.
1579 4265 1712 4319 Illud
1742 4266 1905 4321 etiam

335 4361 480 4415 inter
510 4359 642 4425 alia,
676 4369 734 4412 ut
771 4375 803 4412 a
835 4360 1128 4426 majoribus
1155 4368 1436 4427 acceptum
1467 4359 1786 4422 narrabant,
1815 4374 1909 4413 eos

332 4451 426 4518 qui
454 4460 583 4504 tunc
610 4450 833 4504 oracula
865 4451 1234 4518 excipiebant.
1266 4466 1387 4505 eum
1416 4449 1677 4503 illitterati
1702 4462 1904 4515 essent,

2014 586 2180 656 νατῆς
2204 586 2314 656 (55)
2342 583 2627 645 ἐπιπνοίας
2647 582 2733 637 διὰ
2758 581 3021 654 χρησμῶν
3048 583 3192 653 ὑμᾶς
3215 583 3604 655 διδασκούσης,

2018 678 2309 749 μανθάνειν
2363 676 2515 731 ταῦθ’
2571 676 2715 746 ἅπερ
2761 676 2930 744 ἐγγὺς
2961 669 3107 728 εἶναι
3134 674 3280 728 δοκεῖ
3336 676 3435 747 τῆς
3485 675 3605 730 τῶν

2015 769 2308 842 προφητῶν
2334 768 2702 831 διδασκαλίας.
2732 766 2947 836 Ταύτην
2974 767 3031 819 δὲ
3057 770 3121 820 ἐκ
3156 768 3252 837 μὲν
3276 767 3604 832 Βαϐυλῶνος

2015 860 2305 937 ὡρμῆσθαί
2340 858 2509 930 φασι,
2551 857 2846 930 Βηρώσσου
2880 856 2991 927 (54)
3028 856 3121 910 τοῦ
3155 857 3253 927 τὴν
3285 857 3603 929 Χαλδαῖκὴν

2018 956 2259 1027 ἱστορίαν
2290 953 2597 1025 γράψαντος
2630 950 2906 1023 θυγατέρα
2943 946 3108 1003 οὖσαν
3139 951 3249 1021 (55)
3276 968 3289 982 ’
3325 954 3404 1014 εἰς
3435 952 3493 1005 δὲ
3525 952 3602 1005 τὰ

2018 1047 2159 1119 μέρη
2208 1048 2305 1118 τῆς
2338 1044 2670 1116 Καμπανίας
2698 1044 2798 1097 οὐκ
2840 1038 2935 1095 οἷδ’
2965 1044 3114 1106 ὅπως
3149 1042 3441 1108 διαϐᾶσαν,
3476 1044 3605 1095 ἐκεῖ

2012 1140 2138 1202 τοὺς
2164 1140 2443 1211 χρησμοὺς
2476 1133 2817 1206 ἐξαγορεύειν
2848 1133 2903 1186 ἐν
2936 1152 3041 1187 τινι
3074 1134 3444 1204 Κουμᾷοῦτω
3486 1150 3599 1188 κα-

2013 1233 2249 1305 λουμένῃ
2301 1232 2453 1286 πόλει
2476 1273 2490 1295 ,
2528 1230 2588 1297 ἒξ
2632 1231 2878 1303 σημείοις
2906 1230 3018 1302 (56)
3069 1229 3333 1301 διεστώσῃ
3378 1230 3598 1297 Βαῒων,

2014 1325 2141 1379 ἔνθα
2197 1331 2265 1378 τα
2318 1323 2498 1395 θερμὰ
2543 1323 2644 1393 τῆς
2697 1321 3032 1392 Καμπανίας
3087 1316 3225 1375 εἶναι
3280 1321 3595 1392 συμϐαίνει.

2025 1415 2402 1489 Ἐθεασάμεθα
2434 1415 2489 1469 δὲ
2523 1418 2581 1469 ἐν
2613 1418 2680 1486 τῇ
2719 1414 2871 1467 πόλει
2914 1414 3189 1485 γενόμενοι
3220 1414 3311 1466 καί
3341 1431 3459 1466 τινα
3498 1415 3599 1467 τό-

2013 1528 2143 1574 πον,
2190 1512 2247 1563 ἐν
2286 1501 2331 1577 ᾧ
2365 1508 2644 1580 βασιλικὴν
2668 1508 2778 1578 (57)
2818 1508 3080 1579 μεγίστην
3117 1506 3177 1569 ἐξ
3214 1506 3333 1569 ἑνὸς
3360 1506 3595 1576 ἐξεσμέ-

2014 1623 2110 1677 νην
2137 1604 2246 1675 (58)
2302 1603 2450 1656 λίθου
2479 1602 2743 1673 ἔγνωμεν,
2771 1604 3001 1675 πρᾶγμα
3031 1600 3305 1671 μέγιστον,
3336 1601 3428 1653 καὶ
3454 1617 3600 1653 παν-

2012 1698 2103 1759 τὸς
2131 1695 2406 1766 θαύματος
2424 1694 2590 1757 ἄξιον·
2616 1692 2745 1746 ἔνθα
2768 1694 2892 1755 τοὺς
2920 1694 3201 1764 χρησμοὺς
3224 1690 3390 1762 αὐτὴν
3418 1693 3603 1761 ἀπαγ-

2011 1787 2223 1855 γέλλειν
2264 1788 2311 1839 οἱ
2358 1786 2435 1849 ὼς
2481 1787 2549 1841 τὰ
2600 1785 2807 1857 πάτρια
2838 1785 2947 1856 (59)
2995 1783 3391 1857 παρειληφότες
3440 1785 3598 1857 παρὰ

2013 1879 2121 1934 τῶν
2164 1878 2371 1933 ἑαυτῶν
2426 1879 2709 1951 προγόνων
2756 1878 3012 1947 ἔφασκον.
3061 1879 3149 1930 Ἐν
3195 1876 3344 1947 μέσῳ
3389 1875 3443 1929 δὲ
3493 1879 3600 1947 τῆς

2016 1970 2302 2041 βασιλικῆς
2336 1969 2678 2022 ἐπεδείκνυον
2718 1970 2848 2039 ἡμῖν
2878 1971 3029 2039 τρεῖς
3053 1967 3359 2038 δεξαμενὰς
3391 1968 3455 2019 ἐκ
3496 1968 3595 2019 τοῦ

2012 2064 2174 2118 αὐτοῦ
2199 2061 2491 2133 ἐξεσμένας
2516 2061 2663 2115 λίθου
2686 2062 2794 2132 (60)
2814 2078 2827 2091 ⁸
2856 2055 2932 2115 ὧν
2959 2060 3345 2135 πληρουμένων
3374 2060 3595 2123 ὓδατος,

2011 2154 2265 2209 λούεσθαι
2315 2153 2484 2224 αὐτὴν
2528 2156 2586 2207 ἐν
2631 2154 2821 2217 αὐταῖς
2854 2153 3057 2221 ἔλεγον,
3102 2154 3196 2206 καὶ
3235 2152 3425 2223 στολὴν
3457 2154 3589 2205 ἀνα-

2010 2247 2422 2318 λαμϐάνουσαν,
2459 2247 2538 2308 είς
2583 2245 2674 2298 τὸν
2722 2246 3001 2299 ἐνδότατον
3036 2242 3147 2315 (61)
3178 2245 3275 2315 τῆς
3309 2244 3597 2314 βασιλικῆς

2013 2338 2218 2409 βαδίζει
2249 2333 2396 2391 οἷκον
2429 2340 2495 2389 ἐκ
2532 2337 2623 2389 τοῦ
2657 2338 2823 2391 αὑτοῦ
2868 2338 3157 2409 ἐξεσμένον
3189 2338 3336 2390 λίθου
3357 2355 3369 2366 ·
3408 2337 3503 2390 καὶ
3534 2339 3596 2389 ἐν

2014 2429 2164 2499 μέσῳ
2193 2428 2284 2481 τοῦ
2317 2427 2466 2481 οἴκου
2498 2426 2608 2497 (6'2)
2644 2428 3013 2499 καθεζομένην
3047 2428 3139 2481 ἐπὶ
3174 2428 3378 2500 ὑψηλοῦ
3415 2429 3597 2498 βήμα-

2009 2540 2099 2585 τος
2142 2522 2235 2576 καὶ
2283 2522 2475 2594 θρόνου
2499 2563 2513 2585 ,
2567 2522 2710 2575 οὕτω
2751 2523 2875 2586 τοὺς
2915 2524 3192 2595 χρησμοὺς
3226 2524 3595 2594 ἐξαγορεύειν.

2010 2614 2226 2685 Ταύτης
2243 2614 2299 2666 δὲ
2320 2614 2416 2684 τῆς
2434 2613 2695 2685 Σιϐύλλης
2718 2613 2793 2677 ὡς
2820 2613 3143 2687 χρησμῳδοῦ
3163 2614 3345 2666 πολλοὶ
3376 2616 3473 2685 μὲν
3496 2615 3595 2668 καὶ

2010 2703 2161 2755 ἄλλοι
2188 2703 2294 2757 τῶν
2320 2702 2691 2775 συγγραφέων,
2712 2705 3036 2775 μέμνηνται,
3072 2705 3165 2758 καὶ
3188 2706 3409 2758 Πλάτων
3434 2708 3491 2759 ἐν
3513 2706 3595 2777 τῷ

2009 2794 2258 2861 Φαίδρῳ.
2294 2796 2448 2847 Δοκεῖ
2472 2794 2528 2847 δέ
2565 2813 2652 2866 μοι
2683 2799 2794 2859 τοῖς
2818 2796 3019 2867 ταύτης
3057 2800 3323 2868 χρησμοῖς
3352 2797 3593 2866 ἐντυχὼν

2010 2885 2039 2935 ὁ
2076 2882 2322 2947 Πλάτων,
2358 2886 2481 2947 τοὺς
2522 2886 2878 2955 χρησμῳδοὺς
2907 2886 3227 2952 ἐκθειάζειν.
3272 2888 3447 2958 Ἐώρα
3478 2889 3594 2959 γάρ

2008 2976 2073 3029 τὰ
2098 2976 2189 3027 ὑπ’
2213 2975 2383 3045 αὐτῆς
2411 2974 2577 3028 πάλαι
2602 2977 2971 3047 προειρημένα
2999 2977 3180 3050 ἔργοις
3205 2979 3554 3049 πληρούμενα
3574 2998 3587 3009 ·

2010 3067 2103 3119 καὶ
2133 3068 2220 3121 διὰ
2254 3066 2411 3120 τοῦτο
2458 3066 2744 3137 θαυμάσας
2778 3070 2835 3121 ἐν
2870 3068 2947 3139 τῷ
2980 3069 3118 3141 πρὸς
3150 3070 3377 3123 Μένωνα
3406 3071 3552 3141 λόγῳ
3572 3112 3591 3136 ,

2008 3160 2197 3223 αύταῖς
2228 3160 2434 3223 λέξεσιν
2467 3158 2705 3213 ἐπαινῶν
2738 3160 2863 3222 τοὺς
2897 3160 3254 3232 χρησμῳδοὺς
3278 3162 3460 3226 ,οὕτω
3499 3164 3594 3231 γέ-

2007 3268 2216 3324 γραφεν
2240 3270 2251 3282 ο
2284 3272 2301 3302 ι
2338 3251 2544 3323 Ὀρθῶς
2570 3251 2678 3323 ἄρα
2704 3250 2769 3305 ἂν
2797 3251 3054 3323 καλοῖμεν
3080 3251 3257 3317 θείους
3280 3270 3338 3305 τε
3366 3254 3589 3318 αὐτοὺς,

2006 3346 2099 3410 οὓς
2146 3347 2209 3417 δὴ
2266 3346 2360 3398 νῦν
2403 3346 2634 3416 λέγομεν
2686 3346 3065 3418 χρησμῳδούς.
3109 3348 3221 3418 Ούχ
3252 3347 3589 3418 ἥκιστα(65)

2008 3442 2208 3510 φαῖμεν
2244 3438 2308 3492 ἂν
2341 3438 2561 3502 τούτους
2594 3437 2771 3501 θείους
2804 3434 2940 3491 εἶναι
2968 3439 3062 3492 καὶ
3090 3438 3452 3503 ἐνθουσιάζειν
3475 3440 3593 3491 ἐπί-

2008 3545 2172 3591 πνους
2216 3527 2407 3591 ὖντας,
2458 3528 2553 3581 καὶ
2586 3527 2983 3597 κατεχομένους
3018 3531 3083 3581 ἐκ
3112 3528 3206 3580 τοῦ
3243 3528 3374 3581 Θεοῦ
3396 3569 3410 3591 ,
3458 3528 3590 3581 ὅταν

2009 3621 2316 3692 κατορθῶσι
2356 3622 2602 3691 λέγοντες
2638 3621 2807 3675 πολλὰ
2856 3622 2950 3675 καὶ
3001 3623 3211 3693 μεγάλα
3246 3622 3586 3693 πράγματα,

2011 3715 2173 3786 μηδὲν
2199 3715 2398 3778 εἰδότες
2428 3708 2502 3767 ὧν
2531 3714 2783 3782 λέγουσι·
2818 3732 2835 3764 ι
2876 3714 3062 3783 σαφῶς
3100 3716 3194 3767 καὶ
3228 3713 3475 3786 φανερῶς
3508 3717 3590 3778 είς

2006 3809 2132 3871 τοὺς
2180 3807 2440 3877 Σιϐύλλης
2501 3806 2720 3879 ἀφορῶν
2772 3808 3070 3879 χρησμούς.
3122 3807 3268 3877 Αὕτη
3307 3807 3435 3878 γὰρ,
3486 3808 3589 3878 ούχ

2011 3897 2199 3969 ῶσπερ
2231 3900 2281 3951 οί
2315 3898 2556 3968 ποιηταὶ,
2594 3898 2688 3952 καὶ
2724 3898 2860 3968 μετὰ
2891 3899 2949 3951 τὸ
2970 3898 3257 3968 γράψαιτὰ
3284 3899 3586 3967 ποιήματα,

2009 3985 2153 4059 εἶχεν
2189 3988 2435 4053 ἐξουσίαν
2466 3988 2809 4060 διορθοῦσθαι
2841 3990 2934 4042 καὶ
2969 3990 3202 4055 ἐπιξέειν
3239 3989 3470 4060 μάλιστα
3497 3989 3588 4042 διὰ

2009 4082 2105 4153 τὴν
2138 4081 2244 4135 τῶν
2282 4082 2490 4153 μέτρων
2516 4081 2796 4153 ἀκρίϐειαν
2822 4099 2834 4112 ·
2870 4082 2984 4135 ἀλλ’
3016 4086 3071 4135 ἐν
3105 4082 3203 4153 μὲν
3234 4081 3311 4152 τῷ
3344 4081 3443 4151 τῆς
3473 4084 3590 4133 ἐπι-

2010 4174 2201 4237 πνοίας
2231 4173 2405 4247 καιρῷ
2429 4212 2443 4236 ,
2478 4173 2545 4227 τὰ
2568 4175 2665 4245 τῆς
2699 4174 3031 4247 προφητείας
3070 4176 3337 4247 ἐπλήρου“
3379 4192 3589 4227 παυσα-

2014 4268 2178 4337 μένης
2210 4267 2265 4319 δὲ
2298 4267 2395 4337 τῆς
2428 4267 2711 4330 ἐπιπνοίας
2735 4308 2748 4329 ,
2785 4268 3060 4320 ἐπέπαυτο
3094 4267 3187 4320 καὶ
3220 4270 3253 4337 ή
3288 4266 3395 4319 τῶν
3427 4268 3588 4338 εἰρη-

2015 4361 2187 4430 μένων
2237 4361 2443 4430 μνήμη.
2490 4358 2647 4412 Τοῦτ’
2680 4355 2772 4412 οὖν
2805 4359 2976 4413 αἴτιον
3026 4359 3118 4412 τοῦ
3170 4359 3243 4429 μὴ
3292 4358 3470 4410 πάντα
3521 4360 3587 4412 τὰ

2015 4450 2189 4521 μέτρα
2210 4448 2316 4503 τῶν
2351 4448 2498 4503 ἐπῶν
2532 4450 2631 4520 τῆς
2662 4449 2924 4521 Σιϐύλλης
2948 4448 3237 4514 σώζεσθαι.
3264 4448 3425 4501 Αὐτοὶ
3452 4449 3585 4518 γὰρ,

332 4556 477 4610 εωρο
519 4542 587 4596 ab
627 4552 886 4596 accurata
931 4556 1278 4595 numerorum
1314 4541 1698 4597 observatione
1737 4542 1899 4595 aber-

2016 4544 2068 4593 ἐν
2115 4545 2179 4612 τῇ
2234 4542 2383 4594 πόλει
2434 4542 2747 4611 γενόμενοι,
2785 4542 2934 4613 παρὰ
2966 4541 3071 4593 τῶν
3106 4538 3453 4611 περιηγητῶν
3492 4556 3591 4608 με-

333 4645 507 4687 rasse.
536 4630 715 4701 Atque
746 4632 798 4686 id
832 4647 1011 4686 causa:
1049 4647 1170 4686 esse
1212 4631 1485 4697 dicebant,
1516 4648 1616 4686 cur
1642 4646 1904 4686 numerus

404 4768 521 4837 (55)
560 4768 853 4837 Δυνατῆς.
883 4768 1041 4823 Deest
1068 4769 1119 4821 in
1148 4768 1299 4824 Colb.
1333 4767 1450 4823 Mox
1482 4768 1770 4840 μανθάνειν
1795 4783 1906 4823 me~

333 4840 440 4893 lius
466 4849 760 4908 poneretur
787 4848 911 4894 ante
939 4840 1003 4892 ἐκ
1033 4858 1197 4903 τινος.

406 4910 522 4981 (54)
565 4911 768 4979 Sibylla
801 4909 987 4964 Berosi
1012 4910 1588 4981 Chaldaiczehistoria:
1616 4910 1907 4979 scriptoris

331 4978 443 5035 ﬁlia
466 4978 687 5036 dicitur.
736 4981 1019 5034 Statuerat
1048 4978 1280 5033 Grabius
1306 4978 1577 5033 Justinum
1635 4998 1666 5033 a
1712 4978 1905 5048 frivola

332 5054 686 5106 recentiorum
732 5051 1037 5105 criticorum
1082 5052 1415 5103 accusatione
1463 5050 1766 5113 uindicare,
1809 5052 1903 5106 sed

332 5136 448 5175 rem
474 5120 586 5189 jam
620 5133 796 5178 actam
820 5134 944 5189 esse
976 5119 1180 5173 indicat
1217 5136 1247 5172 a
1290 5120 1353 5174 (Ξ.
1400 5119 1450 5174 J.
1504 5120 1695 5174 Vossio
1725 5124 1775 5172 in
1806 5120 1901 5175 lib.

332 5207 350 5245 ι
386 5188 761 5247 Βείιιίειοτὶείε
805 5188 1027 5245 Crwcis.
1057 5206 1175 5256 cap.
1220 5193 1272 5246 1.
1318 5191 1484 5244 Paulo
1518 5201 1644 5244 ante
1680 5192 1809 5243 illud
1842 5190 1907 5245 ἐκ

331 5278 477 5325 τινος
508 5263 737 5332 δυνατῆς
779 5259 1063 5320 ἐπιπνοίας
1093 5271 1257 5322 verte.
1315 5273 1373 5315 ut
1408 5262 1575 5325 infra,
1612 5277 1675 5315 ea:
1705 5262 1907 5330 potenti

331 5338 563 5404 quedam
593 5335 790 5404 αΙβιιαι·

434 5401 523 5470 55)
566 5396 918 5470 Βῆρώσσου.
945 5402 1304 5473 ...θυγατέρα
1346 5396 1561 5457 οὖσαν.
1590 5400 1645 5454 ld
1675 5401 1905 5455 Persica:

335 5470 560 5541 Sibyllae
596 5475 776 5539 aptius
815 5470 1128 5537 convenire,
1178 5470 1235 5525 ut
1277 5473 1385 5527 tilia
1428 5474 1612 5527 Bcrosi
1656 5475 1901 5536 dicatur,

334 5542 593 5597 observat
622 5543 857 5599 Gallmus
894 5561 943 5599 c.
980 5545 1014 5597 2
1042 5545 1114 5596 De
1138 5542 1325 5613 Sibyll.

409 5614 523 5679 (56)
562 5616 855 5682 Σημεὶοις.
898 5615 963 5668 R.
1006 5616 1088 5669 St.
1137 5617 1203 5668 ad
1240 5612 1451 5669 calcem
1499 5614 1757 5684 σημείων.
1812 5612 1903 5667 Sic

336 5685 500 5736 etiam
531 5686 582 5736 in
617 5696 765 5738 textu
796 5685 952 5740 Coll).

407 5755 519 5824 (57)
559 5756 913 5820 Βασιλικήν.
936 5760 1075 5809 Ante
1107 5756 1245 5809 hanc
1275 5769 1463 5809 vocem
1499 5755 1569 5810 ll.
1593 5753 1673 5808 St.
1698 5754 1763 5807 ad
1791 5753 1902 5806 cal-

336 5838 454 5879 cem
483 5835 536 5881 et
564 5824 697 5894 Reg.
728 5826 760 5879 5
791 5837 843 5880 et
872 5826 1108 5879 Clarom.
1147 5826 1349 5879 habent
1375 5827 1440 5879 ad
1467 5841 1639 5895 marg.
1670 5824 1863 5878 οἰκίαν.

2012 4632 2358 4704 μαθήκαμεν,
2396 4633 2503 4685 τῶν
2538 4633 2630 4685 καὶ
2665 4634 2787 4695 τοὺς
2820 4634 3015 4695 τόπους
3040 4635 3098 4684 ἐν
3130 4626 3210 4693 οἷς
3244 4629 3588 4701 ἐχρησμῴδει

2080 4767 2579 4839 (58)Ἐξεσ’μένην.
2603 4764 2863 4839 Similiter
2884 4765 3143 4836 Virgilius
3160 4764 3252 4839 lilu.
3271 4780 3320 4815 vr
3339 4762 3581 4815 .‘Eneid;

2082 4836 2334 4891 Excisum
2371 4836 2617 4891 Euboica:
2642 4836 2779 4890 latus
2808 4837 2987 4904 ingens
3021 4839 3169 4901 rupis
3196 4836 3248 4886 in
3276 4846 3513 4889 antrum.

2082 4909 2196 4979 (59)
2234 4908 2311 4961 Τὰ
2345 4906 2581 4979 πάτριαι
2615 4907 2775 4979 Deest
2802 4907 3065 4959 articulus
3096 4908 3147 4958 in
3180 4906 3332 4958 L‘olb.

2081 4976 2194 5049 (60)
2235 4979 2437 5049 Λίθον.
2649 4976 2800 5047 λίθῳ.

2082 5043 2311 5119 (61)Είς
2333 5047 2440 5101 τὸν
2452 5043 2791 5102 ὲνδότατονλ.
2808 5046 2898 5119 Sic
2918 5054 2972 5099 et
2988 5045 3242 5119 Virgilius
3258 5043 3472 5097 JEneid.
3493 5060 3581 5097 In:
3652 5084 3663 5089 -

2822 5118 2953 5182 Qua:
2984 5132 3109 5183 rupe
3136 5117 3230 5168 sub
3262 5118 3367 5166 ima

2186 5189 2357 5243 Facta
2386 5188 2548 5243 canit.

2077 5261 2191 5331 (62)
2234 5261 2343 5313 Τοῦ
2386 5259 2575 5311 οἴκου.
2620 5256 2776 5313 Coll).
2808 5256 2884 5328 τῷ
2911 5255 3075 5327 οἴκῳ,
3104 5265 3155 5310 et
3193 5255 3271 5309 sic
3296 5253 3360 5306 R.
3393 5250 3476 5305 St.
3515 5253 3585 5306 ad

2008 5333 2235 5385 calcem.

2080 5402 2193 5471 (65)
2237 5402 2361 5467 Οὐχ
2392 5398 2633 5465 ἣκιστα.
2669 5398 2840 5471 Minus
2872 5405 3127 5471 accurate
3150 5394 3392 5471 Platonis
3415 5394 3584 5471 verba

2008 5460 2185 5526 rel‘ert'
2208 5460 2482 5534 Justinus,
2510 5469 2786 5537 fortequia
2813 5469 3129 5521 memoriter
3160 5464 3451 5537 referebat.
3484 5460 3587 5537 Le-

2006 5544 2152 5607 gitur
2179 5544 2343 5613 enim
2371 5533 2508 5607 apud
2552 5533 2832 5613 Platonem
2865 5557 2877 5591 :
2908 5534 3404 5613 quo’uoﬁobgua‘t
3444 5533 3583 5613 μάν-

2006 5606 2117 5675 τεις
2150 5612 2243 5665 καὶ
2271 5606 2743 5681 τοὺςίποιητικοὺς
2776 5606 3023 5681 ξιπαντας
3045 5624 3057 5636 ο
3096 5606 3344 5681 καὶτοὺς
3378 5606 3585 5681 πολιτι-

2006 5684 2135 5746 κοὺς
2165 5685 2263 5752 ούχ
2294 5683 2491 5751 ἥκιστα
2517 5677 2738 5733 τούτων.
2774 5678 3039 5752 Nimirum
3062 5678 3327 5752 popl-ilices,
3356 5677 3470 5725 sive
3488 5690 3584 5752 eos

2006 5755 2097 5819 qui
2126 5746 2510 5819 rempublicam
2538 5760 2756 5822 gerunt,
2791 5750 3068 5819 conjungit
3102 5746 3253 5801 l‘lato
3284 5759 3406 5799 cum
3443 5746 3585 5795 vati..-

2008 5824 2106 5879 bus
2138 5834 2192 5877 Cl
2217 5823 2411 5892 poetis.
