3948 6256
311 360 411 416 309

1457 357 1910 415 COHOBTATIO
1944 358 2036 413 AD
2073 356 2414 414 CRECOS"

3461 359 3565 414 510

309 480 441 548 ἡμῖν
475 476 868 543 ὑποδειξάντων
889 517 904 541 ,
936 477 1034 531 καὶ
1064 478 1252 547 φακοίν
1292 496 1411 533 τινα
1442 481 1506 533 ὲκ
1537 478 1739 549 χαλκοῦ
1770 496 1862 533 κατ

1963 519 1968 539 ,
1990 477 2277 533 nonnullis
2298 475 2546 531 versibus
2570 473 2742 540 desit;
2762 474 2962 545 quippe
2979 488 3099 528 cum
3126 474 3260 545 ipsa,
3279 483 3563 545 postquam

308 572 716 640 εσκευασμένον,
776 572 835 623 ὲν
888 563 937 639 ᾧ
979 571 1051 624 τὰ
1080 615 1089 619 -
1119 572 1356 642 λείψανα
1403 572 1573 643 αὐτῆς
1626 570 1892 635 σώζεσθαι

309 662 507 729 ἔλεγον.
546 663 825 730 Ἔφασκον
856 662 916 714 δὲ
953 662 1095 733 μετά
1126 664 1347 717 πάντων
1378 657 1453 720 ὧν
1485 661 1768 733 διηγοῦντο
1801 661 1895 715 καὶ

308 754 490 817 τοῦτο,
523 754 597 816 ὡς
650 753 804 825 παρὰ
850 752 963 807 τῶν
1015 754 1303 825 προγόνων
1352 754 1683 825 ἀκηκοότες,
1718 754 1802 806 ὅτι
1845 754 1894 805 οἰ

308 839 737 909 ἐκλαμϐάνοντες
760 841 890 903 τοὺς
919 842 1206 913 χρησμοὺς
1230 841 1527 914 τηνικαῦτα
1547 882 1563 906 ,
1590 841 1747 904 ἐκτὸς
1775 858 1895 895 παι-

306 930 534 993 δεύσεως
563 931 718 995 ὄντες
738 932 1062 1003 ,πολλαχοῦ
1089 932 1189 1003 τῆς
1217 933 1326 987 τῶν
1361 933 1573 1005 μέτρων
1605 924 1888 1003 ἀκριϐείας

306 1022 638 1093 διήμαρτον·
696 1024 794 1076 καὶ
848 1024 1058 1095 ταύτην
1118 1024 1301 1094 ἔλεγον
1361 1023 1538 1077 αἰτίαν
1593 1019 1731 1077 εἶναι
1788 1024 1885 1095 τῆς

304 1114 461 1167 ἐνίων
492 1114 642 1167 ἐπῶν
674 1117 982 1189 ἀμετρίας,
1018 1117 1117 1187 τῆς
1152 1117 1249 1187 μὲν
1281 1115 1603 1190 χρησμῳδοῦ
1639 1115 1777 1186 μετά
1825 1117 1885 1169 τὸ

304 1203 612 1257 ππαῦσθαι
637 1206 753 1273 (64)
787 1206 889 1276 τῆς
936 1208 1171 1278 κατοχῆς
1202 1208 1297 1260 καὶ
1342 1207 1440 1277 τῆς
1472 1206 1757 1269 ἐπιπνοίας
1810 1206 1884 1280 μὴ

1994 569 2167 624 teneri
2194 576 2250 623 et
2282 566 2453 621 aﬂlari
2489 567 2751 631 desierat,
2782 565 2916 620 nihil
2944 581 3154 632 eorum,
3186 581 3307 636 qua
3332 567 3563 631 dixerat,

1993 662 2393 721 recordaretur;
2428 657 2636 713 librarii
2685 667 2864 712 autem
2900 657 2969 711 ob
3010 656 3443 725 imperitiamab
3471 672 3563 710 ac-

1993 764 2177 808 curata
2220 766 2569 807 numerorum
2617 750 2997 805 observatione
3036 749 3405 804 aberrassent.
3445 751 3560 814 Qua

1994 846 2061 900 de
2089 859 2253 898 causa
2284 842 2560 897 Platonem
2594 841 2659 895 ad
2692 840 2912 911 Sibylla
2938 840 3154 894 oracula
3184 839 3560 909 respicientem

1993 935 2136 989 idem
2170 936 2235 989 de
2265 933 2480 987 vatibus
2509 932 2889 1003 pronuntiasse
2919 930 3108 1001 liquet.
3152 931 3245 986 Sic
3271 931 3413 985 enim
3443 931 3557 984 ait:

1997 1042 2020 1077 ι
2049 1023 2183 1079 Cttm
2216 1038 2474 1093 prospere
2521 1022 2910 1086 vaticinantur,
2944 1021 3111 1076 multa
3154 1030 3207 1076 et
3251 1035 3443 1091 magna
3474 1021 3557 1074 di-

1990 1128 2211 1179 centes,
2262 1130 2361 1170 nec
2395 1114 2691 1185 quidquam
2727 1130 2915 1169 eorum
2961 1129 3081 1183 qua
3122 1115 3311 1168 dicunt
3355 1112 3557 1166 intelli-

1992 1217 2201 1277 gentes.
2240 1223 2257 1257 ι

302 1296 661 1367 μεμνημένης
691 1296 805 1350 τῶν
835 1298 1163 1369 εἰρημένων,
1197 1296 1315 1350 τῶν
1337 1297 1394 1351 δὲ
1423 1297 1785 1369 ὑπογραφέων
1825 1296 1892 1348 δι’
1935 1295 2287 1349 ἀπαιδευσίαν
2318 1295 2415 1364 τῆς
2460 1293 2568 1347 τῶν
2598 1294 2824 1365 (μέτρων
2869 1293 3153 1365 ἀκριϐείας
3206 1295 3573 1349 ἐκπεπτωκό-Δ

298 1402 426 1438 των.
474 1387 573 1439 Διά
625 1386 789 1440 τοῦτο
834 1389 1014 1441 τοίνυν
1058 1389 1148 1442 τὸν
1204 1388 1497 1453 Πλάτωνα,
1562 1390 1642 1452 είς
1678 1388 1802 1451 τοὺς
1835 1388 1931 1458 τῆς
1982 1386 2244 1458 Σιϐύλλης
2276 1385 2567 1460 ἀφορῶντα
2598 1386 2878 1456 χρησμοὺς
2912 1384 3179 1457 περὶτῶν
3219 1387 3577 1458 χρησμῳδῶν

294 1475 442 1529 τοῦτ’
469 1478 753 1547 εἰρηκέναι
788 1479 971 1548 δῆλον.
1008 1480 1148 1552 Ἔφη
1177 1481 1286 1555 γὰρ
1315 1479 1515 1545 οὕτως·
1542 1499 1561 1531 ι
1594 1482 1762 1534 Ὅταν
1794 1479 2098 1553 κατορθῶσι
2132 1479 2381 1547 λέγοντες
2414 1476 2581 1531 πολλά
2608 1477 2700 1530 καὶ
2745 1476 2954 1547 μεγάλα
3004 1478 3304 1550 πράγματα
3331 1521 3342 1545 ,
3393 1478 3559 1551 μηδὲν

294 1567 489 1631 εἰδότες
517 1563 595 1623 ὧν
629 1570 871 1639 λέγουσι.
910 1591 929 1625 ι

366 1658 450 1713 58»
474 1660 624 1731 Πλὴν
651 1662 770 1715 ἀλλ’
792 1664 1114 1736 ἐπειδήπερ,
1131 1658 1177 1719 ὧ
1194 1666 1381 1737 ἄνδρες
1396 1665 1673 1736 Ἕλληνες,
1696 1665 1795 1718 οῦκ
1818 1666 1878 1718 ὲν

2056 1657 2144 1713 38.
2190 1656 2295 1714 Sed
2320 1657 2445 1727 quia
2476 1672 2575 1712 nec
2616 1658 2667 1713 in
2700 1657 2926 1725 poeticis
2953 1658 3219 1724 numeris,
3268 1675 3302 1712 ο
3351 1659 3577 1729 Graci,.

292 1753 593 1820 ποιητικοῖς
616 1754 841 1822 μέτροις
856 1758 925 1807 τά
940 1756 1037 1826 τῆς
1056 1755 1285 1827 ἀληθοῦς
1307 1756 1613 1821 θεοσεϐείας
1630 1758 1862 1831 πράγμαε

1985 1764 2109 1803 vera
2140 1748 2331 1819 religio
2374 1748 2477 1803 sita
2515 1758 2616 1814 est,
2650 1761 2751 1803 nec
2779 1748 2833 1801 in
2877 1761 2963 1811 ea,
2997 1763 3117 1817 qua
3156 1750 3298 1818 apud
3351 1766 3446 1807 vos
3501 1754 3553 1808 in

290 1857 374 1905 τα,
393 1841 515 1893 ὧδὲ
539 1845 601 1895 ἐν
624 1847 691 1915 τῇ
726 1846 859 1915 παρ’
878 1846 1011 1916 ὑμῖν
1034 1847 1390 1920 εὐδοκιμούσῃ
1413 1848 1713 1914 παιδεύσει,
1748 1848 1883 1917 ἀφέ-

288 1951 433 2002 μενοι
466 1934 661 1987 λοιπὸν
697 1936 799 2007 τῆς
832 1936 941 1991 τῶν
977 1938 1188 2012 μέτρων
1222 1941 1310 1993 καί
1343 1942 1515 2009 λόγων
1560 1940 1844 2014 ἀκριϐείας
1864 1980 1880 2004 ,

282 2029 392 2089 τοῖς
438 2028 535 2079 ὑπ’
570 2030 753 2099 αὐτῆς
781 2030 895 2099 (65)
945 2033 1255 2103 εἰρημένοις
1304 2034 1660 2103 ἀφιλονείκως
1709 2050 1879 2106 προσ-

279 2118 515 2186 έχοντες,
541 2120 728 2187 γνῶτε
766 2122 950 2175 πόσων
984 2124 1109 2193 ὑμῖν
1136 2125 1355 2193 ἀγαθῶν
1380 2126 1526 2179 αἰτία
1557 2126 1711 2179 ἔσται
1730 2166 1745 2190 ,
1780 2124 1881 2194 τὴν

276 2212 365 2263 τοῦ
416 2213 683 2283 Σωτῆρος
740 2214 901 2283 ἡμῶν
951 2215 1124 2285 Ἰησοῦ
1176 2218 1410 2289 Χριστοῦ
1455 2218 1638 2287 ἄφιξιν
1689 2218 1876 2288 σαφῶς

276 2303 366 2354 καὶ
408 2303 678 2375 φανερῶς
729 2304 1181 2376 προαγορεύουσα
1206 2324 1218 2336 °
1253 2307 1309 2371 ὃς
1334 2347 1349 2372 ,
1383 2306 1477 2361 τοῦ
1516 2307 1650 2361 Θεοῦ
1698 2308 1877 2381 ὑπάρ-

277 2411 381 2462 χων
412 2394 601 2461 Λόγος
633 2394 948 2465 ἀχώριστος
976 2395 1085 2467 (66)
1119 2396 1380 2468 δυνάμει,
1415 2398 1505 2451 τὸν
1538 2398 1657 2452 κατ’
1691 2401 1876 2453 εἰκόνα

276 2486 365 2538 καὶ
393 2486 667 2555 ὁμοίωσιν
719 2487 857 2540 Θεοῦ
899 2487 1206 2543 πλασθέντα
1252 2489 1533 2543 ἀναλαϐὼν
1566 2490 1872 2563 ἄνθρωπον,

274 2580 364 2649 τῆς
414 2580 527 2633 τῶν
579 2581 835 2652 ἀρχαίων
867 2583 1016 2652 ἡμᾶς
1050 2584 1325 2653 προγόνων
1375 2583 1646 2655 ἀνέμνησε
1693 2584 1874 2638 θεοσε-

276 2670 450 2733 ϐείας,
486 2671 560 2740 ἦν
594 2673 644 2723 οἰ
684 2668 748 2734 ἐξ
780 2671 962 2725 αὐτῶν
998 2673 1278 2743 γενόμενοι
1328 2672 1603 2746 ἄνθρωποι
1653 2676 1874 2729 καταλι-

277 2764 459 2826 πόντες
477 2804 494 2823 ,
530 2763 868 2835 διδασκαλίᾳ
896 2764 1166 2834 βασκάνου
1192 2765 1442 2836 δαίμονος
1460 2808 1475 2832 ,
1511 2767 1603 2819 ἐπὶ
1635 2768 1733 2839 τὴν
1764 2768 1873 2822 τῶν

279 2854 347 2923 μὴ
378 2853 517 2906 θεῶν
556 2855 886 2927 ἐτράπησαν
919 2855 1234 2927 θρησκείαν.
1270 2857 1331 2909 Εἰ
1352 2857 1406 2910 δέ
1441 2876 1522 2921 τις
1554 2859 1709 2923 ὄκνος
1741 2860 1869 2930 ὑμῖν

168 2952 177 2963 ’
277 2944 472 3012 ἐνοχλεῖ
522 2944 775 3008 πίστεως
823 2946 1084 3017 περὶτῆς
1121 2946 1213 2999 τοῦ
1246 2947 1534 3019 ἀνθρώπου
1586 2950 1865 3015 πλάσεως,

275 3035 527 3107 πείσθητε
560 3037 815 3100 τούτοις,
850 3032 931 3100 οἷς
962 3037 1043 3090 ἔτι
1078 3040 1360 3110 προσέχειν
1400 3040 1577 3092 οἴεσθε
1610 3041 1739 3107 δεῖν,
1772 3048 1867 3096 καὶ

1981 1841 2158 1912 pretio
2181 1851 2286 1905 est,
2311 1839 2643 1903 eruditione;
2683 1838 2883 1894 omissa
2913 1840 3170 1908 deinceps
3195 1857 3554 1899 numerorum

1980 1941 2037 1986 et
2082 1931 2370 1985 verborum
2418 1927 2686 1996 exquisita
2720 1928 2967 1991 ratione,
3019 1928 3157 1981 citra
3184 1933 3585 1989 contentionis-

1980 2021 2215 2075 studium
2246 2020 2375 2089 quid
2430 2033 2459 2072 a
2507 2016 2714 2089 Sibylla
2765 2019 2979 2072 dicatur
3012 2018 3464 2091 animadvertite,
3498 2034 3554 2079 et

1977 2123 2179 2184 quanta
2211 2112 2366 2166 vobis
2395 2111 2622 2165 allatura
2656 2111 2728 2165 sit
2766 2112 2907 2166 bona
2928 2153 2944 2180 ,
2976 2110 3287 2181 perspicite,
3322 2114 3468 2171 clare
3498 2130 3554 2172 et
3578 2146 3587 2159 r-

1977 2214 2163 2273 aperte
2187 2202 2491 2259 Salvatoris
2515 2204 2686 2259 nostri
2713 2203 2839 2259 Jesu
2865 2204 3075 2261 Christi
3099 2211 3387 2265 adventum
3417 2226 3550 2280 pra-

1976 2297 2263 2363 nuntians;
2311 2299 2400 2367 qui
2445 2314 2567 2353 cum
2618 2300 2687 2352 sit
2730 2299 2821 2353 Dei
2855 2299 3114 2368 Verbum,
3146 2303 3351 2357 virtute
3375 2312 3430 2356 et
3458 2318 3549 2372 po-
3582 2338 3587 2341 ι

1974 2390 2141 2443 tentia
2172 2390 2241 2444 ab
2268 2406 2332 2444 eo
2362 2390 2748 2459 inseparabile,
2782 2392 3057 2447 hominem
3084 2394 3151 2447 ad
3179 2394 3467 2463 imaginem
3499 2403 3549 2449 et

1972 2480 2385 2535 similitudinem
2418 2481 2509 2536 Dei
2542 2492 2783 2537 creatum
2810 2498 3119 2550 assumens,
3150 2487 3428 2540 revocavit
3457 2501 3548 2540 no-

1971 2572 2054 2626 bis
2086 2572 2139 2625 in
2170 2575 2488 2628 memoriam
2523 2574 2828 2643 priscorum
2872 2586 3157 2643 parentum
3204 2577 3548 2645 religionem,

1970 2679 2075 2733 qua
2106 2664 2293 2720 relicta
2327 2680 2513 2720 eorum
2561 2668 2811 2735 posteri,
2838 2666 3004 2721 invidi
3037 2669 3298 2722 damonis
3330 2668 3548 2724 monitis

1972 2765 2026 2810 et
2058 2756 2308 2811 doctrina
2345 2761 2411 2812 ad
2438 2760 2588 2825 deos,
2622 2760 2713 2828 qui
2754 2759 2889 2813 nulli
2918 2773 3064 2825 sunt,
3096 2761 3352 2815 colendos
3380 2760 3547 2817 delle-

1969 2856 2187 2903 xerunt.
2215 2848 2321 2919 35
2350 2850 2404 2903 Si
2432 2866 2533 2919 qua
2562 2861 2742 2904 autem
2769 2850 2923 2905 vobis
2955 2853 3225 2920 obstrepit
3255 2853 3546 2921 dubitatio,

1970 2942 2264 3009 quominus
2295 2941 2454 2995 ﬁdem
2497 2941 2735 2996 hominis
2779 2944 3044 2998 creationi
3092 2943 3428 3008 adhibentis,
3479 2944 3546 2999 iis

1969 3034 2202 3096 credite,
2236 3048 2371 3102 quos
2415 3033 2589 3088 adhuc
2630 3034 2931 3089 audiendos
2979 3036 3216 3103 putatis,
3254 3044 3323 3090 et'
3351 3035 3545 3091 scitote

275 3128 433 3193 γνῶτε
458 3131 547 3180 ὅτι
576 3128 639 3180 τὸ
666 3130 801 3199 παρ’
824 3130 950 3197 ὑμῖν
974 3130 1321 3199 χρηστήριον,
1341 3129 1567 3193 ἀξιωθέν
1590 3132 1693 3185 ὑπό
1722 3150 1862 3195 τινος

1969 3125 2246 3179 oraculum
2283 3137 2542 3189 vestrum,
2576 3142 2696 3180 cum
2743 3143 2771 3181 a
2818 3129 3051 3197 quodam
3100 3137 3345 3198 rogatum
3375 3138 3545 3193 esset,

278 3220 427 3288 ῦμνον
462 3220 561 3272 τοῦ
610 3222 1060 3291 παντοκράτορος
1102 3221 1345 3274 ἐκδοῦναι
1390 3222 1558 3286 Θεοῦ,
1593 3222 1763 3287 οὕτως
1806 3227 1862 3278 έν

278 3310 415 3378 μέσῳ
448 3310 547 3362 τοῦ
584 3310 763 3381 ὕμνου
802 3311 907 3378 ἔφη
931 3329 942 3339 ’

277 3403 371 3465 Ὄς
401 3399 651 3469 πρῶτον
688 3400 937 3467 πλάσας
976 3400 1090 3470 (67)
1117 3403 1412 3470 μερόπων,
1452 3401 1625 3543 ﬁcii?
1659 3402 1724 3454 δὲ
1760 3419 1863 3456 κα-

1516 3514 1527 3525 .
1588 3489 1769 3539 acac.

1516 3489 1769 3539 .wmmq.

272 3561 369 3613 Καὶ
390 3562 583 3614 τοῦτον
608 3561 883 3625 σώζεσθαι
906 3562 997 3616 τὸν
1020 3564 1186 3633 ὕμνον
1207 3565 1352 3636 παρά
1376 3564 1586 3628 πολλοῖς
1605 3558 1679 3618 ὧν
1705 3566 1859 3634 ἴσμεν

274 3651 592 3720 συμϐαίνει,
646 3655 728 3715 εἰς
778 3652 998 3723 ἔλεγχον
1042 3654 1149 3706 τῶν
1190 3654 1261 3726 μὴ
1314 3654 1595 3708 πείθεσθαι
1639 3660 1702 3728 τῇ
1752 3660 1857 3711 ὑπὸ

270 3751 484 3802 πάντων
525 3752 958 3822 μαρτυρουμένη
995 3750 1220 3823 ἀληθείᾳ
1264 3752 1617 3823 βουλομένων.
1655 3755 1718 3807 Εἰ
1748 3756 1857 3808 τοί-

270 3858 375 3903 γαν,
404 3834 451 3893 ὦ
478 3842 683 3913 ἄνδρες
719 3842 1014 3913 Ἕλληνες,
1049 3842 1121 3913 μὴ
1156 3844 1549 3916 προτιμοτέραν
1569 3843 1678 3915 (68)
1712 3849 1858 3917 ἠγεῖ-

271 3931 355 3984 εθε
392 3935 495 4004 τῆς
758 3934 936 3987 αὐτῶν
986 3936 1258 4007 σωτηρίας
1306 3937 1405 4008 τὴν
1452 3938 1580 4009 περὶ
1624 3938 1730 3991 τῶν
1780 3938 1854 4010 μὴ

268 4026 425 4078 ὄντων
451 4026 595 4079 θεῶν
626 4028 800 4098 ψεώἧ
831 4029 1153 4096 φαντασίαν,
1184 4029 1461 4101 πείσθητε,
1485 4030 1673 4102 ὥσπερ
1695 4030 1849 4102 ἔφην,

269 4122 327 4186 τῇ
362 4120 707 4192 ἀρχαιοτάτῃ
750 4121 844 4172 καὶ
887 4120 1088 4191 σφόδρα
1125 4121 1329 4192 παλαιᾷ
1359 4122 1621 4196 Σιϐύλλῃ,
1656 4120 1724 4196 ἦς
1754 4123 1853 4187 τὰς

270 4207 475 4274 βίῶους
512 4210 573 4261 ἐν
608 4210 760 4279 πάσῃ
804 4211 869 4280 τῇ
904 4210 1195 4281 οἰκουμένῃ
1242 4211 1509 4277 σώζεσθαι
1539 4213 1847 4283 συμϐαίνει,

269 4298 387 4367 περὶ
436 4299 535 4367 μὲν
595 4298 707 4350 τῶν
748 4298 1057 4369 λεγομένων
1099 4300 1255 4364 θεῶν,
1300 4301 1375 4365 ὡς
1421 4303 1493 4373 μὴ
1522 4302 1711 4367 ὄντων,
1742 4303 1851 4357 ἀπό

265 4406 399 4451 τινος
449 4390 689 4460 δυνατῆς
740 4392 1023 4457 ἐπιπνοίας
1075 4393 1163 4446 διὰ
1207 4394 1469 4465 χρησμῶν
1514 4396 1660 4466 ἡμᾶς
1699 4396 1846 4450 διδα-

1969 3225 2025 3268 ιιι
2053 3216 2313 3285 hymnum
2348 3217 2400 3269 in
2432 3217 2600 3271 Deum
2637 3218 3068 3287 omnipotentem
3102 3220 3326 3282 ederet,
3360 3221 3437 3274 sic
3486 3221 3547 3273 in

1966 3310 2143 3363 medio
2176 3300 2375 3380 hymno
2403 3311 2605 3365 dixisse
2637 3330 2649 3363 :

2044 3400 2147 3465 Qui
2174 3404 2397 3471 primum
2423 3402 2696 3456 mortalem
2728 3403 2943 3471 efﬂuxit,
2979 3404 3249 3475 Adamque
3269 3409 3487 3463 vocavit.

1960 3563 2137 3629 Atque
2170 3574 2314 3613 nunc
2350 3560 2611 3630 hymnum
2660 3576 2699 3614 εκ
2739 3561 2925 3617 multis
2957 3577 3097 3633 quos
3139 3563 3391 3618 novimus
3419 3579 3535 3619 ser—

1960 3652 2076 3705 vari
2112 3652 2401 3719 contingit,
2438 3651 2507 3705 ad
2534 3665 2629 3706 eos
2655 3653 2991 3723 arguendos,
3035 3655 3128 3724 qui
3170 3654 3385 3709 veritati
3418 3671 3535 3709 om-

1960 3743 2108 3796 nium
2161 3741 2469 3796 testimonio
2512 3743 2848 3797 Confirmata
2886 3746 3143 3800 assentiri
3188 3747 3398 3802 nolunt.
3428 3740 3532 3803 lle-

1956 3843 2125 3889 stram
2156 3834 2327 3904 igitur
2362 3835 2618 3901 salutem,
2649 3851 2682 3890 o
2710 3834 2907 3903 Graci,
2949 3837 2993 3891 si
3025 3837 3163 3893 falso
3194 3840 3261 3893 de
3284 3839 3409 3904 diis,
3439 3842 3532 3910 qui

1956 3924 2093 3979 nulli
2119 3934 2267 3990 sunt,
2310 3935 2622 3982 commento
2655 3927 2926 3995 potiorem
2951 3929 3170 3995 ducitis,
3210 3931 3439 3996 credite,
3474 3941 3534 3987 ut

1948 4017 2060 4086 jam
2114 4019 2248 4083 dixi,
2293 4017 2512 4088 Sibylla
2562 4020 2961 4088 antiquissima
2998 4028 3056 4076 et
3102 4023 3531 4089 vetustissimae,

1955 4108 2109 4176 cujus
2137 4108 2259 4163 libri
2288 4123 2385 4178 per
2420 4117 2589 4163 totum
2629 4111 2819 4164 orbem
2865 4120 3177 4175 servantur,
3207 4128 3435 4183 quaque
3461 4127 3529 4168 ex

1952 4202 2156 4269 potenti
2188 4204 2426 4271 quodam
2480 4201 2679 4255 alllatu-
2720 4205 2853 4257 deos
2901 4204 2991 4272 qui
3040 4204 3320 4272 dicuntur,
3353 4207 3529 4262 nullos

1953 4308 2075 4348 esse
2108 4308 2203 4362 per
2231 4294 2449 4348 oracula
2475 4308 2573 4347 nos
2605 4294 2786 4359 docet,
2822 4310 2887 4349 ac
2918 4296 2985 4351 de
3015 4294 3199 4357 futuro
3226 4298 3529 4356 Salvatoris

1953 4384 2126 4440 nostri
2186 4382 2312 4438 Jesu
2356 4382 2561 4440 Christi
2619 4386 2855 4439 adventu
2884 4425 2900 4450 ,
2952 4402 3017 4441 ac
3065 4387 3228 4443 rebus
3274 4389 3527 4444 omnibus

270 4481 465 4551 710375
490 4497 502 4508 '
545 4481 680 4551 περὶ
703 4480 760 4531 δὲ
784 4480 883 4550 τῆς
912 4482 1004 4535 τοῦ
1037 4483 1285 4554 Σωτῆρος
1314 4484 1467 4555 ἡμῶν
1504 4484 1678 4557 Ἰησοῦ
1708 4487 1843 4557 Χρι-

1963 4492 2085 4546 quas
2116 4488 2367 4545 gesturus
2389 4488 2527 4546 erat,
2553 4481 2701 4535 clare
2732 4490 2787 4536 et
2813 4490 2998 4551 aperte
3030 4482 3381 4550 praenuntiat.
3404 4480 3525 4535 Erit

265 4572 385 4623 στοῦ
431 4572 740 4641 μελλούσης
783 4572 1001 4626 ἔσεσθαι
1045 4576 1378 4646 παρουσίας,
1419 4578 1668 4650 καὶπερὶ
1707 4579 1844 4633 πάν-

262 4678 365 4712 των
389 4662 498 4713 τῶν
538 4663 633 4714 ὑπ’
664 4662 841 4715 αὐτοῦ
876 4664 1119 4731 γίνεσθαι
1159 4666 1479 4736 μελλόντων,
1527 4669 1714 4737 σαφῶς
1750 4670 1845 4722 καὶ

264 4754 504 4825 φανερῶς
530 4753 645 4823 (69)
674 4756 1158 4827 προαναφωνούσῃ.
1184 4759 1375 4811 Ἔσται
1402 4758 1506 4830 γὰρ
1531 4759 1657 4829 ὑμῖν
1681 4762 1844 4827 ἀναγ-

328 4929 440 4998 (61)
478 4930 647 5004 ῥέε-τὰ
679 4931 1128 5004 τόᾑπεπαῦσθαι.
1163 4933 1294 5004 Reg.
1322 4935 1357 4988 '5
1387 4944 1440 4987 et
1470 4933 1710 4990 Clarom.
1750 4938 1839 4993 διὰ

261 4999 319 5050 τὸ
350 5000 693 5053 πεπαῦσθαι.
732 5000 825 5055 Sic
848 5003 1011 5054 etiam
1038 5006 1106 5056 ad
1134 4999 1340 5058 calc'em
1374 5004 1437 5057 Β.
1472 5004 1556 5058 St.

328 5069 437 5149 (b5)
492 5072 623 5123 Ταῖ’
651 5071 864 5140 αὐτῆς.
894 5071 961 5124 R.
992 5071 1075 5127 St.
1109 5074 1199 5126 ὑπ’
1222 5076 1423 5138 αὐτοῖς.
1449 5073 1676 5131 Codices
1703 5094 1835 5134 mss.

264 5150 317 5192 ut
346 5156 396 5191 tu
437 5150 614 5194 textu.

345 5209 435 5286 6§)
475 5210 851 5286 ᾉχῴριστος.
888 5211 1043 5286 Colb.
1065 5212 1382 5286 ἀχώρητος.

345 5283 433 5349 67)
474 5280 749 5348 Πλάσας.
794 5284 861 5335 Β.
896 5280 978 5336 St.
1012 5282 1078 5335 ad
1110 5280 1311 5339 calcem
1342 5286 1681 5350 ἀναπλάσας.

346 5352 433 5427 ξε)
608 5352 946 5427 τιμοτέρᾳν.
979 5352 1135 5406 Colb.
1169 5354 1600 5427 προθυμοτέρανκ

324 5422 433 5501 (Gil)
470 5425 757 5501 Καί-περὶ
792 5422 1130 5476 πάντων-η..
1162 5422 1371 5493 σαφῶς
1405 5422 1501 5479 καὶ
1540 5427 1830 5501 φανερῶς.

260 5490 327 5543 Et
372 5490 455 5546 bis
494 5490 881 5549 verbis'certo
930 5502 1174 5563 statuere
1214 5490 1833 5563 possumusfsi'niintis

261 5570 419 5635 totam
456 5564 714 5617 librorum
760 5562 1162 5635 Sibyllinorum
1195 5562 1623 5633 complexionem
1652 5607 1667 5631 ,
1696 5582 1826 5635 qua-

262 5629 353 5704 lein
395 5636 550 5689 hodie
589 5629 912 5696 habemus,
968 5631 1159 5684 saltem
1202 5649 1293 5690 eas
1321 5629 1531 5701 partes
1565 5629 1829 5704 ejusmodi

262 5699 524 5767 librorum,
552 5722 676 5775 qua
709 5706 931 5758 claram
965 5710 1022 5755 et
1052 5712 1288 5775 apertam
1328 5699 1535 5760 Christi
1564 5699 1830 5762 adventus

261 5781 304 5824 ot
324 5774 787 5833 omnittm’rerum
826 5776 901 5828 ab
928 5785 1001 5826 eo
1034 5774 1385 5837 gerendarum
1424 5777 1826 5843 praedictionem

1948 4570 2092 4623 enim
2114 4570 2268 4625 vobis
2298 4571 2492 4626 harum
2526 4588 2707 4627 rerum
2739 4572 3002 4642 cognitio,
3031 4575 3342 4627 necessaria
3373 4588 3524 4641 qua-

1946 4662 2068 4715 dam
2099 4663 2163 4716 ad
2178 4672 2491 4718 sanctorum
2512 4664 2791 4718 hominum
2806 4664 3068 4718 vaticinia
3096 4664 3516 4733 prameditatio.

1945 4756 2097 4823 Quod
2130 4760 2173 4811 si
2212 4758 2335 4826 quis
2366 4756 2434 4811 ab
2485 4757 2879 4826 antiquissimis
2923 4759 3064 4828 apud
3104 4772 3200 4813 eos
3235 4756 3520 4826 appellatis

1942 4936 2255 4999 continent,
2286 4935 2396 5003 jam
2440 4945 2587 5001 tum,
2634 4938 2911 4992 scribente
2943 4936 3190 5001 Justino,
3243 4937 3297 4991 in
3347 4953 3513 4993 unum

1942 5007 2105 5076 veluti
2133 5020 2331 5073 corpus
2362 5007 2615 5061 redactas
2643 5006 2832 5062 fuisse.
2867 5007 3013 5062 Nihil
3041 5024 3173 5062 sane
3202 5009 3517 5076 suspicatus

1939 5086 2025 5149 est
2050 5074 2319 5149 Justinus,
2363 5078 2607 5149 quamvis
2657 5093 2849 5149 omnes
2892 5078 3086 5132 horum
3119 5074 3385 5132 librorum
3418 5094 3516 5149 pa-

1941 5148 2080 5216 gina
2112 5145 2700 5218 fraudem’clamitent.
2750 5145 2856 5201 Sed
2904 5158 3086 5201 tamen
3118 5162 3223 5201 non
3252 5145 3515 5218 gravissi-

1940 5215 2087 5269 nium
2129 5215 2259 5268 mihi
2291 5217 2504 5270 videtur
2542 5216 2677 5272 illud
2718 5227 2985 5272 erratum.
3032 5215 3333 5284 Antequam
3365 5219 3510 5272 enim

1941 5286 2066 5340 libri
2103 5284 2357 5356 Sibyllini
2394 5287 2558 5356 otiosi,
2597 5288 2832 5341 hominis
2880 5303 3043 5341 manu
3085 5286 3511 5356 fabricarentur,

1939 5354 2249 5410 invaluerat
2276 5359 2413 5426 apud
2438 5355 2778 5428 Christianos
2799 5358 3045 5426 quadam
3073 5363 3139 5428 de
3171 5354 3375 5428 Sibylla
3399 5359 3513 5427 opi-

1938 5428 2053 5493 nio,
2086 5442 2208 5495 qua
2240 5436 2291 5479 et
2331 5427 2599 5481 artiﬁcem
2639 5428 2705 5479 ad
2751 5442 2888 5495 opus
2923 5427 3328 5496 suscipiendum
3375 5428 3508 5481 inci-

1942 5507 2087 5551 tasse
2115 5506 2169 5550 et
2203 5498 2351 5566 operi
2380 5498 2540 5550 [idem
2573 5505 2627 5549 et
2656 5498 3038 5551 auctoritatem
3070 5498 3285 5552 videtur
3318 5499 3507 5552 conci-

1936 5565 2122 5620 liasse.
2149 5565 2475 5620 iamdudum
2498 5567 2640 5619 enim
2674 5569 2961 5622 constabat
2992 5567 3189 5623 Christi
3213 5567 3505 5622 adventum

1936 5651 1965 5688 a
2004 5636 2205 5706 Sibylla
2232 5637 2547 5704 pradictum
2574 5634 2761 5698 fuisse,
2787 5638 2902 5691 sive
2933 5636 2985 5691 id
3021 5638 3118 5702 illi,
3149 5648 3207 5690 ut
3229 5636 3503 5702 Balaanio,

1936 5721 2253 5760 concessum
2295 5706 2458 5760 fuerit
2479 5745 2493 5764 ,
2522 5706 2637 5759 sive
2672 5716 2799 5761 tota.
2823 5721 2934 5771 res,
2974 5716 3034 5759 ιιι
3068 5708 3247 5761 multa
3278 5709 3416 5772 alia,
3438 5724 3505 5761 ex

1934 5775 2289 5832 Hebraeorum
2333 5776 2633 5832 traditione
2666 5776 2903 5833 ﬂuxerit.
2940 5778 3054 5833 Cur
3090 5779 3232 5832 enim
3272 5778 3503 5833 llermas
