3948 6256
339 391 439 446 δοἹ

1374 378 1433 437 S.
1470 377 1736 433 JUSTlNl
1771 372 2183 431 PilILOSOPllI
2217 371 2304 428 ET
2348 370 2708 426 MARTYRIS

3490 375 3600 431 508

338 505 521 572 aliqua
548 515 614 555 ex
649 506 805 569 parte
851 513 914 551 ex
963 497 1185 566 antiqua
1220 496 1426 567 Sibylla
1472 497 1683 549 discere
1705 537 1720 561 ,
1753 495 1905 565 cujus

2016 494 2079 545 ἐκ
2126 490 2324 560 μέρους
2358 489 2509 560 παρὰ
2539 489 2637 558 τῆς
2675 487 2909 550 παλαιᾶς
2942 485 3206 558 Σιϐύλλης
3239 486 3301 540 ἐκ
3333 504 3477 545 τινος
3505 487 3601 540 δυ-

338 592 600 648 vaticinia
631 607 697 647 ex
728 592 934 659 potenti
985 588 1169 642 aﬂlatu
1218 589 1362 643 edita
1415 588 1481 641 ad
1524 588 1910 656 prophetarum

336 682 647 737 doctrinam
673 696 841 751 prope
866 679 1128 733 accedere
1153 679 1426 731 videntur.
1460 676 1607 730 Hanc
1641 675 1912 746 Babylone

336 783 514 828 ortam
538 773 752 835 dicunt,
793 770 981 826 Berosi
1010 769 1315 825 Cbaldaica:
1355 769 1600 823 historiae
1629 767 1911 835 scriptoris

338 866 546 933 ﬁliam;
572 876 628 919 et
652 880 776 920 cum
810 863 864 917 in
893 862 1204 931 Campania:
1241 876 1371 916 oras
1396 861 1573 915 delata
1599 860 1782 913 nescio
1805 873 1911 929 quo

338 969 498 1027 pacto
540 948 769 1021 fuisset,
816 956 887 1010 ibi
940 954 1158 1011 oracula
1198 955 1434 1010 edidisse
1484 954 1537 1007 in
1586 954 1739 1019 urbe,
1790 966 1910 1020 qua:

336 1047 522 1101 Cumae
547 1046 767 1113 dicitur,
796 1045 963 1110 Baiis,
1005 1044 1094 1099 ubi
1147 1053 1274 1098 sunt
1321 1043 1572 1099 Thermas
1598 1042 1908 1111 Campanie,

337 1152 433 1191 sex
482 1136 750 1206 lapidibus
789 1136 1019 1190 distans.
1071 1133 1339 1198 Vidimus,
1363 1148 1485 1188 cum
1532 1133 1584 1187 in
1627 1133 1732 1186 hac
1777 1132 1912 1185 urbe

266 1290 278 1303 _
337 1243 607 1293 essemus,
638 1228 811 1283 locum
844 1227 1160 1295 quemdam,
1196 1226 1285 1280 ubi
1329 1226 1585 1279 sacellum
1616 1223 1909 1278 maximum

335 1337 404 1377 ex
430 1337 536 1375 uno
564 1335 693 1375 saxo
717 1319 961 1375 excisum
1005 1319 1412 1388 conspeximus,
1448 1332 1563 1371 rem
1601 1332 1731 1371 sane
1772 1332 1913 1386 prae-

335 1413 693 1469 clarissimam
730 1413 961 1469 etomni
990 1412 1356 1467 admiratione
1395 1410 1610 1480 dignam
1634 1426 1661 1475 ;ν
1686 1410 1761 1465 ibi
1811 1424 1906 1464 sua

334 1505 482 1560 illam
514 1506 738 1560 oracula
762 1505 998 1560 edidisse
1025 1505 1349 1569 narrabant,
1383 1503 1470 1571 qui
1500 1503 1613 1556 haec
1632 1517 1658 1555 a
1683 1502 1908 1572 majori-

332 1595 455 1657 bus,
486 1604 545 1649 ut
570 1595 758 1663 patria:
786 1610 897 1649 sum
913 1594 1022 1666 34
1039 1594 1255 1663 propria
1270 1603 1615 1663 acceperant.
1647 1593 1704 1646 ln
1733 1593 1911 1647 medio

335 1697 516 1740 autem
539 1686 740 1742 sacello
760 1688 1138 1741 monstrabant
1164 1686 1320 1741 nobis
1345 1687 1446 1740 tria
1474 1686 1816 1755 receptacula
1842 1702 1909 1741 ex

333 1778 525 1832 eodem
552 1780 736 1834 excisa
760 1792 915 1843 saxo,
945 1777 1143 1847 quibus
1173 1792 1313 1846 aqua
1339 1777 1560 1847 repletis
1585 1777 1766 1833 lavare
1789 1792 1908 1832 eam

334 1870 612 1935 dicebant,
644 1881 698 1925 et
732 1886 855 1925 cum
885 1880 1092 1925 vestem
1134 1870 1520 1937 resumpsisset
1565 1871 1617 1924 in
1662 1869 1909 1923 intimam

338 1958 527 2013 sacelli
556 1960 725 2014 aedem
758 1960 1016 2013 secedere
1035 1998 1050 2023 ,
1084 1974 1147 2012 ex
1176 1959 1366 2012 eodem
1393 1974 1527 2013 saxo
1556 1957 1818 2023 excisam,
1849 1974 1912 2012 ac

334 2050 392 2104 in
417 2052 598 2106 medio
619 2050 751 2106 sedis
773 2052 1050 2107 sedentem
1076 2050 1292 2105 excelso
1315 2051 1471 2116 solio,
1501 2052 1578 2105 sic
1601 2051 1909 2105 vaticinari.

333 2140 508 2210 Hujus
543 2143 782 2213 sibyllm,
817 2152 874 2196 ut
918 2145 1093 2207 vatis,
1124 2158 1248 2197 cum
1289 2141 1443 2197 multi
1476 2143 1566 2196 alii
1614 2144 1911 2212 scriptores

332 2234 653 2301 meminere,
684 2245 795 2289 tum
820 2235 984 2289 etiam
1017 2234 1171 2289 Plato
1200 2235 1251 2290 in
1283 2234 1532 2288 Phwdro.
1562 2233 1786 2290 Videtur
1815 2252 1910 2289 au-

330 2338 443 2383 tem
477 2330 641 2393 mihi,
666 2344 787 2384 cum
837 2330 890 2383 in
936 2329 1080 2383 illius
1124 2329 1382 2383 vaticinia
1416 2328 1721 2392 incidisset,
1760 2336 1911 2382 vates

332 2434 435 2490 pro
460 2421 657 2475 divinis
690 2420 1002 2475 hominibus
1027 2421 1304 2475 habuisse.
1336 2420 1569 2476 Videbat
1602 2421 1744 2475 enim
1789 2436 1909 2488 qua:

332 2511 400 2565 ab
427 2511 514 2565 illa
553 2511 680 2567 olim
723 2512 979 2579 praedicta
1024 2510 1281 2577 fuerant,
1320 2527 1484 2582 opere
1530 2512 1823 2581 compleri;
1852 2521 1909 2566 et

330 2602 538 2657 idcirco
560 2602 836 2657 admirans
862 2604 916 2656 in
950 2602 1177 2657 Menone
1216 2618 1280 2657 ac
1321 2604 1539 2658 totidem
1572 2604 1752 2658 verbis
1774 2604 1903 2657 eil‘e-

330 2709 460 2749 rens
488 2705 665 2760 vates,
704 2696 779 2749 ita
821 2695 1054 2750 scribit:
1092 2712 1111 2745 ι
1142 2695 1313 2751 Recte
1358 2711 1490 2751 sane
1530 2696 1743 2750 divinos
1787 2695 1905 2750 illos

329 2802 609 2852 vocemus,
646 2803 787 2858 quos
814 2804 956 2843 nunc
994 2786 1331 2858 appellamus
1358 2799 1530 2843 vates.
1561 2787 1677 2843 Non
1712 2791 1903 2844 imme-

330 2880 439 2935 rito
466 2880 763 2935 dixerimus
788 2882 1000 2936 divinos
1028 2880 1152 2935 illos
1176 2896 1319 2946 esse,
1339 2891 1393 2935 et
1416 2880 1674 2935 divinitus
1698 2881 1905 2937 aillatos

331 2984 389 3027 et
432 2988 461 3025 a
500 2973 611 3027 Deo
652 2983 972 3042 correptos,
1022 2989 1146 3028 cum
1201 2989 1461 3043 prospere
1514 2975 1903 3038 vaticinantnr,

330 3066 499 3119 multa
544 3075 599 3119 et
648 3081 842 3136 magna
894 3066 1172 3130 dicentes,
1218 3082 1320 3120 nec
1372 3066 1670 3135 quidquam
1714 3082 1902 3121 eorum

330 3170 452 3225 qua:
481 3155 667 3209 dicunt
698 3155 1080 3224 intelligentes.
1122 3176 1139 3208 ι
1174 3156 1273 3211 ilic
1303 3156 1589 3211 manifeste
1618 3164 1674 3212 et
1717 3167 1903 3224 aperte
1931 3189 1972 3246 ρ

331 3249 399 3301 ad
422 3246 626 3320 sibyllae
656 3249 889 3318 respicit
918 3264 1131 3304 versus.
1163 3249 1283 3318 Ipsa
1310 3248 1477 3311 enim,
1506 3263 1613 3302 non
1644 3258 1701 3302 ut
1730 3259 1904 3319 poetae

330 3349 453 3408 post
496 3340 700 3410 scripta
749 3342 1028 3408 carmina,
1075 3341 1388 3397 facultatem
1437 3342 1671 3397 habebat
1713 3357 1903 3397 emen—

332 3432 495 3486 dandi
527 3444 582 3487 et
620 3432 864 3500 limandi,
904 3432 959 3487 in
990 3434 1073 3487 his
1113 3434 1414 3503 praesertim
1445 3448 1564 3502 qua:
1593 3434 1660 3487 ad
1688 3447 1908 3487 accura-

333 3537 453 3579 tam
480 3540 833 3580 numerorum
866 3526 1037 3596 legem
1081 3527 1377 3596 pertinent.
1424 3525 1530 3581 Sed
1568 3526 1623 3580 in
1672 3525 1790 3596 ipso
1821 3524 1906 3577 af-

331 3617 492 3673 ﬂatus
537 3618 767 3673 articulo
817 3620 957 3673 vatis
1005 3634 1228 3673 munere
1252 3619 1611 3689 fungebatur;
1667 3634 1729 3673 ac
1765 3618 1907 3672 desi-

334 3718 496 3763 nente
523 3707 704 3763 aﬂlatu
740 3710 1025 3765 desinebat
1066 3711 1337 3764 dictorum
1372 3711 1699 3765 recordatio.
1733 3711 1907 3778 Atque

334 3805 451 3857 haec
479 3818 611 3857 sane
650 3804 859 3857 exstitit
900 3817 1063 3858 causa
1089 3842 1105 3867 ,
1152 3818 1251 3857 cur
1305 3818 1411 3857 non
1464 3818 1651 3857 omnes
1692 3803 1905 3856 muneri

331 3912 590 3953 versuum
618 3896 824 3967 sibyllae
846 3905 1219 3952 servarentur.
1256 3896 1312 3950 ld
1344 3896 1511 3961 enim,
1542 3911 1663 3949 cum
1707 3896 1758 3949 in
1801 3897 1906 3950 hac

332 3988 468 4044 urbe
529 4004 810 4054 essemus,
867 4005 896 4042 a
959 3990 1372 4058 perductoribus
1419 3989 1751 4054 didicimus,
1812 3989 1906 4057 qui

333 4090 396 4135 et.
446 4081 590 4145 loca,
631 4082 687 4136 in
735 4082 933 4150 quibus
980 4081 1403 4146 vaticinabatur,
1444 4082 1599 4136 nobis
1637 4091 1906 4138 monstra-

336 4184 487 4238 runt,
520 4184 575 4228 et
615 4172 849 4229 loculum
875 4174 1163 4243 quemdam
1188 4189 1254 4229 et
1282 4188 1391 4228 mre
1418 4184 1813 4239 constructum,
1852 4175 1903 4228 in

332 4281 445 4333 quo
475 4264 591 4332 ejus
637 4265 895 4334 reliquias
943 4264 1215 4319 asservari
1268 4264 1541 4319 dicebant.
1579 4263 1712 4316 Illud
1742 4264 1905 4319 etiam

334 4360 483 4414 inter
510 4358 641 4424 alia,
675 4368 734 4411 ut
770 4373 800 4410 a
834 4357 1127 4424 majoribus
1154 4366 1436 4425 acceptum
1467 4357 1908 4420 narrabant,eos

331 4450 425 4518 qui
452 4460 582 4504 tunc
609 4449 831 4504 oracula
863 4449 1233 4517 excipiebant,
1266 4465 1386 4503 eum
1416 4447 1677 4502 illitterati
1702 4458 1903 4512 essent,

2014 585 2180 655 νατῆς
2204 584 2313 655 (55)
2342 583 2626 645 ἐπιπνοίας
2646 581 2732 636 διὰ
2756 581 3020 653 χρησμῶν
3047 583 3191 652 ὑμᾶς
3214 582 3598 655 διδασκούσης,

2017 677 2309 748 μανθάνειν
2362 675 2514 730 ταῦθ’
2570 675 2714 746 ἅπερ
2760 675 2930 743 ἐγγὺς
2960 669 3105 727 εἶναι
3132 673 3279 727 δοκεῖ
3336 675 3434 746 τῆς
3484 675 3600 729 τῶν

2014 768 2307 841 προφητῶν
2333 767 2702 830 διδασκαλίας.
2731 765 2946 835 Ταύτην
2972 766 3030 818 δὲ
3055 769 3120 819 ἐκ
3155 767 3251 836 μὲν
3276 766 3600 831 Βαϐυλῶνος

2014 860 2304 936 ὡρμῆσθαί
2339 856 2508 929 φασι,
2549 856 2845 929 Βηρώσσου
2878 856 2990 926 (54)
3026 855 3120 909 τοῦ
3154 856 3252 927 τὴν
3284 856 3599 928 Χαλδαῖκὴν

2017 955 2259 1026 ἱστορίαν
2289 952 2596 1025 γράψαντος
2629 949 2905 1022 θυγατέρα
2942 945 3107 1003 οὖσαν
3138 950 3249 1020 (55)
3275 967 3288 981 ’
3325 953 3404 1013 είς
3434 951 3492 1003 δὲ
3524 950 3598 1004 τὰ

2017 1046 2158 1118 μέρη
2207 1047 2305 1117 τῆς
2338 1043 2669 1115 Καμπανίας
2697 1043 2797 1095 οὐκ
2839 1037 2933 1094 οἷδ’
2963 1043 3113 1105 ὅπως
3148 1042 3441 1106 διαϐᾶσαν,
3476 1044 3602 1094 ἐκεῖ

2012 1139 2137 1201 τοὺς
2163 1138 2442 1210 χρησμοὺς
2474 1132 2816 1205 ἐξαγορεύειν
2846 1132 2902 1185 ἐν
2934 1150 3039 1186 τινι
3073 1132 3443 1203 Κουμᾷούτω
3485 1149 3595 1187 κα-

2012 1233 2248 1304 λουμένῃ
2300 1232 2489 1295 πόλει,
2527 1230 2587 1296 ἐξ
2631 1230 2877 1302 σημείοις
2905 1229 3017 1301 (56)
3067 1228 3341 1300 διεστώσῃν
3377 1229 3595 1296 Βαῒων,

2013 1324 2140 1378 ἔνθα
2196 1330 2263 1377 τὰ
2317 1322 2497 1395 θερμὰ
2542 1322 2643 1393 τῆς
2696 1321 3031 1392 Καμπανίας
3086 1316 3224 1374 εἶναι
3279 1320 3593 1391 συμϐαίνει.

2024 1415 2400 1487 Ἐθεασάμεθα
2433 1415 2488 1468 δὲ
2522 1417 2580 1468 ἐν
2612 1417 2678 1485 τῇ
2718 1412 2870 1466 πόλει
2912 1413 3189 1483 γενόμενοι
3220 1413 3311 1465 καί
3340 1431 3459 1465 τινα
3498 1415 3598 1466 τό-

2012 1526 2142 1572 πον,
2189 1511 2246 1562 ἐν
2286 1500 2330 1575 ᾧ
2364 1507 2643 1579 βασιλικὴν
2667 1507 2777 1577 (57)
2817 1507 3079 1577 μεγίστην
3116 1505 3176 1569 ἐξ
3214 1505 3333 1568 ἐνὸς
3360 1505 3594 1575 ἐξεσμέ-

2014 1622 2109 1676 νην
2136 1602 2245 1673 (58)
2302 1602 2448 1655 λίθου
2477 1602 2742 1671 ἔγνωμεν,
2769 1603 3000 1673 πρᾶγμα
3030 1599 3304 1670 μέγιστον,
3335 1600 3429 1652 acati.
3454 1616 3598 1651 παν-

2012 1696 2102 1758 τὸς
2130 1694 2406 1764 θαύματος
2423 1692 2589 1756 ἄξιοψ
2615 1691 2743 1745 ἔνθα.
2766 1692 2891 1754 τοὺς
2920 1692 3201 1762 χρησμοὺς
3223 1690 3389 1761 αὐτὴν
3418 1692 3601 1759 ἀπαγ-

2012 1786 2221 1854 γέλλειν
2263 1787 2311 1837 οἱ
2357 1785 2433 1848 ὡς
2480 1786 2548 1839 τὰ
2599 1783 2805 1856 πάτρια
2836 1784 2946 1855 (59)
2994 1782 3390 1855 παρειληφότες
3440 1784 3597 1855 παρὰ

2013 1878 2120 1931 τῶν
2163 1877 2370 1931 ἑαυτῶν
2426 1878 2707 1950 προγόνων
2754 1876 3011 1945 ἔφασκον.
3061 1877 3149 1929 Ἐν
3196 1875 3344 1946 μέσῳ
3388 1874 3443 1928 δὲ
3491 1878 3598 1947 τῆς

2015 1968 2301 2039 βασιλικῆς
2335 1968 2677 2021 ἐπεδείκνυον
2717 1968 2847 2037 ἡμῖν
2877 1970 3028 2038 τρεῖς
3053 1966 3358 2037 δεξαμενὰς
3391 1967 3455 2018 ἐκ
3495 1967 3594 2018 τοῦ

2012 2062 2173 2115 αὑτοῦ
2198 2060 2490 2131 ἐξεσμένας
2515 2060 2661 2113 λίθου
2685 2060 2826 2131 (60)·
2855 2054 2931 2113 ὦν
2958 2060 3345 2133 πληρουμένων
3374 2059 3594 2122 ὓδατος,

2011 2153 2264 2207 λούεσθαι
2314 2152 2483 2223 αὐτὴν
2527 2155 2585 2205 ἐν
2629 2153 2819 2214 αὐταῖς
2852 2152 3057 2220 ἔλεγον,
3102 2153 3195 2205 καὶ
3235 2151 3424 2223 στολὴν
3457 2153 3589 2204 ἁνα-

2010 2245 2422 2316 λαμϐάνουσαν,
2458 2245 2537 2306 είς
2582 2243 2673 2296 τὸν
2721 2244 3001 2297 ἐνδότατον
3036 2241 3146 2313 (61)
3178 2244 3275 2314 τῆς
3309 2242 3597 2313 βασιλικῆς

2012 2336 2217 2407 βαδίζει
2248 2332 2395 2389 οἷκον
2428 2337 2494 2387 ἐκ
2530 2335 2622 2388 τοῦ
2657 2336 2822 2389 αὐτοῦ
2867 2336 3156 2407 ἐξεσμένον
3189 2336 3335 2389 λίθου
3356 2353 3369 2365 ’
3408 2336 3501 2388 καὶ
3533 2338 3595 2388 ἐν

2014 2427 2163 2497 μέσῳ
2192 2426 2283 2479 τοῦ
2316 2425 2465 2479 οἴκου
2497 2424 2607 2496 (62)
2642 2426 3013 2498 καθεζομένην
3047 2426 3138 2480 ἐπὶ
3173 2427 3377 2499 ὑψηλοῦ
3413 2427 3596 2496 βήμα-

2009 2538 2098 2583 τος
2141 2520 2234 2573 καὶ
2282 2520 2512 2593 θρόνου,
2567 2520 2709 2574 οὕτω
2750 2522 2874 2585 τοὺς
2915 2523 3192 2594 χρησμοὺς
3226 2522 3595 2593 ἐξαγορεύειν.

2009 2612 2226 2683 Ταύτης
2242 2612 2299 2664 δέ
2320 2612 2416 2682 τῆς
2433 2611 2693 2683 Σιϐύλλης
2717 2613 2792 2675 ὡς
2819 2612 3143 2685 χρησμῳδοῦ
3163 2613 3345 2665 πολλοὶ
3375 2614 3472 2683 μὲν
3495 2614 3594 2667 καί

2010 2701 2160 2754 ἄλλοι
2189 2701 2294 2755 τῶν
2319 2701 2689 2773 συγγραφέων,
2711 2704 3036 2774 μέμνηνται,
3071 2704 3165 2757 κα)⁵
3188 2704 3409 2756 Πλάτων
3433 2707 3489 2757 ἐν
3511 2704 3594 2776 τῷ

2008 2792 2258 2860 Φαίδρῳ.
2293 2794 2447 2846 Δοκεῖ
2471 2792 2527 2845 δέ
2564 2811 2651 2864 μοι
2682 2798 2793 2857 τοῖς
2817 2795 3019 2865 ταύτης
3056 2798 3321 2866 χρησμοῖς
3351 2796 3592 2865 ἐντυχὼν

2010 2883 2038 2934 ό
2075 2880 2321 2945 Πλάτων,
2358 2884 2481 2945 τοὺς
2522 2884 2877 2953 χρησμῳδοὺς
2906 2884 3226 2950 ἐκθειάζειν.
3272 2887 3446 2956 Ἐώρα
3478 2888 3592 2958 γὰρ

2008 2974 2073 3027 τὰ
2097 2974 2189 3026 ὑπ’
2213 2973 2382 3043 αὐτῆς
2410 2972 2577 3026 πάλαι
2601 2975 2971 3045 προειρημένα
2998 2975 3179 3048 ἔργοις
3204 2976 3553 3049 πληρούμενα
3572 2996 3585 3008 ·

2010 3066 2103 3117 καὶ
2132 3066 2220 3118 διὰ
2254 3065 2410 3118 τοῦτο
2458 3064 2743 3135 θαυμάσας
2777 3068 2835 3118 ἐν
2869 3066 2945 3138 τῶ
2979 3067 3117 3139 πρὸς
3148 3069 3378 3121 Μένωνα
3406 3069 3590 3140 λόγῳ,

2008 3158 2197 3221 αὑταῖς
2228 3157 2433 3221 λέξεσιν
2467 3155 2704 3211 ἐπαινῶν
2738 3158 2862 3220 τοὺς
2895 3158 3253 3230 χρησμῳδοὺς
3277 3201 3291 3224 ,
3318 3160 3461 3213 οὕτω
3499 3163 3594 3229 γέ-

2006 3266 2216 3321 γραφεν
2239 3268 2251 3280 ·
2284 3270 2300 3299 ι
2338 3248 2543 3320 Ὀρθῶς
2569 3249 2677 3321 ἄρα
2702 3247 2769 3302 ἂν
2796 3249 3053 3320 καλοῖμεν
3078 3250 3257 3315 θείους
3279 3269 3337 3303 τε
3367 3252 3589 3317 αὐτοὺς,

2006 3344 2099 3408 οὓς
2145 3344 2209 3415 δὴ
2266 3344 2360 3396 νῦν
2403 3344 2633 3414 λέγομεν
2684 3343 3064 3415 χρησμῳδούς.
3108 3346 3219 3415 Οὐχ
3252 3346 3589 3415 summa)

2008 3440 2207 3508 φαῖμεν
2244 3436 2308 3490 ἂν
2341 3435 2561 3500 τούτους
2594 3434 2770 3499 θείους
2804 3431 2939 3488 εἶναι
2967 3436 3061 3490 καὶ
3089 3436 3453 3501 ἐνθουσιάζειν
3476 3438 3593 3490 ἐπί-

2008 3543 2171 3589 πνους
2216 3525 2407 3589 δντας,
2458 3525 2553 3579 καὶ
2585 3525 2983 3595 κατεχομένους
3018 3529 3082 3579 ἐκ
3112 3526 3205 3578 τοῦ
3242 3526 3375 3579 Θεοῦ
3397 3568 3410 3589 ,
3459 3527 3590 3579 ὅταν

2008 3619 2315 3690 κατορθῶσι
2355 3620 2602 3688 λέγοντες
2637 3618 2807 3673 πολλὰ
2855 3620 2949 3673 καὶ
3000 3620 3210 3691 μεγάλα
3246 3621 3587 3692 πράγματα,

2011 3713 2173 3784 μηδὲν
2198 3713 2398 3776 εἰδότες
2427 3705 2501 3765 ὧν
2530 3711 2782 3779 λέγουσι·
2817 3731 2835 3762 ι
2876 3712 3061 3781 σαφῶς
3100 3715 3193 3766 καὶ
3228 3712 3475 3785 φανερῶς
3508 3716 3590 3777 είς

2006 3807 2131 3869 τοὺς
2179 3804 2439 3875 Σιϐύλλης
2500 3803 2720 3876 ἀφορῶν
2772 3805 3070 3877 χρησμούς.
3122 3806 3268 3876 Αὕτη
3307 3806 3435 3877 γὰρ,
3486 3806 3589 3877 οὐχ

2010 3895 2198 3967 ὥσπερ
2230 3898 2280 3949 οί
2314 3896 2555 3966 ποιηταὶ,
2593 3896 2687 3949 καὶ
2724 3896 2859 3966 μετὰ
2890 3897 2949 3949 το
2970 3897 3257 3966 γράψαιτὰ
3284 3897 3586 3966 ποιήματα,

2009 3982 2152 4056 εἶχεν
2189 3986 2434 4050 ἐξουσίαν
2465 3986 2809 4058 διορθοῦσθαι
2841 3988 2934 4040 καὶ
2969 3988 3202 4053 ἐπιξέειν
3238 3987 3471 4058 μάλιστα
3497 3988 3588 4040 διὰ

2008 4079 2104 4150 τὴν
2138 4078 2244 4132 τῶν
2281 4080 2490 4151 μέτρων
2516 4078 2796 4151 ἀκρίϐειαν
2822 4097 2834 4109 ⁸
2870 4080 2983 4133 ἀλλ’
3015 4083 3071 4133 ἐν
3105 4080 3202 4150 μὲν
3234 4079 3311 4150 τῷ
3344 4080 3443 4149 τῆς
3474 4082 3589 4131 ἐπι-

2009 4171 2201 4234 πνοίας
2230 4170 2405 4243 καιρῷ
2428 4210 2443 4234 ,
2477 4171 2543 4224 τὰ
2568 4173 2663 4242 τῆς
2698 4172 3031 4244 προφητείας
3070 4173 3337 4245 ἐπλήρου·
3379 4190 3588 4226 παυσα-

2013 4266 2177 4335 μένης
2210 4264 2264 4317 δὲ
2298 4264 2394 4334 τῆς
2427 4265 2710 4328 ἐπιπνοίας
2735 4306 2748 4329 ,
2784 4266 3060 4318 ἐπέπαυτο
3094 4266 3187 4319 καὶ
3220 4269 3253 4335 ἡ
3288 4264 3395 4318 τῶν
3428 4266 3587 4337 εἰρηρ

2013 4359 2187 4427 μένων
2237 4358 2442 4427 μνήμη.
2490 4356 2646 4409 Τοῦτ’
2679 4354 2771 4410 οὖν
2805 4358 2975 4411 αἴτιον
3025 4357 3118 4410 τοῦ
3170 4358 3243 4428 μὴ
3292 4358 3470 4409 πάντα
3520 4358 3587 4410 τὰ

2015 4446 2189 4519 μέτρα
2210 4446 2316 4500 τῶν
2352 4446 2498 4500 ἐπῶν
2531 4447 2630 4517 τῆς
2661 4447 2924 4519 Σιϐύλλης
2948 4446 3235 4512 σώζεσθαι.
3264 4446 3425 4499 Αὐτοὶ
3451 4448 3585 4517 γὰρ,

331 4556 476 4609 saepe
518 4542 586 4595 ab
626 4551 884 4595 accurata
930 4556 1278 4594 numerorum
1314 4540 1697 4595 observatione
1737 4540 1898 4593 aber-

2016 4542 2068 4591 ἐν
2114 4542 2179 4609 τῇ
2234 4539 2383 4591 πόλει
2434 4540 2746 4609 γενόμενοι,
2784 4541 2934 4611 παρὰ
2966 4539 3071 4591 τῶν
3106 4537 3453 4610 περιηγητῶν
3491 4555 3590 4606 με-

332 4645 506 4686 rasse.
535 4630 712 4699 Atque
744 4631 796 4685 id
830 4646 1010 4686 causa:
1048 4646 1169 4685 esse
1212 4630 1485 4696 dicebant,
1516 4646 1615 4684 cur
1641 4644 1903 4684 numerus

403 4768 521 4837 (5'5)
559 4768 851 4837 Δυνατῆς.
882 4767 1040 4823 Deest
1068 4769 1119 4821 in
1147 4768 1299 4823 Colb.
1333 4766 1450 4821 Mox
1481 4766 1769 4839 μανθάνειν
1794 4781 1905 4821 me~

331 4840 439 4892 lius
464 4849 759 4907 poneretur
786 4848 910 4893 ante
938 4839 1002 4891 ἐκ
1033 4857 1197 4902 τινος.

405 4910 521 4980 (54)
564 4910 767 4978 Sibylla
800 4909 985 4963 Berosi
1011 4909 1587 4980 (lhaldaicmhistorize
1615 4908 1906 4980 scriptoris

330 4976 442 5034 ﬁlia
465 4976 687 5035 dicitur.
735 4980 1018 5032 Statuerat
1047 4976 1280 5031 Grabius
1306 4977 1577 5032 Justinum
1634 4996 1665 5031 a
1712 4976 1905 5046 frivola

331 5054 684 5104 recentiorum
732 5050 1036 5103 criticorum
1082 5050 1415 5101 accusatione
1463 5048 1766 5111 vindicare,
1808 5050 1902 5103 sed

330 5135 447 5175 rem
473 5120 584 5189 jam
619 5131 795 5175 actam
818 5132 943 5189 esse
975 5117 1180 5171 indicat
1217 5135 1247 5171 a
1290 5119 1353 5173 (Ξ.
1400 5118 1450 5173 J.
1504 5118 1695 5172 Vossio
1724 5122 1775 5171 in
1805 5118 1901 5173 lib.

330 5207 348 5245 l
385 5186 760 5245 De'hisloricis
804 5186 1027 5244 Crwcis.
1057 5204 1175 5256 cap.
1222 5192 1271 5245 1.
1318 5189 1484 5242 l’aulo
1518 5200 1643 5243 ante
1678 5189 1808 5242 illttd
1842 5188 1906 5244 ἐκ

329 5278 475 5324 τινος
506 5262 737 5331 δυνατῆς
778 5258 1063 5319 ἐπιπνοίας
1094 5270 1257 5321 verte,
1315 5272 1373 5313 ut
1408 5260 1574 5325 inira,
1611 5275 1673 5313 ex
1704 5261 1906 5328 potenti

329 5336 561 5403 qupde
592 5334 790 5403 afﬂatu.

432 5401 522 5469 55)
564 5395 919 5470 Biipcbo'o'ov.
945 5401 1303 5471 ...θυγατέρα
1346 5395 1561 5455 οὖσαν.
1590 5399 1644 5453 ld
1674 5400 1905 5454 Persica:

333 5470 559 5542 Sibyllae
595 5475 775 5539 aptius
815 5470 1129 5536 convenire,
1179 5487 1235 5524 ut
1277 5473 1384 5542 lilia
1428 5474 1611 5526 Berosi
1656 5474 1900 5535 dicatur,

332 5541 592 5597 observat
620 5543 856 5598 Gallteus
894 5561 943 5599 (τ.
979 5544 1014 5596 2
1042 5545 1115 5596 De
1138 5541 1325 5612 Sibyll.

408 5614 522 5681 (56)
561 5616 854 5682 Σημείοις.
898 5616 963 5668 Il.
1006 5616 1088 5668 St.
1137 5617 1202 5667 ad
1236 5610 1451 5669 calcem
1498 5612 1757 5683 σημείων.
1811 5610 1902 5665 Sic

334 5686 498 5737 etiam
530 5687 581 5737 iu
616 5696 765 5739 textu
796 5685 951 5740 Colb.

406 5755 518 5823 (57)
558 5756 913 5821 Βασιλικήν.
936 5759 1074 5809 Ante
1107 5756 1243 5809 hanc
1275 5768 1462 5808 vocem
1499 5753 1567 5808 ll.
1592 5751 1672 5806 St.
1697 5752 1901 5823 adcal-

335 5839 453 5880 cem
482 5822 535 5881 et
564 5826 695 5895 lleg.
727 5826 759 5879 3
790 5838 841 5881 et
872 5826 1109 5880 Clarom.
1147 5826 1348 5879 habent
1374 5826 1439 5878 ad
1467 5839 1639 5893 marg.
1670 5822 1863 5876 οἰκίαν.

2012 4630 2358 4703 μαθήκαμεν,
2396 4630 2503 4682 τῶν
2537 4630 2629 4683 καὶ
2665 4632 2787 4693 τοὺς
2820 4632 3015 4693 τόπους
3039 4633 3097 4682 ἐν
3129 4624 3209 4692 οἷς
3244 4627 3587 4699 ἐχρησμῴδει

2080 4765 2578 4836 (58)Ὲξεσμένην.
2602 4762 2863 4836 Similiter
2886 4764 3142 4833 Virgilius
3160 4763 3252 4836 lili.
3270 4779 3319 4815 v:
3340 4761 3583 4814 .‘Eurid;

2081 4834 2335 4889 Excisum
2371 4836 2617 4888 Euboica:
2642 4834 2779 4887 latus
2808 4835 2987 4903 ingens
3021 4838 3168 4899 rupis
3196 4835 3248 4884 in
3276 4845 3512 4888 antrum.

2081 4907 2195 4976 (59)
2233 4905 2311 4958 Τὰ
2345 4904 2580 4976 πάτρια.
2614 4905 2773 4976 Deest
2800 4905 3065 4958 articulus
3096 4906 3147 4956 itt
3179 4904 3331 4956 Colb.

2080 4974 2194 5046 (60)
2234 4976 2436 5046 Λίθοιν.
2466 4975 2624 5046 Colb.
2649 4974 2800 5044 λίθῳ.

2081 5041 2311 5116 (61)Είς
2332 5044 2439 5098 τὸν
2452 5041 2790 5100 ὲνδότατοκ.
2808 5044 2897 5098 Sic
2918 5053 2972 5097 et
2988 5043 3242 5114 Virgilius
3259 5041 3471 5095 1Eneitl.
3493 5058 3580 5095 III:
3652 5084 3663 5089 -

2823 5116 2953 5179 Qua:
2983 5130 3109 5181 rupe
3136 5115 3229 5167 sub
3263 5117 3367 5164 ima

2186 5187 2357 5241 Facta
2386 5186 2547 5241 canit.

2076 5259 2190 5329 (62)
2232 5259 2342 5312 Τοῦ
2385 5257 2574 5309 οἴκου.
2620 5254 2775 5310 Golb.
2808 5254 2884 5326 τῷ
2911 5254 3074 5325 οἴκῳ,
3104 5263 3155 5309 et
3193 5253 3270 5307 sic
3296 5252 3360 5305 R.
3393 5249 3476 5305 St.
3514 5252 3584 5305 ad

2007 5331 2233 5384 calcem.

2079 5401 2193 5469 (65)
2236 5400 2359 5465 Οὐχ
2391 5396 2631 5463 ἣκιστα.
2668 5396 2840 5469 Minus
2872 5404 3127 5451 accurate
3150 5394 3391 5469 Platonis
3415 5393 3583 5469 verba

2007 5458 2184 5525 rei‘ert'
2208 5458 2481 5531 Justinus,
2509 5468 2785 5535 fortequia
2812 5468 3129 5520 memoriter
3160 5464 3450 5535 referebat.
3483 5458 3586 5535 Le-

2006 5543 2152 5605 gitur
2178 5542 2342 5611 enim
2370 5539 2508 5605 apud
2551 5532 2832 5611 Platonem
2866 5557 2877 5590 :
2907 5532 3404 5611 Xpnepqieonga‘t
3442 5532 3582 5611 μάν-

2004 5628 2115 5673 τεις
2148 5611 2242 5663 καὶ
2270 5609 2393 5670 τοὺς
2429 5609 2742 5679 ποιητικοὺς
2776 5605 3022 5679 eum;
3045 5623 3057 5634 ·
3096 5605 3343 5679 καὶ-τους
3378 5605 3584 5679 πολιτι-

2006 5683 2133 5744 κοὺς
2164 5683 2261 5749 οὐχ
2293 5681 2490 5749 ἣκιστα
2517 5676 2738 5731 τούτων.
2774 5677 3037 5749 Nimirum
3063 5676 3327 5749 pol-ilices,
3357 5676 3469 5724 sive
3487 5688 3583 5749 eos

2005 5753 2095 5817 qui
2116 5742 2510 5816 rempublicam
2538 5758 2755 5821 gerunt,
2790 5742 3073 5816 conjungit
3101 5745 3252 5799 l‘lato
3284 5758 3405 5797 cum
3442 5742 3585 5794 νιιιὶε-

2008 5822 2105 5877 btts
2137 5831 2189 5875 et
2216 5820 2411 5889 poetis.
