3948 6256
298 338 401 395 509
1446 336 1899 394 COHOBTATIO
1932 337 2025 392 AD
2061 336 2402 393 GRAECOS"
3450 340 3553 395 510

296 459 434 527 ἡμῖν
468 456 863 522 ύποὸειξάντων
883 497 898 521 ,
930 456 1025 510 καὶ
1054 458 1242 527 φακόν
1281 474 1399 512 τινα
1430 460 1495 512 ὲκ
1526 458 1728 529 χαλκοῦ
1759 476 1840 512 κατ

1940 464 1957 519 ι
1976 457 2265 513 nonnullis
2286 455 2535 511 versibus
2558 454 2731 521 desit;
2751 455 2951 525 quippe
2968 468 3087 509 cum
3114 455 3249 526 ipsa,
3268 463 3553 526 postquam

298 551 714 619 εσκευατμένον,
772 552 830 603 ὲν
882 542 929 618 ᾧ
971 550 1041 604 τὰ
1070 593 1079 599 .
1109 550 1344 621 λείψανα
1391 552 1563 622 αὐτῆς
1614 550 1840 615 σώζεσθε

1983 549 2156 604 teneri
2182 557 2239 603 et
2271 546 2442 601 alllari
2478 548 2740 613 desierat,
2770 546 2905 601 nihil
2932 562 3143 613 eorum,
3175 561 3295 617 quas
3320 548 3551 612 dixerat,

298 641 501 708 ἔλεγον.
543 642 819 710 Ἕφασκον
849 641 909 694 δὲ
937 641 1085 712 μετά
1116 643 1335 696 πάντων
1366 636 1441 699 ὦν
1474 641 1757 712 διηγοῦντο
1790 659 1840 695 xc

1982 642 2380 701 recordaretur;
2417 637 2624 693 librarii
2673 647 2853 692 autem
2889 637 2957 691 ob
3000 637 3431 707 imperitiamlab
3459 653 3551 691 ac-

298 733 485 796 τοῦτο,
518 734 593 795 ὡς
646 733 798 804 παρά
843 732 954 785 τῶν
1005 733 1291 804 προγόνων
1340 734 1671 804 ἀκηκοότες,
1707 733 1790 785 ὅτι
1833 752 1840 781 ι

1981 743 2165 788 curata
2209 746 2558 787 numerorum
2605 730 2985 786 observatione
3024 730 3393 785 aberrassent.
3434 732 3549 795 Qua

301 818 730 887 ἐκλαμϐάνοντες
753 820 881 883 τοὺς
909 821 1195 891 χρησμοὺς
1219 821 1515 893 τηνικαῦτα
1536 861 1551 886 ,
1578 821 1735 884 ἐκτὸς
1763 838 1840 874 πα

1982 825 2049 880 de
2078 839 2241 878 causa
2272 822 2549 877 Platonem
2582 822 2648 876 ad
2680 821 2900 892 Sibyllae
2927 820 3142 875 oracula
3172 820 3549 889 respicientem

300 909 527 973 δεύσεως
556 910 710 975 ὄντες
729 911 1051 982 ,ιπολλαχοῦ
1077 911 1177 982 τῆς
1206 912 1314 966 τῶν
1349 913 1562 985 μέτρων
1593 912 1840 983 ἀκριϐεία

1981 914 2124 969 idem
2158 915 2223 970 de
2254 914 2469 968 vatibus
2497 913 2877 983 pronuntiasse
2907 911 3096 982 liquet.
3140 912 3233 967 Sic
3260 912 3401 965 enim
3432 912 3545 965 ait:

301 1000 630 1071 διήμαρτον
687 1003 783 1055 καὶ
838 1003 1045 1074 ταύτην
1106 1003 1289 1073 ἔλεγον
1349 1002 1526 1057 αίτίαν
1581 998 1719 1056 εἶναι
1777 1004 1840 1074 τῆ

1986 1022 2007 1056 ι
2037 1003 2171 1059 Cum
2204 1018 2461 1073 prospere
2508 1003 2898 1067 vaticinantur,
2932 1002 3099 1057 multa
3142 1011 3195 1057 et
3239 1016 3432 1072 magna
3462 1002 3545 1055 di-

299 1093 452 1145 ὲνίων
484 1093 633 1146 ἐπῶν
664 1096 970 1168 ἀμετρίας,
1006 1096 1105 1166 τῆς
1139 1096 1237 1165 μὲν
1268 1094 1591 1169 χρησμῳδοῦ
1627 1095 1765 1166 μετὰ
1814 1114 1840 1148 τ

1978 1107 2199 1159 centes,
2250 1111 2349 1151 nec
2383 1095 2679 1166 quidquam
2715 1110 2903 1150 eorum
2949 1110 3069 1164 quae
3110 1095 3299 1149 dicunt
3343 1092 3546 1147 intelli-

300 1182 603 1235 πεπαῦσθαι
628 1184 742 1251 (64)
776 1185 877 1255 τῆς
924 1186 1158 1257 κατοχῆς
1190 1187 1284 1239 καὶ
1330 1186 1428 1257 τῆς
1460 1186 1745 1249 ἐπιπνοίας
1798 1187 1873 1260 μὴ
1980 1197 2189 1256 gentes.
2228 1204 2245 1237 ι

299 1274 650 1345 μεμνημένης
680 1275 792 1329 τῶν
823 1277 1151 1348 εἰρημένων,
1184 1275 1301 1330 τῶν
1325 1276 1382 1330 δὲ
1410 1276 1772 1348 ὑπογραφῶν
1813 1276 1880 1328 δι’
1924 1275 2275 1329 ἀπαιδευσίαν
2306 1275 2402 1345 τῆς
2448 1274 2555 1328 τῶν
2586 1274 2811 1346 (μέτρων
2857 1274 3141 1346 ἀκριϐείας
3194 1276 3563 1330 ἐκπεπτωκόσ-

296 1380 417 1417 των.
466 1365 564 1418 Διά
614 1365 777 1419 τοῦτο
822 1368 1001 1420 τοίνυν
1045 1368 1137 1421 τὸν
1193 1367 1485 1433 Πλάτωνα,
1550 1370 1630 1432 είς
1666 1368 1791 1431 τοὺς
1823 1368 1919 1439 τῆς
1970 1366 2231 1438 Σιϐύλλης
2264 1365 2555 1440 ἀφορῶντα
2585 1366 2866 1437 χρησμοὺς
2900 1365 3027 1438 περὶ
3059 1366 3166 1419 τῶν
3206 1368 3547 1439 χρησμῳδῶν

292 1454 433 1508 τοῦτ’
461 1457 741 1526 εἰρηκέναι
775 1458 957 1527 δῆλον.
994 1459 1135 1531 Ἔφη
1164 1460 1273 1534 γάρ
1303 1458 1504 1524 οὔτως’
1530 1479 1549 1511 ι
1581 1461 1749 1513 Ὅταν
1781 1458 2086 1533 κατορθῶσι
2119 1459 2369 1527 λέγοντες
2402 1457 2569 1511 πολλά
2596 1458 2688 1510 καὶ
2733 1457 2943 1527 μεγάλα
2991 1460 3291 1531 πράγματα
3318 1502 3330 1527 ,
3380 1459 3548 1532 μηδὲν

291 1545 479 1609 εἰδότες
507 1541 584 1601 ὧν
618 1549 858 1617 λέγουσι.
897 1571 915 1603 ι

356 1637 441 1692 58.
464 1639 613 1710 Πλὴν
640 1641 758 1695 ἀλλ’
780 1643 1101 1716 ἐπειδήπερ,
1117 1638 1164 1699 ὦ
1181 1644 1369 1717 ἄνδρες
1384 1644 1661 1716 Ἕλληνες,
1683 1645 1783 1698 οὗκ
1806 1646 1840 1697 ἐι

2044 1637 2131 1693 58.
2178 1637 2283 1695 Sed
2308 1637 2432 1707 quia
2463 1652 2563 1692 nec
2603 1638 2655 1694 in
2688 1638 2913 1706 poeticis
2940 1638 3206 1705 numeris,
3256 1656 3289 1694 ο
3338 1640 3567 1711 Crteci,_

287 1732 581 1798 ποιητικοῖς
603 1733 828 1802 μέτροις
844 1736 912 1786 τά
926 1735 1023 1805 τῆς
1042 1734 1274 1806 ἀληθοῦς
1294 1735 1601 1801 θεοσεϐείας
1618 1738 1840 1810 πράγμα

1940 1744 2097 1801 _vera
2128 1728 2319 1800 religio
2362 1728 2464 1783 sita
2502 1738 2604 1795 est,
2638 1741 2739 1784 nec
2766 1728 2821 1782 in
2864 1742 2950 1792 ea,
2984 1743 3105 1798 quae
3143 1731 3286 1799 apud
3338 1747 3433 1788 vos
3488 1735 3541 1789 in

285 1835 365 1883 τα,
384 1820 505 1872 οῦδὲ
527 1824 590 1874 ὲν
611 1825 678 1893 τῇ
714 1825 844 1894 παρ’
864 1826 997 1895 ὑμῖν
1021 1827 1376 1899 εὐδοκιμούσῃ
1401 1829 1701 1893 παιδεύσει,
1735 1827 1840 1897 ἀφέ

1969 1821 2145 1892 pretio
2168 1831 2274 1885 est,
2298 1819 2631 1884 eruditione;
2670 1819 2870 1874 omissa
2900 1820 3157 1889 deinceps
3182 1838 3548 1879 numerorum

284 1929 425 1981 μενοι
455 1913 649 1966 λοιπὸν
684 1915 786 1985 τῆς
818 1916 927 1969 τῶν
963 1917 1174 1991 μέτρων
1210 1920 1299 1972 καί
1330 1920 1503 1989 λόγων
1548 1920 1832 1994 ἀκριϐείας

1967 1920 2024 1966 et
2068 1911 2358 1966 verborum
2406 1907 2674 1977 exquisita
2708 1909 2954 1973 ratione,
3006 1908 3144 1962 citra
3171 1914 3573 1970 contentionis-

277 2007 384 2067 τοῖς
429 2006 524 2057 ὑπ’
560 2008 739 2077 αὐτῆς
931 2012 1242 2082 εἰρημένοις
1291 2013 1647 2082 ἀφιλονείκως
1696 2029 1865 2086 προσ-

275 2096 504 2165 έχοντες,
531 2098 715 2166 γνῶτε
752 2102 936 2154 πόσων
970 2103 1096 2173 ὑμῖν
1123 2105 1341 2172 ἀγαθῶν
1367 2106 1514 2159 αίτία
1545 2105 1698 2159 ἔσται
1717 2146 1733 2170 ,
1767 2105 1867 2174 τὴν

272 2190 358 2241 τοῦ
406 2191 670 2262 Σωτῆρος
726 2192 888 2262 ἡμῶν
937 2194 1110 2264 Ἰησοῦ
1163 2197 1397 2269 Χριστοῦ
1442 2197 1626 2266 ἄφιξιν
1676 2198 1864 2267 σαφῶς

272 2281 359 2332 καὶ
400 2281 664 2353 φανερῶς
715 2283 1168 2356 προαγορεύουσα
1192 2303 1205 2314 ·
1240 2286 1296 2349 ὃς
1321 2327 1336 2350 ,
1370 2286 1464 2340 τοῦ
1503 2287 1637 2341 Θεοῦ
1685 2288 1863 2361 ὑπάρ-

272 2390 373 2439 χων
404 2372 587 2440 Λόγος
620 2372 934 2444 ἀχώριστος
962 2374 1071 2446 (66)
1105 2376 1367 2446 δυνάμει,
1401 2377 1492 2431 τὸν
1525 2378 1644 2431 κατ’
1678 2381 1862 2432 είκόνα

271 2465 356 2516 καὶ
385 2465 655 2535 ὁμοίωσιν
705 2466 844 2518 Θεοῦ
885 2467 1193 2522 πλασθέντα
1239 2468 1520 2522 ἀναλαϐὼν
1552 2470 1858 2543 ἄνθρωπον,

268 2559 357 2627 τῆς
406 2559 515 2611 τῶν
565 2560 822 2631 ἀρχαίων
853 2562 1002 2630 ἡμᾶς
1036 2562 1311 2633 προγόνων
1361 2563 1633 2634 ἀνέμνησε
1680 2564 1861 2618 θεοσε-

269 2648 439 2712 ϐείας,
474 2650 547 2718 ἦν
580 2652 631 2701 οί
670 2647 733 2714 ἐξ
764 2649 948 2703 αὐτῶν
984 2652 1265 2722 γενόμενοι
1314 2652 1589 2725 ἄνθρωποι
1639 2656 1861 2709 καταλι-

269 2742 448 2804 πόντες
466 2782 482 2803 ,
518 2741 853 2813 διδασκαλίᾳ
882 2742 1153 2813 βασκάνου
1179 2744 1428 2815 δαίμονος
1446 2787 1461 2811 ,
1497 2746 1590 2799 ἐπὶ
1621 2748 1719 2818 τὴν
1750 2748 1860 2802 τῶν

270 2831 337 2901 μὴ
368 2831 507 2885 θεῶν
543 2834 872 2905 ἐτράπησαν
905 2834 1221 2906 θρησκείαν.
1255 2836 1317 2888 Ei
1338 2837 1391 2890 δέ
1427 2855 1509 2901 τις
1540 2838 1696 2903 ὄκνος
1728 2840 1856 2910 ὑμῖν

163 2926 171 2941 ⁸
267 2921 462 2991 ἐνοχλεῖ
511 2922 761 2987 πίστεως
808 2926 1071 2997 περὶτῆς
1107 2926 1199 2979 τοῦ
1232 2926 1521 2998 ἀνθρώπου
1570 2929 1853 2994 πλάσεως,

267 3013 515 3085 πείσθητε
548 3015 766 3078 τούτοις
786 3056 801 3079 ,
836 3012 917 3079 οἷς
948 3017 1029 3069 ἔτι
1064 3019 1346 3089 προσέχειν
1385 3019 1563 3073 οἴεσθε
1596 3021 1725 3086 δεῖν,
1758 3028 1853 3075 καὶ

1967 2001 2203 2055 studium
2234 2000 2362 2068 quid
2417 2014 2446 2053 a
2494 1997 2703 2069 Sibylla
2752 1999 2966 2053 dicatur
2999 1999 3451 2071 animadvertite,
3485 2016 3541 2060 et

1964 2102 2165 2163 quanta
2199 2092 2353 2147 vobis
2382 2091 2608 2145 allatura
2643 2092 2715 2146 sit
2753 2093 2894 2147 bona
2916 2133 2932 2162 ,
2962 2090 3275 2161 perspicite,
3309 2095 3455 2151 clare
3485 2111 3541 2154 et
3568 2135 3575 2141 -

1964 2193 2151 2253 aperte
2174 2183 2478 2239 Salvatoris
2502 2185 2673 2239 nostri
2700 2183 2825 2239 Jesu
2853 2184 3063 2241 Christi
3086 2192 3374 2246 adventum
3404 2206 3537 2261 prte-

1964 2277 2250 2343 nuntians;
2298 2280 2386 2347 qui
2432 2295 2554 2333 cum
2605 2280 2674 2333 sit
2717 2280 2808 2333 Dei
2842 2280 3101 2349 Verbum,
3133 2284 3338 2338 virtute
3361 2292 3415 2337 et
3445 2298 3537 2353 po-
3568 2318 3575 2321 -

1961 2370 2128 2423 tentia
2159 2371 2228 2424 ab
2255 2386 2319 2425 eo
2349 2371 2735 2439 inseparabile,
2770 2373 3044 2428 hominem
3071 2375 3137 2428 ad
3165 2376 3453 2444 imaginem
3486 2384 3536 2429 et

1959 2461 2372 2515 similitudinem
2406 2462 2496 2516 Dei
2528 2473 2770 2517 creatum
2797 2479 3106 2531 assumens,
3137 2468 3414 2521 revocavit
3444 2482 3535 2521 no-

1958 2552 2041 2606 bis
2072 2552 2126 2605 in
2156 2555 2475 2608 memoriam
2510 2554 2815 2623 priscorum
2859 2566 3143 2624 parentum
3190 2558 3535 2626 religionem,

1957 2659 2062 2714 qua
2092 2644 2279 2701 relicta
2313 2660 2500 2700 eorum
2548 2649 2749 2716 posteri
2770 2686 2799 2712 ,
2825 2647 2990 2702 invidi
3023 2650 3284 2703 daemonis
3316 2650 3536 2705 monitis

1959 2746 2013 2790 et
2045 2736 2295 2791 doctrina
2331 2741 2397 2792 ad
2425 2740 2575 2805 deos,
2608 2741 2699 2808 qui
2740 2739 2875 2793 nulli
2904 2754 3050 2806 sunt,
3083 2741 3339 2796 colendos
3366 2742 3534 2798 delle-

1956 2836 2174 2884 xerunt.
2202 2828 2307 2899 35
2336 2830 2390 2883 Si
2418 2846 2519 2899 qua
2548 2840 2729 2884 autem
2755 2830 2909 2886 vobis
2941 2833 3211 2901 obstrepit
3241 2834 3532 2902 dubitatio,

1957 2923 2250 2990 quominus
2281 2921 2441 2976 ﬁdem
2483 2922 2721 2976 hominis
2765 2924 3031 2979 creationi
3078 2924 3414 2989 adbibeatis,
3465 2926 3532 2981 iis

1956 3014 2189 3077 credite,
2223 3028 2357 3082 quos
2401 3013 2575 3068 adhuc
2616 3015 2917 3070 audiendos
2965 3017 3202 3084 putatis,
3241 3025 3309 3071 et-
3336 3017 3531 3072 scitote

264 3106 421 3170 ’μὴ
447 3108 535 3159 ὅτι
563 3108 626 3158 τὸ
652 3108 787 3177 παρ’
810 3109 936 3177 ὑμῖν
960 3109 1307 3178 χρηστήριον,
1326 3109 1553 3173 ἀξιωθὲν
1576 3112 1680 3164 ὑπό
1709 3130 1840 3175 τινος

1955 3105 2233 3159 oraculum
2270 3117 2528 3169 vestrum,
2562 3122 2682 3160 cum
2729 3123 2758 3162 a
2805 3110 3037 3177 quodam
3086 3118 3332 3179 rogatum
3362 3119 3530 3175 esset,

266 3197 418 3265 ὕμνον
452 3198 549 3251 τοῦ
597 3200 1046 3270 παντοκράτορος
1088 3200 1330 3253 ἐκδοῦναι
1375 3201 1543 3265 Θεοῦ,
1579 3201 1749 3267 οὕτως
1792 3206 1848 3258 ὲν

267 3288 406 3355 μέῃι
438 3288 533 3340 τοῦ
572 3288 749 3359 ὕμνου
788 3290 892 3357 ἔφη
916 3307 928 3318 ο

267 3380 362 3443 Ὅς
392 3377 640 3446 πρῶτον
674 3379 924 3445 πλάσας
962 3379 1077 3449 (67)
1103 3380 1397 3450 μερόπων,
1437 3381 1611 3523 Ἀᾒίἓμ
1644 3381 1710 3434 δὲ
1746 3400 1851 3436 κα-

1501 3494 1517 3505 ι
1574 3468 1755 3519 σσας.

262 3539 361 3591 Καὶ
380 3540 570 3592 τοῦτον
594 3539 870 3604 σώζεσθαι
892 3541 982 3595 τὸν
1006 3542 1172 3613 ῦμνον
1192 3544 1337 3616 παρά
1362 3544 1572 3607 πολλοῖς
1590 3539 1665 3598 ὧν
1690 3546 1845 3614 ἴσμεν

264 3629 579 3697 ωμϐαίνει,
633 3633 715 3694 είς
765 3631 984 3703 ἔλεγχον
1027 3633 1135 3685 τῶν
1176 3634 1247 3705 μὴ
1300 3634 1580 3688 πείθεσθαι
1738 3639 1843 3691 ὑπὸ

260 3728 472 3780 πάντων
513 3730 943 3800 μαρτυρουμένη
980 3729 1206 3803 ἀληθείᾳ
1249 3732 1602 3802 βουλομένων.
1640 3734 1704 3787 Εἰ
1734 3736 1843 3788 τοί-

258 3834 365 3880 νυν,
394 3813 439 3872 ὧ
467 3820 668 3891 ἄνδρες
705 3821 1000 3892 Ἕλληνες,
1035 3822 1107 3892 μὴ
1142 3824 1535 3896 προτιμοτέραν
1554 3824 1664 3896 (68)
1698 3828 1843 3897 ἡγεῖ-

260 3909 346 3963 σθε
381 3914 482 3982 τῆς
526 3913 688 3983 ὑμῶν
744 3913 922 3966 αὐτῶν
971 3915 1243 3987 σωτηρίας
1292 3916 1391 3987 τὴν
1437 3918 1566 3989 περὶ
1610 3918 1716 3970 τῶν
1766 3918 1839 3990 μὴ

257 4003 413 4057 ἐλάτων
437 4004 582 4057 θεῶν
610 4006 786 4076 ψευδῆ
816 4008 1138 4074 φαντασίαν,
1169 4007 1446 4081 πείσθητε,
1471 4009 1658 4081 ὥσπερ
1681 4010 1835 4082 ἔφην,

256 4100 316 4164 τῇ
351 4098 692 4171 ἀρχαιοτάτῃ
736 4099 829 4151 καὶ
872 4099 1074 4170 σφόδρα
1111 4100 1314 4171 παλαιᾷ
1344 4101 1606 4176 Σιϐύλλῃ,
1641 4099 1709 4175 ἧς
1740 4102 1838 4167 τὰς

258 4185 461 4253 βίωους
497 4188 559 4239 ἐν
592 4188 746 4257 πάσῃ
790 4190 853 4258 τῇ
889 4189 1181 4261 οἰκουμένῃ
1228 4190 1494 4255 σώζεσθαι
1524 4192 1833 4263 συμϐαίνει,

258 4278 376 4346 περὶ
421 4278 521 4345 μὲν
582 4277 693 4328 τῶν
734 4276 1042 4348 λεγομένων
1084 4279 1240 4344 θεῶν,
1285 4281 1361 4344 ὡς
1406 4282 1478 4352 μὴ
1507 4281 1697 4346 ὄντων,
1728 4283 1837 4336 ἀπό

254 4383 386 4430 τινος
434 4368 675 4439 δυνατῆς
725 4371 1009 4435 ἐπιπνοίας
1060 4372 1148 4425 διά
1192 4373 1455 4445 χρησμῶν
1499 4375 1645 4445 ἡμᾶς
1685 4375 1832 4429 διδα-

1955 3205 2012 3248 ιιι
2039 3196 2300 3265 hymnum
2334 3197 2385 3249 in
2418 3197 2585 3252 Deum
2624 3198 3054 3267 omnipotentem
3088 3201 3313 3263 ederet,
3346 3202 3424 3255 sic
3473 3202 3535 3255 in

1952 3291 2129 3342 medio
2162 3280 2361 3360 hymno
2390 3293 2591 3345 dixisse
2622 3310 2635 3344 :

2030 3380 2133 3445 Qui
2160 3384 2383 3451 primum
2409 3383 2682 3437 mortalem
2714 3384 2929 3452 efﬂuxit,
2965 3386 3234 3455 Adamque
3255 3390 3473 3444 vacavit.

1946 3542 2123 3609 Atque
2156 3554 2300 3594 nunc
2336 3540 2596 3611 hymnum
2646 3556 2686 3595 a~
2724 3542 2911 3598 multis
2942 3558 3083 3613 quos
3126 3545 3377 3599 nov-imus
3405 3560 3521 3600 ser-

1946 3632 2062 3685 vari
2098 3632 2386 3700 contingit,
2424 3631 2493 3685 ad
2520 3646 2615 3686 eos
2641 3634 2977 3704 arguendos,
3021 3635 3114 3705 qui
3157 3635 3371 3689 veritati
3404 3652 3520 3691 om-

1946 3723 2093 3776 nium
2147 3721 2455 3777 testimonio
2498 3723 2835 3778 eortﬁrmatte
2872 3727 3129 3780 assentiri
3174 3728 3384 3783 nolunt.
3413 3720 3518 3784 Vle-

1943 3823 2111 3869 stram
2143 3814 2313 3884 igitur
2348 3815 2604 3882 salutem,
2635 3831 2668 3871 ο
2696 3814 2893 3884 Crazci,
2934 3818 2979 3871 si
3010 3817 3149 3874 falso
3180 3822 3247 3874 de
3270 3821 3395 3885 diis,
3424 3823 3519 3892 qui

1942 3904 2078 3960 nulli
2105 3914 2253 3971 sunt,
2296 3915 2608 3963 commento
2640 3907 2912 3976 potiorem
2936 3910 3155 3976 ducitis,
3196 3912 3424 3977 credite,
3460 3923 3520 3968 ut

1934 3997 2046 4065 jam
2100 3999 2234 4063 dixi,
2279 3998 2498 4069 Sibyllae
2547 4000 2946 4068 antiquissimae
2983 4009 3041 4056 et
3088 4004 3516 4071 vetustissimae,

1940 4088 2095 4156 cujus
2122 4088 2243 4143 libri
2274 4103 2370 4158 per
2406 4098 2573 4143 totum
2615 4084 2805 4146 orbem
2850 4101 3163 4156 servantur,
3192 4108 3420 4164 qumque
3446 4108 3514 4149 ex

1938 4182 2141 4249 potenti
2174 4184 2411 4251 quodam
2465 4182 2666 4235 alllatu-
2705 4186 2837 4237 deos
2886 4185 2975 4252 qui
3026 4184 3305 4253 dicuntur,
3338 4188 3514 4244 nullos

1939 4288 2060 4328 esse
2093 4288 2189 4342 per
2217 4275 2433 4329 oracula
2460 4288 2558 4327 nos
2590 4274 2772 4339 docet,
2808 4291 2873 4330 ac
2904 4277 2971 4332 de
3000 4276 3185 4338 futuro
3211 4278 3514 4337 Salvatoris

1938 4364 2112 4420 nostri
2172 4362 2297 4418 Jesu
2341 4363 2547 4420 Christi
2605 4366 2841 4419 adventu
2869 4405 2885 4432 ,
2937 4382 3002 4422 ac
3050 4368 3213 4424 rebus
3259 4370 3512 4426 omnibus

260 4460 451 4530 σκοῦσῃ
475 4475 487 4487 ·
530 4459 665 4530 περὶ
688 4459 745 4510 δὲ
768 4459 867 4529 τῆς
896 4461 989 4513 τοῦ
1022 4462 1271 4533 Σωτῆρος
1300 4462 1453 4533 ἡμῶν
1489 4463 1663 4535 Ἰησοῦ
1694 4466 1829 4536 Χρι-

1940 4471 2071 4525 quas
2101 4469 2352 4525 gesturus
2374 4469 2512 4526 erat,
2538 4462 2686 4516 clare
2718 4471 2772 4517 et
2798 4471 2984 4531 aperte
3014 4463 3366 4530 prmnuntiat.
3390 4462 3510 4516 Erit

256 4549 372 4601 στοῦ
416 4550 725 4620 μελλούσης
767 4552 985 4605 ἔσεσθαι
1031 4556 1364 4626 παρουσίας,
1405 4557 1653 4629 καὶπερὶ
1692 4559 1831 4612 πάν-

253 4656 352 4691 των
376 4640 482 4691 τῶν
523 4641 618 4692 ὑπ’
650 4641 825 4693 αὐτοῦ
860 4643 1105 4709 γίνεσθαι
1145 4645 1465 4715 μελλόντων,
1512 4648 1700 4716 σαφῶς
1736 4650 1829 4702 καὶ

256 4732 487 4803 ςανερῶς
516 4732 629 4801 (69)
658 4734 1143 4806 προαναφωνούσῃ.
1169 4737 1360 4789 Ἔσται
1388 4737 1491 4809 γὰρ
1516 4738 1643 4809 ὑμῖν
1667 4741 1829 4807 ἀναγ-

316 4907 425 4976 (64)
462 4908 631 4983 ﬁeri:
663 4910 1112 4983 tt}_:t£:tqﬁ(70at.
1148 4911 1278 4983 Reg.
1307 4914 1342 4968 '5
1373 4923 1426 4966 et
1456 4912 1695 4970 Clarom.
1736 4918 1824 4973 διὰ

252 4976 306 5028 τὸ
335 4979 676 5031 ππαῦςθαι.
714 4979 807 5034 Sic
830 4982 995 5033 etiam
1023 4985 1091 5035 ad
1120 4976 1324 5037 calc'em
1359 4983 1423 5036 Β.
1458 4984 1541 5038 St.

314 5047 423 5127 (65)
478 5051 608 5102 'l‘z’
634 5050 847 5120 αὐτῆς.
876 5050 944 5104 Β.
976 5049 1061 5106 St.
1094 5053 1183 5105 ὑπ’
1206 5056 1409 5117 αὐτοῖς.
1434 5053 1661 5111 Codices
1688 5074 1821 5114 mss.

248 5129 302 5171 ιιι
332 5134 383 5169 ll!
423 5129 597 5172 ΙΘΧιΙΙ.

440 5228 443 5229 ν
461 5188 833 5266 ᾉχῴριστος.
871 5190 1028 5266 ρΩΙδ.
1051 5192 1367 5266 ἀχώρητος.

309 5260 419 5397 ἑοῖ)
459 5260 731 5326 Iuda/4c.
775 5263 845 5315 li.
879 5259 963 5315 St.
996 5261 1063 5314 ad
1094 5259 1295 5318 calcem
1326 5266 1666 5330 ἀναπλάσας.

334 5331 417 5392 58)
458 5332 930 5397 Προτιμοτέραν.
964 5331 1121 5385 Colb.
1154 5334 1585 5397 προθυμοτέραν»

334 5331 417 5407 ἓξ)
458 5332 930 5407 ζζρρτιμοτέρᾳν.
964 5331 1121 5385 Coll).
1154 5334 1585 5407 προθυμοτέραν»

311 5401 419 5480 (6.9)
453 5404 739 5480 Καίῂττερὶ
772 5402 1115 5455 πάντων....
1148 5401 1355 5472 σὰρῶξ·
1390 5401 1487 5459 καὶ
1525 5406 1815 5480 φανερῶς.

243 5468 316 5521 Ex
360 5468 449 5543 bis,
476 5468 864 5528 verbis'certo
894 5481 1159 5543 statuere
1197 5468 1484 5543 possumus
1503 5468 1619 5538 ,vsi'
1638 5468 1817 5532 minus

246 5548 403 5616 totam
437 5542 694 5616 librorum
742 5541 1148 5616 Sibyllinorum
1179 5541 1607 5612 complexionem
1636 5587 1651 5611 ,
1681 5563 1812 5616 ψιελδ

245 5607 340 5684 lem
378 5614 529 5669 hodie
568 5607 895 5675 habemus,
950 5610 1144 5663 saltem
1186 5628 1278 5669 eas
1305 5607 1517 5681 partes
1550 5607 1813 5684 ejusmodi

244 5678 502 5747 librorum,
530 5701 657 5755 qua:
689 5685 914 5737 claram
948 5689 1007 5734 et
1038 5691 1272 5755 apertam
1313 5678 1519 5740 Christi
1549 5678 1815 5742 adventus

243 5754 767 5811 otornnium'rerum
806 5755 884 5808 ab
912 5764 985 5805 eo
1021 5754 1369 5815 gerendarum
1408 5757 1811 5823 praedictionem

1933 4550 2077 4603 enim
2099 4550 2253 4605 vobis
2283 4552 2477 4607 harum
2510 4569 2692 4607 rerum
2724 4553 2987 4622 cognitio,
3016 4556 3327 4608 necessaria
3358 4570 3509 4623 qua:-

1931 4642 2053 4695 dam
2084 4644 2148 4696 ad
2164 4652 2476 4698 sanctorum
2496 4644 2776 4698 hominum
2799 4645 3054 4699 vaticinia
3081 4645 3501 4713 praemeditatio.

1930 4736 2083 4803 Quod
2115 4740 2158 4791 si
2197 4738 2320 4807 quis
2351 4736 2419 4791 ab
2469 4738 2864 4807 antiquissimis
2908 4739 3049 4809 apud
3089 4753 3184 4794 eos
3220 4738 3505 4808 appellatis

1928 4916 2239 4978 continent,
2271 4915 2381 4985 jam
2424 4925 2571 4982 tum,
2618 4918 2895 4973 scribente
2928 4918 3175 4982 .Iustino.
3227 4919 3282 4972 in
3331 4934 3498 4974 unum

1926 4987 2089 5057 velu_ti
2117 5000 2315 5054 corpus
2347 4987 2599 5042 redactas
2626 4987 2817 5043 fuisse.
2852 4988 2997 5043 Nihil
3026 5004 3157 5043 sane
3187 4990 3501 5057 suspicatus

1924 5065 2009 5130 est
2034 5054 2303 5130 Justinus,
2347 5059 2591 5130 quamvis
2642 5074 2833 5130 omnes
2876 5059 3071 5113 horum
3103 5054 3369 5113 librorum
3403 5076 3501 5130 pa-

1926 5128 2065 5195 ginas
2096 5126 2357 5199 fraudem,
2383 5127 2685 5199 clamitent.
2734 5126 2840 5182 Sed
2888 5139 3070 5182 tamen
3103 5143 3207 5182 non
3237 5126 3499 5199 gravissi-

1926 5212 2071 5249 mum
2098 5196 2242 5265 mihi
2275 5197 2489 5250 videtur
2526 5197 2661 5253 illud
2703 5208 2969 5253 erratum.
3017 5196 3318 5265 Antequam
3350 5201 3495 5253 enim

1925 5266 2050 5320 libri
2088 5264 2341 5336 Sibyllini
2378 5267 2535 5320 otiosi
2582 5268 2816 5322 hominis
2864 5284 3027 5321 manu
3068 5264 3495 5336 fabricarentur,

1924 5335 2233 5410 invaluerat
2260 5336 2763 5410 aputhbristianos
2783 5339 3123 5410 quzedamde
3155 5335 3360 5410 Sibylla
3383 5340 3498 5409 opio

1923 5408 2038 5473 nio,
2070 5422 2192 5475 quae
2224 5416 2276 5460 et
2315 5407 2583 5461 artiﬁcem
2624 5409 2690 5460 ad
2735 5423 2872 5475 opus
2907 5407 3313 5477 suscipiendum
3359 5407 3493 5463 inci-

1927 5487 2071 5531 tasse
2099 5486 2154 5530 et
2188 5479 2335 5546 operi
2364 5478 2524 5530 ﬁdem
2557 5486 2611 5529 et
2641 5479 3022 5531 auctoritatem
3055 5478 3269 5533 videtur
3302 5481 3491 5534 conci-

1920 5545 2106 5600 liztsse.
2133 5545 2459 5600 Iamdudum
2483 5547 2624 5599 enim
2658 5550 2945 5602 constabat
2975 5548 3174 5603 Christi
3197 5548 3489 5604 adventum

1920 5631 1950 5669 a
1987 5616 2189 5686 Sibylla
2217 5618 2531 5684 praedictum
2557 5614 2745 5678 fuisse,
2771 5619 2886 5671 sive
2917 5617 2968 5671 id
3004 5618 3102 5683 illi,
3133 5628 3190 5671 ul.
3213 5617 3487 5685 Balaarno,

1920 5702 2237 5740 concessum
2278 5686 2477 5745 fuerit.
2506 5686 2621 5739 sive
2656 5696 2783 5741 tota.
2807 5702 2917 5752 res,
2958 5697 3017 5740 ut
3053 5689 3231 5742 multa:
3262 5690 3400 5754 aliae,
3422 5706 3489 5744 ex

1918 5754 2273 5812 Hebrzrorum
2318 5756 2618 5813 traditione
2650 5756 2887 5814 ﬂuxerit.
2923 5759 3038 5814 Cur
3073 5760 3216 5813 enim
3256 5759 3487 5816 llermas
