3948 6256
377 391 475 446 551

1326 384 1382 441 S.
1425 377 1688 440 JUSTlNl
1727 364 2148 441 PHlL-OSOPHI
2189 381 2278 439 ΕΤ
2320 384 2681 441 MARTYRIS

3531 391 3640 446 5'52

377 521 542 578 guere
569 505 858 577 quisquam
884 501 1100 567 habeat,
1127 503 1266 557 ratio
1293 517 1419 558 vera
1446 512 1554 557 non
1579 496 1846 572 praecipit,
1885 507 1938 555 ut

2051 503 2253 575 ἀληθὴς
2284 503 2440 570 λόγος
2487 504 2576 559 διὰ
2605 505 2792 576 φήμην
2836 503 3081 576 πονηρὰν
3121 503 3398 568 ἀναιτίους
3427 503 3640 579 ἀνθρὼ-

375 602 446 657 ob
476 598 678 654 malum
710 611 990 652 rumorem
1031 594 1342 649 hominibus
1387 594 1772 649 innocentibus
1803 588 1947 658 inju—

376 697 487 752 rias
512 694 750 757 faciatis,
776 691 861 746 vel
891 690 1075 760 p0tius
1121 689 1555 759 vobismetipsis,
1588 689 1682 759 qui
1717 703 1821 742 non
1862 687 1952 757 ju-

376 790 541 852 dicio,
570 786 665 841 sed
692 783 885 839 aﬂ'eetu
916 782 1132 852 negotia
1197 781 1473 837 facessere
1513 782 1564 835 in
1602 781 1841 834 animum
1876 781 1952 833 in-

374 877 599 932 ducitis.
651 877 827 944 Atque
876 874 1016 928 hanc
1072 873 1290 943 quidem
1340 872 1665 944 praeclaram
1711 885 1830 928 esse
1858 888 1952 928 so-

375 971 592 1039 lamque
615 969 820 1040 justam
853 965 1221 1022 conditionem
1263 980 1429 1022 sanus
1452 966 1686 1036 quisque
1708 979 1952 1035 pronun-

373 1064 556 1127 tiabit,
608 1071 666 1116 ut
698 1061 977 1115 innoxiam
1024 1057 1242 1128 quidem
1279 1057 1480 1128 privati
1513 1066 1570 1112 et
1615 1057 1949 1127 inculpatam

374 1158 499 1211 vitae
521 1163 575 1210 et
600 1153 866 1210 doetrinae
893 1167 1006 1206 sum
1037 1151 1305 1206 rationem
1339 1149 1670 1216 exhibeant;
1697 1149 1951 1206 similiter

374 1258 554 1302 autem
588 1255 643 1301 et
668 1245 761 1315 qui
793 1251 1056 1313 praesunt,
1088 1257 1193 1295 non
1241 1243 1350 1295 vim
1375 1251 1431 1293 et
1462 1240 1825 1311 tyrannidem,
1854 1240 1951 1295 sed

375 1340 636 1408 pietatem
689 1348 742 1393 et
798 1335 1200 1406 philosophiam
1265 1343 1573 1402 sequentes,
1621 1333 1949 1388 sententiam

374 1435 580 1487 dicant.
611 1430 704 1486 Sic
726 1431 872 1485 enim
905 1438 961 1483 et
1000 1428 1052 1482 in
1083 1429 1150 1482 iis
1179 1427 1268 1496 qui
1311 1435 1570 1496 prmsunt,
1597 1437 1651 1480 et
1680 1425 1732 1479 in
1767 1427 1831 1481 iis
1855 1427 1949 1495 qui

372 1537 584 1595 parent,
641 1523 902 1593 praeclare
949 1527 1164 1591 agatur.
1214 1519 1365 1573 Dixit
1406 1520 1552 1573 enim
1592 1519 1948 1585 alicubiqui-

372 1620 495 1672 dam
528 1626 773 1671 veterum
810 1631 823 1664 :
867 1633 886 1664 ι
914 1611 1027 1666 Nisi
1066 1611 1520 1682 philosophentur
1548 1620 1605 1666 et
1631 1613 1721 1680 qui
1753 1622 1950 1679 regunt

371 1711 426 1763 et
452 1709 545 1778 qui
585 1716 870 1775 reguntur,
896 1703 1014 1758 ﬁeri
1059 1717 1164 1756 non
1198 1701 1372 1771 possit
1398 1700 1648 1755 utbeata:
1672 1701 1784 1755 sint
1812 1703 1946 1757 civi-

373 1810 531 1856 tates.
567 1798 864 1852 iNostrum
910 1795 1077 1865 igitur
1110 1808 1308 1847 munus
1353 1803 1459 1857 est,
1499 1801 1556 1846 ut
1585 1795 1710 1848 vitae
1753 1804 1810 1849 et
1852 1795 1948 1849 do-

371 1888 564 1943 ctrina:
599 1899 800 1944 nostrae
834 1887 1190 1957 inspiciendas
1231 1886 1445 1955 copiam
1488 1886 1743 1942 omnibus
1789 1886 1948 1942 facia-
1977 1867 2020 1922 Β

371 1993 515 2044 mus,
543 1995 609 2034 ne
636 1995 734 2050 pro
757 1979 843 2043 iis,
877 1980 969 2047 qui
1004 1993 1091 2032 res
1132 1986 1347 2033 nostras
1380 1977 1484 2033 sibi
1515 1979 1768 2034 videntur
1791 1981 1942 2051 igno-

369 2085 511 2135 rare,
542 2086 755 2139 pteuam
782 2085 996 2132 eorum,
1029 2084 1150 2138 quae
1191 2069 1545 2123 caccutientes
1569 2071 1938 2138 peccaverint,

367 2165 468 2233 ipsi
494 2163 811 2218 debeamus.
854 2161 1106 2216 Vestrum
1135 2172 1336 2226 autem,
1365 2170 1421 2214 ut
1444 2161 1647 2219 audita.
1681 2161 1944 2229 quemad-

366 2259 586 2312 modum
626 2256 766 2309 ratio
799 2255 1124 2323 prtescriliit,
1167 2269 1355 2319 causa,
1394 2253 1758 2321 bonijudiees
1788 2269 1945 2323 repe-

2053 612 2188 658 πους
2211 595 2436 659 ἀδικεῖν,
2474 594 2671 665 μᾶλλον
2711 596 2768 648 δὲ
2800 597 3047 660 ἑαυτοὺς,
3086 595 3134 649 οἳ
3165 597 3226 650 ού
3260 596 3464 668 κρίσει,
3501 596 3641 651 ἀλλὰ

2052 686 2214 740 πάθει
2254 687 2323 740 τὰ
2354 687 2654 760 πράγματα
2685 687 2911 757 ἐπάγειν
2944 685 3057 758 (54)
3089 686 3323 754 ἀξιοῦτε.
3357 686 3552 760 Καλὴν
3579 687 3644 742 δὲ

2052 782 2146 836 καὶ
2181 781 2345 852 μόνην
2375 781 2591 834 δικαίαν
2622 780 2922 854 πρόκλησιν
2953 780 3065 854 (55)
3095 782 3299 852 ταύτην
3329 783 3441 845 πᾶς
3471 782 3502 834 ὁ
3533 797 3644 834 σω-

2054 873 2264 947 φρονῶν
2301 877 2683 944 ἀποφανεῖται,
2724 874 2783 927 τὸ
2818 875 2943 938 τοὺς
2979 876 3311 947 ἀρχομένους
3349 873 3448 946 τὴν
3478 874 3643 928 εὐθύ-

2051 982 2148 1037 νην
2186 965 2277 1018 τοῦ
2315 965 2523 1019 ἑαυτῶν
2570 965 2686 1036 βίου
2726 965 2821 1018 καὶ
2858 963 3018 1034 λόγου
3055 965 3296 1035 ἄληπτον
3334 967 3638 1038 παρέχειν·

2051 1057 2252 1128 ὁμοίως
2281 1059 2324 1112 δ’
2357 1054 2424 1112 αῦ
2450 1058 2545 1112 καὶ
2575 1059 2702 1122 τοὺς
2735 1060 3001 1131 ἄρχοντας
3041 1060 3115 1132 μὴ
3143 1059 3235 1130 βίᾳ
3271 1059 3406 1130 μηδὲ
3432 1075 3642 1129 τυραν-

2051 1151 2174 1214 νίδι,
2205 1151 2320 1205 ἀλλ’
2351 1151 2605 1224 εὐσεϐείᾳ⁴
2627 1153 2723 1207 καὶ
2749 1154 3034 1226 φιλοσοφίᾳ
3065 1152 3513 1216 ἀκολουθοῦντας,
3537 1152 3644 1224 τὴν

2049 1244 2226 1315 ψῆφον
2257 1245 2521 1300 τίθεσθαι.
2559 1244 2749 1310 υῦτως
2779 1247 2888 1318 γὰρ
2933 1247 2998 1301 ἂν
3035 1247 3131 1300 καὶ
3168 1249 3216 1299 οἱ
3249 1245 3508 1317 ἄρχοντες
3537 1246 3642 1298 κα)⁹

2050 1341 2098 1391 οἱ
2133 1338 2425 1410 ἀρχόμενοι
2457 1335 2781 1390 ἀπολαύοιεν
2813 1336 2906 1390 τοῦ
2936 1336 3164 1406 ἀγαθοῦ.
3209 1337 3352 1408 Ἔφη
3387 1336 3495 1406 γάρ
3531 1353 3642 1388 που

2051 1426 2143 1479 καί
2170 1444 2254 1490 τις
2287 1427 2395 1479 τῶν
2427 1427 2673 1481 παλαιῶν
2700 1427 2812 1500 (56)
2834 1446 2846 1458 ·
2890 1447 2909 1479 ι
2945 1430 3043 1481 Ἂν
3073 1427 3147 1499 μὴ
3173 1431 3221 1480 οἱ
3259 1429 3518 1498 ἄρχοντες
3547 1444 3640 1496 φι-

2049 1518 2392 1588 λοσοφήσωσι
2425 1520 2518 1572 καὶ
2549 1522 2599 1572 οί
2633 1521 2946 1593 ἀρχόμενοι,
2978 1523 3078 1574 οὐκ
3107 1519 3174 1573 ἂν
3201 1520 3285 1592 εἴη
3320 1521 3420 1584 τὰς
3449 1519 3640 1585 πόλεις

2051 1609 2459 1681 εὐδαιμονῆσαι.
2496 1631 2514 1662 ι
2559 1611 2854 1685 Ἡμέτερον
2889 1607 2982 1666 οὖν
3027 1611 3206 1684 ἔργον,
3246 1612 3341 1666 καὶ
3375 1612 3490 1684 βίου
3534 1611 3641 1665 καὶ

2054 1701 2391 1773 μαθημάτων
2414 1705 2511 1775 τὴν
2536 1705 2828 1776 ἐπίσκεψιν
2850 1708 2984 1760 πᾶσι
3008 1707 3290 1778 παρέχειν,
3311 1707 3457 1768 ὅπως
3489 1704 3638 1776 ὑπὲρ

2049 1795 2156 1848 τῶν
2190 1796 2301 1865 (57)
2332 1797 2547 1866 ἀγνοεῖν
2579 1798 2645 1852 τὰ
2677 1797 2921 1871 ἡμέτερα
2953 1797 3302 1870 νομιζόντων,
3336 1797 3433 1868 τὴν
3460 1814 3639 1867 τιμω-

2052 1886 2173 1958 ρίαν
2199 1881 2270 1940 ὧν
2295 1887 2361 1942 ἂν
2387 1887 2750 1960 πλημμελῶσι
2781 1889 3185 1960 τυφλώττοντες
3210 1888 3410 1954 αὐτῶν,
3445 1889 3637 1951 αὐτοῖς

2044 1980 2368 2052 ὀφλήσωμεν
2388 1999 2400 2011 ο
2431 1982 2696 2054 ὑμέτερον
2726 1982 2802 2048 δὲ,
2829 1981 2904 2046 ὡς
2925 1985 3072 2053 αἱρεῖ
3101 1982 3278 2052 λόγος,
3309 1981 3634 2043 ἀκούοντας,

2044 2069 2282 2138 ἀγαθοὺς
2302 2070 2653 2143 εὑρίσκεσθαι
2677 2070 2891 2144 κριτάς.
2932 2070 3360 2139 Ἀναπολόγητον
3382 2068 3491 2140 γὰρ
3521 2067 3639 2120 λοι-

2046 2166 2144 2218 πὸν
2181 2163 2464 2235 μαθοῦσιν,
2501 2164 2567 2236 ἢν
2614 2163 2690 2235 μὴ
2721 2163 2788 2218 τά
2830 2163 3017 2219 δίκαια
3063 2165 3349 2235 ποιήσητε,
3396 2159 3638 2232 ὑπάρξει

2045 2256 2182 2328 πρὸς
2212 2255 2366 2308 Θεόν.

367 2349 606 2404 riamini.
663 2347 807 2400 Nihil
839 2347 984 2401 enim
1026 2345 1286 2414 deinceps
1329 2343 1728 2409 excusationis,
1779 2359 1842 2397 re
1904 2345 2146 2415 cognita,
2198 2347 2345 2414 apud
2398 2345 2569 2401 Deum
2621 2345 2980 2416 relinquetur,
3038 2345 3083 2402 si
3145 2357 3299 2414 aequa
3337 2357 3444 2399 non
3478 2342 3636 2399 fece-

367 2445 507 2499 ritis.

433 2537 490 2590 4.
513 2534 760 2589 Nominis
783 2529 1003 2601 quidem
1031 2530 1404 2600 appellatione
1450 2544 1552 2584 nec
1602 2528 1803 2584 bonum
1837 2545 1936 2584 nec

365 2625 567 2682 malum
582 2624 911 2695 diiudicatur
941 2623 1063 2677 sine
1089 2621 1349 2691 subjectis
1375 2623 1576 2676 nomini
1599 2624 1936 2688 actionibus;

360 2718 568 2776 etenim
631 2724 896 2785 quantum
952 2715 1018 2768 ad
1059 2728 1276 2779 nomen,
1308 2729 1414 2782 quo
1460 2715 1817 2784 appellamur,
1846 2731 1941 2784 op—

366 2806 483 2860 timi
530 2820 756 2858 sumus:
807 2805 902 2857 sed
934 2803 1061 2871 quia
1090 2818 1306 2872 aequum
1337 2818 1462 2857 esse
1496 2820 1601 2859 non
1631 2820 1938 2869 censemus,

365 2907 427 2951 ut
456 2907 679 2966 propter
724 2911 944 2958 nomen,
970 2896 1016 2949 si
1053 2895 1180 2950 mali
1225 2910 1348 2950 esse
1390 2911 1704 2965 arguantur,
1731 2896 1943 2950 absolu-

365 2988 566 3042 tionem
592 2996 842 3056 petamus
868 3002 885 3052 ;
911 3001 1102 3040 rursus
1129 2986 1174 3039 si
1205 3002 1307 3040 nec
1345 2989 1414 3042 ob
1447 2987 1684 3041 nominis
1707 2989 1941 3058 appella-

366 3082 588 3144 tionem,
619 3095 717 3134 nec
742 3080 812 3134 ob
851 3080 1066 3134 vivendi
1109 3080 1376 3134 rationem
1422 3083 1715 3151 quidquam
1748 3098 1939 3151 pecca-
1969 3118 2010 3174 ρ

363 3191 505 3239 tuus,
534 3185 777 3230 vestrum
817 3185 902 3230 est
939 3175 1251 3238 elaborare,
1305 3191 1372 3229 ne
1403 3176 1704 3244 plecteudis
1743 3175 1941 3245 injuste

364 3269 678 3324 hominibus
729 3282 836 3320 non
883 3266 1158 3322 convictis
1186 3282 1375 3337 poenas
1401 3266 1634 3334 iustitiae
1670 3266 1937 3321 debeatis.

363 3361 443 3415 Ex
475 3361 694 3416 nomine
717 3361 864 3414 enim
911 3375 1014 3414 nec
1059 3360 1185 3414 laus
1215 3374 1314 3413 nec
1343 3375 1502 3429 pretia
1535 3360 1733 3414 merito
1770 3359 1940 3414 exsti-

364 3454 515 3517 terit,
539 3453 642 3506 nisi
668 3453 799 3522 quid
843 3453 1065 3522 egregie
1091 3452 1287 3521 possit,
1315 3462 1409 3506 aut
1454 3451 1700 3521 improbe
1736 3451 1938 3506 factum

362 3547 609 3620 probari.
637 3545 769 3600 Nam
802 3547 1116 3615 quicunque
1164 3561 1350 3601 coram
1396 3546 1550 3601 vobis
1586 3557 1938 3608 accusantur,

366 3704 584 3775 fuerint,
602 3719 696 3772 pro
717 3719 775 3756 eo
798 3712 955 3772 atque
975 3720 1071 3770 par
1090 3713 1167 3758 est
1187 3704 1386 3769 puniri,
1405 3721 1494 3756 seu
1517 3705 1690 3772 potius
1715 3703 1938 3774 (ipsimet

364 3776 480 3840 nos)
499 3775 591 3826 illa
606 3775 812 3841 punire.
831 3775 936 3828 Sed
958 3776 1072 3827 haec
1092 3788 1305 3842 quoque
1325 3775 1699 3841 interpretatio
1723 3791 1825 3827 non
1852 3791 1940 3828 sa-

367 3843 882 3914 tisfacitrh'laranus
923 3844 1086 3914 igitur
1112 3857 1208 3910 pro
1230 3843 1304 3905 ὡς
1335 3843 1540 3914 πρέπον
1567 3843 1704 3907 ἐστὶ,
1738 3844 1937 3914 μᾶλλον

360 3914 420 3968 δὲ
462 3913 707 3977 κολάζειν
752 3912 878 3977 legit
925 3913 999 3975 ὡς
1043 3914 1250 3983 πρέπον
1289 3912 1458 3983 ἐστὶν,
1478 3913 1638 3968 ἄλλον
1682 3912 1748 3967 δὲ
1776 3915 1936 3969 κολά-

363 3985 509 4048 ζειν·
542 3997 597 4036 ιιι
628 3982 1099 4053 ᾳιιειιιίίὸεξαιὶιιηι
1123 3984 1309 4050 punire
1325 3982 1497 4047 decet,
1526 3986 1600 4037 ita
1624 3985 1932 4052 puniantur.

365 4057 432 4106 At
472 4051 844 4118 vero,'utj:uu
881 4051 1287 4105 Tlialemannus
1315 4051 1814 4118 ttttellexit,’obstat
1841 4055 1931 4120 δέ;

365 4124 597 4178 debebat
628 4137 748 4177 esse
787 4122 924 4174 τινά.
954 4121 1082 4187 Qua:
1110 4139 1233 4176 cum
1269 4123 1339 4174 ita
1377 4124 1504 4185 sint,
1544 4131 1690 4178 recte
1717 4127 1935 4178 omnino

364 4191 644 4246 Thirlbius
691 4192 850 4245 verba
907 4191 1106 4262 μᾶλλον
1145 4193 1202 4246 δὲ
1237 4193 1485 4257 κολάζειν
1535 4195 1762 4247 delenda
1813 4211 1935 4249 esse

363 4263 929 4333 existimavittpNant,
981 4274 1040 4315 ut
1076 4262 1426 4317 llemuannus
1479 4263 1728 4330 (Miscetl.
1784 4264 1931 4333 Lips.

363 4347 513 4394 tt0v.,
556 4335 662 4386 vol.
709 4331 792 4396 ΙΙΙ,
823 4349 874 4400 p.
899 4349 964 4396 tt,
997 4351 1050 4401 p.
1079 4333 1228 4403 29.5,
1273 4335 1381 4403 sq.)
1426 4333 1695 4397 observat,
1731 4331 1933 4402 aliquis

365 4403 524 4470 hujus
548 4403 650 4455 loci
683 4403 875 4466 lector,
898 4404 986 4471 qui
1011 4402 1333 4467 κολάζεσθαι
1359 4402 1640 4472 perperam
1664 4407 1927 4472 scriptum

360 4466 484 4545 ςεέθ
526 4475 793 4545 putavit,_
818 4466 1106 4545 adscripsit
1159 4466 1210 4526 in
1251 4466 1496 4542 margine
1539 4473 1737 4545 μᾶλλον
1765 4466 1925 4527 κολά-
1960 4466 2004 4519 ι)

361 4539 500 4608 ζειν,
527 4539 652 4608 quae
682 4543 844 4597 verba
874 4539 1130 4598 librarius
1175 4545 1224 4595 ιιι
1260 4539 1462 4597 textum
1489 4539 1689 4613 reet-pit
1717 4555 1771 4598 et
1806 4561 1934 4598 con-

362 4617 610 4668 nexionis
633 4629 793 4666 causa
817 4613 874 4665 δέ
915 4615 1162 4666 inseruit.
1197 4615 1304 4667 Sed
1337 4615 1538 4668 erravit
1567 4615 1626 4669 V.
1660 4617 1720 4668 υ.
1763 4617 1812 4667 iu
1844 4631 1929 4679 eo,

360 4685 502 4750 quod
553 4695 918 4738 correctorem
981 4695 1127 4737 recte
1182 4697 1420 4738 mutasse
1466 4695 1690 4750 censet;
1725 4689 1931 4738 etenim

361 4753 1212 4826 Brullltlolt0l8lll0$01d§$60at
1247 4756 1352 4826 (sc.
1391 4754 1610 4821 αὐτούς)
1657 4757 1760 4809 hoc
1818 4756 1933 4810 loco

359 4826 468 4876 vim
499 4825 707 4893 obtinet
735 4825 1034 4892 passivam,
1065 4825 1117 4878 id
1143 4825 1285 4893 quod
1317 4840 1384 4877 ex
1417 4827 1777 4879 antecedente
1815 4826 1934 4892 ἐξε-

357 4891 615 4957 τάζεσθαι
639 4891 862 4963 apparet
913 4891 1176 4964 aliisque—
1201 4911 1269 4947 ex
1313 4896 1469 4960 locis,
1502 4910 1730 4965 quorum
1762 4891 1934 4959 ,huuc

363 4972 739 5018 tantummodo
798 4965 1088 5019 all'eretnus
1135 4975 1323 5018 nostro
1365 4967 1504 5018 haud
1561 4967 1878 5019 dissimilem
1916 4985 1928 5020 :

355 5033 698 5106 Κγολάζεσθαι
738 5033 793 5086 δὲ
833 5036 958 5098 τοὺς
1001 5037 1100 5088 οὐκ
1143 5033 1449 5097 ἀκολούθως
1475 5039 1584 5098 τοῖς
1612 5035 1933 5106 διδάγμασιν

354 5105 520 5231 ὃύτοῦ
554 5105 801 5175 βιοῦ-ηας
828 5136 897 5144 —-
921 5105 1178 5176 ἀξιοῦμεν
1205 5108 1368 5176 (infra
1394 5122 1543 5160 nutu.
1570 5107 1658 5173 16,
1687 5109 1740 5161 in
1775 5105 1931 5176 line.)

405 5193 531 5231 r'ro.

405 5193 531 5231 Ττυ.

428 5248 543 5318 (54)
575 5246 650 5318 Τὰ
675 5243 986 5315 πράγματα
1025 5245 1288 5317 ἐπάγειν.
1315 5245 1506 5301 Billius
1524 5247 1808 5315 legendum
1835 5263 1933 5316 pu-

359 5317 459 5381 tat,
511 5317 750 5380 ὲτὰζειν,
809 5320 1137 5380 examinare,
1193 5320 1290 5370 lib.
1353 5335 1387 5371 ιι
1458 5317 1732 5372 Observat.
1787 5336 1930 5373 sacr.

356 5403 476 5456 cap.
503 5389 566 5451 6;
602 5390 696 5440 sed
738 5391 1043 5442 necessaria
1074 5403 1178 5442 non
1211 5390 1426 5442 videtur
1465 5390 1578 5442 haec
1603 5389 1928 5445 emendatio.

428 5458 542 5528 (55)
593 5457 960 5524 Πρόκλησιν.
1020 5458 1400 5512 Conditiouem
1448 5459 1706 5512 reddidi:
1752 5474 1930 5526 neque

353 5531 497 5581 enim
525 5531 624 5581 hac
647 5543 776 5581 voce
804 5532 1118 5598 designatur
1140 5530 1453 5596 provocatio
1484 5531 1536 5581 in
1564 5529 1671 5596 jus,
1706 5529 1800 5581 sed
1830 5545 1929 5596 po-

354 5605 479 5665 tius,
512 5607 569 5651 ut
600 5612 744 5666 saepe
773 5597 1059 5663 alias,’lata
1092 5601 1158 5652 ad
1189 5601 1616 5667 componendam
1652 5608 1744 5651 aut
1770 5613 1927 5653 aver-

353 5671 571 5722 tendam
604 5668 932 5739 discordiam
958 5669 1218 5739 conditio.
1248 5669 1492 5739 Pyrrhus
1537 5669 1678 5739 apud
1712 5668 1928 5721 Plutar-

352 5740 538 5810 chum,
586 5753 656 5810 ι).Δ
697 5737 820 5798 589,
853 5739 1064 5810 accepit.
1109 5737 1204 5810 τὴν
1232 5737 1529 5810 πρόκλησιν
1572 5737 1925 5792 conditionem

348 5807 659 5879 Lysimachi
690 5808 1017 5877 postulantis
1046 5819 1100 5867 ut
1130 5807 1500 5867 Macedoniam
1544 5813 1688 5866 inter
1721 5825 1778 5865 se
1798 5825 1924 5881 par-

2114 2526 2167 2580 4.
2207 2527 2498 2596 Ὀνόματος
2550 2525 2647 2596 μὲν
2693 2522 3196 2598 οῦν”προσωνυμίᾳ
3249 2525 3371 2580 οὔτε
3421 2527 3635 2596 ἀγαθὸν

2047 2619 2171 2673 οὔτε
2226 2619 2395 2672 κακὸν
2451 2618 2696 2689 κρίνεται
2741 2617 2871 2671 ἄνευ
2905 2616 3013 2669 τῶν
3068 2618 3487 2671 ύποπιπτουσῶν
3548 2619 3637 2692 τῷ

2045 2714 2273 2783 ὀνόματι
2314 2710 2568 2782 πράξεων
2589 2728 2602 2740 ·
2638 2710 2783 2773 ἐπεὶ,
2806 2711 2930 2763 ὅσον
2960 2726 3018 2761 τε
3048 2710 3112 2762 ἐκ
3160 2708 3253 2762 τοῦ
3290 2727 3635 2784 κατηγορου-

2051 2807 2212 2877 μένου
2241 2804 2351 2875 (58)
2379 2803 2536 2875 ἡμῶν
2557 2803 2843 2874 ὀνόματος,
2886 2803 3244 2874 χρηστότατοι
3283 2803 3628 2875 ύπάρχομεν.

2061 2899 2197 2951 Ἀλλ’
2224 2899 2347 2950 ἐπεὶ
2393 2897 2454 2950 οὑ
2479 2895 2636 2949 τοῦτο
2669 2896 2878 2949 δίκαιον
2902 2893 3204 2966 ἡγούμεθα,
3232 2895 3320 2950 διὰ
3345 2897 3404 2948 τὸ
3433 2897 3630 2968 ὄνομα,

2047 2992 2143 3044 ἐὰν
2179 2990 2339 3043 κακοὶ
2375 2985 2748 3059 ὲλεγχὼμεθα,
2791 2989 2962 3040 αἰτεῖν
3011 2985 3289 3056 ἀφίεσθαι,
3344 2986 3530 3050 πάλιν,
3578 2990 3632 3040 εξ

2054 3083 2218 3155 μηδὲν
2247 3083 2334 3136 διά
2356 3099 2412 3134 τε
2442 3081 2537 3152 τὴν
2582 3079 2952 3152 προσηγορίαν
2977 3078 3070 3131 τοῦ
3106 3078 3389 3149 ὀνόματος,
3419 3079 3513 3132 καὶ
3536 3081 3631 3134 διὰ

2042 3177 2139 3248 τὴν
2162 3175 2437 3228 πολιτείαν
2457 3170 2821 3245 εὑρισκόμεθα
2837 3169 3167 3234 ἀδικοῦντες,
3188 3171 3451 3242 ὑμέτερον
3477 3171 3628 3238 ἀγω-

2041 3269 2223 3325 νιᾶσαι
2249 3269 2385 3332 ἐστι,
2423 3266 2516 3337 μὴ,
2547 3265 2748 3328 ἀδίκως
2787 3263 3109 3327 κολάζοντες
3135 3265 3259 3326 τοὺς
3294 3263 3368 3335 μὴ
3407 3263 3629 3334 ἐλεγχο-

2046 3366 2260 3434 μένους,
2278 3364 2343 3432 τῇ
2371 3361 2494 3430 δίκῃ
2522 3358 2742 3412 κόλασιν
2775 3359 3068 3429 ὀφλήσητε.
3113 3359 3200 3425 Ἐξ
3231 3358 3496 3430 ὀνόματος
3523 3361 3624 3428 μὲν

2044 3457 2149 3525 γὰρ
2191 3454 2224 3526 ἢ
2262 3454 2500 3516 ἔπαινος,
2540 3451 2572 3523 ἢ
2619 3449 2842 3512 κόλασις
2879 3451 2979 3502 ούκ
3005 3450 3071 3503 ἂν
3115 3451 3356 3519 εὐλόγως
3386 3451 3622 3519 γένοιτο,

2041 3547 2108 3616 ἢν
2134 3549 2205 3617 μή
2228 3564 2279 3598 τι
2305 3545 2557 3617 ἐνάρετον
2580 3543 2614 3614 ἢ
2644 3543 2847 3612 φαῦλον
2877 3543 2945 3596 δι’
2983 3543 3160 3614 ἔργων
3200 3543 3622 3597 ἀποδείκνυσθαι

2043 3709 2298 3761 tirentur.
2337 3704 2482 3776 Sylla
2515 3705 2655 3773 apud
2683 3704 2957 3766 eumdem,
2990 3718 3062 3776 _p.
3092 3701 3218 3776 466,
3245 3702 3458 3776 accepit
3487 3716 3622 3756 con-

2039 3776 2299 3830 ditionem
2331 3771 2578 3844 Ai‘cltelai
2613 3790 2799 3844 pacem
2829 3773 3170 3844 postulantis.
3199 3771 3467 3844 Inplil).De
3498 3788 3622 3824 con-

2041 3847 2252 3902 suetud.
2301 3845 2454 3898 Rom.
2512 3842 2769 3898 Edituus
2827 3843 3074 3914 Herculis
3121 3842 3488 3914 προκλήσεσιν
3510 3845 3616 3914 έμ-

2044 3917 2242 3986 μένων,
2294 3927 2438 3986 stuns
2490 3915 2926 3986 couditt'onibuiip1
2977 3911 3326 3986 Larentiatu
3361 3911 3617 3986 convivio

2039 3983 2320 4055 exceptam
2359 3984 2574 4037 Herculi
2611 3985 2856 4040 tradidit.
2889 3984 2972 4055 Exi
2997 3983 3116 4055 _ltis
3150 3983 3614 4055 illustrari__potest

2040 4051 2384 4124 l’ltilostorgii
2417 4056 2569 4109 locus
2602 4055 2695 4107 lib.
2731 4070 2803 4118 ιι,
2834 4069 2888 4122 p.
2915 4053 3039 4115 519,
3067 4069 3172 4107 non
3198 4053 3380 4107 bellea
3404 4051 3616 4107 Valesio

2042 4129 2305 4180 redditus.
2346 4125 2696 4192 Demophilus
2725 4126 2890 4194 etqui
2925 4140 3046 4178 cum
3072 4139 3136 4178 eo
3170 4125 3427 4194 Cyzicum
3465 4124 3614 4177 ordi-

2043 4199 2204 4249 nandi
2233 4197 2471 4264 episcopi
2505 4211 2670 4249 causa
2702 4205 2996 4257 venerant,
3034 4194 3291 4247 dicuntur
3331 4195 3616 4263 accepisse

2039 4266 2136 4336 τὴν
2162 4265 2461 4338 πρόκλησιν
2507 4266 2858 4338 conditionem
2907 4280 2936 4318 ιι
2989 4264 3271 4338 Cyzicenis
3322 4265 3484 4316 latam
3505 4273 3613 4338 ,_et

2037 4333 2254 4390 Aetiuiu
2286 4333 2369 4390 ae'
2395 4333 2716 4389 Eunomitim
2741 4333 3088 4390 anathemate
3109 4335 3421 4400 damnasse,
3453 4334 3610 4386 τοῦτο

2037 4407 2210 4484 γὰρ
2230 4404 2547 4484 πρόκλησις,
2579 4409 2689 4484 hinc
2705 4409 2857 4484 enini
2871 4416 2982 4484 erat
3019 4405 3274 4484 condi-tio.

2104 4475 2218 4547 (56)
2252 4475 2347 4543 Τὶς
2370 4475 2488 4530 τῶν
2508 4475 2796 4547 παλαιῶν.
2827 4479 3036 4532 Dictum
3061 4475 3425 4547 estPlatonis,
3454 4475 3549 4547 lib.
3577 4491 3610 4526 v

2036 4545 2121 4600 Dei
2149 4545 2284 4618 rép.,
2326 4548 2467 4618 quod
2493 4561 2539 4599 -ιι
2574 4546 2798 4618 Philone
2828 4563 3044 4617 quoque
3071 4545 3307 4618 refertur
3330 4562 3382 4613 p.
3422 4546 3528 4618 445
3551 4557 3606 4599 et

2037 4634 2067 4671 a
2091 4614 2360 4672 Cicerone
2383 4633 2470 4685 ep.
2500 4619 2565 4670 ad
2592 4617 2658 4683 Q.
2704 4614 2971 4670 fratreutf
3002 4618 3143 4670 Idem
3177 4625 3230 4670 et
3261 4614 3443 4669 Marco
3495 4616 3608 4668 An-

2039 4690 2226 4743 tonino
2259 4705 2473 4758 semper
2507 4689 2683 4758 inore
2719 4688 2892 4758 fuisse,
2937 4688 3254 4742 adnotatum
3279 4702 3309 4739 a
3335 4685 3482 4741 Julio
3501 4688 3606 4742 Ca-

2035 4759 2262 4827 pitolino
2296 4761 2348 4811 in
2380 4757 2499 4812 Vita
2533 4757 2648 4824 ejus
2679 4774 2800 4827 cap.
2825 4757 2916 4810 ‘27.
2951 4758 3216 4813 SvLuunG.

2107 4830 2219 4899 (57)
2247 4829 2446 4894 Ὅπως
2488 4828 2640 4895 ὑπὲρ
2667 4826 2801 4882 τῶν.
2855 4827 3022 4882 Recte
3062 4829 3345 4882 admonuit
3388 4827 3604 4893 Billius,

2036 4899 2129 4953 lib.
2162 4917 2198 4953 ιι
2235 4901 2508 4953 Observat.
2554 4916 2693 4952 sucr.
2733 4914 2853 4968 cap.
2885 4900 2939 4964 6,
2983 4900 3266 4969 legendum
3310 4915 3429 4954 esse

2038 4969 2112 5040 μὴ
2142 4970 2437 5042 suspiciam
2474 4971 2612 5023 Idem
2640 4967 2920 5042 existimat
2942 4967 3230 5042 delendum
3263 4985 3387 5042 esse
3422 4967 3606 5042 αὑτῷν

2037 5039 2157 5108 post
2180 5039 2602 5109 τυφλώττοντες.
2633 5039 2736 5093 Sed
2765 5050 2943 5092 tamen
2972 5040 3086 5093 lieri
3121 5050 3297 5105 potest
3330 5041 3443 5094 hinc
3463 5039 3605 5094 scri-

2035 5121 2211 5174 ptura,
2249 5122 2307 5163 ut
2340 5111 2536 5164 Justini
2572 5111 2712 5180 stylo
2746 5125 2850 5180 non
2882 5110 3075 5164 aliena.
3110 5111 3255 5165 ldetu
3283 5113 3428 5165 enim
3461 5110 3605 5162 valet

2039 5191 2100 5231 ac
2127 5182 2175 5232 οἱ
2211 5179 2846 5250 τυφλώττοντεςίαὺτῶν,
2883 5181 2976 5249 qui
3001 5198 3065 5234 ea:
3097 5185 3172 5234 eis
3197 5185 3301 5234 sive
3324 5182 3460 5233 inter
3483 5182 3604 5250 illos

2033 5249 2333 5305 cwcutiunt.
2382 5253 2584 5306 Ibidem
2642 5253 2936 5321 legendum
2983 5253 3194 5306 videtur
3245 5251 3399 5304 αὐτοὶ
3433 5249 3604 5321 ὀφλή-

2034 5335 2235 5390 σωμεν.
2275 5321 2389 5374 Non
2437 5323 2574 5375 belle
2624 5320 2856 5392 Grabius
2903 5321 3030 5391 legit
3063 5323 3204 5376 αὐτὰ
3256 5320 3602 5392 ὀφλήσωμεν.

2107 5393 2218 5461 (58)
2251 5390 2799 5460 [ferme-pauperat).
2833 5390 3060 5454 Nomen,
3081 5395 3224 5462 quod
3259 5390 3472 5446 crimini
3500 5392 3602 5443 da-

2033 5469 2142 5532 tur,
2207 5479 2544 5531 nequaquam
2597 5463 2934 5531 signiﬁcatur
2966 5463 3066 5516 hac
3111 5478 3264 5527 voce,
3297 5465 3390 5516 sed
3423 5463 3601 5532 ipsuttt

2002 5529 2227 5586 .uouien
2261 5529 2369 5601 quo
2391 5529 2731 5600 appellantur
2755 5533 3077 5586 Christiani.
3125 5535 3217 5587 Sic
3266 5533 3404 5585 inl‘ra
3457 5548 3507 5582 ιι.
3543 5529 3600 5594 7,

2030 5601 2089 5652 τι
2138 5601 2706 5672 ὲπικατηγορούμενον
2753 5603 2924 5672 ὄνομα
2979 5605 3140 5657 aliam
3190 5601 3605 5671 interpretatio-

2030 5687 2152 5744 item
2195 5689 2298 5744 non
2345 5671 2572 5742 patitur.
2602 5671 2667 5726 Et
2703 5689 2757 5730 tt.
2785 5671 2891 5731 εἷς
2920 5674 2982 5728 τὸ
3023 5673 3604 5744 ὲπικατηγορούμενον

2028 5743 2196 5813 ὄνομα
2227 5743 2326 5814 τῆς
2357 5743 2692 5812 φιλοσοφίας.
3175 5749 3186 5755 “
