3948 6256
318 366 418 422 553

1424 370 1765 428 APOLOGIA
1803 370 1822 424 Ι
1863 367 1999 426 PRO
2031 366 2482 428 CHRISTIANIS:

3488 363 3591 436 334'

314 484 542 552 δτὶνηται.
585 482 698 535 Καὶ
750 484 864 555 γὰρ
897 486 1026 549 τοὺς
1071 490 1599 561 κατηγορουμένους
1642 492 1726 559 ἐφ’
1756 490 1884 560 ὑμῶ

2017 502 2113 543 eos
2140 504 2298 560 poena
2331 505 2437 545 non
2494 488 2716 545 aﬂicitis
2764 499 3053 563 antequam
3083 495 3488 552 convincantur.
3530 498 3585 553 In

317 577 511 638 πάντας
560 575 673 643 (39)
730 578 867 648 πρὶν
920 577 1271 651 ἐλεγχθῆναι
1327 582 1385 634 οὐ
1439 585 1731 653 τιμωρεῖτε
1764 600 1777 612 ·
1824 584 1908 653 ἐφ’

317 668 465 738 ἡμῶν
503 668 559 721 δὲ
593 667 655 719 τὸ
701 667 882 739 δνομα
920 669 999 733 ὡς
1054 671 1289 744 ἔλεγχον
1332 674 1655 747 λαμϐάνετε,
1682 678 1905 748 καίπερ,

318 762 435 813 ὅσον
456 777 515 827 γε
530 760 593 813 ὲκ
607 761 703 814 τοῦ
737 762 1035 833 ὀνόματος,
1066 767 1200 829 τοὺς
1227 766 1670 839 κατηγοροῦντας
1706 769 1907 840 μᾶλλον

320 854 555 918 κολάζειν
593 854 869 924 ὀφείλετε.
906 858 1238 929 Χριστιανοὶ
1270 859 1380 931 (40)
1415 859 1523 931 γὰρ
1558 857 1701 915 εἶναι
1738 880 1908 935 κατη-

318 946 615 1017 γορούμεθα
635 963 650 977 ’
678 947 740 1001 τὸ
771 949 829 1001 δὲ
851 950 1097 1021 χρηστὸν
1128 950 1241 1022 (41)
1278 952 1548 1023 μισεῖσθαι
1588 956 1651 1007 οὐ
1675 955 1901 1010 δίκαιον.

318 1038 427 1092 Καὶ
454 1038 630 1101 πάλιν,
660 1040 759 1093 ἐὰν
786 1040 887 1111 μέν
919 1058 1005 1105 τις
1031 1041 1141 1095 τῶν
1165 1047 1649 1117 κατηγορουμένων
1678 1047 1902 1119 ἔξαρνος

312 1126 562 1197 γένηται,
589 1131 658 1198 τῇ
687 1133 843 1200 φωνῇ
874 1131 950 1203 μὴ
988 1127 1130 1185 εἶναι
1163 1135 1363 1205 φήσας,
1391 1135 1579 1205 ἀφίετε
1609 1136 1793 1202 αὐτὸν,
1827 1137 1903 1200 ὡς

314 1218 471 1287 μηδὲν
493 1219 742 1289 ἐλέγχειν
766 1220 986 1291 ἔχοντες
1012 1223 1396 1296 ἁμαρτάνοντα
1414 1243 1429 1257 ο
1454 1227 1551 1281 ἐὰν
1582 1226 1641 1280 δέ
1671 1245 1754 1290 τις
1772 1230 1903 1298 ὁμο-

312 1311 514 1383 λογήσῃ
532 1311 659 1382 ,(42)
690 1308 861 1379 εἶναι,
894 1315 985 1369 διὰ
1013 1316 1110 1387 τὴν
1147 1318 1437 1389 ὁμολογίαν
1458 1320 1717 1387 κολάζετε
1738 1338 1751 1351 ⁸
1782 1321 1900 1375 δέον

308 1402 402 1454 καὶ
427 1402 517 1453 τον
557 1403 655 1456 τοῦ
693 1405 1091 1475 ὁμολογοῦντος
1117 1408 1231 1477 βίον
1256 1409 1499 1466 εὐθύνειν
1557 1414 1653 1466 καὶ
1685 1412 1780 1467 τὸν
1804 1413 1897 1467 τοῦ

307 1494 664 1564 ἀρνουμένου,
696 1498 851 1561 ὅπως
874 1498 961 1552 διὰ
987 1498 1095 1553 τῶν
1119 1500 1369 1571 πράξεων
1393 1504 1576 1567 ὁποῖός
1599 1506 1748 1560 ἐστιν
1773 1506 1900 1562 ἔκα-

304 1604 425 1649 στος
478 1589 766 1658 φαίνηται.
814 1592 910 1644 Ὃν
935 1592 1045 1663 γὰρ
1070 1593 1269 1664 τρόπον
1308 1594 1714 1666 παραλαϐόντες
1755 1598 1898 1662 τινὲς

303 1677 452 1747 παρὲ
477 1678 571 1730 τοῦ
588 1679 921 1733 διδασκάλου
956 1682 1198 1753 Χριστοῦ
1227 1684 1301 1757 μὴ
1330 1685 1615 1757 ἀρνεῖσθαι
1642 1688 1896 1753 ἐξεταζό-

300 1787 449 1837 μενοι
476 1772 956 1841 παρακελεύονται
994 1774 1128 1845 (45),
1159 1776 1251 1830 τὸν
1282 1777 1442 1832 αὐτὸν
1480 1779 1679 1851 τρόπον
1708 1781 1894 1844 κακῶς

2013 583 2171 637 nobis
2198 592 2381 638 autem
2402 599 2601 653 nomen
2627 587 2935 656 argumenti
2967 578 3088 643 loco
3126 588 3370 656 sumitis;
3397 596 3590 659 quam-

2011 672 2116 737 vis,
2140 682 2402 741 quantum
2423 675 2489 726 ad
2524 672 2698 741 ipsum
2732 689 2927 729 nomen
2958 676 3173 739 attinet,
3202 676 3255 730 in
3281 690 3378 731 eos
3403 679 3588 745 potius

2010 764 2101 831 qui
2130 762 2259 817 illud
2287 761 2561 828 deferunt,
2596 764 3038 821 animadvertere
3070 767 3367 823 deberetis.
3410 767 3588 824 Accu-

2010 870 2198 910 samur
2231 855 2376 909 enim
2412 856 2554 925 qnod
2578 854 2871 911 Christiani
2906 844 3104 915 simus:
3128 858 3238 931 46
3264 854 3461 914 bonum
3488 875 3588 914 au-

2010 957 2115 1000 tem
2144 947 2271 1002 odio
2295 946 2486 1001 haberi
2512 940 2700 1000 contra
2737 948 3003 1016 juStitiam
3047 959 3151 1004 est.
3185 950 3392 1005 Deinde
3430 956 3583 1017 vero,

2007 1039 2052 1094 si
2078 1040 2200 1109 quis
2228 1054 2292 1094 ex
2323 1041 2411 1096 his
2437 1042 2527 1110 qui
2554 1050 2889 1097 accusantur
2909 1051 3303 1115 negatoremse
3320 1045 3581 1115 praebeat,

2004 1134 2172 1188 verbo
2196 1147 2402 1203 negans
2434 1148 2494 1188 se
2532 1149 2653 1189 esse
2696 1134 3071 1191 Christianum
3096 1179 3111 1202 ,
3152 1138 3429 1194 dimittitis
3457 1148 3581 1195 tan-

2003 1241 2165 1294 quam
2201 1226 2335 1280 nihil
2383 1226 2650 1281 habentes
2701 1231 2847 1296 quod
2892 1243 3014 1283 eum
3054 1244 3290 1299 peccare
3313 1233 3580 1303 arguatis.

2004 1316 2060 1372 Si
2093 1320 2213 1386 quis
2244 1328 2424 1373 autem
2462 1319 2828 1387 confiteatur,
2878 1335 3103 1391 poenam
3135 1326 3206 1379 ob
3238 1324 3410 1395 ipsam
3440 1340 3581 1381 con-

2005 1412 2291 1466 fessionem
2324 1412 2623 1481 irrogatis.
2656 1428 2780 1467 cum
2812 1422 2867 1469 et
2903 1415 3216 1472 confitentis
3244 1427 3297 1472 et
3330 1408 3579 1489 negantis

2004 1502 2166 1554 vitam
2211 1510 2474 1557 excutere
2516 1509 2787 1570 oporteat,
2843 1512 2900 1557 ut
2952 1519 3018 1557 ex
3062 1504 3377 1560 actionibus
3402 1496 3581 1576 qualis

2000 1592 2230 1661 quisque
2274 1592 2345 1646 sit
2385 1591 2742 1661 intelligatur.
2776 1591 3241 1660 Quemadmodum
3274 1599 3422 1652 enim
3459 1597 3579 1667 qui-

2000 1685 2146 1751 dam,
2175 1699 2294 1739 cum
2320 1700 2347 1738 a
2370 1685 2630 1755 magistro
2655 1684 2875 1741 Chrisro
2904 1686 3197 1742 didicerint
3219 1704 3325 1743 non
3351 1705 3576 1760 negare,

2002 1775 2318 1845 interrogati
2350 1776 2698 1831 hortatorum
2735 1792 2960 1833 munere
2999 1776 3302 1850 funguntur
3334 1797 3350 1834 :
3381 1782 3461 1835 sic
3483 1770 3575 1851 qui

296 1859 520 1923 ζῶντες,
582 1860 718 1924 ἴσως
772 1864 1030 1935 ἀφορμὰς
1083 1866 1379 1936 παρέχουσι
1421 1848 1534 1931 τοῖς
1572 1867 1747 1932 ἄλλως
1780 1869 1884 1940 (44)

1998 1863 2135 1918 male
2156 1865 2365 1932 vivunt,
2394 1882 2582 1920 ansam
2609 1867 2838 1923 fortasse
2858 1868 2923 1923 iis
2948 1870 3210 1938 praebent,
3231 1872 3322 1941 qui
3354 1872 3576 1928 aliunde

295 1953 624 2021 καταλέγειν
669 1954 782 2007 τῶν
828 1956 1048 2009 πάντων
1099 1958 1440 2027 Χριστιανῶν
1493 1959 1748 2014 ἀσέϐειαν
1799 1962 1894 2015 κα).

290 2042 506 2094 ἀδικίαν
532 2046 911 2114 αἱρουμένοις.
940 2047 1053 2099 Οὐκ
1081 2047 1256 2118 ὀρθῶς
1282 2049 1379 2118 μὲν
1404 2048 1698 2103 οὐδὲτοῦτο
1722 2051 1895 2122 πράτ-

288 2151 471 2187 τεταιο
533 2137 634 2189 καὶ
684 2137 795 2208 γάρ
861 2155 941 2191 τοι
1010 2139 1324 2209 φιλοσοφίας
1368 2141 1541 2206 ὄνομα
1572 2143 1667 2196 καὶ
1708 2144 1893 2215 σχῆμα

284 2226 703 2298 ἐπιγράφνταί
765 2247 910 2292 τινες
956 2230 1004 2282 οἳ
1050 2232 1203 2285 οὐδὲν
1246 2234 1391 2300 ἄξιον
1422 2236 1520 2306 τῆς
1548 2236 1891 2306 ὑποσχέσεως

284 2320 616 2389 πρὰττουσι.
649 2322 959 2375 Γινώσκετε
992 2323 1037 2376 δ’
1068 2326 1151 2379 ὅτι
1178 2326 1272 2379 καὶ
1312 2329 1360 2379 οί
1392 2328 1460 2381 τὰ
1493 2329 1714 2383 ἐναντία
1738 2328 1892 2393 δοξά-

513 2414 616 2467 καὶ
646 2414 1082 2484 δογματίσαντες
1108 2417 1217 2471 τῶν
1252 2418 1499 2474 παλαιῶν
1542 2421 1676 2493 (45),
1711 2422 1787 2493 τῷ
1810 2424 1890 2477 ἑνὶ

358 2573 481 2645 (59)
640 2573 813 2641 ὑμῶν
834 2573 1086 2640 πάντας.
1104 2575 1177 2629 Ita
1196 2575 1258 2629 ῐῖ.
1280 2574 1473 2645 Steph.
1491 2584 1547 2632 et
1573 2579 1743 2633 codex
1767 2579 1891 2634 Cla-

288 2659 423 2720 roin-
463 2642 610 2697 Mate
628 2644 1035 2699 incdilionihus
1069 2645 1239 2701 Paris.
1259 2657 1314 2701 et
1341 2642 1600 2703 German.
1627 2650 1713 2719 ἐφ’
1736 2651 1890 2720 ὑμῶν

286 2716 503 2767 πάντων
511 2758 527 2770 .

358 2788 475 2853 (40)
507 2786 890 2852 Χριστιανοί.
939 2786 1283 2858 δγιὴυίι-εἰιιε,
1309 2786 1526 2858 Langus
1555 2801 1611 2843 et
1651 2792 1890 2850 Grabius

290 2856 609 2929 legentlunn
634 2866 834 2924 putant
886 2856 1072 2912 hocin
1108 2856 1304 2929 loco_et
1331 2861 1381 2911 in
1410 2856 1519 2914 alio
1548 2861 1711 2914 simili
1746 2880 1799 2917 η.
1832 2865 1888 2929 7,

289 2924 649 2998 κρηπιανοξς
701 2936 994 2994 propterea
1037 2930 1179 2995 quod
1228 2925 1474 2983 Justinus
1518 2930 1660 2985 hanc
1698 2924 1887 2988 vocem

290 3000 427 3051 idem
455 3012 581 3051 esse
632 3006 794 3072 putat
824 3011 889 3051 ac
926 2998 985 3050 τὸ
1021 2999 1277 3070 χρηστόν,
1308 3000 1453 3072 unde
1488 3001 1653 3054 etiam
1702 3017 1885 3072 supra,

287 3078 545 3136 quantm:
588 3072 664 3120 ad
692 3069 878 3139 ipsum
932 3069 1119 3123 nomen
1168 3069 1528 3139 χρηστότατοι
1578 3069 1783 3127 sumus.
1828 3074 1886 3128 lu

288 3153 392 3207 quo
414 3139 649 3208 quidem
768 3148 1068 3209 martyrem
1096 3136 1366 3221 respicere
1392 3150 1587 3221 putant
1613 3142 1884 3221 adnusuat

1996 1954 2064 2008 ad
2093 1954 2455 2025 aﬂingendam
2483 1955 2738 2011 omnibus
2790 1948 3118 2012 Christianis
3150 1958 3483 2027 impietatem
3518 1962 3574 2015 et

1996 2044 2315 2114 injustitiam
2341 2047 2516 2112 parati
2550 2046 2697 2100 sunt.
2733 2045 2917 2116 Neque
2946 2047 2997 2101 id
3027 2058 3175 2103 recte
3194 2056 3572 2118 comparatum“

1994 2146 2097 2189 est.
2151 2136 2381 2201 Quidam
2422 2137 2567 2189 enim
2616 2135 2975 2206 philosophia:
3011 2152 3209 2192 nomen
3236 2148 3292 2193 et
3327 2140 3573 2195 habitum

1993 2241 2104 2295 pra:
2129 2242 2186 2281 se
2222 2218 2424 2291 ferunt,
2471 2227 2561 2297 qui
2602 2217 2737 2282 nihil
2774 2229 2993 2298 dignum
3039 2229 3143 2284 hoc
3167 2232 3435 2300 promisso
3487 2232 3572 2286 fa-

1995 2321 2174 2385 ciunt;
2227 2335 2325 2374 nec
2378 2326 2473 2376 vos
2522 2322 2658 2376 latet
2685 2336 2800 2387 eos,
2832 2322 2924 2391 qui
2958 2325 3228 2377 contraria
3269 2323 3395 2379 olim
3430 2326 3573 2381 inter

1994 2427 2053 2466 se
2081 2426 2301 2467 sensere
2327 2427 2391 2468 ac
2418 2414 2679 2479 docuere,
2714 2414 2935 2469 nomine
2960 2429 3066 2468 uno
3093 2416 3353 2485 appellari
3393 2418 3571 2488 philo:

1993 2571 2362 2647 Christianus.
2377 2572 2557 2641 ιΑροΙ.
2578 2588 2628 2647 ο.
2652 2574 2709 2631 ὅ.
2730 2574 3091 2643 Quamobrem
3116 2575 3307 2631 vitiosa
3325 2592 3570 2647 pronuns

1994 2644 2148 2696 tiatio
2168 2645 2309 2711 apud
2335 2658 2537 2718 paucos
2565 2646 2904 2718 obrepserat,
2935 2661 3112 2718 neque
3142 2648 3196 2701 id
3226 2644 3571 2706 con—tumelias

1989 2728 2178 2776 causa,
2214 2714 2406 2784 utéviri
2436 2715 2579 2784 docti
2626 2714 3038 2782 existimarunt;
3080 2719 3176 2772 sed
3228 2733 3445 2784 errore,
3510 2735 3568 2775 ut

1992 2793 2145 2853 patet
2171 2798 2238 2837 ex
2262 2783 2599 2839 Tertulliano
2628 2796 2685 2839 et
2707 2785 3014 2842 Lactantio.
3044 2805 3063 2838 ι
3091 2788 3266 2841 Etiam
3292 2783 3568 2845 comicor-s

1992 2864 2149 2931 [upte
2175 2870 2205 2931 a_
2236 2854 2409 2931 vobis,
2438 2855 2613 2931 inquit
2646 2855 3037 2931 Tertullianus,
3070 2873 3085 2911 ι
3111 2860 3179 2912 ad
3205 2857 3336 2913 Nat.
3360 2876 3481 2929 cap;
3509 2864 3566 2931 ὅ,

1991 2924 2301 2999 Chrestiani
2332 2927 2754 2999 pronuntiamur
2786 2928 2935 2996 (nam
2978 2944 3047 2983 ne
3085 2930 3321 2985 nominis
3345 2924 3565 2999 quidem

1992 2996 2166 3067 ipsius
2220 2996 2427 3067 liquido
2449 2998 2585 3051 certi
2610 2998 2790 3066 estis),
2822 2999 2903 3054 sic
2928 3014 3143 3067 quoque
3178 3003 3245 3054 de
3288 2996 3566 3059 suavitate

1989 3066 2071 3118 vel
2105 3066 2348 3139 bonitate
2380 3067 2717 3139 modulatum
2744 3079 2899 3139 est.)
2931 3068 3001 3123 Et
3028 3066 3346 3125 Lactantius
3372 3070 3464 3128 lib.
3487 3081 3564 3139 tv,

1990 3138 2176 3212 cap._7
2211 3152 2224 3188 :
2261 3148 2281 3188 ‹
2309 3136 2415 3212 Sed
2435 3138 2756 3206 exponenda
2782 3137 2943 3212 hujus
2990 3140 3225 3212 nominis
3260 3144 3400 3195 ratio
3433 3136 3564 3212 pro-'-

288 3207 514 3272 tam,’ut
550 3207 1043 3262 eruditorum‘non
1075 3207 1235 3279 pauci
1261 3207 1469 3278 opinati
1492 3221 1640 3276 sunt,
1666 3213 1881 3269 Chresti

1994 3216 2112 3279 pter
2140 3207 2513 3279 ignorantium
2537 3207 2908 3278 errorem,qui
2935 3224 3059 3265 eum
3077 3210 3359 3267 immutata
3381 3207 3565 3270 liitera

288 3294 380 3347 per
415 3278 718 3333 ridiculum
742 3278 1134 3346 pronuntiandi
1166 3281 1453 3335 rationem.
1486 3282 1591 3336 Sed
1618 3283 1732 3338 hinc
1759 3299 1883 3339 sen-

286 3351 451 3403 ‘entia
485 3365 689 3418 parum
720 3349 881 3413 mihi,
915 3350 1110 3414 fateor,
1140 3352 1363 3404 arridet.
1386 3350 1523 3405 Nam
1553 3354 1607 3406 1ο
1635 3352 1883 3412 Justinus

287 3418 491 3492 Christi
530 3434 742 3474 nomen
780 3420 1381 3492 _deducitabrungendo
1410 3423 1463 3475 in
1502 3422 1657 3492 Apol.
1679 3424 1729 3485 2,
1752 3426 1877 3479 n.5.

286 3493 342 3546 2-
363 3491 500 3547 Cum
526 3492 610 3543 ait
643 3492 752 3544 hoc
779 3488 899 3544 loco
915 3488 1277 3556 Christianos,
1301 3488 1562 3559 quantum
1591 3494 1659 3548 ad
1684 3509 1879 3551 nomen

287 3565 499 3625 attinet,
526 3574 658 3615 esse
686 3561 953 3628 Optimos,
985 3571 1150 3629 atque
1178 3564 1278 3616 hoc
1301 3576 1500 3616 nomen
1529 3565 1654 3617 odio
1688 3567 1876 3622 haberi

288 3649 391 3686 non
432 3634 670 3692 debere,
703 3632 831 3699 quia
868 3630 929 3682 τὸ
968 3633 1203 3703 χρηστόν
1243 3635 1426 3687 odisse
1466 3634 1726 3701 injustum
1759 3649 1875 3703 est;

286 3704 509 3776 minime
534 3703 779 3776 derivat
813 3703 957 3776 hanc
988 3719 1173 3776 vocem
1196 3703 1304 3757 ἀπὸ
1344 3703 1437 3756 τοῦ
1465 3705 1725 3776 χρηστοῦ,
1763 3708 1880 3763 sive

289 3790 316 3826 a
346 3774 625 3845 bonitate,
663 3772 782 3845 _sed
831 3773 901 3845 ab
930 3775 1207 3837 unctione,
1239 3790 1402 3845 quam
1456 3772 1571 3829 rem
1603 3778 1793 3831 utilem
1824 3788 1880 3833 et

288 3847 547 3909 optimam
576 3842 817 3911 judicat.
852 3842 964 3898 Hoc
989 3859 1184 3898 nomen
1217 3842 1271 3899 si
1304 3845 1617 3900 deduxisset
1643 3847 1752 3900 ἀπὸ
1781 3849 1875 3902 τοῦ

288 3915 549 3985 χρηστοῦ,
588 3928 701 3966 non
762 3913 1008 3977 dixisset,
1051 3917 1429 3985 χρηστότατοι,
1464 3918 1648 3980 Optimi
1672 3936 1875 3982 sumus,

291 4003 384 4040 nec
433 3985 785 4055 superlativo
822 4000 969 4056 fusus
1010 3986 1220 4048 fuisset,
1266 3988 1356 4056 qui
1408 3989 1543 4041 satis
1589 3994 1877 4045 commode
1907 4005 1941 4041 ο

292 4058 482 4126 apponi
510 4056 717 4125 potuit,
735 4056 779 4109 si.
807 4055 1245 4110 Christianorum
1268 4055 1464 4112 nomen
1490 4072 1557 4111 ex
1590 4073 1647 4112 re
1674 4061 1876 4126 optima

294 4131 573 4180 derivetur
608 4144 622 4180 :
653 4135 713 4178 at
756 4127 1095 4193 perabsurde
1141 4127 1511 4187 adhiberetur.
1548 4129 1591 4181 si
1635 4129 1742 4182 ἀπὸ
1778 4130 1873 4182 τοῦ

293 4197 531 4269 χρηποῦ
580 4197 908 4269 deducatur.
953 4198 1011 4251 5ο
1051 4195 1250 4251 Justini
1281 4200 1610 4269 sententiam
1643 4200 1875 4254 illustrat

296 4267 638 4338 Theophilus
688 4267 1091 4330 Antiochenus,
1147 4269 1239 4336 qui
1286 4268 1341 4320 in
1381 4268 1455 4321 lib
1522 4284 1643 4334 t,n.
1674 4272 1724 4333 1,
1753 4271 1870 4323 ait:

300 4359 319 4389 ε
341 4340 545 4393 Fateor
576 4353 664 4391 me
689 4352 813 4391 esse
854 4339 1249 4403 Christianmn,
1283 4354 1347 4392 ac
1389 4339 1506 4393 tero
1546 4342 1647 4393 hoc
1678 4356 1871 4393 nomen

295 4411 404 4464 Deo
436 4418 755 4477 acceptum,
775 4424 1000 4477 sperans
1024 4424 1109 4462 me
1125 4410 1311 4462 utilem
1334 4424 1457 4463 esse
1484 4410 1613 4473 Deo,
1640 4409 1874 4475 ἐλπίζων

293 4473 600 4553 camarae
622 4473 784 4553 Δεἶναι
910 4479 1049 4549 Θεῷ.
1076 4499 1108 4553 γ)
1150 4482 1359 4553 Quibus
1401 4483 1585 4553 verbis,
1626 4473 1875 4551 designat

1985 3276 2260 3330 Christum
2294 3278 2429 3346 (lege
2456 3277 2771 3346 Chrestum)
2803 3276 2982 3335 solent
3016 3279 3221 3334 dicere.
3250 3300 3269 3334 ι
3294 3313 3364 3324 —-
3389 3282 3460 3335 Τὸ
3495 3284 3565 3339 δὲ

1982 3349 2296 3414 χρηστόν..
2326 3347 2446 3403 Non
2492 3348 2709 3416 ignorat
2753 3348 2811 3402 S.
2869 3349 3077 3417 Martyr
3114 3363 3296 3404 veram
3324 3354 3563 3408 nominis

1983 3418 2282 3492 Christiani
2327 3417 2621 3492 originem)
2664 3430 2724 3472 ut
2752 3429 2979 3492 apparet
3008 3434 3076 3472 ex
3104 3420 3262 3488 Apol.
3296 3437 3335 3485 ι,
3375 3437 3426 3477 c.
3466 3425 3560 3492 12,

1982 3500 2039 3566 p.
2069 3486 2138 3566 60_
2177 3490 2248 3566 A_.
2294 3497 2349 3542 et
2389 3486 2451 3554 η’,
2484 3502 2562 3566 οε-
2578 3488 2712 3566 6,_p.
2745 3486 2837 3566 44.
2868 3492 2979 3566 E._;
3014 3504 3121 3566 ne_c_
3153 3486 3270 3545 ideo
3294 3507 3416 3566 cum
3440 3486 3565 3566 θιιέ

1982 3559 2199 3632 _burgio,
2222 3557 2407 3627 Lango
2436 3566 2492 3613 et
2523 3556 2726 3632 Crahio
2764 3561 3048 3632 legendum
3076 3561 3429 3632 Χρηστιανοί.
3460 3556 3562 3620 Ve-

1982 3629 2268 3683 hementer
2292 3644 2421 3683 vero
2452 3630 2661 3697 antiqui
2699 3629 2827 3685 tum
2866 3631 3011 3685 sacri
3037 3629 3150 3683 tum
3181 3629 3393 3700 profani
3422 3639 3563 3692 scri-

1982 3710 2191 3768 ptorcs,
2223 3700 2395 3755 Attici
2439 3701 2732 3769 imprimis,
2764 3701 2921 3755 Plato
2955 3710 3010 3755 et
3061 3701 3465 3759 Demosthenes
3503 3709 3560 3761 in

1979 3770 2244 3838 ejusmodi
2266 3770 2477 3845 lusibus
2498 3772 3193 3845 etymologiciset_quidem
3224 3775 3277 3845 in
3291 3775 3412 3845 ‘hac
3442 3776 3554 3845 ipsa

1981 3853 2116 3893 voce
2140 3842 2379 3921 χρηστός
2409 3841 2781 3924 elaboraruni.
2826 3841 3168 3923 Cf._Grotius
3191 3844 3257 3898 ad
3290 3841 3483 3902 Match
3517 3864 3559 3915 t,

1977 3909 2069 3985 gl,
2129 3925 2184 3965 et
2238 3910 3052 3985 Dionystlfetav._in_ltpiph.,
3086 3922 3220 3985 tom.
3249 3914 3328 3985 _ll,
3375 3930 3430 3985 p.
3464 3918 3556 3974 55.

1978 3950 2277 4037 sintita;
2287 3950 2459 4039 ἕὲῗὲἱ
2477 3950 3054 4050 ινξῖὶἶάτὶτιιῖἕρῖἱῗὶ
3067 3950 3225 4051 [ξ”ῥζ
3249 3950 3328 4038 7'7

2051 4053 2166 4123 (42)
2204 4054 2593 4122 Ὁμολογησῃ.
2637 4052 2979 4109 Judictorum
3028 4055 3378 4123 iniquitatem
3422 4065 3555 4116 'non

1977 4126 2241 4193 omittunt
2261 4126 2445 4177 caeteri
2471 4124 2756 4193 religionis
2774 4124 3113 4188 defensores,
3136 4126 3187 4177 in
3212 4128 3406 4193 primis
3424 4128 3557 4185 Ter-

1978 4192 2262 4257 tullianus,
2289 4194 2381 4262 qui
2414 4192 2924 4271 Apoloycticunt__ab
2965 4197 3067 4271 hoc
3092 4192 3372 4249 exorditur
3394 4215 3559 4271 argu-

1978 4274 2193 4340 mento,
2217 4280 2284 4340 ac
2315 4264 2597 4340 praesides,
2625 4279 2770 4340 cum_
2791 4264 3132 4340 Christianos
3163 4280 3362 4333 negare
3394 4264 3557 4340 coge-

1977 4344 2118 4398 rent,
2151 4337 2232 4389 sic
2267 4336 2415 4402 loqui
2446 4335 2637 4389 solitos
2686 4334 2855 4390 refert
2883 4354 2897 4392 :
2930 4353 2949 4386 t
2986 4334 3077 4390 Sic
3129 4348 3310 4406 autem
3343 4334 3557 4406 soletis,

1977 4408 2177 4471 inquit,
2220 4407 2407 4460 dicere
2444 4407 2732 4459 homicidae
2766 4407 2978 4475 :Nega,
3023 4408 3216 4459 laniari
3246 4405 3436 4473 jubete
3468 4405 3557 4464 sa;

1976 4477 2587 4545 crttegum,sicontiteri
2629 4479 3083 4545 perseveraverit.
3116 4496 3134 4528 ι
3157 4478 3458 4548 Corruptus
3488 4482 3562 4536 lo-l

296 4548 766 4606 ne'cwessitudinetn
843 4548 1273 4604 intercedentem
1335 4552 1477 4604 inter
1532 4548 1871 4607 Christianos
1903 4558 1952 4616 ι)
1977 4559 2072 4599 cus
2100 4550 2178 4600 sic
2206 4550 2423 4617 videtur
2448 4548 2725 4600 emendari
2767 4564 2929 4617 posse
2963 4564 2975 4599 :
3022 4565 3040 4597 t
3072 4548 3162 4602 Sic
3194 4550 3339 4601 enim
3372 4551 3562 4608 soletis

294 4633 349 4676 et
370 4623 431 4674 τὸ
457 4621 725 4693 χρηστόν,
761 4635 867 4674 non
895 4620 1037 4690 quod
1067 4623 1245 4693 prima
1263 4637 1364 4673 vox
1383 4622 1634 4693 ahaltera
1659 4623 1870 4693 derive-

298 4704 415 4758 tur,
434 4691 534 4747 sed
553 4694 709 4759 quia,
729 4700 790 4743 tit
805 4696 917 4758 ipse
934 4695 1010 4745 ait
1034 4692 1182 4757 p.12,
1202 4691 1261 4744 τὸ
1284 4691 1519 4762 Χριστὸν
1543 4694 1639 4763 ἡδὺ
1659 4694 1754 4746 καί
1778 4691 1868 4744 εί)-

296 4764 537 4835 χρησ-τόν
554 4765 697 4835 ἐστι,
721 4763 775 4813 id
800 4764 940 4835 quod
958 4774 1174 4835 unctum
1190 4772 1290 4828 est,
1314 4780 1472 4817 suave
1490 4775 1537 4817 et
1560 4774 1751 4817 bonum
1770 4775 1868 4819 est.

367 4832 481 4903 (tt)
524 4833 594 4887 Τὸ
617 4832 689 4885 δὲ
708 4832 996 4901 χρηστόν.
1024 4833 1239 4888 Chresti
1290 4835 1678 4902 pronuntiandi
1735 4835 1873 4889 ratio

299 4922 402 4961 mn
432 4917 546 4957 tam
580 4907 902 4974 pervulgata
938 4904 1041 4974 fuit
1069 4903 1211 4972 apud
1228 4907 1498 4967 ethnicos,
1528 4920 1692 4974 quam
1724 4907 1873 4959 exis-

303 4979 569 5030 timarunt
595 4973 957 5044 eruditiviri.
988 4973 1124 5026 Nam
1146 4976 1190 5027 si
1217 4991 1487 5044 perpauca
1514 4973 1783 5042 excipias,
1816 4984 1875 5029 ut

302 5048 607 5115 diaIOgum,
652 5047 744 5112 qui
798 5043 1119 5110 Philopatris
1160 5043 1481 5101 inscribitur
1511 5049 1657 5115 apud
1681 5045 1875 5099 Lucia-

299 5114 559 5177 nammbi
580 5117 845 5170 Chrestus
866 5116 1087 5185 legitur,
1104 5127 1158 5169 et
1179 5118 1496 5171 Suetonium
1520 5114 1612 5184 qui
1638 5114 1872 5183 Judteos,

306 5208 323 5238 ι
357 5188 663 5256 impulsore
692 5188 945 5249 Chresto,
978 5188 1195 5242 assidue
1224 5190 1618 5241 tumultuantes
1655 5205 1673 5237 ι
1706 5187 1876 5240 Roma

301 5276 329 5313 ι
378 5260 614 5310 Claudio
665 5258 924 5326 expulsos
976 5268 1199 5322 narrat,
1238 5260 1438 5327 ubique
1487 5259 1877 5327 pronuntiatur

302 5332 557 5383 Christus
606 5340 662 5381 et
685 5329 1009 5391 Christiani,
1049 5330 1100 5381 in
1126 5330 1356 5395 epistola
1394 5330 1558 5383 Plinii
1589 5330 1656 5381 ad
1680 5327 1873 5397 Traja-

305 5417 453 5460 num,
478 5411 645 5467 atque
670 5400 836 5453 etiam
874 5399 1101 5452 Adriani
1137 5403 1278 5465 apud
1301 5398 1521 5470 VOpisc.
1558 5399 1611 5451 in
1655 5396 1873 5452 Saturn.

305 5488 357 5540 p.
387 5470 534 5535 245;
589 5480 733 5539 apud
784 5470 1101 5540 Cornelium
1148 5470 1396 5525 Tacitum
1438 5472 1637 5524 Annal.
1664 5471 1757 5521 lib.
1785 5486 1875 5534 xv,

305 5538 447 5609 apud
477 5538 783 5594 Lucianum
816 5543 868 5593 in
900 5538 1091 5593 Proteo
1119 5554 1166 5594 et
1201 5544 1527 5604 Alexandro,
1562 5551 1617 5595 et
1647 5542 1698 5593 itt
1727 5540 1879 5595 libris

303 5613 470 5676 Cetsi,
498 5611 657 5679 cujus
685 5623 793 5665 tam
849 5612 1021 5665 multa
1068 5613 1124 5666 in
1154 5613 1429 5667 Christum
1454 5626 1511 5668 et
1536 5611 1878 5667 Christianos

305 5686 706 5737 contumeliose
727 5685 876 5737 dicta
904 5683 1215 5737 referuntur
1247 5684 1314 5737 ah
1340 5683 1595 5754 Origene.
1632 5682 1769 5754 Hinc
1789 5682 1878 5738 illa

309 5756 648 5809 ethnicorum
675 5757 827 5809 dicta
855 5771 870 5806 :
896 5772 915 5805 ι
936 5755 1281 5809 Christianos
1305 5757 1369 5808 ad
1396 5753 1635 5811 leonem.
1665 5772 1683 5804 ι
1706 5753 1874 5817 Tert.,

310 5825 385 5880 De
415 5836 679 5898 sputum:
710 5845 727 5879 t
761 5825 948 5881 Bonus
987 5829 1068 5881 vir
1089 5827 1251 5881 Caius
1290 5826 1445 5884 Seius
1482 5838 1690 5884 tantum
1737 5827 1880 5897 quod

1977 4619 2158 4691 dicere
2170 4637 2191 4691 _z
2225 4616 2527 4683 Homicida,
2549 4633 2681 4688 nega
2713 4633 2730 4691 :_
2754 4616 2943 4672 laniari
2956 4617 3120 4685 juheo
3142 4630 3190 4672 te
3208 4622 3557 4691 sacrilegum,

1977 4689 2021 4742 si
2048 4688 2295 4743 conﬁteri
2328 4689 2783 4755 perseveraveris.
2820 4709 2838 4739 ι

2048 4761 2162 4829 (45)
2191 4760 2728 4827 Παρακελεύονται.
2751 4761 2843 4814 Sic
2865 4760 3232 4815 Tertullianus
3266 4762 3368 4817 sub
3392 4762 3553 4819 linem

1976 4830 2350 4899 Apologetici:
2390 4850 2407 4880 ι
2440 4832 2533 4883 llla
2587 4831 2703 4899 ipsa
2748 4833 3078 4903 obstinatio,
3132 4847 3295 4899 quam
3353 4850 3557 4903 expros

1978 4902 2186 4965 hratis,
2250 4904 2507 4973 magistra
2536 4912 2642 4973 est.
2684 4919 2703 4952 ι
2748 4902 2899 4957 Unde
2936 4903 3103 4955 etiam
3157 4913 3422 4973 martyres
3458 4920 3556 4958 vo-

1979 4984 2174 5046 cantur
2191 4986 2235 5046 _a
2266 4970 3169 5046 (ἓνοδοξίοῌοῑίοιηοηο’σιγῶντα
3197 4970 3552 5046 κηρύγματα,

1982 5053 2123 5097 orat.
2149 5041 2239 5105 20,
2284 5058 2336 5110 p.
2364 5041 2487 5098 519.
2528 5042 2648 5097 για.
2683 5043 2858 5098 Clem.
2903 5043 3103 5100 Strom.
3136 5061 3210 5111 tv,
3242 5041 3293 5113 p‘.
3318 5041 3444 5099 503.

2053 5114 2164 5185 (44)
2198 5114 2326 5179 Τοῖς
2350 5116 2571 5185 ἄλλως.
2592 5113 2748 5168 ltaH.
2780 5116 3041 5183 Steph.et
3072 5115 3554 5171 niss.Maleinedi-

1982 5184 2224 5240 tionibus
2247 5188 2359 5249 τοῖς
2400 5184 2598 5248 ἄλλοις,
2630 5200 2754 5254 quae
2795 5188 3066 5256 scriptura
3104 5186 3553 5255 placuitGrahio,

1980 5258 2109 5326 quia
2132 5270 2236 5308 non
2274 5257 2407 5311 vidit
2453 5258 2594 5309 hanc
2645 5272 2769 5311 esse
2806 5259 3004 5310 debere
3041 5258 3233 5311 horum
3259 5262 3552 5311 verborum

1980 5330 2465 5399 constructionem,
2498 5329 2609 5389 τοῖς
2637 5326 2810 5389 ἄλλως
2847 5327 3189 5399 αἱρουμένοις
3230 5326 3553 5395 καταλέγειν

1980 5398 2237 5451 ἀσέϐειαν
2269 5399 2363 5452 καὶ
2391 5398 2604 5452 ἀδικίαν
2630 5399 2737 5450 τῶν
2759 5399 2975 5451 πάντων
2991 5400 3354 5470 Χριστιανῶν.
3372 5399 3554 5451 ΊἸΙΙῐΙέ

1982 5473 2105 5523 hius
2129 5486 2236 5522 non
2260 5473 2379 5539 plus
2401 5472 2535 5524 vidit
2570 5485 2732 5538 quam
2763 5470 3017 5523 Grabius.
3056 5474 3370 5539 Legendqu
3405 5470 3555 5523 enim

1982 5552 2139 5608 putat
2176 5540 2354 5603 ἄλλοις
2383 5552 2437 5593 et
2467 5540 2542 5603 ὼς
2565 5541 2870 5593 addendum
2903 5552 3029 5594 ante
3058 5540 3335 5594 ἀσέϐειαν.

2054 5614 2168 5681 (45)
2212 5612 2333 5665 Τῶν
2353 5610 2645 5665 παλαιῶν.
2687 5611 2777 5663 Sic
2811 5615 3173 5666 construenda
3222 5613 3337 5666 haec
3365 5610 3554 5677 verba,

1982 5686 2031 5735 οἱ
2054 5683 2162 5735 τῶν
2192 5684 2457 5747 παλαιῶν,
2492 5698 2593 5737 nec
2626 5682 2967 5745 vertendum,
2995 5684 3085 5752 qui
3126 5684 3395 5737 contraria
3421 5693 3558 5735 veteé

1985 5758 2129 5809 ribus
2158 5766 2453 5809 senserunt.
2476 5755 2610 5809 Vide
2627 5753 2768 5807 infra
2794 5770 2850 5806 ιι.
2872 5754 2929 5817 7;
2954 5756 3386 5823 Athenagoram,
3408 5769 3465 5808 n.
3483 5753 3554 5814 2;

1988 5828 2242 5895 Tertull.,
2275 5830 2380 5881 iud
2412 5826 2575 5894 Not.,
2596 5826 2686 5881 ubi
2711 5826 2791 5881 sic
2818 5824 3057 5896 loquitur
3086 5844 3132 5882 ιι
3154 5832 3297 5895 Quot
3326 5825 3564 5893 deuiqm!
