3948 6256
376 397 481 456 ’555

1332 384 1390 440 s.
1432 371 1690 436 JUSTlN‘l
1722 351 2154 434 Plllmsoptn
2197 379 2284 435 ET
2325 380 2686 439 MARTYRIS

3521 386 3628 449 336

367 515 586 585 sophos.
611 511 690 566 Ac
714 521 904 564 eorum
932 503 1150 576 quidem
1184 498 1428 556 nonnulli
1460 496 1636 553 nullos
1661 492 1792 548 deos
1816 497 1927 546 ρος(

2045 493 2272 565 ὀνόματι
2303 498 2803 569 προσαγορεύονται
2847 497 3126 571 φιλόσοφοι
3146 520 3158 532 ”
3194 503 3290 558 καὶ
3321 505 3528 560 τούτων
3550 523 3631 559 τι-

367 610 692 663 docuerunt.
739 600 931 658 Jovem
964 598 1127 654 etiam
1156 604 1334 666 poetae
1379 608 1485 648 una
1518 606 1640 648 cum
1668 586 1785 657 ejus
1813 581 1944 642 ﬁliis

366 698 703 771 impudicum
737 697 1053 758 decantant,
1088 703 1321 761 quorum
1369 685 1583 742 fabulas
1618 681 1713 754 qui
1753 689 1941 750 agunt,

364 809 470 850 non
496 789 858 863 prohibentur
887 801 916 840 a
946 783 1121 849 vobis,
1149 781 1245 837 sed
1273 782 1404 836 deos
1430 791 1628 834 sonora
1655 789 1791 832 voce
1816 788 1944 830 exa-

365 883 663 956 gitantibus
695 879 917 952 prtemia
954 887 1008 932 et
1034 877 1272 932 honores
1300 873 1527 944 ponitis.

433 1066 487 1120 5.
518 1063 656 1131 Quid
683 1063 799 1117 haec
829 1057 999 1129 igitur
1019 1055 1122 1112 sibi
1151 1051 1384 1109 volunt?
1404 1051 1546 1119 Erga
1589 1063 1710 1112 nos,
1736 1045 1827 1118 qui
1862 1045 1944 1100 ni-

363 1160 440 1217 hil
466 1157 592 1212 mali
623 1154 889 1218 facturos,
919 1164 1020 1206 nec
1051 1148 1218 1218 impia
1247 1147 1339 1202 illa
1363 1144 1683 1217 opinaturos
1714 1139 1938 1210 pollice-

363 1266 507 1316 mur,
539 1262 646 1303 non
665 1244 870 1318 judicia
892 1224 1248 1303 examinatis,
1285 1237 1378 1293 sed
1423 1233 1621 1292 affectu
1654 1248 1684 1287 a
1727 1231 1942 1286 ratione

363 1343 562 1407 alieno,
591 1353 658 1395 ac
687 1336 957 1393 malorum
983 1334 1293 1390 daemonum
1319 1328 1533 1400 ﬂagello
1561 1327 1774 1398 agitati,
1818 1325 1939 1379 ani-

361 1434 712 1490 madvertere
756 1427 962 1483 indicta
1004 1439 1171 1480 causa
1199 1421 1356 1492 parvi
1403 1419 1664 1487 penditis.
1717 1416 1940 1472 Dicetur

327 1536 333 1545 '
359 1528 506 1582 enim
525 1525 579 1581 id
602 1524 748 1596 quod
773 1535 861 1576 res
882 1529 984 1575 est.
1006 1517 1166 1573 Pravi
1184 1515 1317 1571 olim
1341 1514 1638 1581 dmmones,
1655 1527 1776 1567 eum
1799 1526 1940 1581 pras-

360 1620 594 1675 scntiam
612 1631 765 1671 suam
784 1610 1129 1677 exhiberem,
1145 1618 1332 1678 stupra
1349 1605 1670 1662 mulieribus
1684 1613 1738 1659 et
1754 1605 1939 1674 pueris

365 1711 689 1774 intulerunt,
734 1722 800 1763 ac
840 1703 1102 1763 terricula
1153 1700 1473 1758 hominibus
1525 1705 1934 1762 monstrarunt,

358 1808 436 1862 ita
464 1813 526 1859 ut
554 1800 987 1874 percellerentur
1011 1796 1103 1868 qui
1127 1795 1180 1851 id
1224 1796 1368 1865 quod
1400 1791 1563 1848 fiebat
1589 1807 1694 1847 non
1724 1790 1938 1846 ratione

359 1899 753 1970 dijudicabant,
785 1893 880 1949 sed
906 1900 1053 1946 metu
1090 1887 1351 1958 correpti,
1377 1901 1440 1941 ac
1469 1884 1643 1941 malos
1666 1883 1938 1938 dtetnones

357 2010 483 2051 esse
511 1992 710 2063 ignari,
743 1988 874 2044 deos
901 1982 1270 2055 appellabant,
1298 1990 1354 2035 et
1382 1993 1448 2034 eo
1492 1991 1766 2048 quemque
1794 1976 1940 2031 desi-

355 2089 598 2160 guahant
622 2083 866 2146 nomine,
918 2077 1065 2146 quod
1114 2075 1218 2131 sibi
1247 2073 1477 2144 quisque
1523 2073 1734 2127 daemon
1765 2070 1939 2139 impo-

354 2184 575 2237 suisset.
607 2177 904 2244 Postquam
933 2180 1118 2226 autcm
1151 2165 1411 2223 Socrates
1431 2179 1564 2220 vera
1582 2171 1638 2218 et
1664 2161 1935 2232 exquisita

354 2275 568 2332 ratione
598 2273 716 2326 haec
745 2268 800 2323 in
826 2265 1005 2319 lucem
1037 2259 1308 2332 proferre,
1337 2267 1391 2314 et
1420 2272 1451 2312 a
1487 2255 1824 2312 daemonibus
1846 2253 1938 2308 ho-

353 2369 530 2425 mines
563 2363 835 2418 abducere
866 2364 1096 2412 conatus
1147 2361 1270 2418 est;
1305 2350 1406 2423 ipsi
1455 2355 1731 2406 dannones
1761 2347 1938 2403 homi-

353 2480 487 2521 num
551 2457 791 2529 nequitia
839 2450 1193 2526 gaudentium
1246 2461 1414 2517 opera
1463 2441 1834 2514 perfecerunt,
1877 2448 1936 2495 ut

356 2555 500 2610 velut
531 2552 725 2606 atheus
775 2555 833 2603 et
873 2546 1078 2615 impius
1119 2548 1429 2606 necaretur,
1463 2552 1602 2592 nova
1633 2535 1702 2589 ab
1741 2547 1806 2589 eo
1835 2533 1936 2588 dae-

354 2648 539 2703 monia
583 2643 690 2716 47
722 2639 907 2696 induci
940 2637 1273 2691 dictitantes.
1300 2631 1414 2686 Hoc
1443 2629 1585 2684 idem
1615 2638 1806 2683 contra
1836 2640 1935 2679 nos

354 2741 561 2812 pariter
585 2736 904 2793 moliuntur.
933 2731 1124 2802 Neque
1152 2728 1298 2785 enim
1333 2727 1475 2794 apud
1507 2721 1726 2779 Graecos
1758 2719 1930 2776 solum

355 2835 470 2890 haec
494 2850 524 2888 a
560 2830 739 2887 Verbo
774 2843 871 2899 per
894 2827 1179 2882 Socratem
1210 2821 1482 2885 convicta,
1514 2817 1609 2873 sed
1639 2813 1782 2885 apud
1810 2814 1935 2869 bar-

355 2929 518 2982 baros
539 2926 702 2980 etiam
730 2924 800 2978 ab
825 2921 1056 2993 ipsoillo
1081 2917 1264 2973 Verbo
1295 2916 1471 2971 forma
1503 2912 1717 2975 induto,
1751 2917 1810 2964 et
1840 2908 1936 2963 ho.

354 3020 502 3075 mine
524 3018 671 3073 facto
700 3031 764 3072 ac
783 3013 914 3072 Jesu
953 3013 1176 3069 Christo
1205 3007 1493 3081 appellato.
1527 3005 1626 3061 Cui
1657 3019 1781 3060 cum
1815 3017 1935 3058 cre-

352 3113 570 3177 damus,
603 3111 900 3174 dzemones,
923 3105 1015 3175 qui
1043 3105 1162 3159 htec
1186 3107 1600 3172 perpetrarent,
1628 3111 1736 3154 non
1771 3098 1932 3151 modo

2049 585 2136 648 νὲς
2161 584 2428 658 ἀθεότητα
2460 589 2726 656 ἐδίδαξαν.
2753 590 2864 644 Καὶ
2885 591 2974 646 τὸν
3004 593 3103 646 Δία
3133 595 3335 669 ἀσελγῆ
3371 599 3488 669 ἅμα
3517 603 3629 666 τοῖς

2046 677 2212 730 αὐτοῦ
2257 679 2447 731 παισὶν
2490 681 2538 732 οἱ
2583 681 2866 752 γενόμενοι
2904 685 3126 754 ποιηταὶ
3162 688 3624 758 καταγγέλλουσι’

2046 769 2314 823 κάκείνων
2336 769 2403 824 τὰ
2424 770 2730 843 διδάγματα
2746 775 2793 827 οἱ
2814 776 3201 846 μετερχόμενοι
3221 780 3322 832 οὐκ
3353 780 3630 852 εἴργονται

2045 862 2183 934 πρὸς
2208 863 2362 934 ὑμῶν
2381 881 2392 894 ·
2430 861 2568 919 ἆθλα
2598 866 2655 918 δέ
2687 869 2782 921 καὶ
2825 868 2992 940 τιμὰς
3023 872 3134 934 τοῖς
3172 871 3433 942 εὐφώνως
3471 873 3630 946 ὑϐρί-

2047 956 2203 1022 ζουσι
2241 958 2466 1023 τούτους
2500 958 2612 1032 (46)
2647 959 2846 1014 τίθετε.

2115 1052 2169 1105 5.
2201 1051 2267 1104 Τί
2296 1051 2361 1123 δὴ
2383 1047 2475 1106 οῦν
2490 1052 2633 1106 τοῦτ’
2651 1052 2719 1107 ἂν
2749 1054 2871 1125 εἴης
2905 1056 2991 1125 ἐφ’
3011 1055 3167 1128 ἡμῶν
3184 1057 3631 1131 ὑπισχνουμένων

2048 1144 2214 1217 μηδὲν
2244 1144 2469 1209 ἀδικεῖν,
2502 1147 2637 1218 μηδέ
2669 1146 2736 1200 τά
2752 1146 2887 1201 άθεα
2920 1147 3092 1203 ταῦτα
3114 1149 3378 1217 δοξάζειν,
3410 1152 3472 1206 ού
3502 1153 3629 1225 κρί-

2045 1255 2159 1301 σεις
2190 1237 2302 1311 (47)
2335 1236 2640 1305 ἐξετάζετε,
2687 1239 2824 1295 ἀλλά
2867 1241 3049 1312 ἀλόγῳ
3087 1242 3250 1296 πάθει
3278 1244 3375 1298 καὶ
3400 1245 3630 1315 μάστιγι

2043 1332 2313 1403 δαιμόνων
2344 1330 2562 1400 φαύλων
2615 1332 3044 1406 ἐξελαυνόμενοι,
3083 1336 3324 1408 ἀκρίτως
3367 1337 3626 1403 κολάζετε

2047 1425 2121 1497 μὴ
2153 1425 2551 1497 φροντίζοντες.
2577 1427 2872 1498 Εἰρήσεται
2919 1427 3029 1499 γὰρ
3065 1428 3296 1501 τάληθές
3324 1429 3438 1502 (48)
3459 1447 3474 1462 ο
3501 1432 3626 1484 ἐπεὶ

2041 1517 2102 1570 τὺ
2141 1516 2370 1572 παλαιὸν
2395 1515 2654 1588 δαίμονες
2687 1517 2905 1587 φαῦλοι,
2945 1521 3270 1590 ἐπιφανείας
3313 1524 3624 1594 ποιησάμε-

2041 1627 2142 1674 νοι,
2168 1611 2264 1665 καὶ
2287 1613 2552 1680 γυναῖκας
2568 1613 2917 1684 ἐμοίχευσαν,
2935 1613 3032 1667 καὶ
3063 1615 3263 1679 παῖδας
3285 1615 3623 1688 διέφθειραν,

2041 1704 2136 1758 καὶ
2173 1703 2420 1777 φόϐητρα
2452 1704 2762 1778 ἀνθρώποις
2806 1706 3038 1775 ἔδειξαν,
3083 1708 3161 1772 ὡς
3202 1709 3625 1783 καταπλαγῆναι

2040 1798 2168 1862 τοὺς
2217 1799 2267 1852 οἳ
2302 1798 2456 1869 ’,λόγῳ
2501 1798 2600 1863 τάς
2631 1800 2921 1870 γινομένας
2975 1801 3205 1872 πράξεις
3241 1802 3342 1856 οὐκ
3386 1802 3622 1876 ἔκρινον,

1969 1858 2011 1914 Β
2040 1858 2174 1946 ἀλλά
2201 1865 2312 1945 δέει
2353 1858 2811 1964 συνηρπάσμένόι,
2846 1858 2942 1948 καὶ
2983 1858 3058 1967 μη
3101 1858 3477 1968 ἐπιστάμενοί,
3509 1858 3624 1952 δαίί

2043 2002 2211 2055 μονας
2252 1980 2393 2039 εἷναι
2426 1985 2685 2056 φαύλους,
2713 1984 2870 2051 θεοὺς
2900 1988 3342 2060 προσωνόμαζον,
3375 1992 3474 2043 καὶ
3503 1989 3621 2042 ὀνό-

2042 2093 2172 2145 ματι
2196 2077 2425 2131 ἕκαστον
2450 2077 2876 2149 προσηγόρευον,
2910 2079 3046 2150 ὅπερ
3067 2077 3299 2142 ἕκαστος
3337 2077 3489 2150 αύτῷ
3514 2081 3621 2133 τῶν

2037 2167 2307 2240 δαιμόνων
2337 2169 2561 2224 ἐτίθετο.
2593 2171 2721 2224 Ὅτε
2751 2171 2807 2224 δὲ
2824 2171 3122 2243 Σωκράτης
3146 2171 3290 2243 λόγῳ
3319 2170 3623 2242 ἀληθεῖκαῖ

2038 2259 2399 2328 ἐξεταστικῶς
2423 2261 2593 2316 ταῦτα
2626 2263 2707 2324 εἰς
2739 2261 2971 2333 φανερὸν
3005 2261 3264 2332 ἐπειρᾶτο
3287 2262 3493 2334 φέρειν,
3525 2262 3622 2316 καὶ

2037 2351 2272 2422 ἁπάγειν
2329 2350 2438 2406 τῶν
2485 2351 2755 2422 δαιμόνων
2807 2351 2934 2413 τοὺς
2983 2348 3322 2422 ἀνθρώπους,
3383 2350 3482 2404 καὶ
3523 2351 3622 2404 αὒ-

2036 2443 2121 2497 τοὶ
2155 2443 2266 2515 (49)
2308 2443 2359 2496 oi
2409 2443 2667 2514 δαίμονες
2716 2442 2806 2496 διά
2840 2441 2950 2494 τῶν
2985 2442 3288 2513 χαιρόντων
3332 2443 3400 2513 τῇ
3449 2441 3620 2513 κακία

2036 2536 2340 2609 ἀνθρώπων
2369 2538 2678 2609 ἐνήργησαν
2703 2537 2779 2600 ὡς
2807 2535 2964 2590 ἄθεον
2979 2535 3073 2590 καὶ
3089 2535 3258 2607 ἀσεϐῆ
3275 2537 3614 2598 ἀποκτεῖναι,

2036 2625 2285 2696 λέγοντες
2316 2627 2477 2681 καινά
2501 2625 2773 2696 εἰσφέρειν
2794 2624 2955 2679 αὐτὸν
2982 2623 3254 2696 δαιμόνια.
3274 2623 3386 2679 Καὶ
3414 2624 3618 2695 ὁμοίως

2037 2725 2121 2795 ἐφ’
2155 2721 2313 2795 ἡμῶν
2370 2721 2431 2774 τὸ
2481 2722 2615 2775 αὐτὸ
2675 2719 3010 2791 ἐνεργοῦσιν.
3042 2721 3118 2772 Οὐ
3161 2719 3270 2791 γὰρ
3299 2719 3457 2790 μόνον
3491 2718 3617 2772 Ἕλ-

2037 2815 2162 2888 λησι
2195 2815 2307 2888 (50)
2342 2815 2430 2869 διὰ
2461 2813 2783 2885 Σωκράτους
2810 2812 2916 2866 ὑπὸ
2947 2813 3119 2880 Λόγου
3149 2810 3387 2883 ἠλέγχθη
3420 2810 3615 2876 ταῦτα,

2035 2907 2173 2964 ἀλλὰ
2202 2909 2299 2962 καὶ
2329 2909 2387 2960 ἐν
2425 2906 2719 2979 βαρϐάροις
2754 2908 2846 2961 ὑπ’
2877 2904 3042 2960 αὐτοῦ
3067 2904 3159 2958 τοῦ
3191 2905 3365 2975 Λόγου
3399 2921 3618 2976 μορφω-

2035 3001 2218 3064 θέντος
2249 3000 2344 3054 καὶ
2365 2999 2653 3072 ἀνθρώπου
2687 3000 3000 3070 γενομένου,
3034 2999 3131 3053 καὶ
3167 2997 3342 3072 Ἰησοῦ
3374 2997 3614 3072 Χριστοῦ

2036 3094 2346 3166 κληθέντος.
2380 3089 2452 3163 ᾯ
2477 3091 2792 3157 πεισθέντες
2850 3094 3035 3164 ἡμεῖς,
3087 3093 3213 3157 τοὺς
3251 3091 3424 3146 ταῦτα
3467 3092 3612 3166 πρά-

351 3204 526 3260 bonos
549 3216 675 3258 esse
696 3215 804 3255 non
829 3197 1084 3261 dicimus,
1111 3195 1206 3250 sed
1229 3193 1395 3249 etiam
1436 3190 1609 3247 malos
1645 3198 1702 3246 et
1736 3187 1927 3244 nefan-

2039 3189 2234 3255 ξαντας
2286 3187 2546 3258 δαίμονας
2593 3187 2655 3239 οὐ
2695 3186 2854 3258 μόνον
2901 3185 2976 3256 μὴ
3020 3184 3218 3258 ὀρθοὺς
3245 3181 3386 3240 εἶναι
3410 3185 3612 3256 φαμὲν,

351 3299 451 3353 dos
481 3295 776 3360 daemones,
801 3292 891 3362 qui
922 3305 990 3346 ne
1013 3289 1333 3345 hominibus
1357 3285 1578 3357 quidem
1593 3283 1814 3339 virtutis
1836 3297 1933 3337 cu-

350 3389 497 3461 pidis
527 3387 739 3445 similes
772 3385 1020 3442 actiones
1049 3383 1312 3438 habeant.

419 3486 475 3542 6.
531 3486 664 3541 lnde
711 3492 890 3540 ortum
943 3489 1006 3536 ut
1067 3477 1212 3536 athei
1265 3474 1687 3548 appellaremur.
1751 3471 1932 3544 Atque

351 3586 543 3639 atheos
571 3579 790 3652 quidem
822 3591 924 3632 nos
965 3589 1087 3630 esse
1132 3570 1492 3635 conﬁtemur,
1520 3568 1564 3624 si
1593 3567 1659 3622 de
1687 3565 1929 3636 opinatis

348 3673 618 3748 ejusmodi
651 3673 756 3726 diis
789 3677 1008 3740 agatur;
1061 3681 1224 3722 secus
1267 3680 1398 3720 vero
1441 3665 1488 3719 si
1532 3664 1601 3718 de
1642 3659 1930 3715 verissimo

350 3768 466 3833 illo,
506 3773 560 3821 et
600 3763 828 3834 justitize
859 3774 921 3814 ac
949 3758 1344 3828 temperantia,
1375 3770 1440 3810 ac
1465 3761 1786 3809 caeterarum
1814 3751 1928 3804 vir-

352 3872 524 3915 tutum
552 3857 739 3920 Patre,
764 3853 909 3908 nulla
937 3850 1176 3906 admisto
1202 3847 1500 3904 vitiositate
1521 3845 1652 3900 Deo.
1672 3841 1779 3898 Sed
1805 3857 1927 3897 eum

349 3963 405 4007 et
455 3949 654 4006 Filium
698 3945 790 4017 qui
836 3947 904 3999 ab
936 3959 1002 3999 eo
1031 3942 1186 3998 venit
1227 3955 1291 3996 ac
1331 3954 1431 3995 nos
1467 3938 1572 3993 ista
1602 3935 1826 4002 docuit,
1874 3943 1928 3989 et

349 4049 679 4094 cancrorum
727 4036 817 4104 qui
850 4033 1001 4088 illum
1052 4037 1422 4095 assectantur,
1455 4028 1614 4098 eique
1640 4025 1926 4082 assimilati

348 4140 499 4198 sunt,
553 4131 822 4186 bonorum
853 4124 1170 4197 angelorum
1197 4121 1535 4185 exercitum,
1576 4129 1634 4176 et
1659 4117 1926 4189 Spiritum

348 4295 662 4365 philosophi
693 4292 971 4365 dicuntur,
994 4290 1113 4345 'nec
1146 4298 1325 4365 tamen
1365 4283 1537 4365 legem
1555 4281 1924 4365 philosophiae

348 4353 688 4436 adimplént?
715 4361 920 4418 Omnes
956 4353 1170 4436 nomen
1215 4357 1282 4412 de
1330 4353 1770 4436 professionibus
1825 4367 1924 4421 ge-

346 4425 517 4501 stanti
552 4439 818 4492 sedueant
838 4447 1034 4488 nomen
1050 4432 1233 4500 (forte,
1251 4425 1344 4501 sed
1366 4433 1526 4501 vacat
1546 4425 1768 4501 nomen)
1785 4437 1927 4501 pro-

343 4493 600 4564 fessionis
639 4503 977 4576 przestantia.
1004 4493 1107 4568 Qui
1131 4497 1430 4576 superficie
1469 4494 1728 4576 vocabuli
1784 4493 1924 4576 inﬁt:

345 4561 502 4632 biant
520 4561 841 4637 veritatem,
879 4591 984 4628 non
1015 4561 1223 4628 statim'
1239 4577 1365 4623 sunt
1389 4565 1483 4637 qui
1513 4564 1792 4637 dicuntur,
1827 4564 1922 4619 sed
1953 4561 1999 4615 D

343 4651 470 4718 quia
504 4665 611 4703 non
643 4656 793 4718 sunt,
825 4635 1028 4718 frustra
1052 4645 1328 4718 dicuntur,
1359 4635 1566 4718 (ξομ-β.

417 4720 530 4790 (46)
573 4705 891 4790 Ὑϐρίζοιξσι
908 4715 1178 4790 τούτους.
1203 4710 1278 4763 ιω
1301 4705 1471 4764 codex
1492 4706 1696 4790 Regius
1719 4714 1774 4760 et
1797 4705 1919 4790 (ila-

342 4776 480 4845 rom.
510 4776 958 4859 Ειίὶιῗύϐρίζουσι
977 4776 1206 4846 τούτοις,
1236 4779 1748 4859 Qttaiit_scripturam
1786 4776 1918 4832 vitio

343 4879 447 4917 non
510 4874 699 4915 carere
742 4846 1270 4911 animadverteranf
1297 4846 1822 4917 Billius,’Sylhurg.
1864 4858 1920 4901 et

341 4932 507 4985 Gi-ab.
535 4930 635 4984 llic
667 4930 771 4984 tria
809 4927 1118 4981 testimonia
1163 4921 1298 4978 satis
1339 4919 1535 4976 similia
1568 4919 1699 4971 citat
1741 4917 1917 4972 Thirl-

341 5002 463 5056 bius
491 5017 554 5055 ex
593 5002 686 5055 lib.
719 5015 777 5054 Ill
814 4996 1101 5066 Theophili
1147 4992 1406 5049 Antioch.
1432 5001 1488 5046 et
1515 4988 1661 5043 aliud
1691 5003 1759 5042 ex
1811 4987 1915 5042 La-

341 5073 546 5126 ctantio
572 5071 664 5125 lib.
700 5085 754 5136 ι’,
787 5086 838 5124 c.
863 5068 955 5122 20.

411 5142 529 5212 (47)
564 5144 646 5196 Οὐ
683 5129 932 5212 κρέοίεις.
961 5135 1196 5212 Grabius
1230 5134 1454 5212 legitozi
1475 5132 1677 5204 κρίσει.
1713 5129 1908 5212 Totum

339 5201 1140 5267 ltu‘nc'locum'illusti'avitnus
1187 5201 1394 5260 mutata
1444 5201 1906 5270 interpunclione.

341 5286 433 5337 Sic
453 5286 600 5338 enim
662 5290 820 5335 antea
860 5279 1142 5348 legebatur
1179 5294 1194 5331 :
1224 5277 1276 5330 τί
1306 5275 1371 5346 δὴ
1414 5271 1510 5348 οῦν
1538 5271 1682 5348 τοῦτ’
1708 5271 1790 5348 ΔΞιν
1822 5271 1908 5348 εξη

338 5354 423 5424 ἐφ’
477 5353 701 5426 ήμῶνη.
755 5341 1020 5415 δοξάζειν.
1054 5347 1221 5403 Paulo
1259 5341 1406 5412 ante,
1456 5345 1588 5400 illud
1635 5341 1721 5410 ἐφ’
1755 5341 1910 5412 ἡμῶν

337 5424 527 5480 eodem
561 5424 719 5478 modo
737 5432 1052 5492 usurpatur.

408 5495 520 5566 (48)
553 5485 1020 5566 Εἱρήσετᾳίτὰρ
1068 5487 1344 5566 τάληθές.
1402 5485 1794 5566 Q_uod__pa_lant
1855 5495 1910 5566 et

337 5557 522 5636 aperte
541 5557 786 5618 declarat
808 5557 1075 5636 JllSiiJlUS,
1100 5557 1402 5636 daemonum
1420 5557 1666 5636 ‘llagellis
1688 5557 1907 5636 incitari

336 5627 426 5706 qui
465 5636 825 5704 itajudicant,
855 5631 1305 5706 id'l‘ertullianus
1329 5629 1502 5682 lenius
1531 5638 1585 5680 et
1618 5627 1907 5706 obscurius

337 5697 622 5760 insinuat:
660 5723 678 5756 ι
705 5697 968 5772 Suspecta
1010 5703 1082 5758 sit
1115 5703 1269 5756 vobis
1295 5702 1398 5754 ista
1432 5699 1784 5772 perversitas,
1819 5697 1907 5750 in-

336 5777 474 5846 quit,
501 5776 654 5843 Apol.
692 5792 742 5828 ο.
771 5767 851 5846 f2,
881 5789 949 5826 ne
972 5774 1196 5846 quavis
1234 5773 1400 5825 lateat
1435 5767 1492 5822 in
1521 5767 1754 5846 occulto,
1784 5782 1907 5846 qua:

339 5838 435 5904 vos
464 5838 726 5903 adversus
757 5838 1011 5913 formam,
1039 5844 1302 5900 adversus
1331 5851 1579 5898 naturam
1601 5838 1902 5910 indicandi,

2034 3280 2171 3334 ἀλλά
2188 3281 2394 3343 κακοὺς
2425 3279 2521 3332 καὶ
2545 3278 2790 3341 ἀνοσίους
2805 3277 3088 3351 δαίμονας,
3120 3279 3170 3332 οἳ
3201 3278 3322 3332 οὐδὲ
3337 3280 3448 3341 τοῖς
3477 3279 3612 3349 ἀρε-

2033 3375 2130 3447 τὴν
2157 3373 2412 3428 ποθοῦσιν
2441 3372 2749 3444 ἀνθρώποις
2773 3374 2871 3436 τὰς
2909 3371 3138 3444 πράξεις
3172 3371 3364 3442 ὁμοίας
3405 3370 3609 3442 ἔχουσι.

2102 3465 2154 3521 6.
2211 3465 2453 3519 Ἐνθένδε
2493 3464 2585 3519 καὶ
2628 3464 2776 3518 ἄθεοι
2820 3463 3152 3536 κεκλήμεθα.
3188 3463 3296 3517 Καὶ
3323 3461 3614 3534 ὁμολογοῦ-

2036 3577 2136 3630 μεν
2179 3559 2288 3613 τῶν
2329 3558 2590 3612 τοιούτων
2644 3556 3016 3629 νομιζομένων
3061 3556 3198 3609 θεῶν
3237 3556 3385 3611 ἄθεοι
3431 3551 3571 3608 εἶναι
3595 3595 3610 3618 ,

2032 3655 2148 3710 ἀλλ’
2189 3655 2311 3726 οὐχὶ
2340 3653 2433 3708 τοῦ
2471 3653 2840 3726 ἀληθεστάτου
2864 3693 2877 3717 ,
2903 3652 2997 3706 καὶ
3035 3651 3243 3722 πατρὸς
3267 3649 3614 3721 δικαιοσύνης

2033 3750 2126 3806 καὶ
2151 3748 2527 3822 σωφροσύνης,
2549 3746 2645 3801 καὶ
2669 3744 2779 3799 ’τῶν
2808 3745 2982 3799 ἄλλων
3005 3743 3236 3816 ἀρετῶν,
3254 3743 3612 3814 ἀνεπιμίκτου

2031 3863 2091 3899 τε
2121 3844 2320 3907 κακίας
2346 3841 2507 3895 Θεοῦ·
2541 3840 2657 3895 ἀλλ’
2689 3840 2897 3893 ἐκεῖνόν
2927 3855 3007 3901 τε,
3049 3837 3144 3890 καὶ
3167 3836 3258 3891 τὸν
3284 3837 3414 3908 παρ’
3445 3834 3611 3890 αὑτοῦ

2033 3937 2160 3990 Υἱδν
2188 3935 2410 3989 ἐλθόντα
2440 3934 2533 3988 καὶ
2559 3931 2845 3997 διδάξαντα
2875 3931 3022 4002 ἡμᾶς
3044 3928 3218 3983 ταῦτα
3245 3928 3376 4000 (51),
3405 3928 3496 3982 καὶ
3516 3931 3612 3982 τδν

2031 4024 2138 4078 τῶν
2169 4024 2342 4078 ἄλλων
2374 4021 2655 4093 ἑπομένων
2684 4021 2777 4075 καὶ
2807 4019 3235 4092 ἐξομοιουμὲνων
3263 4018 3482 4089 ἀγαθῶν
3512 4019 3612 4088 ἀγ-

2029 4117 2202 4186 γέλων
2234 4115 2486 4189 στρατὸν,
2514 4113 2742 4186 Πνεῦμά
2769 4131 2828 4166 τε
2858 4114 2918 4167 τὸ
2950 4112 3286 4186 προφητικὸν
3317 4110 3608 4182 σεϐόμεθα,

2030 4285 2224 4331 contra
2247 4274 2396 4343 ipsas
2417 4288 2632 4342 quoque
2661 4273 2808 4339 leges
2823 4272 3118 4343 ministret.
3154 4289 3172 4324 ι
3205 4270 3360 4343 Quod
3386 4270 3608 4340 quidem

2030 4346 2253 4401 verbum
2271 4342 2524 4414 positum
2557 4346 2772 4399 videtur
2793 4359 2892 4414 pro
2915 4342 3300 4414 administret,_
3317 4342 3432 4414 sive
3454 4353 3610 4414 regat

2029 4428 2086 4473 ct
2117 4412 2339 4540 incitet.
2380 4415 2455 4468 De
2478 4412 2817 4471 daemonibus
2857 4415 3048 4470 eadem
3084 4414 3256 4468 habes
3287 4412 3342 4466 in
3365 4412 3522 4483 Apol.
3548 4414 3606 4478 2,

2030 4505 2083 4540 n.
2159 4527 2172 4540 .

2030 4505 2083 4541 η.
2117 4505 2172 4540 llr.

2100 4557 2214 4621 (49)
2247 4556 2568 4612 Καὶαὺτοί.
2593 4555 2906 4624 Legendum
2945 4554 3265 4624 pronuntiat
3309 4552 3406 4608 καὶ
3444 4554 3610 4624 αὐτόν

2029 4627 2333 4693 Thirlbius,
2362 4638 2414 4682 et
2451 4626 2614 4696 paulo
2665 4623 2789 4698 post
2815 4626 2889 4698 μὴ
2937 4623 3114 4698 θεούς,
3151 4640 3250 4694 pro
3279 4624 3366 4698 μη
3386 4623 3602 4698 ὀρθούς.

2023 4699 2164 4754 lluic
2229 4695 2519 4768 postrenite
2581 4695 2948 4752 emendationi
3014 4695 3608 4768 tantumtribu‘ittut

2027 4789 2047 4820 ι
2079 4787 2191 4824 rem
2231 4765 2340 4824 tam
2389 4769 2593 4822 claram
2624 4769 2894 4838 exemplis
2932 4777 3027 4821 aut
3071 4766 3376 4838 rationibus
3405 4765 3607 4821 conﬁr-

2025 4856 2176 4894 mare
2198 4839 2333 4895 nihil
2361 4839 2507 4894 aliud
2526 4855 2648 4895 esse
2667 4837 2815 4894 dicat
2840 4839 2941 4894 nisi
2971 4837 3268 4892 lectoribus
3295 4838 3603 4892 convicium

2019 4912 2226 4966 facere.
2272 4931 2292 4964 ι
2323 4910 2468 4964 Nihil
2503 4925 2633 4965 sane
2656 4911 2986 4966 incommodi
3015 4918 3183 4972 esset,
3215 4907 3259 4961 si
3289 4907 3605 4975 scripsisset

2017 4982 2265 5037 Justinus
2286 4983 2382 5035 καὶ
2407 4981 2592 5046 αὐτόν,
2611 4994 2663 5036 et
2696 4982 2769 5054 μὴ
2813 4980 2969 5044 θεούς
2991 4981 3112 5049 ;sed
3129 4994 3253 5035 cum
3283 4979 3444 5033 aliter
3464 4978 3604 5034 scri-

2018 5064 2169 5123 ptum
2205 5054 2528 5114 habeamus,
2556 5063 2613 5108 ct
2635 5064 2867 5121 utraque
2901 5056 3177 5122 scriptura
3218 5059 3344 5120 apte
3371 5059 3604 5123 etcom-

2020 5121 2178 5180 inode
2226 5125 2402 5192 posita
2473 5123 2569 5184 sit,
2631 5125 2760 5191 quid
2799 5139 2940 5193 epus
2974 5121 3059 5178 est
3093 5121 3601 5193 sanaiu_c_tninime

2018 5189 2272 5263 corrupta
2293 5196 2591 5251 emendare
2602 5189 2694 5247 ἳὲ-
2706 5189 2894 5248 Καιφλὰ
2916 5193 3212 5263 δαιμόνια.
3234 5189 3319 5263 Cf.
3345 5189 3596 5260 Xenoph.

2015 5261 2374 5330 MemdrabiL,
2393 5282 2443 5319 e.
2471 5268 2525 5329 l,
2559 5277 2614 5319 et
2637 5265 2879 5320 Platonis
2897 5261 3052 5334 Apol.
3082 5262 3240 5334 Socr.
3275 5261 3456 5316 Οττο.

2085 5337 2196 5409 (50)
2241 5339 2518 5404 Ἕλλησι.
2555 5335 2867 5409 Legendum
2913 5330 2970 5389 ἐν
3013 5333 3239 5404 Ἕλλησι
3280 5334 3395 5403 jam
3442 5330 3600 5386 multi

2013 5407 2138 5479 post
2169 5407 2480 5479 Perioniutn
2515 5407 2903 5479 observarunt.

2085 5479 2198 5551 (51)
2237 5479 2348 5534 Καὶ
2394 5477 2722 5542 διδάξαντα
2760 5475 2922 5547 ’ἡμᾶς
2959 5475 3167 5551 ταξὲταΓ
3208 5474 3353 5551 _Cunt
3391 5487 3599 5551 magna

2013 5544 2293 5605 exstiterit
2322 5551 2749 5618 protestantium
2791 5544 2858 5602 de
2892 5551 2996 5618 hoc
3023 5546 3224 5601 Justini
3277 5544 3597 5618 testimonio

2012 5624 2276 5676 adversus
2305 5615 2608 5676 catholicos
2627 5615 3432 5683 dimicatio,interpretationis
3463 5627 3598 5668 mea:

2010 5691 2424 5756 defensionem,
2456 5707 2577 5761 quae
2607 5691 2743 5746 satis
2775 5689 3059 5761 commode
3103 5687 3304 5761 tinibus
3333 5695 3474 5743 notae
3508 5684 3596 5741 in-

2011 5763 2156 5819 cludi
2193 5779 2299 5821 non
2331 5758 2566 5834 poterat,
2596 5763 2650 5819 in
2686 5759 3068 5819 Praefaticnem
3099 5758 3334 5828 conieci.
