3948 6256
321 364 410 420 357

1429 360 1774 420 APOLOGIA
1813 361 1830 415 l
1871 361 2009 419 PRO
2044 356 2502 419 CHRISTIANIS.

3487 363 3588 420 558

323 480 408 535 καὶ
427 475 816 550 προσκυνοῦμεν
836 515 852 538 ,
877 472 1034 546 λόγῳ
1081 476 1190 531 καὶ
1225 477 1456 551 ἀληθείᾳ
1487 479 1778 552 τιμῶντες,
1811 480 1897 534 καὶ

2008 480 2389 550 propheticum
2419 478 2650 534 colimus
2681 485 2736 531 et
2767 476 3084 545 adoramus,
3117 479 3327 536 ratione
3355 487 3410 536 et
3439 484 3586 536 veri-

318 571 466 627 παντὶ
498 567 792 640 βουλομένῳ
836 565 1068 638 μαθεῖν,
1094 567 1180 632 ὡς
1217 569 1603 642 ἐδιδάχθημεν,
1647 570 1899 641 ἀφθόνως

319 661 691 735 παραδιδόντες.

387 754 432 807 ’1.
475 751 626 808 Ἀλλὰ
650 752 814 823 φήσει
857 768 966 818 τις,
1003 752 1116 826 ήδη
1138 755 1290 819 τινὲς
1318 754 1611 827 ληφθέντες
1635 756 1906 830 ἠλέγχθη-

317 866 412 904 σαν
430 847 738 921 κακοῦργοι.
765 849 875 903 Καὶ
901 847 1019 922 γὰρ
1053 849 1294 914 πολλοὺς
1321 851 1579 916 πολλάκις
1609 851 1722 923 (52)
1739 894 1754 916 ,
1774 855 1904 907 ὅταν

307 946 559 1000 ἑκάστοτε
594 942 706 997 τῶν
745 945 1252 1017 κατηγορουμένων
1289 945 1380 1000 τὸν
1411 945 1526 1016 βίον
1565 947 1859 1020 ἐξετάζητε
1885 989 1900 1014 ,

458 1037 520 1090 οὐ
560 1034 651 1089 διὰ
682 1035 812 1100 τοὺς
867 1035 1280 1108 προλεχθέντας
1325 1037 1438 1109 (55)
1483 1038 1898 1103 καταδικάζετε.

301 1128 550 1183 Καθόλου
578 1128 680 1198 μὲν
698 1123 795 1182 οὖν
821 1129 1050 1182 κάκεῖνο
1081 1128 1474 1200 ὁμολογοῦμεν,
1502 1130 1586 1184 ὅτι
1613 1130 1672 1184 ὃν
1699 1131 1903 1202 τρόπον

297 1224 349 1274 οἱ
388 1223 450 1274 ἐν
478 1219 706 1291 Ἕλλησι
748 1218 821 1272 τά
853 1219 1043 1284 αὐτοῖς
1087 1219 1302 1292 ἀρεστὰ
1335 1220 1793 1294 δογματίσαντες,
1838 1223 1903 1277 ἐκ

296 1312 506 1376 παντὸς
529 1312 610 1382 τῷ
636 1312 720 1365 ἐν).
761 1312 989 1383 ὀνόματι
1015 1312 1339 1384 φιλοσοφίας
1362 1313 1899 1386 προσαγορεύονται,

293 1404 506 1475 καίπερ
549 1403 662 1456 τῶν
703 1403 1000 1475 δογμάτων
1041 1404 1305 1459 ἐναντίων
1346 1405 1515 1460 όντων
1539 1425 1553 1438 ⁸
1598 1407 1770 1472 οὕτως
1808 1408 1902 1462 καὶ

289 1496 408 1548 τῶν
428 1500 492 1550 ἐν
511 1495 820 1569 βαρϐάροις
842 1497 1155 1568 γενομένων
1176 1498 1270 1553 καὶ
1292 1497 1558 1565 δοξάντων
1572 1498 1684 1571 (54)
1698 1499 1900 1568 σοφῶν,

285 1587 348 1642 τὸ
375 1589 973 1662 ἐπικατηγορούμενον
998 1590 1173 1661 ὄνομα
1202 1591 1381 1644 κοινόν
1418 1593 1553 1646 ἐστι.
1589 1581 1904 1664 Χριστιανοὶ

284 1681 401 1751 γὰρ
422 1681 635 1745 πάντες
665 1681 1196 1753 προσαγορεύονται.
1233 1681 1395 1736 Ὅθεν
1420 1683 1638 1738 πάντων
1665 1684 1775 1738 τῶν
1804 1702 1904 1738 κα-

284 1773 754 1845 ταγγελλομένων
775 1775 928 1845 ὑμῖν,
945 1773 1048 1839 τὰς
1069 1775 1299 1848 πράξεις
1317 1777 1597 1849 κρίνεσθαι
1617 1776 1898 1851 ἀξιοῦμεν,

285 1866 377 1919 ἵνα
422 1868 454 1919 ὁ
496 1866 789 1938 ἐλεγχθεὶς
816 1866 895 1930 ὡς
926 1867 1112 1933 ἄδικος
1152 1868 1488 1941 κολάζηται,
1527 1869 1666 1924 ἀλλὰ
1713 1870 1788 1942 μὴ
1826 1871 1903 1935 ὡς
1934 1865 1977 1920 Β

282 1959 648 2031 Χριστιανός.
697 1959 830 2013 Ἐὰν
850 1959 909 2013 δέ
938 1978 1025 2024 τις
1046 1960 1370 2030 ἀνέλεγκτος
1389 1963 1648 2034 φανῆται,
1669 1962 1903 2033 ἀπολύη·

283 2067 398 2114 ται,
435 2050 514 2112 ὡς
537 2052 883 2123 Χριστιανὸς
918 2051 1073 2105 οὐδὲν
1102 2051 1326 2107 ἀδικῶν.
1352 2053 1425 2106 Οὐ
1447 2052 1558 2124 γὰρ
1588 2053 1715 2118 τοὺς
1735 2071 1904 2124 κατη-

281 2143 602 2214 γοροῦντας
669 2143 928 2206 κολάζειν
991 2144 1138 2214 ὑμᾶς
1197 2143 1537 2217 ἀξιώσομενο
1604 2145 1902 2220 ἀρκοῦνται

281 2237 397 2309 γὰρ
456 2240 527 2309 τῇ
596 2236 889 2310 προσούσῃ
950 2236 1186 2308 πονηρίᾳ
1206 2277 1222 2302 ,
1288 2237 1382 2291 καὶ
1436 2240 1504 2310 τῇ
1564 2239 1672 2293 τῶν
1724 2239 1903 2294 καλῶν

284 2330 503 2402 ἀγνοίᾳ.

360 2618 414 2673 8.
454 2615 781 2685 Λογξσασθε
808 2615 854 2670 δ’
883 2616 968 2671 ὅτι
1000 2616 1145 2689 ὑπὲρ
1190 2617 1342 2688 ὑμῶν
1370 2616 1547 2671 ταῦτα
1570 2615 1802 2688 ἔφημεν,
1838 2620 1904 2672 ἐκ

296 2710 385 2764 ωῦ
410 2711 498 2780 ἐφ’
531 2712 676 2780 ἡμῖν
697 2705 840 2762 εἶναι
869 2710 1154 2781 ἀρνεῖσθαι
1186 2708 1624 2782 ἐξεταζομένους.
1661 2711 1798 2764 Ἀλλ’
1839 2711 1900 2764 οὐ

300 2801 602 2872 βουλόμεθα
645 2801 751 2873 ζῇν
779 2801 1256 2871 ψευδολογοῦντες.
1283 2801 1389 2858 Τοῦ
1413 2802 1522 2872 γὰρ
1559 2803 1780 2858 αἰωνίου
1807 2805 1901 2857 καὶ

303 2894 540 2966 καθαροῦ
576 2894 704 2965 βίου
736 2894 1158 2966 ἐπιθυμοῦντες,
1189 2895 1286 2966 τῆς
1311 2895 1450 2967 μετὰ
1477 2895 1612 2950 Θεοῦ
1635 2897 1730 2951 τοῦ
1761 2897 1898 2951 πάν-

301 3007 404 3043 των
422 2990 653 3061 [ἰατρὸς
677 2991 775 3043 καὶ
794 2988 1134 3060 δημιουργοῦ
1155 2989 1427 3062 διαγωγῆς
1451 2990 1730 3044 ἀντιποιού
1739 2991 1898 3062 μεθα,

303 3083 391 3136 καὶ
417 3081 742 3152 σπεύδομεν
774 3082 870 3135 ἐπὶ
895 3082 955 3135 τὸ
992 3081 1306 3153 ὁμολογεῖν,
1336 3084 1386 3135 oi
1416 3083 1771 3154 πεπεισμένοι
1808 3084 1900 3137 καὶ

303 3176 658 3238 πιστεύοντες
693 3177 885 3244 τυχεῖν
932 3175 1139 3229 τούτων
1184 3174 1442 3228 δύνασθαι
1479 3177 1606 3240 τοὺς
1645 3177 1737 3230 τὸν
1765 3177 1900 3230 Θεὸν

301 3268 364 3320 δι’
385 3269 567 3341 ἔργων
588 3270 896 3332 τείσαντας
913 3307 929 3332 ,
955 3268 1040 3321 ὅτι
1071 3267 1222 3338 αὐτῷ
1251 3268 1482 3335 εἵποντο,
1515 3269 1731 3340 καὶτῆς
1770 3271 1900 3342 παρ’

475 3361 775 3432 διαγωγῆς
803 3361 975 3430 ἥρων,
999 3358 1129 3413 ἔνθα
1161 3361 1324 3414 κακία
1352 3361 1453 3414 οὐκ
1478 3362 1778 3416 ἀντιτυπεῖ.
1817 3363 1903 3426 Ὡς

307 3455 399 3524 μὲν
426 3449 524 3508 οὖν
567 3453 665 3507 διὰ
697 3452 950 3524 βραχέων
979 3455 1176 3516 εἰπεῖν,
1206 3453 1242 3507 ἆ
1269 3471 1325 3506 τε
1358 3454 1768 3527 προσδοκῶμεν,
1809 3457 1901 3510 καὶ

307 3547 713 3620 μεμαθήκαμεν
733 3547 826 3601 διὰ
853 3547 948 3602 τοῦ
969 3547 1228 3619 Χριστοῦ,
1251 3548 1344 3602 καὶ
1363 3547 1706 3619 διδάσκομεν,
1729 3549 1904 3604 ταῦτά

304 3645 434 3696 ἐστι.
479 3641 722 3696 Πλάτων
759 3639 876 3711 (55)
906 3641 966 3695 δὲ
995 3641 1199 3712 ὁμοίως
1242 3640 1346 3712 ἔφη
1395 3641 1768 3712 Ῥαδάμανθυν
1808 3644 1902 3696 καὶ

304 3734 453 3788 Μίνω
492 3734 760 3788 κολάσειν
793 3735 923 3798 τοὺς
970 3733 1190 3797 ἀδίκους
1229 3735 1360 3806 παρ’
1399 3735 1598 3798 αὐτοὺς
1625 3735 1896 3800 ἐλθόντας.

317 3827 504 3896 Ἡμεῖς
534 3826 599 3880 δὲ
617 3865 636 3890 ,
665 3824 732 3878 τὸ
757 3825 890 3878 αὐτὸ
919 3826 1152 3898 πρᾶγμα
1180 3825 1360 3897 φαμὲν
1395 3827 1752 3898 γενήσεσθαι,
1785 3827 1900 3881 ἀλλ’

307 3919 406 3971 ὑπο
430 3918 527 3973 τοῦ
561 3917 812 3989 Χριστοῦ
831 3957 847 3982 ,
875 3917 972 3972 καὶ
1015 3920 1128 3980 τοῖς
1155 3918 1339 3992 αὐτοῖς
1377 3917 1594 3989 σώμασι
1627 3918 1766 3989 μετὰ
1793 3918 1901 3972 τῶν

305 4013 489 4082 ψυχῶν
518 4011 834 4081 γινομένων
862 4009 998 4081 (56),
1033 4012 1124 4064 καὶ
1147 4010 1370 4064 αἰωνίαν
1394 4009 1616 4064 κόλασιν
1642 4011 1904 4084 κολασθη-

311 4101 577 4170 σομένων,
609 4099 730 4152 ἀλλ’
765 4099 887 4170 οὐχὶ
917 4099 1258 4170 χιλιονταετῆ
1289 4099 1560 4168 περίοδον,
1590 4101 1665 4164 ὡς
1694 4103 1901 4166 ἐκεῖνος

310 4192 407 4265 ἔφη
430 4234 447 4258 ,
493 4193 684 4264 μόνον.
737 4193 799 4245 Ei
844 4192 947 4263 μὲν
987 4189 1082 4246 οὖν
1105 4193 1331 4246 ἄπιστον
1376 4192 1408 4263 ἢ
1454 4191 1712 4246 ἀδύνατον
1746 4194 1903 4250 τοῦτο

311 4283 468 4353 φήσει
519 4299 610 4345 τις
656 4281 795 4345 πῶς
830 4283 1012 4351 ἡμᾶς,
1044 4283 1077 4348 ἠ
1108 4281 1164 4335 δὲ
1195 4282 1374 4353 πλάνη
1406 4282 1520 4353 (57)
1548 4283 1697 4337 ἐστὶν
1739 4284 1900 4340 ἄλλου

1928 3219 1970 3276 C

380 4439 497 4514 (53)
538 4441 659 4514 Kal,
700 4442 811 4514 γὰρ
859 4443 1134 4512 πολλοὺς
1162 4441 1484 4509 πολλάκις.
1535 4442 1902 4514 Subintelligit

309 4511 548 4568 Grabius
619 4513 910 4583 ἐλέγχετε,
976 4515 1072 4569 sed
1110 4511 1348 4584 prorsus
1388 4514 1725 4584 immerito.
1762 4511 1896 4570 Nam

310 4565 456 4636 clara
487 4565 578 4636 est
602 4565 1896 4649 veriié‘mm'c6653muniminemihi;
1930 4565 1975 4622 D

312 4653 729 4718 καταδικάζετε.
787 4655 940 4720 Quod
989 4665 1166 4709 autem
1219 4653 1465 4710 Justinus
1517 4654 1712 4710 multos
1753 4671 1895 4724 saepe

308 4725 673 4778 condemnari
707 4727 806 4787 ait,
842 4726 892 4777 id
924 4726 989 4779 de
1012 4725 1341 4781 Christianis
1372 4725 1544 4794 accipi
1577 4741 1682 4779 non
1714 4736 1894 4793 potest

311 4795 615 4863 (quomodo
647 4797 794 4849 enim
825 4795 1025 4851 multos
1064 4812 1128 4851 ex
1167 4797 1276 4850 illis
1305 4797 1588 4850 convictos
1613 4796 1780 4850 fuisse
1812 4797 1892 4849 l'a-

313 4875 546 4926 teretur,
569 4881 698 4918 cum
729 4881 928 4934 paucos
947 4875 1153 4921 tantum
1179 4866 1483 4932 objicercnt
1500 4867 1802 4920 adversarii
1823 4868 1891 4933 ?);

312 4938 404 5007 sed
430 4935 741 5001 generatim
768 4939 926 4991 docet
948 4939 1138 5007 quanti
1165 4938 1382 4992 intersit
1409 4937 1459 4989 in
1483 4950 1697 4991 reorum
1727 4938 1891 4991 vitam

314 5004 632 5078 inquirere,
653 5015 711 5058 ut
737 5008 878 5078 idem
908 5004 996 5078 jus
1031 5009 1285 5074 impetret
1320 5007 1668 5078 Christianis.

383 5076 500 5148 (55)
539 5077 650 5148 Διά
677 5076 821 5144 τοὺς
849 5075 1305 5148 προλεχθέντας.
1355 5077 1509 5146 Legit
1541 5075 1776 5133 Grabius
1805 5079 1892 5133 διὰ

314 5145 930 5218 τοῦτοπρολεχθέντας,
965 5145 1066 5204 sed
1106 5150 1312 5204 inutilis
1346 5145 1568 5218 prorsus
1613 5148 1724 5204 hare
1755 5164 1877 5204 con-

309 5217 555 5288 jectura.
587 5218 760 5272 Multo
804 5223 982 5288 aptius
1025 5229 1080 5275 et
1131 5220 1469 5273 commodius
1517 5217 1802 5272 Perionius
1838 5231 1892 5274 et

315 5287 500 5362 Billius
533 5290 722 5362 legunt
748 5287 849 5343 sse
868 5293 993 5355 τοὺς
1019 5289 1499 5362 προελεγχθέντας.
1529 5289 1727 5362 Multos
1759 5305 1891 5346 sane

313 5360 727 5423 condemnatis,
759 5376 883 5415 cum
908 5363 977 5415 de
1021 5359 1283 5429 cujusque
1311 5364 1419 5414 vita
1453 5359 1764 5429 inquiritis,
1796 5363 1891 5416 sed

312 5443 403 5502 eos
435 5445 545 5485 non
595 5431 984 5487 condemnatis
1012 5440 1236 5502 propter
1265 5445 1358 5486 eos
1391 5432 1482 5498 qui
1507 5429 1620 5502 jam
1653 5431 1888 5486 convicti

313 5497 480 5554 fuere.
514 5502 704 5568 Quare
750 5503 967 5556 etiamsi
1009 5497 1250 5556 nonnulli
1290 5517 1356 5557 ex
1392 5497 1721 5556 Christianis
1754 5516 1889 5557 con-

314 5571 433 5625 ricli
464 5571 690 5636 fuerint,
723 5587 830 5625 non
868 5572 1080 5627 idcirco
1110 5573 1289 5627 caeteri
1324 5572 1744 5627 condemnandi.

378 5643 485 5713 (Si)
526 5641 641 5696 Καὶ
687 5641 1046 5713 δοξάντων.
1079 5642 1210 5696 Illud
1254 5643 1346 5696 καί
1408 5643 1550 5696 idem
1597 5641 1740 5713 valet
1787 5645 1891 5699 hoc

312 5711 420 5768 loco
457 5729 525 5769 ac
553 5715 612 5786 ἦ.
650 5712 1107 5786 Declarat_enim
1137 5727 1422 5786 commune
1451 5711 1890 5786 essehChristia-

311 5801 488 5839 uorum
507 5781 716 5839 nomen
748 5786 818 5840 iis
841 5784 939 5852 qui
978 5799 1039 5837 re
1067 5792 1156 5836 aut
1179 5783 1396 5838 nomine
1415 5792 1540 5838 sunt
1566 5781 1886 5838 Christiani.

374 5857 478 5932 (55)
516 5856 805 5912 Πλάτων.
866 5856 1140 5912 Observat
1188 5853 1434 5926 Crabius
1464 5855 1548 5910 his
1599 5853 1664 5910 de
1728 5857 1890 5912 rebus

2007 581 2117 628 tate
2131 579 2482 637 venerantes,
2505 577 2561 625 et
2579 577 2640 624 ut
2664 569 2902 640 quisque
2930 571 3142 626 discere
3165 570 3428 639 voluerit,
3444 572 3584 628 citra

1948 731 1952 735 γ
2004 662 2292 730 invidiam,
2322 671 2382 718 ut
2411 663 2588 718 edocti
2619 676 2831 730 sumus,
2859 662 3264 733 impertientes.

2075 761 2130 814 7.
2172 758 2282 815 Sed
2322 759 2468 814 dicet
2511 755 2893 827 aliquiszlam
2926 759 3209 826 nonnulli,
3254 773 3378 816 cum
3431 775 3584 815 com-

2003 851 2255 921 prehensi
2284 849 2546 918 fuissent,
2580 848 2818 906 convicti
2847 859 2977 905 sunt
3009 851 3305 906 malefacti.
3334 851 3414 908 Ac
3444 850 3586 906 mul-

2005 952 2091 998 tos
2146 941 2370 1014 quidem
2431 955 2714 1012 persaepe,
2759 956 2886 998 cum
2952 941 3007 996 in
3057 941 3228 997 vitam
3305 941 3585 1012 inquiritis

2006 1047 2244 1102 reorum,
2277 1031 2694 1100 condemnatis;
2731 1047 2840 1088 non
2871 1042 3057 1090 tamen
3091 1041 3319 1106 propter
3345 1049 3460 1101 eos,
3486 1035 3585 1105 qui

2003 1125 2155 1195 prius
2177 1123 2329 1182 fuere
2354 1124 2610 1193 convicti,
2642 1125 3041 1181 condemnatis.
3073 1125 3208 1182 ιιιυά
3242 1141 3375 1197 ergo
3415 1141 3585 1197 gene~

2005 1217 2166 1272 ratim
2195 1216 2539 1284 confitemur,
2570 1217 3037 1287 quemadmodum
3075 1217 3168 1289 qui
3195 1219 3337 1288 apud
3364 1217 3586 1275 Graecos

2006 1310 2315 1368 arridentes
2367 1309 2474 1366 sibi
2517 1309 2803 1381 opiniones
2860 1311 3140 1378 docuere,
3197 1327 3306 1368 uno
3363 1313 3587 1369 omnino

2005 1402 2363 1475 philosophiae
2389 1403 2612 1459 nomine
2655 1403 3033 1474 appellantur,
3067 1405 3324 1476 quamvis
3364 1413 3587 1461 contra-

2005 1496 2101 1551 ria:
2125 1496 2236 1552 sint
2274 1510 2464 1552 eorum
2493 1497 2823 1564 sententiae;
2871 1498 2946 1553 ita
2975 1508 3030 1554 et
3064 1498 3130 1555 iis
3157 1497 3251 1568 qui
3283 1497 3425 1568 apud
3459 1497 3589 1553 bar-

2003 1588 2172 1644 baros
2194 1589 2452 1646 exstitere
2478 1598 2572 1644 aut
2593 1589 2893 1646 existimati
2921 1601 3052 1647 sunt
3099 1591 3405 1662 sapientes,
3435 1606 3589 1648 com—

2005 1695 2173 1738 mune
2228 1680 2558 1754 impositum}
2611 1699 2736 1741 esse
2787 1700 3008 1742 nomen.
3070 1683 3372 1740 Christiani
3442 1683 3590 1740 enim

2005 1773 2348 1844 appellantur
2375 1791 2591 1834 omnes.
2630 1778 3142 1849 Rogamus.itaque
3187 1786 3248 1832 ut
3296 1776 3541 1834 omnium
3567 1815 3584 1842 ,

2005 1867 2096 1936 qui
2123 1869 2386 1938 apudvos
2412 1881 2768 1939 accusantur,
2820 1872 3195 1944 dijudicentur
3229 1870 3499 1935 actiones,
3529 1878 3590 1924 ut

2005 1959 2101 2029 qui
2147 1961 2428 2021 convictus
2477 1963 2677 2030 fuerit,
2726 1967 2990 2036 puniatur
3034 1973 3095 2020 ut
3139 1964 3453 2036 improbus,
3489 1979 3587 2018 ne-

2004 2066 2277 2122 quaquam
2303 2064 2486 2110 autem
2515 2066 2575 2110 ut
2594 2054 2942 2112 Christianus
2967 2074 2983 2122 ;
3018 2056 3065 2109 si
3091 2069 3254 2124 quem
3280 2062 3464 2110 autem
3491 2067 3589 2108 ex-

2006 2151 2089 2198 tra
2137 2144 2358 2199 noxiam
2406 2161 2528 2202 esse
2574 2156 2788 2216 pateat,
2840 2147 3155 2204 dimittatur
3220 2155 3280 2202 ut
3321 2146 3584 2202 innocens

2003 2236 2368 2294 Christianus.
2405 2239 2545 2294 Nam
2574 2239 2713 2294 utin
2753 2240 2901 2311 ipsos
2929 2241 3204 2296 delatores
3236 2239 3587 2294 animadver-

2007 2331 2136 2386 tatis
2177 2332 2403 2386 minime
2454 2331 2808 2402 rogabimus;
2857 2333 2995 2388 satis
3023 2332 3170 2386 enim
3206 2330 3314 2386 illis
3343 2340 3427 2386 est
3457 2345 3588 2399 sup-

2003 2419 2151 2489 plicii
2201 2435 2299 2476 sua
2348 2421 2592 2491 ipsorum
2657 2420 2906 2490 nequitia
2958 2435 3022 2476 ac
3068 2418 3340 2475 bonarum
3395 2432 3586 2472 rerum

2004 2512 2303 2582 ignoratio.

2073 2605 2126 2662 8.
2173 2605 2362 2663 Vestra
2411 2618 2594 2662 autem
2625 2622 2792 2663 causa
2838 2608 2956 2663 haec
3005 2622 3034 2661 a
3081 2606 3239 2662 nobis
3275 2605 3421 2662 dicta
3467 2614 3587 2679 esse

2003 2715 2074 2756 ex
2118 2714 2186 2756 eo
2234 2698 2563 2771 intelligite,
2599 2700 2746 2770 quod
2784 2699 2838 2754 in
2877 2698 3038 2754 nobis
3085 2697 3252 2754 situm
3282 2697 3354 2752 sit
3385 2709 3586 2764 negare

2002 2809 2126 2851 cum
2177 2794 2603 2864 interrogantur.
2646 2793 2753 2848 Sed
2801 2794 2986 2848 vivere
3035 2791 3288 2848 nolumus
3329 2787 3582 2844 obstricti

2006 2887 2310 2942 mendacio.
2350 2885 2596 2944 {Eternte
2637 2888 2784 2943 enim
2827 2902 2891 2942 ac
2937 2900 3089 2956 pura:
3133 2885 3259 2939 vitae
3289 2881 3469 2952 cupidi
3517 2881 3585 2935 ad

2005 2979 2342 3036 domicilium
2391 2995 2515 3036 cum
2559 2979 2673 3034 Deo
2703 2979 3083 3035 universorum
3115 2977 3276 3031 Patre
3302 2983 3358 3030 et
3389 2973 3587 3044 opiﬁce

2003 3072 2330 3141 promissum
2365 3073 2777 3137 contendimus;
2836 3086 2902 3127 ac
2929 3083 3291 3140 properamus
3316 3069 3383 3122 ad
3417 3066 3586 3123 conli-

2006 3164 2225 3219 tendum
2254 3207 2269 3231 ,
2308 3180 2432 3220 cum
2477 3179 2799 3234 persuasum
2836 3164 3137 3219 habeamus
3181 3171 3238 3216 et
3273 3161 3583 3223 credamus,

2004 3256 2120 3310 haec
2148 3255 2284 3311 bona
2307 3256 2390 3310 -ab
2417 3255 2524 3311 illis
2551 3255 2862 3325 comparari
2909 3268 3108 3325 posse,
3140 3252 3232 3322 qui
3279 3250 3437 3306 factis
3469 3249 3584 3304 suis

2007 3347 2190 3402 testati
2234 3348 2344 3404 Deo
2373 3348 2578 3404 fuerint
2607 3364 2667 3404 se
2704 3349 2854 3402 illum
2891 3355 3136 3403 sectatus
3161 3359 3316 3410 esse,
3347 3359 3411 3400 ae
3452 3343 3584 3398 illud

2004 3441 2148 3510 apud
2191 3456 2316 3496 eum
2349 3439 2686 3495 domicilium
2722 3441 3011 3494 adamasse
3034 3478 3050 3504 ,
3079 3437 3170 3492 ubi
3202 3435 3350 3491 nulla
3377 3434 3582 3490 vitiosi-

2006 3543 2088 3588 tas
2118 3534 2438 3590 reluctatur.
2461 3533 2532 3590 Ut
2563 3533 2732 3602 igitur
2764 3531 3094 3588 brevissime
3123 3529 3228 3587 dici
3252 3537 3449 3600 potest,
3469 3528 3584 3581 haec

2004 3637 2130 3684 sunt
2155 3644 2278 3699 quae
2301 3637 2708 3698 exspectamus,
2733 3641 2963 3697 qumque
2993 3639 3023 3678 a
3049 3623 3271 3680 Christo
3291 3619 3582 3675 didicimus

2002 3731 2058 3777 et
2104 3725 2384 3780 docemus.
2441 3721 2754 3784 Similiter;
2789 3719 3010 3789 quidem
3070 3717 3224 3771 Plato
3281 3711 3580 3783 improbos,

2001 3816 2114 3890 48
2145 3833 2267 3871 cum
2297 3818 2365 3872 ad
2403 3813 2642 3870 Minoem
2685 3822 2740 3867 et
2776 3811 3257 3866 Rhadamanthum
3289 3807 3544 3862 venerint
3565 3845 3580 3867 ,

2003 3909 2252 3979 punitum
2301 3907 2365 3962 iri
2411 3907 2480 3962 ab
2524 3906 2630 3961 illis
2674 3907 2813 3960 dixit
2848 3927 2864 3960 ;
2909 3920 3009 3960 nos
3059 3911 3239 3956 autem
3280 3899 3423 3954 idem
3477 3897 3585 3950 illis

2003 4012 2328 4058 eventurum
2379 4001 2654 4064 dicimus,
2701 4000 2797 4054 sed
2848 4014 2877 4052 a
2929 3997 3188 4060 Christo;
3242 3993 3405 4062 idque
3444 3990 3582 4044 exsi-

2003 4092 2270 4148 stentibus
2301 4093 2352 4146 in
2391 4091 2581 4146 iisdem
2617 4088 2980 4160 corporibus,
3016 4103 3119 4141 una
3151 4099 3277 4140 cum
3313 4082 3427 4137 suis
3462 4082 3580 4134 aui-

2004 4183 2218 4251 mabus,
2251 4192 2305 4238 ut
2337 4199 2498 4254 poena
2522 4191 2726 4238 aeterna
2775 4181 3099 4250 puniantur,
3131 4192 3239 4233 non
3288 4175 3437 4231 mille
3479 4188 3579 4228 an-

2003 4294 2228 4346 norum,
2294 4289 2355 4332 ut
2393 4279 2496 4333 iste
2541 4277 2710 4342 dixit,
2763 4275 2999 4331 circuitu
3047 4271 3297 4328 deﬁnita.
3351 4267 3410 4325 Si
3460 4268 3582 4339 quis

2004 4455 2167 4512 agere
2214 4439 2518 4512 Platonem
2560 4436 2614 4512 in
2663 4434 2822 4512 Corg.
2873 4443 3012 4512 tom.
3071 4433 3089 4486 l
3136 4428 3582 4512 edit._'S.erran_i.,

2004 4498 2198 4582 pisae,
2223 4519 2278 4564 et
2305 4509 2357 4582 in
2386 4506 2640 4582 A__p_ologia
2668 4498 2940 4582 Socratis,
2959 4514 3106 4582 etne
3129 4498 3583 4582 suppliciismuiill‘e

2005 4567 2274 4636 annorum
2323 4579 2378 4632 in
2407 4567 2640 4638 Τὶιηῶο,
2681 4594 2736 4646 p.
2774 4575 2864 4629 42.
2915 4567 3084 4646 Addit
3123 4567 3582 4646 erudit_t§_'l'liirl~

2326 4626 2663 4718 'iie—r'ébl'fp.
2682 4626 2897 4711 ἢθη-οι
2915 4626 3188 4714 invii—oro”
3215 4658 3268 4713 p.
3289 4626 3416 4699 537.
3438 4647 3495 4692 et
3525 4641 3577 4691 in

1999 4721 2242 4794 ΡΙιιειςίνη
2278 4719 2528 4794 ρ.1223.
2661 4788 2688 4794 _
2817 4792 2822 4794 Α
2957 4788 2969 4794 _
3025 4787 3049 4794 _
3205 4783 3216 4794 .
3290 4783 3302 4794 .
3351 4779 3375 4794 Α
3438 4777 3450 4794 ο

2071 4792 2184 4863 (56)
2230 4779 2609 4863 Ἰδινομένων.
2657 4788 2876 4863 ειη)βώΔ
2911 4787 3092 4863 gora.»
3126 4783 3218 4863 _vel
3258 4779 3583 4863 ,ἀνθρώπων

1996 4852 2297 4934 γινομένων
2335 4852 2516 4934 αὗῖοῖς
2547 4852 2876 4931 σώμασὶ’ν()1
2911 4862 2968 4912 ἐν
2996 4857 3176 4934 αὐτῇς
3199 4852 3421 4934 ⁸σιξρμασι
3446 4852 3584 4920 μετὰ
3633 4874 3645 4888 ι

1996 4922 2358 5003 ’τί-ὤν’ψυχῶν.
2415 4922 2648 5003 Necesse
2683 4947 2788 5003 non
2833 4941 2917 4984 est
2955 4944 3077 4983 cum
3110 4922 3360 4981 'l‘hirlbio
3403 4922 3584 4991 legere

1997 5000 2299 5075 γινομένοις
2322 5014 2374 5075 et
2402 5000 2909 5075 κολασθησομένοις.

2070 5065 2185 5147 (37)
2221 5065 2383 5147 ἸῘ-δὲ
2413 5065 3008 5147 a1d»rni_cormpium
3041 5077 3197 5147 putat
3229 5069 3375 5147 hunc
3404 5065 3580 5147 locum

1997 5133 2256 5203 Grabiits.
2295 5145 2512 5214 Langus
2543 5133 2915 5197 et'Perionius
2945 5141 3019 5198 sic
3042 5133 3496 5206 interpretantur
3527 5145 3583 5212 ut

1998 5220 2184 5275 dicant
2219 5231 2338 5281 eos,
2372 5213 2465 5284 qui
2493 5213 2761 5281 judicium
2791 5220 2994 5284 negant
3018 5250 3033 5274 ,
3065 5225 3132 5284 cit
3166 5225 3272 5284 uno
3305 5221 3493 5262 errore
3529 5220 3579 5254 Ilt

1999 5290 2166 5343 alium
2219 5280 2436 5352 delabi,
2483 5280 2906 5356 dOIICCrlalttictll
2958 5284 3063 5335 huc
3100 5280 3584 5356 jitdicin__perartu

1998 5360 2133 5414 nihil
2165 5358 2353 5428 utalia
2382 5347 2875 5428 Cltristianislieri
2907 5360 3116 5421 pateat.
3165 5349 3236 5428 At
3266 5347 3400 5428 nihil
3434 5347 3584 5426 aliud

1997 5431 2098 5485 sibi
2125 5429 2240 5482 vult
2269 5427 2543 5490 Justinus,
2576 5425 2681 5479 nisi
2722 5424 2878 5497 _hu_nc
2907 5420 3152 5476 errorem
3183 5420 3583 5497 de_jtnlicio,._si

1998 5501 2161 5556 modo
2207 5513 2365 5553 error
2396 5500 2504 5561 sit,
2555 5494 2813 5568 levissimi
2851 5508 2972 5550 esse
3008 5492 3310 5568 momenti,
3341 5492 3580 5568 quandi}:

1997 5586 2162 5639 opere
2188 5579 2243 5624 et
2270 5569 2432 5623 lactis
2455 5567 2592 5622 nihil
2612 5565 3230 5639 deliquisseargttentur
3254 5561 3578 5639 Christiani.

1999 5629 2169 5699 V'oces
2212 5641 2316 5695 illa}
2336 5681 2351 5705 ,
2384 5640 2477 5712 ἥδε
2510 5641 2565 5712 κήκ
2589 5629 2762 5712 πλάνῂ
2814 5636 2961 5689 ἐστὶν
2983 5629 3154 5712 eam
3193 5631 3328 5704 πρὸς
3360 5629 3544 5700 ἕτερον
3565 5667 3578 5687 ,

1996 5714 2136 5768 idem
2162 5703 2362 5767 sonant
2385 5703 2448 5766 ac
2467 5703 2641 5781 πλάνη
2671 5703 3126 5783 ἀλλοπρόσαλλος,
3150 5715 3580 5783 error-coluique

1997 5785 2082 5856 nis
2107 5794 2161 5837 et
2189 5783 2560 5856 quotidianus,
2594 5770 2754 5852 quem
2800 5770 2860 5834 δι’
2884 5779 3008 5856 quis
3039 5777 3194 5856 nobis
3224 5773 3476 5856 objiciet.
3503 5770 3579 5856 ίέιι·

1996 5855 2100 5912 cile
2152 5846 2226 5912 sit
2283 5855 2335 5910 in
2401 5846 2812 5923 ipso'c'eusorc
2868 5846 3046 5909 simile
3115 5846 3335 5916 aliquod
3387 5846 3574 5898 vitium
