3948 6256
359 356 462 414 539

1278 356 1335 413 S.
1378 351 1642 415 JUSTINI
1682 344 2101 415 PHILOSOPHI
2142 361 2228 417 ΕΤ
2271 360 2633 420 MARTYRIS

3516 371 3621 427 5th

357 484 536 534 autem
561 473 721 530 nobis
754 474 1074 531 incredibile
1112 475 1164 529 id
1199 490 1352 540 esse,
1388 490 1452 530 ac
1481 476 1596 530 ﬁeri
1630 491 1736 529 non
1769 486 1916 543 posse

2034 479 2172 550 πρὸς
2237 479 2456 552 ἕτερον,
2528 481 2719 551 μέχρις
2778 473 2839 533 οὗ
2905 482 3052 554 ἔργῳ
3100 484 3265 555 μηδὲν
3307 485 3618 551 ἀδικοῦντες

356 566 536 630 dicat,
588 565 724 620 levis
769 580 902 621 sane
946 576 1029 621 est
1078 581 1144 622 ac
1203 567 1559 637 quotidianus
1608 568 1696 623 hic
1751 581 1929 635 error,

354 658 596 728 quandiu
628 658 829 714 nullius
853 658 1123 714 malefacti
1148 661 1446 730 arguimur.

427 755 482 808 9.
520 752 708 822 Neque
733 755 898 809 etiam
929 755 1277 810 victimarum
1311 757 1487 826 copia,
1531 767 1586 813 et
1621 757 1813 812 ﬂorum
1840 773 1932 814 co-

354 846 505 900 ronis
549 845 784 902 colimus
831 862 972 916 quos
1005 848 1292 914 homines,
1349 859 1642 919 postquam
1671 849 1931 906 etlinxere

352 940 408 988 ct
456 932 510 986 in
546 931 688 989 fanis
715 933 1058 991 collocavere
1083 975 1099 1001 ,
1131 937 1265 993 deos
1299 938 1664 1008 appellarunt.
1719 938 1776 995 Si
1810 941 1932 1010 qui-

353 1025 476 1080 dem
508 1027 807 1082 inanimata
828 1040 884 1083 et
915 1039 1130 1085 mortua
1159 1030 1278 1086 haec
1311 1047 1454 1096 esse,
1486 1048 1589 1087 nec
1617 1031 1714 1087 Dei
1751 1031 1930 1089 forma

350 1117 579 1184 praedita
617 1119 815 1190 (neque
839 1123 984 1177 enim
1020 1122 1185 1178 talem
1212 1123 1324 1179 Deo
1361 1125 1544 1181 inesse
1568 1123 1798 1180 formam
1831 1141 1931 1195 pu-

355 1219 537 1263 tamus
563 1249 578 1276 ,
611 1211 826 1280 qualem
868 1215 1090 1278 quidam
1142 1216 1356 1271 colendi
1400 1230 1566 1271 causa
1619 1217 1929 1273 simulatam

351 1301 600 1373 dicunt),
633 1306 728 1360 sed
762 1307 1026 1362 malorum
1074 1308 1328 1375 illorum,
1379 1311 1472 1380 qui
1524 1322 1926 1380 apparuerunt,

350 1395 655 1452 daemonum
706 1408 760 1454 et
807 1401 1029 1455 nomina
1063 1412 1119 1456 et
1164 1401 1371 1473 ﬁguras
1404 1403 1611 1459 referre
1653 1407 1924 1462 novimus.

349 1486 493 1554 Quid
519 1490 663 1544 enim
691 1494 889 1547 attinet
913 1494 1088 1560 vobis,
1111 1495 1204 1564 qui
1231 1496 1404 1566 probe
1431 1496 1608 1561 scitis,
1648 1512 1924 1567 exponere

347 1595 586 1650 quonam
628 1584 870 1640 artiﬁces
919 1589 1080 1642 modo
1131 1587 1420 1642 materiam
1469 1596 1739 1655 tractent,
1790 1591 1928 1645 scal-

343 1673 545 1741 penda,
571 1676 857 1740 caedendo,
884 1677 1162 1733 fundendo
1189 1687 1245 1734 et
1275 1680 1588 1736 tundendo?
1615 1679 1925 1749 Quinetiam

347 1781 492 1834 saepe
521 1781 588 1821 ex
617 1770 764 1825 vasis
792 1770 1122 1836 inhonestis,
1146 1786 1271 1827 cum
1304 1775 1541 1842 speciem
1567 1783 1776 1830 tantum
1806 1786 1925 1832 arte

2033 570 2387 641 ἐλεγχόμεθα.

2028 775 2032 779 -
2104 750 2157 804 9.
2208 748 2345 801 Ἀλλ’
2375 748 2494 802 οὐδὲ
2527 750 2740 815 θυσίαις
2779 751 2999 817 πολλαῖς
3040 754 3132 808 καὶ
3177 755 3405 819 πλοκαῖς
3436 754 3617 809 ἀνθῶν

2032 839 2280 911 τιμῶμεν
2328 839 2422 904 οὒς
2461 841 2572 914 (58)
2623 841 2899 914 ἄνθρωποι
2952 843 3380 917 μορφώσαντες,
3429 848 3522 901 καὶ
3556 851 3615 902 ὲν

2031 935 2178 998 ναοῖς
2205 933 2518 1006 ἱδρύσαντες
2538 976 2552 1000 ,
2595 934 2752 999 θεοὺς
2791 937 3255 1010 προσωνόμασαν·
3290 941 3412 994 ἐπεὶ
3435 942 3615 1013 ἀψυχα

2032 1026 2126 1078 καὶ
2154 1025 2324 1097 νεκρὰ
2367 1026 2542 1080 ταῦτα
2572 1025 2913 1100 γινώσκομεν
2933 1069 2948 1094 ,
2977 1031 3070 1083 καὶ
3111 1031 3246 1084 Θεοῦ
3283 1035 3494 1106 μορφὴν
3538 1036 3612 1106 μὴ

2030 1115 2223 1186 ἔχοντα
2249 1158 2263 1183 ,
2298 1119 2379 1189 (οὐ
2426 1118 2537 1191 γάρ
2578 1118 2837 1192 τοιαύτην
2864 1122 3146 1194 ἡγούμεθα
3173 1123 3266 1176 τὸν
3295 1124 3430 1177 Θεὸν
3469 1123 3613 1195 ἔχειν

2031 1210 2129 1281 τὴν
2174 1211 2386 1282 μορφὴν
2419 1213 2485 1282 ἣν
2523 1211 2655 1280 φασί
2697 1229 2842 1276 τινες
2886 1215 2966 1277 εἰς
2996 1214 3160 1286 τιμὴν
3191 1216 3610 1288 μεμιμῆσθαι·)

2032 1301 2144 1354 ἀλλ’
2168 1303 2390 1356 ἐκείνων
2412 1301 2520 1356 τῶν
2557 1304 2838 1372 φανέντων
2865 1305 3052 1360 κακῶν
3075 1307 3345 1378 δαιμόνων
3375 1308 3468 1363 καὶ
3495 1310 3613 1364 ὀνό-

2034 1411 2179 1464 ματα
2205 1393 2298 1448 καὶ
2331 1395 2586 1466 σχήματα
2611 1394 2774 1466 ἔχειν.
2817 1395 2882 1448 Τί
2911 1395 3020 1469 γὰρ
3042 1396 3123 1450 δεῖ
3143 1398 3340 1451 εἰδόσιν
3371 1399 3498 1469 ὑμῖν
3524 1398 3609 1452 λέ,

2029 1502 2167 1554 γειν,
2203 1486 2240 1540 ἀ
2277 1486 2374 1559 τὴν
2404 1487 2535 1558 ὓλην
2569 1490 2616 1540 οἱ
2649 1479 2888 1560 τεάνῖται
2924 1489 3244 1555 διατιθέασι,
3280 1489 3492 1555 ξέοντες
3518 1492 3611 1545 καὶ

2027 1578 2349 1650 τέμνοντες,
2390 1580 2484 1633 καὶ
2530 1580 2854 1652 χωνεύοντες
2900 1584 2994 1636 καὶ
3036 1583 3362 1646 τύπτοντες;
3407 1583 3507 1637 καὶ
3541 1584 3608 1650 se

2027 1672 2237 1744 ἀτίμων
2269 1673 2528 1740 πολλάκις
2560 1676 2767 1730 σκευῶν
2804 1675 2891 1729 διὰ
2924 1677 3120 1747 τέχνης
3146 1676 3206 1730 τὸ
3237 1678 3420 1748 σχῆμα
3451 1675 3609 1748 μόνον

2028 1764 2354 1830 ἀλλάξαντες
2388 1769 2482 1821 καὶ
2511 1771 3012 1841 μορφοποιήσαντες
3044 1767 3152 1838 (59)
3175 1809 3188 1832 ,
3224 1768 3382 1831 θεοὺς
3423 1770 3611 1821 ἐπονο-

344 1859 779 1928 immtttaverint,
814 1876 878 1916 ac
899 1861 1500 1934 eﬁigiem‘induxerint.
1532 1866 1916 1935 cognominant

2028 1861 2307 1932 μάζουσιν.
2343 1863 2520 1934 Ὅπερ
2566 1865 2626 1918 ού
2669 1863 2831 1934 μόνον
2866 1862 3060 1931 ἄλογον
3102 1860 3385 1932 ἡγούμεθα
3412 1901 3426 1925 ,
3471 1861 3608 1914 ἀλλά

345 1949 500 2007 deos.
543 1949 700 2018 Quod
729 1953 948 2024 quidem
993 1969 1102 2008 non
1132 1955 1307 2008 solum
1358 1970 1388 2009 a
1437 1955 1652 2011 ratione
1683 1956 1922 2011 alienum

343 2057 488 2109 esse,
524 2045 620 2101 sed
649 2046 815 2101 etiam
845 2047 1257 2119 contumeliose,
1281 2049 1335 2103 in
1363 2049 1534 2104 Deum
1581 2049 1698 2104 ﬁeri
1730 2064 1922 2104 cense-

341 2153 502 2203 mus;
530 2139 626 2210 qui
650 2153 774 2194 cum
800 2140 1033 2211 gloriam
1062 2152 1114 2198 et
1159 2142 1390 2199 formam
1420 2158 1526 2198 non
1554 2143 1918 2199 enarrabilem

343 2233 576 2298 habeat,
624 2232 745 2304 ejus
779 2248 976 2289 nomen
1013 2236 1176 2290 rebus
1209 2235 1546 2305 corruptioni
1579 2236 1832 2293 obnoxiis
1866 2243 1921 2291 et

341 2325 616 2378 assiduam
667 2339 853 2379 curam
907 2327 1317 2396 requirentibus
1361 2325 1680 2395 imponitur.
1740 2329 1920 2398 Atque

340 2417 536 2469 horum
566 2416 803 2473 artiﬁces
839 2417 972 2472 vitio
999 2418 1146 2473 omni
1175 2459 1192 2483 ,
1227 2432 1293 2473 ne
1320 2417 1532 2488 singula
1578 2432 1917 2487 recenseam,

343 2509 553 2566 deditos
582 2525 702 2566 esse
735 2519 993 2566 accurate
1038 2512 1245 2576 nostis;
1294 2512 1432 2566 adeo
1477 2520 1536 2565 ut
1583 2527 1712 2566 suas
1753 2511 1918 2566 etiam

345 2601 596 2665 ancillas,
619 2601 748 2656 dum
787 2616 972 2658 secum
1001 2604 1295 2668 laborant,
1321 2611 1703 2673 constuprent.
1733 2601 1777 2658 0
1807 2611 1921 2658 stu-

343 2708 526 2774 porem
557 2696 802 2750 attonitas
847 2696 1074 2750 mentis!
1114 2695 1169 2751 id
1211 2695 1526 2751 hominibus
1566 2695 1914 2750 incontinen-

343 2786 489 2842 tibus
517 2787 710 2855 tribui,
754 2797 814 2843 ut
847 2788 982 2844 deos
1013 2789 1078 2842 ad
1109 2789 1397 2845 colendum
1429 2789 1637 2857 ﬁngere
1661 2797 1717 2842 et
1741 2797 1923 2841 trans-

341 2880 581 2946 formare
619 2881 908 2946 dicantur,
936 2895 1002 2936 ac
1027 2880 1302 2946 fanorum,
1331 2883 1384 2935 in
1413 2880 1612 2950 quibus
1646 2878 1724 2933 illi
1757 2878 1922 2934 collo-

2027 1954 2121 2009 καὶ
2149 1955 2234 2023 ἐφ’
2275 1954 2428 2025 ὕϐρει
2453 1953 2546 2008 τοῦ
2593 1954 2729 2008 Θεοῦ
2760 1954 3044 2024 γίνεσθαι,
3085 1954 3145 2017 ὃς
3184 1952 3423 2025 ἄρρητον
3452 1953 3609 2021 δόξαν

2025 2047 2118 2101 καὶ
2164 2046 2376 2118 μορφὴν
2416 2047 2554 2117 ἔχων
2572 2089 2585 2112 ,
2625 2049 2716 2100 ἐπὶ
2741 2047 2996 2118 φθαρτοῖς
3023 2047 3116 2101 καὶ
3146 2046 3422 2117 δεομένοις
3449 2047 3608 2119 θερα-

2027 2138 2186 2202 πείας
2217 2141 2537 2212 πράγμασιν
2565 2141 2981 2212 ἐπονομάζεται.
3024 2139 3134 2193 Καὶ
3181 2140 3264 2192 ὅτι
3310 2140 3359 2191 οἱ
3402 2141 3608 2192 τούτων

2023 2235 2262 2304 τεχνῖται
2304 2232 2554 2302 ἀσελγεῖς
2600 2250 2658 2286 τε
2687 2277 2702 2300 ,
2752 2235 2847 2287 καὶ
2880 2235 3059 2287 πᾶσαν
3107 2231 3306 2286 κακίαν
3331 2273 3346 2297 ,
3398 2232 3486 2284 ἴνα
3532 2249 3607 2303 μη

2028 2324 2474 2396 καταριθμῶμεν,
2500 2323 2736 2395 ἔχουσιν,
2757 2324 3000 2395 ἀκριϐῶς
3029 2323 3323 2377 ἐπίστασθε
3343 2340 3355 2352 ·
3395 2323 3608 2387 καὶτὰς

2027 2416 2234 2471 ἑαυτῶν
2255 2417 2546 2482 παιδίσκας
2577 2418 3049 2490 συνεργαζομένας
3079 2415 3482 2488 φθείρουσιν.“Ω
3505 2414 3606 2484 τῆς

2026 2509 2452 2581 ὲμϐροντησίας,
2492 2509 2810 2582 ἀνθρώπους
2851 2510 3212 2574 ἀκολάστους,
3256 2509 3412 2573 θεοὺς
3443 2511 3522 2574 εἰς
3545 2511 3608 2562 τὸ

2028 2603 2451 2674 προσκυνεῖσθαι
2506 2603 2767 2658 πλάσσειν
2815 2604 3068 2674 λέγεσθαι
3105 2603 3252 2676 (60),
3293 2604 3388 2657 καὶ
3437 2619 3596 2674 μετα-

2026 2703 2227 2750 ποιεῖν·
2269 2697 2362 2750 atati.
2387 2696 2494 2749 τῶν
2539 2697 2700 2769 ἱερῶν
2723 2737 2738 2761 ,
2777 2696 2906 2750 ἔνθα
2931 2695 3311 2758 ἀνατίθενται,
3360 2693 3606 2764 φύλακας

2022 2791 2294 2854 τοιούτους
2335 2790 2685 2844 καθιστάναιπ
2733 2790 2807 2861 μὴ
2848 2789 3189 2862 συνορῶντας
3223 2788 3478 2859 ἀθέμιτον
3513 2786 3605 2840 καὶ

2023 2881 2084 2935 τὸ
2105 2885 2247 2935 νοεῖν
2271 2881 2303 2952 ἢ
2330 2881 2511 2950 λέγειν
2544 2881 2863 2953 ἀνθρώπους
2895 2881 3033 2935 θεῶν
3065 2878 3205 2935 εἶναι
3230 2879 3495 2950 φύλακας.

341 2980 557 3039 cantur,
590 2973 726 3028 tales
766 2973 1023 3028 constitui
1065 2973 1346 3028 custodes!
1396 2971 1664 3027 Nimirum
1732 2986 1836 3025 non
1885 2971 2067 3028 vident
2099 2983 2156 3029 et
2183 2975 2431 3045 cogitatu
2500 2985 2555 3028 et
2601 2975 2751 3030 dictu
2791 2974 2947 3029 nefas
3000 2989 3142 3040 esse,
3178 2975 3428 3030 homines
3472 2971 3602 3028 deo-

341 3081 459 3124 rum
483 3081 606 3122 assis
629 3069 906 3134 custodes,

410 3161 498 3216 ιο.
542 3160 728 3234 Neque
787 3163 952 3217 etiam
1002 3163 1377 3218 materialibus
1420 3163 1704 3219 hominum
1757 3159 1984 3221 donisC

338 3255 509 3317 Deum
569 3253 814 3325 indigere
868 3256 1200 3324 accepimus,
1258 3271 1381 3311 cum
1435 3255 1584 3310 illum
1638 3255 1916 3310 videamus

337 3358 534 3409 cuncta
613 3348 966 3421 praebentem.
1021 3348 1127 3403 Sed
1187 3363 1282 3402 eos
1348 3348 1493 3411 solos
1532 3347 1626 3411 iilli
1695 3348 1913 3416 probari

337 3441 723 3506 didicimus,et
752 3456 1072 3512 persuasum
1103 3442 1373 3498 habemus
1410 3449 1466 3497 et
1494 3441 1787 3505 credimus,
1821 3440 1912 3510 qui

335 3533 500 3595 insita
548 3533 626 3587 illi
682 3535 824 3589 bona
881 3535 1188 3598 imitantur,
1249 3536 1692 3603 temperantiam,
1741 3535 1910 3603 justi-

337 3626 468 3679 tiam
501 3635 555 3680 et
587 3626 1008 3691 humanitatem,
1040 3637 1095 3682 et
1122 3642 1459 3696 quaecunque
1491 3626 1612 3692 Dei,
1638 3627 1731 3696 qui
1761 3627 1912 3680 nullo

336 3717 592 3786 imposito
646 3717 864 3772 nomine
913 3727 1161 3782 vocatur,
1213 3719 1431 3788 pr0pria
1481 3731 1630 3773 sunt.
1677 3720 1744 3773 Et
1790 3735 1911 3773 cum

336 3807 516 3865 bonus
543 3806 843 3872 sit,oninia
878 3807 1031 3861 illum
1063 3809 1132 3864 ab
1164 3809 1321 3863 initio
1345 3826 1408 3864 ex
1443 3811 1657 3865 informi
1688 3813 1913 3864 materia

336 3909 563 3972 propter
605 3899 854 3955 homines
886 3899 1197 3956 condidisse
1243 3903 1577 3970 accepimus.
1633 3904 1779 3969 Quos
1805 3903 1917 3975 49

2091 3154 2176 3209 10.
2239 3152 2378 3206 Ἀλλ’
2407 3152 2467 3205 ού
2502 3151 2715 3206 δέεσθαι
2758 3151 2857 3222 τῆς
2893 3151 3040 3223 παρὰ
3079 3153 3381 3225 ἀνθρώπων
3413 3156 3602 3228 ὑλικῆς

2023 3247 2338 3318 προσφορᾶς
2363 3244 2809 3316 προσειλήφαμεν
2846 3242 2956 3314 (61)
2985 3244 3079 3298 τὸν
3102 3245 3235 3299 Θεὸν
3253 3285 3267 3310 ,
3295 3247 3458 3299 αὑτὸν
3499 3264 3605 3299 πα-

2025 3339 2250 3410 ρέχοντα
2299 3338 2478 3390 πάντα
2518 3336 2775 3408 ὁρῶντες.
2817 3335 3088 3401 Ἐκείνους
3117 3337 3174 3390 δὲ
3205 3339 3605 3410 προσδέχεσθαι

2021 3433 2184 3486 αὑτὸν
2225 3431 2384 3502 μόνον
2414 3429 2805 3500 δεδιδάγμεθα,
2855 3429 2947 3482 καὶ
2992 3431 3335 3501 πεπείσμεθα
3374 3434 3467 3485 καὶ
3507 3451 3603 3487 πι-

2021 3524 2302 3595 στεύομεν,
2346 3522 2472 3585 τοὺς
2505 3521 2574 3575 τά
2611 3522 2878 3593 προσόντα
2925 3521 3073 3593 αὐτῴ
3107 3521 3288 3591 ἀγαθά
3331 3524 3606 3595 μιμουμέ-

2019 3635 2162 3682 νους,
2181 3617 2535 3688 σωφροσύνην
2553 3615 2645 3668 καὶ
2673 3614 3020 3685 δικαιοσύνην
3040 3615 3135 3668 καὶ
3162 3615 3598 3688 φιλανθρωπίαν,

2019 3712 2112 3765 καὶ
2131 3712 2231 3767 ὅσα
2258 3711 2435 3772 οἰκεῖα
2455 3707 2574 3778 Θεῷ
2598 3709 2735 3773 ἐστι,
2760 3707 2836 3780 τῷ
2874 3709 3064 3781 μηδεν)¹
3090 3708 3312 3779 ὀνόματι
3336 3708 3475 3780 θετῷ
3497 3728 3600 3765 κα-

2019 3803 2282 3874 λουμένῳ.
2314 3802 2424 3857 Καὶ
2446 3801 2624 3856 πάντα
2649 3800 2747 3873 τὴν
2768 3802 2942 3874 ἀρχὴν
2968 3800 3170 3870 ἀγαθὸν
3193 3801 3322 3856 ὄντα
3348 3803 3602 3876 δημιουρ-

2017 3898 2180 3966 Υῆσαι
2215 3895 2376 3956 αὑτὸν
2397 3893 2457 3960 ἐξ
2485 3894 2734 3965 ἀμόρφου
2767 3893 2897 3965 ὕλης
2931 3895 3041 3967 (62)
3076 3895 3143 3948 δι’
3170 3895 3490 3968 ἀνθρώπους
3515 3896 3601 3949 δε-

335 3993 593 4062 quidem,
640 3993 684 4047 si
719 3993 912 4063 dignos
943 4008 1003 4048 se
1051 4009 1149 4064 per
1178 4010 1344 4064 opera
1387 3995 1534 4051 illius
1578 3997 1805 4052 consilio
1848 4014 1914 4053 ac

2028 3986 2310 4058 Ξιδάγμεθα
2329 4003 2343 4026 '-
2363 3985 2433 4050 οἳ,
2463 3985 2559 4038 ἐὰν
2585 3985 2770 4052 ἀξίους
2790 3985 2867 4056 τῷ
2891 3986 3098 4039 ἐκείνου
3130 3985 3462 4057 βουλεύματι
3485 3986 3596 4059 (65)

337 4155 630 4220 castigare.
667 4154 780 4209 Non
833 4155 1094 4211 inusitata
1135 4169 1217 4212 est
1262 4155 1480 4211 Justino
1524 4167 1572 4210 et
1599 4154 1746 4212 'aliis'
1789 4158 1918 4214 reli-

333 4225 513 4298 gionis
570 4225 946 4298 defensoribus
994 4228 1108 4285 ιιωο
1156 4228 1524 4298 ratiocinatio.
1573 4226 1820 4290 Postulat
1861 4231 1912 4283 in

335 4295 525 4366 eadem
554 4295 811 4366 Apologia
843 4295 1086 4351 Justinus
1114 4315 1168 4352 n.
1200 4297 1290 4360 90,
1334 4307 1390 4350 ut
1421 4297 1756 4363 Christiani,
1786 4299 1912 4353 dum

336 4364 668 4436 FiliumDei
714 4364 901 4419 natum
948 4377 1004 4421 et
1058 4371 1381 4428 cruciﬁxum
1436 4369 1767 4436 praedicant,
1807 4385 1914 4422 non

335 4435 656 4512 absurdiora
708 4437 890 4512 dicere
921 4439 1231 4512 vidcantur,
1277 4435 1447 4512 quam
1491 4448 1694 4512 poetic,
1720 4439 1813 4508 qui
1847 4442 1914 4493 de

2023 4146 2255 4202 Grabius
2279 4186 2292 4207 ,
2328 4143 2557 4198 irrident
2596 4143 2830 4200 Baruch.
2865 4161 2954 4210 vr,
2986 4145 3075 4209 l7,
3102 4144 3588 4213 Pseudoclemens,

2027 4217 2254 4285 Recogn.
2287 4215 2491 4281 lib.’_‘vt,
2519 4215 2792 4285 Arnobius
2825 4214 2920 4270 lib.
2956 4232 3029 4277 vn.
3059 4216 3365 4285 Cyprianus
3411 4229 3597 4270 contra

2025 4283 2443 4357 Dentétrt'anum.
2491 4285 2646 4357 Vide,
2669 4283 2844 4357 Epist.
2875 4287 2958 4357 ad,
2995 4283 3308 4357 Diognetum
3333 4328 3348 4354 ,
3378 4297 3434 4342 et
3465 4287 3597 4342 Ter-

2025 4356 2140 4410 tull.
2175 4356 2326 4426 Apol.
2352 4356 2421 4410 ‘29
2453 4364 2504 4408 et
2533 4371 2559 4426 ι
2580 4355 2648 4408 ad
2675 4353 2829 4416 Ναί..
2859 4372 2912 4410 c.
2940 4356 3028 4410 10.

2094 4425 2227 4497 (61)
2263 4425 2784 4498 Προσειλήφαμεγ.
2812 4426 3050 4482 Grabius
3077 4437 3197 4496 post
3227 4427 3294 4480 Η.
3325 4426 3515 4498 Steph.
3541 4437 3598 4482 et

334 4495 464 4560 ﬁliis
491 4507 921 4578 deorumimulta
960 4495 1260 4572 ﬁnxpruni.
1296 4495 1351 4561 in
1387 4495 1906 4578 con'clusione'Apo-
1943 4495 1988 4552 D
2019 4495 2374 4578 Sylbqrgimn
2428 4497 2558 4577 legit
2606 4495 3019 4578 προειλήφαμεν
3077 4495 3592 4578 ιιιιιιὴιιοοριίιοιςθ,

334 4578 491 4652 togig:
527 4588 694 4652 ‘rogat
734 4577 1221 4652 imperatorcsput
1273 4582 1318 4635 si
1368 4595 1555 4652 minus
1587 4579 1667 4632 cis
1699 4577 1911 4645 placeat

335 4646 777 4719 Christianorum
809 4646 1078 4713 doctrina,
1117 4650 1261 4703 illam
1287 4651 1504 4719 quidem
1540 4651 1713 4701 instar
1741 4666 1910 4718 nuga-

337 4732 457 4780 rum
502 4717 776 4784 habeant,
823 4735 888 4774 ac
941 4717 1376 4788 nequaquannin
1412 4721 1753 4779 Christianos
1791 4717 1912 4773 tan-

334 4802 498 4860 quam
530 4789 580 4840 in
613 4789 797 4860 hostes
842 4791 1127 4860 capitalem
1162 4807 1378 4860 poenam
1426 4794 1740 4860 decernant.
1776 4791 1911 4843 Ter-

335 4857 594 4930 tulliantts
634 4858 854 4930 Apolog.
883 4857 1048 4930 ,Vcap.
1080 4857 1176 4923 2i,
1223 4861 1295 4914 De
1341 4858 1491 4914 Verbi
1533 4859 1911 4930 Incol-natione

334 4929 598 4996 loquens:
635 4947 655 4981 ς
679 4929 928 4998 Recipite
959 4929 1198 4996 interim,
1225 4932 1432 4999 inquit,
1463 4932 1602 4984 hanc
1632 4929 1909 4994 fabulam,

335 4999 531 5072 similis
554 5013 640 5053 ρει
665 5016 882 5057 vestris.
909 5021 926 5051 ι
968 5001 1097 5057 Vide
1129 5021 1248 5071 cap.
1278 5003 1369 5057 49.
1405 5001 1560 5072 Legit
1589 5000 1904 5054 Thirlbius:

335 5067 478 5145 Πρὸς
519 5072 665 5141 ἡμᾶς
693 5072 786 5145 ἥδε
823 5075 856 5145 ἡ
889 5073 1063 5145 πλάνη
1090 5067 1256 5140 ἐστΐν,
1288 5072 1401 5125 ἀλλ’
1437 5067 1508 5124 οὗ
1527 5072 1663 5143 πρὸς
1703 5073 1906 5143 ἕτερον·

334 5143 412 5191 Λα
434 5159 550 5213 __nos
579 5160 725 5213 error
754 5143 854 5197 isté
876 5143 1123 5212 pertinet,
1153 5162 1254 5198 non
1288 5147 1356 5196 ad
1395 5147 1559 5199 alium
1587 5147 1836 5213 quantula.

407 5210 844 5283 (58)·Τιμῶμεν
877 5210 1022 5280 οὓς.
1079 5216 1154 5269 lla
1210 5215 1449 5268 Claroni.
1511 5210 1705 5268 codex.
1764 5214 1906 5269 Editi

334 5283 696 5353 τιμωμένους.

408 5352 520 5421 (59)
558 5354 1152 5424 Μορφοποιήσαντες.
1179 5355 1401 5409 Frustra
1440 5355 1503 5408 Η.
1533 5355 1727 5426 Steph.
1762 5357 1912 5410 addit

333 5435 459 5500 1ante
490 5430 632 5500 hanc
661 5441 844 5500 vocem
879 5429 1198 5500 ἀνθρώπους
1231 5429 1310 5500 vel
1342 5426 1644 5500 ἀνθρώπων
1675 5427 1906 5500 εἰκόνας.

335 5494 427 5544 Sic
457 5495 601 5547 enim
649 5499 959 5570 pauloqante
982 5494 1214 5566 iegimus
1250 5497 1343 5562 οὓς
1383 5494 1660 5570 ἄνθρωποι
1693 5497 1912 5569 μορφώ-

333 5579 548 5641 ιςαντες,
585 5577 639 5641 et
669 5584 720 5616 ιι.
754 5571 787 5619 li
818 5568 973 5637 λόγου
1005 5569 1400 5641 μοριξωθὲντος.

406 5636 516 5709 (liti)
555 5636 868 5709 Aeg-eaput.
911 5636 1132 5709 Legitur
1168 5643 1216 5693 iu
1251 5643 1532 5696 codicibus
1567 5655 1698 5692 mss.
1746 5651 1800 5692 et
1840 5642 1903 5697 li.

334 5703 525 5772 Steph.
573 5703 816 5774 λέγεσθε.
849 5713 955 5764 Sed
987 5703 1133 5763 recte
1159 5712 1477 5765 emendatus
1515 5713 1602 5763 hic
1643 5727 1825 5764 nievus
1856 5717 1907 5766 in

332 5778 462 5844 edit,
495 5777 667 5845 Paris.
715 5779 973 5846 llomincs
1006 5785 1531 5857 deorunrcustodcs,
1563 5793 1620 5844 ut
1652 5787 1908 5850 observat

2017 4577 2128 4621 tum
2176 4569 2226 4620 in
2259 4569 2370 4621 alio
2401 4572 2490 4634 qui
2535 4573 2694 4634 paulo
2741 4580 2860 4635 post
2904 4570 3165 4622 occurrit.
3205 4569 3312 4623 Sed
3345 4569 3597 4623 Justinus

2015 4640 2100 4691 vix
2152 4639 2316 4692 ullam
2363 4652 2553 4691 vocem
2589 4637 2932 4704 frequentius
2962 4651 3224 4706 usurpat,
3273 4656 3394 4692 cum
3439 4654 3597 4693 accc-

2015 4719 2162 4777 ptatn
2211 4725 2242 4762 a
2294 4709 2513 4762 Christo
2556 4718 2611 4762 et
2659 4710 2922 4774 apostolis
2967 4710 3314 4763 traditionem
3355 4724 3598 4763 comme-

2016 4788 2210 4832 morat.
2263 4778 2378 4833 Huc
2422 4781 2667 4842 accedit,
2718 4783 2864 4846 quod
2895 4795 2993 4833 sua
3025 4791 3217 4847 sponte
3263 4781 3485 4834 minime
3517 4781 3598 4833 vi?

2017 4851 2154 4903 tiosa
2193 4859 2314 4912 est,
2359 4851 2445 4902 vel
2490 4851 2670 4918 potius
2710 4847 2870 4918 longe
2905 4850 3066 4904 alteri
3114 4850 3480 4919 praeferenda,
3527 4850 3595 4904 ad

2015 4935 2078 4973 ea
2121 4920 2480 4990 signiﬁcanda
2522 4935 2642 4989 qua:
2675 4935 2704 4973 a
2749 4919 2977 4975 Christo
3017 4929 3072 4975 ct
3104 4921 3369 4990 apostolis
3413 4921 3594 4976 edocti

2015 5006 2218 5044 811111115-

2088 5061 2199 5130 (62)
2252 5061 2347 5124 Ἐξ
2385 5060 2655 5129 ἀμόρφου
2700 5059 2874 5128 ὕλης.
2925 5060 3050 5116 lianc
3094 5061 3260 5115 verba
3287 5060 3595 5116 lialloixius

2023 5129 2131 5185 Vit.
2165 5132 2223 5189 S.
2256 5131 2401 5186 Just.
2435 5149 2486 5199 p.
2527 5132 2631 5185 5-2.9
2653 5171 2666 5194 ,
2699 5146 2730 5184 e
2764 5132 2820 5184 S.
2861 5131 3121 5202 martyris
3163 5142 3424 5187 contextu
3459 5134 3596 5186 reci-

2014 5203 2095 5256 dit
2115 5243 2128 5265 ,
2171 5215 2226 5257 ιιι
2257 5203 2414 5270 plane
2447 5203 2666 5255 subdita
2695 5212 2748 5254 et
2784 5203 3022 5255 materiae
3045 5205 3429 5267 aeternitatem,
3460 5218 3597 5271 pra:-

2017 5283 2096 5326 ter
2120 5273 2317 5327 Justini
2351 5273 2716 5335 sententiam,
2749 5271 3079 5342 allingentia.
3135 5273 3310 5328 Aliter
3339 5276 3598 5327 emenda-

2017 5345 2094 5396 vit
2121 5345 2370 5414 Langus;
2407 5346 2568 5397 vertit
2597 5343 2741 5395 enim
2769 5359 2783 5396 :
2811 5360 2875 5396 ea:
2900 5342 3063 5396 nihilo
3094 5354 3140 5396 et
3165 5361 3269 5396 non
3294 5361 3358 5398 ea:
3380 5345 3597 5412 informi

2015 5417 2262 5468 materia.
2314 5416 2420 5468 Sed
2485 5414 2619 5467 nihil
2664 5425 2981 5484 corruptum
3020 5425 3115 5466 aut
3167 5415 3594 5484 interpolatum,

2015 5485 2149 5537 nihil
2181 5487 2325 5553 quod
2352 5484 2624 5556 Justinum
2657 5483 2727 5556 ‘in
2759 5483 2966 5537 erroris
3019 5483 3392 5553 suspicionem
3428 5486 3598 5556 possit

2016 5556 2313 5615 adducere.
2349 5566 2406 5608 ut
2437 5557 2488 5609 iu
2527 5553 2853 5608 Prwl‘alione
2878 5557 3236 5608 ostendimus.

2087 5624 2196 5694 (65)
2228 5629 2621 5694 Βουλεύμιιτι.
2665 5627 2792 5680 Sine
2837 5623 3053 5697 ratione
3097 5627 3422 5697 Sylhurgitts
3467 5626 3596 5697 legit

2017 5696 2336 5769 βουλήματι,
2369 5709 2422 5752 et
2453 5698 2612 5776 paulo
2643 5709 2761 5766 post
2803 5694 3350 5778 συμϐασιλεύσοντας.
3524 5694 3545 5707 ἦ
