  <div class='ocr_page' id='page_1' title='image "/cluster/home/n/w/nwhite01/storage/ocr_20150623/6/mdp.39015004289917/182.png"; bbox 0 0 3948 6256; ppageno 0'>
   <div class='ocr_carea' id='block_1_1' title="bbox 457 323 551 377">
    <p class='ocr_par' dir='ltr' id='par_1_1' title="bbox 457 323 551 377">
     <span class='ocr_line' id='line_1_1' title="bbox 457 323 551 377; baseline 0 0"><span class='ocrx_word' id='word_1_1' title='bbox 457 323 551 377; x_wconf 66' lang='lat' dir='ltr'><strong>SH</strong></span> 
     </span>
    </p>
   </div>
   <div class='ocr_carea' id='block_1_2' title="bbox 1536 331 2613 392">
    <p class='ocr_par' dir='ltr' id='par_1_2' title="bbox 1536 331 2613 392">
     <span class='ocr_line' id='line_1_2' title="bbox 1536 331 2613 392; baseline 0.002 -4"><span class='ocrx_word' id='word_1_2' title='bbox 1536 332 1886 392; x_wconf 81' lang='lat' dir='ltr'><strong>APOLOGIA</strong></span> <span class='ocrx_word' id='word_1_3' title='bbox 1926 338 1946 391; x_wconf 88' lang='grc' dir='ltr'><strong>Ι</strong></span> <span class='ocrx_word' id='word_1_4' title='bbox 1984 333 2123 390; x_wconf 81' lang='grc' dir='ltr'><strong>ΡΙὶο</strong></span> <span class='ocrx_word' id='word_1_5' title='bbox 2155 331 2613 390; x_wconf 78' lang='lat' dir='ltr'><strong>CHRISTIANIS.</strong></span> 
     </span>
    </p>
   </div>
   <div class='ocr_carea' id='block_1_3' title="bbox 3625 333 3726 389">
    <p class='ocr_par' dir='ltr' id='par_1_3' title="bbox 3625 333 3726 389">
     <span class='ocr_line' id='line_1_3' title="bbox 3625 333 3726 389; baseline 0 -1"><span class='ocrx_word' id='word_1_6' title='bbox 3625 333 3726 389; x_wconf 65' lang='lat'><strong>342</strong></span> 
     </span>
    </p>
   </div>
   <div class='ocr_carea' id='block_1_4' title="bbox 455 439 2027 528">
    <p class='ocr_par' dir='ltr' id='par_1_4' title="bbox 455 439 2027 528">
     <span class='ocr_line' id='line_1_4' title="bbox 455 439 2027 528; baseline 0.012 -37"><span class='ocrx_word' id='word_1_7' title='bbox 455 439 684 505; x_wconf 65' lang='grc' dir='ltr'>ἑαυτοὺς</span> <span class='ocrx_word' id='word_1_8' title='bbox 712 442 783 496; x_wconf 72' lang='grc' dir='ltr'><strong>δι’</strong></span> <span class='ocrx_word' id='word_1_9' title='bbox 822 445 990 515; x_wconf 75' lang='grc' dir='ltr'>ἔργων</span> <span class='ocrx_word' id='word_1_10' title='bbox 1022 447 1282 516; x_wconf 79' lang='grc' dir='ltr'>δείξωσι,</span> <span class='ocrx_word' id='word_1_11' title='bbox 1320 453 1418 525; x_wconf 85' lang='grc' dir='ltr'>τῆς</span> <span class='ocrx_word' id='word_1_12' title='bbox 1447 455 1563 525; x_wconf 78' lang='grc' dir='ltr'>μετ’</span> <span class='ocrx_word' id='word_1_13' title='bbox 1590 455 1755 508; x_wconf 81' lang='grc' dir='ltr'>αὐτοῦ</span> <span class='ocrx_word' id='word_1_14' title='bbox 1792 456 2027 528; x_wconf 86' lang='grc' dir='ltr'>ἀναστρο</span> 
     </span>
    </p>
   </div>
   <div class='ocr_carea' id='block_1_5' title="bbox 2134 439 3725 528">
    <p class='ocr_par' dir='ltr' id='par_1_5' title="bbox 2156 449 3725 521">
     <span class='ocr_line' id='line_1_5' title="bbox 2156 449 3725 521; baseline -0.003 -14"><span class='ocrx_word' id='word_1_15' title='bbox 2156 452 2421 508; x_wconf 72' lang='lat' dir='ltr'><strong>voluntati</strong></span> <span class='ocrx_word' id='word_1_16' title='bbox 2451 450 2819 515; x_wconf 81' lang='lat' dir='ltr'><strong>exhibuerint,</strong></span> <span class='ocrx_word' id='word_1_17' title='bbox 2838 450 3131 519; x_wconf 86' lang='lat' dir='ltr'><strong>adepturos</strong></span> <span class='ocrx_word' id='word_1_18' title='bbox 3159 449 3500 521; x_wconf 90' lang='lat' dir='ltr'><strong>accepimus,</strong></span> <span class='ocrx_word' id='word_1_19' title='bbox 3518 457 3579 504; x_wconf 91' lang='lat' dir='ltr'><strong>ut</strong></span> <span class='ocrx_word' id='word_1_20' title='bbox 3601 464 3725 505; x_wconf 89' lang='lat' dir='ltr'><strong>cum</strong></span> 
     </span>
    </p>
   </div>
   <div class='ocr_carea' id='block_1_6' title="bbox 459 532 2049 619">
    <p class='ocr_par' dir='ltr' id='par_1_6' title="bbox 459 532 2049 619">
     <span class='ocr_line' id='line_1_6' title="bbox 459 532 2049 619; baseline 0.003 -23"><span class='ocrx_word' id='word_1_21' title='bbox 459 532 567 601; x_wconf 72' lang='grc' dir='ltr'><strong>φῆς</strong></span> <span class='ocrx_word' id='word_1_22' title='bbox 596 537 993 609; x_wconf 69' lang='grc' dir='ltr'><strong>καταξιωθῆναι</strong></span> <span class='ocrx_word' id='word_1_23' title='bbox 1034 546 1495 618; x_wconf 72' lang='grc' dir='ltr'>προσειλήφαμέν</span> <span class='ocrx_word' id='word_1_24' title='bbox 1536 548 2049 619; x_wconf 80' lang='grc' dir='ltr'>συμϐασιλεύοντας,</span> 
     </span>
    </p>
   </div>
   <div class='ocr_carea' id='block_1_7' title="bbox 460 625 2052 711">
    <p class='ocr_par' dir='ltr' id='par_1_7' title="bbox 460 625 2052 711">
     <span class='ocr_line' id='line_1_7' title="bbox 460 625 2052 711; baseline 0.011 -35"><span class='ocrx_word' id='word_1_25' title='bbox 460 625 771 697; x_wconf 62' lang='grc' dir='ltr'>ἀφθάρτους</span> <span class='ocrx_word' id='word_1_26' title='bbox 801 632 893 683; x_wconf 71' lang='grc' dir='ltr'><strong>καὶ</strong></span> <span class='ocrx_word' id='word_1_27' title='bbox 920 632 1154 700; x_wconf 80' lang='grc' dir='ltr'><strong>ἀπαθεῖς</strong></span> <span class='ocrx_word' id='word_1_28' title='bbox 1203 638 1551 709; x_wconf 84' lang='grc' dir='ltr'>γενομένους.</span> <span class='ocrx_word' id='word_1_29' title='bbox 1584 642 1682 693; x_wconf 90' lang='grc' dir='ltr'>Ὃν</span> <span class='ocrx_word' id='word_1_30' title='bbox 1714 639 1916 711; x_wconf 84' lang='grc' dir='ltr'><strong>τρόπον</strong></span> <span class='ocrx_word' id='word_1_31' title='bbox 1943 640 2052 711; x_wconf 81' lang='grc' dir='ltr'>γὰρ</span> 
     </span>
    </p>
   </div>
   <div class='ocr_carea' id='block_1_8' title="bbox 458 716 2053 805">
    <p class='ocr_par' dir='ltr' id='par_1_8' title="bbox 458 716 2053 805">
     <span class='ocr_line' id='line_1_8' title="bbox 458 716 2053 805; baseline 0.01 -36"><span class='ocrx_word' id='word_1_32' title='bbox 458 716 557 785; x_wconf 77' lang='grc' dir='ltr'><strong>τὴν</strong></span> <span class='ocrx_word' id='word_1_33' title='bbox 584 718 763 790; x_wconf 83' lang='grc' dir='ltr'>ἀρχὴν</span> <span class='ocrx_word' id='word_1_34' title='bbox 805 722 904 776; x_wconf 75' lang='grc' dir='ltr'><strong>οὐκ</strong></span> <span class='ocrx_word' id='word_1_35' title='bbox 948 724 1108 791; x_wconf 75' lang='grc' dir='ltr'>ὄντας</span> <span class='ocrx_word' id='word_1_36' title='bbox 1141 730 1369 801; x_wconf 80' lang='grc' dir='ltr'>ἐποίησε</span> <span class='ocrx_word' id='word_1_37' title='bbox 1395 771 1410 795; x_wconf 94' lang='grc'><strong>,</strong></span> <span class='ocrx_word' id='word_1_38' title='bbox 1444 731 1539 785; x_wconf 85' lang='grc' dir='ltr'>τὸν</span> <span class='ocrx_word' id='word_1_39' title='bbox 1570 732 1731 786; x_wconf 75' lang='grc' dir='ltr'>αὐτὸν</span> <span class='ocrx_word' id='word_1_40' title='bbox 1773 732 2053 805; x_wconf 80' lang='grc' dir='ltr'><strong>ἡγούμεθα</strong></span> 
     </span>
    </p>
   </div>
   <div class='ocr_carea' id='block_1_9' title="bbox 455 807 2052 894">
    <p class='ocr_par' dir='ltr' id='par_1_9' title="bbox 455 807 2052 894">
     <span class='ocr_line' id='line_1_9' title="bbox 455 807 2052 894; baseline 0.014 -36"><span class='ocrx_word' id='word_1_41' title='bbox 455 807 660 877; x_wconf 67' lang='grc' dir='ltr'>τρόπον</span> <span class='ocrx_word' id='word_1_42' title='bbox 684 852 697 871; x_wconf 86' lang='grc'><strong>,</strong></span> <span class='ocrx_word' id='word_1_43' title='bbox 743 811 832 865; x_wconf 71' lang='grc' dir='ltr'><strong>διὰ</strong></span> <span class='ocrx_word' id='word_1_44' title='bbox 863 814 926 867; x_wconf 81' lang='grc' dir='ltr'>τὺ</span> <span class='ocrx_word' id='word_1_45' title='bbox 966 816 1189 871; x_wconf 77' lang='grc' dir='ltr'><strong>ἑλέσθαι</strong></span> <span class='ocrx_word' id='word_1_46' title='bbox 1231 822 1359 884; x_wconf 82' lang='grc' dir='ltr'>τοὺς</span> <span class='ocrx_word' id='word_1_47' title='bbox 1401 824 1755 893; x_wconf 74' lang='grc' dir='ltr'><strong>αἱρουμένους</strong></span> <span class='ocrx_word' id='word_1_48' title='bbox 1794 824 1863 877; x_wconf 80' lang='grc' dir='ltr'>τὰ</span> <span class='ocrx_word' id='word_1_49' title='bbox 1904 823 2052 894; x_wconf 82' lang='grc' dir='ltr'>αὑτῷ</span> 
     </span>
    </p>
   </div>
   <div class='ocr_carea' id='block_1_10' title="bbox 454 898 2045 987">
    <p class='ocr_par' dir='ltr' id='par_1_10' title="bbox 454 898 2045 987">
     <span class='ocr_line' id='line_1_10' title="bbox 454 898 2045 987; baseline 0.013 -37"><span class='ocrx_word' id='word_1_50' title='bbox 454 898 688 969; x_wconf 79' lang='grc' dir='ltr'>ἀρεστὰ,</span> <span class='ocrx_word' id='word_1_51' title='bbox 718 904 814 957; x_wconf 69' lang='grc' dir='ltr'>καὶ</span> <span class='ocrx_word' id='word_1_52' title='bbox 847 906 1159 979; x_wconf 75' lang='grc' dir='ltr'><strong>ἀφθαρσίας</strong></span> <span class='ocrx_word' id='word_1_53' title='bbox 1188 913 1285 965; x_wconf 79' lang='grc' dir='ltr'><strong>καὶ</strong></span> <span class='ocrx_word' id='word_1_54' title='bbox 1317 915 1600 979; x_wconf 86' lang='grc' dir='ltr'>συνουσίας</span> <span class='ocrx_word' id='word_1_55' title='bbox 1626 915 2045 987; x_wconf 80' lang='grc' dir='ltr'>καταξιωθῆναι.</span> 
     </span>
    </p>
   </div>
   <div class='ocr_carea' id='block_1_11' title="bbox 454 991 2044 1082">
    <p class='ocr_par' dir='ltr' id='par_1_11' title="bbox 454 991 2044 1082">
     <span class='ocr_line' id='line_1_11' title="bbox 454 991 2044 1082; baseline 0.015 -40"><span class='ocrx_word' id='word_1_56' title='bbox 454 991 529 1043; x_wconf 73' lang='grc' dir='ltr'><strong>Τὸ</strong></span> <span class='ocrx_word' id='word_1_57' title='bbox 573 994 677 1063; x_wconf 82' lang='grc' dir='ltr'><strong>μὲν</strong></span> <span class='ocrx_word' id='word_1_58' title='bbox 718 997 830 1067; x_wconf 77' lang='grc' dir='ltr'><strong>γὰρ</strong></span> <span class='ocrx_word' id='word_1_59' title='bbox 864 1000 961 1070; x_wconf 80' lang='grc' dir='ltr'>τὴν</span> <span class='ocrx_word' id='word_1_60' title='bbox 996 1002 1175 1074; x_wconf 79' lang='grc' dir='ltr'>ἀρχὴν</span> <span class='ocrx_word' id='word_1_61' title='bbox 1203 1006 1489 1073; x_wconf 85' lang='grc' dir='ltr'>γενέσθαι,</span> <span class='ocrx_word' id='word_1_62' title='bbox 1527 1008 1626 1079; x_wconf 82' lang='grc' dir='ltr'>οὐχ</span> <span class='ocrx_word' id='word_1_63' title='bbox 1654 1010 1919 1081; x_wconf 80' lang='grc' dir='ltr'>ἡμέτερον</span> <span class='ocrx_word' id='word_1_64' title='bbox 1949 1007 2044 1082; x_wconf 83' lang='grc' dir='ltr'><strong>ἦν·</strong></span> 
     </span>
    </p>
   </div>
   <div class='ocr_carea' id='block_1_12' title="bbox 449 1084 2047 1172">
    <p class='ocr_par' dir='ltr' id='par_1_12' title="bbox 449 1084 2047 1172">
     <span class='ocr_line' id='line_1_12' title="bbox 449 1084 2047 1172; baseline 0.015 -37"><span class='ocrx_word' id='word_1_65' title='bbox 449 1084 515 1136; x_wconf 77' lang='grc' dir='ltr'>τὸ</span> <span class='ocrx_word' id='word_1_66' title='bbox 537 1085 583 1137; x_wconf 81' lang='grc' dir='ltr'>δ’</span> <span class='ocrx_word' id='word_1_67' title='bbox 614 1086 1043 1161; x_wconf 75' lang='grc' dir='ltr'>ὲξακολουθῆσαι</span> <span class='ocrx_word' id='word_1_68' title='bbox 1066 1088 1148 1156; x_wconf 76' lang='grc' dir='ltr'>οἷς</span> <span class='ocrx_word' id='word_1_69' title='bbox 1170 1096 1324 1165; x_wconf 82' lang='grc' dir='ltr'>φίλον</span> <span class='ocrx_word' id='word_1_70' title='bbox 1340 1097 1485 1168; x_wconf 83' lang='grc' dir='ltr'>αύτῷ</span> <span class='ocrx_word' id='word_1_71' title='bbox 1506 1101 1863 1172; x_wconf 82' lang='grc' dir='ltr'>αἱρουμένους</span> <span class='ocrx_word' id='word_1_72' title='bbox 1886 1104 1953 1157; x_wconf 89' lang='grc' dir='ltr'>δι’</span> <span class='ocrx_word' id='word_1_73' title='bbox 1972 1098 2047 1159; x_wconf 79' lang='grc' dir='ltr'>ὧν</span> 
     </span>
    </p>
   </div>
   <div class='ocr_carea' id='block_1_13' title="bbox 449 1178 2049 1261">
    <p class='ocr_par' dir='ltr' id='par_1_13' title="bbox 449 1178 2049 1261">
     <span class='ocr_line' id='line_1_13' title="bbox 449 1178 2049 1261; baseline 0.014 -34"><span class='ocrx_word' id='word_1_74' title='bbox 449 1178 622 1243; x_wconf 79' lang='grc' dir='ltr'>αὐτὸς</span> <span class='ocrx_word' id='word_1_75' title='bbox 656 1182 968 1254; x_wconf 79' lang='grc' dir='ltr'>ἐδωρήσατο</span> <span class='ocrx_word' id='word_1_76' title='bbox 998 1186 1235 1255; x_wconf 80' lang='grc' dir='ltr'>λογικῶν</span> <span class='ocrx_word' id='word_1_77' title='bbox 1278 1190 1594 1261; x_wconf 77' lang='grc' dir='ltr'>δυνάμεων,</span> <span class='ocrx_word' id='word_1_78' title='bbox 1642 1194 1820 1248; x_wconf 71' lang='grc' dir='ltr'>πείθει</span> <span class='ocrx_word' id='word_1_79' title='bbox 1867 1212 1927 1248; x_wconf 91' lang='grc' dir='ltr'><strong>τε</strong></span> <span class='ocrx_word' id='word_1_80' title='bbox 1957 1198 2049 1249; x_wconf 75' lang='grc' dir='ltr'><strong>καὶ</strong></span> 
     </span>
    </p>
   </div>
   <div class='ocr_carea' id='block_1_14' title="bbox 448 1271 2046 1358">
    <p class='ocr_par' dir='ltr' id='par_1_14' title="bbox 448 1271 2046 1358">
     <span class='ocr_line' id='line_1_14' title="bbox 448 1271 2046 1358; baseline 0.011 -37"><span class='ocrx_word' id='word_1_81' title='bbox 448 1271 533 1333; x_wconf 77' lang='grc' dir='ltr'><strong>είς</strong></span> <span class='ocrx_word' id='word_1_82' title='bbox 565 1271 753 1326; x_wconf 85' lang='grc' dir='ltr'>πίστιν</span> <span class='ocrx_word' id='word_1_83' title='bbox 792 1276 918 1344; x_wconf 76' lang='grc' dir='ltr'>ἄγει</span> <span class='ocrx_word' id='word_1_84' title='bbox 950 1281 1117 1349; x_wconf 81' lang='grc' dir='ltr'>ἡμᾶς.</span> <span class='ocrx_word' id='word_1_85' title='bbox 1165 1282 1275 1335; x_wconf 74' lang='grc' dir='ltr'>Καὶ</span> <span class='ocrx_word' id='word_1_86' title='bbox 1323 1284 1460 1356; x_wconf 82' lang='grc' dir='ltr'>ὑπὲρ</span> <span class='ocrx_word' id='word_1_87' title='bbox 1490 1285 1707 1339; x_wconf 90' lang='grc' dir='ltr'>πάντων</span> <span class='ocrx_word' id='word_1_88' title='bbox 1745 1286 2046 1358; x_wconf 84' lang='grc' dir='ltr'>ἀνθρώπων</span> 
     </span>
    </p>
   </div>
   <div class='ocr_carea' id='block_1_15' title="bbox 446 1362 2047 1451">
    <p class='ocr_par' dir='ltr' id='par_1_15' title="bbox 446 1362 2047 1451">
     <span class='ocr_line' id='line_1_15' title="bbox 446 1362 2047 1451; baseline 0.014 -37"><span class='ocrx_word' id='word_1_89' title='bbox 446 1362 745 1433; x_wconf 79' lang='grc' dir='ltr'>ἡγούμεθα</span> <span class='ocrx_word' id='word_1_90' title='bbox 766 1362 935 1433; x_wconf 76' lang='grc' dir='ltr'>εἶναι,</span> <span class='ocrx_word' id='word_1_91' title='bbox 962 1370 1041 1441; x_wconf 84' lang='grc' dir='ltr'>τῷ</span> <span class='ocrx_word' id='word_1_92' title='bbox 1074 1373 1148 1444; x_wconf 83' lang='grc' dir='ltr'>μὴ</span> <span class='ocrx_word' id='word_1_93' title='bbox 1180 1373 1459 1444; x_wconf 76' lang='grc' dir='ltr'>εἴργεσθαι</span> <span class='ocrx_word' id='word_1_94' title='bbox 1484 1377 1592 1449; x_wconf 72' lang='grc'>(64)</span> <span class='ocrx_word' id='word_1_95' title='bbox 1634 1380 1806 1433; x_wconf 86' lang='grc' dir='ltr'>ταῦτα</span> <span class='ocrx_word' id='word_1_96' title='bbox 1845 1380 2047 1451; x_wconf 87' lang='grc' dir='ltr'>μανθά-</span> 
     </span>
    </p>
   </div>
   <div class='ocr_carea' id='block_1_16' title="bbox 447 1454 2046 1545">
    <p class='ocr_par' dir='ltr' id='par_1_16' title="bbox 447 1454 2046 1545">
     <span class='ocr_line' id='line_1_16' title="bbox 447 1454 2046 1545; baseline 0.015 -42"><span class='ocrx_word' id='word_1_97' title='bbox 447 1470 593 1545; x_wconf 79' lang='grc' dir='ltr'>νειν,</span> <span class='ocrx_word' id='word_1_98' title='bbox 770 1458 863 1510; x_wconf 77' lang='grc' dir='ltr'><strong>καὶ</strong></span> <span class='ocrx_word' id='word_1_99' title='bbox 884 1462 1290 1529; x_wconf 85' lang='grc' dir='ltr'>προτρέπεσθαι</span> <span class='ocrx_word' id='word_1_100' title='bbox 1312 1466 1403 1517; x_wconf 75' lang='grc' dir='ltr'><strong>ἐπὶ</strong></span> <span class='ocrx_word' id='word_1_101' title='bbox 1423 1466 1923 1543; x_wconf 81' lang='grc' dir='ltr'>ταῦτα.”οπερ(65)</span> <span class='ocrx_word' id='word_1_102' title='bbox 1937 1472 2046 1545; x_wconf 88' lang='grc' dir='ltr'>γὰρ</span> 
     </span>
    </p>
   </div>
   <div class='ocr_carea' id='block_1_17' title="bbox 422 1540 2045 1630">
    <p class='ocr_par' dir='ltr' id='par_1_17' title="bbox 422 1540 2045 1630">
     <span class='ocr_line' id='line_1_17' title="bbox 422 1540 2045 1630; baseline 0.017 -40"><span class='ocrx_word' id='word_1_103' title='bbox 422 1540 553 1593; x_wconf 72' lang='grc' dir='ltr'>,οὐκ</span> <span class='ocrx_word' id='word_1_104' title='bbox 578 1542 931 1616; x_wconf 72' lang='grc' dir='ltr'>ἠδυνήθησαν</span> <span class='ocrx_word' id='word_1_105' title='bbox 966 1552 1014 1603; x_wconf 82' lang='grc' dir='ltr'>οὶ</span> <span class='ocrx_word' id='word_1_106' title='bbox 1044 1551 1377 1623; x_wconf 87' lang='grc' dir='ltr'>ἀνθρώπειοι</span> <span class='ocrx_word' id='word_1_107' title='bbox 1413 1558 1565 1628; x_wconf 91' lang='grc' dir='ltr'>νόμοι</span> <span class='ocrx_word' id='word_1_108' title='bbox 1589 1540 1829 1630; x_wconf 82' lang='grc' dir='ltr'>πρᾶξαι,</span> <span class='ocrx_word' id='word_1_109' title='bbox 1873 1540 2045 1617; x_wconf 76' lang='grc' dir='ltr'>ταῦτα</span> 
     </span>
    </p>
   </div>
   <div class='ocr_carea' id='block_1_18' title="bbox 445 1633 2045 1723">
    <p class='ocr_par' dir='ltr' id='par_1_18' title="bbox 445 1633 2045 1723">
     <span class='ocr_line' id='line_1_18' title="bbox 445 1633 2045 1723; baseline 0.016 -39"><span class='ocrx_word' id='word_1_110' title='bbox 445 1635 478 1684; x_wconf 83' lang='grc' dir='ltr'>ὁ</span> <span class='ocrx_word' id='word_1_111' title='bbox 500 1633 662 1701; x_wconf 78' lang='grc' dir='ltr'>λόγος</span> <span class='ocrx_word' id='word_1_112' title='bbox 692 1635 806 1706; x_wconf 80' lang='grc'>(66)</span> <span class='ocrx_word' id='word_1_113' title='bbox 838 1639 980 1703; x_wconf 84' lang='grc' dir='ltr'>θεῖος</span> <span class='ocrx_word' id='word_1_114' title='bbox 1000 1640 1075 1695; x_wconf 82' lang='grc' dir='ltr'>ὣν</span> <span class='ocrx_word' id='word_1_115' title='bbox 1104 1646 1422 1716; x_wconf 76' lang='grc' dir='ltr'>εἰργάσατο,</span> <span class='ocrx_word' id='word_1_116' title='bbox 1453 1651 1501 1702; x_wconf 84' lang='grc' dir='ltr'><strong>εί</strong></span> <span class='ocrx_word' id='word_1_117' title='bbox 1531 1650 1605 1723; x_wconf 79' lang='grc' dir='ltr'>μὴ</span> <span class='ocrx_word' id='word_1_118' title='bbox 1632 1653 1683 1704; x_wconf 92' lang='grc' dir='ltr'><strong>οί</strong></span> <span class='ocrx_word' id='word_1_119' title='bbox 1709 1653 1899 1722; x_wconf 78' lang='grc' dir='ltr'>φαῦλοι</span> <span class='ocrx_word' id='word_1_120' title='bbox 1929 1656 2045 1709; x_wconf 91' lang='grc' dir='ltr'>δαί-</span> 
     </span>
    </p>
   </div>
   <div class='ocr_carea' id='block_1_19' title="bbox 449 1730 2044 1820">
    <p class='ocr_par' dir='ltr' id='par_1_19' title="bbox 449 1730 2044 1820">
     <span class='ocr_line' id='line_1_19' title="bbox 449 1730 2044 1820; baseline 0.016 -44"><span class='ocrx_word' id='word_1_121' title='bbox 449 1741 617 1792; x_wconf 81' lang='grc' dir='ltr'>μονες</span> <span class='ocrx_word' id='word_1_122' title='bbox 645 1730 1055 1787; x_wconf 82' lang='grc' dir='ltr'>κατεσκέδασαν</span> <span class='ocrx_word' id='word_1_123' title='bbox 1076 1736 1249 1792; x_wconf 89' lang='grc' dir='ltr'>πολλά</span> <span class='ocrx_word' id='word_1_124' title='bbox 1271 1739 1438 1812; x_wconf 75' lang='grc' dir='ltr'>ψευδῆ</span> <span class='ocrx_word' id='word_1_125' title='bbox 1462 1742 1553 1797; x_wconf 78' lang='grc' dir='ltr'><strong>καὶ</strong></span> <span class='ocrx_word' id='word_1_126' title='bbox 1573 1742 1708 1797; x_wconf 82' lang='grc' dir='ltr'>ἄθεα</span> <span class='ocrx_word' id='word_1_127' title='bbox 1740 1750 2044 1820; x_wconf 84' lang='grc' dir='ltr'>κατηγορή-</span> 
     </span>
    </p>
   </div>
   <div class='ocr_carea' id='block_1_20' title="bbox 2155 541 3726 612">
    <p class='ocr_par' dir='ltr' id='par_1_20' title="bbox 2155 541 3726 612">
     <span class='ocr_line' id='line_1_20' title="bbox 2155 541 3726 612; baseline -0.003 -13"><span class='ocrx_word' id='word_1_128' title='bbox 2155 560 2219 599; x_wconf 91' lang='lat' dir='ltr'><strong>eo</strong></span> <span class='ocrx_word' id='word_1_129' title='bbox 2258 544 2476 612; x_wconf 84' lang='lat' dir='ltr'><strong>degant,</strong></span> <span class='ocrx_word' id='word_1_130' title='bbox 2515 553 2680 611; x_wconf 87' lang='lat' dir='ltr'><strong>atque</strong></span> <span class='ocrx_word' id='word_1_131' title='bbox 2709 558 2816 596; x_wconf 94' lang='lat' dir='ltr'><strong>una</strong></span> <span class='ocrx_word' id='word_1_132' title='bbox 2856 550 3083 611; x_wconf 76' lang='lat' dir='ltr'><strong>regnent</strong></span> <span class='ocrx_word' id='word_1_133' title='bbox 3120 541 3490 608; x_wconf 90' lang='lat' dir='ltr'><strong>corruptionis</strong></span> <span class='ocrx_word' id='word_1_134' title='bbox 3515 549 3572 596; x_wconf 91' lang='lat' dir='ltr'><strong>et</strong></span> <span class='ocrx_word' id='word_1_135' title='bbox 3599 556 3726 611; x_wconf 88' lang='lat' dir='ltr'><strong>per-</strong></span> 
     </span>
    </p>
   </div>
   <div class='ocr_carea' id='block_1_21' title="bbox 2154 634 3728 706">
    <p class='ocr_par' dir='ltr' id='par_1_21' title="bbox 2154 634 3728 706">
     <span class='ocr_line' id='line_1_21' title="bbox 2154 634 3728 706; baseline -0.003 -14"><span class='ocrx_word' id='word_1_136' title='bbox 2154 637 2421 706; x_wconf 88' lang='lat' dir='ltr'><strong>pessionis</strong></span> <span class='ocrx_word' id='word_1_137' title='bbox 2449 645 2725 706; x_wconf 82' lang='lat' dir='ltr'><strong>expertes.</strong></span> <span class='ocrx_word' id='word_1_138' title='bbox 2756 634 3227 703; x_wconf 82' lang='lat' dir='ltr'><strong>Quemadmodum</strong></span> <span class='ocrx_word' id='word_1_139' title='bbox 3260 636 3407 690; x_wconf 91' lang='lat' dir='ltr'><strong>enim</strong></span> <span class='ocrx_word' id='word_1_140' title='bbox 3455 636 3525 691; x_wconf 91' lang='lat' dir='ltr'><strong>ab</strong></span> <span class='ocrx_word' id='word_1_141' title='bbox 3566 636 3728 689; x_wconf 89' lang='lat' dir='ltr'><strong>initio</strong></span> 
     </span>
    </p>
   </div>
   <div class='ocr_carea' id='block_1_22' title="bbox 2153 729 3729 794">
    <p class='ocr_par' dir='ltr' id='par_1_22' title="bbox 2153 729 3729 794">
     <span class='ocr_line' id='line_1_22' title="bbox 2153 729 3729 794; baseline -0.001 -8"><span class='ocrx_word' id='word_1_142' title='bbox 2153 747 2262 786; x_wconf 87' lang='lat' dir='ltr'><strong>non</strong></span> <span class='ocrx_word' id='word_1_143' title='bbox 2290 730 2620 786; x_wconf 80' lang='lat' dir='ltr'><strong>exsistentes</strong></span> <span class='ocrx_word' id='word_1_144' title='bbox 2647 730 2876 794; x_wconf 89' lang='lat' dir='ltr'><strong>creavit,</strong></span> <span class='ocrx_word' id='word_1_145' title='bbox 2914 729 3104 785; x_wconf 91' lang='lat' dir='ltr'><strong>eodem</strong></span> <span class='ocrx_word' id='word_1_146' title='bbox 3139 729 3300 785; x_wconf 92' lang='lat' dir='ltr'><strong>modo</strong></span> <span class='ocrx_word' id='word_1_147' title='bbox 3327 729 3573 784; x_wconf 81' lang='lat' dir='ltr'><strong>futurum</strong></span> <span class='ocrx_word' id='word_1_148' title='bbox 3606 744 3729 785; x_wconf 89' lang='lat' dir='ltr'><strong>cre-</strong></span> 
     </span>
    </p>
   </div>
   <div class='ocr_carea' id='block_1_23' title="bbox 2153 821 3729 892">
    <p class='ocr_par' dir='ltr' id='par_1_23' title="bbox 2153 821 3729 892">
     <span class='ocr_line' id='line_1_23' title="bbox 2153 821 3729 892; baseline -0.001 -16"><span class='ocrx_word' id='word_1_149' title='bbox 2153 821 2351 886; x_wconf 91' lang='lat' dir='ltr'><strong>dimus,</strong></span> <span class='ocrx_word' id='word_1_150' title='bbox 2397 831 2456 877; x_wconf 93' lang='lat' dir='ltr'><strong>ut</strong></span> <span class='ocrx_word' id='word_1_151' title='bbox 2481 823 2571 892; x_wconf 92' lang='lat' dir='ltr'><strong>qui</strong></span> <span class='ocrx_word' id='word_1_152' title='bbox 2603 821 2870 890; x_wconf 84' lang='lat' dir='ltr'><strong>elegerint</strong></span> <span class='ocrx_word' id='word_1_153' title='bbox 2906 837 3027 891; x_wconf 74' lang='lat' dir='ltr'><strong>quae</strong></span> <span class='ocrx_word' id='word_1_154' title='bbox 3059 822 3163 892; x_wconf 87' lang='lat' dir='ltr'><strong>ipsi</strong></span> <span class='ocrx_word' id='word_1_155' title='bbox 3211 822 3447 891; x_wconf 91' lang='lat' dir='ltr'><strong>placent,</strong></span> <span class='ocrx_word' id='word_1_156' title='bbox 3476 822 3547 877; x_wconf 93' lang='lat' dir='ltr'><strong>ob</strong></span> <span class='ocrx_word' id='word_1_157' title='bbox 3583 821 3729 876; x_wconf 90' lang='lat' dir='ltr'><strong>hanc</strong></span> 
     </span>
    </p>
   </div>
   <div class='ocr_carea' id='block_1_24' title="bbox 2151 912 3726 983">
    <p class='ocr_par' dir='ltr' id='par_1_24' title="bbox 2151 912 3726 983">
     <span class='ocr_line' id='line_1_24' title="bbox 2151 912 3726 983; baseline -0.001 -16"><span class='ocrx_word' id='word_1_158' title='bbox 2151 912 2383 983; x_wconf 85' lang='lat' dir='ltr'><strong>eligendi</strong></span> <span class='ocrx_word' id='word_1_159' title='bbox 2414 912 2684 968; x_wconf 89' lang='lat' dir='ltr'><strong>rationem</strong></span> <span class='ocrx_word' id='word_1_160' title='bbox 2740 912 3158 968; x_wconf 82' lang='lat' dir='ltr'><strong>immortalitate</strong></span> <span class='ocrx_word' id='word_1_161' title='bbox 3181 922 3235 968; x_wconf 90' lang='lat' dir='ltr'><strong>et</strong></span> <span class='ocrx_word' id='word_1_162' title='bbox 3260 912 3356 967; x_wconf 89' lang='lat' dir='ltr'><strong>Dei</strong></span> <span class='ocrx_word' id='word_1_163' title='bbox 3387 914 3638 968; x_wconf 91' lang='lat' dir='ltr'><strong>convictu</strong></span> <span class='ocrx_word' id='word_1_164' title='bbox 3671 923 3726 966; x_wconf 90' lang='lat' dir='ltr'><strong>et</strong></span> 
     </span>
    </p>
   </div>
   <div class='ocr_carea' id='block_1_25' title="bbox 2150 1002 3715 1074">
    <p class='ocr_par' dir='ltr' id='par_1_25' title="bbox 2150 1002 3715 1074">
     <span class='ocr_line' id='line_1_25' title="bbox 2150 1002 3715 1074; baseline 0 -16"><span class='ocrx_word' id='word_1_165' title='bbox 2150 1004 2545 1059; x_wconf 91' lang='lat' dir='ltr'><strong>consuetudine</strong></span> <span class='ocrx_word' id='word_1_166' title='bbox 2573 1004 2886 1074; x_wconf 83' lang='lat' dir='ltr'><strong>dignentur.</strong></span> <span class='ocrx_word' id='word_1_167' title='bbox 2937 1003 3071 1057; x_wconf 86' lang='lat' dir='ltr'><strong>Nam</strong></span> <span class='ocrx_word' id='word_1_168' title='bbox 3100 1014 3161 1058; x_wconf 93' lang='lat' dir='ltr'><strong>ut</strong></span> <span class='ocrx_word' id='word_1_169' title='bbox 3196 1018 3225 1057; x_wconf 88' lang='lat' dir='ltr'><strong>a</strong></span> <span class='ocrx_word' id='word_1_170' title='bbox 3262 1004 3534 1073; x_wconf 90' lang='lat' dir='ltr'><strong>principio</strong></span> <span class='ocrx_word' id='word_1_171' title='bbox 3562 1002 3715 1058; x_wconf 77' lang='lat' dir='ltr'><strong>ﬁere~</strong></span> 
     </span>
    </p>
   </div>
   <div class='ocr_carea' id='block_1_26' title="bbox 2150 1097 3725 1167">
    <p class='ocr_par' dir='ltr' id='par_1_26' title="bbox 2150 1097 3725 1167">
     <span class='ocr_line' id='line_1_26' title="bbox 2150 1097 3725 1167; baseline -0.001 -16"><span class='ocrx_word' id='word_1_172' title='bbox 2150 1113 2292 1162; x_wconf 88' lang='lat' dir='ltr'><strong>mus,</strong></span> <span class='ocrx_word' id='word_1_173' title='bbox 2324 1098 2380 1151; x_wconf 91' lang='lat' dir='ltr'><strong>in</strong></span> <span class='ocrx_word' id='word_1_174' title='bbox 2410 1097 2564 1153; x_wconf 91' lang='lat' dir='ltr'><strong>nobis</strong></span> <span class='ocrx_word' id='word_1_175' title='bbox 2591 1099 2754 1152; x_wconf 89' lang='lat' dir='ltr'><strong>situm</strong></span> <span class='ocrx_word' id='word_1_176' title='bbox 2786 1112 2892 1152; x_wconf 90' lang='lat' dir='ltr'><strong>non</strong></span> <span class='ocrx_word' id='word_1_177' title='bbox 2925 1107 3078 1165; x_wconf 88' lang='lat' dir='ltr'><strong>erat;</strong></span> <span class='ocrx_word' id='word_1_178' title='bbox 3111 1106 3169 1150; x_wconf 94' lang='lat' dir='ltr'><strong>ut</strong></span> <span class='ocrx_word' id='word_1_179' title='bbox 3211 1109 3391 1152; x_wconf 85' lang='lat' dir='ltr'><strong>autem</strong></span> <span class='ocrx_word' id='word_1_180' title='bbox 3432 1112 3498 1152; x_wconf 90' lang='lat' dir='ltr'><strong>ea</strong></span> <span class='ocrx_word' id='word_1_181' title='bbox 3526 1112 3725 1167; x_wconf 87' lang='lat' dir='ltr'><strong>sequa-</strong></span> 
     </span>
    </p>
   </div>
   <div class='ocr_carea' id='block_1_27' title="bbox 2149 1187 3725 1260">
    <p class='ocr_par' dir='ltr' id='par_1_27' title="bbox 2149 1187 3725 1260">
     <span class='ocr_line' id='line_1_27' title="bbox 2149 1187 3725 1260; baseline 0.001 -18"><span class='ocrx_word' id='word_1_182' title='bbox 2149 1204 2273 1242; x_wconf 89' lang='lat' dir='ltr'><strong>mur</strong></span> <span class='ocrx_word' id='word_1_183' title='bbox 2295 1203 2415 1257; x_wconf 76' lang='lat' dir='ltr'><strong>qute</strong></span> <span class='ocrx_word' id='word_1_184' title='bbox 2458 1190 2557 1257; x_wconf 88' lang='lat' dir='ltr'><strong>ipsi</strong></span> <span class='ocrx_word' id='word_1_185' title='bbox 2600 1187 2842 1257; x_wconf 87' lang='lat' dir='ltr'><strong>placent,</strong></span> <span class='ocrx_word' id='word_1_186' title='bbox 2876 1187 3133 1243; x_wconf 86' lang='lat' dir='ltr'><strong>adhibitis</strong></span> <span class='ocrx_word' id='word_1_187' title='bbox 3182 1190 3249 1242; x_wconf 92' lang='lat' dir='ltr'><strong>ad</strong></span> <span class='ocrx_word' id='word_1_188' title='bbox 3280 1189 3588 1260; x_wconf 84' lang='lat' dir='ltr'><strong>eligendum</strong></span> <span class='ocrx_word' id='word_1_189' title='bbox 3634 1206 3725 1244; x_wconf 87' lang='lat' dir='ltr'><strong>ra-</strong></span> 
     </span>
    </p>
   </div>
   <div class='ocr_carea' id='block_1_28' title="bbox 2149 1279 3722 1351">
    <p class='ocr_par' dir='ltr' id='par_1_28' title="bbox 2149 1279 3722 1351">
     <span class='ocr_line' id='line_1_28' title="bbox 2149 1279 3722 1351; baseline 0 -16"><span class='ocrx_word' id='word_1_190' title='bbox 2149 1281 2440 1337; x_wconf 89' lang='lat' dir='ltr'><strong>tionalibus</strong></span> <span class='ocrx_word' id='word_1_191' title='bbox 2483 1279 2857 1341; x_wconf 83' lang='lat' dir='ltr'><strong>facultatibus,</strong></span> <span class='ocrx_word' id='word_1_192' title='bbox 2889 1296 3028 1350; x_wconf 88' lang='lat' dir='ltr'><strong>quas</strong></span> <span class='ocrx_word' id='word_1_193' title='bbox 3073 1282 3142 1336; x_wconf 87' lang='lat' dir='ltr'><strong>ab</strong></span> <span class='ocrx_word' id='word_1_194' title='bbox 3182 1296 3247 1337; x_wconf 88' lang='lat' dir='ltr'><strong>eo</strong></span> <span class='ocrx_word' id='word_1_195' title='bbox 3280 1282 3626 1351; x_wconf 90' lang='lat' dir='ltr'><strong>accepimus,</strong></span> <span class='ocrx_word' id='word_1_196' title='bbox 3668 1282 3722 1335; x_wconf 91' lang='lat' dir='ltr'><strong>id</strong></span> 
     </span>
    </p>
   </div>
   <div class='ocr_carea' id='block_1_29' title="bbox 2148 1372 3723 1443">
    <p class='ocr_par' dir='ltr' id='par_1_29' title="bbox 2148 1372 3723 1443">
     <span class='ocr_line' id='line_1_29' title="bbox 2148 1372 3723 1443; baseline 0.001 -17"><span class='ocrx_word' id='word_1_197' title='bbox 2148 1374 2264 1443; x_wconf 91' lang='lat' dir='ltr'><strong>ipse</strong></span> <span class='ocrx_word' id='word_1_198' title='bbox 2303 1372 2460 1428; x_wconf 90' lang='lat' dir='ltr'><strong>nobis</strong></span> <span class='ocrx_word' id='word_1_199' title='bbox 2486 1373 2781 1442; x_wconf 87' lang='lat' dir='ltr'><strong>persuadet</strong></span> <span class='ocrx_word' id='word_1_200' title='bbox 2808 1381 2863 1427; x_wconf 92' lang='lat' dir='ltr'><strong>et</strong></span> <span class='ocrx_word' id='word_1_201' title='bbox 2901 1372 2967 1426; x_wconf 88' lang='lat' dir='ltr'><strong>ad</strong></span> <span class='ocrx_word' id='word_1_202' title='bbox 3015 1373 3176 1428; x_wconf 91' lang='lat' dir='ltr'><strong>ﬁdem</strong></span> <span class='ocrx_word' id='word_1_203' title='bbox 3216 1388 3315 1428; x_wconf 92' lang='lat' dir='ltr'><strong>nos</strong></span> <span class='ocrx_word' id='word_1_204' title='bbox 3340 1374 3577 1429; x_wconf 83' lang='lat' dir='ltr'><strong>adducit.</strong></span> <span class='ocrx_word' id='word_1_205' title='bbox 3625 1378 3723 1429; x_wconf 64' lang='lat' dir='ltr'><strong>At-</strong></span> 
     </span>
    </p>
   </div>
   <div class='ocr_carea' id='block_1_30' title="bbox 2148 1460 3723 1533">
    <p class='ocr_par' dir='ltr' id='par_1_30' title="bbox 2148 1460 3723 1533">
     <span class='ocr_line' id='line_1_30' title="bbox 2148 1460 3723 1533; baseline 0 -17"><span class='ocrx_word' id='word_1_206' title='bbox 2148 1476 2255 1531; x_wconf 91' lang='lat' dir='ltr'><strong>que</strong></span> <span class='ocrx_word' id='word_1_207' title='bbox 2286 1460 2337 1517; x_wconf 91' lang='lat' dir='ltr'><strong>id</strong></span> <span class='ocrx_word' id='word_1_208' title='bbox 2366 1461 2587 1530; x_wconf 88' lang='lat' dir='ltr'><strong>quidem</strong></span> <span class='ocrx_word' id='word_1_209' title='bbox 2621 1460 2688 1515; x_wconf 90' lang='lat' dir='ltr'><strong>ad</strong></span> <span class='ocrx_word' id='word_1_210' title='bbox 2726 1475 2920 1515; x_wconf 89' lang='lat' dir='ltr'><strong>omnes</strong></span> <span class='ocrx_word' id='word_1_211' title='bbox 2968 1460 3217 1517; x_wconf 83' lang='lat' dir='ltr'><strong>homines</strong></span> <span class='ocrx_word' id='word_1_212' title='bbox 3257 1464 3532 1533; x_wconf 88' lang='lat' dir='ltr'><strong>pertinere</strong></span> <span class='ocrx_word' id='word_1_213' title='bbox 3576 1463 3723 1517; x_wconf 89' lang='lat' dir='ltr'><strong>arbi-</strong></span> 
     </span>
    </p>
   </div>
   <div class='ocr_carea' id='block_1_31' title="bbox 2150 1552 3718 1623">
    <p class='ocr_par' dir='ltr' id='par_1_31' title="bbox 2150 1552 3718 1623">
     <span class='ocr_line' id='line_1_31' title="bbox 2150 1552 3718 1623; baseline 0 -16"><span class='ocrx_word' id='word_1_214' title='bbox 2150 1563 2379 1619; x_wconf 86' lang='lat' dir='ltr'><strong>tramur,</strong></span> <span class='ocrx_word' id='word_1_215' title='bbox 2412 1568 2477 1608; x_wconf 89' lang='lat' dir='ltr'><strong>co</strong></span> <span class='ocrx_word' id='word_1_216' title='bbox 2521 1552 2667 1623; x_wconf 89' lang='lat' dir='ltr'><strong>quod</strong></span> <span class='ocrx_word' id='word_1_217' title='bbox 2700 1568 2811 1608; x_wconf 92' lang='lat' dir='ltr'><strong>non</strong></span> <span class='ocrx_word' id='word_1_218' title='bbox 2852 1562 3148 1607; x_wconf 85' lang='lat' dir='ltr'><strong>arceantur</strong></span> <span class='ocrx_word' id='word_1_219' title='bbox 3180 1554 3248 1609; x_wconf 94' lang='lat' dir='ltr'><strong>ab</strong></span> <span class='ocrx_word' id='word_1_220' title='bbox 3290 1555 3376 1609; x_wconf 92' lang='lat' dir='ltr'><strong>his</strong></span> <span class='ocrx_word' id='word_1_221' title='bbox 3420 1554 3718 1614; x_wconf 88' lang='lat' dir='ltr'><strong>discendis,</strong></span> 
     </span>
    </p>
   </div>
   <div class='ocr_carea' id='block_1_32' title="bbox 2146 1645 3719 1717">
    <p class='ocr_par' dir='ltr' id='par_1_32' title="bbox 2146 1645 3719 1717">
     <span class='ocr_line' id='line_1_32' title="bbox 2146 1645 3719 1717; baseline -0.002 -15"><span class='ocrx_word' id='word_1_222' title='bbox 2146 1648 2240 1703; x_wconf 91' lang='lat' dir='ltr'><strong>sed</strong></span> <span class='ocrx_word' id='word_1_223' title='bbox 2285 1647 2465 1717; x_wconf 88' lang='lat' dir='ltr'><strong>potius</strong></span> <span class='ocrx_word' id='word_1_224' title='bbox 2499 1647 2720 1701; x_wconf 90' lang='lat' dir='ltr'><strong>hortatu</strong></span> <span class='ocrx_word' id='word_1_225' title='bbox 2774 1645 2841 1699; x_wconf 87' lang='lat' dir='ltr'><strong>ad</strong></span> <span class='ocrx_word' id='word_1_226' title='bbox 2895 1659 2957 1698; x_wconf 90' lang='lat' dir='ltr'><strong>ea</strong></span> <span class='ocrx_word' id='word_1_227' title='bbox 3004 1646 3330 1701; x_wconf 91' lang='lat' dir='ltr'><strong>incitentur.</strong></span> <span class='ocrx_word' id='word_1_228' title='bbox 3378 1647 3532 1714; x_wconf 82' lang='lat' dir='ltr'><strong>Quod</strong></span> <span class='ocrx_word' id='word_1_229' title='bbox 3574 1649 3719 1702; x_wconf 90' lang='lat' dir='ltr'><strong>enim</strong></span> 
     </span>
    </p>
   </div>
   <div class='ocr_carea' id='block_1_33' title="bbox 2145 1740 3720 1811">
    <p class='ocr_par' dir='ltr' id='par_1_33' title="bbox 2145 1740 3720 1811">
     <span class='ocr_line' id='line_1_33' title="bbox 2145 1740 3720 1811; baseline 0.001 -16"><span class='ocrx_word' id='word_1_230' title='bbox 2145 1755 2254 1795; x_wconf 89' lang='lat' dir='ltr'><strong>non</strong></span> <span class='ocrx_word' id='word_1_231' title='bbox 2284 1748 2575 1811; x_wconf 90' lang='lat' dir='ltr'><strong>potuerant</strong></span> <span class='ocrx_word' id='word_1_232' title='bbox 2621 1740 2767 1809; x_wconf 86' lang='lat' dir='ltr'><strong>leges</strong></span> <span class='ocrx_word' id='word_1_233' title='bbox 2795 1740 3045 1795; x_wconf 66' lang='lat' dir='ltr'><strong>humanae</strong></span> <span class='ocrx_word' id='word_1_234' title='bbox 3087 1740 3371 1809; x_wconf 87' lang='lat' dir='ltr'><strong>perﬁcere,</strong></span> <span class='ocrx_word' id='word_1_235' title='bbox 3408 1742 3463 1796; x_wconf 92' lang='lat' dir='ltr'><strong>id</strong></span> <span class='ocrx_word' id='word_1_236' title='bbox 3495 1743 3720 1797; x_wconf 84' lang='lat' dir='ltr'><strong>verbum</strong></span> 
     </span>
    </p>
   </div>
   <div class='ocr_carea' id='block_1_34' title="bbox 449 1816 2027 1910">
    <p class='ocr_par' dir='ltr' id='par_1_34' title="bbox 449 1816 2027 1910">
     <span class='ocr_line' id='line_1_34' title="bbox 449 1816 2027 1910; baseline 0.016 -41"><span class='ocrx_word' id='word_1_237' title='bbox 449 1836 624 1910; x_wconf 78' lang='grc' dir='ltr'>ματα,</span> <span class='ocrx_word' id='word_1_238' title='bbox 651 1821 945 1894; x_wconf 84' lang='grc' dir='ltr'>σύμμαχον</span> <span class='ocrx_word' id='word_1_239' title='bbox 973 1826 1233 1895; x_wconf 79' lang='grc' dir='ltr'>λαϐόντες</span> <span class='ocrx_word' id='word_1_240' title='bbox 1256 1830 1351 1903; x_wconf 83' lang='grc' dir='ltr'>τὴν</span> <span class='ocrx_word' id='word_1_241' title='bbox 1380 1834 1437 1886; x_wconf 82' lang='grc' dir='ltr'>ἐν</span> <span class='ocrx_word' id='word_1_242' title='bbox 1464 1835 1680 1907; x_wconf 79' lang='grc' dir='ltr'>ἑκάστῳ</span> <span class='ocrx_word' id='word_1_243' title='bbox 1704 1816 1883 1910; x_wconf 85' lang='grc' dir='ltr'>κακὴν</span> <span class='ocrx_word' id='word_1_244' title='bbox 1905 1816 2027 1910; x_wconf 54' lang='lat'><strong>7:298;</strong></span> 
     </span>
    </p>
   </div>
   <div class='ocr_carea' id='block_1_35' title="bbox 2134 1816 3721 1910">
    <p class='ocr_par' dir='ltr' id='par_1_35' title="bbox 2144 1833 3721 1904">
     <span class='ocr_line' id='line_1_35' title="bbox 2144 1833 3721 1904; baseline 0 -15"><span class='ocrx_word' id='word_1_245' title='bbox 2144 1834 2386 1889; x_wconf 90' lang='lat' dir='ltr'><strong>divinum</strong></span> <span class='ocrx_word' id='word_1_246' title='bbox 2417 1833 2796 1904; x_wconf 83' lang='lat' dir='ltr'><strong>praestitisset,</strong></span> <span class='ocrx_word' id='word_1_247' title='bbox 2824 1834 2929 1889; x_wconf 91' lang='lat' dir='ltr'><strong>nisi</strong></span> <span class='ocrx_word' id='word_1_248' title='bbox 2956 1834 3082 1888; x_wconf 91' lang='lat' dir='ltr'><strong>mali</strong></span> <span class='ocrx_word' id='word_1_249' title='bbox 3115 1835 3388 1890; x_wconf 83' lang='lat' dir='ltr'><strong>daemones</strong></span> <span class='ocrx_word' id='word_1_250' title='bbox 3416 1835 3619 1889; x_wconf 87' lang='lat' dir='ltr'><strong>sociam</strong></span> <span class='ocrx_word' id='word_1_251' title='bbox 3653 1835 3721 1889; x_wconf 91' lang='lat' dir='ltr'><strong>ad</strong></span> 
     </span>
    </p>
   </div>
   <div class='ocr_carea' id='block_1_36' title="bbox 448 1908 2041 2073">
    <p class='ocr_par' dir='ltr' id='par_1_36' title="bbox 448 1908 2041 2073">
     <span class='ocr_line' id='line_1_36' title="bbox 448 1908 2041 2073; baseline 0.016 -115"><span class='ocrx_word' id='word_1_252' title='bbox 448 1908 762 2073; x_wconf 69' lang='grc' dir='ltr'>πάνταὴκαὶ</span> <span class='ocrx_word' id='word_1_253' title='bbox 790 1917 1042 1989; x_wconf 80' lang='grc' dir='ltr'>ποικίλην</span> <span class='ocrx_word' id='word_1_254' title='bbox 1067 1920 1229 1991; x_wconf 79' lang='grc' dir='ltr'>φύσει</span> <span class='ocrx_word' id='word_1_255' title='bbox 1260 1924 1572 1996; x_wconf 79' lang='grc' dir='ltr'>ἐπιθυμίαν,</span> <span class='ocrx_word' id='word_1_256' title='bbox 1603 1920 1678 1983; x_wconf 80' lang='grc' dir='ltr'>ὧν</span> <span class='ocrx_word' id='word_1_257' title='bbox 1700 1908 1852 1984; x_wconf 79' lang='grc' dir='ltr'>οὐδὲν</span> <span class='ocrx_word' id='word_1_258' title='bbox 1875 1908 2041 2001; x_wconf 79' lang='grc' dir='ltr'>πρόσ-</span> 
     </span>
     <span class='ocr_line' id='line_1_37' title="bbox 448 2005 778 2073; baseline 0.015 -22"><span class='ocrx_word' id='word_1_259' title='bbox 448 2015 595 2054; x_wconf 77' lang='grc' dir='ltr'>ιττιν</span> <span class='ocrx_word' id='word_1_260' title='bbox 664 2005 778 2073; x_wconf 84' lang='grc' dir='ltr'>μῖν.</span> 
     </span>
    </p>
   </div>
   <div class='ocr_carea' id='block_1_37' title="bbox 444 2005 778 2073">
    <p class='ocr_par' dir='ltr' id='par_1_37' title="bbox 444 2005 778 2073">
     <span class='ocr_line' id='line_1_38' title="bbox 444 2005 778 2073; baseline 0.015 -22"><span class='ocrx_word' id='word_1_261' title='bbox 444 2015 595 2054; x_wconf 68' lang='grc' dir='ltr'>εστιν</span> <span class='ocrx_word' id='word_1_262' title='bbox 623 2005 778 2073; x_wconf 81' lang='grc' dir='ltr'>ἡμῖν.</span> 
     </span>
    </p>
   </div>
   <div class='ocr_carea' id='block_1_38' title="bbox 514 2180 2037 2265">
    <p class='ocr_par' dir='ltr' id='par_1_38' title="bbox 514 2180 2037 2265">
     <span class='ocr_line' id='line_1_39' title="bbox 514 2180 2037 2265; baseline 0.012 -33"><span class='ocrx_word' id='word_1_263' title='bbox 514 2180 539 2232; x_wconf 78' lang='grc'><strong>1</strong></span> <span class='ocrx_word' id='word_1_264' title='bbox 556 2180 600 2233; x_wconf 77' lang='grc' dir='ltr'>ί.</span> <span class='ocrx_word' id='word_1_265' title='bbox 625 2183 740 2236; x_wconf 71' lang='grc' dir='ltr'>Καὶ</span> <span class='ocrx_word' id='word_1_266' title='bbox 764 2186 944 2255; x_wconf 80' lang='grc' dir='ltr'>ὑμεῖς,</span> <span class='ocrx_word' id='word_1_267' title='bbox 965 2187 1299 2255; x_wconf 87' lang='grc' dir='ltr'>ἀκούσαντες</span> <span class='ocrx_word' id='word_1_268' title='bbox 1323 2192 1597 2262; x_wconf 84' lang='grc' dir='ltr'>βασιλείαν</span> <span class='ocrx_word' id='word_1_269' title='bbox 1623 2194 2037 2265; x_wconf 84' lang='grc' dir='ltr'>προσδοκῶντας</span> 
     </span>
    </p>
   </div>
   <div class='ocr_carea' id='block_1_39' title="bbox 436 2273 2033 2359">
    <p class='ocr_par' dir='ltr' id='par_1_39' title="bbox 436 2273 2033 2359">
     <span class='ocr_line' id='line_1_40' title="bbox 436 2273 2033 2359; baseline 0.013 -38"><span class='ocrx_word' id='word_1_270' title='bbox 436 2273 608 2341; x_wconf 69' lang='grc' dir='ltr'>ἡμᾶς,</span> <span class='ocrx_word' id='word_1_271' title='bbox 646 2276 889 2345; x_wconf 83' lang='grc' dir='ltr'>ἀκρίτως</span> <span class='ocrx_word' id='word_1_272' title='bbox 916 2278 1256 2352; x_wconf 84' lang='grc' dir='ltr'>ἀνθρώπινον</span> <span class='ocrx_word' id='word_1_273' title='bbox 1294 2284 1469 2353; x_wconf 84' lang='grc' dir='ltr'>λέγειν</span> <span class='ocrx_word' id='word_1_274' title='bbox 1500 2288 1646 2357; x_wconf 72' lang='grc' dir='ltr'>ἡμᾶς</span> <span class='ocrx_word' id='word_1_275' title='bbox 1681 2287 2033 2359; x_wconf 76' lang='grc' dir='ltr'>ὑπειλήφατε,</span> 
     </span>
    </p>
   </div>
   <div class='ocr_carea' id='block_1_40' title="bbox 436 2364 2036 2443">
    <p class='ocr_par' dir='ltr' id='par_1_40' title="bbox 436 2364 2036 2443">
     <span class='ocr_line' id='line_1_41' title="bbox 436 2364 2036 2443; baseline 0.008 -23"><span class='ocrx_word' id='word_1_276' title='bbox 436 2364 597 2433; x_wconf 65' lang='grc' dir='ltr'>ἡμῶν</span> <span class='ocrx_word' id='word_1_277' title='bbox 626 2366 728 2438; x_wconf 76' lang='grc' dir='ltr'><strong>τὴν</strong></span> <span class='ocrx_word' id='word_1_278' title='bbox 760 2371 899 2438; x_wconf 84' lang='grc' dir='ltr'><strong>μετά</strong></span> <span class='ocrx_word' id='word_1_279' title='bbox 928 2370 1065 2425; x_wconf 82' lang='grc' dir='ltr'>Θεοῦ</span> <span class='ocrx_word' id='word_1_280' title='bbox 1096 2374 1385 2443; x_wconf 87' lang='grc' dir='ltr'>λεγόντων,</span> <span class='ocrx_word' id='word_1_281' title='bbox 1416 2377 1492 2442; x_wconf 86' lang='grc' dir='ltr'><strong>ὡς</strong></span> <span class='ocrx_word' id='word_1_282' title='bbox 1525 2378 1619 2431; x_wconf 73' lang='grc' dir='ltr'>καὶ</span> <span class='ocrx_word' id='word_1_283' title='bbox 1642 2381 1707 2433; x_wconf 82' lang='grc' dir='ltr'>ὲκ</span> <span class='ocrx_word' id='word_1_284' title='bbox 1728 2378 1821 2433; x_wconf 78' lang='grc' dir='ltr'>τοῦ</span> <span class='ocrx_word' id='word_1_285' title='bbox 1847 2382 2036 2435; x_wconf 83' lang='grc' dir='ltr'>ἀνετα-</span> 
     </span>
    </p>
   </div>
   <div class='ocr_carea' id='block_1_41' title="bbox 436 2455 2031 2542">
    <p class='ocr_par' dir='ltr' id='par_1_41' title="bbox 436 2455 2031 2542">
     <span class='ocr_line' id='line_1_42' title="bbox 436 2455 2031 2542; baseline 0.013 -35"><span class='ocrx_word' id='word_1_286' title='bbox 436 2455 703 2527; x_wconf 78' lang='grc' dir='ltr'>ζομένους</span> <span class='ocrx_word' id='word_1_287' title='bbox 761 2460 853 2529; x_wconf 76' lang='grc' dir='ltr'><strong>ὑφ’</strong></span> <span class='ocrx_word' id='word_1_288' title='bbox 905 2462 1060 2532; x_wconf 79' lang='grc' dir='ltr'>ὑμῶν</span> <span class='ocrx_word' id='word_1_289' title='bbox 1106 2465 1389 2537; x_wconf 78' lang='grc' dir='ltr'>ὁμολογεῖν</span> <span class='ocrx_word' id='word_1_290' title='bbox 1445 2465 1585 2523; x_wconf 84' lang='grc' dir='ltr'>εἶναι</span> <span class='ocrx_word' id='word_1_291' title='bbox 1636 2471 1993 2542; x_wconf 86' lang='grc' dir='ltr'>Χριστιανοὺς</span> <span class='ocrx_word' id='word_1_292' title='bbox 2016 2516 2031 2539; x_wconf 92' lang='grc'><strong>,</strong></span> 
     </span>
    </p>
   </div>
   <div class='ocr_carea' id='block_1_42' title="bbox 436 2545 2034 2634">
    <p class='ocr_par' dir='ltr' id='par_1_42' title="bbox 436 2545 2034 2634">
     <span class='ocr_line' id='line_1_43' title="bbox 436 2545 2034 2634; baseline 0.013 -39"><span class='ocrx_word' id='word_1_293' title='bbox 436 2545 806 2612; x_wconf 76' lang='grc' dir='ltr'>γινώσκοντες</span> <span class='ocrx_word' id='word_1_294' title='bbox 869 2551 946 2621; x_wconf 82' lang='grc' dir='ltr'>τῷ</span> <span class='ocrx_word' id='word_1_295' title='bbox 1000 2554 1354 2625; x_wconf 82' lang='grc' dir='ltr'>ὁμολογοῦντι</span> <span class='ocrx_word' id='word_1_296' title='bbox 1408 2557 1635 2613; x_wconf 83' lang='grc' dir='ltr'>θάνατον</span> <span class='ocrx_word' id='word_1_297' title='bbox 1685 2560 1783 2633; x_wconf 79' lang='grc' dir='ltr'><strong>τὴν</strong></span> <span class='ocrx_word' id='word_1_298' title='bbox 1831 2561 2034 2634; x_wconf 78' lang='grc' dir='ltr'>ζημίαν</span> 
     </span>
    </p>
   </div>
   <div class='ocr_carea' id='block_1_43' title="bbox 434 2638 2034 2725">
    <p class='ocr_par' dir='ltr' id='par_1_43' title="bbox 434 2638 2034 2725">
     <span class='ocr_line' id='line_1_44' title="bbox 434 2638 2034 2725; baseline 0.011 -36"><span class='ocrx_word' id='word_1_299' title='bbox 434 2638 678 2705; x_wconf 80' lang='grc' dir='ltr'>κεῖσθαι,</span> <span class='ocrx_word' id='word_1_300' title='bbox 708 2642 977 2711; x_wconf 77' lang='grc' dir='ltr'>φαίνεται.</span> <span class='ocrx_word' id='word_1_301' title='bbox 1004 2647 1067 2699; x_wconf 74' lang='lat' dir='ltr'><strong>El</strong></span> <span class='ocrx_word' id='word_1_302' title='bbox 1088 2648 1198 2720; x_wconf 84' lang='grc' dir='ltr'>γὰρ</span> <span class='ocrx_word' id='word_1_303' title='bbox 1217 2648 1553 2720; x_wconf 80' lang='grc' dir='ltr'>ἀνθρώπινον</span> <span class='ocrx_word' id='word_1_304' title='bbox 1570 2649 1846 2720; x_wconf 86' lang='grc' dir='ltr'>βασιλείαν</span> <span class='ocrx_word' id='word_1_305' title='bbox 1868 2671 2034 2725; x_wconf 91' lang='grc' dir='ltr'>προσ-</span> 
     </span>
    </p>
   </div>
   <div class='ocr_carea' id='block_1_44' title="bbox 434 2731 2033 2817">
    <p class='ocr_par' dir='ltr' id='par_1_44' title="bbox 434 2731 2033 2817">
     <span class='ocr_line' id='line_1_45' title="bbox 434 2731 2033 2817; baseline 0.011 -34"><span class='ocrx_word' id='word_1_306' title='bbox 434 2731 737 2803; x_wconf 61' lang='grc' dir='ltr'>εῶγλῦμεν,</span> <span class='ocrx_word' id='word_1_307' title='bbox 770 2737 874 2791; x_wconf 77' lang='grc' dir='ltr'><strong>κάν</strong></span> <span class='ocrx_word' id='word_1_308' title='bbox 911 2739 1229 2812; x_wconf 78' lang='grc' dir='ltr'>ἠρνούμεθα</span> <span class='ocrx_word' id='word_1_309' title='bbox 1259 2742 1406 2807; x_wconf 83' lang='grc' dir='ltr'>ὅπως</span> <span class='ocrx_word' id='word_1_310' title='bbox 1442 2742 1517 2814; x_wconf 82' lang='grc' dir='ltr'><strong>μὴ</strong></span> <span class='ocrx_word' id='word_1_311' title='bbox 1542 2743 1911 2817; x_wconf 85' lang='grc' dir='ltr'>ἀναιρώμεθα,</span> <span class='ocrx_word' id='word_1_312' title='bbox 1936 2748 2033 2799; x_wconf 76' lang='grc' dir='ltr'><strong>καὶ</strong></span> 
     </span>
    </p>
   </div>
   <div class='ocr_carea' id='block_1_45' title="bbox 434 2824 2032 2908">
    <p class='ocr_par' dir='ltr' id='par_1_45' title="bbox 434 2824 2032 2908">
     <span class='ocr_line' id='line_1_46' title="bbox 434 2824 2032 2908; baseline 0.01 -32"><span class='ocrx_word' id='word_1_313' title='bbox 434 2824 721 2880; x_wconf 74' lang='grc' dir='ltr'>λανθάνειν</span> <span class='ocrx_word' id='word_1_314' title='bbox 775 2830 1143 2903; x_wconf 75' lang='grc' dir='ltr'>ἐπειρώμεθα,</span> <span class='ocrx_word' id='word_1_315' title='bbox 1187 2834 1335 2897; x_wconf 84' lang='grc' dir='ltr'>ὅπως</span> <span class='ocrx_word' id='word_1_316' title='bbox 1408 2834 1515 2888; x_wconf 81' lang='grc' dir='ltr'>τῶν</span> <span class='ocrx_word' id='word_1_317' title='bbox 1568 2837 2032 2908; x_wconf 78' lang='grc' dir='ltr'>προσδοκωμένων</span> 
     </span>
    </p>
   </div>
   <div class='ocr_carea' id='block_1_46' title="bbox 433 2915 2033 2997">
    <p class='ocr_par' dir='ltr' id='par_1_46' title="bbox 433 2915 2033 2997">
     <span class='ocr_line' id='line_1_47' title="bbox 433 2915 2033 2997; baseline 0.007 -28"><span class='ocrx_word' id='word_1_318' title='bbox 433 2915 711 2987; x_wconf 65' lang='grc' dir='ltr'>τύχωμεν.</span> <span class='ocrx_word' id='word_1_319' title='bbox 746 2919 889 2973; x_wconf 83' lang='grc' dir='ltr'>Ἀλλ’</span> <span class='ocrx_word' id='word_1_320' title='bbox 913 2922 1036 2974; x_wconf 72' lang='grc' dir='ltr'>ἐπεὶ</span> <span class='ocrx_word' id='word_1_321' title='bbox 1061 2922 1163 2976; x_wconf 89' lang='grc' dir='ltr'><strong>ούκ</strong></span> <span class='ocrx_word' id='word_1_322' title='bbox 1190 2924 1270 2986; x_wconf 83' lang='grc' dir='ltr'><strong>είς</strong></span> <span class='ocrx_word' id='word_1_323' title='bbox 1318 2922 1377 2976; x_wconf 87' lang='grc' dir='ltr'>τὸ</span> <span class='ocrx_word' id='word_1_324' title='bbox 1422 2922 1518 2977; x_wconf 78' lang='grc' dir='ltr'>νῦν</span> <span class='ocrx_word' id='word_1_325' title='bbox 1546 2924 1645 2987; x_wconf 88' lang='grc' dir='ltr'><strong>τάς</strong></span> <span class='ocrx_word' id='word_1_326' title='bbox 1671 2924 1891 2989; x_wconf 78' lang='grc' dir='ltr'>ἐλπίδας</span> <span class='ocrx_word' id='word_1_327' title='bbox 1920 2926 2033 2997; x_wconf 76' lang='grc' dir='ltr'>ἕχο-</span> 
     </span>
    </p>
   </div>
   <div class='ocr_carea' id='block_1_47' title="bbox 435 3011 2030 3088">
    <p class='ocr_par' dir='ltr' id='par_1_47' title="bbox 435 3011 2030 3088">
     <span class='ocr_line' id='line_1_48' title="bbox 435 3011 2030 3088; baseline 0.008 -28"><span class='ocrx_word' id='word_1_328' title='bbox 435 3026 559 3079; x_wconf 74' lang='grc' dir='ltr'>μεν,</span> <span class='ocrx_word' id='word_1_329' title='bbox 586 3011 957 3081; x_wconf 77' lang='grc' dir='ltr'>ἀναιρούντων</span> <span class='ocrx_word' id='word_1_330' title='bbox 987 3015 1047 3068; x_wconf 85' lang='grc' dir='ltr'><strong>ού</strong></span> <span class='ocrx_word' id='word_1_331' title='bbox 1082 3016 1541 3088; x_wconf 79' lang='grc' dir='ltr'>πεφροντίκαμεν,</span> <span class='ocrx_word' id='word_1_332' title='bbox 1570 3016 1663 3071; x_wconf 75' lang='grc' dir='ltr'>τοῦ</span> <span class='ocrx_word' id='word_1_333' title='bbox 1692 3019 1785 3071; x_wconf 77' lang='grc' dir='ltr'><strong>καὶ</strong></span> <span class='ocrx_word' id='word_1_334' title='bbox 1814 3019 2030 3083; x_wconf 87' lang='grc' dir='ltr'>πάντως</span> 
     </span>
    </p>
   </div>
   <div class='ocr_carea' id='block_1_48' title="bbox 435 3099 1268 3175">
    <p class='ocr_par' dir='ltr' id='par_1_48' title="bbox 435 3099 1268 3175">
     <span class='ocr_line' id='line_1_49' title="bbox 435 3099 1268 3175; baseline 0.008 -22"><span class='ocrx_word' id='word_1_335' title='bbox 435 3099 547 3169; x_wconf 48' lang='grc'>(67)</span> <span class='ocrx_word' id='word_1_336' title='bbox 578 3101 873 3156; x_wconf 82' lang='grc' dir='ltr'>ἀποθανεῖν</span> <span class='ocrx_word' id='word_1_337' title='bbox 898 3106 1268 3175; x_wconf 72' lang='grc' dir='ltr'>ὀφειλομένου.</span> 
     </span>
    </p>
   </div>
   <div class='ocr_carea' id='block_1_49' title="bbox 506 3212 2028 3298">
    <p class='ocr_par' dir='ltr' id='par_1_49' title="bbox 506 3212 2028 3298">
     <span class='ocr_line' id='line_1_50' title="bbox 506 3212 2028 3298; baseline 0.011 -34"><span class='ocrx_word' id='word_1_338' title='bbox 506 3212 594 3265; x_wconf 75' lang='grc'><strong>12.</strong></span> <span class='ocrx_word' id='word_1_339' title='bbox 649 3213 881 3285; x_wconf 76' lang='grc' dir='ltr'>’Δρωγοὶ</span> <span class='ocrx_word' id='word_1_340' title='bbox 922 3217 965 3269; x_wconf 81' lang='grc' dir='ltr'>δ’</span> <span class='ocrx_word' id='word_1_341' title='bbox 1013 3219 1144 3290; x_wconf 84' lang='grc' dir='ltr'>ὑμῖν</span> <span class='ocrx_word' id='word_1_342' title='bbox 1180 3222 1273 3273; x_wconf 80' lang='grc' dir='ltr'>καὶ</span> <span class='ocrx_word' id='word_1_343' title='bbox 1316 3220 1592 3293; x_wconf 88' lang='grc' dir='ltr'>σύμμαχοι</span> <span class='ocrx_word' id='word_1_344' title='bbox 1623 3222 1759 3295; x_wconf 76' lang='grc' dir='ltr'>πρὸς</span> <span class='ocrx_word' id='word_1_345' title='bbox 1808 3227 2028 3298; x_wconf 79' lang='grc' dir='ltr'>εἰρήνην</span> 
     </span>
    </p>
   </div>
   <div class='ocr_carea' id='block_1_50' title="bbox 428 3306 2026 3391">
    <p class='ocr_par' dir='ltr' id='par_1_50' title="bbox 428 3306 2026 3391">
     <span class='ocr_line' id='line_1_51' title="bbox 428 3306 2026 3391; baseline 0.011 -35"><span class='ocrx_word' id='word_1_346' title='bbox 428 3306 601 3376; x_wconf 68' lang='grc' dir='ltr'>ἐσμὲν</span> <span class='ocrx_word' id='word_1_347' title='bbox 627 3308 850 3363; x_wconf 82' lang='grc' dir='ltr'>πάντων</span> <span class='ocrx_word' id='word_1_348' title='bbox 878 3311 1078 3381; x_wconf 77' lang='grc' dir='ltr'>μᾶλλον</span> <span class='ocrx_word' id='word_1_349' title='bbox 1099 3313 1197 3367; x_wconf 90' lang='grc' dir='ltr'><strong>ἀνθ</strong></span> <span class='ocrx_word' id='word_1_350' title='bbox 1205 3314 1424 3386; x_wconf 82' lang='grc' dir='ltr'>ρώπων,</span> <span class='ocrx_word' id='word_1_351' title='bbox 1448 3319 1499 3371; x_wconf 81' lang='grc' dir='ltr'>οἳ</span> <span class='ocrx_word' id='word_1_352' title='bbox 1522 3317 1695 3372; x_wconf 84' lang='grc' dir='ltr'>ταῦτα</span> <span class='ocrx_word' id='word_1_353' title='bbox 1713 3319 2026 3391; x_wconf 79' lang='grc' dir='ltr'>δοξάζομεν,</span> 
     </span>
    </p>
   </div>
   <div class='ocr_carea' id='block_1_51' title="bbox 428 3396 2031 3483">
    <p class='ocr_par' dir='ltr' id='par_1_51' title="bbox 428 3396 2031 3483">
     <span class='ocr_line' id='line_1_52' title="bbox 428 3396 2031 3483; baseline 0.011 -35"><span class='ocrx_word' id='word_1_354' title='bbox 428 3396 506 3460; x_wconf 75' lang='grc' dir='ltr'>ὡς</span> <span class='ocrx_word' id='word_1_355' title='bbox 534 3398 723 3452; x_wconf 77' lang='grc' dir='ltr'>λαθεῖν</span> <span class='ocrx_word' id='word_1_356' title='bbox 753 3400 906 3466; x_wconf 85' lang='grc' dir='ltr'>Θεὸν,</span> <span class='ocrx_word' id='word_1_357' title='bbox 957 3408 1278 3477; x_wconf 84' lang='grc' dir='ltr'>κακοεργὸν,</span> <span class='ocrx_word' id='word_1_358' title='bbox 1308 3409 1341 3481; x_wconf 85' lang='grc' dir='ltr'><strong>ἢ</strong></span> <span class='ocrx_word' id='word_1_359' title='bbox 1368 3410 1715 3483; x_wconf 77' lang='grc' dir='ltr'>πλεονέκτην,</span> <span class='ocrx_word' id='word_1_360' title='bbox 1740 3413 1772 3483; x_wconf 82' lang='grc' dir='ltr'><strong>ἢ</strong></span> <span class='ocrx_word' id='word_1_361' title='bbox 1814 3413 2031 3466; x_wconf 75' lang='grc' dir='ltr'>ἐπίθου-</span> 
     </span>
    </p>
   </div>
   <div class='ocr_carea' id='block_1_52' title="bbox 428 3494 2031 3567">
    <p class='ocr_par' dir='ltr' id='par_1_52' title="bbox 428 3494 2031 3567">
     <span class='ocr_line' id='line_1_53' title="bbox 428 3494 2031 3567; baseline 0.009 -23"><span class='ocrx_word' id='word_1_362' title='bbox 428 3496 539 3551; x_wconf 71' lang='grc' dir='ltr'>λον,</span> <span class='ocrx_word' id='word_1_363' title='bbox 564 3494 905 3567; x_wconf 35' lang='grc' dir='ltr'>ῆ-ὲνάρετον,</span> <span class='ocrx_word' id='word_1_364' title='bbox 940 3496 1199 3552; x_wconf 87' lang='grc' dir='ltr'>ἀδύνατον</span> <span class='ocrx_word' id='word_1_365' title='bbox 1228 3496 1388 3565; x_wconf 77' lang='grc' dir='ltr'>εἶναι,</span> <span class='ocrx_word' id='word_1_366' title='bbox 1414 3505 1509 3555; x_wconf 84' lang='grc' dir='ltr'>καὶ</span> <span class='ocrx_word' id='word_1_367' title='bbox 1542 3504 1771 3559; x_wconf 72' lang='grc' dir='ltr'>ἕκαστον</span> <span class='ocrx_word' id='word_1_368' title='bbox 1798 3507 1882 3559; x_wconf 81' lang='grc' dir='ltr'>ἐπ’</span> <span class='ocrx_word' id='word_1_369' title='bbox 1901 3508 2031 3559; x_wconf 82' lang='grc' dir='ltr'>αἰω-</span> 
     </span>
    </p>
   </div>
   <div class='ocr_carea' id='block_1_53' title="bbox 425 3580 2031 3670">
    <p class='ocr_par' dir='ltr' id='par_1_53' title="bbox 425 3580 2031 3670">
     <span class='ocr_line' id='line_1_54' title="bbox 425 3580 2031 3670; baseline 0.012 -37"><span class='ocrx_word' id='word_1_370' title='bbox 425 3580 549 3634; x_wconf 79' lang='grc' dir='ltr'>νίαν</span> <span class='ocrx_word' id='word_1_371' title='bbox 595 3585 820 3638; x_wconf 77' lang='grc' dir='ltr'>κόλασιν</span> <span class='ocrx_word' id='word_1_372' title='bbox 867 3588 901 3658; x_wconf 84' lang='grc' dir='ltr'>ἢ</span> <span class='ocrx_word' id='word_1_373' title='bbox 945 3591 1218 3661; x_wconf 81' lang='grc' dir='ltr'>σωτηρίαν</span> <span class='ocrx_word' id='word_1_374' title='bbox 1260 3594 1379 3647; x_wconf 87' lang='grc' dir='ltr'>κατ’</span> <span class='ocrx_word' id='word_1_375' title='bbox 1423 3595 1579 3659; x_wconf 83' lang='grc' dir='ltr'>ἀξίαν</span> <span class='ocrx_word' id='word_1_376' title='bbox 1619 3597 1726 3650; x_wconf 79' lang='grc' dir='ltr'><strong>τῶν</strong></span> <span class='ocrx_word' id='word_1_377' title='bbox 1780 3598 2031 3670; x_wconf 83' lang='grc' dir='ltr'>πράξεων</span> 
     </span>
    </p>
   </div>
   <div class='ocr_carea' id='block_1_54' title="bbox 429 3675 2031 3761">
    <p class='ocr_par' dir='ltr' id='par_1_54' title="bbox 429 3675 2031 3761">
     <span class='ocr_line' id='line_1_55' title="bbox 429 3675 2031 3761; baseline 0.013 -36"><span class='ocrx_word' id='word_1_378' title='bbox 429 3675 781 3746; x_wconf 77' lang='grc' dir='ltr'>πορεύεσθαι.</span> <span class='ocrx_word' id='word_1_379' title='bbox 812 3680 874 3733; x_wconf 67' lang='lat' dir='ltr'><strong>Et</strong></span> <span class='ocrx_word' id='word_1_380' title='bbox 901 3681 1013 3754; x_wconf 87' lang='grc' dir='ltr'><strong>γάρ</strong></span> <span class='ocrx_word' id='word_1_381' title='bbox 1039 3684 1088 3735; x_wconf 81' lang='grc' dir='ltr'>οἱ</span> <span class='ocrx_word' id='word_1_382' title='bbox 1122 3684 1316 3750; x_wconf 87' lang='grc' dir='ltr'>πάντες</span> <span class='ocrx_word' id='word_1_383' title='bbox 1344 3686 1618 3759; x_wconf 83' lang='grc' dir='ltr'>ἄνθρωποι</span> <span class='ocrx_word' id='word_1_384' title='bbox 1645 3691 1818 3745; x_wconf 79' lang='grc' dir='ltr'>ταῦτα</span> <span class='ocrx_word' id='word_1_385' title='bbox 1843 3692 2031 3761; x_wconf 79' lang='grc' dir='ltr'>ἐγίνω-</span> 
     </span>
    </p>
   </div>
   <div class='ocr_carea' id='block_1_55' title="bbox 428 3769 2035 3854">
    <p class='ocr_par' dir='ltr' id='par_1_55' title="bbox 428 3769 2035 3854">
     <span class='ocr_line' id='line_1_56' title="bbox 428 3769 2035 3854; baseline 0.013 -37"><span class='ocrx_word' id='word_1_386' title='bbox 428 3783 580 3830; x_wconf 83' lang='grc' dir='ltr'>σκον,</span> <span class='ocrx_word' id='word_1_387' title='bbox 610 3769 715 3823; x_wconf 70' lang='grc' dir='ltr'><strong>οὐκ</strong></span> <span class='ocrx_word' id='word_1_388' title='bbox 742 3769 809 3824; x_wconf 81' lang='grc' dir='ltr'><strong>ἀν</strong></span> <span class='ocrx_word' id='word_1_389' title='bbox 838 3790 920 3835; x_wconf 89' lang='grc' dir='ltr'><strong>τις</strong></span> <span class='ocrx_word' id='word_1_390' title='bbox 948 3772 1045 3844; x_wconf 82' lang='grc' dir='ltr'>τὴν</span> <span class='ocrx_word' id='word_1_391' title='bbox 1071 3776 1269 3829; x_wconf 87' lang='grc' dir='ltr'>κακίαν</span> <span class='ocrx_word' id='word_1_392' title='bbox 1285 3777 1421 3849; x_wconf 81' lang='grc' dir='ltr'>πρὸς</span> <span class='ocrx_word' id='word_1_393' title='bbox 1436 3779 1613 3847; x_wconf 86' lang='grc' dir='ltr'>ὀλίγον</span> <span class='ocrx_word' id='word_1_394' title='bbox 1634 3783 1839 3853; x_wconf 80' lang='grc' dir='ltr'>ᾑρεῖτο,</span> <span class='ocrx_word' id='word_1_395' title='bbox 1870 3786 2035 3854; x_wconf 84' lang='grc' dir='ltr'>γινώ-</span> 
     </span>
    </p>
   </div>
   <div class='ocr_carea' id='block_1_56' title="bbox 426 3862 2024 3946">
    <p class='ocr_par' dir='ltr' id='par_1_56' title="bbox 426 3862 2024 3946">
     <span class='ocr_line' id='line_1_57' title="bbox 426 3862 2024 3946; baseline 0.011 -36"><span class='ocrx_word' id='word_1_396' title='bbox 426 3875 575 3911; x_wconf 87' lang='grc' dir='ltr'>σκων</span> <span class='ocrx_word' id='word_1_397' title='bbox 597 3862 929 3932; x_wconf 83' lang='grc' dir='ltr'>πορεύεσθαι</span> <span class='ocrx_word' id='word_1_398' title='bbox 952 3865 1037 3918; x_wconf 76' lang='grc' dir='ltr'><strong>ἐπ’</strong></span> <span class='ocrx_word' id='word_1_399' title='bbox 1081 3868 1302 3921; x_wconf 80' lang='grc' dir='ltr'>αἰωνίαν</span> <span class='ocrx_word' id='word_1_400' title='bbox 1350 3870 1438 3924; x_wconf 75' lang='grc' dir='ltr'>διὰ</span> <span class='ocrx_word' id='word_1_401' title='bbox 1492 3872 1662 3944; x_wconf 89' lang='grc' dir='ltr'>πυρὸς</span> <span class='ocrx_word' id='word_1_402' title='bbox 1708 3874 2024 3946; x_wconf 88' lang='grc' dir='ltr'>καταδίκην,</span> 
     </span>
    </p>
   </div>
   <div class='ocr_carea' id='block_1_57' title="bbox 424 3955 2026 4042">
    <p class='ocr_par' dir='ltr' id='par_1_57' title="bbox 424 3955 2026 4042">
     <span class='ocr_line' id='line_1_58' title="bbox 424 3955 2026 4042; baseline 0.012 -37"><span class='ocrx_word' id='word_1_403' title='bbox 424 3955 540 4006; x_wconf 62' lang='grc' dir='ltr'>ἀλλ’</span> <span class='ocrx_word' id='word_1_404' title='bbox 588 3958 654 4008; x_wconf 79' lang='grc' dir='ltr'><strong>ἐκ</strong></span> <span class='ocrx_word' id='word_1_405' title='bbox 692 3959 892 4021; x_wconf 76' lang='grc' dir='ltr'>παντὸς</span> <span class='ocrx_word' id='word_1_406' title='bbox 942 3960 1143 4029; x_wconf 86' lang='grc' dir='ltr'>τρόπου</span> <span class='ocrx_word' id='word_1_407' title='bbox 1177 3963 1365 4017; x_wconf 79' lang='grc' dir='ltr'>ἑαυτὸν</span> <span class='ocrx_word' id='word_1_408' title='bbox 1416 3970 1629 4038; x_wconf 85' lang='grc' dir='ltr'>συνεῖχε</span> <span class='ocrx_word' id='word_1_409' title='bbox 1675 3969 1768 4022; x_wconf 75' lang='grc' dir='ltr'><strong>καὶ</strong></span> <span class='ocrx_word' id='word_1_410' title='bbox 1804 3971 2026 4042; x_wconf 80' lang='grc' dir='ltr'>ἐκόσμει</span> 
     </span>
    </p>
   </div>
   <div class='ocr_carea' id='block_1_58' title="bbox 424 4050 2026 4130">
    <p class='ocr_par' dir='ltr' id='par_1_58' title="bbox 424 4050 2026 4130">
     <span class='ocr_line' id='line_1_59' title="bbox 424 4050 2026 4130; baseline 0.009 -30"><span class='ocrx_word' id='word_1_411' title='bbox 424 4050 620 4119; x_wconf 81' lang='grc' dir='ltr'>ἀρετῇ,</span> <span class='ocrx_word' id='word_1_412' title='bbox 661 4051 813 4115; x_wconf 78' lang='grc' dir='ltr'>ὅπως</span> <span class='ocrx_word' id='word_1_413' title='bbox 836 4052 945 4106; x_wconf 83' lang='grc' dir='ltr'>τῶν</span> <span class='ocrx_word' id='word_1_414' title='bbox 974 4054 1124 4125; x_wconf 83' lang='grc' dir='ltr'>παρὰ</span> <span class='ocrx_word' id='word_1_415' title='bbox 1168 4054 1261 4108; x_wconf 77' lang='grc' dir='ltr'>τοῦ</span> <span class='ocrx_word' id='word_1_416' title='bbox 1300 4057 1435 4112; x_wconf 76' lang='grc' dir='ltr'>Θεοῦ</span> <span class='ocrx_word' id='word_1_417' title='bbox 1478 4059 1615 4130; x_wconf 85' lang='grc' dir='ltr'>τύχῃ</span> <span class='ocrx_word' id='word_1_418' title='bbox 1654 4061 1892 4130; x_wconf 82' lang='grc' dir='ltr'>ἀγαθῶν,</span> <span class='ocrx_word' id='word_1_419' title='bbox 1931 4064 2026 4117; x_wconf 75' lang='grc' dir='ltr'><strong>καὶ</strong></span> 
     </span>
    </p>
   </div>
   <div class='ocr_carea' id='block_1_59' title="bbox 422 4141 2023 4223">
    <p class='ocr_par' dir='ltr' id='par_1_59' title="bbox 422 4141 2023 4223">
     <span class='ocr_line' id='line_1_60' title="bbox 422 4141 2023 4223; baseline 0.011 -32"><span class='ocrx_word' id='word_1_420' title='bbox 422 4141 534 4194; x_wconf 56' lang='grc' dir='ltr'>τῶν</span> <span class='ocrx_word' id='word_1_421' title='bbox 557 4144 938 4214; x_wconf 83' lang='grc' dir='ltr'>κολαστηρίων</span> <span class='ocrx_word' id='word_1_422' title='bbox 961 4146 1379 4218; x_wconf 84' lang='grc' dir='ltr'>ἀπηλλαγμένος</span> <span class='ocrx_word' id='word_1_423' title='bbox 1409 4150 1515 4221; x_wconf 77' lang='grc' dir='ltr'>εἴη.</span> <span class='ocrx_word' id='word_1_424' title='bbox 1552 4152 1627 4203; x_wconf 83' lang='grc' dir='ltr'><strong>Οὐ</strong></span> <span class='ocrx_word' id='word_1_425' title='bbox 1658 4153 1765 4223; x_wconf 88' lang='grc' dir='ltr'><strong>γάρ</strong></span> <span class='ocrx_word' id='word_1_426' title='bbox 1784 4153 1871 4207; x_wconf 79' lang='grc' dir='ltr'><strong>διὰ</strong></span> <span class='ocrx_word' id='word_1_427' title='bbox 1900 4157 2023 4218; x_wconf 86' lang='grc' dir='ltr'>τοὺς</span> 
     </span>
    </p>
   </div>
   <div class='ocr_carea' id='block_1_60' title="bbox 425 4231 2026 4315">
    <p class='ocr_par' dir='ltr' id='par_1_60' title="bbox 425 4231 2026 4315">
     <span class='ocr_line' id='line_1_61' title="bbox 425 4231 2026 4315; baseline 0.01 -33"><span class='ocrx_word' id='word_1_428' title='bbox 425 4231 516 4301; x_wconf 68' lang='grc' dir='ltr'><strong>ὑφ’</strong></span> <span class='ocrx_word' id='word_1_429' title='bbox 548 4233 705 4304; x_wconf 73' lang='grc' dir='ltr'>ὑμῶν</span> <span class='ocrx_word' id='word_1_430' title='bbox 729 4236 1017 4305; x_wconf 82' lang='grc' dir='ltr'>κειμένους</span> <span class='ocrx_word' id='word_1_431' title='bbox 1042 4238 1238 4309; x_wconf 87' lang='grc' dir='ltr'>νόμους</span> <span class='ocrx_word' id='word_1_432' title='bbox 1265 4239 1376 4311; x_wconf 85' lang='grc'>(68)</span> <span class='ocrx_word' id='word_1_433' title='bbox 1406 4242 1500 4295; x_wconf 78' lang='grc' dir='ltr'><strong>καὶ</strong></span> <span class='ocrx_word' id='word_1_434' title='bbox 1517 4243 1764 4307; x_wconf 83' lang='grc' dir='ltr'>κολάσεις</span> <span class='ocrx_word' id='word_1_435' title='bbox 1795 4244 2026 4315; x_wconf 84' lang='grc' dir='ltr'>πειρῶν-</span> 
     </span>
    </p>
   </div>
   <div class='ocr_carea' id='block_1_61' title="bbox 495 4390 2024 4462">
    <p class='ocr_par' dir='ltr' id='par_1_61' title="bbox 495 4390 2024 4462">
     <span class='ocr_line' id='line_1_62' title="bbox 495 4390 2024 4462; baseline 0.005 -17"><span class='ocrx_word' id='word_1_436' title='bbox 495 4390 609 4461; x_wconf 65' lang='lat' dir='ltr'><strong>(ﬁt)</strong></span> <span class='ocrx_word' id='word_1_437' title='bbox 658 4392 742 4457; x_wconf 84' lang='grc' dir='ltr'><strong>Τῷ</strong></span> <span class='ocrx_word' id='word_1_438' title='bbox 760 4393 847 4461; x_wconf 80' lang='grc' dir='ltr'>μὴ</span> <span class='ocrx_word' id='word_1_439' title='bbox 877 4394 1194 4462; x_wconf 75' lang='grc' dir='ltr'>εἴργεσθαι.</span> <span class='ocrx_word' id='word_1_440' title='bbox 1237 4394 1461 4451; x_wconf 87' lang='lat' dir='ltr'><strong>Frustra</strong></span> <span class='ocrx_word' id='word_1_441' title='bbox 1519 4397 1606 4452; x_wconf 91' lang='lat' dir='ltr'><strong>hic</strong></span> <span class='ocrx_word' id='word_1_442' title='bbox 1656 4398 1897 4453; x_wconf 91' lang='lat' dir='ltr'><strong>nonnulli</strong></span> <span class='ocrx_word' id='word_1_443' title='bbox 1944 4399 2024 4453; x_wconf 87' lang='lat' dir='ltr'><strong>le-</strong></span> 
     </span>
    </p>
   </div>
   <div class='ocr_carea' id='block_1_62' title="bbox 423 4463 2023 4533">
    <p class='ocr_par' dir='ltr' id='par_1_62' title="bbox 423 4463 2023 4533">
     <span class='ocr_line' id='line_1_63' title="bbox 423 4463 2023 4533; baseline 0.006 -19"><span class='ocrx_word' id='word_1_444' title='bbox 423 4473 560 4527; x_wconf 75' lang='lat' dir='ltr'><strong>gunt</strong></span> <span class='ocrx_word' id='word_1_445' title='bbox 586 4463 648 4515; x_wconf 75' lang='grc' dir='ltr'><strong>τὸ</strong></span> <span class='ocrx_word' id='word_1_446' title='bbox 681 4463 758 4533; x_wconf 79' lang='grc' dir='ltr'>μὴ</span> <span class='ocrx_word' id='word_1_447' title='bbox 785 4463 1086 4533; x_wconf 79' lang='grc' dir='ltr'>εἴργεσθαι.</span> <span class='ocrx_word' id='word_1_448' title='bbox 1120 4466 1211 4520; x_wconf 91' lang='lat' dir='ltr'><strong>Sic</strong></span> <span class='ocrx_word' id='word_1_449' title='bbox 1240 4466 1519 4521; x_wconf 88' lang='lat' dir='ltr'><strong>reddimus</strong></span> <span class='ocrx_word' id='word_1_450' title='bbox 1548 4468 1690 4522; x_wconf 85' lang='lat' dir='ltr'><strong>hunc</strong></span> <span class='ocrx_word' id='word_1_451' title='bbox 1722 4469 1920 4533; x_wconf 90' lang='lat' dir='ltr'><strong>locum,</strong></span> <span class='ocrx_word' id='word_1_452' title='bbox 1963 4479 2023 4523; x_wconf 88' lang='lat' dir='ltr'><strong>ut</strong></span> 
     </span>
    </p>
   </div>
   <div class='ocr_carea' id='block_1_63' title="bbox 2143 1924 3719 1995">
    <p class='ocr_par' dir='ltr' id='par_1_63' title="bbox 2143 1924 3719 1995">
     <span class='ocr_line' id='line_1_64' title="bbox 2143 1924 3719 1995; baseline 0.001 -16"><span class='ocrx_word' id='word_1_453' title='bbox 2143 1925 2325 1979; x_wconf 87' lang='lat' dir='ltr'><strong>omnia</strong></span> <span class='ocrx_word' id='word_1_454' title='bbox 2351 1933 2406 1980; x_wconf 92' lang='lat' dir='ltr'><strong>et</strong></span> <span class='ocrx_word' id='word_1_455' title='bbox 2434 1924 2757 1995; x_wconf 84' lang='lat' dir='ltr'><strong>adjutricem</strong></span> <span class='ocrx_word' id='word_1_456' title='bbox 2792 1925 3117 1982; x_wconf 88' lang='lat' dir='ltr'><strong>adhibentes</strong></span> <span class='ocrx_word' id='word_1_457' title='bbox 3144 1925 3344 1980; x_wconf 90' lang='lat' dir='ltr'><strong>malam</strong></span> <span class='ocrx_word' id='word_1_458' title='bbox 3369 1925 3423 1979; x_wconf 91' lang='lat' dir='ltr'><strong>in</strong></span> <span class='ocrx_word' id='word_1_459' title='bbox 3466 1939 3719 1995; x_wconf 86' lang='lat' dir='ltr'><strong>unoquo-</strong></span> 
     </span>
    </p>
   </div>
   <div class='ocr_carea' id='block_1_64' title="bbox 2141 2016 3719 2088">
    <p class='ocr_par' dir='ltr' id='par_1_64' title="bbox 2141 2016 3719 2088">
     <span class='ocr_line' id='line_1_65' title="bbox 2141 2016 3719 2088; baseline 0 -19"><span class='ocrx_word' id='word_1_460' title='bbox 2141 2030 2247 2087; x_wconf 89' lang='lat' dir='ltr'><strong>que</strong></span> <span class='ocrx_word' id='word_1_461' title='bbox 2273 2024 2328 2071; x_wconf 93' lang='lat' dir='ltr'><strong>et</strong></span> <span class='ocrx_word' id='word_1_462' title='bbox 2360 2016 2567 2071; x_wconf 91' lang='lat' dir='ltr'><strong>variam</strong></span> <span class='ocrx_word' id='word_1_463' title='bbox 2596 2026 2791 2071; x_wconf 89' lang='lat' dir='ltr'><strong>natura</strong></span> <span class='ocrx_word' id='word_1_464' title='bbox 2824 2018 3183 2088; x_wconf 89' lang='lat' dir='ltr'><strong>cupiditatem</strong></span> <span class='ocrx_word' id='word_1_465' title='bbox 3212 2058 3228 2083; x_wconf 88' lang='lat'><strong>,</strong></span> <span class='ocrx_word' id='word_1_466' title='bbox 3263 2016 3431 2071; x_wconf 92' lang='lat' dir='ltr'><strong>multa</strong></span> <span class='ocrx_word' id='word_1_467' title='bbox 3490 2016 3627 2071; x_wconf 84' lang='lat' dir='ltr'><strong>falsa</strong></span> <span class='ocrx_word' id='word_1_468' title='bbox 3662 2026 3719 2071; x_wconf 92' lang='lat' dir='ltr'><strong>et</strong></span> 
     </span>
    </p>
   </div>
   <div class='ocr_carea' id='block_1_65' title="bbox 2142 2108 3718 2180">
    <p class='ocr_par' dir='ltr' id='par_1_65' title="bbox 2142 2108 3718 2180">
     <span class='ocr_line' id='line_1_66' title="bbox 2142 2108 3718 2180; baseline 0 -17"><span class='ocrx_word' id='word_1_469' title='bbox 2142 2108 2309 2176; x_wconf 88' lang='lat' dir='ltr'><strong>impia</strong></span> <span class='ocrx_word' id='word_1_470' title='bbox 2340 2109 2572 2165; x_wconf 91' lang='lat' dir='ltr'><strong>crimina</strong></span> <span class='ocrx_word' id='word_1_471' title='bbox 2598 2150 2614 2176; x_wconf 91' lang='lat'><strong>,</strong></span> <span class='ocrx_word' id='word_1_472' title='bbox 2652 2124 2887 2180; x_wconf 88' lang='lat' dir='ltr'><strong>quorum</strong></span> <span class='ocrx_word' id='word_1_473' title='bbox 2931 2108 3133 2165; x_wconf 89' lang='lat' dir='ltr'><strong>nullius</strong></span> <span class='ocrx_word' id='word_1_474' title='bbox 3178 2109 3383 2166; x_wconf 90' lang='lat' dir='ltr'><strong>conscii</strong></span> <span class='ocrx_word' id='word_1_475' title='bbox 3430 2108 3588 2164; x_wconf 90' lang='lat' dir='ltr'><strong>nobis</strong></span> <span class='ocrx_word' id='word_1_476' title='bbox 3625 2123 3718 2163; x_wconf 80' lang='lat' dir='ltr'><strong>su-</strong></span> 
     </span>
    </p>
   </div>
   <div class='ocr_carea' id='block_1_66' title="bbox 2141 2198 2975 2271">
    <p class='ocr_par' dir='ltr' id='par_1_66' title="bbox 2141 2198 2975 2271">
     <span class='ocr_line' id='line_1_67' title="bbox 2141 2198 2975 2271; baseline 0.007 -20"><span class='ocrx_word' id='word_1_477' title='bbox 2141 2212 2282 2264; x_wconf 89' lang='lat' dir='ltr'><strong>mus,</strong></span> <span class='ocrx_word' id='word_1_478' title='bbox 2314 2198 2366 2253; x_wconf 93' lang='lat' dir='ltr'><strong>in</strong></span> <span class='ocrx_word' id='word_1_479' title='bbox 2398 2199 2592 2270; x_wconf 84' lang='lat' dir='ltr'><strong>vulgus</strong></span> <span class='ocrx_word' id='word_1_480' title='bbox 2616 2200 2975 2271; x_wconf 88' lang='lat' dir='ltr'><strong>sparsissent.</strong></span> 
     </span>
    </p>
   </div>
   <div class='ocr_carea' id='block_1_67' title="bbox 2212 2288 3717 2366">
    <p class='ocr_par' dir='ltr' id='par_1_67' title="bbox 2212 2288 3717 2366">
     <span class='ocr_line' id='line_1_68' title="bbox 2212 2288 3717 2366; baseline 0.003 -22"><span class='ocrx_word' id='word_1_481' title='bbox 2212 2289 2299 2344; x_wconf 83' lang='grc'><strong>11.</strong></span> <span class='ocrx_word' id='word_1_482' title='bbox 2328 2288 2439 2348; x_wconf 80' lang='lat' dir='ltr'><strong>Vos</strong></span> <span class='ocrx_word' id='word_1_483' title='bbox 2463 2299 2666 2359; x_wconf 91' lang='lat' dir='ltr'><strong>autem,</strong></span> <span class='ocrx_word' id='word_1_484' title='bbox 2708 2307 2831 2348; x_wconf 91' lang='lat' dir='ltr'><strong>cum</strong></span> <span class='ocrx_word' id='word_1_485' title='bbox 2878 2308 3101 2364; x_wconf 87' lang='lat' dir='ltr'><strong>regnum</strong></span> <span class='ocrx_word' id='word_1_486' title='bbox 3142 2308 3172 2349; x_wconf 91' lang='lat' dir='ltr'><strong>a</strong></span> <span class='ocrx_word' id='word_1_487' title='bbox 3214 2294 3373 2351; x_wconf 90' lang='lat' dir='ltr'><strong>nobis</strong></span> <span class='ocrx_word' id='word_1_488' title='bbox 3405 2294 3717 2366; x_wconf 82' lang='lat' dir='ltr'><strong>exspectari</strong></span> 
     </span>
    </p>
   </div>
   <div class='ocr_carea' id='block_1_68' title="bbox 2139 2383 3716 2458">
    <p class='ocr_par' dir='ltr' id='par_1_68' title="bbox 2139 2383 3716 2458">
     <span class='ocr_line' id='line_1_69' title="bbox 2139 2383 3716 2458; baseline 0.001 -20"><span class='ocrx_word' id='word_1_489' title='bbox 2139 2383 2366 2449; x_wconf 88' lang='lat' dir='ltr'><strong>auditis,</strong></span> <span class='ocrx_word' id='word_1_490' title='bbox 2408 2385 2703 2440; x_wconf 90' lang='lat' dir='ltr'><strong>humanum</strong></span> <span class='ocrx_word' id='word_1_491' title='bbox 2743 2400 3032 2458; x_wconf 86' lang='lat' dir='ltr'><strong>perperam</strong></span> <span class='ocrx_word' id='word_1_492' title='bbox 3073 2387 3460 2458; x_wconf 90' lang='lat' dir='ltr'><strong>suspicamini,</strong></span> <span class='ocrx_word' id='word_1_493' title='bbox 3491 2402 3612 2443; x_wconf 92' lang='lat' dir='ltr'><strong>cum</strong></span> <span class='ocrx_word' id='word_1_494' title='bbox 3651 2387 3716 2441; x_wconf 84' lang='lat' dir='ltr'><strong>il—</strong></span> 
     </span>
    </p>
   </div>
   <div class='ocr_carea' id='block_1_69' title="bbox 2138 2475 3716 2550">
    <p class='ocr_par' dir='ltr' id='par_1_69' title="bbox 2138 2475 3716 2550">
     <span class='ocr_line' id='line_1_70' title="bbox 2138 2475 3716 2550; baseline 0.003 -20"><span class='ocrx_word' id='word_1_495' title='bbox 2138 2475 2248 2544; x_wconf 91' lang='lat' dir='ltr'><strong>lud,</strong></span> <span class='ocrx_word' id='word_1_496' title='bbox 2272 2477 2415 2548; x_wconf 89' lang='lat' dir='ltr'><strong>quod</strong></span> <span class='ocrx_word' id='word_1_497' title='bbox 2441 2492 2565 2532; x_wconf 88' lang='lat' dir='ltr'><strong>cum</strong></span> <span class='ocrx_word' id='word_1_498' title='bbox 2597 2479 2704 2534; x_wconf 92' lang='lat' dir='ltr'><strong>Deo</strong></span> <span class='ocrx_word' id='word_1_499' title='bbox 2732 2488 2835 2545; x_wconf 83' lang='lat' dir='ltr'><strong>est,</strong></span> <span class='ocrx_word' id='word_1_500' title='bbox 2865 2479 3139 2548; x_wconf 89' lang='lat' dir='ltr'><strong>dicamus;</strong></span> <span class='ocrx_word' id='word_1_501' title='bbox 3170 2487 3228 2534; x_wconf 89' lang='lat' dir='ltr'><strong>ut</strong></span> <span class='ocrx_word' id='word_1_502' title='bbox 3253 2480 3341 2535; x_wconf 90' lang='lat' dir='ltr'><strong>vel</strong></span> <span class='ocrx_word' id='word_1_503' title='bbox 3369 2495 3437 2536; x_wconf 80' lang='lat' dir='ltr'><strong>ex</strong></span> <span class='ocrx_word' id='word_1_504' title='bbox 3469 2494 3535 2537; x_wconf 93' lang='lat' dir='ltr'><strong>eo</strong></span> <span class='ocrx_word' id='word_1_505' title='bbox 3563 2489 3716 2550; x_wconf 84' lang='lat' dir='ltr'><strong>patet</strong></span> 
     </span>
    </p>
   </div>
   <div class='ocr_carea' id='block_1_70' title="bbox 2137 2567 3718 2641">
    <p class='ocr_par' dir='ltr' id='par_1_70' title="bbox 2137 2567 3718 2641">
     <span class='ocr_line' id='line_1_71' title="bbox 2137 2567 3718 2641; baseline 0.003 -21"><span class='ocrx_word' id='word_1_506' title='bbox 2137 2567 2282 2637; x_wconf 90' lang='lat' dir='ltr'><strong>quod</strong></span> <span class='ocrx_word' id='word_1_507' title='bbox 2312 2582 2343 2621; x_wconf 91' lang='lat' dir='ltr'><strong>a</strong></span> <span class='ocrx_word' id='word_1_508' title='bbox 2384 2568 2538 2623; x_wconf 90' lang='lat' dir='ltr'><strong>vobis</strong></span> <span class='ocrx_word' id='word_1_509' title='bbox 2578 2568 2899 2641; x_wconf 86' lang='lat' dir='ltr'><strong>interrogati</strong></span> <span class='ocrx_word' id='word_1_510' title='bbox 2956 2570 3232 2626; x_wconf 84' lang='lat' dir='ltr'><strong>fateamur</strong></span> <span class='ocrx_word' id='word_1_511' title='bbox 3269 2585 3368 2625; x_wconf 91' lang='lat' dir='ltr'><strong>nos</strong></span> <span class='ocrx_word' id='word_1_512' title='bbox 3408 2584 3533 2627; x_wconf 86' lang='lat' dir='ltr'><strong>esse</strong></span> <span class='ocrx_word' id='word_1_513' title='bbox 3559 2571 3718 2626; x_wconf 89' lang='lat' dir='ltr'><strong>Chri-</strong></span> 
     </span>
    </p>
   </div>
   <div class='ocr_carea' id='block_1_71' title="bbox 2136 2663 3714 2741">
    <p class='ocr_par' dir='ltr' id='par_1_71' title="bbox 2136 2663 3714 2741">
     <span class='ocr_line' id='line_1_72' title="bbox 2136 2663 3714 2741; baseline 0.004 -24"><span class='ocrx_word' id='word_1_514' title='bbox 2136 2663 2375 2731; x_wconf 86' lang='lat' dir='ltr'><strong>stianos,</strong></span> <span class='ocrx_word' id='word_1_515' title='bbox 2400 2666 2649 2735; x_wconf 87' lang='lat' dir='ltr'><strong>quamvis</strong></span> <span class='ocrx_word' id='word_1_516' title='bbox 2676 2668 2865 2723; x_wconf 91' lang='lat' dir='ltr'><strong>mortis</strong></span> <span class='ocrx_word' id='word_1_517' title='bbox 2905 2682 3126 2738; x_wconf 74' lang='lat' dir='ltr'><strong>poenam</strong></span> <span class='ocrx_word' id='word_1_518' title='bbox 3155 2668 3435 2724; x_wconf 90' lang='lat' dir='ltr'><strong>conﬁtenti</strong></span> <span class='ocrx_word' id='word_1_519' title='bbox 3481 2670 3714 2741; x_wconf 86' lang='lat' dir='ltr'><strong>positam</strong></span> 
     </span>
    </p>
   </div>
   <div class='ocr_carea' id='block_1_72' title="bbox 2134 2756 3711 2833">
    <p class='ocr_par' dir='ltr' id='par_1_72' title="bbox 2134 2756 3711 2833">
     <span class='ocr_line' id='line_1_73' title="bbox 2134 2756 3711 2833; baseline 0.003 -20"><span class='ocrx_word' id='word_1_520' title='bbox 2134 2756 2393 2814; x_wconf 86' lang='lat' dir='ltr'><strong>sciamus.</strong></span> <span class='ocrx_word' id='word_1_521' title='bbox 2420 2756 2554 2813; x_wconf 87' lang='lat' dir='ltr'><strong>Nam</strong></span> <span class='ocrx_word' id='word_1_522' title='bbox 2586 2759 2629 2813; x_wconf 89' lang='lat' dir='ltr'><strong>si</strong></span> <span class='ocrx_word' id='word_1_523' title='bbox 2662 2759 2956 2825; x_wconf 87' lang='lat' dir='ltr'><strong>humanum</strong></span> <span class='ocrx_word' id='word_1_524' title='bbox 2991 2776 3215 2831; x_wconf 84' lang='lat' dir='ltr'><strong>regnum</strong></span> <span class='ocrx_word' id='word_1_525' title='bbox 3244 2773 3711 2833; x_wconf 82' lang='lat' dir='ltr'><strong>exspectaremus,</strong></span> 
     </span>
    </p>
   </div>
   <div class='ocr_carea' id='block_1_73' title="bbox 2135 2854 3711 2925">
    <p class='ocr_par' dir='ltr' id='par_1_73' title="bbox 2135 2854 3711 2925">
     <span class='ocr_line' id='line_1_74' title="bbox 2135 2854 3711 2925; baseline 0.005 -22"><span class='ocrx_word' id='word_1_526' title='bbox 2135 2864 2453 2921; x_wconf 88' lang='lat' dir='ltr'><strong>negaremus</strong></span> <span class='ocrx_word' id='word_1_527' title='bbox 2480 2854 2726 2922; x_wconf 80' lang='lat' dir='ltr'><strong>profecto</strong></span> <span class='ocrx_word' id='word_1_528' title='bbox 2765 2855 3019 2910; x_wconf 89' lang='lat' dir='ltr'><strong>interitus</strong></span> <span class='ocrx_word' id='word_1_529' title='bbox 3058 2856 3264 2910; x_wconf 89' lang='lat' dir='ltr'><strong>vitandi</strong></span> <span class='ocrx_word' id='word_1_530' title='bbox 3309 2872 3501 2925; x_wconf 85' lang='lat' dir='ltr'><strong>causa,</strong></span> <span class='ocrx_word' id='word_1_531' title='bbox 3536 2867 3592 2912; x_wconf 93' lang='lat' dir='ltr'><strong>et</strong></span> <span class='ocrx_word' id='word_1_532' title='bbox 3629 2858 3711 2911; x_wconf 89' lang='lat' dir='ltr'><strong>la—</strong></span> 
     </span>
    </p>
   </div>
   <div class='ocr_carea' id='block_1_74' title="bbox 2134 2949 3715 3022">
    <p class='ocr_par' dir='ltr' id='par_1_74' title="bbox 2134 2949 3715 3022">
     <span class='ocr_line' id='line_1_75' title="bbox 2134 2949 3715 3022; baseline 0.005 -23"><span class='ocrx_word' id='word_1_533' title='bbox 2134 2958 2247 3002; x_wconf 87' lang='lat' dir='ltr'><strong>tere</strong></span> <span class='ocrx_word' id='word_1_534' title='bbox 2301 2962 2645 3013; x_wconf 90' lang='lat' dir='ltr'><strong>conaremur,</strong></span> <span class='ocrx_word' id='word_1_535' title='bbox 2697 2949 2763 3003; x_wconf 92' lang='lat' dir='ltr'><strong>ad</strong></span> <span class='ocrx_word' id='word_1_536' title='bbox 2814 2963 2879 3004; x_wconf 87' lang='lat' dir='ltr'><strong>ea</strong></span> <span class='ocrx_word' id='word_1_537' title='bbox 2906 2966 3027 3020; x_wconf 61' lang='lat' dir='ltr'><strong>quae</strong></span> <span class='ocrx_word' id='word_1_538' title='bbox 3082 2959 3467 3022; x_wconf 83' lang='lat' dir='ltr'><strong>exspectamus</strong></span> <span class='ocrx_word' id='word_1_539' title='bbox 3520 2968 3715 3008; x_wconf 89' lang='lat' dir='ltr'><strong>conse-</strong></span> 
     </span>
    </p>
   </div>
   <div class='ocr_carea' id='block_1_75' title="bbox 2131 3040 3713 3116">
    <p class='ocr_par' dir='ltr' id='par_1_75' title="bbox 2131 3040 3713 3116">
     <span class='ocr_line' id='line_1_76' title="bbox 2131 3040 3713 3116; baseline 0.005 -23"><span class='ocrx_word' id='word_1_540' title='bbox 2131 3040 2368 3109; x_wconf 90' lang='lat' dir='ltr'><strong>quenda.</strong></span> <span class='ocrx_word' id='word_1_541' title='bbox 2408 3040 2514 3095; x_wconf 90' lang='lat' dir='ltr'><strong>Sed</strong></span> <span class='ocrx_word' id='word_1_542' title='bbox 2561 3045 2687 3111; x_wconf 88' lang='lat' dir='ltr'><strong>quia</strong></span> <span class='ocrx_word' id='word_1_543' title='bbox 2734 3058 2861 3111; x_wconf 90' lang='lat' dir='ltr'><strong>spes</strong></span> <span class='ocrx_word' id='word_1_544' title='bbox 2916 3044 2969 3097; x_wconf 93' lang='lat' dir='ltr'><strong>in</strong></span> <span class='ocrx_word' id='word_1_545' title='bbox 3022 3044 3183 3099; x_wconf 86' lang='lat' dir='ltr'><strong>rebus</strong></span> <span class='ocrx_word' id='word_1_546' title='bbox 3217 3046 3579 3116; x_wconf 64' lang='lat' dir='ltr'><strong>prmsentibus</strong></span> <span class='ocrx_word' id='word_1_547' title='bbox 3615 3060 3713 3116; x_wconf 77' lang='grc' dir='ltr'>ρυ-</span> 
     </span>
    </p>
   </div>
   <div class='ocr_carea' id='block_1_76' title="bbox 2133 3130 3708 3204">
    <p class='ocr_par' dir='ltr' id='par_1_76' title="bbox 2133 3130 3708 3204">
     <span class='ocr_line' id='line_1_77' title="bbox 2133 3130 3708 3204; baseline 0.003 -20"><span class='ocrx_word' id='word_1_548' title='bbox 2133 3131 2265 3185; x_wconf 85' lang='lat' dir='ltr'><strong>sitas</strong></span> <span class='ocrx_word' id='word_1_549' title='bbox 2315 3146 2419 3185; x_wconf 90' lang='lat' dir='ltr'><strong>non</strong></span> <span class='ocrx_word' id='word_1_550' title='bbox 2472 3130 2758 3196; x_wconf 91' lang='lat' dir='ltr'><strong>habemus,</strong></span> <span class='ocrx_word' id='word_1_551' title='bbox 2796 3130 3175 3188; x_wconf 81' lang='lat' dir='ltr'><strong>interfectores</strong></span> <span class='ocrx_word' id='word_1_552' title='bbox 3215 3134 3369 3204; x_wconf 90' lang='lat' dir='ltr'><strong>parvi</strong></span> <span class='ocrx_word' id='word_1_553' title='bbox 3403 3133 3708 3203; x_wconf 87' lang='lat' dir='ltr'><strong>pendimus,</strong></span> 
     </span>
    </p>
   </div>
   <div class='ocr_carea' id='block_1_77' title="bbox 2134 3225 3674 3295">
    <p class='ocr_par' dir='ltr' id='par_1_77' title="bbox 2134 3225 3674 3295">
     <span class='ocr_line' id='line_1_78' title="bbox 2134 3225 3674 3295; baseline -0.001 -16"><span class='ocrx_word' id='word_1_554' title='bbox 2134 3238 2255 3279; x_wconf 93' lang='lat' dir='ltr'><strong>cum</strong></span> <span class='ocrx_word' id='word_1_555' title='bbox 2286 3226 2585 3294; x_wconf 69' lang='lat' dir='ltr'><strong>prmsertim</strong></span> <span class='ocrx_word' id='word_1_556' title='bbox 2617 3238 2765 3280; x_wconf 91' lang='lat' dir='ltr'><strong>mors</strong></span> <span class='ocrx_word' id='word_1_557' title='bbox 2793 3225 3011 3279; x_wconf 94' lang='lat' dir='ltr'><strong>omnino</strong></span> <span class='ocrx_word' id='word_1_558' title='bbox 3048 3226 3311 3282; x_wconf 90' lang='lat' dir='ltr'><strong>declinari</strong></span> <span class='ocrx_word' id='word_1_559' title='bbox 3343 3240 3447 3280; x_wconf 91' lang='lat' dir='ltr'><strong>non</strong></span> <span class='ocrx_word' id='word_1_560' title='bbox 3477 3226 3674 3295; x_wconf 87' lang='lat' dir='ltr'><strong>possit.</strong></span> 
     </span>
    </p>
   </div>
   <div class='ocr_carea' id='block_1_78' title="bbox 2206 3314 3711 3384">
    <p class='ocr_par' dir='ltr' id='par_1_78' title="bbox 2206 3314 3711 3384">
     <span class='ocr_line' id='line_1_79' title="bbox 2206 3314 3711 3384; baseline 0.001 -15"><span class='ocrx_word' id='word_1_561' title='bbox 2206 3314 2292 3369; x_wconf 74' lang='grc'><strong>12.</strong></span> <span class='ocrx_word' id='word_1_562' title='bbox 2355 3314 2519 3370; x_wconf 88' lang='lat' dir='ltr'><strong>Vobis</strong></span> <span class='ocrx_word' id='word_1_563' title='bbox 2567 3324 2745 3370; x_wconf 91' lang='lat' dir='ltr'><strong>autem</strong></span> <span class='ocrx_word' id='word_1_564' title='bbox 2802 3316 3077 3384; x_wconf 89' lang='lat' dir='ltr'><strong>adjutores</strong></span> <span class='ocrx_word' id='word_1_565' title='bbox 3134 3318 3376 3373; x_wconf 89' lang='lat' dir='ltr'><strong>omnium</strong></span> <span class='ocrx_word' id='word_1_566' title='bbox 3430 3318 3711 3374; x_wconf 89' lang='lat' dir='ltr'><strong>hominum</strong></span> 
     </span>
    </p>
   </div>
   <div class='ocr_carea' id='block_1_79' title="bbox 2134 3404 3709 3477">
    <p class='ocr_par' dir='ltr' id='par_1_79' title="bbox 2134 3404 3709 3477">
     <span class='ocr_line' id='line_1_80' title="bbox 2134 3404 3709 3477; baseline 0.002 -18"><span class='ocrx_word' id='word_1_567' title='bbox 2134 3406 2371 3461; x_wconf 81' lang='lat' dir='ltr'><strong>maxime</strong></span> <span class='ocrx_word' id='word_1_568' title='bbox 2398 3414 2451 3463; x_wconf 92' lang='lat' dir='ltr'><strong>et</strong></span> <span class='ocrx_word' id='word_1_569' title='bbox 2477 3405 2748 3460; x_wconf 79' lang='lat' dir='ltr'><strong>auxiliarii</strong></span> <span class='ocrx_word' id='word_1_570' title='bbox 2776 3404 2841 3457; x_wconf 86' lang='lat' dir='ltr'><strong>ad</strong></span> <span class='ocrx_word' id='word_1_571' title='bbox 2874 3420 3060 3474; x_wconf 90' lang='lat' dir='ltr'><strong>pacem</strong></span> <span class='ocrx_word' id='word_1_572' title='bbox 3088 3421 3297 3470; x_wconf 89' lang='lat' dir='ltr'><strong>sumus,</strong></span> <span class='ocrx_word' id='word_1_573' title='bbox 3323 3407 3415 3477; x_wconf 88' lang='lat' dir='ltr'><strong>qui</strong></span> <span class='ocrx_word' id='word_1_574' title='bbox 3448 3408 3561 3463; x_wconf 62' lang='lat' dir='ltr'><strong>hinc</strong></span> <span class='ocrx_word' id='word_1_575' title='bbox 3608 3409 3709 3462; x_wconf 87' lang='lat' dir='ltr'><strong>do-</strong></span> 
     </span>
    </p>
   </div>
   <div class='ocr_carea' id='block_1_80' title="bbox 2132 3497 3710 3567">
    <p class='ocr_par' dir='ltr' id='par_1_80' title="bbox 2132 3497 3710 3567">
     <span class='ocr_line' id='line_1_81' title="bbox 2132 3497 3710 3567; baseline -0.001 -13"><span class='ocrx_word' id='word_1_576' title='bbox 2132 3515 2341 3567; x_wconf 89' lang='lat' dir='ltr'><strong>cemus,</strong></span> <span class='ocrx_word' id='word_1_577' title='bbox 2373 3499 2487 3555; x_wconf 89' lang='lat' dir='ltr'><strong>ﬁeri</strong></span> <span class='ocrx_word' id='word_1_578' title='bbox 2514 3498 2735 3553; x_wconf 87' lang='lat' dir='ltr'><strong>omnino</strong></span> <span class='ocrx_word' id='word_1_579' title='bbox 2764 3511 2869 3550; x_wconf 90' lang='lat' dir='ltr'><strong>non</strong></span> <span class='ocrx_word' id='word_1_580' title='bbox 2895 3511 3055 3565; x_wconf 88' lang='lat' dir='ltr'><strong>posse</strong></span> <span class='ocrx_word' id='word_1_581' title='bbox 3077 3506 3137 3550; x_wconf 92' lang='lat' dir='ltr'><strong>ut</strong></span> <span class='ocrx_word' id='word_1_582' title='bbox 3162 3497 3327 3551; x_wconf 87' lang='lat' dir='ltr'><strong>Deum</strong></span> <span class='ocrx_word' id='word_1_583' title='bbox 3353 3497 3519 3551; x_wconf 90' lang='lat' dir='ltr'><strong>lateat</strong></span> <span class='ocrx_word' id='word_1_584' title='bbox 3543 3498 3710 3553; x_wconf 87' lang='lat' dir='ltr'><strong>male-</strong></span> 
     </span>
    </p>
   </div>
   <div class='ocr_carea' id='block_1_81' title="bbox 2130 3588 3710 3660">
    <p class='ocr_par' dir='ltr' id='par_1_81' title="bbox 2130 3588 3710 3660">
     <span class='ocr_line' id='line_1_82' title="bbox 2130 3588 3710 3660; baseline -0.003 -13"><span class='ocrx_word' id='word_1_585' title='bbox 2130 3594 2286 3660; x_wconf 87' lang='lat' dir='ltr'><strong>ﬁcus,</strong></span> <span class='ocrx_word' id='word_1_586' title='bbox 2315 3601 2408 3647; x_wconf 91' lang='lat' dir='ltr'><strong>aut</strong></span> <span class='ocrx_word' id='word_1_587' title='bbox 2429 3605 2637 3653; x_wconf 88' lang='lat' dir='ltr'><strong>avarus,</strong></span> <span class='ocrx_word' id='word_1_588' title='bbox 2672 3598 2765 3643; x_wconf 91' lang='lat' dir='ltr'><strong>aut</strong></span> <span class='ocrx_word' id='word_1_589' title='bbox 2817 3588 3119 3655; x_wconf 89' lang='lat' dir='ltr'><strong>insidiator,</strong></span> <span class='ocrx_word' id='word_1_590' title='bbox 3150 3599 3245 3643; x_wconf 91' lang='lat' dir='ltr'><strong>aut</strong></span> <span class='ocrx_word' id='word_1_591' title='bbox 3288 3589 3487 3643; x_wconf 89' lang='lat' dir='ltr'><strong>virtute</strong></span> <span class='ocrx_word' id='word_1_592' title='bbox 3510 3589 3710 3658; x_wconf 68' lang='lat' dir='ltr'><strong>praedi-</strong></span> 
     </span>
    </p>
   </div>
   <div class='ocr_carea' id='block_1_82' title="bbox 2131 3682 3706 3755">
    <p class='ocr_par' dir='ltr' id='par_1_82' title="bbox 2131 3682 3706 3755">
     <span class='ocr_line' id='line_1_83' title="bbox 2131 3682 3706 3755; baseline -0.006 -13"><span class='ocrx_word' id='word_1_593' title='bbox 2131 3696 2239 3752; x_wconf 91' lang='lat' dir='ltr'><strong>tus,</strong></span> <span class='ocrx_word' id='word_1_594' title='bbox 2272 3701 2335 3741; x_wconf 92' lang='lat' dir='ltr'><strong>ac</strong></span> <span class='ocrx_word' id='word_1_595' title='bbox 2377 3697 2817 3755; x_wconf 89' lang='lat' dir='ltr'><strong>unumquemque</strong></span> <span class='ocrx_word' id='word_1_596' title='bbox 2878 3683 2946 3736; x_wconf 89' lang='lat' dir='ltr'><strong>ad</strong></span> <span class='ocrx_word' id='word_1_597' title='bbox 2997 3693 3278 3746; x_wconf 77' lang='lat' dir='ltr'><strong>mtcrnam,</strong></span> <span class='ocrx_word' id='word_1_598' title='bbox 3323 3682 3439 3736; x_wconf 90' lang='lat' dir='ltr'><strong>sive</strong></span> <span class='ocrx_word' id='word_1_599' title='bbox 3463 3695 3706 3750; x_wconf 77' lang='lat' dir='ltr'><strong>ptenam,</strong></span> 
     </span>
    </p>
   </div>
   <div class='ocr_carea' id='block_1_83' title="bbox 2129 3773 3704 3846">
    <p class='ocr_par' dir='ltr' id='par_1_83' title="bbox 2129 3773 3704 3846">
     <span class='ocr_line' id='line_1_84' title="bbox 2129 3773 3704 3846; baseline -0.003 -14"><span class='ocrx_word' id='word_1_600' title='bbox 2129 3778 2244 3833; x_wconf 85' lang='lat' dir='ltr'><strong>sive</strong></span> <span class='ocrx_word' id='word_1_601' title='bbox 2265 3778 2495 3833; x_wconf 90' lang='lat' dir='ltr'><strong>salutem</strong></span> <span class='ocrx_word' id='word_1_602' title='bbox 2526 3792 2621 3846; x_wconf 92' lang='lat' dir='ltr'><strong>pro</strong></span> <span class='ocrx_word' id='word_1_603' title='bbox 2644 3777 2857 3831; x_wconf 89' lang='lat' dir='ltr'><strong>meritis</strong></span> <span class='ocrx_word' id='word_1_604' title='bbox 2880 3775 3155 3830; x_wconf 88' lang='lat' dir='ltr'><strong>actionum</strong></span> <span class='ocrx_word' id='word_1_605' title='bbox 3170 3789 3390 3828; x_wconf 86' lang='lat' dir='ltr'><strong>suarum</strong></span> <span class='ocrx_word' id='word_1_606' title='bbox 3414 3773 3704 3842; x_wconf 85' lang='lat' dir='ltr'><strong>proﬁcisci.</strong></span> 
     </span>
    </p>
   </div>
   <div class='ocr_carea' id='block_1_84' title="bbox 2129 3866 3708 3935">
    <p class='ocr_par' dir='ltr' id='par_1_84' title="bbox 2129 3866 3708 3935">
     <span class='ocr_line' id='line_1_85' title="bbox 2129 3866 3708 3935; baseline -0.001 -12"><span class='ocrx_word' id='word_1_607' title='bbox 2129 3869 2263 3925; x_wconf 85' lang='lat' dir='ltr'><strong>Nam</strong></span> <span class='ocrx_word' id='word_1_608' title='bbox 2290 3870 2334 3924; x_wconf 91' lang='lat' dir='ltr'><strong>si</strong></span> <span class='ocrx_word' id='word_1_609' title='bbox 2366 3870 2479 3924; x_wconf 77' lang='lat' dir='ltr'><strong>lucc</strong></span> <span class='ocrx_word' id='word_1_610' title='bbox 2507 3870 2722 3935; x_wconf 87' lang='lat' dir='ltr'><strong>cognita</strong></span> <span class='ocrx_word' id='word_1_611' title='bbox 2761 3867 3019 3923; x_wconf 91' lang='lat' dir='ltr'><strong>omnibus</strong></span> <span class='ocrx_word' id='word_1_612' title='bbox 3050 3866 3357 3921; x_wconf 90' lang='lat' dir='ltr'><strong>hominibus</strong></span> <span class='ocrx_word' id='word_1_613' title='bbox 3384 3875 3587 3931; x_wconf 86' lang='lat' dir='ltr'><strong>essent,</strong></span> <span class='ocrx_word' id='word_1_614' title='bbox 3613 3883 3708 3921; x_wconf 87' lang='lat' dir='ltr'><strong>ne-</strong></span> 
     </span>
    </p>
   </div>
   <div class='ocr_carea' id='block_1_85' title="bbox 2130 3958 3706 4029">
    <p class='ocr_par' dir='ltr' id='par_1_85' title="bbox 2130 3958 3706 4029">
     <span class='ocr_line' id='line_1_86' title="bbox 2130 3958 3706 4029; baseline -0.003 -14"><span class='ocrx_word' id='word_1_615' title='bbox 2130 3977 2216 4015; x_wconf 92' lang='lat' dir='ltr'><strong>mo</strong></span> <span class='ocrx_word' id='word_1_616' title='bbox 2250 3962 2440 4015; x_wconf 88' lang='lat' dir='ltr'><strong>vilium</strong></span> <span class='ocrx_word' id='word_1_617' title='bbox 2490 3961 2554 4014; x_wconf 89' lang='lat' dir='ltr'><strong>ad</strong></span> <span class='ocrx_word' id='word_1_618' title='bbox 2611 3961 2774 4015; x_wconf 87' lang='lat' dir='ltr'><strong>breve</strong></span> <span class='ocrx_word' id='word_1_619' title='bbox 2830 3971 3043 4029; x_wconf 90' lang='lat' dir='ltr'><strong>tempus</strong></span> <span class='ocrx_word' id='word_1_620' title='bbox 3085 3958 3333 4029; x_wconf 90' lang='lat' dir='ltr'><strong>eligeret,</strong></span> <span class='ocrx_word' id='word_1_621' title='bbox 3375 3974 3499 4013; x_wconf 92' lang='lat' dir='ltr'><strong>cum</strong></span> <span class='ocrx_word' id='word_1_622' title='bbox 3542 3973 3602 4013; x_wconf 90' lang='lat' dir='ltr'><strong>se</strong></span> <span class='ocrx_word' id='word_1_623' title='bbox 3639 3960 3706 4011; x_wconf 87' lang='lat' dir='ltr'><strong>ad</strong></span> 
     </span>
    </p>
   </div>
   <div class='ocr_carea' id='block_1_86' title="bbox 2126 4051 3705 4123">
    <p class='ocr_par' dir='ltr' id='par_1_86' title="bbox 2126 4051 3705 4123">
     <span class='ocr_line' id='line_1_87' title="bbox 2126 4051 3705 4123; baseline -0.001 -15"><span class='ocrx_word' id='word_1_624' title='bbox 2126 4066 2385 4109; x_wconf 72' lang='lat' dir='ltr'><strong>teternam</strong></span> <span class='ocrx_word' id='word_1_625' title='bbox 2443 4053 2582 4123; x_wconf 85' lang='lat' dir='ltr'><strong>ignis</strong></span> <span class='ocrx_word' id='word_1_626' title='bbox 2628 4051 3133 4107; x_wconf 89' lang='lat' dir='ltr'><strong>condemnationem</strong></span> <span class='ocrx_word' id='word_1_627' title='bbox 3182 4052 3451 4120; x_wconf 78' lang='lat' dir='ltr'><strong>proficisci</strong></span> <span class='ocrx_word' id='word_1_628' title='bbox 3507 4052 3705 4116; x_wconf 86' lang='lat' dir='ltr'><strong>sciret;</strong></span> 
     </span>
    </p>
   </div>
   <div class='ocr_carea' id='block_1_87' title="bbox 2127 4142 3705 4205">
    <p class='ocr_par' dir='ltr' id='par_1_87' title="bbox 2127 4142 3705 4205">
     <span class='ocr_line' id='line_1_88' title="bbox 2127 4142 3705 4205; baseline -0.004 -5"><span class='ocrx_word' id='word_1_629' title='bbox 2127 4145 2220 4200; x_wconf 85' lang='lat' dir='ltr'><strong>sed</strong></span> <span class='ocrx_word' id='word_1_630' title='bbox 2258 4158 2378 4199; x_wconf 91' lang='lat' dir='ltr'><strong>sese</strong></span> <span class='ocrx_word' id='word_1_631' title='bbox 2432 4142 2655 4197; x_wconf 91' lang='lat' dir='ltr'><strong>omnino</strong></span> <span class='ocrx_word' id='word_1_632' title='bbox 2684 4143 2991 4197; x_wconf 91' lang='lat' dir='ltr'><strong>contineret</strong></span> <span class='ocrx_word' id='word_1_633' title='bbox 3034 4156 3097 4195; x_wconf 91' lang='lat' dir='ltr'><strong>ac</strong></span> <span class='ocrx_word' id='word_1_634' title='bbox 3151 4144 3355 4195; x_wconf 89' lang='lat' dir='ltr'><strong>virtute</strong></span> <span class='ocrx_word' id='word_1_635' title='bbox 3388 4153 3705 4205; x_wconf 84' lang='lat' dir='ltr'><strong>exornaret,</strong></span> 
     </span>
    </p>
   </div>
   <div class='ocr_carea' id='block_1_88' title="bbox 2128 4232 3707 4303">
    <p class='ocr_par' dir='ltr' id='par_1_88' title="bbox 2128 4232 3707 4303">
     <span class='ocr_line' id='line_1_89' title="bbox 2128 4232 3707 4303; baseline -0.003 -14"><span class='ocrx_word' id='word_1_636' title='bbox 2128 4244 2241 4289; x_wconf 91' lang='lat' dir='ltr'><strong>tum</strong></span> <span class='ocrx_word' id='word_1_637' title='bbox 2268 4235 2336 4289; x_wconf 89' lang='lat' dir='ltr'><strong>ad</strong></span> <span class='ocrx_word' id='word_1_638' title='bbox 2362 4234 2526 4298; x_wconf 90' lang='lat' dir='ltr'><strong>bona,</strong></span> <span class='ocrx_word' id='word_1_639' title='bbox 2556 4248 2678 4301; x_wconf 71' lang='lat' dir='ltr'><strong>qua:</strong></span> <span class='ocrx_word' id='word_1_640' title='bbox 2710 4247 2740 4286; x_wconf 93' lang='lat' dir='ltr'><strong>a</strong></span> <span class='ocrx_word' id='word_1_641' title='bbox 2779 4232 2885 4285; x_wconf 91' lang='lat' dir='ltr'><strong>Deo</strong></span> <span class='ocrx_word' id='word_1_642' title='bbox 2923 4232 3335 4301; x_wconf 90' lang='lat' dir='ltr'><strong>promittuntur,</strong></span> <span class='ocrx_word' id='word_1_643' title='bbox 3364 4246 3707 4303; x_wconf 87' lang='lat' dir='ltr'><strong>consequen-</strong></span> 
     </span>
    </p>
   </div>
   <div class='ocr_carea' id='block_1_89' title="bbox 2127 4366 3705 4467">
    <p class='ocr_par' dir='ltr' id='par_1_89' title="bbox 2127 4366 3705 4467">
     <span class='ocr_line' id='line_1_90' title="bbox 2127 4366 3705 4467; baseline -0.003 -17"><span class='ocrx_word' id='word_1_644' title='bbox 2127 4395 2255 4467; x_wconf 89' lang='lat' dir='ltr'><strong>quid</strong></span> <span class='ocrx_word' id='word_1_645' title='bbox 2284 4366 2605 4449; x_wconf 34' lang='lat' dir='ltr'><strong>addendum,</strong></span> <span class='ocrx_word' id='word_1_646' title='bbox 2619 4400 2762 4467; x_wconf 75' lang='lat' dir='ltr'><strong>esset</strong></span> <span class='ocrx_word' id='word_1_647' title='bbox 2792 4391 2917 4467; x_wconf 78' lang='lat' dir='ltr'><strong>huic</strong></span> <span class='ocrx_word' id='word_1_648' title='bbox 2946 4389 3089 4453; x_wconf 90' lang='lat' dir='ltr'><strong>loco,</strong></span> <span class='ocrx_word' id='word_1_649' title='bbox 3125 4390 3218 4460; x_wconf 90' lang='lat' dir='ltr'><strong>qui</strong></span> <span class='ocrx_word' id='word_1_650' title='bbox 3272 4390 3516 4467; x_wconf 78' lang='lat' dir='ltr'><strong>profecto</strong></span> <span class='ocrx_word' id='word_1_651' title='bbox 3550 4408 3705 4467; x_wconf 87' lang='lat' dir='ltr'><strong>men-</strong></span> 
     </span>
    </p>
   </div>
   <div class='ocr_carea' id='block_1_90' title="bbox 2127 4460 3699 4531">
    <p class='ocr_par' dir='ltr' id='par_1_90' title="bbox 2127 4460 3699 4531">
     <span class='ocr_line' id='line_1_91' title="bbox 2127 4460 3699 4531; baseline -0.003 -10"><span class='ocrx_word' id='word_1_652' title='bbox 2127 4460 2285 4522; x_wconf 84' lang='lat' dir='ltr'><strong>dosus</strong></span> <span class='ocrx_word' id='word_1_653' title='bbox 2334 4479 2439 4518; x_wconf 89' lang='lat' dir='ltr'><strong>non</strong></span> <span class='ocrx_word' id='word_1_654' title='bbox 2488 4470 2593 4525; x_wconf 86' lang='lat' dir='ltr'><strong>est,</strong></span> <span class='ocrx_word' id='word_1_655' title='bbox 2640 4460 2942 4531; x_wconf 87' lang='lat' dir='ltr'><strong>addendum</strong></span> <span class='ocrx_word' id='word_1_656' title='bbox 2973 4471 3119 4531; x_wconf 82' lang='lat' dir='ltr'><strong>esset</strong></span> <span class='ocrx_word' id='word_1_657' title='bbox 3158 4460 3320 4515; x_wconf 83' lang='grc' dir='ltr'>παντί</span> <span class='ocrx_word' id='word_1_658' title='bbox 3354 4471 3411 4515; x_wconf 82' lang='grc' dir='ltr'><strong>ιιι</strong></span> <span class='ocrx_word' id='word_1_659' title='bbox 3461 4464 3511 4516; x_wconf 90' lang='lat' dir='ltr'><strong>in</strong></span> <span class='ocrx_word' id='word_1_660' title='bbox 3543 4464 3699 4531; x_wconf 77' lang='lat' dir='ltr'><strong>Apol.</strong></span> 
     </span>
    </p>
   </div>
   <div class='ocr_carea' id='block_1_91' title="bbox 424 4530 3702 4603">
    <p class='ocr_par' dir='ltr' id='par_1_91' title="bbox 424 4530 3702 4603">
     <span class='ocr_line' id='line_1_92' title="bbox 424 4530 3702 4603; baseline 0 -18"><span class='ocrx_word' id='word_1_661' title='bbox 424 4533 572 4603; x_wconf 71' lang='lat' dir='ltr'><strong>pulla</strong></span> <span class='ocrx_word' id='word_1_662' title='bbox 608 4530 852 4603; x_wconf 81' lang='lat' dir='ltr'><strong>supersit</strong></span> <span class='ocrx_word' id='word_1_663' title='bbox 892 4535 1197 4590; x_wconf 80' lang='lat' dir='ltr'><strong>ditlicnltas.</strong></span> <span class='ocrx_word' id='word_1_664' title='bbox 1240 4536 1542 4591; x_wconf 87' lang='lat' dir='ltr'><strong>Conﬁrmat</strong></span> <span class='ocrx_word' id='word_1_665' title='bbox 1602 4539 1745 4593; x_wconf 90' lang='lat' dir='ltr'><strong>hunc</strong></span> <span class='ocrx_word' id='word_1_666' title='bbox 1795 4530 2010 4594; x_wconf 79' lang='lat' dir='ltr'><strong>sensmn</strong></span> <span class='ocrx_word' id='word_1_667' title='bbox 2046 4539 2091 4592; x_wconf 78' lang='grc' dir='ltr'>Ι)</span> <span class='ocrx_word' id='word_1_668' title='bbox 2122 4553 2184 4602; x_wconf 92' lang='lat' dir='ltr'><strong>II,</strong></span> <span class='ocrx_word' id='word_1_669' title='bbox 2215 4551 2272 4589; x_wconf 86' lang='grc' dir='ltr'>ιι.</span> <span class='ocrx_word' id='word_1_670' title='bbox 2309 4536 2395 4595; x_wconf 77' lang='lat' dir='ltr'><strong>ll,</strong></span> <span class='ocrx_word' id='word_1_671' title='bbox 2435 4548 2541 4586; x_wconf 91' lang='lat' dir='ltr'><strong>non</strong></span> <span class='ocrx_word' id='word_1_672' title='bbox 2572 4545 2701 4603; x_wconf 89' lang='lat' dir='ltr'><strong>vero</strong></span> <span class='ocrx_word' id='word_1_673' title='bbox 2730 4530 2954 4603; x_wconf 89' lang='grc' dir='ltr'>παντός.</span> <span class='ocrx_word' id='word_1_674' title='bbox 2988 4530 3135 4603; x_wconf 73' lang='lat' dir='ltr'><strong>Nihil</strong></span> <span class='ocrx_word' id='word_1_675' title='bbox 3180 4533 3343 4585; x_wconf 89' lang='lat' dir='ltr'><strong>etiam</strong></span> <span class='ocrx_word' id='word_1_676' title='bbox 3378 4543 3549 4586; x_wconf 85' lang='lat' dir='ltr'><strong>mutat</strong></span> <span class='ocrx_word' id='word_1_677' title='bbox 3576 4530 3702 4587; x_wconf 84' lang='lat' dir='ltr'><strong>ern-</strong></span> 
     </span>
    </p>
   </div>
   <div class='ocr_carea' id='block_1_92' title="bbox 420 4602 2009 4675">
    <p class='ocr_par' dir='ltr' id='par_1_92' title="bbox 420 4602 2009 4675">
     <span class='ocr_line' id='line_1_93' title="bbox 420 4602 2009 4675; baseline 0.004 -19"><span class='ocrx_word' id='word_1_678' title='bbox 420 4602 709 4667; x_wconf 83' lang='lat' dir='ltr'><strong>Justinus,</strong></span> <span class='ocrx_word' id='word_1_679' title='bbox 758 4608 883 4658; x_wconf 86' lang='lat' dir='ltr'><strong>dum</strong></span> <span class='ocrx_word' id='word_1_680' title='bbox 922 4606 998 4658; x_wconf 82' lang='lat' dir='ltr'><strong>ait</strong></span> <span class='ocrx_word' id='word_1_681' title='bbox 1048 4606 1394 4675; x_wconf 80' lang='lat' dir='ltr'><strong>Evangelium</strong></span> <span class='ocrx_word' id='word_1_682' title='bbox 1447 4607 1609 4662; x_wconf 85' lang='lat' dir='ltr'><strong>latius</strong></span> <span class='ocrx_word' id='word_1_683' title='bbox 1668 4618 2009 4663; x_wconf 90' lang='lat' dir='ltr'><strong>manaturnm</strong></span> 
     </span>
    </p>
   </div>
   <div class='ocr_carea' id='block_1_93' title="bbox 423 4675 1563 4736">
    <p class='ocr_par' dir='ltr' id='par_1_93' title="bbox 423 4675 1563 4736">
     <span class='ocr_line' id='line_1_94' title="bbox 423 4675 1563 4736; baseline 0.005 -11"><span class='ocrx_word' id='word_1_684' title='bbox 423 4675 615 4736; x_wconf 84' lang='lat' dir='ltr'><strong>luisse,</strong></span> <span class='ocrx_word' id='word_1_685' title='bbox 657 4676 759 4728; x_wconf 90' lang='lat' dir='ltr'><strong>nisi</strong></span> <span class='ocrx_word' id='word_1_686' title='bbox 790 4675 921 4728; x_wconf 79' lang='lat' dir='ltr'><strong>falsa</strong></span> <span class='ocrx_word' id='word_1_687' title='bbox 943 4677 1171 4728; x_wconf 83' lang='lat' dir='ltr'><strong>crimina</strong></span> <span class='ocrx_word' id='word_1_688' title='bbox 1197 4677 1563 4732; x_wconf 85' lang='lat' dir='ltr'><strong>obstitissent.</strong></span> 
     </span>
    </p>
   </div>
   <div class='ocr_carea' id='block_1_94' title="bbox 494 4744 2009 4817">
    <p class='ocr_par' dir='ltr' id='par_1_94' title="bbox 494 4744 2009 4817">
     <span class='ocr_line' id='line_1_95' title="bbox 494 4744 2009 4817; baseline 0.006 -21"><span class='ocrx_word' id='word_1_689' title='bbox 494 4744 609 4817; x_wconf 69' lang='lat'><strong>(65)</strong></span> <span class='ocrx_word' id='word_1_690' title='bbox 654 4746 853 4813; x_wconf 76' lang='grc' dir='ltr'>Ἀπερ.</span> <span class='ocrx_word' id='word_1_691' title='bbox 884 4745 1008 4817; x_wconf 10' lang='lat' dir='ltr'><strong>rlloc</strong></span> <span class='ocrx_word' id='word_1_692' title='bbox 1034 4763 1131 4815; x_wconf 90' lang='lat' dir='ltr'><strong>pro</strong></span> <span class='ocrx_word' id='word_1_693' title='bbox 1155 4748 1295 4815; x_wconf 83' lang='lat' dir='ltr'><strong>vnlg.</strong></span> <span class='ocrx_word' id='word_1_694' title='bbox 1336 4747 1473 4817; x_wconf 78' lang='grc' dir='ltr'>ὅπερ</span> <span class='ocrx_word' id='word_1_695' title='bbox 1516 4749 1797 4817; x_wconf 83' lang='lat' dir='ltr'><strong>legendum</strong></span> <span class='ocrx_word' id='word_1_696' title='bbox 1842 4751 2009 4812; x_wconf 86' lang='lat' dir='ltr'><strong>probe</strong></span> 
     </span>
    </p>
   </div>
   <div class='ocr_carea' id='block_1_95' title="bbox 424 4813 2007 4886">
    <p class='ocr_par' dir='ltr' id='par_1_95' title="bbox 424 4813 2007 4886">
     <span class='ocr_line' id='line_1_96' title="bbox 424 4813 2007 4886; baseline 0.005 -21"><span class='ocrx_word' id='word_1_697' title='bbox 424 4813 678 4868; x_wconf 82' lang='lat' dir='ltr'><strong>Davisius</strong></span> <span class='ocrx_word' id='word_1_698' title='bbox 710 4816 937 4879; x_wconf 73' lang='lat' dir='ltr'><strong>notavit,</strong></span> <span class='ocrx_word' id='word_1_699' title='bbox 974 4813 1393 4886; x_wconf 75' lang='lat' dir='ltr'><strong>astipulantibus</strong></span> <span class='ocrx_word' id='word_1_700' title='bbox 1423 4813 1711 4875; x_wconf 51' lang='lat' dir='ltr'><strong>Galla—ndio</strong></span> <span class='ocrx_word' id='word_1_701' title='bbox 1740 4830 1795 4875; x_wconf 91' lang='lat' dir='ltr'><strong>et</strong></span> <span class='ocrx_word' id='word_1_702' title='bbox 1838 4820 2007 4873; x_wconf 83' lang='lat' dir='ltr'><strong>Brun-</strong></span> 
     </span>
    </p>
   </div>
   <div class='ocr_carea' id='block_1_96' title="bbox 421 4886 1160 4955">
    <p class='ocr_par' dir='ltr' id='par_1_96' title="bbox 421 4886 1160 4955">
     <span class='ocr_line' id='line_1_97' title="bbox 421 4886 1160 4955; baseline 0.009 -20"><span class='ocrx_word' id='word_1_703' title='bbox 421 4886 540 4947; x_wconf 87' lang='lat' dir='ltr'><strong>nio;</strong></span> <span class='ocrx_word' id='word_1_704' title='bbox 568 4901 717 4955; x_wconf 68' lang='lat' dir='ltr'><strong>ergo</strong></span> <span class='ocrx_word' id='word_1_705' title='bbox 750 4888 951 4955; x_wconf 87' lang='lat' dir='ltr'><strong>recepi.</strong></span> <span class='ocrx_word' id='word_1_706' title='bbox 981 4892 1160 4942; x_wconf 83' lang='grc' dir='ltr'>υττο.</span> 
     </span>
    </p>
   </div>
   <div class='ocr_carea' id='block_1_97' title="bbox 492 4954 2008 5043">
    <p class='ocr_par' dir='ltr' id='par_1_97' title="bbox 492 4954 2008 5043">
     <span class='ocr_line' id='line_1_98' title="bbox 492 4954 2008 5043; baseline 0.003 -34"><span class='ocrx_word' id='word_1_707' title='bbox 492 4954 606 5043; x_wconf 55' lang='grc' dir='ltr'>(ϐξ)</span> <span class='ocrx_word' id='word_1_708' title='bbox 624 4956 842 5043; x_wconf 46' lang='grc' dir='ltr'>,Ταῦ-τα</span> <span class='ocrx_word' id='word_1_709' title='bbox 875 4954 1135 5043; x_wconf 48' lang='lat' dir='ltr'><strong>suum.</strong></span> <span class='ocrx_word' id='word_1_710' title='bbox 1180 4958 1345 5043; x_wconf 46' lang='lat' dir='ltr'><strong>Legit.</strong></span> <span class='ocrx_word' id='word_1_711' title='bbox 1368 4958 1652 5043; x_wconf 36' lang='lat' dir='ltr'><strong>Pherionins</strong></span> <span class='ocrx_word' id='word_1_712' title='bbox 1686 4960 1843 5015; x_wconf 74' lang='grc' dir='ltr'>τοῦτο</span> <span class='ocrx_word' id='word_1_713' title='bbox 1868 4962 1895 5012; x_wconf 84' lang='grc' dir='ltr'>ὁ</span> <span class='ocrx_word' id='word_1_714' title='bbox 1924 4962 2008 5041; x_wconf 54' lang='grc' dir='ltr'>λός</span> 
     </span>
    </p>
   </div>
   <div class='ocr_carea' id='block_1_98' title="bbox 419 5025 2007 5101">
    <p class='ocr_par' dir='ltr' id='par_1_98' title="bbox 419 5025 2007 5101">
     <span class='ocr_line' id='line_1_99' title="bbox 419 5025 2007 5101; baseline 0.004 -25"><span class='ocrx_word' id='word_1_715' title='bbox 419 5025 707 5101; x_wconf 23' lang='grc' dir='ltr'>γοςᾲθείος</span> <span class='ocrx_word' id='word_1_716' title='bbox 758 5025 1189 5101; x_wconf 27' lang='grc' dir='ltr'>ἂνᾼεὶργάσατο,</span> <span class='ocrx_word' id='word_1_717' title='bbox 1240 5025 1305 5101; x_wconf 70' lang='lat' dir='ltr'><strong>et</strong></span> <span class='ocrx_word' id='word_1_718' title='bbox 1333 5030 1473 5084; x_wconf 77' lang='lat' dir='ltr'><strong>infra</strong></span> <span class='ocrx_word' id='word_1_719' title='bbox 1527 5030 1890 5097; x_wconf 82' lang='grc' dir='ltr'>γινώσκοντας</span> <span class='ocrx_word' id='word_1_720' title='bbox 1931 5030 2007 5101; x_wconf 83' lang='grc' dir='ltr'>τῷ</span> 
     </span>
    </p>
   </div>
   <div class='ocr_carea' id='block_1_99' title="bbox 418 5096 2009 5169">
    <p class='ocr_par' dir='ltr' id='par_1_99' title="bbox 418 5096 2009 5169">
     <span class='ocr_line' id='line_1_100' title="bbox 418 5096 2009 5169; baseline 0.004 -22"><span class='ocrx_word' id='word_1_721' title='bbox 418 5096 793 5165; x_wconf 74' lang='grc' dir='ltr'>ὁμολογοῦντι.</span> <span class='ocrx_word' id='word_1_722' title='bbox 836 5096 940 5152; x_wconf 86' lang='lat' dir='ltr'><strong>Sed</strong></span> <span class='ocrx_word' id='word_1_723' title='bbox 978 5100 1096 5167; x_wconf 81' lang='lat' dir='ltr'><strong>ejus</strong></span> <span class='ocrx_word' id='word_1_724' title='bbox 1118 5100 1446 5163; x_wconf 85' lang='lat' dir='ltr'><strong>emendatio,</strong></span> <span class='ocrx_word' id='word_1_725' title='bbox 1474 5102 1516 5155; x_wconf 88' lang='lat' dir='ltr'><strong>si</strong></span> <span class='ocrx_word' id='word_1_726' title='bbox 1540 5096 1719 5169; x_wconf 83' lang='lat' dir='ltr'><strong>prima</strong></span> <span class='ocrx_word' id='word_1_727' title='bbox 1748 5118 1845 5154; x_wconf 82' lang='lat' dir='ltr'><strong>vox</strong></span> <span class='ocrx_word' id='word_1_728' title='bbox 1867 5096 2009 5155; x_wconf 78' lang='lat' dir='ltr'><strong>exci-</strong></span> 
     </span>
    </p>
   </div>
   <div class='ocr_carea' id='block_1_100' title="bbox 418 5169 2006 5241">
    <p class='ocr_par' dir='ltr' id='par_1_100' title="bbox 418 5169 2006 5241">
     <span class='ocr_line' id='line_1_101' title="bbox 418 5169 2006 5241; baseline 0.004 -24"><span class='ocrx_word' id='word_1_729' title='bbox 418 5169 623 5241; x_wconf 63' lang='lat' dir='ltr'><strong>piatur,</strong></span> <span class='ocrx_word' id='word_1_730' title='bbox 646 5169 767 5241; x_wconf 71' lang='lat' dir='ltr'><strong>aliis</strong></span> <span class='ocrx_word' id='word_1_731' title='bbox 791 5184 896 5241; x_wconf 89' lang='lat' dir='ltr'><strong>non</strong></span> <span class='ocrx_word' id='word_1_732' title='bbox 929 5171 1211 5241; x_wconf 79' lang='lat' dir='ltr'><strong>probatur.</strong></span> <span class='ocrx_word' id='word_1_733' title='bbox 1238 5169 1492 5225; x_wconf 88' lang='lat' dir='ltr'><strong>Libenter</strong></span> <span class='ocrx_word' id='word_1_734' title='bbox 1521 5173 1751 5241; x_wconf 83' lang='lat' dir='ltr'><strong>legerem</strong></span> <span class='ocrx_word' id='word_1_735' title='bbox 1780 5176 1808 5225; x_wconf 88' lang='grc' dir='ltr'>ὁ</span> <span class='ocrx_word' id='word_1_736' title='bbox 1834 5173 2006 5239; x_wconf 85' lang='grc' dir='ltr'>Λόγος</span> 
     </span>
    </p>
   </div>
   <div class='ocr_carea' id='block_1_101' title="bbox 416 5235 2006 5309">
    <p class='ocr_par' dir='ltr' id='par_1_101' title="bbox 416 5235 2006 5309">
     <span class='ocr_line' id='line_1_102' title="bbox 416 5235 2006 5309; baseline 0.004 -21"><span class='ocrx_word' id='word_1_737' title='bbox 416 5235 551 5309; x_wconf 72' lang='grc' dir='ltr'>Θεὸς</span> <span class='ocrx_word' id='word_1_738' title='bbox 574 5238 674 5301; x_wconf 78' lang='grc' dir='ltr'>ὢν,</span> <span class='ocrx_word' id='word_1_739' title='bbox 709 5235 957 5303; x_wconf 75' lang='grc' dir='ltr'>γει-ὺιιηί,</span> <span class='ocrx_word' id='word_1_740' title='bbox 984 5257 1101 5292; x_wconf 84' lang='lat' dir='ltr'><strong>cum</strong></span> <span class='ocrx_word' id='word_1_741' title='bbox 1129 5240 1267 5294; x_wconf 80' lang='lat' dir='ltr'><strong>Deus</strong></span> <span class='ocrx_word' id='word_1_742' title='bbox 1290 5241 1380 5305; x_wconf 76' lang='lat' dir='ltr'><strong>sil,</strong></span> <span class='ocrx_word' id='word_1_743' title='bbox 1403 5243 1513 5295; x_wconf 77' lang='lat' dir='ltr'><strong>lure</strong></span> <span class='ocrx_word' id='word_1_744' title='bbox 1534 5235 1877 5309; x_wconf 59' lang='lat' dir='ltr'><strong>prwstitisset.</strong></span> <span class='ocrx_word' id='word_1_745' title='bbox 1915 5235 2006 5295; x_wconf 79' lang='lat' dir='ltr'><strong>Sic</strong></span> 
     </span>
    </p>
   </div>
   <div class='ocr_carea' id='block_1_102' title="bbox 416 5308 2006 5381">
    <p class='ocr_par' dir='ltr' id='par_1_102' title="bbox 416 5308 2006 5381">
     <span class='ocr_line' id='line_1_103' title="bbox 416 5308 2006 5381; baseline 0.004 -24"><span class='ocrx_word' id='word_1_746' title='bbox 416 5308 584 5361; x_wconf 87' lang='lat' dir='ltr'><strong>etiam</strong></span> <span class='ocrx_word' id='word_1_747' title='bbox 617 5310 745 5381; x_wconf 83' lang='lat' dir='ltr'><strong>legit</strong></span> <span class='ocrx_word' id='word_1_748' title='bbox 777 5309 1083 5364; x_wconf 89' lang='lat' dir='ltr'><strong>Thirlbins.</strong></span> <span class='ocrx_word' id='word_1_749' title='bbox 1114 5311 1266 5376; x_wconf 83' lang='lat' dir='ltr'><strong>Quod</strong></span> <span class='ocrx_word' id='word_1_750' title='bbox 1308 5324 1518 5381; x_wconf 84' lang='lat' dir='ltr'><strong>Spectat</strong></span> <span class='ocrx_word' id='word_1_751' title='bbox 1565 5315 1631 5366; x_wconf 84' lang='lat' dir='ltr'><strong>ad</strong></span> <span class='ocrx_word' id='word_1_752' title='bbox 1682 5316 1808 5367; x_wconf 83' lang='lat' dir='ltr'><strong>illud</strong></span> <span class='ocrx_word' id='word_1_753' title='bbox 1846 5311 2006 5381; x_wconf 84' lang='grc' dir='ltr'>γινώ-</span> 
     </span>
    </p>
   </div>
   <div class='ocr_carea' id='block_1_103' title="bbox 424 5379 2003 5454">
    <p class='ocr_par' dir='ltr' id='par_1_103' title="bbox 424 5379 2003 5454">
     <span class='ocr_line' id='line_1_104' title="bbox 424 5379 2003 5454; baseline 0.006 -26"><span class='ocrx_word' id='word_1_754' title='bbox 424 5393 661 5443; x_wconf 82' lang='grc' dir='ltr'>σκοντες,</span> <span class='ocrx_word' id='word_1_755' title='bbox 692 5380 891 5434; x_wconf 84' lang='lat' dir='ltr'><strong>similia</strong></span> <span class='ocrx_word' id='word_1_756' title='bbox 926 5381 1133 5450; x_wconf 79' lang='lat' dir='ltr'><strong>passim</strong></span> <span class='ocrx_word' id='word_1_757' title='bbox 1163 5381 1303 5451; x_wconf 87' lang='lat' dir='ltr'><strong>apud</strong></span> <span class='ocrx_word' id='word_1_758' title='bbox 1333 5379 1608 5437; x_wconf 75' lang='lat' dir='ltr'><strong>Justinnm</strong></span> <span class='ocrx_word' id='word_1_759' title='bbox 1637 5379 1880 5454; x_wconf 71' lang='lat' dir='ltr'><strong>exempla</strong></span> <span class='ocrx_word' id='word_1_760' title='bbox 1912 5400 2003 5437; x_wconf 82' lang='lat' dir='ltr'><strong>oc-</strong></span> 
     </span>
    </p>
   </div>
   <div class='ocr_carea' id='block_1_104' title="bbox 418 5464 661 5504">
    <p class='ocr_par' dir='ltr' id='par_1_104' title="bbox 418 5464 661 5504">
     <span class='ocr_line' id='line_1_105' title="bbox 418 5464 661 5504; baseline 0.012 -5"><span class='ocrx_word' id='word_1_761' title='bbox 418 5464 661 5504; x_wconf 74' lang='lat' dir='ltr'><strong>CUITUIII.</strong></span> 
     </span>
    </p>
   </div>
   <div class='ocr_carea' id='block_1_105' title="bbox 467 5518 2000 5601">
    <p class='ocr_par' dir='ltr' id='par_1_105' title="bbox 467 5518 2000 5601">
     <span class='ocr_line' id='line_1_106' title="bbox 467 5518 2000 5601; baseline 0.004 -30"><span class='ocrx_word' id='word_1_762' title='bbox 467 5518 596 5601; x_wconf 42' lang='grc'>,(67)</span> <span class='ocrx_word' id='word_1_763' title='bbox 620 5521 726 5575; x_wconf 79' lang='grc' dir='ltr'><strong>Τοῦ</strong></span> <span class='ocrx_word' id='word_1_764' title='bbox 745 5521 843 5601; x_wconf 63' lang='grc' dir='ltr'>καὶ</span> <span class='ocrx_word' id='word_1_765' title='bbox 868 5519 1209 5601; x_wconf 41' lang='grc' dir='ltr'><strong>ττάντωςλιιδ</strong></span> <span class='ocrx_word' id='word_1_766' title='bbox 1227 5522 1412 5601; x_wconf 78' lang='lat' dir='ltr'><strong>Steph.</strong></span> <span class='ocrx_word' id='word_1_767' title='bbox 1432 5525 1713 5601; x_wconf 80' lang='lat' dir='ltr'><strong>legendum</strong></span> <span class='ocrx_word' id='word_1_768' title='bbox 1739 5531 1889 5601; x_wconf 80' lang='lat' dir='ltr'><strong>putat</strong></span> <span class='ocrx_word' id='word_1_769' title='bbox 1910 5524 2000 5601; x_wconf 76' lang='grc' dir='ltr'>τοῦ</span> 
     </span>
    </p>
   </div>
   <div class='ocr_carea' id='block_1_106' title="bbox 418 5590 2003 5656">
    <p class='ocr_par' dir='ltr' id='par_1_106' title="bbox 418 5590 2003 5656">
     <span class='ocr_line' id='line_1_107' title="bbox 418 5590 2003 5656; baseline 0.003 -13"><span class='ocrx_word' id='word_1_770' title='bbox 418 5590 662 5656; x_wconf 71' lang='grc' dir='ltr'>σώματος</span> <span class='ocrx_word' id='word_1_771' title='bbox 694 5593 787 5645; x_wconf 71' lang='grc' dir='ltr'>καὶ</span> <span class='ocrx_word' id='word_1_772' title='bbox 816 5592 1070 5653; x_wconf 83' lang='grc' dir='ltr'>πάντως.</span> <span class='ocrx_word' id='word_1_773' title='bbox 1100 5590 1201 5645; x_wconf 89' lang='lat' dir='ltr'><strong>Sed</strong></span> <span class='ocrx_word' id='word_1_774' title='bbox 1251 5590 1361 5647; x_wconf 69' lang='lat' dir='ltr'><strong>iure</strong></span> <span class='ocrx_word' id='word_1_775' title='bbox 1415 5590 1644 5649; x_wconf 61' lang='lat' dir='ltr'><strong>abSnrda</strong></span> <span class='ocrx_word' id='word_1_776' title='bbox 1694 5590 2003 5655; x_wconf 78' lang='lat' dir='ltr'><strong>emendatio</strong></span> 
     </span>
    </p>
   </div>
   <div class='ocr_carea' id='block_1_107' title="bbox 416 5660 2000 5733">
    <p class='ocr_par' dir='ltr' id='par_1_107' title="bbox 416 5660 2000 5733">
     <span class='ocr_line' id='line_1_108' title="bbox 416 5660 2000 5733; baseline 0.004 -20"><span class='ocrx_word' id='word_1_777' title='bbox 416 5660 515 5733; x_wconf 75' lang='lat' dir='ltr'><strong>loci</strong></span> <span class='ocrx_word' id='word_1_778' title='bbox 553 5663 739 5733; x_wconf 77' lang='lat' dir='ltr'><strong>integri</strong></span> <span class='ocrx_word' id='word_1_779' title='bbox 794 5674 854 5715; x_wconf 88' lang='lat' dir='ltr'><strong>et</strong></span> <span class='ocrx_word' id='word_1_780' title='bbox 905 5662 1053 5713; x_wconf 77' lang='lat' dir='ltr'><strong>sani.</strong></span> <span class='ocrx_word' id='word_1_781' title='bbox 1089 5660 1229 5715; x_wconf 73' lang='lat' dir='ltr'><strong>Infra</strong></span> <span class='ocrx_word' id='word_1_782' title='bbox 1262 5665 1445 5719; x_wconf 84' lang='lat' dir='ltr'><strong>eadem</strong></span> <span class='ocrx_word' id='word_1_783' title='bbox 1480 5668 1721 5720; x_wconf 86' lang='lat' dir='ltr'><strong>occurrit</strong></span> <span class='ocrx_word' id='word_1_784' title='bbox 1751 5667 2000 5733; x_wconf 88' lang='lat' dir='ltr'><strong>loquendi</strong></span> 
     </span>
    </p>
   </div>
   <div class='ocr_carea' id='block_1_108' title="bbox 418 5731 2002 5804">
    <p class='ocr_par' dir='ltr' id='par_1_108' title="bbox 418 5731 2002 5804">
     <span class='ocr_line' id='line_1_109' title="bbox 418 5731 2002 5804; baseline 0.004 -24"><span class='ocrx_word' id='word_1_785' title='bbox 418 5731 553 5784; x_wconf 73' lang='lat' dir='ltr'><strong>ratio</strong></span> <span class='ocrx_word' id='word_1_786' title='bbox 578 5751 628 5785; x_wconf 89' lang='grc' dir='ltr'>ιι.</span> <span class='ocrx_word' id='word_1_787' title='bbox 774 5733 1034 5804; x_wconf 76' lang='lat' dir='ltr'><strong>Grahius</strong></span> <span class='ocrx_word' id='word_1_788' title='bbox 1061 5742 1208 5804; x_wconf 82' lang='lat' dir='ltr'><strong>putat</strong></span> <span class='ocrx_word' id='word_1_789' title='bbox 1235 5735 1497 5788; x_wconf 85' lang='lat' dir='ltr'><strong>excidisse</strong></span> <span class='ocrx_word' id='word_1_790' title='bbox 1529 5752 1593 5789; x_wconf 78' lang='lat' dir='ltr'><strong>ex</strong></span> <span class='ocrx_word' id='word_1_791' title='bbox 1626 5731 1855 5804; x_wconf 82' lang='lat' dir='ltr'><strong>utroque</strong></span> <span class='ocrx_word' id='word_1_792' title='bbox 1885 5736 2002 5789; x_wconf 90' lang='lat' dir='ltr'><strong>loco</strong></span> 
     </span>
    </p>
   </div>
   <div class='ocr_carea' id='block_1_109' title="bbox 416 5801 1998 5885">
    <p class='ocr_par' dir='ltr' id='par_1_109' title="bbox 416 5801 1998 5885">
     <span class='ocr_line' id='line_1_110' title="bbox 416 5801 1998 5885; baseline 0.003 -29"><span class='ocrx_word' id='word_1_793' title='bbox 416 5816 591 5859; x_wconf 70' lang='lat' dir='ltr'><strong>mecm</strong></span> <span class='ocrx_word' id='word_1_794' title='bbox 642 5806 846 5867; x_wconf 76' lang='grc' dir='ltr'>παντός</span> <span class='ocrx_word' id='word_1_795' title='bbox 908 5801 989 5857; x_wconf 86' lang='lat' dir='ltr'><strong>ob</strong></span> <span class='ocrx_word' id='word_1_796' title='bbox 1034 5801 1326 5870; x_wconf 74' lang='lat' dir='ltr'><strong>proximum</strong></span> <span class='ocrx_word' id='word_1_797' title='bbox 1380 5805 1506 5885; x_wconf 76' lang='lat' dir='ltr'><strong>illud</strong></span> <span class='ocrx_word' id='word_1_798' title='bbox 1562 5801 1793 5870; x_wconf 69' lang='grc' dir='ltr'>πάντως.</span> <span class='ocrx_word' id='word_1_799' title='bbox 1821 5806 1926 5862; x_wconf 82' lang='lat' dir='ltr'><strong>Sed</strong></span> <span class='ocrx_word' id='word_1_800' title='bbox 1954 5807 1998 5861; x_wconf 92' lang='lat' dir='ltr'><strong>si</strong></span> 
     </span>
    </p>
   </div>
   <div class='ocr_carea' id='block_1_110' title="bbox 2118 4598 3702 4669">
    <p class='ocr_par' dir='ltr' id='par_1_110' title="bbox 2118 4598 3702 4669">
     <span class='ocr_line' id='line_1_111' title="bbox 2118 4598 3702 4669; baseline -0.004 -6"><span class='ocrx_word' id='word_1_801' title='bbox 2118 4598 2261 4663; x_wconf 77' lang='lat' dir='ltr'><strong>ditus</strong></span> <span class='ocrx_word' id='word_1_802' title='bbox 2287 4606 2464 4659; x_wconf 87' lang='lat' dir='ltr'><strong>editor</strong></span> <span class='ocrx_word' id='word_1_803' title='bbox 2504 4602 2887 4663; x_wconf 83' lang='lat' dir='ltr'><strong>Londinensis,</strong></span> <span class='ocrx_word' id='word_1_804' title='bbox 2934 4603 3026 4669; x_wconf 91' lang='lat' dir='ltr'><strong>qui</strong></span> <span class='ocrx_word' id='word_1_805' title='bbox 3070 4598 3268 4655; x_wconf 83' lang='lat' dir='ltr'><strong>Justini</strong></span> <span class='ocrx_word' id='word_1_806' title='bbox 3326 4603 3596 4669; x_wconf 77' lang='lat' dir='ltr'><strong>vulgatam</strong></span> <span class='ocrx_word' id='word_1_807' title='bbox 3631 4604 3702 4657; x_wconf 86' lang='lat' dir='ltr'><strong>le-</strong></span> 
     </span>
    </p>
   </div>
   <div class='ocr_carea' id='block_1_111' title="bbox 2112 4672 3698 4744">
    <p class='ocr_par' dir='ltr' id='par_1_111' title="bbox 2112 4672 3698 4744">
     <span class='ocr_line' id='line_1_112' title="bbox 2112 4672 3698 4744; baseline -0.003 -12"><span class='ocrx_word' id='word_1_808' title='bbox 2112 4678 2347 4732; x_wconf 88' lang='lat' dir='ltr'><strong>ctionem</strong></span> <span class='ocrx_word' id='word_1_809' title='bbox 2382 4675 2562 4744; x_wconf 83' lang='lat' dir='ltr'><strong>ﬁrmat</strong></span> <span class='ocrx_word' id='word_1_810' title='bbox 2609 4672 2710 4725; x_wconf 89' lang='lat' dir='ltr'><strong>hoc</strong></span> <span class='ocrx_word' id='word_1_811' title='bbox 2741 4686 2898 4725; x_wconf 85' lang='lat' dir='ltr'><strong>versu</strong></span> <span class='ocrx_word' id='word_1_812' title='bbox 2939 4672 3235 4741; x_wconf 79' lang='lat' dir='ltr'><strong>Euripidis,</strong></span> <span class='ocrx_word' id='word_1_813' title='bbox 3274 4672 3485 4744; x_wconf 80' lang='grc' dir='ltr'>βροτοῖς</span> <span class='ocrx_word' id='word_1_814' title='bbox 3526 4674 3698 4728; x_wconf 72' lang='grc' dir='ltr'>ἅπασι</span> 
     </span>
    </p>
   </div>
   <div class='ocr_carea' id='block_1_112' title="bbox 2114 4742 2716 4811">
    <p class='ocr_par' dir='ltr' id='par_1_112' title="bbox 2114 4742 2716 4811">
     <span class='ocr_line' id='line_1_113' title="bbox 2114 4742 2716 4811; baseline -0.013 -9"><span class='ocrx_word' id='word_1_815' title='bbox 2114 4746 2397 4803; x_wconf 89' lang='grc' dir='ltr'>κατθανεῖν</span> <span class='ocrx_word' id='word_1_816' title='bbox 2425 4742 2716 4811; x_wconf 78' lang='grc' dir='ltr'>ὀφείλεται.</span> 
     </span>
    </p>
   </div>
   <div class='ocr_carea' id='block_1_113' title="bbox 2184 4811 3697 4889">
    <p class='ocr_par' dir='ltr' id='par_1_113' title="bbox 2184 4811 3697 4889">
     <span class='ocr_line' id='line_1_114' title="bbox 2184 4811 3697 4889; baseline 0.001 -20"><span class='ocrx_word' id='word_1_817' title='bbox 2184 4819 2293 4889; x_wconf 74' lang='grc'>(68)</span> <span class='ocrx_word' id='word_1_818' title='bbox 2328 4816 2658 4889; x_wconf 19' lang='grc' dir='ltr'>γΚείιμένοιξς</span> <span class='ocrx_word' id='word_1_819' title='bbox 2696 4813 2941 4889; x_wconf 57' lang='grc' dir='ltr'>νόμους.</span> <span class='ocrx_word' id='word_1_820' title='bbox 2984 4811 3132 4889; x_wconf 80' lang='lat' dir='ltr'><strong>Satis</strong></span> <span class='ocrx_word' id='word_1_821' title='bbox 3177 4814 3437 4884; x_wconf 71' lang='lat' dir='ltr'><strong>prteclare</strong></span> <span class='ocrx_word' id='word_1_822' title='bbox 3484 4814 3697 4889; x_wconf 81' lang='lat' dir='ltr'><strong>Tertul-</strong></span> 
     </span>
    </p>
   </div>
   <div class='ocr_carea' id='block_1_114' title="bbox 2113 4884 3694 4954">
    <p class='ocr_par' dir='ltr' id='par_1_114' title="bbox 2113 4884 3694 4954">
     <span class='ocr_line' id='line_1_115' title="bbox 2113 4884 3694 4954; baseline 0.001 -14"><span class='ocrx_word' id='word_1_823' title='bbox 2113 4884 2287 4942; x_wconf 86' lang='lat' dir='ltr'><strong>lianus</strong></span> <span class='ocrx_word' id='word_1_824' title='bbox 2309 4888 2371 4939; x_wconf 87' lang='lat' dir='ltr'><strong>S.</strong></span> <span class='ocrx_word' id='word_1_825' title='bbox 2402 4886 2655 4953; x_wconf 85' lang='lat' dir='ltr'><strong>Martyris</strong></span> <span class='ocrx_word' id='word_1_826' title='bbox 2682 4884 2944 4952; x_wconf 82' lang='lat' dir='ltr'><strong>vestigiis,</strong></span> <span class='ocrx_word' id='word_1_827' title='bbox 2974 4901 2992 4933; x_wconf 76' lang='grc' dir='ltr'><strong>ι</strong></span> <span class='ocrx_word' id='word_1_828' title='bbox 3023 4884 3127 4937; x_wconf 85' lang='lat' dir='ltr'><strong>Sed</strong></span> <span class='ocrx_word' id='word_1_829' title='bbox 3148 4894 3346 4954; x_wconf 88' lang='lat' dir='ltr'><strong>quanta</strong></span> <span class='ocrx_word' id='word_1_830' title='bbox 3375 4888 3694 4951; x_wconf 87' lang='lat' dir='ltr'><strong>auctoritas,</strong></span> 
     </span>
    </p>
   </div>
   <div class='ocr_carea' id='block_1_115' title="bbox 2113 4955 3698 5028">
    <p class='ocr_par' dir='ltr' id='par_1_115' title="bbox 2113 4955 3698 5028">
     <span class='ocr_line' id='line_1_116' title="bbox 2113 4955 3698 5028; baseline -0.004 -15"><span class='ocrx_word' id='word_1_831' title='bbox 2113 4958 2307 5028; x_wconf 87' lang='lat' dir='ltr'><strong>inquit,</strong></span> <span class='ocrx_word' id='word_1_832' title='bbox 2342 4956 2515 5028; x_wconf 82' lang='lat' dir='ltr'><strong>legum</strong></span> <span class='ocrx_word' id='word_1_833' title='bbox 2544 4958 3070 5028; x_wconf 76' lang='lat' dir='ltr'><strong>humanarum,cum</strong></span> <span class='ocrx_word' id='word_1_834' title='bbox 3102 4955 3219 5028; x_wconf 85' lang='lat' dir='ltr'><strong>illas</strong></span> <span class='ocrx_word' id='word_1_835' title='bbox 3250 4969 3304 5028; x_wconf 87' lang='lat' dir='ltr'><strong>et</strong></span> <span class='ocrx_word' id='word_1_836' title='bbox 3331 4958 3565 5028; x_wconf 81' lang='lat' dir='ltr'><strong>evadere</strong></span> <span class='ocrx_word' id='word_1_837' title='bbox 3601 4958 3698 5010; x_wconf 85' lang='lat' dir='ltr'><strong>ho-</strong></span> 
     </span>
    </p>
   </div>
   <div class='ocr_carea' id='block_1_116' title="bbox 2111 5024 3696 5092">
    <p class='ocr_par' dir='ltr' id='par_1_116' title="bbox 2111 5024 3696 5092">
     <span class='ocr_line' id='line_1_117' title="bbox 2111 5024 3696 5092; baseline 0 -11"><span class='ocrx_word' id='word_1_838' title='bbox 2111 5024 2241 5081; x_wconf 80' lang='lat' dir='ltr'><strong>mini</strong></span> <span class='ocrx_word' id='word_1_839' title='bbox 2274 5027 2547 5091; x_wconf 83' lang='lat' dir='ltr'><strong>contingat</strong></span> <span class='ocrx_word' id='word_1_840' title='bbox 2578 5024 2892 5091; x_wconf 89' lang='lat' dir='ltr'><strong>plerumque</strong></span> <span class='ocrx_word' id='word_1_841' title='bbox 2925 5026 2975 5076; x_wconf 91' lang='lat' dir='ltr'><strong>in</strong></span> <span class='ocrx_word' id='word_1_842' title='bbox 3000 5024 3248 5078; x_wconf 86' lang='lat' dir='ltr'><strong>admissis</strong></span> <span class='ocrx_word' id='word_1_843' title='bbox 3267 5025 3622 5092; x_wconf 68' lang='lat' dir='ltr'><strong>deliteswnti,</strong></span> <span class='ocrx_word' id='word_1_844' title='bbox 3643 5040 3696 5081; x_wconf 83' lang='lat' dir='ltr'><strong>ct</strong></span> 
     </span>
    </p>
   </div>
   <div class='ocr_carea' id='block_1_117' title="bbox 2112 5094 3697 5167">
    <p class='ocr_par' dir='ltr' id='par_1_117' title="bbox 2112 5094 3697 5167">
     <span class='ocr_line' id='line_1_118' title="bbox 2112 5094 3697 5167; baseline 0.001 -16"><span class='ocrx_word' id='word_1_845' title='bbox 2112 5098 2399 5167; x_wconf 81' lang='lat' dir='ltr'><strong>aliquando</strong></span> <span class='ocrx_word' id='word_1_846' title='bbox 2414 5106 2765 5167; x_wconf 85' lang='lat' dir='ltr'><strong>contemnere</strong></span> <span class='ocrx_word' id='word_1_847' title='bbox 2788 5109 2855 5147; x_wconf 83' lang='lat' dir='ltr'><strong>ex</strong></span> <span class='ocrx_word' id='word_1_848' title='bbox 2888 5094 3337 5167; x_wconf 26' lang='lat' dir='ltr'><strong>involuntateve‘l</strong></span> <span class='ocrx_word' id='word_1_849' title='bbox 3370 5098 3697 5152; x_wconf 85' lang='lat' dir='ltr'><strong>necessitate</strong></span> 
     </span>
    </p>
   </div>
   <div class='ocr_carea' id='block_1_118' title="bbox 2110 5164 3692 5230">
    <p class='ocr_par' dir='ltr' id='par_1_118' title="bbox 2110 5164 3692 5230">
     <span class='ocr_line' id='line_1_119' title="bbox 2110 5164 3692 5230; baseline -0.002 -7"><span class='ocrx_word' id='word_1_850' title='bbox 2110 5164 2539 5230; x_wconf 83' lang='lat' dir='ltr'><strong>delinquenti....</strong></span> <span class='ocrx_word' id='word_1_851' title='bbox 2571 5166 2849 5219; x_wconf 90' lang='lat' dir='ltr'><strong>enimvero</strong></span> <span class='ocrx_word' id='word_1_852' title='bbox 2882 5180 3001 5226; x_wconf 84' lang='lat' dir='ltr'><strong>nos,</strong></span> <span class='ocrx_word' id='word_1_853' title='bbox 3031 5167 3121 5230; x_wconf 89' lang='lat' dir='ltr'><strong>qui</strong></span> <span class='ocrx_word' id='word_1_854' title='bbox 3172 5166 3273 5218; x_wconf 88' lang='lat' dir='ltr'><strong>sub</strong></span> <span class='ocrx_word' id='word_1_855' title='bbox 3308 5164 3416 5217; x_wconf 88' lang='lat' dir='ltr'><strong>Deo</strong></span> <span class='ocrx_word' id='word_1_856' title='bbox 3452 5168 3692 5220; x_wconf 89' lang='lat' dir='ltr'><strong>onmium</strong></span> 
     </span>
    </p>
   </div>
   <div class='ocr_carea' id='block_1_119' title="bbox 2110 5234 3692 5308">
    <p class='ocr_par' dir='ltr' id='par_1_119' title="bbox 2110 5234 3692 5308">
     <span class='ocr_line' id='line_1_120' title="bbox 2110 5234 3692 5308; baseline -0.001 -15"><span class='ocrx_word' id='word_1_857' title='bbox 2110 5234 2451 5308; x_wconf 82' lang='lat' dir='ltr'><strong>speculatore</strong></span> <span class='ocrx_word' id='word_1_858' title='bbox 2489 5234 2895 5308; x_wconf 76' lang='lat' dir='ltr'><strong>dispungimur,</strong></span> <span class='ocrx_word' id='word_1_859' title='bbox 2947 5235 3146 5308; x_wconf 30' lang='lat' dir='ltr'><strong>qui-que</strong></span> <span class='ocrx_word' id='word_1_860' title='bbox 3207 5245 3468 5308; x_wconf 64' lang='lat' dir='ltr'><strong>internum</strong></span> <span class='ocrx_word' id='word_1_861' title='bbox 3511 5236 3577 5288; x_wconf 91' lang='lat' dir='ltr'><strong>ab</strong></span> <span class='ocrx_word' id='word_1_862' title='bbox 3627 5255 3692 5291; x_wconf 88' lang='lat' dir='ltr'><strong>eo</strong></span> 
     </span>
    </p>
   </div>
   <div class='ocr_carea' id='block_1_120' title="bbox 2109 5304 3688 5379">
    <p class='ocr_par' dir='ltr' id='par_1_120' title="bbox 2109 5304 3688 5379">
     <span class='ocr_line' id='line_1_121' title="bbox 2109 5304 3688 5379; baseline -0.002 -17"><span class='ocrx_word' id='word_1_863' title='bbox 2109 5304 2322 5379; x_wconf 57' lang='lat' dir='ltr'><strong>plenam</strong></span> <span class='ocrx_word' id='word_1_864' title='bbox 2350 5306 2711 5379; x_wconf 78' lang='lat' dir='ltr'><strong>providemus,</strong></span> <span class='ocrx_word' id='word_1_865' title='bbox 2746 5306 2937 5379; x_wconf 80' lang='lat' dir='ltr'><strong>merito</strong></span> <span class='ocrx_word' id='word_1_866' title='bbox 2967 5304 3065 5379; x_wconf 82' lang='lat' dir='ltr'><strong>solt</strong></span> <span class='ocrx_word' id='word_1_867' title='bbox 3100 5305 3420 5379; x_wconf 61' lang='lat' dir='ltr'><strong>innocentia:</strong></span> <span class='ocrx_word' id='word_1_868' title='bbox 3442 5310 3688 5360; x_wconf 73' lang='lat' dir='ltr'><strong>occurri—</strong></span> 
     </span>
    </p>
   </div>
   <div class='ocr_carea' id='block_1_121' title="bbox 2109 5375 3687 5445">
    <p class='ocr_par' dir='ltr' id='par_1_121' title="bbox 2109 5375 3687 5445">
     <span class='ocr_line' id='line_1_122' title="bbox 2109 5375 3687 5445; baseline -0.001 -13"><span class='ocrx_word' id='word_1_869' title='bbox 2109 5375 2252 5439; x_wconf 86' lang='lat' dir='ltr'><strong>inus,</strong></span> <span class='ocrx_word' id='word_1_870' title='bbox 2280 5388 2337 5431; x_wconf 89' lang='lat' dir='ltr'><strong>et</strong></span> <span class='ocrx_word' id='word_1_871' title='bbox 2361 5393 2457 5445; x_wconf 89' lang='lat' dir='ltr'><strong>pro</strong></span> <span class='ocrx_word' id='word_1_872' title='bbox 2487 5375 2726 5429; x_wconf 72' lang='lat' dir='ltr'><strong>scientiae</strong></span> <span class='ocrx_word' id='word_1_873' title='bbox 2772 5375 3109 5441; x_wconf 89' lang='lat' dir='ltr'><strong>plenitudine</strong></span> <span class='ocrx_word' id='word_1_874' title='bbox 3141 5386 3196 5429; x_wconf 92' lang='lat' dir='ltr'><strong>et</strong></span> <span class='ocrx_word' id='word_1_875' title='bbox 3227 5390 3323 5440; x_wconf 87' lang='lat' dir='ltr'><strong>pro</strong></span> <span class='ocrx_word' id='word_1_876' title='bbox 3354 5378 3687 5431; x_wconf 86' lang='lat' dir='ltr'><strong>latebrarum</strong></span> 
     </span>
    </p>
   </div>
   <div class='ocr_carea' id='block_1_122' title="bbox 2108 5445 3690 5514">
    <p class='ocr_par' dir='ltr' id='par_1_122' title="bbox 2108 5445 3690 5514">
     <span class='ocr_line' id='line_1_123' title="bbox 2108 5445 3690 5514; baseline -0.003 -9"><span class='ocrx_word' id='word_1_877' title='bbox 2108 5448 2424 5505; x_wconf 85' lang='lat' dir='ltr'><strong>dillicultate</strong></span> <span class='ocrx_word' id='word_1_878' title='bbox 2455 5457 2509 5499; x_wconf 90' lang='lat' dir='ltr'><strong>et</strong></span> <span class='ocrx_word' id='word_1_879' title='bbox 2542 5461 2639 5513; x_wconf 90' lang='lat' dir='ltr'><strong>pro</strong></span> <span class='ocrx_word' id='word_1_880' title='bbox 2690 5445 3064 5514; x_wconf 79' lang='lat' dir='ltr'><strong>magnitudine</strong></span> <span class='ocrx_word' id='word_1_881' title='bbox 3101 5448 3399 5508; x_wconf 87' lang='lat' dir='ltr'><strong>cruciatus,</strong></span> <span class='ocrx_word' id='word_1_882' title='bbox 3437 5463 3545 5500; x_wconf 90' lang='lat' dir='ltr'><strong>non</strong></span> <span class='ocrx_word' id='word_1_883' title='bbox 3572 5448 3690 5501; x_wconf 91' lang='lat' dir='ltr'><strong>diu-</strong></span> 
     </span>
    </p>
   </div>
   <div class='ocr_carea' id='block_1_123' title="bbox 2111 5515 3687 5584">
    <p class='ocr_par' dir='ltr' id='par_1_123' title="bbox 2111 5515 3687 5584">
     <span class='ocr_line' id='line_1_124' title="bbox 2111 5515 3687 5584; baseline -0.002 -11"><span class='ocrx_word' id='word_1_884' title='bbox 2111 5522 2277 5580; x_wconf 86' lang='lat' dir='ltr'><strong>turni,</strong></span> <span class='ocrx_word' id='word_1_885' title='bbox 2308 5533 2494 5572; x_wconf 89' lang='lat' dir='ltr'><strong>verum</strong></span> <span class='ocrx_word' id='word_1_886' title='bbox 2524 5515 2862 5583; x_wconf 86' lang='lat' dir='ltr'><strong>sempiterni,</strong></span> <span class='ocrx_word' id='word_1_887' title='bbox 2886 5528 3008 5565; x_wconf 91' lang='lat' dir='ltr'><strong>eum</strong></span> <span class='ocrx_word' id='word_1_888' title='bbox 3037 5516 3291 5569; x_wconf 89' lang='lat' dir='ltr'><strong>timentes</strong></span> <span class='ocrx_word' id='word_1_889' title='bbox 3313 5531 3472 5584; x_wconf 85' lang='lat' dir='ltr'><strong>quem</strong></span> <span class='ocrx_word' id='word_1_890' title='bbox 3496 5519 3687 5571; x_wconf 87' lang='lat' dir='ltr'><strong>timere</strong></span> 
     </span>
    </p>
   </div>
   <div class='ocr_carea' id='block_1_124' title="bbox 2108 5586 3684 5657">
    <p class='ocr_par' dir='ltr' id='par_1_124' title="bbox 2108 5586 3684 5657">
     <span class='ocr_line' id='line_1_125' title="bbox 2108 5586 3684 5657; baseline -0.001 -14"><span class='ocrx_word' id='word_1_891' title='bbox 2108 5591 2329 5645; x_wconf 84' lang='lat' dir='ltr'><strong>debebit</strong></span> <span class='ocrx_word' id='word_1_892' title='bbox 2370 5600 2424 5641; x_wconf 86' lang='lat' dir='ltr'><strong>et</strong></span> <span class='ocrx_word' id='word_1_893' title='bbox 2476 5590 2591 5657; x_wconf 86' lang='lat' dir='ltr'><strong>ipse</strong></span> <span class='ocrx_word' id='word_1_894' title='bbox 2643 5587 2732 5652; x_wconf 81' lang='lat' dir='ltr'><strong>qui</strong></span> <span class='ocrx_word' id='word_1_895' title='bbox 2790 5586 3043 5657; x_wconf 72' lang='lat' dir='ltr'><strong>timentes</strong></span> <span class='ocrx_word' id='word_1_896' title='bbox 3082 5587 3327 5654; x_wconf 74' lang='lat' dir='ltr'><strong>jttdicut,</strong></span> <span class='ocrx_word' id='word_1_897' title='bbox 3370 5587 3538 5641; x_wconf 86' lang='lat' dir='ltr'><strong>Deum</strong></span> <span class='ocrx_word' id='word_1_898' title='bbox 3580 5606 3684 5642; x_wconf 89' lang='lat' dir='ltr'><strong>non</strong></span> 
     </span>
    </p>
   </div>
   <div class='ocr_carea' id='block_1_125' title="bbox 2108 5654 3685 5728">
    <p class='ocr_par' dir='ltr' id='par_1_125' title="bbox 2108 5654 3685 5728">
     <span class='ocr_line' id='line_1_126' title="bbox 2108 5654 3685 5728; baseline -0.003 -14"><span class='ocrx_word' id='word_1_899' title='bbox 2108 5654 2798 5728; x_wconf 26' lang='lat' dir='ltr'><strong>proconsulemVtimentes.</strong></span> <span class='ocrx_word' id='word_1_900' title='bbox 2831 5673 2850 5703; x_wconf 74' lang='grc' dir='ltr'><strong>ι</strong></span> <span class='ocrx_word' id='word_1_901' title='bbox 2886 5654 3041 5721; x_wconf 71' lang='lat' dir='ltr'><strong>Apol.</strong></span> <span class='ocrx_word' id='word_1_902' title='bbox 3078 5672 3126 5709; x_wconf 92' lang='lat' dir='ltr'><strong>c.</strong></span> <span class='ocrx_word' id='word_1_903' title='bbox 3170 5657 3259 5711; x_wconf 67' lang='grc'><strong>45.</strong></span> <span class='ocrx_word' id='word_1_904' title='bbox 3311 5656 3520 5712; x_wconf 86' lang='lat' dir='ltr'><strong>Similia</strong></span> <span class='ocrx_word' id='word_1_905' title='bbox 3547 5661 3685 5728; x_wconf 87' lang='lat' dir='ltr'><strong>apud</strong></span> 
     </span>
    </p>
   </div>
   <div class='ocr_carea' id='block_1_126' title="bbox 2106 5726 3688 5801">
    <p class='ocr_par' dir='ltr' id='par_1_126' title="bbox 2106 5726 3688 5801">
     <span class='ocr_line' id='line_1_127' title="bbox 2106 5726 3688 5801; baseline -0.001 -17"><span class='ocrx_word' id='word_1_906' title='bbox 2106 5726 2391 5801; x_wconf 82' lang='lat' dir='ltr'><strong>Origenem</strong></span> <span class='ocrx_word' id='word_1_907' title='bbox 2422 5732 2693 5801; x_wconf 77' lang='lat' dir='ltr'><strong>leguntur,</strong></span> <span class='ocrx_word' id='word_1_908' title='bbox 2858 5741 2908 5780; x_wconf 77' lang='grc' dir='ltr'><strong>ιν</strong></span> <span class='ocrx_word' id='word_1_909' title='bbox 2950 5737 3133 5801; x_wconf 61' lang='lat' dir='ltr'><strong>contra</strong></span> <span class='ocrx_word' id='word_1_910' title='bbox 3175 5728 3341 5792; x_wconf 56' lang='lat' dir='ltr'><strong>Cels,</strong></span> <span class='ocrx_word' id='word_1_911' title='bbox 3375 5745 3427 5798; x_wconf 90' lang='lat' dir='ltr'><strong>p.</strong></span> <span class='ocrx_word' id='word_1_912' title='bbox 3460 5726 3592 5794; x_wconf 68' lang='lat'><strong>200,</strong></span> <span class='ocrx_word' id='word_1_913' title='bbox 3632 5743 3688 5783; x_wconf 81' lang='lat' dir='ltr'><strong>et</strong></span> 
     </span>
    </p>
   </div>
   <div class='ocr_carea' id='block_1_127' title="bbox 2108 5795 3117 5872">
    <p class='ocr_par' dir='ltr' id='par_1_127' title="bbox 2108 5795 3117 5872">
     <span class='ocr_line' id='line_1_128' title="bbox 2108 5795 3117 5872; baseline 0 -19"><span class='ocrx_word' id='word_1_914' title='bbox 2108 5795 2246 5872; x_wconf 64' lang='lat' dir='ltr'><strong>apud</strong></span> <span class='ocrx_word' id='word_1_915' title='bbox 2279 5795 2687 5865; x_wconf 47' lang='lat' dir='ltr'><strong>Eusebfl’rtrp.</strong></span> <span class='ocrx_word' id='word_1_916' title='bbox 2729 5795 2819 5851; x_wconf 90' lang='lat' dir='ltr'><strong>lib.</strong></span> <span class='ocrx_word' id='word_1_917' title='bbox 2860 5812 2946 5863; x_wconf 71' lang='lat' dir='ltr'><strong>xv,</strong></span> <span class='ocrx_word' id='word_1_918' title='bbox 2981 5811 3029 5850; x_wconf 70' lang='grc' dir='ltr'><strong>(ι.</strong></span> <span class='ocrx_word' id='word_1_919' title='bbox 3063 5798 3117 5854; x_wconf 82' lang='lat'><strong>5.</strong></span> 
     </span>
    </p>
   </div>
  </div>
