3948 6256
332 322 433 379 345

1263 319 1319 374 s.
1361 302 1625 375 JUSTINI
1656 302 2077 376 PlllLOSOPltt
2117 322 2204 377 ET
2247 319 2603 379 n‘Aicrvms

3488 323 3591 379 3H

330 432 416 505 da,
447 445 557 489 tum
583 435 651 489 ad
680 433 926 504 fugienda
957 432 1239 503 supplicia.
1272 432 1456 504 Neque
1482 436 1626 490 enim
1660 433 1751 504 qui
1781 443 1879 501 pec

2016 451 2103 487 ται
2135 434 2416 490 λανθάνειν
2447 436 2760 500 ἀδικοῦντες
2787 453 2800 465 ·
2838 436 3158 509 ἀνθρώπους
3196 439 3243 493 δ’
3275 440 3433 506 ὄντας
3467 443 3591 494 λαν-

327 535 476 589 eant,
503 524 538 578 ii
565 532 784 595 propter
810 524 1016 593 positas
1040 538 1071 578 a
1098 524 1252 578 vobis
1291 524 1440 594 leges
1461 533 1517 579 et
1550 538 1738 595 poenas
1765 522 1899 576 late-

326 634 387 673 re
418 626 717 680 conantur;
762 617 858 671 sed
889 631 1010 671 cum
1038 630 1098 671 se
1120 616 1378 685 consequi
1410 629 1571 684 posse
1619 616 1819 679 sciant,
1842 624 1902 669 ut

322 725 443 772 vos,
465 717 674 779 utpote
700 704 971 771 homines,
1015 706 1241 771 lateant,
1276 706 1458 776 iniqua
1498 707 1724 762 faciunt.
1752 707 1821 761 At
1853 707 1899 762 si

321 802 639 858 didicissent
682 807 738 856 et
779 814 1095 870 persuasum
1154 798 1264 869 50
1318 799 1576 855 haberent
1633 800 1750 855 ﬁeri
1791 815 1897 855 non

318 909 501 964 posse,
533 902 592 949 ut
619 894 789 949 Deum
814 891 1107 963 quidquam
1133 891 1321 958 lateat,
1346 904 1451 946 non
1477 892 1640 947 modo
1669 893 1895 957 factum,

320 991 414 1047 sed
444 991 608 1046 etiam
646 991 973 1058 cogitatum;
1022 983 1213 1043 saltem
1269 1001 1492 1058 propter
1530 989 1896 1059 impendentia

318 1082 578 1152 supplicia
607 1082 946 1138 honestatem
971 1080 1196 1135 omnino
1224 1080 1497 1147 colerent;
1538 1081 1590 1137 id
1619 1084 1761 1152 quod
1786 1092 1840 1138 et
1866 1097 1895 1137 a

314 1176 473 1232 vobis
516 1174 867 1230 concedetur.
923 1169 1031 1227 Sed
1074 1172 1307 1240 speciem
1341 1173 1483 1229 datis
1519 1174 1894 1238 metuentium,

316 1282 384 1323 ne
415 1282 603 1323 omnes
638 1282 792 1336 aequa
825 1265 1055 1331 faciant,
1090 1281 1191 1321 nec
1217 1264 1329 1333 jam
1365 1266 1635 1332 habeatis,
1676 1267 1730 1320 in
1761 1281 1897 1335 quos

315 1356 785 1413 animadvertatis.
815 1355 1147 1413 Carnifieum
1177 1370 1312 1412 sane
1330 1355 1381 1411 id
1406 1356 1569 1424 foret,
1592 1371 1700 1411 non
1727 1357 1896 1412 bono-

315 1464 435 1503 rum
463 1449 794 1519 principum.
828 1447 1157 1503 Persuasum
1198 1456 1379 1504 autem
1410 1448 1695 1514 habemus,
1724 1448 1895 1501 malo-

314 1554 436 1593 rum
477 1539 781 1594 diemonum
827 1538 1168 1608 operatione,
1210 1538 1301 1607 qui
1343 1538 1553 1594 hostias
1591 1548 1648 1592 et
1688 1540 1894 1593 cultum

312 1630 382 1686 ab
430 1630 742 1685 hominibus
782 1641 982 1700 praeter
1014 1631 1283 1687 rationem
1330 1632 1640 1687 viventibus
1682 1639 1893 1702 petunt,

312 1723 430 1778 hinc
452 1735 689 1793 quoque,
715 1731 773 1776 ut
794 1722 906 1793 jam
929 1721 1188 1783 diximus,
1230 1722 1366 1778 ﬁeri.
1405 1721 1511 1779 Vos
1543 1732 1759 1789 autem,
1802 1725 1893 1791 qui

2003 524 2182 578 θάνειν
2214 526 2614 597 ὑμᾶς’δυνατὸν
2636 527 2990 598 ἐπιστάμενοι
3022 529 3318 585 ἀδικοῦσιν.
3360 534 3425 585 El
3463 533 3592 604 ἔμε»-

2002 615 2095 670 θον
2111 616 2221 689 (69)
2241 618 2336 671 καὶ
2360 618 2692 690 ἐπείσθησαν
2715 619 2848 675 Θεὸν
2872 621 3132 676 ἀδύνατον
3156 620 3292 677 εἶναι
3307 622 3490 681 λαθεῖν
3515 645 3587 691 τι,

1999 708 2061 760 ού
2088 708 2249 778 μόνον
2292 710 2684 781 πραττόμενον,
2728 711 2864 765 ἀλλὰ
2911 712 3005 766 καὶ
3048 714 3454 786 βουλευόμενον,
3489 718 3590 771 κᾶν

1998 802 2088 857 διὰ
2132 804 2201 859 τὰ
2244 804 2567 876 ἐπικείμενα
2606 805 2717 878 (70)
2757 809 2822 860 ἐκ
2867 807 3067 871 παντὸς
3118 810 3324 880 τρόπου
3372 811 3590 882 κόσμιοι

1999 889 2158 964 ἦσαν,
2187 896 2263 961 ὡς
2289 896 2384 950 καὶ
2411 896 2569 966 ὑμεῖς
2592 898 2926 969 συμφήσετε.
2959 899 3098 952 Ἀλλ’
3124 901 3337 955 ἐοίκατε
3358 903 3588 958 δεδιέναι

2003 986 2078 1057 μὴ
2104 987 2305 1051 πάντες
2338 987 2864 1060 δικαιοπραγήσωσι,
2895 990 2989 1043 καὶ
3030 992 3187 1062 ὑμεῖς
3218 992 3311 1057 οὒς
3333 994 3590 1059 κολάζετε

2001 1076 2113 1149 (71)
2148 1079 2228 1134 ἔτι
2249 1082 2349 1149 οὐχ
2382 1066 2810 1152 ἐξετε.’Δημίων
2841 1080 2886 1133 δ’
2920 1081 2987 1136 ἂν
3015 1082 3100 1155 εἴη
3134 1084 3194 1137 τὸ
3230 1085 3470 1139 τοιοῦτον
3495 1087 3587 1161 ἔρ-

1998 1187 2115 1238 γον,
2149 1169 2266 1224 ἀλλ’
2308 1171 2409 1225 οὐκ
2445 1172 2724 1243 ἀρχόντων
2767 1173 3008 1241 ἀγαθῶν.
3062 1177 3414 1248 Πεπείσμεθα
3450 1179 3496 1232 δ’
3523 1182 3589 1233 ἐκ
3658 1168 3671 1181 ’

1997 1270 2266 1340 δαιμόνων
2305 1269 2545 1338 φαύλων,
2571 1270 2625 1323 οἳ
2653 1270 2748 1323 καὶ
2775 1272 2927 1343 παρὰ
2956 1272 3065 1325 τῶν
3088 1272 3301 1342 ἀλόγως
3330 1275 3588 1346 βιούντων

1997 1362 2206 1416 αἰτοῦσι
2235 1360 2451 1434 θύματα
2480 1362 2576 1415 καὶ
2613 1360 2932 1434 θεραπείας,
2980 1366 3072 1418 καὶ
3113 1364 3285 1421 ταῦτα
3327 1366 3462 1439 (72),
3511 1369 3584 1432 ὡς

1998 1456 2334 1527 προέφημεν,
2364 1454 2700 1526 ἐνεργεῖσθαι
2727 1473 2741 1487 ·
2788 1456 2904 1510 ἀλλ’
2940 1457 3039 1528 οὐχ
3064 1459 3229 1529 ὑμᾶς,
3265 1460 3319 1513 οῖ
3342 1460 3407 1529 γε
3439 1461 3601 1513 suae--

1995 1548 2147 1611 ϐείας
2174 1549 2269 1602 καὶ
2296 1548 2612 1617 φιλοσοφίας
2635 1547 2890 1619 ὀρέγεσθε
2907 1590 2921 1613 ,
2948 1548 3142 1618 ἄλογόν
3172 1568 3223 1604 τι
3248 1550 3450 1622 πρᾶξαι
3476 1554 3582 1623 (75)

1997 1639 2397 1711 ὑπειλήφαμεν.
2444 1641 2507 1692 Εἰ
2545 1640 2604 1693 δὲ
2639 1640 2734 1692 καὶ
2768 1641 2928 1710 ὑμεῖς
2966 1642 3169 1712 ὁμοίως
3201 1645 3312 1707 τοῖς
3338 1646 3583 1716 ἀνοήτοις

1997 1728 2067 1782 τὰ
2093 1727 2189 1799 ἔθη
2216 1730 2322 1801 πρὸ
2347 1728 2449 1799 τῆς
2461 1728 2721 1800 ἀληθείας
2748 1732 2965 1802 τιμᾶτε,
2986 1731 3257 1803 πράττετε
3283 1734 3312 1787 ὃ
3333 1734 3580 1791 δύνασθε.

313 1814 533 1884 pietatis
565 1823 621 1870 et
660 1812 1019 1884 philosophiae
1061 1811 1292 1868 studiosi
1332 1813 1490 1878 estis,
1524 1812 1661 1867 nihil
1697 1822 1882 1882 praeter

1997 1795 2272 1875 Τοσοῦτον,
2287 1795 2485 1893 (74)δέ
2511 1795 2765 1877 δύνανται
2792 1795 2889 1878 aiat
2914 1795 3175 1896 ἄρχοντες
3203 1828 3312 1897 πρὸ
3336 1828 3435 1899 τῆς
3460 1829 3589 1899 ἀλη-

311 1907 583 1962 rationem
610 1906 851 1962 facturos
880 1906 1230 1962 arbitramur.
1260 1905 1417 1974 Quod
1446 1905 1490 1960 si
1526 1905 1629 1974 ipsi
1655 1921 1890 1975 quoque,

311 1999 497 2055 itidem
528 2008 587 2053 ut
614 1998 861 2054 homines
889 1998 1228 2069 insipientes,
1270 1997 1486 2053 veritati
1536 1998 1891 2052 consuetudi—

310 2108 435 2149 nem
468 2094 830 2165 anteponitis,‘
853 2096 997 2165 quod
1024 2094 1079 2150 in
1095 2103 1280 2150 vestra
1305 2102 1576 2163 potestate
1601 2095 1765 2149 situm
1782 2104 1889 2162 est,

309 2183 493 2241 facite.
557 2185 682 2242 Plus
729 2195 908 2240 autem
956 2200 1061 2241 non
1114 2189 1342 2261 possunt
1395 2200 1466 2241 ne
1518 2186 1622 2255 ipsi
1669 2186 1890 2256 quidem

308 2275 583 2346 principes
605 2316 620 2342 ,
658 2278 703 2332 si
737 2272 952 2332 veritati
991 2278 1302 2349 opinionem
1344 2286 1697 2347 anteponant,
1725 2294 1891 2348 quam

307 2366 549 2424 latrones
592 2368 646 2423 in
693 2366 1007 2425 solitudine.
1068 2371 1140 2424 At
1205 2385 1303 2427 vos
1348 2370 1573 2426 minime
1632 2371 1890 2426 litaturos

311 2456 542 2514 Verbum
566 2459 832 2527 declarat,
858 2476 967 2531 quo
999 2463 1171 2532 magis
1216 2462 1448 2533 regium,
1500 2464 1785 2534 magisque
1810 2464 1891 2529 ju-

305 2557 446 2608 stum
479 2548 800 2622 principem,
834 2552 1131 2608 secundum
1153 2553 1453 2621 genitorem
1503 2553 1648 2608 illius
1697 2553 1885 2618 Deum,

376 2732 487 2805 (69)
502 2732 830 2805 Elgpaaor.
865 2732 1443 2805 LegitSylhurgiusei
1470 2731 1766 2805 Δδ’ἐμαθον.
1798 2733 1889 2787 Ni-

345 2750 487 2856 Αοιῖ)
502 2750 830 2856 lateri-100?.
865 2750 1020 2802 Legit
1049 2750 1367 2812 aymurgms
1394 2751 1443 2786 ει
1477 2750 1506 2785 ο
1544 2750 1766 2802 εμαυον.
1798 2750 1884 2787 m-

304 2805 379 2858 htl
414 2821 441 2856 a
485 2805 562 2857 dit
641 2804 905 2866 lnrlbtus,
945 2804 1040 2859 sed
1072 2805 1199 2872 legit
1226 2806 1278 2857 οἱ
1323 2802 1434 2875 γὰρ
1462 2802 1552 2856 διὰ
1593 2804 1741 2875 τοὺς,
1772 2817 1884 2862 etc.

309 2894 327 2926 ι
363 2875 463 2941 Qui
493 2875 640 2927 enim
673 2885 895 2943 propter
929 2875 1074 2942 leges
1104 2884 1157 2927 et
1187 2888 1375 2942 pcenas
1410 2874 1452 2926 'a
1498 2874 1649 2943 vobis
1678 2883 1879 2928 consti-

306 2956 449 3000 tutas
490 2942 827 2999 contendunt
872 2944 1040 3000 latere
1096 2945 1294 3010 injuste
1346 2953 1572 3013 agentes
1606 2942 1882 3014 (quoniam

301 3031 432 3069 vero
461 3016 642 3069 sciunt
674 3014 789 3068 lieri
834 3029 991 3083 posse
1018 3024 1075 3067 ut
1105 3030 1201 3068 vos
1224 3056 1240 3079 ,
1294 3023 1483 3081 utpote
1511 3014 1601 3081 qui
1637 3018 1883 3070 homines

301 3086 465 3157 estis,
488 3085 714 3157 lateant,
749 3085 948 3157 injuste
974 3085 1265 3157 agunt),_si
1297 3084 1475 3157 edocti
1505 3094 1708 3157 essent,
1735 3104 1754 3136 ι
1774 3098 1881 3140 etc.

304 3156 428 3210 Ηιεο
456 3156 667 3225 legendi
702 3156 843 3209 ratio
868 3157 1041 3224 prima
1064 3155 1246 3223 specie
1282 3155 1534 3225 arridere
1561 3156 1755 3225 possit.
1789 3158 1883 3210 sed

302 3223 527 3293 prorsus
551 3226 851 3296 rcjicietur,
870 3223 921 3280 isi
940 3227 1276 3294 expendatur
1303 3224 1590 3296 attentius.
1619 3223 1715 3278 llic
1736 3228 1883 3296 enim

299 3298 544 3352 Justinus
567 3293 729 3366 quam
762 3293 1035 3365 potentior
1076 3297 1148 3350 sit
1192 3296 1450 3348 humanis
1481 3293 1688 3363 legibus
1720 3293 1883 3349 Chri-

299 3368 474 3422 stiana
507 3368 757 3421 doctrina
805 3368 1141 3421 demonstrat
1193 3367 1295 3419 hoc
1353 3375 1695 3435 argumento,
1742 3370 1883 3433 quod

299 3452 449 3505 sprm
478 3437 698 3493 fallendi
741 3439 842 3491 ista
888 3437 1188 3507 praeripiat,
1240 3438 1323 3490 ha:
1369 3436 1499 3507 vero
1550 3435 1880 3507 relinquant.

299 3510 508 3563 Statuit
534 3511 715 3575 itaque
748 3505 947 3562 latendi
981 3505 1160 3563 studio
1191 3506 1243 3559 in
1275 3505 1588 3560 hominibus
1622 3505 1885 3573 improbis

297 3596 406 3632 non
435 3581 818 3632 auctoritatem
851 3578 1031 3647 legum
1071 3576 1470 3641 commendari,
1520 3577 1616 3630 sed
1653 3576 1885 3630 infirmi-

300 3658 464 3703 tatem
503 3650 682 3715 argui,
719 3665 818 3703 nec
861 3650 1036 3717 legum
1096 3658 1271 3717 metu,
1299 3662 1365 3700 ac
1410 3647 1712 3717 reverentia
1742 3648 1880 3700 late-

295 3721 428 3773 bras
455 3719 521 3771 ad
546 3721 757 3771 facinus
787 3716 980 3787 quaeri,
1005 3721 1101 3774 sed
1126 3734 1221 3787 spe
1252 3716 1514 3771 facinoris
1536 3716 1882 3771 absconden-

296 3791 374 3849 di,
407 3805 526 3858 qua:
556 3789 600 3842 si
638 3790 877 3852 tollatur,
932 3805 1041 3841 non
1094 3790 1203 3857 jam
1238 3787 1452 3841 facinus
1484 3789 1877 3844 committetur.

300 3859 490 3913 Utrum
533 3862 646 3913 huic
687 3860 864 3926 inepta
895 3870 943 3911 ει
977 3859 1115 3926 falsa
1162 3858 1331 3911 videri
1368 3859 1570 3911 debent
1625 3874 1687 3911 ac
1738 3860 1879 3923 [uada

294 3931 619 3998 depravatio,
656 3946 723 3983 an
756 3941 1010 3997 peracuta
1041 3929 1329 3987 sententia,
1382 3928 1438 3981 in
1487 3944 1592 3996 qua
1657 3944 1876 3997 perver-

296 4004 451 4054 tetnla
482 4003 568 4053 vir
606 4001 953 4053 doctissimus
981 3999 1309 4052 desudavit?

364 4070 474 4141 (70)
513 4071 617 4124 Διὰ
646 4069 718 4123 τὰ
745 4069 1109 4140 ἐπικείμενα.
1143 4067 1512 4139 impendentia
1561 4069 1810 4126 videlicet
1848 4088 1877 4125 ιι

293 4144 407 4198 Deo
442 4142 734 4209 supplicia.

364 4213 473 4283 (τι)
496 4209 800 4269 Κολάζετε.
818 4210 1122 4283 Lugendum
1153 4209 1366 4283 videtur
1392 4210 1673 4281 κολάζητε,
1694 4212 1801 4276 vel,
1821 4224 1877 4266 ut

294 4279 842 4356 Sylbtirgiusposuit,
877 4280 1154 4334 κολάσετε.
1181 4309 1250 4356 -τ
1278 4279 1373 4356 [Ut
1398 4284 1537 4356 lmine
1564 4279 1873 4356 libertatem

294 4352 519 4411 dicendi
536 4353 800 4407 leniamus
820 4367 1048 4420 eamque
1071 4368 1190 4404 cum
1214 4352 1394 4405 debita
1420 4354 1581 4421 regiae
1604 4354 1873 4418 maiestati

293 4426 619 4489 reverentia,
655 4434 915 4491 quantum
971 4422 1089 4475 tieri
1148 4432 1347 4489 potest,
1378 4423 1749 4485 conciliemus,
1780 4426 1874 4477 ob-

1996 1912 2145 1978 θείας
2169 1912 2327 1980 δόξαν
2345 1914 2635 1987 τιμῶντες,
2658 1915 2780 1969 ὅσον
2802 1918 2895 1970 καὶ
2914 1918 3107 1989 λῃσταὶ
3128 1920 3187 1970 ἐν
3205 1920 3428 1992 ἐρημίᾳ.
3461 1922 3585 1975 Ὅτι

1992 2003 2038 2055 δ’
2062 2004 2123 2056 οὐ
2146 2004 2530 2076 καλλιερήσετε
2558 2005 2693 2077 (75),
2721 2009 2750 2060 ὁ
2776 2009 2947 2076 Λόγος
2974 2008 3373 2074 ἀποδείκνυσιν,
3400 2004 3461 2063 οὗ
3489 2011 3585 2080 βα-

1995 2095 2347 2150 σιλικώτατον
2378 2096 2489 2168 (76)
2530 2099 2623 2151 καὶ
2658 2100 3002 2155 δικαιότατον
3040 2101 3276 2172 ἄρχοντα
3315 2103 3453 2172 μετὰ
3494 2105 3583 2156 τὸν

1991 2190 2328 2259 γεννήσαντα
2349 2190 2503 2256 Θεὸν,
2521 2192 2710 2245 οὐδένα
2732 2193 2951 2264 οἴδαμεν
2973 2193 3227 2248 ὅντα.⁶¹υν
3250 2194 3360 2267 γὰρ
3386 2196 3585 2267 τρόπον

1991 2278 2327 2350 διαδέχεσθαι
2344 2281 2603 2353 πενίας,ἢ
2630 2282 2799 2354 πάθη,
2831 2284 2864 2356 ἢ
2886 2284 3101 2351 ἀδοξίας
3132 2288 3406 2358 πατρικὰς
3432 2289 3584 2357 ὑφαι-

1994 2368 2213 2440 ροῦνται
2243 2371 2444 2436 πάντες
2462 2390 2476 2402 ⁸
2505 2373 2681 2438 οὕτως
2706 2375 2802 2429 καὶ
2834 2376 2935 2429 ὅσα
2955 2376 3023 2431 ἂν
3053 2376 3409 2451 ὑπαγορεύσῃ
3435 2383 3463 2433 ό
3481 2380 3583 2433 Λό-

1991 2476 2085 2527 γος
2114 2460 2188 2532 μὴ
2216 2462 2325 2516 δεῖν
2348 2462 2635 2534 αἱρεῖσθαι,
2663 2467 2693 2517 ό
2714 2465 2969 2537 νουνεχὴς
2992 2467 3091 2537 οὐχ
3120 2469 3407 2539 αἱρήσεται
3445 2470 3577 2540 (77).

1991 2540 2319 2622 Γενήσεσθαι
2344 2553 2516 2608 ταῦτα
2540 2556 2716 2609 πάντα
2753 2557 2999 2625 προεῖπε,
3039 2575 3112 2627 φη
3123 2559 3184 2629 μὶ
3218 2558 3351 2631 (78),
3388 2561 3419 2613 ὁ
3447 2563 3581 2632 ἡμέ-

1989 2730 2203 2785 videtur
2228 2731 2563 2789 mutandum.

2062 2800 2176 2871 (74)
2216 2803 2534 2857 Τοσοῦτον.
2584 2803 2711 2857 llaec
2754 2804 2919 2857 citata
2957 2819 2988 2856 a
3020 2802 3178 2859 Joan.
3224 2805 3501 2872 Damasc.,
3556 2823 3574 2861 ι

1992 2870 2205 2932 Paro!"
2237 2888 2359 2939 cap.
2393 2874 2481 2934 58,
2523 2883 2580 2924 ttt
2614 2884 2799 2927 monet
2822 2872 3077 2929 Grabius.

2060 2941 2170 3016 (75)
2211 2944 2291 2996 Οὐ
2318 2942 2767 3016 ξιαλλιιερήσιεῖῐεἐ
2801 2943 2953 3016 lianc
3014 2959 3198 3016 vocem
3260 2945 3475 3016 Langus
3519 2958 3574 3000 et

1987 3013 2077 3066 alii
2108 3015 2186 3084 sic
2223 3013 2518 3081 accipiunt.
2543 3015 2699 3081 quasi
2731 3013 2789 3067 S.
2820 3014 3024 3084 Martyr
3047 3013 3413 3083 imperatores
3447 3018 3579 3070 lita-

1988 3093 2140 3137 turos
2170 3081 2249 3153 (h.
2288 3100 2339 3138 e.
2374 3100 2651 3155 prosperos
2674 3100 2945 3138 successus
2960 3081 3261 3154 habituros)
3302 3098 3483 3155 neget,
3527 3088 3573 3140 si

1990 3154 2265 3226 daemones
2308 3152 2505 3213 colere,
2554 3169 2628 3226 ac_
2656 3155 2907 3209 victimas
2953 3156 3056 3209 illis
3093 3152 3292 3209 olferre
3324 3152 3572 3226 pergant.

1989 3225 2060 3276 At
2092 3224 2435 3291 perspicuum
2492 3234 2577 3295 est
2602 3222 2875 3278 Jttstimtm
2902 3225 2971 3279 de
3013 3228 3208 3295 injttsta
3234 3222 3573 3281 Christiano-

1989 3310 2111 3347 rum
2142 3309 2274 3348 neee
2298 3294 2666 3360 expostulare,
2694 3309 2761 3348 ac
2795 3294 3149 3361 imperatores
3194 3296 3450 3351 litaturos
3478 3314 3575 3351 tie-

1988 3379 2145 3435 gare,
2169 3365 2213 3435 si
2260 3364 2550 3417 veritatem
2592 3366 2969 3435 consuetudini
3004 3367 3480 3435 posthabeant,et,
3517 3377 3574 3419 nt

1991 3434 2171 3486 solent
2201 3434 2440 3486 latrones
2478 3436 2527 3485 in
2556 3434 2870 3497 solitudine,
2904 3435 3246 3488 Christianos
3271 3438 3443 3489 lurori
3470 3454 3571 3492 suo

1989 3503 2295 3556 immolent.
2329 3504 2504 3557 Simili
2530 3521 2715 3563 sensu,
2740 3506 2832 3557 sed
2868 3522 2973 3557 non
3006 3506 3127 3558 sine
3166 3506 3341 3558 ironia
3377 3506 3571 3562 Demo-

1987 3590 2114 3649 nait,
2144 3584 2279 3649 teste
2303 3572 2760 3649 Lucia_no_in_ejus
2791 3573 2929 3649 Vita,
2957 3592 3009 3642 p.
3035 3576 3139 3649 54,9
3166 3592 3179 3626 :
3211 3576 3445 3649 "Avapa;
3464 3578 3574 3649 γὰρ

1999 3641 2291 3716 Ἃθηναῖοι,
2324 3644 2520 3716 inquit,
2550 3645 2651 3715 ἐμὲ
2675 3644 2786 3716 μὲν
2828 3641 3062 3714 ὁρῶντες
3098 3641 3572 3716 ἐστεφανωμένον,

1984 3713 2141 3787 ὑμεῖς
2185 3714 2285 3784 ἤδη
2329 3713 2473 3787 κάμε
2524 3713 2883 3768 καταθύσατε.
2927 3716 3000 3769 Τὸ
3048 3716 3158 3787 γὰρ
3203 3713 3467 3787 πρότερον
3510 3721 3571 3770 ού

1985 3783 2559 3854 καλλιερήσατεζϋαηι
2590 3802 2670 3837 me
2693 3800 3026 3850 coronatum,
3081 3783 3441 3852 Aihen'icuses,
3490 3791 3569 3840 vi-

1982 3856 2173 3917 deatis,
2199 3868 2424 3907 mactate
2452 3873 2552 3907 me.
2590 3855 2865 3909 Hactenus
2893 3858 3030 3909 enim
3056 3875 3161 3910 non
3183 3858 3397 3911 litastis.
3440 3858 3571 3913 Pro—

1985 3937 2141 3979 vocat
2167 3942 2298 3995 ergo
2324 3926 2684 3979 Athenienses
2713 3929 3014 3989 Demonax,
3063 3939 3123 3981 ιιι
3165 3944 3225 3981 se
3248 3941 3569 3982 coronatum

1982 4008 2249 4068 mactent,
2283 3996 2327 4047 si
2350 3995 2521 4068 intarc
2552 3998 2738 4049 velint.
2774 3997 2974 4049 Contra
3024 4000 3449 4068 imperatoribus
3478 4003 3569 4053 de-

1982 4065 2198 4119 nuntiat
2223 4064 2469 4119 Justinus
2528 4082 2622 4119 eos
2670 4084 2776 4120 IIUII
2822 4064 3113 4133 litaturos,
3145 4071 3190 4123 si
3221 4068 3569 4125 Christianos

1980 4135 2264 4255 illiitpolent
2300 4153 2313 4189 :
2347 4137 2511 4204 idque
2540 4136 2610 4190 ab
2638 4138 2758 4205 ipso
2790 4136 2965 4192 Verbo
2988 4141 3420 4194 demonstratum
3447 4156 3568 4196 esse

2015 4221 2076 4255 ee
2100 4217 2240 4255 arat.

1980 4208 2240 4260 declarat.

2048 4276 2158 4346 (7(5)
2209 4271 2290 4332 Οὖ
2355 4276 2856 4349 βασιλικώτατον.
2909 4275 3073 4332 Verbi
3121 4281 3567 4349 omnipotentiant

1977 4346 2065 4399 ltic
2097 4349 2354 4415 prwdwat
2384 4345 2651 4410 Justinus,
2679 4362 2738 4400 ut
2783 4351 3038 4403 ostendat
3087 4345 3363 4417 nunquam
3415 4354 3555 4405 delu-

1980 4427 2151 4478 turos,
2178 4422 2269 4485 qui
2302 4418 2372 4471 ab
2400 4436 2465 4471 eo
2491 4419 2662 4485 adjnti
2697 4431 2965 4488 praecepta
2995 4420 3115 4488 ejus
3162 4422 3319 4489 sequi
3352 4423 3562 4485 malint,

293 4496 618 4552 servandum
670 4489 761 4576 ‘est
817 4492 1088 4547 Justinum
1140 4494 1451 4576 imperatori
1490 4494 1714 4561 ejusque
1743 4494 1869 4548 ﬁliis
1900 4489 1945 4543 D
1974 4504 2137 4576 quam
2165 4489 2368 4576 patrias
2389 4490 2822 4576 superstitiopes.

291 4585 429 4635 quos
452 4565 851 4634 alloquebatur,
890 4578 1233 4633 nequaquam
1265 4565 1562 4617 attribuere
1592 4576 1700 4618 tam
1749 4578 1873 4631 per—

291 4655 506 4693 versum
548 4637 869 4697 consilium,
920 4645 980 4688 ut
1014 4651 1109 4688 eos
1161 4645 1402 4687 metuere
1456 4638 1764 4703 suSpicetur
1806 4654 1875 4690 ne

290 4726 481 4763 omnes
513 4723 666 4774 aequa
700 4706 926 4762 iaciant.
978 4704 1129 4758 Hanc
1170 4706 1554 4772 cogitationem
1610 4707 1872 4773 improbis

290 4779 604 4832 hominibus
636 4775 784 4844 itijici
817 4795 845 4828 a
879 4775 1213 4829 dannonibus
1244 4776 1485 4828 declarat
1518 4795 1531 4829 :
1577 4778 1872 4843 imperato-

289 4866 380 4904 res
432 4850 559 4903 m'hil
615 4860 804 4918 prieter
859 4849 1117 4899 rationem
1170 4846 1407 4911 facturos
1450 4847 1698 4918 conlidit.
1753 4846 1870 4901 Non

288 4936 439 4973 suam
503 4917 634 4989 erg.)
696 4918 969 4986 propriam
1020 4918 1451 4989 opinionemaut
1502 4917 1870 4983 suspicionem

287 4996 514 5058 prolert,
537 4992 631 5045 sed
659 4991 710 5042 id
730 4990 1099 5055 objicit,quod
1126 4988 1364 5040 nonnulli
1391 5004 1456 5040 ex
1481 4989 1868 5055 imperatorum

286 5065 477 5131 agendi
536 5064 744 5115 ratione
788 5060 1045 5129 colligere
1104 5068 1362 5126 possent;
1414 5061 1569 5127 quasi
1612 5060 1867 5131 diceret:

285 5129 628 5186 Christianos
658 5146 935 5200 perseqm,
984 5145 1215 5199 quorum
1250 5140 1356 5182 tam
1390 5131 1537 5182 utilis
1566 5132 1636 5182 ad
1678 5129 1868 5181 vitium

285 5205 691 5273 exstirpandum
718 5204 991 5263 doetrma,
1022 5202 1299 5253 hominum
1334 5202 1557 5273 videtur
1603 5216 1723 5253 esse
1760 5217 1870 5252 itte-

288 5272 549 5327 unum".
571 5315 586 5339 ,
628 5290 696 5327 ne
743 5287 937 5326 onmes
968 5286 1123 5338 aequa
1154 5272 1376 5324 iaciant.
1412 5272 1467 5322 ln
1513 5272 1595 5324 his
1626 5287 1747 5337 qua:
1782 5288 1869 5323 se-

291 5358 546 5411 ‘luuntur,
598 5344 928 5411 Curiiiﬁcum
975 5358 1103 5395 sane
1148 5346 1200 5409 id
1249 5345 1406 5409 (oret,
1464 5360 1566 5395 nou
1613 5344 1867 5394 bonorum

285 5419 608 5484 ,rmcipum,
640 5417 871 5467 lidcnter
898 5413 1060 5479 hujus
1093 5414 1206 5466 vitii
1254 5414 1644 5480 turpitudinem
1688 5413 1870 5465 decla-

282 5496 392 5545 rat,
427 5499 485 5539 ut
518 5487 642 5540 illud
669 5488 720 5538 in
757 5487 1144 5553 imperatorem
1195 5485 1424 5553 ejusque
1467 5484 1607 5537 Iilios
1648 5485 1869 5537 minime

282 5557 477 5628 cadere
508 5549 895 5628 tlemonstret.]
915 5554 1000 5608 Ex
1023 5549 1366 5628 Addendisuet
1383 5549 1760 5628 Emeudondts.

353 5626 465 5697 (72)
504 5627 613 5681 Καὶ
640 5627 844 5681 ταῦτα.
875 5625 1083 5693 Nempe
1104 5626 1547 5697 absurdissimum
1597 5625 1744 5677 illam
1771 5640 1866 5678 c0-

281 5694 676 5769 gitatmnenret
706 5709 905 5769 metum
938 5715 1006 5750 ne
1038 5713 1231 5769 omnes
1259 5712 1410 5763 a’qua
1431 5694 1661 5769 iaciant.

355 5769 464 5841 (75)
506 5768 754 5837 Πρίὶξαι.
782 5768 850 5823 ll.
880 5767 1073 5839 Steph.
1114 5768 1295 5823 mallet
1336 5766 1581 5835 πράξειν,
1610 5767 1705 5821 sed
1732 5767 1865 5821 nihil

2047 4558 2160 4628 (Π)
2191 4560 2314 4626 Οὐχ
2340 4558 2668 4627 αἱρήσεται.
2702 4561 2815 4613 Non
2849 4560 2987 4613 male.
3022 4560 3255 4616 Grabius
3303 4562 3569 4617 subintel-

1976 4628 2251 4697 ligendum
2285 4641 2462 4699 putat,
2492 4630 2703 4683 etiantsi
2733 4632 2905 4697 patrio
2936 4647 3081 4683 more
3112 4633 3215 4685 sint
3244 4644 3476 4700 recepta,
3512 4646 3569 4688 ut

1976 4711 2237 4773 accurata
2268 4712 2340 4754 stt
2362 4702 2700 4769 comparatio
2735 4705 2887 4773 inter
2913 4717 2977 4755 ea
3004 4717 3125 4769 qua:
3152 4720 3185 4755 ιι
3223 4702 3399 4757 Verbo
3445 4719 3570 4773 pro-

1976 4772 2147 4844 hibita
2178 4773 2261 4823 vir
2286 4774 2524 4844 prudens
2563 4787 2669 4826 non
2699 4771 2885 4841 eliget,
2909 4782 2975 4844 et
3009 4788 3072 4823 ea
3104 4790 3225 4841 quae
3274 4771 3506 4844 quisque
3536 4793 3567 4829 a

1974 4842 2221 4908 patribus
2253 4842 2571 4896 haereditate
2607 4845 2859 4910 accipere
2900 4843 3243 4900 reformidat.

2046 4912 2165 4986 (78)
2195 4913 2368 4986 φημί.
2400 4913 2652 4966 liclet'tur
2683 4916 2783 4966 hoc
2809 4917 3029 4966 verbum
3065 4923 3131 4966 ad
3164 4933 3228 4969 ea
3258 4932 3379 4984 qua:
3407 4919 3567 4986 paulo

1975 4997 2103 5036 ante
2118 4984 2252 5035 dixit
2268 4985 2539 5048 Justinus,
2566 4999 2759 5051 nempe
2782 4986 3138 5055 imperatores
3157 5004 3261 5041 non
3285 4984 3561 5055 litaturos,

1972 5055 2019 5106 si
2046 5058 2388 5107 Lill‘lstiultus
2417 5065 2679 5119 mactent,
2710 5056 2875 5123 idque
2909 5071 2940 5107 a
2970 5053 3148 5111 Verbo
3197 5053 3563 5112 demonstrari

1973 5136 2027 5178 et
2049 5126 2253 5181 doceri.
2317 5132 2497 5189 Quare
2556 5140 2662 5177 non
2725 5127 3071 5179 incommode
3126 5128 3277 5191 illud,
3322 5132 3560 5196 inquam,

1973 5206 2217 5262 usurpat,
2250 5195 2337 5248 tibi
2386 5196 2663 5263 explicare
2715 5198 2954 5251 ittstituit
2993 5200 3267 5264 quomodo
3320 5195 3556 5252 Verbum

1972 5267 2221 5319 docuerit
2254 5269 2440 5320 inanes
2472 5268 2588 5319 lore
2609 5279 3018 5334 persecuturum
3067 5281 3323 5323 conatus.
3353 5269 3563 5336 Duplici

1973 5340 2115 5389 enim
2169 5339 2396 5391 rationis
2457 5351 2731 5391 momento
2783 5350 3072 5391 veritatem
3114 5341 3319 5393 Christi
3362 5341 3557 5406 pt'iedi-

1972 5410 2169 5461 ctionis
2193 5411 2551 5462 demonstrat.
2606 5410 2687 5462 Ac
2732 5425 2967 5478 prunum
3017 5412 3236 5478 quidem
3265 5424 3463 5476 repetit
3491 5426 3559 5463 ex

1972 5479 2143 5546 ipsius
2171 5480 2378 5533 Christi
2410 5478 2711 5545 majestate,
2742 5482 2865 5547 qui,
2914 5495 3036 5531 cum
3084 5497 3359 5545 summum
3407 5496 3561 5534 exer-

1971 5561 2095 5602 ceat
2124 5566 2247 5603 cum
2276 5550 2442 5603 Patre
2464 5548 3146 5618 imperium,_Christianos
3176 5568 3304 5605 suos
3354 5553 3429 5605 ita
3473 5569 3557 5604 ro-

1971 5619 2205 5688 borabit,
2240 5635 2299 5674 ut
2327 5636 2665 5688 quaecunque
2695 5621 2880 5689 fugere
2901 5622 3255 5688 praeceperit,
3283 5621 3351 5674 ab
3378 5622 3445 5675 iis
3472 5640 3560 5676 rc-

1969 5692 2201 5759 l'ugiant,
2234 5702 2291 5745 ut
2340 5692 2431 5744 alii
2468 5692 2714 5745 homines
2746 5709 2775 5743 a
2818 5700 3137 5759 paupertate
3166 5704 3221 5747 et
3252 5698 3457 5747 morbis
3504 5704 3561 5747 et

1974 5766 2269 5830 ignominia
2297 5764 2548 5832 refugere
2579 5763 2774 5823 solent.
2823 5761 2930 5820 δύα
2960 5763 3085 5834 quia
3113 5766 3181 5821 dc
3226 5764 3425 5823 Christi
3478 5768 3558 5822 di-
