3948 6256
380 312 485 368 847

1301 311 1356 369 s.
1398 309 1657 370 JUSTINI
1692 285 2124 372 rHtLOSorm
2163 317 2254 375 ετ
2289 317 2654 376 ιωιτῑκιε

3540 303 3642 372 'tts

380 429 525 484 libus
550 443 673 484 eum
701 430 992 500 pompis-et
1021 441 1234 502 hymnis
1253 430 1836 486 celebrare?Nostru1n
1861 433 1953 478 au-

2060 435 2348 506 γενομένου
2374 438 2434 491 ἐν
2471 437 2704 509 Ἰουδαίᾳ
2720 437 2818 492 ἐπὶ
2842 437 3054 510 χρόνοις
3086 435 3336 504 Τιϐερίου
3363 433 3642 506 Καίσαρος

384 531 495 575 tem
525 520 718 574 harum
762 536 942 577 rerum
987 523 1282 587 doctorem,
1311 533 1497 578 natum
1526 525 1594 580 ad
1624 524 1727 579 hoc
1755 533 1958 578 munus

383 612 566 668 Jesum
589 613 885 681 Christum,
905 630 968 669 ac
993 616 1091 669 sub
1121 614 1315 670 Pontio
1338 615 1539 684 Pilato,
1565 616 1785 682 Iudaeae,
1820 615 1961 670 tem-

382 706 604 774 poribus
632 705 834 761 Tiberii
869 706 1124 774 Cazsaris,
1186 708 1417 776 praeside
1447 709 1794 775 cruciﬁxum,
1843 711 1961 765 veri

382 796 481 852 Dei
525 797 720 852 Filium
774 813 893 854 esse
933 798 1136 862 edocti,
1189 799 1476 869 ipsumque
1526 803 1766 858 secundo
1813 802 1956 867 loco,

382 886 643 958 Spiritum
693 896 871 944 autem
917 890 1294 960 propheticum
1321 893 1484 948 tertio
1517 894 1780 950 habentes
1810 896 1960 950 ordi-

382 998 471 1048 ne,
494 997 600 1036 non
635 983 753 1037 sine
781 982 994 1038 ratione
1023 999 1051 1037 a
1077 983 1232 1040 nobis
1280 985 1383 1040 coli
1432 985 1953 1045 demonstrabimus.

377 1071 493 1127 Hoc
531 1075 675 1128 enim
703 1075 823 1130 loco
855 1076 1078 1131 insania:
1105 1091 1203 1130 nos
1232 1085 1511 1142 accusant,
1536 1087 1658 1148 post
1707 1079 1958 1133 immuta-

376 1165 540 1220 bilem
567 1177 623 1221 et
653 1168 1043 1235 sempiternum
1071 1179 1126 1224 et
1148 1168 1365 1224 Patrem
1393 1171 1637 1224 omnium
1662 1169 1832 1225 Deum
1855 1171 1954 1228 lto-

378 1246 512 1312 miiii
563 1261 828 1314 cruciﬁxo
875 1262 1106 1316 alterunt
1161 1260 1341 1316 locum
1390 1277 1423 1316 a
1455 1261 1614 1320 nobis
1644 1262 1955 1319 dictitantes

378 1348 597 1415 deferri,
639 1351 955 1420 mysterium
980 1351 1138 1418 hujus
1169 1353 1248 1406 rei
1282 1353 1623 1423 ignorantes,
1647 1353 1794 1423 quod
1829 1353 1958 1410 dum

377 1442 720 1510 erponimus,
754 1453 809 1496 ut
847 1452 1057 1498 attente
1082 1445 1316 1500 audiatis
1354 1446 1664 1501 hortamur.

450 1535 538 1588 14.
579 1534 716 1589 Nam
753 1551 822 1591 ne
852 1551 1018 1606 supra
1066 1538 1328 1608 exagitati
1371 1554 1402 1594 a
1451 1541 1610 1596 nobis
1667 1541 1942 1598 daemones

377 1641 474 1681 vos
494 1626 791 1696 decipiant,
823 1639 988 1697 atque
1023 1629 1090 1683 ab
1142 1629 1249 1694 his,
1281 1645 1400 1699 qua:
1441 1631 1698 1697 dicimus,
1725 1634 1953 1688 omnino

2061 527 2378 598 ἐπιτρόπου,
2402 529 2530 582 Υίὸν
2552 529 2716 584 αὐτοῦ
2744 529 2840 584 τοῦ
2868 529 3040 593 ὅντως
3061 527 3197 583 Θεοῦ
3227 525 3510 598 μαθόντες,
3546 525 3638 578 καὶ

2061 621 2119 673 ἐν
2149 619 2374 692 δευτέρᾳ
2395 620 2550 692 χώρᾳ
2588 621 2822 693 ἔχοντες,
2851 622 3080 694 Πνεῦμά
3118 639 3178 675 τε
3211 618 3547 693 προφητικὸν
3581 621 3637 671 ἐν

2059 711 2214 784 τρίτῃ
2244 713 2413 779 τάξει,
2449 713 2530 766 ὅτι
2562 714 2701 784 μετά
2750 713 2907 782 λόγου
2942 713 3210 784 τιμῶμεν,
3260 711 3636 781 ἀποδείξομεν.

2073 803 2336 858 Ἐνταῦθα
2364 804 2472 877 γάρ
2502 805 2694 874 μανίαν
2720 804 2876 876 ἡμῶν
2911 805 3354 875 καταφαίνονται,
3382 803 3642 874 δευτέραν

2063 894 2244 967 χώραν
2279 897 2416 968 μετὰ
2458 897 2549 950 τὸν
2585 898 2850 968 ἄτρεπτον
2898 899 2992 951 καὶ
3039 899 3128 952 ἀεὶ
3169 898 3297 950 ὅντα
3351 896 3512 959 Θεὸν,
3547 895 3642 948 καὶ

2062 984 2462 1057 γεννήτορατῶν
2502 988 2775 1053 ἁπάντων,
2809 988 3078 1060 ἀνθρώπῳ
3109 987 3474 1058 σταυρωθέντι
3497 985 3638 1038 διδό-

2061 1093 2147 1130 ναι
2182 1080 2327 1149 ἡμᾶς
2367 1078 2648 1147 λέγοντες·
2678 1080 2999 1149 ἀγνοοῦντες
3039 1080 3105 1134 τὺ·
3129 1083 3186 1133 ἐν
3225 1079 3398 1149 τούτῳ
3432 1076 3640 1148 μυστή-

2063 1186 2207 1241 ριον,
2237 1164 2282 1238 ᾧ
2313 1172 2596 1242 προσέχειν
2625 1173 2771 1244 ὑμᾶς
2801 1171 3182 1244 ἐξηγουμένων
3223 1171 3382 1244 ἡμῶν
3412 1185 3643 1241 προτρε-

2060 1260 2294 1331 πόμεθα.

2126 1543 2210 1596 14.
2248 1542 2595 1615 Προλέγομεν
2629 1543 2739 1616 γὰρ
2772 1545 2908 1616 ὑμῖν
2943 1541 3282 1613 φυλάξασθαι
3319 1542 3392 1614 μὴ
3425 1544 3474 1595 ot
3510 1559 3643 1614 προ-

2058 1634 2467 1706 διαϐεὸλημένοι
2649 1637 2738 1706 ὑφ’
2772 1635 2930 1707 ἡμῶν
2981 1635 3235 1707 δαίμονες
3285 1633 3642 1705 ἐξαπατήσω-

377 1717 620 1788 legendis
668 1728 832 1788 atque
891 1720 1263 1792 intelligendis
1316 1731 1592 1790 avertant,
1645 1725 1952 1780 cavendum

2060 1745 2143 1782 σιν
2176 1728 2342 1798 ὑμᾶς,
2380 1728 2474 1782 καὶ
2523 1729 2877 1800 ἀποτρέψωσι
2926 1728 3020 1782 τοῦ
3068 1729 3205 1791 ὅλως
3253 1729 3496 1797 ἐντυχεῖν
3547 1727 3644 1780 καὶ

377 1810 533 1864 vobis
573 1811 958 1866 denuntiamus
990 1813 1353 1882 (contendunt
1393 1815 1540 1870 enim
1584 1831 1951 1886 summopere,

379 1909 438 1956 ut
461 1916 561 1957 vos
589 1917 777 1958 servos
805 1912 865 1958 et
893 1906 1181 1961 ministros
1225 1906 1499 1975 habeant;
1551 1923 1618 1963 ac
1661 1925 1808 1965 nunc
1837 1912 1956 1982 qui-

376 1994 501 2046 dem
525 2008 623 2062 per
648 1996 986 2050 somniorum
1013 1997 1150 2062 visa,
1181 2011 1326 2052 nunc
1346 2011 1443 2066 per
1472 1999 1716 2068 magicas
1747 2001 1957 2070 praesti-

376 2083 497 2153 gias
523 2099 618 2140 eos
647 2100 839 2142 omnes
866 2085 1110 2157 capiunt,
1143 2090 1237 2157 qui
1267 2090 1335 2144 de
1363 2104 1462 2144 sua
1499 2090 1676 2146 salute
1710 2093 1848 2148 nihil
1877 2094 1958 2149 la-

376 2176 1123 2248 borant):quemadmodum
1170 2187 1227 2234 et
1283 2193 1404 2246 nos,
1453 2192 1749 2252 postquam
1775 2183 1957 2241 Verbo

377 2264 737 2329 credidimus,
781 2267 849 2321 ab
879 2267 1003 2322 istis
1047 2267 1270 2336 quidem
1298 2269 1652 2338 descivimus,
1682 2288 1748 2329 ac
1781 2274 1955 2338 solum

378 2358 676 2426 ingenitum
702 2361 873 2416 Deum
903 2376 1002 2431 per
1028 2361 1146 2432 ejus
1196 2363 1394 2419 Filium
1428 2367 1749 2436 sequimur;
1781 2380 1837 2423 et
1862 2370 1954 2438 qui

376 2449 505 2505 olim
536 2452 745 2520 stupris
777 2455 1172 2524 gaudebamus,
1195 2456 1353 2526 (nunc
1383 2458 1767 2513 castimoniam
1797 2461 1958 2516 unice

379 2542 799 2612 amplectimur;
825 2546 916 2615 qui
946 2548 1174 2618 magicis
1211 2549 1378 2604 etiam
1403 2550 1617 2605 artibus
1643 2551 1954 2618 utebamur,

377 2635 522 2690 bono
546 2644 599 2688 et
629 2635 873 2703 ingenito
920 2652 1023 2691 nos
1065 2640 1522 2698 consecravimus
1565 2642 1704 2709 Deo;
1739 2642 1832 2712 qui
1858 2658 1956 2712 pe-

378 2725 667 2780 cuniarum
697 2733 753 2780 et
781 2728 1193 2796 possessionum
1221 2730 1342 2785 vias
1375 2732 1630 2788 omnibus
1679 2735 1956 2803 antiquio-

379 2833 468 2874 res
489 2818 846 2884 habebamus,
877 2836 1021 2876 nunc
1051 2821 1224 2877 etiam
1263 2836 1327 2876 ea
1361 2838 1482 2892 quae
1526 2825 1874 2894 possidemus
1902 2827 1955 2880 in

378 2923 671 2964 commune
702 2911 1059 2976 conferimus,
1089 2921 1292 2968 etcum
1325 2914 1698 2984 indigentibus
1732 2917 1958 2986 quibus-

377 3014 486 3069 que
535 3002 1039 3070 communicamus;
1079 3005 1173 3075 qui
1221 3006 1427 3061 mutuis
1464 3006 1606 3062 odiis
1629 3016 1685 3062 et
1713 3008 1957 3064 cmdibus

2059 1819 2299 1873 συνιέναι
2332 1819 2402 1873 τὰ
2433 1820 2702 1891 λεγόμενα
2725 1837 2738 1850 σ
2761 1818 3140 1891 (ἀγωνίζονται
3173 1817 3283 1890 γάρ
3315 1817 3462 1888 ἔχειν
3497 1818 3641 1887 ὑμᾶς

2055 1911 2275 1976 δούλους
2327 1912 2420 1966 καὶ
2470 1912 2774 1984 ὑπηρέτας,
2829 1912 2923 1966 καὶ
2975 1912 3106 1964 ποτέ
3157 1911 3253 1982 μὲν
3300 1910 3368 1963 δι’
3419 1908 3642 1979 ὀνείρων

2058 2005 2396 2072 ἐπιφανείας,
2433 2005 2563 2057 ποτὲ
2595 2004 2638 2056 δ’
2675 1999 2741 2057 αὖ
2792 2002 2880 2055 διά
2935 2001 3184 2072 μαγικῶν
3235 1999 3482 2073 στροφῶν
3533 2017 3643 2070 χει-

2059 2098 2279 2168 ροῦνται
2314 2097 2520 2160 πάντας
2551 2097 2680 2160 τοὺς
2711 2096 2811 2150 οὐκ
2845 2095 2954 2148 ἐσθ’
2977 2096 3125 2158 ὅπως
3158 2095 3299 2165 ὑπὲρ
3333 2094 3430 2164 τῆς
3463 2094 3653 2146 αὐτῶν·

2061 2190 2340 2260 σωτηρίας
2374 2187 2809 2259 ἀγωνιζομένους
2894 2188 2954 2241 ὂν
2975 2188 3176 2259 τρόπον
3197 2187 3306 2259 (86)
3330 2187 3424 2240 καὶ
3457 2187 3639 2256 ἡμεῖς,

2061 2281 2201 2352 μετά
2249 2283 2309 2336 τὸ
2358 2281 2436 2352 τῷ
2468 2282 2627 2352 Λόγῳ
2660 2280 2971 2351 πεισθῆναι,
3007 2279 3232 2333 ἐκείνων
3269 2279 3367 2348 μὲν
3401 2278 3644 2345 ἀπέστη-

2061 2393 2179 2446 μεν,
2215 2374 2332 2445 Θεῷ
2363 2373 2420 2428 δέ
2455 2374 2600 2445 μόνῳ
2633 2373 2710 2444 τῷ
2741 2374 3024 2444 ἀγεννήτῳ
3055 2371 3145 2425 διὰ
3195 2368 3287 2424 τοῦ
3333 2367 3464 2421 Υίοῦ
3516 2369 3642 2422 ἐπό-

2063 2469 2290 2541 μεθα,οἱ
2325 2467 2496 2522 πάλαι
2533 2467 2632 2537 μὲν
2667 2465 2947 2537 πορνείαις
2981 2463 3284 2534 χαίροντες,
3320 2460 3416 2514 νῦν
3446 2460 3502 2512 δὲ
3538 2477 3641 2513 σω-

2059 2557 2335 2630 φροσύνην
2373 2557 2542 2628 μόνην
2575 2553 2986 2625 ἀσπαζόμενον
3025 2555 3074 2607 ot
3125 2553 3182 2606 δὲ
3232 2552 3327 2606 καὶ
3381 2554 3640 2622 μαγικαῖς

2058 2648 2272 2718 τέχναις
2305 2645 2597 2718 χρώμενοι,
2620 2643 2808 2714 ἀγαθῷ
2841 2644 2934 2698 καὶ
2968 2645 3250 2715 ἀγεννήτῳ
3268 2642 3385 2713 Θεῷ
3419 2641 3639 2704 ἑαυτοὺς

2057 2736 2470 2800 ἀνατεθεικότες
2491 2753 2504 2765 ⁸
2543 2735 2845 2806 χρημάτων
2877 2735 2932 2787 δέ
2967 2735 3062 2789 καὶ
3097 2734 3394 2805 κτημάτων
3443 2736 3493 2786 οἱ
3546 2735 3640 2786 πό-

2062 2845 2187 2898 ρους
2220 2826 2418 2890 παντδς
2455 2826 2654 2897 μᾶλλον
2689 2825 3029 2898 στέργοντες,
3066 2824 3160 2879 νῦν
3222 2824 3315 2876 καὶ
3360 2822 3395 2876 ἂ
3446 2823 3638 2894 ἔχομεν

2061 2920 2142 2982 εἰς
2177 2917 2354 2971 κοινὸν
2389 2917 2667 2990 φέροντες,
2705 2918 2799 2972 καὶ
2849 2917 3015 2970 παντὶ
3048 2916 3289 2988 δεομένῳ
3325 2914 3642 2969 κοινωνοῦν-

2059 3027 2150 3072 τες
2173 3027 2186 3039 ·
2223 3010 2273 3062 οἱ
2329 3009 2647 3080 μισάλληλοι
2699 3007 2756 3062 δὲ
2806 3007 2899 3062 καὶ
2949 3007 3322 3078 ἁλληλοφόνοι,
3361 3008 3454 3061 καὶ
3505 3007 3638 3077 πρὸς

379 3093 780 3161 pugnabamus,
831 3103 885 3148 et
934 3110 1060 3149 cum
1110 3095 1180 3151 iis
1215 3097 1308 3166 qui
1361 3097 1590 3152 tribules
1637 3100 1808 3153 nostri
1841 3115 1953 3194 non

2060 3103 2181 3164 τοὺς
2229 3102 2328 3172 οὐχ
2376 3099 2679 3172 ὁμοφύλους
2710 3099 2800 3153 διὰ
2850 3099 2917 3153 τὰ
2949 3099 3044 3171 ἔθη
3083 3099 3192 3170 (87)
3228 3099 3412 3162 ἑστίας
3458 3097 3639 3160 κοινὰς

380 3191 588 3250 essent,
621 3198 966 3241 communem
1002 3184 1185 3242 focum
1217 3189 1287 3244 ob
1325 3189 1543 3244 diversa
1577 3189 1828 3246 instituta
1853 3184 1958 3246 non

379 3273 734 3340 habebamus,
779 3291 923 3331 nunc
947 3287 1234 3348 postquam
1254 3276 1360 3349 52
1391 3278 1647 3336 Christus
1675 3281 1956 3350 apparuit,

380 3366 728 3446 convictores
756 3382 968 3435 sumus,
995 3378 1050 3423 et
1079 3384 1177 3439 pro
1205 3370 1446 3426 inimicis
1473 3386 1728 3438 orantus;
1766 3383 1822 3427 et
1865 3373 1958 3442 qui

384 3473 485 3513 nos
525 3458 730 3528 iniquis
766 3461 907 3515 odiis
939 3473 1367 3531 prosequuntur,
1396 3477 1491 3519 eos
1535 3465 1817 3519 suadendo
1861 3464 1960 3520 lle-

381 3564 533 3607 clere
565 3568 848 3619 conamur,
879 3563 938 3608 ut
981 3555 1076 3624 qui
1103 3557 1400 3612 secundum
1447 3556 1714 3626 prteclara
1753 3557 1958 3614 Christi

381 3654 653 3714 praecepta
692 3645 958 3712 vixerint,
988 3646 1187 3702 bonam
1219 3662 1369 3718 spem
1409 3648 1647 3704 habeant
1679 3650 1868 3705 eadem
1898 3665 1959 3705 se

383 3756 449 3797 ac
478 3755 579 3796 nos
622 3755 654 3795 a
702 3741 1046 3798 dominatore
1093 3744 1337 3798 omnium
1372 3743 1483 3799 Deo
1533 3753 1954 3800 consecuturos.

383 3834 493 3890 Sed
520 3847 588 3890 ne
615 3835 768 3890 vobis
795 3837 965 3890 verba
1006 3836 1139 3890 dare
1172 3835 1481 3902 videamur,
1509 3850 1689 3906 opera:
1720 3837 1957 3905 pretium

453 3969 566 4040 (85)
601 3968 1191 4040 Προδιαΰεϐλημένοι.
1229 3969 1309 4023 Ad
1351 3981 1414 4022 ea
1459 3967 1959 4040 respicit_quaian-

381 4038 470 4093 tea
494 4038 556 4093 in'
577 4039 853 4110 daemones
890 4038 1064 4106 dixit;
1098 4056 1203 4110 quo
1234 4040 1642 4110 sensuidicebat
1666 4038 1959 4093 Tertullia-

382 4125 483 4164 ttus
523 4111 574 4163 in
621 4109 758 4163 libro
784 4111 867 4163 Ad
902 4109 1212 4179 Scapulam,
1239 4109 1464 4178 cap..2:
1496 4125 1515 4159 ι
1539 4112 1818 4162 υωιιιοηθε
1862 4125 1958 4161 au-

384 4188 493 4233 tent
527 4195 632 4234 non
667 4189 877 4235 tantum
910 4183 1243 4249 respnimus,
1278 4195 1466 4235 verum
1500 4188 1556 4233 et
1583 4179 1956 4249 irevincimus,

381 4260 436 4304 et
466 4252 711 4319 quotidie
741 4248 1100 4314 traducimus,
1147 4262 1202 4304 et
1245 4251 1313 4304 de
1365 4248 1679 4303 hominibus
1728 4249 1957 4316 expelli-

383 4338 526 4384 mus,
557 4324 701 4376 sicut
736 4322 982 4388 plurimis
1015 4330 1198 4374 uotum
1229 4330 1330 4374 est.
1366 4340 1384 4374 ι

453 4389 564 4465 (86)
592 4394 704 4465 »Ὃν
731 4392 972 4458 τρόπον.
1000 4390 1125 4445 Haec
1152 4391 1437 4465 referenda
1464 4401 1624 4465 _su_nt_
1645 4390 1712 4442 ad
1750 4389 1954 4443 cautio-

383 4451 504 4516 nein
537 4451 799 4516 adversus
831 4465 1136 4516 diemonum
1178 4462 1425 4517 insidias.
1460 4460 1728 4514 Ethnicos
1762 4469 1947 4514 monet
1983 4451 2024 4506 1)

379 4531 649 4596 Justinus,
677 4543 734 4585 ut
760 4543 987 4586 caveant
1012 4548 1079 4586 ne
1107 4533 1451 4599 decipiantur
1477 4548 1504 4584 a
1533 4531 1874 4585 daemonibus
1895 4539 1950 4584 et

381 4621 411 4656 a
445 4604 751 4657 Christiana
801 4603 1066 4674 religione
1107 4605 1480 4674 abducantur:
1515 4611 1627 4674 tum
1674 4602 1747 4674 ait
1789 4600 1949 4654 Chri-

381 4674 586 4728 stianos
625 4675 691 4727 ad
737 4675 883 4727 hunc
912 4672 1158 4735 modum,
1200 4674 1251 4726 id
1279 4682 1381 4733 est,
1418 4673 1544 4725 dttnt
1583 4672 1804 4724 frandes
1845 4674 1948 4725 dae-

382 4760 599 4798 monum
631 4745 986 4814 perspiciunt,
1030 4754 1084 4798 et
1124 4743 1451 4798 Christianae
1475 4744 1734 4797 dOCll'ilIiB
1765 4756 1949 4795 assen-

382 4815 611 4879 tiuntur,
643 4831 672 4867 a
702 4814 1037 4867 daemonibus
1070 4817 1410 4868 discessisse.
1635 4871 1638 4875 ,

449 4886 562 4958 (8")
599 4884 952 4958 Mazaeo".
981 4884 1178 4956 Tangit
1215 4886 1279 4958 8.Δ
1317 4882 1523 4958 Martyr
1566 4893 1946 4958 argumentum

379 4954 553 5026 longe
573 4956 1074 5024 praeclarissimum,
1103 4954 1315 5009 caeteris
1341 4954 1618 5023 religionis
1646 4955 1941 5026 defensori-

380 5024 942 5094 bus—frequentatum,
999 5027 1410 5080 conversionem
1463 5027 1628 5079 totius
1686 5024 1837 5078 orbis
1878 5040 1946 5077 ex

378 5101 525 5152 omni
569 5101 822 5151 vitiorum
866 5111 930 5149 ac
976 5097 1430 5167 superstitionum
1476 5096 1791 5167 generead
1830 5097 1945 5147 veri

379 5169 476 5222 Dei
503 5169 727 5230 coitum,
760 5181 833 5220 cx-
853 5166 1126 5236 perpetuis
1154 5166 1709 5236 interneciombnsiad
1738 5169 1948 5234 conspi-

382 5250 592 5295 rantem
641 5242 694 5292 in
740 5235 994 5292 omnibus
1038 5238 1201 5291 rebus
1241 5251 1590 5290 consensum.
1623 5235 1716 5288 llla
1763 5247 1943 5289 autent

378 5311 750 5364 institutorunt
784 5309 1042 5374 varietas,
1073 5323 1194 5377 qua:
1235 5324 1302 5361 tte
1335 5307 1515 5361 focum
1548 5307 1762 5374 quidem
1804 5308 1946 5358 inter

377 5394 471 5434 cos
501 5381 590 5449 qui
623 5379 863 5446 ejusdem
889 5381 1064 5433 tribus
1087 5394 1191 5432 non
1219 5389 1428 5442 essent,
1455 5391 1798 5449 communem
1826 5390 1946 5430 esse

376 5447 613 5514 sinebat,
657 5465 781 5504 cunt
819 5452 886 5507 ad
930 5450 1106 5520 legunt
1155 5452 1208 5503 in
1245 5449 1558 5517 reipublica:
1593 5447 1942 5520 administra-

377 5522 550 5584 tiotte,
590 5531 701 5574 tum
750 5524 916 5576 etiam
970 5518 1036 5574 ad
1079 5521 1399 5591 religionum
1447 5518 1942 5591 dissimilitudinem

375 5594 590 5645 videtur
638 5593 932 5660 pertinere.
966 5589 1206 5646 Primum
1258 5589 1615 5660 dissensionis
1655 5603 1822 5656 genus
1849 5591 1944 5642 de-

377 5662 554 5732 pingit
584 5658 850 5717 Eusebius
901 5665 954 5718 in
995 5673 1140 5717 orat.
1181 5661 1255 5715 De
1307 5661 1458 5714 laud.
1495 5658 1698 5721 Const"
1730 5675 1782 5726 p.
1817 5661 1941 5713 b’t7.

383 5733 664 5790 Summam
686 5736 848 5789 etiam
888 5735 1298 5791 distractionem
1326 5734 1568 5805 pariebat
1597 5733 1830 5785 varietas
1860 5748 1941 5785 re—

2065 3194 2138 3264 μὴ
2171 3193 2502 3264 ποιούμενοι,
2537 3191 2632 3247 νῦν
2668 3191 2806 3263 μετά
2853 3191 2950 3263 τὴν
2999 3193 3315 3261 ἐπιφάνειαν
3365 3191 3458 3245 τοῦ
3509 3192 3639 3261 Χρι-

2061 3285 2210 3350 στοῦ,
2263 3285 2560 3356 ὁμοδίαιτοι
2608 3285 2903 3354 γινόμενοι,
2957 3284 3052 3336 καὶ
3103 3283 3241 3354 ὑπὲρ
3275 3281 3381 3334 τῶν
3430 3280 3637 3352 ἐχθρῶν

2060 3379 2362 3449 εὐχόμενοι,
2398 3377 2492 3431 καὶ
2541 3377 2666 3440 τοὺς
2717 3376 2918 3440 ἀδίκως
2955 3375 3247 3447 μισοῦντας
3281 3373 3486 3427 πείθειν
3520 3390 3639 3425 πει-

2063 3469 2318 3542 ρώμενοι,
2353 3472 2500 3535 ὅπως
2532 3474 2579 3524 οἱ
2615 3471 2755 3525 κατά
2788 3472 2886 3533 τάς
2919 3470 3011 3523 τοῦ
3046 3469 3281 3541 Χριστοῦ
3318 3467 3430 3540 (88)
3465 3466 3636 3530 καλὰς

2061 3564 2477 3637 ὑποθημοσύνας
2530 3563 2847 3634 βιώσαντες,
2886 3561 3166 3625 εὐέλπιδες
3213 3555 3338 3625 ὦσι,
3377 3561 3473 3613 σὺν
3507 3559 3637 3628 ἡμῖν

2060 3657 2168 3711 τῶν
2201 3657 2379 3710 αὐτῶν
2413 3656 2564 3727 παρά
2614 3655 2706 3711 τοῦ
2742 3655 2960 3708 πάντων
2993 3653 3347 3716 δεσπόζοντος
3380 3649 3514 3704 Θεοῦ
3547 3665 3638 3701 τυ-

2059 3753 2194 3821 χεῖν.
2234 3752 2352 3806 Ἵνα
2383 3751 2439 3804 δὲ
2476 3750 2550 3821 μὴ
2604 3747 2917 3817 σοφίζεσθαι
2969 3748 3115 3818 ὑμᾶς
3147 3745 3408 3816 δόξωμεν,
3443 3743 3640 3811 ὀλίγων

2059 3843 2219 3896 τινῶν
2268 3844 2374 3896 τῶν
2424 3843 2554 3914 παρ’
2589 3841 2752 3896 αὑτοῦ
2833 3841 2926 3894 τοῦ
2990 3837 3225 3910 Χριστοῦ
3292 3836 3638 3906 διδαγμάτων

2059 3978 2346 4048 ligionum,
2381 3991 2501 4031 cum
2554 3975 2666 4048 alii,
2700 3974 2840 4048 alios
2888 3975 3021 4029 deos
3052 3974 3321 4048 colerent,
3361 3971 3646 4048 eteadem-

2062 4043 2150 4102 rés
2179 4046 2307 4102 alibi
2346 4049 2512 4109 Deus,
2541 4045 2670 4100 alibi
2695 4047 2916 4100 victima
2947 4055 3116 4099 esset.
3153 4043 3324 4110 Hujus
3369 4044 3447 4095 rei
3493 4044 3633 4111 apud

2060 4117 2357 4172 Eusebium
2386 4115 2624 4184 Prcepar.
2661 4115 2913 4184 Evangel.
2951 4115 3043 4169 lib.
3077 4131 3159 4175 Ill,
3191 4130 3310 4182 cap.
3336 4115 3393 4184 il,
3419 4112 3635 4184 insigne

2062 4187 2433 4242 testimonium
2467 4181 2729 4240 habemus
2762 4181 2826 4240 eti
2853 4187 2990 4239 libro
3018 4181 3294 4238 Plutarchi
3323 4183 3401 4236 De
3436 4181 3631 4235 Drmia-

2059 4257 2128 4310 lis
2167 4255 2578 4320 Platwensibus,
2621 4267 2942 4325 corruptum
2977 4255 3107 4307 illud
3139 4257 3382 4325 quidem,
3426 4257 3521 4305 sed
3551 4261 3635 4325 _t:_t_-

2062 4343 2184 4381 men
2223 4330 2365 4395 quod
2418 4327 2577 4380 facile
2627 4322 2992 4395 emendetur:
3030 4325 3103 4378 Οὐ
3154 4323 3464 4393 νομίζουσιν
3512 4322 3633 4375 οὺδέ

2059 4392 2266 4461 ἀξιοῦσι
2317 4397 2600 4450 κοινωνίαν
2649 4392 2786 4467 εἶναι
2834 4395 2969 4467 πρὸς
3021 4392 3271 4467 Διόνυσον
3308 4395 3631 4467 ’Ἡρᾳςμφυ-

2052 4467 2342 4521 λάσσονται
2374 4467 2430 4519 δέ
2475 4466 2843 4536 συμμιγνύναι
2878 4461 2961 4518 ’τὰ
3014 4465 3154 4536 ἱερὰ,
3192 4465 3285 4536 καί
3331 4461 3441 4526 τᾶς
3475 4461 3632 4532 Ἀθή-

2050 4555 2207 4608 νῃσιν
2241 4537 2443 4609 ἱερείας
2474 4534 2799 4609 ἀπαντώσας
2852 4537 3014 4604 φασὶν
3043 4534 3330 4609 »ἀλλήλαις
3362 4549 3631 4609 προσαγο-

2089 4602 2252 4671 ἕύειν,
2291 4602 2426 4677 μηδέ
2476 4608 2613 4670 ὅλως
2648 4607 2828 4660 κιττὸν
2865 4602 2962 4670 είς
3007 4602 3089 4658 τὸ’
3118 4602 3220 4677 τῆς
3258 4602 3438 4676 ’Ἥρας
3475 4603 3630 4673 κομί-

2089 4626 2252 4671 ευειν,
2294 4626 2426 4677 μηοε
2476 4626 2613 4670 οΛως
2648 4626 2828 4660 κιττον
2881 4626 2962 4670 εις
3007 4626 3068 4658 το
3118 4626 3220 4675 της
3285 4626 3438 4676 ηρας
3475 4626 3630 4673 κομι-

2050 4626 2239 4744 gae-Gai.
2274 4679 2517 4749 τέμενος.
2558 4678 2866 4749 Legendunt
2917 4685 3070 4749 putat
3126 4675 3353 4749 Vigcrus
3402 4691 3632 4744 προαγο-

2051 4749 2268 4820 ρεύειν;
2306 4746 2362 4820 at
2409 4751 2584 4820 soluta
2645 4746 2828 4820 Omnia
2889 4750 2932 4800 si
2981 4746 3296 4820 legatnr_oo
3336 4761 3629 4820 προσαγο-

2051 4814 2261 4897 ρεύειν,
2293 4819 2514 4872 Nullum
2547 4835 2767 4885 prorsus
2795 4818 2999 4870 Junoni
3035 4814 3152 4897 cunt
3182 4814 3633 4897 Baccho—societu-

2049 4884 2150 4944 iem
2180 4901 2228 4944 et
2257 4884 2677 4942 communienem
2717 4904 2827 4940 esse
2867 4888 3242 4954 pronuntiant,
3289 4901 3451 4954 eoque
3499 4884 3630 4936 dili-

2047 4970 2228 5029 genter
2261 4968 2445 5013 cavent
2471 4976 2534 5012 ne
2564 4961 2841 5029 amborum
2869 4973 3026 5010 socru
3049 4959 3408 5018 misceantur;
3441 4971 3502 5008 ac
3541 4971 3630 5006 .m-

2049 5028 2284 5084 ccrdotcs
2323 5038 2548 5082 narrant
2581 5028 2818 5095 Athenis,
2852 5030 2897 5081 si
2933 5029 3034 5080 sibi
3061 5029 3275 5080 invicem
3319 5035 3627 5086 occurrant,

2049 5102 2188 5154 inter
2225 5118 2279 5154 se
2320 5115 2425 5152 non
2459 5101 2717 5162 salutare,
2747 5115 2838 5151 nec
2883 5100 3096 5150 omnino
3125 5097 3377 5148 hederam
3411 5097 3466 5147 in
3500 5105 3628 5146 tem-

2047 5174 2192 5240 plum
2215 5171 2444 5224 Junonis
2470 5169 2681 5237 inferri.
2718 5170 2795 5222 Ex
2827 5168 3146 5236 religionum
3183 5164 3628 5240 varietatebella,

2047 5235 2346 5297 seditiones
2371 5255 2435 5293 ac
2464 5235 2639 5293 caedes
2665 5240 2871 5293 exoriri
2908 5235 3161 5292 observat
3193 5235 3541 5289 Athanasius
3576 5235 3628 5285 in

2049 5310 2202 5365 Orat.
2233 5323 2418 5365 contra
2445 5322 2643 5378 gentes,
2678 5326 2733 5362 n.
2767 5309 2860 5362 2'5.

2119 5383 2232 5453 (88)
2269 5385 2333 5434 Οἱ
2364 5373 2513 5434 καὶνὰ
2550 5373 2656 5446 τὰζ-
2688 5379 2792 5453 τοῡ
2823 5377 3101 5448 Χριστοῦ.
3137 5376 3398 5442 Quamvis
3428 5373 3560 5426 illud
3583 5373 3634 5450 οἱ

2049 5469 2154 5506 non
2200 5452 2485 5520 repugnet,
2540 5452 2829 5520 commode
2875 5467 3056 5504 tamen
3117 5457 3303 5520 posset
3361 5460 3623 5513 expungi,

2049 5525 2204 5592 isque
2229 5517 2424 5577 sensus
2452 5529 2697 5575 exstaret
2730 5537 2743 5574 :
2775 5519 2878 5592 Eos
2902 5517 3436 5592 ειιιιιιωιάοτίιοοιοτε
3465 5528 3630 5592 conn.

2046 5591 2192 5660 mur,
2238 5605 2298 5646 ut
2343 5595 2647 5646 secundum
2695 5591 2959 5657 przeclara
3005 5591 3208 5644 Christi
3239 5597 3508 5658 prteccpta
3545 5591 3620 5639 τις

2046 5677 2255 5731 ventes,
2290 5666 2481 5719 bonam
2512 5676 2661 5733 spem
2701 5661 2958 5726 habeant,
2993 5673 3099 5714 ctc.
