3948 6256
376 326 476 381 aut
1504 320 1851 382 APOLOGIA
1885 321 1905 376 Ι
1938 319 1971 376 P

2112 316 2572 376 CHRISTIANIS.
3575 317 3680 374 330

381 438 794 512 “nmmo-119m
826 434 1000 500 καλῶς
1031 432 1192 507 ἔχειν
1227 435 1342 510 πρὸ
1374 435 1473 508 τῆς
1505 436 1831 501 ἀποδείξεως
1866 439 1971 508 ήγη

2103 450 2225 492 esse
2281 433 2562 496 duximus,
2601 443 2774 501 pauca
2817 428 3063 498 quaedam
3119 444 3190 486 ex
3251 429 3428 500 ipsius
3474 423 3690 487 Lnristi’

383 533 620 603 sipzﬂa,
657 532 756 585 καὶ
786 530 1046 602 ὑμέτερον
1081 528 1256 594 ἔστω,
1291 530 1370 594 ὡς
1401 530 1641 584 δυνατῶν
1677 530 1787 601 (89)
1843 529 1971 600 βασι

2097 527 2408 597 praeceptis,
2445 533 2739 592 antequam
2793 522 2862 576 ad
2910 521 3429 579 demonstrationem
3488 523 3677 578 venia-

381 624 544 686 λέων,
579 621 836 687 ἐξετάσαι
884 622 932 673 εί
981 618 1210 689 ἀληθῶς
1250 618 1365 690 (90)
1417 618 1588 673 ταῦτα
1638 617 1971 689 δεδιδάγμεθι

2096 635 2239 684 mus,
2271 629 2721 673 commemorare.
2756 614 2930 670 Vobis
2957 624 3144 669 autem
3178 616 3462 677 convenit,
3495 623 3554 670 ut
3581 632 3676 686 po-

382 717 482 769 καὶ
511 715 858 785 διδάσκομεν.
885 711 1200 784 Βραχεῖςδὲ
1237 711 1335 765 καί¹
1370 709 1625 780 σύντομοι
1659 709 1792 780 παρ’
1827 708 1971 762 αὑτοὶ

2096 711 2338 765 tentibus
2377 708 2615 778 regibus,
2669 708 2980 777 expendere
3021 721 3090 761 an
3138 721 3331 762 revera
3381 707 3497 762 haec
3529 707 3672 764 didi~

379 807 532 875 λόγοι
586 809 900 876 γεγόνασιν.
949 805 1025 858 Οὐ
1074 804 1190 875 γὰρ
1247 802 1505 874 σοφιστὴς
1556 802 1821 874 ὑπῆρχεν,
1855 800 1971 855 ἀλλά

2093 803 2332 858 cerimus
2356 811 2412 856 et
2447 802 2764 856 doceamus.
2827 799 3001 855 Breve
3054 809 3237 854 autem
3290 810 3346 854 et
3390 801 3671 856 concisum

376 895 616 966 δύναμις
652 895 767 968 (91³)
801 893 936 948 θεοῦ
969 895 999 948 ὁ
1029 894 1194 963 λόγος
1229 892 1398 947 αὐτοῦ
1428 889 1515 964 ἦν.

2093 893 2194 950 fuit
2225 894 2370 950 illius
2405 894 2622 949 dicendi
2652 908 2858 964 genus;
2909 907 3014 946 non
3047 893 3190 946 enim
3248 893 3497 962 sophista
3527 902 3670 956 erat,

2092 988 2186 1042 sed
2213 988 2332 1057 ejus
2357 988 2534 1042 oratio
2561 986 2736 1041 virtus
2765 985 2858 1040 Dei
2882 985 3007 1040 fuit.

2161 1081 2250 1137 15.
2291 1081 2478 1152 Itaque
2521 1081 2587 1136 de
2637 1080 2896 1135 castitate
2947 1080 3288 1134 tantumdem
3349 1077 3669 1143 dixitzaui

2089 1175 2374 1241 inspexerit
2411 1173 2686 1228 mulierem
2739 1173 2809 1225 ad
2865 1172 3336 1239 concupiscendum
3387 1185 3526 1236 eam,
3555 1170 3668 1237 iam

2087 1267 2378 1320 moechatus
2408 1277 2483 1320 est
2510 1267 2566 1320 in
2605 1267 2762 1320 corde
2815 1265 2957 1333 apud
3007 1264 3199 1318 Deum.
3233 1263 3301 1320 Et
3331 1284 3342 1318 :
3377 1261 3438 1317 Si
3480 1261 3666 1316 oculus

2089 1369 2211 1412 tuus
2241 1357 2424 1414 dexter
2466 1358 2800 1411 scandalizat
2842 1367 2911 1420 te,
2942 1372 3066 1410 erue
3097 1371 3236 1411 eum.
3273 1355 3499 1423 Expedit
3527 1355 3669 1408 enim

2085 1449 2181 1504 tibi
2212 1465 2375 1503 unum
2397 1447 2609 1502 oculum
2631 1447 2911 1502 habentem
2940 1447 3148 1516 ingredi
3174 1447 3228 1500 in
3253 1461 3472 1516 regnum
3508 1444 3670 1498 coelo-

2087 1557 2230 1605 rum,
2258 1541 2434 1609 potius
2471 1555 2631 1609 quam
2659 1554 2778 1591 cum
2815 1536 3024 1591 duobus
3066 1537 3206 1591 mitti
3232 1537 3288 1590 in
3317 1537 3490 1605 ignem
3516 1544 3670 1588 aster-

450 1077 543 1130 15.
581 1075 725 1148 Περὶ
783 1077 879 1146 μὲν
930 1069 1028 1128 οὖν
1078 1073 1438 1146 σωφροσύνης
1489 1071 1742 1127 τοσοῦτον
1795 1067 1948 1128 εἶπεν
1971 1091 1984 1104 ο

377 1170 480 1233 Ὀς
507 1167 588 1222 ἄν
623 1167 900 1237 ἐμϐλέψῃ
934 1167 1179 1236 γυναικὶ
1217 1166 1369 1234 πρὸς
1391 1166 1458 1220 τὸ
1478 1165 1846 1236 ἐπιθυμῆσαι
1882 1167 1989 1220 αὐ-

371 1259 510 1326 τῆς,
543 1260 668 1328 ἤδη
691 1260 1018 1329 ἐμοίχευσε
1037 1257 1114 1328 τῇ
1143 1259 1358 1327 καρδίᾳ
1385 1257 1545 1327 παρὰ
1573 1257 1654 1324 τῷ
1682 1257 1822 1324 Θεῷ.
1853 1259 1983 1312 Καί’

367 1355 437 1404 Ei
471 1355 506 1403 ὁ
530 1353 849 1421 ὀφθαλμός
872 1368 993 1405 σου
1017 1353 1049 1405 ό
1073 1351 1275 1418 δεξιὸς
1292 1350 1670 1411 σκανδαλίζει
1690 1366 1784 1414 σε,
1814 1351 1985 1404 ἐκκο-

365 1448 502 1512 εᾷιον
532 1446 726 1498 αὐτόν
746 1461 760 1473 ο
794 1444 1090 1514 συμφέρει
1119 1442 1230 1514 γάρ
1268 1459 1366 1498 σοι
1397 1445 1828 1514 μονόφθαλμον
1855 1446 1983 1497 εισ-

361 1537 579 1590 ελθεῖν
622 1540 712 1603 εὶς
759 1537 875 1605 τὴν
908 1539 1244 1602 ,Βασιλείαν
1274 1538 1392 1592 τῶν
1429 1536 1723 1607 οὐρανῶν,
1763 1537 1802 1605 ἣ
1834 1535 1986 1606 μετὰ

363 1628 495 1683 τῶν
526 1628 642 1683 δύο
673 1629 1024 1699 πεμφθῆναι
1057 1633 1146 1697 είς
1174 1631 1242 1684 τὸ
1271 1630 1509 1684 αἰώνιον
1524 1630 1663 1698 πῦρ.
1704 1629 1836 1683 Καί’
1878 1631 1971 1695 ’ος

2086 1649 2232 1686 num.
2269 1632 2333 1686 Et
2364 1646 2379 1684 :
2414 1631 2521 1696 Qui
2543 1630 2691 1684 ducit
2727 1630 3066 1698 repudiatam
3101 1628 3164 1682 ab
3195 1627 3364 1682 altero
3388 1628 3522 1696 uiro,
3546 1642 3673 1680 mte-

365 1723 555 1792 γαμεῖ
588 1724 1070 1793 ἀπολελυμένην
1108 1723 1210 1793 ἀφ’
1241 1723 1446 1792 ἐτέρου
1501 1721 1742 1790 ἀνδρὸς,
1779 1719 1971 1790 μοιχᾶ·

2084 1723 2272 1776 cltatur
2288 1722 2352 1775 ³⁸.
2390 1722 2453 1776 El
2481 1740 2494 1777 :
2529 1721 2666 1776 Sunt
2694 1721 2910 1790 quidam
2935 1721 3027 1788 qui
3045 1721 3273 1774 eunuchi
3294 1719 3428 1788 [acti
3453 1728 3577 1774 sunt
3605 1718 3671 1772 ab

360 1831 486 1869 tat.
525 1815 663 1868 Καί·
703 1816 846 1870 Εἰσί
872 1832 1042 1882 τινες
1080 1817 1303 1882 οἵτινες
1345 1815 1838 1884 εὐνουχίσθησαν
1862 1812 1971 1867 ὑπὸ

2084 1813 2382 1867 hominibus
2400 1829 2420 1878 ,°
2435 1823 2556 1867 sunt
2576 1824 2751 1866 autem
2773 1812 2865 1881 qui
2890 1810 3000 1864 nati
3017 1821 3140 1864 sunt
3161 1811 3390 1865 eunuchi
3408 1827 3427 1876 ;
3444 1820 3564 1865 sunt
3580 1813 3671 1878 qui

359 1905 487 1960 τῶν
507 1906 876 1974 ἀνθρώπων
901 1908 1024 1961 εἶσὶ
1063 1907 1133 1961 δὲ
1156 1908 1214 1961 οἳ
1232 1906 1648 1977 ἐγεννήθησαν
1669 1904 1971 1974 εὐνοῦχοι⁴

2085 1907 2282 1974 seipsos
2313 1906 2582 1961 eunuchos
2621 1906 2858 1975 fecerunt
2887 1915 3105 1974 pr0pter
3132 1922 3349 1975 regnum
3371 1906 3627 1960 caelorum
3651 1918 3672 1959 :

361 1999 488 2054 εισι
520 1999 594 2053 δὲ
621 2001 685 2053 οἳ
718 2002 1100 2070 εὐνούχισαν
1123 1999 1376 2066 ἑαυτοὺς
1394 1998 1494 2052 διὰ
1519 1997 1634 2067 τὴν
1653 1998 1971 2063 ,ϐασιλείαν

2083 1997 2175 2051 sed
2204 2012 2308 2050 non
2337 2013 2516 2052 omnes
2558 1997 2656 2050 hoc
2677 1996 2974 2066 capiunt".
3003 1995 3472 2063 Quemadmodum
3501 1996 3669 2052 etiam

362 2090 490 2144 τῶν
518 2092 809 2160 οὐρανῶν
830 2110 844 2122 ·
875 2092 1046 2162 πλὴν
1088 2094 1162 2148 οὐ
1191 2091 1412 2157 πάντες
1437 2091 1614 2146 τοῦτο
1652 2091 1971 2160 χωροῦσιν.

2084 2089 2120 2144 ii
2148 2090 2238 2159 qui
2263 2104 2329 2144 ex
2361 2089 2479 2160 lege
2508 2090 2747 2143 humana
2777 2089 2975 2159 duplex
3003 2089 3417 2145 matrimonium
3450 2090 3666 2156 ineunt,

364 2184 592 2256 Ὠσπερ
627 2185 732 2238 καὶ
763 2187 814 2238 οἱ
849 2185 1003 2257 νόμῳ
1021 2185 1352 2257 ἀνθρωπίνῳ
1381 2183 1639 2255 διγαμίας
1661 2182 1771 2253 (92)
1805 2183 1971 2236 ποιού-

2084 2182 2158 2236 ita
2192 2191 2247 2236 et
2281 2183 2373 2251 qui
2401 2182 2692 2236 mulierem
2739 2183 3018 2251 aspiciunt
3051 2183 3122 2236 ad
3171 2184 3670 2252 concupiscendum

366 2293 544 2348 μενοι,
613 2277 943 2350 ἁμαρτωλοὶ
1001 2277 1157 2350 παρὰ
1220 2275 1298 2347 τῷ
1363 2276 1619 2348 ἡμετέρῳ
1669 2273 1971 2346 Διδασκάλῳ

2083 2289 2227 2340 eam,
2281 2284 2610 2344 peccatores
2647 2283 2777 2330 sunt
2819 2275 2964 2344 apud
3007 2274 3331 2344 Magistrum
3393 2282 3666 2329 nostrum.

366 2366 497 2430 εἰσὶ,
533 2367 633 2421 καὶ
687 2369 740 2420 οἱ
791 2367 1238 2439 προσϐλέποντες
1284 2367 1502 2435 γυναικὶ
1537 2366 1676 2439 πρὸς
1707 2366 1768 2420 τὸ
1801 2364 1971 2419 ἐπιθυ-

2084 2363 2202 2420 Non
2233 2365 2381 2420 enim
2407 2365 2454 2420 is
2483 2365 2659 2420 solum
2701 2365 2772 2420 ab
2822 2381 2890 2421 eo
2934 2365 3173 2437 eiicitur,
3212 2366 3307 2435 qui
3359 2379 3419 2421 re
3444 2373 3502 2420 et
3543 2373 3667 2420 actu

374 2461 546 2531 μῆσαι
602 2460 806 2531 αὐτῆς.
845 2460 922 2514 Οὐ
971 2459 1082 2532 γὰρ
1131 2459 1245 2532 (95)
1283 2460 1441 2531 μόνον
1472 2462 1501 2514 ὁ
1537 2458 1807 2531 μοιχεύων
1836 2458 1982 2531 ἔργῳ

373 2549 709 2621 ὲκῦἑῦληται
761 2551 896 2622 παρ’
930 2549 1102 2621 αὐτῷ,
1139 2549 1279 2604 ἀλλὰ
1329 2551 1425 2604 καὶ
1455 2553 1484 2605 ὁ
1521 2550 1808 2621 μοιχεῦσαι
1859 2549 1982 2620 βου-

371 2639 602 2710 λόμενος
626 2657 640 2669 ·
679 2639 760 2703 ὡς
794 2639 857 2692 οὐ
892 2640 1002 2693 τῶν
1036 2639 1216 2712 ἔργων
1249 2639 1503 2712 φανερῶν
1527 2640 1689 2710 μόνον
1723 2639 1802 2710 τῷ
1833 2636 1976 2709 Θεῷ,

375 2733 511 2786 ἀλλὰ
546 2734 644 2786 καὶ
699 2733 814 2787 τῶν
864 2733 1289 2806 ἐνθυμημάτων.
1327 2733 1437 2787 Καὶ
1489 2732 1672 2786 πολλοί
1707 2748 1851 2796 τινες
1885 2733 1980 2786 καὶ

374 2825 592 2889 πολλαὶ,
647 2824 1039 2896 ἑξηκοντοῦται
1108 2825 1203 2878 καὶ
1254 2824 1766 2895 ὲ6δομηκοντοῦται,
1819 2823 1868 2876 οἳ
1915 2825 1981 2878 ἐκ

376 2917 582 2971 παίδων
639 2914 1103 2988 ὲμαθητεύθησαν
1135 2913 1213 2986 τῷ
1243 2913 1484 2987 Χριστῷ,
1520 2914 1745 2986 ἄφθοροι
1791 2913 1980 2984 διαμέ-

374 3027 525 3063 νουσι
544 3027 559 3039 ·
597 3010 698 3063 καὶ
733 3007 970 3078 εὔχομαι
1004 3006 1146 3061 κατὰ
1176 3009 1286 3062 πᾶν
1309 3007 1465 3077 γένος
1485 3005 1788 3078 ἀνθρώπων
1807 3006 1980 3061 τοιού-

375 3116 500 3163 τους
551 3099 756 3164 δεῖξαι.
817 3099 884 3153 Τί
928 3097 1038 3170 γὰρ
1086 3097 1180 3151 καὶ
1229 3098 1460 3168 λέγομεν
1508 3097 1569 3150 τὸ
1603 3097 1976 3170 ἀναρίθμητον
2002 3134 2046 3193 c

372 3192 580 3260 πλῆθος
616 3191 731 3244 τῶν
779 3191 838 3258 ἐξ
884 3191 1185 3254 ἀκολασίας
1228 3189 1642 3262 μεταϐαλόντων
1671 3190 1767 3244 καὶ⁹
1800 3188 1976 3244 ταῦτα

376 3285 695 3354 μαθόντων;
725 3284 804 3338 Οὐ
826 3283 936 3355 γὰρ
965 3286 1090 3347 τοὺς
1118 3283 1376 3346 δικαίους,
1398 3282 1519 3336 οὐδὲ
1543 3283 1669 3346 τοὺς
1696 3281 1978 3354 σώφρονας

372 3377 450 3437 είς
486 3375 792 3445 μετάνοιαν
840 3373 1101 3427 ἐκάλεσεν
1131 3375 1160 3425 ὁ
1188 3372 1446 3444 Χριστὸς,
1497 3371 1635 3426 ἀλλὰ
1683 3372 1811 3436 τοὺς
1849 3373 1979 3426 ἀσε-

372 3467 484 3531 ϐεῖς
518 3467 618 3520 καὶ
667 3466 1031 3530 ἀκολάστους,
1081 3467 1176 3520 καὶ
1209 3465 1446 3529 ἀδίκους.
1475 3461 1611 3517 Εἷπε
1670 3465 1726 3518 δὲ
1768 3464 1973 3529 οὕτως·

368 3563 486 3614 Οὐκ
515 3556 719 3630 ἦλθον
764 3558 1020 3612 καλέσαι
1049 3557 1341 3625 δικαίους,
1373 3557 1536 3611 ἀλλὰ
1579 3557 1974 3626 ἁμαρτωλοὺς

372 3655 453 3718 εὶς
479 3649 840 3720 μετάνοιαν.
889 3649 1045 3703 Θέλει
1088 3649 1198 3722 γὰρ
1240 3651 1271 3703 ὁ
1312 3648 1555 3721 Πατὴρό
1585 3649 1836 3720 οὐράνιος
1874 3647 1973 3719 τὴν

377 3743 672 3813 μετάνοιαν
721 3742 821 3796 τοῦ
885 3741 1238 3814 ἁμαρτωλοῦ,
1276 3740 1308 3812 ἢ
1370 3741 1470 3812 τὴν
1517 3741 1740 3794 κόλασιν
1783 3738 1970 3794 αὐτοῦ.

375 3836 504 3907 Περὶ
542 3837 603 3890 δὲ
643 3835 743 3890 τοῦ
798 3834 1048 3906 στέργειν
1076 3835 1344 3898 ἅπαντας,
1375 3831 1551 3888 ταῦτα
1579 3832 1818 3898 ἐδίδαξεν
1855 3849 1870 3870 ε
1904 3834 1976 3886 El

376 3928 641 3998 ἀγαπᾶτε
661 3927 813 3994 τοὺς
842 3925 1199 3997 ἀγαπῶντας
1220 3926 1395 3996 ὑμᾶς,
1415 3926 1472 3979 τί
1490 3923 1702 3980 καινὸν
1722 3923 1943 3979 ποιεῖτε
1955 3940 1976 3988 ;

2083 2457 2415 2522 moechatur,
2441 2459 2537 2512 sed
2585 2457 2750 2512 etiam
2801 2457 2895 2528 qui
2939 2457 3209 2514 moechari
3264 2457 3412 2523 vult;
3463 2457 3669 2527 quippe

2081 2565 2204 2606 cum
2236 2550 2349 2606 Deo
2378 2565 2485 2605 non
2540 2549 2684 2606 facta
2729 2551 2930 2616 solum,
2963 2551 3056 2606 sed
3087 2552 3256 2607 etiam
3288 2551 3528 2620 cogitata
3557 2566 3663 2620 pa-

2082 2651 2252 2699 teant.
2295 2643 2376 2700 Ac
2409 2642 2564 2698 multi
2613 2643 2836 2714 quidem
2873 2652 2931 2699 et
2963 2643 3148 2698 multae
3177 2659 3355 2700 annos
3371 2644 3661 2713 sexaginta

2079 2746 2135 2792 et
2160 2737 2507 2808 septuaginta
2536 2737 2671 2803 nati,
2705 2737 2799 2807 qui
2833 2752 2863 2791 a
2892 2736 3078 2806 pueris
3119 2735 3328 2790 Christi
3369 2737 3663 2805 disciplina

2081 2827 2278 2884 imbuti
2310 2837 2464 2895 sunt,
2512 2828 2818 2898 incorrupti
2878 2837 3276 2897 perseverant;
3327 2829 3577 2892 talesque
3608 2828 3665 2883 in

2079 2916 2227 2970 omni
2255 2918 2538 2974 hominum
2566 2931 2765 2987 genere
2797 2927 3233 2973 monstraturum
3265 2932 3352 2972 me
3381 2918 3664 2986 proﬁteor.

2079 3008 2221 3075 Quid
2253 3009 2398 3065 enim
2431 3009 2891 3065 innumerabilem
2923 3025 3112 3065 eorum
3141 3011 3545 3066 multitudinem
3578 3009 3665 3066 di-

2080 3115 2228 3166 cam,
2263 3101 2356 3171 qui
2411 3117 2478 3156 ex
2521 3103 2747 3158 lascivia
2797 3117 2918 3159 sese
2963 3114 3287 3172 receperunt
3331 3113 3495 3172 atque
3549 3103 3666 3157 haec

2083 3193 2428 3248 didicerunt?
2456 3192 2574 3250 Non
2602 3195 2747 3250 enim
2773 3195 2949 3264 justos
3001 3211 3178 3266 neque
3206 3204 3420 3250 .castos
3449 3195 3516 3249 ad
3548 3210 3665 3263 pue-

2084 3286 2373 3342 uitentiam
2405 3289 2628 3342 vocavit
2665 3288 2956 3354 Christus,
2989 3291 3084 3344 sed
3137 3289 3355 3357 impios,
3379 3298 3437 3342 et
3470 3289 3661 3342 incon-

2085 3378 2343 3443 tinentes,
2374 3389 2429 3432 et
2481 3378 2734 3447 injustos.
2787 3380 2882 3435 Sic
2935 3381 3078 3434 enim
3129 3381 3347 3450 inquit:
3387 3377 3509 3432 Non
3547 3382 3661 3434 veni

2081 3485 2267 3525 uocare
2288 3471 2487 3538 justas,
2519 3472 2610 3524 sed
2635 3480 2932 3536 peccatores
2958 3473 3025 3526 ad
3055 3472 3415 3541 paenitentiam
3438 3472 3508 3526 ³⁸.
3529 3472 3658 3525 Poe-

2082 3562 2370 3616 nitentiam
2410 3575 2648 3631 namque
2704 3562 2920 3616 mavult
2951 3577 3115 3631 quam
3166 3575 3383 3630 poenam
3417 3561 3662 3616 caelestis

2081 3651 2262 3707 Pater.
2297 3653 2374 3708 De
2419 3655 2633 3710 cunctis
2667 3665 2852 3712 autem
2900 3657 3219 3712 hominibus
3269 3656 3557 3727 diligendis
3588 3658 3659 3710 ita

2078 3741 2388 3798 docuit:Si
2417 3743 2640 3814 diligitis
2668 3762 2757 3800 eos
2785 3748 2876 3817 qui
2913 3764 3000 3802 vos
3050 3747 3307 3818 diligunt,
3362 3749 3490 3817 quid
3539 3748 3660 3800 novi

2079 3833 2298 3902 facitis?
2329 3834 2426 3889 hoc
2460 3835 2598 3889 enim
2631 3847 2680 3890 et
2716 3837 3070 3905 fornicatores
3119 3839 3345 3904 faciunt.
3393 3838 3507 3908 Ego
3538 3853 3659 3892 vero

2078 3924 2199 3978 dico
2238 3925 2380 3980 vobis
2408 3939 2427 3978 :
2453 3924 2618 3981 Orate
2647 3943 2742 3997 pro
2770 3928 2998 3983 inimicis
3028 3930 3237 3996 vestris,
3269 3940 3316 3985 et
3341 3930 3547 4000 diligite
3569 3943 3658 3982 eos

440 4087 487 4119 κ
524 4087 730 4144 uana.
756 4105 812 4154 ν,
841 4087 934 4154 es,
959 4088 1053 4153 29,
1085 4084 1177 4141 se.
1253 4085 1296 4116 ³⁷
1335 4084 1527 4139 Matth.
1559 4100 1674 4150 xxx,
1705 4085 1794 4141 ta.
1823 4134 1841 4152 ,
1886 4084 1933 4119 ιιι
1970 4130 1971 4134 ,

2089 4085 2163 4139 th.
2200 4099 2278 4152 ts,
2308 4085 2396 4140 l5.

443 4250 553 4321 (89)
583 4249 686 4321 Ὠς
701 4244 998 4321 δυνατῶν.
1030 4243 1341 4321 Legendum
1373 4241 1588 4321 putavit
1618 4242 1684 4298 H.
1715 4241 1951 4312 Stepha-

2059 4258 2262 4318 genere
2301 4243 2566 4318 loquitur.
2585 4244 2967 4318 Quamobrem
2998 4247 3167 4304 multo
3193 4251 3371 4318 aptius
3409 4261 3466 4305 et
3494 4267 3645 4308 com-

379 4313 475 4377 nns
500 4313 579 4384 ὡς
610 4313 678 4388 δὴ
715 4316 979 4380 συνετῶν,
1015 4315 1229 4388 (ιυίπῇεά
1267 4313 1534 4380 ejusmodi
1592 4328 1774 4388 rerum
1820 4329 1956 4388 con-
2059 4315 2276 4388 modius
2325 4315 2667 4388 reddideris:
2697 4316 2882 4388 Neque
2917 4320 3055 4371 enim
3092 4313 3515 4386 erat'snphista,
3561 4326 3655 4378 sed

381 4383 778 4447 siderationem
806 4402 914 4441 non
948 4383 1189 4454 potentia
1218 4399 1353 4452 opus
1385 4392 1491 4445 est,
1531 4383 1625 4437 sed
1659 4384 1952 4451 sapientia.

2063 4385 2234 4454 ipsius
2264 4401 2436 4438 sermo
2488 4386 2656 4457 virtus
2687 4386 2784 4440 Dei
2829 4397 2968 4452 erat,
3003 4390 3129 4457 quia
3168 4385 3421 4445 videlicet
3450 4393 3651 4450 Christi

381 4465 482 4516 sed
514 4475 623 4527 quo
675 4458 853 4528 major
882 4465 1002 4510 erat
1038 4461 1722 4528 iunperatorum‘potestas,
1747 4468 1814 4528 eo
1845 4470 1962 4528 ma-
1994 4469 2040 4528 ἦ
2069 4471 2256 4528 sermo
2272 4470 2420 4528 Acum
2461 4454 2626 4528 rebus
2657 4457 2917 4510 inanimis
2956 4454 3293 4527 imperabat,
3322 4470 3430 4514 tum
3462 4465 3651 4528 etiam,

380 4501 621 4600 Eii-dig
649 4501 880 4605 decebat
915 4501 1166 4605 veritatis
1211 4501 1515 4605 inquisitio,
1569 4501 1870 4605 praesertim
1907 4525 1962 4578 in
1994 4501 2040 4556 D
2072 4501 2130 4578 ui
2159 4501 2529 4605 aitvprigene's
2692 4501 3300 4605 [θωπί-ὀξίς,-
3735 4591 3739 4596 ,

382 4595 464 4658 his
504 4603 675 4654 rebus
703 4600 776 4653 ob
819 4612 957 4665 quas
991 4596 1235 4665 homines
1274 4596 1594 4665 innocentes
1623 4595 1966 4648 damnaban-

384 4687 488 4728 tur.
517 4673 662 4726 Hinc
699 4664 958 4723 Justinus
997 4666 1154 4733 Apol.
1181 4664 1235 4730 2,
1270 4681 1322 4719 n.
1370 4664 1424 4730 5,
1461 4673 1712 4732 paratum
1757 4679 1817 4718 se
1848 4679 1968 4718 esse

385 4746 770 4797 demonstrans
805 4753 990 4790 coram
1023 4736 1446 4798 imperatoribus
1479 4733 1830 4788 Crescentem
1874 4749 1967 4790 re-

387 4814 584 4872 fellere,
618 4812 697 4863 ait
725 4827 741 4862 :
777 4808 998 4876 Regium
1021 4821 1148 4860 sane
1179 4807 1275 4858 hoc
1298 4821 1429 4874 opus
1461 4805 1646 4876 fuerit.

453 4871 1074 4950 (90)’Ambiguaivideri
1121 4871 1343 4944 possent
1387 4871 1502 4930 huic
1545 4871 1739 4950 Justini
1774 4875 1964 4950 verba,

389 4957 435 5008 εῐ
460 4945 721 5020 ἀλήθῶς,
754 4943 862 5002 οἷς.
885 4949 934 5001 Is
963 4943 1334 5020 enimsensus
1380 4961 1501 4999 esse
1538 4945 1709 5020 possit
1737 4943 1965 5020 :_Utrnm

390 5028 511 5087 hac,
540 5015 989 5091 quw’didicimus
1029 5027 1078 5071 et
1128 5016 1550 5091 docemus,_‘uera
1580 5017 1706 5068 sint.
1733 5015 1840 5071 Sed
1870 5015 1966 5091 Ju-

391 5086 561 5147 stinus
598 5091 808 5146 Christi
851 5097 1127 5158 prtccepta
1166 5087 1228 5158 in
1282 5086 1460 5140 medio
1499 5099 1704 5155 ponere
1729 5087 1962 5158 statuit,

391 5180 449 5218 ne
474 5163 646 5218 verba
675 5162 810 5215 dare
845 5157 1117 5218 videatur,
1146 5157 1274 5210 dum
1311 5165 1518 5209 tantam
1548 5169 1673 5210 esse
1701 5157 1961 5210 Christia-

392 5250 572 5289 norum
624 5231 982 5285 sanctitatem
1033 5235 1338 5281 asseverat.
1385 5227 1573 5294 Itaque
1613 5240 1718 5279 non
1749 5227 1964 5281 dubitat

391 5305 505 5372 quin
542 5303 999 5372 Christianorum
1037 5297 1353 5372 innocentia
1398 5298 1449 5350 in
1482 5305 1599 5372 tuto
1635 5295 1816 5350 futura
1865 5297 1960 5363 sit,

389 5366 429 5429 si
459 5375 572 5429 hzec
606 5373 729 5427 illos
759 5389 788 5425 a
814 5370 1050 5425 Christo
1093 5366 1369 5433 accepisse
1397 5379 1452 5420 et
1483 5368 1680 5420 docere
1705 5377 1920 5422 constet
1945 5383 1960 5420 :

391 5456 543 5511 atque
590 5443 642 5496 id
676 5459 847 5497 unum
892 5439 963 5493 ad
1003 5437 1418 5506 cxpendeudum
1449 5447 1502 5491 et
1531 5438 1959 5492 examinandum

422 5516 650 5570 rononit.
755 5517 784 5544 ‘

389 5530 784 5655 pr?gi’)n":l.1.1d‘
809 5576 1350 5655 δύναμις.-1δθιιεζιιε
1381 5587 1435 5655 et
1471 5578 1807 5655 Grabiussic
1839 5580 1961 5634 red-

391 5645 555 5711 dunt':
595 5655 770 5708 Virtus
829 5654 934 5705 Dei
972 5645 1046 5702 ἐι
1108 5645 1325 5703 Verbum
1361 5648 1472 5716 ejus
1511 5650 1636 5716 fuit.
1687 5650 1780 5702 Est
1831 5665 1961 5702 sane

387 5725 620 5781 Christus
649 5727 742 5780 Dei
769 5724 956 5776 virtus
985 5729 1048 5772 et
1084 5719 1348 5781 Verbum;
1376 5721 1468 5772 sed
1503 5717 1750 5773 Justinus
1778 5719 1830 5772 id
1859 5721 1959 5775 hoc

392 5796 497 5854 lucu
544 5814 648 5853 non
700 5796 917 5868 tangit;
952 5791 1027 5846 dc
1073 5787 1316 5846 adhibito
1341 5806 1367 5844 ιι
1397 5789 1617 5851 Christo
1654 5791 1957 5846 disserendi

2069 4597 2359 4717 qttqmdain
2393 4597 2447 4648 in
2486 4597 2822 4651 audientium
2852 4598 3048 4654 animis
3089 4602 3495 4670 persuasionem
3535 4604 3653 4659 elﬁ-

2069 4681 2154 4717 (:18
2180 4675 2271 4717 rat.
2297 4685 2315 4717 ι

2069 4675 2271 4719 Ctehat.
2297 4685 2315 4717 ι

2140 4735 2253 4808 (92)
2288 4737 2599 4809 Atmplaq.
2615 4735 2730 4792 Non
2753 4739 3005 4794 secundae
3028 4742 3229 4809 nuptiae
3259 4741 3349 4795 hic
3371 4757 3399 4795 a
3431 4739 3650 4800 Iustino

2068 4809 2474 4880 vituperantur,
2507 4808 2603 4880 sed
2665 4824 2787 4877 qua:
2839 4825 2948 4863 non
2994 4808 3173 4866 soluto
3215 4813 3397 4880 priore
3432 4813 3649 4870 vinculo

2070 4876 2497 4952 contrahuntur.
2529 4876 2847 4952 lllius’enim
2881 4896 3032 4934 mens
3049 4897 3115 4936 ex
3145 4876 3494 4948 testimoniis,
3529 4901 3650 4952 quae

2068 4951 2136 5002 ab
2167 4961 2233 5001 eo
2263 4947 2602 5012 referuntur,
2632 4950 3035 5016 existimanda;
3071 4961 3271 5005 etcqu
3304 4952 3356 5005 in
3401 4947 3649 5008 testiino-

2068 5019 2177 5073 niis
2199 5017 2384 5091 citatis
2434 5018 2668 5091 nihilsit
2693 5021 2761 5072 de
2781 5021 3050 5091 secundis
3091 5022 3316 5089 nuptiis,
3365 5024 3648 5091 probabile

2066 5103 2175 5143 non
2207 5097 2290 5141 cst
2317 5088 2468 5141 illum
2501 5103 2563 5142 ea
2594 5089 2660 5144 de
2693 5104 2751 5143 re
2779 5089 2924 5154 loqui
2956 5088 3214 5145 voluisse.
3248 5088 3437 5146 Posset
3475 5095 3645 5149 etiam

2065 5157 2326 5228 διγαμίας
2361 5158 2580 5231 nomine
2631 5159 2961 5231 adulterium
3018 5161 3266 5231 intelligi,
3308 5163 3463 5231 quasi
3510 5167 3647 5216 scri-

2067 5239 2220 5304 pturn
2263 5238 2408 5283 esset
2442 5251 2454 5284 :
2485 5229 2696 5304 ’Ὠσπερ
2749 5229 2897 5300 νόμῳ
2927 5229 3276 5304 Δἀνθρωπίνῳ
3309 5229 3355 5285 οἰ
3391 5233 3646 5304 διγαμίας

2066 5297 2398 5370 ποιούμενοι,
2426 5309 2528 5353 etc.
2570 5297 3028 5371 Quemadmodum
3055 5297 3198 5367 apud
3221 5297 3357 5371 leges
3382 5297 3644 5358 humanas

2064 5369 2370 5441 peccatores
2410 5380 2554 5433 sunt,
2590 5371 2682 5438 qui
2729 5369 2926 5438 duplex
2978 5369 3377 5425 matrimonium
3436 5373 3645 5441 ineunt,

2063 5441 2164 5503 ita,
2196 5451 2305 5495 etc.
2349 5439 2457 5494 Sed
2493 5455 2707 5502 sensus,
2737 5455 2900 5509 quem
2937 5441 2989 5494 in
3021 5441 3432 5510 interpretando
3482 5439 3643 5499 secué

2067 5519 2156 5564 tus
2191 5525 2332 5570 sum,
2367 5511 2540 5579 magis
2569 5510 2698 5563 mihi
2727 5511 2960 5562 arridet.

2137 5579 2247 5650 (95)
2286 5583 2367 5633 Οὐ
2390 5579 2562 5652 γὰρ..)
2587 5579 2985 5652 βουλόμενος.
3013 5581 3247 5652 Irettams
3273 5598 3487 5652 quoque
3509 5585 3645 5644 Adv.

2063 5651 2276 5726 [φιν-88η
2308 5652 2503 5726 ιιι-52,
2589 5655 2636 5715 1,
2657 5666 2721 5726 Δυ.
2762 5651 2886 5713 165,
2918 5659 3008 5726 ed.
3043 5651 3304 5726 Massuet,
3344 5655 3409 5726 S.
3437 5653 3643 5726 Marty-

2067 5720 2140 5772 ris
2194 5721 2483 5794 vestigiis:
2513 5722 2665 5794 {lpyud
2709 5736 2882 5794 quem,
2932 5723 3132 5792 inquit,
3187 5739 3289 5776 non
3334 5725 3503 5778 solum
3550 5720 3643 5794 qui

2066 5790 2350 5846 mwcltatur
2382 5791 2686 5861 expellitur,
2717 5792 2804 5846 sed
2837 5803 2883 5847 et
2920 5790 3276 5863 quimwchari
3307 5795 3428 5849 vult.
3461 5790 3620 5852 Orio
