4006 6254
391 335 522 428 ‘35!

1368 331 1425 388 S.
1467 323 1726 386 JUSTlNl
1753 302 2179 386 PlllLUSOPm
2217 331 2304 386 ΕΤ
2345 329 2701 387 ΜΑΒτγΒιδ

3554 330 3656 386 352

419 447 509 516 qui
538 447 659 498 odio
707 461 790 497 vos
825 453 1208 513 persequuntur
1231 443 1296 498 ³⁸.
1332 444 1630 499 Benedicite
1659 437 1948 498 maledicen

2058 448 2185 521 ,καὶ
2217 448 2328 518 πὴρ
2351 451 2405 502 οί
2433 464 2648 516 πορνοι,
2687 444 2855 500 τοῦτο
2887 446 3182 500 ποιοῦσιν.
3224 445 3370 515 Ἐγὼ
3407 444 3476 498 δὲ
3515 446 3654 515 ὑμῖν

418 537 557 590 tibus
586 536 752 600 vobis,
782 544 831 588 et
869 545 1014 588 orate
1067 551 1164 605 pro
1212 537 1653 592 calumniantibus
1692 553 1782 592 vos
1801 533 1872 589 "°.
1913 529 1982 594 Ut

417 638 599 680 autem
650 637 837 681 nostra
892 627 1357 682 communicemus
1393 645 1516 682 cum
1548 629 1851 699 egentibus,
1881 644 1982 687 nec

415 718 710 786 quidquam
741 717 929 788 gloria:
952 732 1120 773 causa
1156 717 1442 786 faciamus,
1471 721 1590 775 haec
1620 721 1763 776 dixit
1785 737 1800 776 :
1822 721 1980 776 Omni

413 809 608 877 petenti
655 809 780 862 date
803 849 817 871 ,
846 818 897 863 et
929 818 1114 863 mutuo
1153 827 1359 866 sumere
1390 811 1645 868 volentem
1683 831 1746 868 ne
1776 830 1982 869 averse-

411 897 543 950 mini
564 896 631 951 ".
670 897 730 952 Si
763 914 986 968 namque
1034 909 1218 954 mutuo
1267 902 1351 954 his
1394 903 1533 956 datis
1581 921 1612 956 a
1655 905 1845 972 quibus
1891 923 1978 961 vos

412 999 707 1056 recepturos
758 994 998 1059 speratis,
1042 994 1169 1062 quid
1205 995 1324 1048 novi
1372 995 1830 1065 facitis?faciunt
1879 1000 1978 1055 hoc

406 1089 456 1131 et
484 1079 751 1149 publicani
766 1082 832 1134 δ’.
873 1081 972 1136 Vos
1001 1073 1200 1138 autem.
1227 1085 1389 1140 nolite
1438 1090 1805 1144 thesaurizare
1829 1093 1973 1146 vobis

406 1167 514 1240 53
545 1173 816 1226 thesauros
836 1174 890 1226 in
913 1185 1073 1240 terra,
1103 1177 1191 1230 ubi
1222 1193 1399 1248 wrugo
1431 1190 1480 1232 et
1511 1180 1653 1234 tinea
1674 1181 1972 1250 demolitur,

405 1269 452 1310 et
479 1260 752 1326 prtedones
774 1263 1031 1331 e/fodiunt
1050 1277 1069 1316 :
1091 1267 1183 1319 sed
1205 1267 1562 1322 thesaurizate
1585 1269 1733 1323 vobis
1763 1270 1974 1325 thesau-

405 1366 491 1404 ros
522 1353 577 1405 in
609 1353 759 1419 caelo,
793 1355 882 1408 ubi
932 1372 1098 1425 neque
1151 1373 1334 1427 aerugo
1367 1375 1529 1428 neque
1574 1360 1715 1414 tinea
1751 1362 1974 1416 demoli-

401 1451 491 1495 tur
517 1442 579 1494 ".
619 1445 760 1507 Quid
791 1447 930 1498 enim
982 1446 1197 1514 prodest
1249 1449 1472 1510 homini,
1506 1451 1553 1502 si
1587 1450 1843 1504 mundum
1889 1459 1973 1505 to-

400 1537 510 1584 tum
542 1531 794 1599 lucretur,
846 1539 1040 1591 animos
1085 1554 1207 1592 vero
1257 1555 1370 1593 sua:
1395 1541 1762 1595 detrimentum
1793 1545 1972 1611 patia-

401 1624 666 1678 tur?Aut
706 1643 863 1697 quam
907 1631 1050 1683 dabit
1106 1634 1570 1687 commutationem
1624 1652 1720 1703 pro
1789 1635 1966 1694 ea“?

401 1712 777 1774 Thesaurisate
799 1718 922 1790 ergo
951 1722 1224 1778 thesauros
1247 1725 1304 1779 in
1326 1727 1467 1780 ca’lis
1487 1767 1501 1789 ,
1537 1728 1626 1780 ubi
1672 1744 1762 1782 nec
1789 1744 1969 1799 aerugo

2083 540 2238 610 λέγω
2257 557 2271 571 ⁸
2304 540 2575 610 Εὐχεσθε
2598 538 2751 608 ὑπὲρ
2781 538 2900 592 τῶν
2935 538 3164 608 ἐχθρῶν
3183 538 3367 608 ὑμῶν,
3397 539 3492 592 καὶ
3514 540 3653 608 ἁγα-

2084 629 2232 686 πᾶτε
2262 631 2404 698 τοὺς
2440 631 2775 700 μισοῦντας
2811 629 2988 699 ὑμᾶς,
3039 632 3134 684 καὶ
3173 631 3475 700 εὐλογεῖτε
3512 631 3652 695 τοὺς

2083 706 2533 792 καταρωμένους
2557 722 2718 791 ὑμῖν,
2740 722 2838 776 καὶ
2881 723 3134 790 εὔχεσθε
3169 722 3321 791 ὑπὲρ
3363 723 3482 778 τῶν
3507 723 3619 793 erm

2073 813 2403 882 ρεαζόντων
2419 812 2596 884 ὑμᾶς.
2620 815 2714 876 Εἰς
2739 812 2794 866 δὲ
2820 813 2879 866 τὸ
2923 816 3198 867 κοινωνεῖν
3227 817 3334 878 τοῖς
3357 814 3650 885 δεομένοις,

2081 906 2175 960 καὶ
2217 905 2381 977 μηδὲν
2421 905 2557 975 πρὸς
2583 903 2739 971 δόξαν
2773 908 2964 970 ποιεῖν,
2996 906 3169 959 ταῦτα
3198 905 3298 978 ἔφη
3320 924 3334 937 ·
3363 908 3548 961 Παντὶ
3572 909 3651 974 τῷ

2077 997 2341 1051 αἰτοῦντι
2365 996 2580 1061 δίδοτε,
2603 999 2700 1051 καὶ
2727 997 2829 1052 τὸν
2839 998 3222 1066 ,βουλόμενον
3239 999 3649 1066 δανείσασθαι,

2071 1090 2157 1158 μὴ
2181 1089 2624 1158 ἀποστραφ-ῆτε.
2661 1094 2726 1144 El
2761 1091 2870 1161 γὰρ
2892 1090 3182 1151 δανείζετε
3217 1093 3353 1160 παρ’
3379 1088 3468 1146 ὧν
3483 1093 3652 1146 ἐλπί-

2077 1177 2197 1238 ζετε
2217 1179 2443 1243 λαϐεῖν,
2466 1181 2523 1233 τί
2553 1180 2763 1234 καινὸν
2787 1180 3037 1246 revisits;
3065 1182 3238 1236 τοῦτο
3269 1184 3366 1236 καὶ
3396 1185 3450 1236 οἱ
3473 1182 3650 1237 τελῶ-

2074 1253 2177 1322 ναι
2203 1269 2501 1323 ποιοῦσιν.
2537 1269 2724 1339 Ὑμεῖς
2761 1270 2829 1324 δὲ
2868 1271 2955 1340 μὴ
2997 1271 3378 1340 θησαυρίζετε
3415 1273 3649 1334 ἑαυτοῖς

2073 1359 2170 1412 ἐπὶ
2200 1357 2311 1428 τῆς
2333 1357 2467 1427 τῆς,
2499 1359 2652 1414 ὅπου
2684 1359 2806 1428 σὴς
2847 1361 2943 1414 καὶ
2980 1359 3208 1429 βρῶσις
3241 1362 3522 1431 ἀφανίζει,
3549 1365 3645 1416 καὶ

2071 1451 2291 1518 λῃσταὶ
2325 1449 2751 1518 διορύσσουσι·
2799 1452 3180 1521 θησαυρίζετε
3224 1452 3292 1506 δὲ
3318 1454 3552 1520 ἑαυτοῖς
3579 1455 3648 1509 ἐν

2071 1539 2196 1605 τοῖς
2233 1540 2532 1608 οὐρανοῖς,
2571 1540 2725 1595 ὅπου
2755 1542 2892 1596 οὔτε
2929 1543 3050 1611 σὴς
3078 1543 3216 1597 οὔτε
3233 1545 3461 1613 ,βρῶσις
3493 1546 3647 1614 ἀφα-

2069 1629 2230 1690 νίζει.
2267 1632 2328 1684 Τί
2361 1631 2472 1700 γὰρ
2499 1631 2810 1700 ὠφελεῖται
2839 1633 3166 1702 ἄνθρωπος,
3197 1634 3274 1688 ἂν
3291 1635 3398 1689 τὸν
3418 1637 3648 1705 κόσμον

2070 1720 2216 1775 ὅλον
2251 1722 2539 1792 κερδήσῃ,
2584 1724 2700 1792 τὴν
2739 1724 2808 1777 δὲ
2860 1727 3074 1795 ψυχὴν
3114 1729 3300 1782 αὐτοῦ
3331 1729 3646 1798 dualem];

397 1820 491 1859 nec
552 1810 695 1862 tinea
739 1811 1024 1866 demolitur
1045 1814 1111 1867 “’.
1162 1815 1275 1869 Et:
1316 1814 1492 1870 Estote
1536 1826 1710 1872 autem
1761 1821 1954 1891 benigni

2074 1815 2144 1870 Ἠ
2163 1814 2220 1867 τί
2242 1813 2420 1868 δώσει
2439 1815 2630 1884 αὐτῆς
2656 1815 3086 1887 ἀντάλλαγμα;
3118 1819 3510 1887 Θησαυρίζετε
3534 1818 3646 1876 οὖν

396 1907 448 1949 et
491 1899 878 1969 misericordes,
919 1905 1054 1956 sicut
1102 1904 1266 1960 Pater
1317 1916 1489 1960 vester
1533 1908 1786 1978 benignus
1813 1923 1888 1964 est
1914 1922 1964 1965 et

395 1987 700 2044 misericors
721 1990 789 2055 "‘,
831 2008 895 2045 ac
947 1993 1110 2048 solem
1141 2011 1297 2049 suum
1329 1997 1462 2050 oriri
1493 1996 1623 2066 facit
1650 2016 1810 2067 super
1839 2017 1966 2068 pec-

392 2089 619 2144 catores,
663 2091 714 2135 et
751 2083 933 2152 justas
980 2095 1028 2139 et
1083 2087 1251 2141 malos
1270 2087 1338 2145 ⁸⁷.
1375 2087 1459 2142 Ne
1490 2089 1721 2144 sollicite
1770 2092 1965 2144 curetis

389 2168 517 2236 quid
567 2173 707 2224 esuri
757 2173 896 2236 sitis,
925 2185 1016 2227 aut
1064 2176 1253 2246 quibus
1301 2179 1454 2231 usuri
1517 2180 1853 2234 vestimentis.
1882 2182 1964 2236 An

388 2273 477 2312 vos
519 2259 816 2317 volucribus
865 2273 915 2318 et
955 2265 1084 2333 feris
1118 2283 1225 2321 non
1255 2264 1559 2333 prtestatis?
1611 2281 1660 2326 et
1687 2271 1830 2327 Deus
1869 2275 1964 2327 alit

387 2347 501 2402 illa.
531 2349 615 2403 Ne
637 2351 804 2420 igitur
830 2354 1048 2408 solliciti
1072 2357 1190 2410 sitis
1217 2359 1345 2427 quid
1371 2360 1516 2413 esuri
1547 2361 1689 2429 sitis,
1719 2373 1812 2416 aut
1842 2366 1963 2433 qui-

387 2437 482 2496 bus
513 2442 664 2498 usuri
710 2444 1060 2502 indumentis.
1103 2445 1266 2504 Novit
1306 2450 1445 2506 enim
1471 2448 1637 2508 Pater
1665 2463 1834 2510 vester
1861 2471 1963 2511 cae-

2067 1902 2138 1955 ἐν
2171 1903 2294 1969 τοῖς
2333 1905 2631 1972 οὐρανοῖς,
2679 1905 2830 1959 ὅπου
2879 1908 3018 1961 οὐτε
3061 1909 3183 1977 σὴς
3242 1910 3382 1963 οὐτε
3415 1909 3647 1978 ,βρῶσις

2066 1993 2352 2060 ἀφανίζει.
2384 1995 2518 2058 Καὶ,
2565 1997 2818 2052 Γίνεσθε
2857 1997 2927 2050 δὲ
2954 2002 3206 2068 χρηστοὶ
3232 2003 3328 2057 καὶ
3357 2005 3646 2073 οἰκτίρμο-

2066 2104 2188 2153 νες,
2217 2089 2297 2153 ὡς
2322 2089 2417 2142 καὶ
2445 2093 2478 2143 ὁ
2505 2090 2708 2158 Πατὴρ
2760 2093 2927 2162 ὑμῶν
2965 2096 3229 2162 χρηστός
3259 2097 3391 2151 ἐστι
3417 2098 3514 2151 καὶ
3558 2101 3643 2152 ol-

2067 2180 2341 2248 κτίρμων,
2363 2181 2458 2235 καὶ
2478 2180 2582 2234 τὸν
2598 2182 2779 2250 ἣλιον
2797 2184 2980 2239 αὐτοῦ
3001 2186 3317 2241 ἀνατέλλει
3337 2188 3435 2242 ἐπὶ
3455 2190 3642 2260 ἁμαρ-

2067 2272 2315 2337 τωλοὺς,
2361 2273 2457 2327 καὶ
2511 2273 2778 2341 δικαίους
2828 2277 2927 2329 καὶ
2981 2281 3308 2346 πονηρούς.
3338 2280 3436 2350 Μὴ
3476 2301 3638 2351 μερι-

2060 2362 2250 2429 μνᾶτε
2278 2364 2346 2417 δὲ
2387 2367 2445 2418 τί
2471 2365 2718 2437 φάγητε,
2761 2368 2798 2437 ἣ
2829 2370 2887 2423 τί
2917 2369 3286 2441 ἐνδύσησθε·
3322 2375 3436 2444 οὐχ
3473 2375 3643 2444 ὑμεῖς

2063 2454 2182 2530 τῶν
2210 2457 2501 2514 πετεινῶν
2533 2461 2638 2516 καὶ
2672 2459 2791 2516 τῶν
2825 2463 3043 2532 θηρίων
3088 2463 3432 2534 διαφέρετε;
3463 2469 3560 2522 καὶ
3609 2471 3643 2522 ό

385 2531 557 2600 lestis,
594 2552 684 2591 vos
729 2538 873 2593 hisce
924 2541 1182 2612 indigere.
1220 2542 1450 2609 Queen-ite
1505 2557 1692 2602 autem
1736 2563 1954 2618 regnum

2065 2551 2209 2616 Θεὸς
2237 2550 2434 2620 τρέφει
2463 2552 2634 2607 αὐτά.
2676 2554 2774 2624 Μὴ
2933 2531 3339 2627 μεριμνήσήτε
3358 2531 3418 2613 τί
3448 2560 3639 2632 φάγη-

384 2626 655 2693 εωιονιιηι,
683 2639 732 2682 et
755 2632 933 2684 omnia
962 2637 1074 2687 haec
1095 2634 1418 2702 adjicientur
1444 2639 1589 2692 vobis
1611 2639 1678 2694 ‘3.
1699 2637 1799 2694 Ubi
1820 2643 1954 2695 enim

2059 2658 2142 2702 τε,
2175 2640 2213 2709 ἢ
2233 2643 2290 2695 τί
2333 2642 2674 2713 ἐνδύσησθε
2691 2663 2704 2676 ·
2733 2642 2857 2700 οἵδε
2877 2649 2986 2718 γὰρ
3007 2652 3039 2702 ὀ
3063 2626 3267 2719 Πατὴρ
3282 2626 3464 2720 ὑμῶν*
3484 2657 3517 2706 ό
3542 2626 3643 2707 εὖ..

384 2716 682 2787 thesaurus,
714 2720 824 2774 illic
861 2731 914 2776 et
948 2740 1092 2778 mens
1141 2725 1368 2781 hominis
1398 2739 1474 2783 est
1496 2729 1566 2786 "’.
1593 2731 1660 2784 Et
1687 2748 1702 2783 :
1737 2731 1821 2787 Ne
1848 2735 1951 2786 ista

2058 2731 2281 2801 ράνιος,
2314 2734 2402 2790 ὅτι
2432 2739 2658 2793 τούτων
2687 2716 2897 2807 χρείαν
2942 2742 3137 2810 ἔχετε·
3175 2716 3396 2811 ζῆτεῖτε
3429 2743 3497 2797 δὲ
3526 2745 3641 2814 τὴν

383 2808 635 2878 feceritis,
699 2823 755 2866 ut
807 2815 1106 2884 spectaculo
1155 2819 1274 2873 sitis
1329 2820 1670 2887 hominibus;
1711 2823 1951 2894 alioquin

2058 2824 2378 2888 βασιλείαν
2395 2826 2513 2883 τῶν
2539 2829 2828 2898 οὐρανῶν,
2858 2834 2954 2886 καὶ
3003 2834 3187 2888 ταῦτα
3232 2835 3427 2889 πάντα
3458 2853 3642 2906 προσ-

381 2904 671 2960 mercedem
711 2922 817 2960 non
845 2907 1099 2963 habebitis
1143 2927 1175 2964 a
1218 2910 1380 2966 Patre
1405 2922 1573 2969 vestro
1603 2915 1694 2984 qui
1723 2915 1780 2970 in
1810 2917 1952 2970 ctelis

2059 2916 2372 2984 τεθήσεται
2429 2920 2594 2991 ὑμῖν.
2625 2923 2812 2977 Ὅπου
2867 2927 2977 2994 γὰρ
3013 2928 3045 2979 d
3092 2929 3395 2995 θησαυρός
3445 2904 3636 2995 ἐστιν,

379 3003 455 3046 est
472 2994 539 3048 ⁵⁸.
1272 3011 1276 3013 ‘
2058 3008 2186 3062 ἐκεῖ
2223 3010 2320 3064 καὶ
2368 3013 2401 3065 ό
2437 3013 2586 3080 νοῦς
2619 3014 2724 3068 τοῦ
2769 3015 3105 3085 ἀνθρώπου.
3143 3019 3402 3090 Καί-Μὴ
3427 3021 3636 3091 ποιῆτε

377 3085 564 3139 ταῦτα
593 3087 744 3155 ,πρὸς
785 3087 850 3142 τὸ
877 3089 1155 3159 θεαθῆναι
1193 3093 1312 3148 ὑπὸ
1339 3094 1458 3149 τῶν
1496 3097 1820 3166 ἀνθρώπων
1842 3113 1856 3127 °
1891 3099 1942 3150 εὶ
1973 3097 2041 3152 δὲ
2081 3098 2168 3170 μή
2205 3117 2290 3170 γε,
2311 3103 2536 3170 μισθὸν
2555 3106 2668 3159 οὐκ
2692 3106 2860 3176 ἔχετε
2887 3111 3046 3177 παρὰ
3071 3110 3177 3165 τοῦ
3204 3085 3433 3181 Πατρδς
3475 3085 3639 3184 ὑμῶν

378 3177 484 3233 τοῦ
507 3177 578 3231 ὲν
603 3179 727 3246 τοῖς
745 3182 1043 3250 οὐρανοῖς.

447 3271 536 3325 l6.
575 3269 852 3328 Patieutes
883 3285 1063 3329 autem
1095 3286 1155 3330 ut
1205 3278 1376 3335 simus
1407 3289 1463 3336 et
1505 3281 1572 3336 ad
1607 3284 1947 3338 serviendqu

2125 3280 2210 3336 16.
2246 3283 2384 3355 Περὶ
2413 3284 2471 3338 δὲ
2503 3285 2595 3339 τοῦ
2627 3287 2985 3355 ἀνεξικάκους
3029 3290 3169 3348 εἷναι
3189 3333 3203 3360 ,
3251 3296 3346 3349 καὶ
3378 3299 3635 3371 ὑπηρετι-

374 3363 629 3418 omnibus
660 3366 832 3433 parati
866 3383 927 3422 ac
962 3370 1055 3424 irae
1086 3379 1371 3439 expertes,
1412 3388 1532 3442 quae
1565 3373 1633 3428 ab
1680 3391 1744 3430 eo
1800 3377 1945 3431 dicta

2058 3376 2181 3438 κοὺς
2212 3376 2369 3442 πᾶσι,
2421 3378 2517 3431 καὶ
2558 3381 2878 3454 ἀοργήτους,
2907 3383 2942 3437 ἃ
2994 3385 3118 3456 ἔφη,
3162 3389 3333 3444 ταῦτὰ
3374 3363 3510 3446 tam:
3551 3395 3636 3460 Τῷ

374 3462 522 3517 sunt,
550 3455 624 3509 ita
657 3471 716 3510 se
745 3458 987 3514 habent:
1024 3460 1130 3524 Qui
1177 3471 1225 3514 te
1274 3463 1504 3530 percutit
1555 3463 1609 3516 in
1642 3463 1939 3529 maxillam,

2058 3463 2334 3516 τύπτοντί
2388 3481 2505 3519 σου
2565 3467 2679 3536 τὴν
2723 3473 3023 3540 σιαγόνα,
3092 3476 3314 3548 πάρεχε
3381 3483 3478 3536 καὶ
3519 3485 3632 3554 τὴν

371 3543 544 3611 praebe
569 3555 618 3598 et
645 3545 889 3602 alteram.
922 3547 989 3601 Et
1017 3550 1082 3603 ab
1109 3567 1193 3616 eo,
1240 3554 1331 3622 qui
1358 3553 1530 3622 aufert
1557 3555 1653 3607 tibi
1688 3555 1944 3622 tunicam,

2058 3554 2266 3623 ἄλλην·
2295 3557 2393 3610 καὶ
2433 3558 2540 3612 τὸν
2584 3561 2839 3629 αἴροντὰ
2882 3581 3000 3621 σου
3054 3543 3184 3624 τὸν⁷
3208 3543 3446 3641 χιτῶνα,
3483 3578 3521 3646 ἢ
3565 3543 3631 3632 τὸ

372 3642 466 3689 aut
493 3637 880 3702 vestimentum,
909 3639 1018 3693 noli
1046 3642 1322 3710 prohibere
1351 3643 1420 3697 ⁸¹.
1456 3643 1560 3708 Qui
1603 3659 1722 3698 vero
1746 3647 1828 3698 ira
1850 3661 1946 3699 ea:-

372 3728 673 3794 canduerit,
723 3733 790 3783 ad
837 3732 1008 3800 ignem
1057 3735 1482 3790 condemnationi
1527 3735 1786 3790 obnoxius
1825 3737 1944 3806 fue-

370 3818 440 3872 rit
499 3817 571 3872 5'.
617 3818 836 3874 Omnem
900 3831 1078 3877 autent
1145 3825 1442 3894 adigentem
1480 3835 1531 3880 te
1585 3829 1654 3880 ad
1710 3827 1944 3882 milliare

369 3922 564 3972 unum,
590 3909 796 3966 duobus
842 3913 994 3966 illum
1032 3916 1286 3970 comitare
1333 3917 1402 3972 ⁸³.
1438 3917 1672 3973 Luceant
1704 3936 1825 3974 vero
1857 3922 1943 3976 be-

367 3998 575 4066 nefacta
601 4011 776 4055 vestra
819 4019 999 4057 coram
1040 4005 1361 4074 hominibus,
1422 4017 1477 4060 ut
1526 4008 1608 4062 illi
1635 4025 1696 4062 ea
1724 4025 1942 4064 cernen-

369 4099 468 4156 tes,
505 4093 837 4150 admirentur
870 4095 1084 4153 Patrem
1139 4111 1364 4154 vestrum
1387 4103 1477 4173 qui
1520 4104 1576 4158 in
1603 4105 1743 4159 caelis
1769 4116 1846 4160 est
1869 4107 1938 4164 ⁵⁸.

367 4179 485 4235 Non
519 4183 662 4237 enim
697 4185 954 4243 reluctari
979 4199 1219 4259 oportet,
1269 4207 1445 4262 neque
1479 4209 1578 4250 nos
1636 4196 1940 4252 imitatores

363 4285 488 4326 esse
518 4273 782 4330 malorum
817 4277 932 4332 vult
967 4279 1141 4345 Deus;
1174 4282 1268 4336 sed
1324 4291 1383 4336 ut
1429 4283 1688 4354 patientia
1715 4295 1769 4341 et
1804 4287 1940 4340 leui-

366 4371 482 4420 tate
511 4379 701 4422 omnes
725 4382 757 4422 a
803 4370 1070 4428 dedecore
1102 4382 1160 4428 et
1213 4375 1516 4444 cupiditate
1547 4376 1811 4431 malorum
1844 4379 1939 4432 ah-

363 4453 629 4513 ducamus
666 4460 914 4516 hortatus
961 4473 1066 4518 est.
1101 4464 1255 4531 Quod
1305 4467 1525 4536 quidem
1574 4476 1630 4523 ct
1656 4470 1722 4523 de
1753 4469 1936 4525 multis

361 4550 456 4615 qui
487 4551 628 4616 apud
656 4567 752 4606 vos
808 4553 1048 4622 fuerunt,
1085 4559 1463 4614 demonstrare
1495 4574 1806 4628 possumus,
1841 4564 1932 4632 qui

2049 3645 2442 3719 ἱμάτιον-(94),
2490 3650 2578 3719 μὴ
2640 3655 2940 3725 κωλύσῃς.
3011 3661 3110 3726 Ὃς
3156 3661 3310 3717 δ’ἂν
3361 3645 3629 3738 apricos,

2045 3735 2260 3804 ἔνοχός
2289 3737 2460 3792 ἐστιν
2483 3743 2571 3806 είς
2599 3740 2665 3794 τὸ
2705 3744 2846 3812 πῦρ.
2901 3751 3087 3803 Παντὶ
3128 3751 3197 3804 δὲ
3236 3735 3626 3824 ἀγγαρεύοντί

2045 3839 2144 3880 σοι
2163 3829 2364 3894 μίλιον
2376 3829 2466 3896 ἓν,
2481 3832 2902 3905 ἀκολούθησον
2916 3839 3042 3894 δύο.
3064 3846 3283 3914 Λαμψά
3291 3864 3364 3900 τω
3378 3849 3447 3902 δὲ
3464 3853 3628 3920 ὑμῶν

2045 3919 2117 3972 τὰ
2169 3923 2328 3977 καλὰ
2371 3924 2516 3994 ἔργα
2567 3927 2909 3996 ἔμπροσθεν
2960 3933 3078 3988 τῶν
3121 3938 3465 4008 ἀνθρώπων,
3501 3919 3624 3999 ira

2038 4012 2398 4080 βλέποντες,
2439 4018 2771 4086 θαυμάζωσι
2807 4021 2912 4075 τὸν
2959 4027 3187 4095 Πατέρα
3232 4033 3398 4101 ὐμῶν
3426 4036 3534 4091 τὸν
3557 4042 3626 4093 ἐν

2044 4103 2169 4169 τοῖς
2197 4106 2491 4174 οὐρανοῖς.
2523 4109 2597 4160 Οὐ
2631 4110 2739 4182 γὰρ
2771 4114 3049 4187 ἀνταίρειν
3080 4119 3193 4173 δεῖ·
3227 4124 3348 4179 οὐδὲ
3383 4133 3624 4200 μιμητὰς

2043 4189 2323 4248 εἶναιτῶν
2357 4197 2576 4266 φαύλων
2624 4200 2948 4276 βεϐούληται
3010 4210 3176 4279 ἡμᾶς,
3227 4189 3621 4292 ἁλλὰ-δι’ἀιτῆς

2044 4287 2320 4360 ὑπομονῆς
2352 4290 2448 4344 καὶ
2479 4293 2785 4365 πραότητος
2819 4295 2879 4362 ἐξ
2910 4300 3170 4374 αἰσχύνης
3202 4306 3294 4359 καὶ
3327 4287 3621 4383 ἐπιθυμίας

2041 4379 2150 4434 τῶν
2183 4381 2369 4436 κακῶν
2400 4382 2554 4450 ἄγειν
2600 4385 2810 4452 πάντας
2842 4393 3236 4463 προετρέψατο.
3291 4400 3356 4451 Ὃ
3386 4379 3505 4473 γὰρ.
3527 4405 3621 4457 καὶ

2041 4471 2135 4524 ἐπὶ
2167 4472 2375 4526 πολλῶν
2406 4473 2519 4547 (95)
2582 4477 2688 4530 τῶν
2734 4482 2866 4551 παρ’
2897 4483 3029 4552 ἡμῖν
3074 4483 3191 4557 (96)
3237 4471 3620 4561 γεγενημένων

2041 4563 2317 4630 ἀποδεῖξαι
2349 4565 2565 4638 ἔχομεν,
2601 4571 2666 4622 ὲκ
2713 4569 2901 4640 βιαίων
2933 4574 3026 4626 καὶ
3072 4579 3349 4648 τυράννων
3398 4585 3622 4652 μετέϐα-

358 4651 425 4689 ex
458 4638 706 4696 violentis
762 4653 820 4698 et
872 4646 1114 4715 tyrannis
1160 4649 1429 4704 immutati
1457 4660 1603 4716 sunt,
1650 4653 1732 4706 vel
1766 4658 1936 4710 vesti-

2058 4675 2130 4710 ιον
2159 4657 2504 4729 ἡττηθέντες,
2538 4662 2570 4732 ἢ
2607 4663 2861 4730 γειτόνων
2894 4669 3188 4740 καρτερίαν
3223 4669 3337 4740 βίον
3375 4691 3619 4745 παρακο-

357 4738 481 4795 gata
516 4732 816 4789 vicinorum
841 4738 967 4792 vitae
992 4741 1301 4795 constantia
1349 4742 1497 4810 victi,
1528 4743 1611 4798 vel
1644 4757 1926 4815 perspecta

356 4824 458 4880 via:
480 4830 736 4885 comitum
770 4832 822 4886 in
853 4833 1068 4903 injuriis
1093 4835 1430 4903 perferendis
1475 4837 1610 4891 mira
1638 4840 1922 4908 patientia,

426 4999 480 5088 τε.
510 4999 696 5088 ιιριιιι.
725 5002 910 5088 ulte,
937 5004 1055 5088 ιι..
1099 5005 1146 5038 ιο
1184 5006 1418 5088 Lucil,
1443 5008 1534 5088 es.
1558 5009 1657 5088 ηιι
1685 5009 1844 5088 lhid.,
1873 5011 1954 5088 τι)

2058 5015 2297 5088 ν-ιιιῑιι..
2321 5020 2411 5073 54.
2487 5021 2533 5052 ⁸³
2573 5021 2760 5078 Matth.
2788 5040 2863 5088 Vt,
2891 5027 2980 5082 19.

349 5067 397 5099 ⁴¹⁵
434 5069 627 5124 Matth.
663 5088 737 5134 νι,
770 5072 860 5128 20.

350 5137 393 5168 σι
439 5137 576 5194 Luc.
614 5142 810 5205 ",29.
926 5144 973 5176 σε
1013 5144 1206 5200 Matth.
1239 5137 1286 5213 ν,
1313 5148 1404 5206 22.
1480 5137 1834 5219 "tbid.,ttl

421 5321 533 5394 (94)
567 5327 638 5381 Ἣ
664 5326 738 5408 ,τὸ
777 5328 1034 5398 ἱμάτιον.
1088 5329 1243 5401 Legit
1278 5332 1680 5419 'l‘hirlbiusra‘t
1711 5339 1770 5422 τὸ
1805 5342 1932 5464 ἰξά-

421 5411 487 5456 w,
540 5406 600 5450 ut
632 5407 703 5450 Sll
737 5414 958 5463 sensus,
1024 5417 1119 5455 nec
1171 5407 1398 5464 pallium
1430 5410 1784 5464 prohibuerts.
1863 5412 1929 5464 ed

336 5410 487 5476 τιον,
540 5406 600 5450 ut
632 5398 958 5476 sit-sensus,
1024 5417 1119 5455 nec
1159 5398 1398 5476 pallium
1429 5409 1784 5476 prohibueris.
1822 5398 1929 5466 Sed

338 5468 361 5508 I-
386 5478 466 5517 :ec
502 5468 817 5548 memoriter
839 5471 1056 5548 videtur
1091 5468 1295 5548 referre
1325 5468 1593 5540 Jusiiuus,
1616 5495 1681 5534 ac
1706 5481 1931 5548 proinde

348 5546 456 5613 non
495 5538 930 5613 accuratissime.
970 5540 1027 5594 Si
1061 5543 1184 5613 quis
1241 5553 1421 5599 tamen
1456 5538 1745 5603 emetular'c
1780 5551 1930 5613 velit,

349 5599 639 5686 ιδῖῧθηδυέη
675 5607 854 5686 βοὲίιιε
886 5619 1051 5686 (ἷδβθίν
1078 5599 1314 5683 ἀἴροντά
1347 5633 1442 5668 σου
1476 5617 1535 5669 τὸ
1553 5599 1803 5686 luci—nov,
1839 5599 1932 5673 καί

347 5669 785 5768 τδϊ..ιξτεῐ›χαζιέὴ
818 5669 1086 5768 satis-1i-

573 5747 634 5796 Ὃ
678 5739 787 5814 γἆρ
827 5748 920 5801 καὶ
971 5739 1067 5806 ἑΞῖ
1120 5754 1383 5810 πολλῶν.
1463 5757 1651 5815 Melius
1683 5761 1709 5812 ὃ
1742 5777 1800 5828 γε
1839 5764 1932 5815 καὶ

2037 4749 2417 4820 λουθήσαντες,
2446 4752 2480 4824 ἢ
2513 4749 2720 4808 σύνοδοι
2751 4757 2933 4827 πόρων
2951 4759 3457 4833 πλεονεκτουμένων
3490 4769 3616 4821 ὑπη-

2040 4841 2205 4912 μονὴν
2239 4839 2398 4913 ξένην
2429 4845 2934 4919 κατανοήσαντες,ἣ
2966 4858 3615 4926 συμπραγματευομένων

3075 5031 3120 5062 ⁵⁸
3158 5031 3344 5090 Matth.
3381 5051 3492 5094 xu.
3518 5036 3609 5091 9.6.

951 5074 996 5106 “
1037 5074 1172 5131 Luc.
1207 5093 1278 5138 νι,
1307 5078 1398 5130 56.
1471 5078 1515 5110 ⁸⁷
1554 5078 1745 5135 Matth.
1781 5074 1949 5146 ν,’45.

955 5148 973 5176 ¹
1013 5144 1206 5200 Matth.
1239 5163 1286 5213 ν,
1313 5148 1404 5206 22.
1480 5148 1526 5180 ⁸³
1557 5151 1715 5219 lhid.,
1743 5151 1834 5206 41.
1933 5154 1954 5185 ⁵

2058 5074 2296 5212 ﬁgam?
2326 5105 2402 5153 Vl,
2426 5091 2519 5158 εδ,
2543 5074 2759 5158 26,33.
2802 5074 2875 5129 ’λδ
2897 5074 3080 5165 ἰνώδη
3107 5074 3253 5155 ait”
3269 5074 3344 5136 ἰδ’
3361 5074 3610 5170 stitit:

2058 5173 2093 5210 ιι
2137 5196 2178 5223 .,
2296 5201 2308 5216 .

2034 5343 2127 5396 ἐπὶ
2161 5342 2392 5399 πολλῶν.

2107 5413 2218 5486 (96)
2253 5414 2535 5502 Τῶν-παρ’
2555 5417 2715 5487 ἡμῖν.
2756 5419 2846 5502 γει
2865 5421 3150 5502 legendum
3180 5427 3288 5502 τῶν
3311 5433 3441 5502 παρ’
3459 5433 3604 5502 ὑμῖν,

2037 5484 2088 5575 id
2116 5484 2267 5568 quod
2318 5497 2541 5575 secujtus
2594 5484 2716 5542 sum
2759 5492 2828 5575 .in
2887 5484 3321 5575 interpretando,
3356 5484 3440 5556 vel
3477 5484 3606 5575 ίιὶαρζ

2035 5555 2177 5631 ἡμῖν.
2196 5555 2596 5625 γεγενημένων,
2621 5563 2770 5631 Λῳιυά
2809 5563 3017 5630 quidem
3038 5555 3285 5631 pluribus
3307 5555 3605 5624 nostr-aruit:

2036 5625 2262 5676 evenisse
2292 5641 2572 5689 possumus
2596 5625 2972 5686 demonstrare.
3009 5625 3212 5690 lhitlcm
3241 5655 3343 5692 non
3383 5642 3602 5694 dubium

2037 5695 2165 5777 quin
2219 5695 2502 5778 legendum
2559 5697 2628 5778 sit
2669 5700 2716 5749 οἱ
2763 5702 2824 5752 ἐκ
2859 5701 3059 5771 βιαίου.
3101 5704 3257 5776 Legit
3303 5709 3601 5778 'l‘hirlbius,

2035 5766 2125 5832 ὅγε
2161 5763 2270 5817 καὶ.
2285 5806 2292 5816 .
2307 5804 2318 5817 .
2345 5781 2537 5835 γεγενη
2547 5765 2737 5836 μένων.
