4006 6254
390 396 488 416 ,ρι’

391 413 493 452 5ο.)

1522 395 1867 454 APOLOGIA
1907 397 1928 450 l
1966 393 2108 450 PRO
2148 394 2592 452 CHRISTIANIS

3585 399 3693 457 δδι

395 513 752 587 πειραθέντες-
786 514 928 586 Περὶ
957 514 1020 569 δὲ
1055 516 1164 570 τοῦ
1204 519 1287 590 μὴ
1331 517 1559 589 ὀμνύναι
1589 518 1728 583 ὅλως
1749 561 1762 583 ,
1796 515 1992 587 sit).qu

2111 515 2193 570 vel
2220 514 2522 584 exploratis
2546 530 2737 570 eorum
2769 515 3015 572 moribus
3044 500 3363 587 quibuscum
3394 523 3689 579 contrahe-

392 612 452 665 δὲ
485 610 650 677 λέγειν
680 606 789 671 ἀεὶ,
820 606 1000 673 οὕτως
1071 612 1534 686 παρεκελεύσατο
1555 630 1568 643 ο
1601 611 1700 680 Μὴ
1745 615 2005 684 όμόσητε

396 704 583 768 eam-
631 701 783 755 ἔστω
836 699 908 752 δὲ
953 701 1142 771 ὑμῶν
1187 704 1261 758 τὸ
1312 705 1426 758 Ναὶ
1478 706 1598 758 ναίο
1643 705 1743 759 καὶ
1807 705 1875 758 τὸ
1922 707 2004 761 Οὒ

389 799 489 850 cf”
543 795 604 849 τὸ
630 793 696 848 δὲ
727 795 1039 861 περισσὸν
1075 798 1318 852 τούτων
1341 799 1412 852 ὲκ
1445 798 1552 852 τοῦ
1598 799 1885 868 πονηροῦ.
1918 801 2005 865 Ὠς

389 887 452 940 ἑὲ
487 888 578 940 καὶ
608 887 696 941 τὸν
726 887 860 942 Θεὸν
897 888 1068 960 μόνον
1129 889 1216 942 δεῖ
1247 892 1608 960 προσκυνεῖν,
1641 891 1813 955 οὕτως
1858 891 2005 946 ἐπει-

391 997 514 1040 σεν,
565 978 758 1034 εἰπών·
813 983 1092 1050 Μεγίστη
1149 981 1373 1048 ἐντολή
1413 983 1582 1037 ἐστιν
1631 985 1850 1053 Κύριον
1895 983 2004 1038 τὸν

393 1075 548 1126 88(7)-
594 1089 714 1127 σου
774 1072 1262 1141 προσκυνήσεις,
1318 1075 1416 1128 καὶ
1466 1075 1628 1141 αὐτῷ
1673 1078 1841 1145 μόνῳ
1890 1080 2001 1132 λα-

389 1169 674 1234 τρεύσεις
696 1165 769 1229 ἐξ
804 1165 956 1233 ὅλης
994 1165 1111 1234 τῆς
1158 1167 1408 1234 καρδίας
1437 1182 1574 1232 σου,
1615 1169 1713 1222 καὶ
1760 1169 1830 1234 ἐξ
1853 1169 2003 1237 ὅλης

385 1259 508 1328 τῆς
550 1260 777 1328 ἰσχύος
835 1274 978 1320 σου,
1027 1260 1253 1327 Κύριον
1306 1259 1414 1314 τὸν
1459 1259 1609 1314 Θεὸν
1664 1261 1773 1316 τὸν
1827 1263 2000 1331 ποιή-

381 1349 594 1404 σαντά
653 1365 753 1406 σε.
801 1352 916 1404 Καὶ
960 1350 1357 1422 προσελθόντος
1416 1351 1568 1423 αύτῷ
1600 1371 1764 1419 τινος,
1797 1355 1894 1408 καὶ
1924 1358 2002 1409 εἰ·

385 1445 618 1506 πόντος·
652 1443 998 1496 Διδάσκαλε
1028 1443 1232 1512 ἀγαθὲ,
1266 1445 1601 1517 ἀπεκρίνατο
1645 1447 1850 1515 λέγων·
1891 1451 2000 1502 Οὑ-

381 1536 524 1602 εεὶς
574 1537 842 1605 ἀγαθὸς,
889 1538 944 1589 εὶ
980 1536 1068 1606 μὴ
1102 1538 1293 1606 μόνος
1323 1542 1356 1593 ό
1403 1539 1549 1605 Θεὸς
1589 1541 1619 1592 ὁ
1662 1541 1898 1610 ποιήσας
1930 1541 1999 1595 τὰ

381 1630 602 1686 πάντα.
651 1631 717 1681 Οἳ
765 1629 809 1682 δ’
843 1629 911 1684 ἂν
945 1629 1021 1702 μὴ
1079 1630 1443 1703 εύρίσκωνται
1499 1632 1739 1702 βιοῦντες
1786 1633 1862 1698 ὡς
1893 1634 1999 1689 ἐδί-

377 1723 542 1788 δαξε.
577 1722 1048 1794 γνωριζέσθωσαν
1084 1724 1159 1796 μὴ
1203 1724 1356 1789 ὄντες
1399 1726 1750 1797 Χριστιανοὶ,
1785 1727 1887 1782 κᾶν
1907 1727 1996 1782 λέ-

380 1831 562 1880 γωσιν
595 1815 688 1868 διὰ
722 1814 972 1886 γλώττης
1003 1816 1072 1870 τὰ
1102 1817 1197 1870 τοῦ
1243 1818 1484 1889 Χριστοῦ
1529 1819 1871 1892 διδάγματα·
1935 1820 1996 1874 οὐ

382 1903 499 1976 γὰρ
532 1907 668 1969 toi};
732 1907 899 1978 μόνον
939 1906 1231 1976 λέγοντας,
1286 1909 1420 1964 ἀλλὰ
1473 1912 1600 1974 τοὺς
1632 1912 1730 1966 καὶ
1759 1912 1826 1964 τὰ
1860 1911 1998 1984 ἔργα

380 1998 765 2069 πράττοντας,
829 1999 1177 2072 σωθήσεσθαι
1238 2001 1362 2074 ἔφη.
1425 1999 1560 2056 Eia-:5
1621 2004 1728 2076 γὰρ
1788 2002 1995 2068 οὕτως·

383 2093 537 2162 οὐχὶ
590 2091 721 2157 ἐτᾶς
753 2094 788 2144 ό
826 2090 1025 2161 λέγων
1047 2109 1172 2160 μοι,
1216 2094 1411 2159 Κύριε,
1435 2095 1630 2162 Κύριε,
1658 2097 2001 2150 εἰσελεύσε-

379 2199 478 2235 ται
529 2184 626 2248 εἰς
677 2179 802 2248 τὴν
850 2180 1186 2244 βασιλείαν
1240 2178 1360 2233 τῶν
1420 2180 1731 2248 οὐρανῶν,
1799 2182 1938 2237 ἀλλ’
1965 2186 1998 2237 ό

381 2272 582 2327 ποιῶν
631 2272 705 2324 τὸ
749 2271 985 2340 θέλημα
1027 2270 1135 2324 τοῦ
1183 2272 1416 2339 Πατρός
1453 2289 1574 2341 μου
1624 2272 1732 2326 τοῦ
1766 2272 1838 2326 ἐν
1875 2273 1999 2339 τοῖς

383 2363 696 2434 οὐρανοῖς.
736 2366 839 2430 ’³ος
866 2365 976 2433 γὰρ
1015 2365 1220 2417 ἀκούει
1243 2381 1384 2432 μου,
1431 2365 1528 2418 καὶ
1575 2365 1737 2417 ποιεῖ
1757 2364 1795 2418 ἂ
1817 2364 1994 2435 λέγω,

380 2461 590 2513 ἀκούει
636 2457 754 2511 τοῦ
790 2457 1273 2522 ἀποστεῖλαν-τός
1293 2475 1388 2525 με.
1435 2459 1658 2512 Πολλοὶ
1696 2457 1764 2511 δὲ
1787 2458 1997 2526 ἐροῦσί

383 2567 511 2617 μοι’
541 2551 755 2616 Κύριε,
798 2549 1000 2616 Κύριε,
1051 2549 1125 2601 οὐ
1160 2547 1243 2613 τῷ
1280 2547 1372 2614 σῷ
1404 2550 1650 2619 ὀνόματι
1693 2549 1997 2620 ἐφάγομεν

388 2642 482 2693 καὶ
516 2641 804 2707 ἐπίομεν,
835 2639 930 2691 καὶ
977 2637 1269 2707 δυνάμεις
1289 2639 1690 2710 ἐποιήσαμεν;
1727 2642 1834 2695 Καὶ
1862 2644 1996 2696 τότε

388 2729 498 2798 ἐρῶ
527 2730 768 2796 αὐτοῖς’
826 2729 1218 2798 Ἀποχωρεῑτε
1254 2731 1357 2785 ἀπ’
1407 2732 1554 2800 ἐμοῦ
1593 2731 1833 2802 ἐργάται
1878 2731 1991 2802 τῆς

385 2824 664 2892 ἀνομίας.
704 2825 852 2876 Τότε
884 2821 1195 2892 κλαυθμὸς
1222 2823 1414 2888 ἔσται,
1437 2825 1534 2878 καὶ
1568 2825 1844 2896 ,βρυῃμὸς
1875 2825 1994 2880 τῶν

384 2915 650 2969 ἰδόντων
671 2933 687 2944 ο
730 2913 885 2968 ὅταν
931 2916 987 2966 οἱ
1040 2915 1160 2984 μὲν
1198 2915 1414 2970 δίκαιοι
1470 2916 1797 2987 λάμψωσιν
1845 2919 1928 2985 ὡς
1957 2921 1991 2972 ό

386 3007 589 3072 ἣλιος·
624 3010 686 3060 οἱ
711 3006 784 3059 δὲ
808 3005 1002 3060 ἄδικοι
1030 3005 1369 3059 πέκπωνται
1398 3005 1486 3075 (96
1502 3007 1540 3077 ‘)
1565 3009 1718 3074 εὶςτὸ
1751 3008 1993 3063 αἰώνιον

381 3100 519 3166 πῦρ.
557 3099 802 3152 Πολλοὶ
851 3099 965 3167 τὰρ
1019 3097 1288 3166 ἥξουσιν
1327 3097 1427 3152 ἐπὶ
1469 3098 1553 3164 τῷ
1582 3101 1830 3170 ὀνόματι
1846 3119 1988 3171 μου,

381 3192 604 3254 ἔξωθεν
666 3189 793 3258 μὲν
862 3188 1250 3258 ἐνδεδυμένοι
1319 3187 1577 3258 δέρματα
1644 3190 1955 3259 προϐάτων
1970 3233 1986 3257 ,

380 3282 610 3333 ἔσωθεν
651 3279 725 3331 δὲ
778 3279 958 3345 ὄντες
995 3279 1173 3333 λύκοι
1210 3278 1496 3350 ἅρπαγες·
1534 3281 1605 3333 ἐκ
1649 3279 1769 3334 τῶν
1803 3281 1992 3350 ἔργων

380 3367 581 3420 αὐτῶν
605 3366 1034 3436 ἐπιγνώσεσθε
1067 3349 1311 3433 αὺτούς-ξ
1346 3367 1479 3423 ΙΙᾶν
1510 3369 1579 3423 δὲ
1618 3349 1888 3439 δένδρον
1901 3371 1988 3441 μὴ

382 3460 597 3513 ποιοῦν
660 3459 907 3528 καρπὸν
953 3459 1148 3513 καλὸν
1213 3448 1566 3514 ἐκκόπτεται
1606 3463 1704 3516 καὶ
1747 3465 1836 3529 εὶς
1869 3463 1990 3532 πῦρ

379 3553 703 3616 βάλλεται.
739 3551 1101 3617 Κολάζεσθαι
1132 3551 1189 3605 δὲ
1248 3554 1374 3616 τοὺς
1405 3554 1506 3607 ούκ
1537 3554 1849 3618 ἀκολούθως
1880 3559 1990 3619 τοῖς

381 3648 711 3718 ξιδάγμασιν
776 3647 950 3700 αὑτοῦ
1008 3644 1279 3716 βιοῦντας,
1333 3647 1661 3719 λεγομένους
1711 3647 1767 3701 δὲ
1832 3647 1988 3720 μόνον

384 3741 774 3810 Χρπτιανοὺς,
807 3739 909 3794 καὶ
939 3740 1031 3809 ὑφ’
1063 3741 1092 3793 ύ
1103 3740 1220 3812 μῶν
1251 3739 1533 3812 ἀξιοῦμεν.

449 3832 534 3884 17.
569 3834 792 3905 Φόρους
853 3833 913 3886 δὲ
974 3835 1070 3886 καὶ
1131 3835 1394 3906 εἰσφορὰς
1438 3836 1550 3897 τοῖς
1596 3833 1687 3903 ὑφ’
1717 3833 1872 3905 ὑμῶν
1903 3851 1990 3887 τε-

387 3925 679 3994 ταγμένοις
714 3923 1003 3996 πανταχοῦ
1037 3927 1145 3998 πρὸ
1177 3926 1395 3980 πάντων
1427 3924 1748 3996 πειρώμεθα
1780 3926 1985 3995 φέρειν,

385 4019 454 4081 ὡς
499 4018 886 4090 ἐδιδάχθημεν
944 4023 1081 4094 παρ’
1127 4021 1314 4075 αὐτοῦ.
1361 4021 1499 4074 Κατ’
1532 4023 1711 4074 ἐκεῖνο
1754 4020 1863 4092 γὰρ
1893 4020 1987 4074 τοῦ

388 4111 574 4182 γαιροῦ
612 4108 1018 4184 προσελθὸντες
1079 4112 1260 4179 τινὲς,
1323 4111 1551 4185 ἠρώτων
1611 4113 1794 4177 αὑτὸν,
1829 4115 1879 4166 εἰ
1908 4113 1991 4166 δεῖ

387 4204 626 4275 Καξσαρι
682 4204 895 4274 φόρους
950 4204 1162 4258 τελεῖνο
1207 4204 1302 4258 καὶ
1350 4203 1706 4276 ιίιπεκρίνατο⁸
1763 4205 1988 4259 Εἵπατέ

384 4313 496 4363 μοι,
549 4297 729 4362 τίνος
778 4297 990 4350 εἰκόνα
1039 4295 1107 4350 τὸ
1166 4297 1430 4366 νόμισμα
1480 4297 1637 4366 exse;
1685 4299 1747 4350 Οἱ
1779 4297 1834 4351 δὲ
1865 4298 1989 4366 ἔφα-

389 4405 480 4439 σαν
500 4404 514 4417 ο
551 4388 900 4455 Καίσαρος·
965 4387 1063 4441 καὶ
1109 4389 1271 4442 πάλιν
1302 4389 1738 4460 ἁνταπεκρίνατο
1768 4389 1951 4452 αὐτοῖς
1969 4406 1982 4418 ·

400 4478 674 4533 Ἀπόδοτε
722 4475 842 4534 οὖν
881 4481 955 4533 τὰ
997 4481 1300 4548 Καίσαρος
1339 4479 1422 4546 τῷ
1464 4480 1740 4548 Καίσαρι,
1776 4481 1875 4534 καὶ
1914 4481 1988 4535 τὰ

2017 3232 2060 3288 C

2107 608 2260 662 bant.
2293 606 2374 662 Ne
2404 615 2585 663 autem
2621 608 2870 677 iuremus
2893 609 3138 677 omnino,
3179 613 3276 668 sed
3307 628 3435 668 vera
3475 629 3642 687 sempt
3665 634 3692 670 r

2106 699 2380 764 dicamus,
2415 699 2497 754 sic
2530 701 2830 771 prmcepit:
2881 700 2966 756 Ne
3015 703 3212 772 junctis
3239 707 3475 772 omnino,
3497 707 3588 761 sed
3619 712 3690 763 sit

2106 803 2336 847 uestrum
2373 807 2392 846 :
2423 792 2542 859 Est,
2573 804 2686 860 est;
2717 803 2765 848 et
2797 809 2817 848 :
2853 791 2997 862 Non,
3039 811 3143 849 non
3167 813 3185 860 ;
3213 799 3355 867 quod
3393 809 3566 853 autem
3604 801 3688 854 his

2106 887 2469 940 abundantius
2506 895 2582 940 est
2609 925 2624 950 ,
2680 903 2712 940 a
2740 886 2881 940 man
2919 895 2992 940 est
3024 887 3089 942 ⁵⁵.
3123 889 3290 944 Deum
3321 905 3486 960 porro
3512 892 3687 947 solum

2105 977 2394 1032 colendum
2427 992 2568 1042 esse,
2603 979 2677 1032 ita
2706 978 2904 1044 suasit,
2948 979 3179 1036 dicens:
3213 979 3513 1035 Maximum
3537 999 3690 1037 man-

2104 1070 2288 1124 datum
2315 1079 2389 1124 est
2414 1086 2434 1124 :
2493 1069 2778 1125 Dominum
2831 1070 3004 1125 Deum
3033 1083 3181 1126 tuum
3229 1073 3500 1138 adorabis,
3531 1086 3689 1146 atque

2102 1163 2257 1216 illum
2285 1164 2456 1217 solum
2485 1163 2622 1217 coles
2654 1179 2719 1216 ex
2748 1172 2856 1216 toto
2903 1166 3061 1218 corde
3101 1175 3214 1230 tuo,
3242 1175 3289 1219 et
3331 1182 3396 1220 ea:
3419 1177 3529 1221 tota
3575 1167 3688 1237 for-

2103 1258 2336 1311 titudine
2369 1267 2501 1322 tua;
2535 1256 2820 1310 Dominum
2869 1256 3040 1312 Deum
3062 1267 3234 1324 tuum,
3278 1259 3370 1327 qui
3395 1259 3518 1328 fecit
3542 1271 3592 1315 te
3614 1259 3684 1317 ⁸⁸.

2102 1348 2169 1403 Ει
2194 1349 2495 1405 accedente
2512 1348 2586 1401 'ad
2617 1363 2738 1402 eum
2789 1347 3048 1415 quodam,
3072 1357 3235 1416 atque
3283 1348 3533 1404 dicente:
3567 1350 3687 1405 Ma-

2103 1442 2266 1510 gister
2292 1441 2423 1495 bone
2448 1454 2468 1493 :
2515 1440 2797 1508 respondit
2820 1439 3073 1509 inquiens
3101 1462 3112 1496 :
3143 1440 3309 1517 Nemo
3337 1443 3527 1510 bonus,
3550 1460 3688 1513 pra:-

2102 1545 2340 1605 terquam
2363 1533 2508 1588 solus
2534 1533 2676 1588 Deus
2701 1533 2771 1598 ⁸⁷,
2822 1536 2916 1603 qui
2939 1533 3186 1589 condidit
3211 1536 3414 1591 omnia.
3449 1537 3551 1603 Qui
3583 1552 3683 1592 au-

2102 1637 2215 1683 tem
2255 1642 2368 1682 non
2409 1627 2486 1681 ita
2514 1626 2933 1695 comperiantur
2984 1627 3192 1694 vivere,
3227 1630 3684 1698 quemadmodum

2101 1719 2312 1784 docuit,
2341 1734 2435 1775 eos
2469 1733 2569 1788 pro
2597 1726 2749 1774 certo
2775 1725 2989 1772 constet
3028 1733 3138 1774 non
3163 1733 3290 1775 esse
3314 1719 3683 1789 Christianos,

2102 1814 2357 1882 quamvis
2420 1812 2604 1884 lingua
2664 1811 3020 1883 pronuntient
3089 1810 3294 1867 Christi
3352 1812 3679 1869 doctrinam.

2104 1904 2222 1961 Non
2256 1906 2402 1960 enim
2436 1920 2536 1961 eos
2579 1905 2671 1974 qui
2707 1903 3084 1959 tantummodo
3117 1905 3324 1970 dicunt,
3361 1907 3454 1961 sed
3482 1906 3574 1976 qui
3601 1906 3684 1959 fa-

2105 2009 2194 2054 cta
2228 2000 2396 2053 etiam
2449 1997 2737 2063 exhibent,
2802 1999 2982 2052 salvos
3014 2012 3135 2053 esse
3167 1997 3378 2053 futuros
3401 1998 3556 2074 dixit.
3589 1997 3683 2054 Sic

2099 2086 2246 2141 enim
2281 2086 2360 2139 ait
2387 2102 2402 2139 :
2441 2083 2567 2138 Non
2599 2084 2770 2138 omnis
2795 2084 2886 2154 qui
2935 2083 3066 2136 dicit
3097 2084 3251 2150 mihi,
3290 2084 3535 2151 Domine,
3567 2084 3682 2140 Do-

2101 2177 2260 2243 mine,
2289 2175 2530 2230 introibit
2553 2175 2611 2228 in
2643 2191 2858 2244 regnum
2888 2175 3139 2230 caelorum
3156 2194 3178 2242 ;
3206 2176 3298 2231 sed
3319 2179 3411 2246 qui
3434 2177 3565 2248 facit
3591 2194 3684 2233 uo-

2098 2267 2360 2323 luntatem
2392 2265 2578 2322 Patris
2605 2267 2709 2322 mei
2734 2269 2824 2338 qui
2847 2268 2902 2322 in
2927 2268 3070 2322 caelis
3103 2280 3178 2323 est
3200 2269 3266 2324 ⁵⁸.
3299 2269 3443 2323 Nam
3481 2271 3573 2340 qui
3601 2285 3684 2326 me

2101 2360 2277 2424 audit,
2309 2369 2358 2414 et
2408 2375 2527 2429 qua:
2550 2360 2668 2412 dico
2701 2358 2857 2427 facit,
2881 2375 2999 2413 eum
3033 2361 3183 2414 audit
3206 2363 3297 2431 qui
3328 2362 3472 2416 misit
3505 2381 3584 2417 me
3609 2364 3681 2419 ⁵ο.

2101 2447 2362 2503 Permulti
2424 2458 2602 2503 autem
2676 2449 2850 2503 dicent
2904 2450 3074 2506 mihi:
3121 2451 3367 2519 Domine,
3411 2453 3681 2523 Domine,

2100 2558 2271 2595 nonne
2298 2544 2355 2595 in
2397 2543 2607 2596 nomine
2655 2551 2745 2596 tuo
2778 2541 2985 2596 edimus
3026 2554 3072 2597 et
3100 2544 3342 2612 bibimus,
3368 2556 3416 2601 et
3465 2548 3683 2604 virtutes

2095 2637 2442 2703 praestitimus
2475 2637 2565 2690 6°?
2596 2634 2667 2690 Et
2691 2648 2815 2692 tunc
2855 2639 3029 2692 dicam
3067 2641 3178 2694 cis:
3226 2640 3490 2696 Discedite
3535 2659 3569 2696 a
3600 2659 3683 2698 me

2103 2727 2212 2800 54
2240 2729 2332 2798 qui
2351 2729 2646 2798 operamini
2673 2729 3011 2800 iniquitatem
3042 2731 3109 2785 ⁶¹.
3140 2729 3169 2784 Ι
3176 2731 3226 2784 bi
3256 2742 3367 2785 tum
3393 2733 3550 2802 ﬂetus
3579 2735 3683 2787 erit

2095 2831 2144 2874 et
2201 2820 2404 2872 stridor
2431 2819 2689 2886 dentium,
2737 2837 2858 2874 cum
2878 2822 3018 2892 justi
3028 2853 3030 2856 ν
3061 2823 3274 2892 quidem
3309 2834 3366 2878 ut
3395 2825 3478 2880 sol
3505 2825 3680 2896 fulge-

2097 2909 2250 2973 bunt,
2303 2910 2496 2978 injusti
2553 2922 2728 2966 autem
2791 2913 3071 2968 mittentur
3100 2915 3155 2970 in
3184 2917 3355 2986 ignem
3408 2918 3681 2988 sempiter-

2096 3017 2220 3054 num
2260 3002 2327 3056 ⁶².
2361 3001 2524 3057 Multi
2570 3004 2834 3075 siquidem
2878 3004 3084 3059 venient
3127 3006 3223 3060 sub
3277 3008 3488 3063 nomine
3543 3025 3679 3074 meo,

2094 3093 2428 3148 extrinsecus
2456 3097 2631 3150 ovium
2675 3095 2900 3165 pellibus
2953 3097 3155 3164 induti,
3197 3114 3316 3153 cunt
3365 3099 3682 3156 intrinsecus

2095 3184 2206 3255 lupi
2247 3188 2355 3240 sint
2407 3204 2645 3256 rapaces.
2698 3189 2785 3244 Ea:
2829 3191 3072 3259 operibus
3127 3207 3311 3246 eorum
3351 3195 3678 3263 cognoscetis

2097 3279 2245 3334 illos.
2303 3280 2492 3334 Omnis
2543 3289 2722 3336 autem
2771 3285 2933 3336 arbor
2961 3299 3065 3337 non
3107 3282 3305 3352 faciens
3333 3285 3566 3352 fructum
3587 3287 3682 3342 bo-

2093 3389 2244 3436 num,
2281 3373 2567 3438 exciditur,
2599 3385 2647 3428 et
2694 3376 2750 3429 in
2780 3377 2956 3444 ignem
3006 3375 3289 3446 conjicitur
3311 3377 3378 3432 ⁶³.
3407 3377 3679 3434 Caeterum

2097 3471 2188 3538 qui
2225 3486 2332 3524 non
2361 3478 2727 3525 consentanee
2758 3471 3060 3541 prmeeptis'
3082 3471 3227 3527 illius
3257 3472 3466 3542 vivunt,
3491 3487 3557 3529 ac
3574 3488 3684 3528 -no-

2094 3564 2244 3616 asine
2276 3570 2436 3617 tenus
2467 3561 2766 3618 Christiani
2820 3573 2968 3630 sunt,
3025 3564 3082 3619 hi
3114 3573 3174 3618 ut
3203 3579 3236 3620 a
3271 3565 3429 3620 vobis
3458 3580 3679 3637 quoque

2095 3654 2421 3725 puniantur,
2455 3670 2734 3727 rogamus.

2162 3822 2251 3877 17.
2283 3821 2416 3878 Illud
2442 3823 2611 3878 etiam
2637 3823 2823 3879 studio
2872 3823 3031 3881 nobis
3063 3834 3170 3891 est,
3217 3835 3279 3880 ut
3303 3826 3592 3899 vectigalia
3622 3838 3679 3885 et

2091 3930 2288 3971 census
2317 3916 2406 3982 iis,
2447 3917 2648 3987 quibus
2699 3919 2802 3974 hoc
2850 3933 3046 3973 munus
3097 3919 3476 3986 eommisistis,
3510 3920 3676 3991 primi

2092 4008 2338 4064 omnium
2378 4010 2720 4080 pendamus,
2776 4010 3235 4080 quemadmodum
3291 4010 3360 4066 ab
3391 4023 3458 4066 eo
3487 4025 3678 4067 sumus

2092 4101 2358 4158 instituti.
2415 4101 2512 4156 Illo
2544 4116 2784 4172 namque
2809 4111 3055 4174 tempore
3088 4103 3409 4159 accedentes
3427 4103 3674 4173 quidam,

2097 4195 2442 4267 percunctati
2469 4205 2598 4250 sunt
2631 4210 2699 4250 ex
2723 4195 2838 4261 illo,
2869 4209 2937 4249 an
2986 4194 3188 4251 CiBSﬂl'i
3219 4197 3507 4268 vectigalia
3540 4211 3674 4266 pen-

2090 4291 2220 4345 dere
2250 4287 2656 4358 oporteat?,qui
2691 4302 3015 4359 responsum
3050 4289 3157 4345 hoc
3196 4288 3266 4344 ab
3299 4305 3366 4346 eo
3398 4290 3672 4346 retulere:

2089 4383 2286 4449 Dicite,
2330 4382 2528 4451 inquit,
2577 4381 2729 4447 mihi,
2783 4381 2937 4450 cujus
2964 4382 3248 4452 imaginem
3289 4399 3536 4439 nummus
3575 4387 3675 4438 Ita-

2089 4475 2214 4530 bet?
2245 4474 2351 4542 Qui
2390 4474 2483 4530 ubi
2529 4472 2831 4538 dixissent,
2893 4469 3126 4528 Caesaris
3154 4489 3173 4526 :
3225 4473 3450 4529 Reddite
3487 4476 3672 4545 igitur,

389 4571 488 4624 τοῦ
536 4571 693 4624 Θεοῦ
746 4569 832 4636 τῷ
884 4569 1024 4636 Θεῷ.
1065 4570 1226 4624 Ὅθεν
1257 4572 1390 4627 Θεὸν
1427 4573 1527 4644 μὲν
1562 4573 1723 4644 μόνον
1754 4591 1991 4646 προσκυ-

2098 4567 2190 4633 ait,
2224 4582 2343 4637 quae
2383 4565 2614 4621 Cwsaris
2641 4575 2787 4632 sunt,
2817 4564 3059 4632 Cwsari;
3090 4577 3137 4621 et
3166 4584 3285 4637 qua:
3311 4566 3435 4635 Dei,
3458 4567 3568 4621 Deo
3602 4567 3670 4622 “.

388 4662 584 4732 νοῦμεν
604 4680 618 4692 ο
656 4663 793 4732 ύμῖν
825 4662 886 4714 δὲ
919 4665 1058 4734 πρὸς
1099 4663 1166 4719 τὰ
1198 4665 1332 4720 ἄλλα
1364 4664 1646 4736 χαίροντες
1678 4664 1983 4737 ὑπηρετοῦ-

390 4772 506 4826 μεν,
537 4754 788 4825 βασιλεῖς
821 4754 918 4807 καὶ
949 4756 1213 4826 ἄρχοντας
1240 4755 1545 4828 ἀνθρώπων
1575 4757 1982 4829 ὁμολογοῦντες,

389 4850 480 4901 m‘t
525 4847 824 4918 εὐχόμενοι
888 4848 1029 4918 μετὰ
1074 4847 1173 4918 τῆς
1219 4848 1504 4920 βασιλικῆς
1563 4849 1846 4920 δυνάμεως
1889 4849 1986 4903 καὶ

393 4938 642 5009 σιὴρονα
675 4941 771 4994 τὸν
805 4940 1068 5010 λογισμὸν
1114 4939 1337 5010 ἔχοντας
1384 4941 1531 5011 ὑμᾶς
1574 4940 1884 5012 εὑρεθῆναι.
1919 4941 1984 4994 Ei

392 5031 445 5086 δὲ
487 5033 582 5086 καὶ
614 5033 778 5104 ἡμῶν
842 5032 1154 5103 εὐχομένων
1213 5034 1308 5086 καὶ
1370 5034 1547 5088 πάντα
1607 5036 1686 5097 εἰς
1747 5035 1979 5106 φανερὸν

393 5125 646 5180 τιθέντων
667 5127 1160 5197 ἁφροντιστήσετε,
1194 5127 1347 5180 οὐδὲν
1380 5127 1542 5198 ἡμεῖς
1574 5125 1980 5198 βλαϐησόμεθα,

392 5219 761 5283 πιστεύοντες,
802 5218 1010 5289 μᾶλλον
1041 5217 1100 5270 δὲ
1131 5217 1226 5272 καὶ
1258 5219 1637 5290 πεπεισμένοι,
1673 5220 1794 5272 κατ’
1825 5220 1985 5286 ἀξίαν

395 5311 494 5363 τῶν
523 5311 784 5383 πράξεων
815 5309 1053 5364 ἕκαστον
1094 5309 1264 5364 τίσειν
1306 5310 1396 5364 διὰ
1441 5313 1611 5384 πυρὸς
1655 5313 1872 5367 αἰωνίου
1904 5313 1985 5366 δί-

398 5421 508 5466 κας,
540 5405 638 5458 καὶ
670 5405 809 5476 πρὸς
839 5403 1147 5472 ἀναλογίαν
1207 5397 1280 5458 ὧν
1324 5403 1484 5458 ἔλαϐε
1515 5405 1799 5476 δυνάμεων
1830 5407 1984 5479 παρὰ

405 5495 543 5558 θεοῦ,
604 5495 696 5549 τὸν
757 5494 919 5565 λόγον
983 5492 1496 5566 ἀπαιτηθήσεσθαι,
1557 5496 1634 5560 ὡς
1675 5498 1706 5549 ὁ
1750 5497 1985 5568 Χριστὸς

459 5620 499 5649 ⁵⁸
526 5619 712 5674 Matth.
742 5637 795 5682 v,
825 5620 917 5686 54,
947 5615 1072 5686 57._
1127 5615 1173 5686 ’ἦ
1201 5613 1359 5668 Marc.
1389 5631 1487 5686 xtl,
1513 5614 1602 5669 30.
1637 5616 1722 5686 ﬂ"
1753 5613 1943 5686 Matth.
1973 5631 1992 5667 ι

2111 5613 2176 5686 -6.
2212 5612 2295 5686 ιι.
2375 5613 2420 5686 ε
2453 5613 2641 5686 unus.
2675 5625 2782 5674 vn.
2811 5612 2898 5686 ιι

399 5687 436 5719 ιι
463 5688 590 5746 Luc,
623 5705 741 5754 ιιη,
764 5689 852 5744 25,
902 5683 984 5718 ’σι
1018 5683 1216 5738 Matth.
1249 5701 1364 5751 xm,
1397 5685 1483 5740 42.
1562 5686 1606 5718 ⁸³
1635 5684 1826 5738 Matth.
1857 5701 1956 5752 vn.
1986 5685 2071 5742 l5.

459 5805 589 5873 tuo“)
623 5805 955 5875 Πέμοωνται
1001 5799 1154 5868 conj.
1187 5797 1386 5869 Davis,
1412 5804 1501 5860 sed
1531 5806 1784 5876 pessime.

2089 4659 2330 4716 Proinde
2359 4674 2460 4715 nos
2491 4658 2664 4714 solum
2695 4659 2864 4715 Deum
2891 4661 3206 4726 adoramus;
3225 4661 3377 4715 vobis
3401 4668 3582 4716 autem
3616 4661 3672 4716 in

2089 4755 2257 4808 rebus
2290 4752 2415 4808 aliis
2436 4752 2545 4808 lteti
2579 4753 2868 4819 servimus,
2905 4767 3060 4823 reges
3101 4767 3165 4807 ac
3198 4751 3471 4822 principes
3494 4752 3673 4806 homi-

2091 4861 2222 4900 num
2255 4859 2378 4901 esse
2413 4855 2809 4915 agnoscentes,
2843 4853 2898 4899 et
2931 4843 3095 4899 simul
3129 4853 3438 4914 precantes,
3466 4854 3524 4898 ut
3546 4859 3669 4898 cum

2087 4935 2236 5005 regia
2285 4943 2554 5004 potestate
2617 4948 2810 4989 sanam
2864 4949 3081 5004 quoque
3135 4942 3371 4988 mentem
3423 4933 3672 4990 obtinere

2087 5027 2521 5099 comperiamini.
2547 5027 2704 5094 Quod
2744 5029 2790 5084 si
2819 5043 2919 5083 nos
2943 5036 3257 5096 precantes,
3291 5035 3454 5096 atque
3487 5027 3669 5081 omnia

2090 5124 2146 5178 in
2181 5122 2358 5176 lucem
2415 5119 2760 5191 proferentes
2811 5136 2920 5175 non
2972 5120 3345 5175 curaveritis:
3403 5119 3539 5173 nihil
3573 5133 3671 5174 nos

2087 5215 2307 5286 quidem
2355 5215 2636 5284 capiemus
2688 5214 3029 5283 detrimenti,
3085 5215 3282 5284 quippe
3326 5228 3448 5268 cum
3479 5210 3671 5267 creda-

2087 5324 2232 5375 mus,
2269 5307 2352 5362 vel
2382 5308 2566 5378 potius
2605 5323 2924 5378 persuasum
2984 5306 3309 5372 habeamus,
3356 5321 3459 5375 pro
3493 5305 3672 5360 aetio-

2088 5415 2218 5455 nmn
2255 5400 2466 5455 meritis
2523 5413 2966 5468 unumquemque
3014 5411 3207 5468 punias
3272 5411 3369 5468 per
3401 5408 3668 5452 azternum

2090 5494 2271 5563 ignem
2311 5493 2592 5557 daturum,
2651 5501 2707 5546 et
2739 5507 2838 5556 pro
2872 5489 3086 5544 ratione
3112 5499 3454 5560 acceptarum
3492 5506 3521 5544 a
3561 5491 3671 5545 Deo

2123 5615 2176 5678 6,
2212 5615 2295 5664 Π.
2375 5615 2420 5644 ⁵⁸
2453 5615 2641 5663 Matth.
2675 5625 2782 5674 VII,
2811 5615 2898 5662 2L
2977 5630 2994 5648 ·
3049 5615 3148 5671 ll).,
3181 5616 3271 5667 24.
3349 5618 3395 5650 ⁸ο
3425 5621 3478 5676 ib
3548 5625 3634 5682 2|.

2103 5683 2302 5742 16.19.
2380 5681 2424 5713 6‘
2451 5679 2640 5734 Matth.
2681 5696 2814 5747 xm,
2847 5679 2934 5746 l7,
2970 5679 3059 5744 49,
3086 5681 3175 5751 20,
3207 5683 3294 5742 21,
