4006 6254
408 398 509 426 ῑτὲἔὲ

409 418 513 454 ὓῦἱ)

1353 390 1411 446 s.
1454 380 1713 445 JUS'rtN:
1751 367 2183 444 rtttLosornt
2223 389 2311 443 ET
2347 386 2708 445 MARTYRIS

3580 393 3683 449 3'56

413 513 727 568 facultatum
771 513 1039 566 rationem
1066 510 1116 565 ei
1148 509 1506 577 redditurum,
1533 498 1986 580 quemadmodum

2104 512 2371 581 ἐμήνυσεν
2404 509 2571 563 εἰπών
2591 528 2603 541 ·
2640 503 2715 580 ⁷ῼ
2751 510 2940 564 πλέον
2962 510 3184 563 ἔδωκεν
3222 513 3253 565 ὁ
3303 511 3468 577 Θεὸς,
3494 514 3685 565 πλέον

410 603 661 657 Christus
692 601 1012 665 declaravit,
1041 599 1270 653 dicens:
1306 597 1405 652 Cui
1426 599 1545 668 plus
1577 596 1795 651 contulit
1831 592 1992 659 Deus,

412 695 531 758 plus
559 695 718 748 etiam
751 701 1049 758 reposcetur
1076 692 1141 743 ab
1183 706 1243 743 eo
1276 690 1342 743 ⁸⁵.

485 786 574 841 18.
609 785 883 853 Respicite
915 784 1059 838 enim
1094 783 1298 837 exitum
1354 781 1617 851 cujusque
1649 780 1994 849 superiorum

416 879 844 947 imperatorum;
901 887 1245 929 communem
1278 873 1535 928 omnibus
1570 881 1803 926 mortem
1835 870 1992 925 obie-

414 979 561 1033 runt,
594 984 715 1036 quae
748 968 792 1022 si
848 968 901 1021 in
934 976 1137 1021 statum
1173 979 1366 1020 sensus
1393 973 1672 1031 expertem
1707 962 1991 1027 evaderet,

413 1062 481 1115 de
515 1059 667 1114 lucro
714 1060 765 1113 id
820 1066 969 1113 esset
1022 1056 1285 1124 improbis
1325 1054 1600 1109 omnibus.
1641 1054 1745 1108 Sed
1781 1053 1906 1122 quia
1939 1063 1995 1107 et

420 1166 613 1207 sensus
641 1160 827 1205 manet
872 1150 941 1204 iis
974 1150 1229 1203 omnibus
1271 1148 1361 1217 qui
1389 1147 1744 1210 exstiterunt,
1779 1159 1834 1201 et
1868 1162 1996 1214 sup-

411 1246 573 1315 plicia
618 1254 821 1298 aiterna
857 1242 1089 1311 reposita
1128 1249 1277 1306 sunt,
1312 1255 1381 1295 ne
1422 1240 1536 1294 hree
1568 1255 1667 1308 pro
1699 1240 1863 1294 certis
1897 1241 1993 1295 ha-

412 1340 543 1392 bere
570 1352 633 1391 ac
655 1349 784 1388 vera
816 1333 1041 1388 credere
1072 1330 1375 1401 regligatis.
1415 1330 1550 1384 Nam
1581 1338 1637 1383 et
1669 1344 1996 1401 necyoman-

411 1433 517 1494 tiae,
545 1439 596 1485 et
657 1430 1095 1496 incorruptorum
1150 1437 1447 1493 puerorum
1495 1421 1891 1491 inspectiones,
1938 1432 1994 1476 et

409 1524 721 1577 animarum
782 1520 1143 1572 humanarum
1200 1515 1567 1581 evocationes,
1620 1523 1676 1569 et
1726 1516 1818 1584 qui
1854 1517 1993 1584 apud

412 1628 610 1683 magos
633 1613 891 1666 dicuntur
912 1609 1249 1664 somniorum
1294 1606 1629 1661 immissores
1667 1615 1721 1660 et
1753 1621 1993 1661 assesso-

410 1715 597 1769 res,ct
624 1720 743 1774 quae
793 1718 822 1757 a
868 1700 1059 1773 peritis
1092 1699 1310 1753 illarum
1342 1714 1524 1753 rerum
1562 1698 1720 1765 ﬁunt,
1764 1714 1991 1767 persua-

409 1802 574 1853 deant
602 1797 759 1851 vobis
794 1797 1011 1849 animas
1042 1794 1208 1847 etiam
1243 1799 1366 1859 post
1388 1799 1621 1845 mortem
1662 1805 1823 1845 sensu
1856 1805 1994 1859 pra:-

2099 604 2194 656 καί
2236 603 2702 672 ἀπαιτηθήσεται
2742 605 2876 672 παρ’
2903 603 3110 660 autcf);

2169 782 2256 837 18.
2306 781 2667 852 Ἀποϐλέψατε
2700 785 2809 854 γάρ
2840 784 2977 854 πρὸς
3022 782 3083 836 τὸ
3128 782 3279 846 τέλος
3311 783 3542 837 ἑκάστου
3574 782 3685 838 τῶν

2097 874 2404 944 γενομένων
2438 874 2726 944 βασιλέων,
2790 876 2873 927 ὅτι
2939 874 3029 927 τὸν
3075 874 3255 926 κοινὸν
3286 876 3421 927 πᾶσι
3454 874 3684 929 θάνατον

2095 964 2397 1018 ἀπέθανον·
2461 966 2600 1035 ὅπερ
2648 964 2760 1035 (97)
2822 966 2870 1017 εἰ
2930 967 3010 1027 εἰς
3070 963 3429 1034 ἀναισθησίαν
3461 963 3681 1035 ἐχώρει,

2096 1058 2325 1129 ἕρμαιον
2357 1057 2423 1111 ἂν
2454 1053 2522 1129 ἦν
2554 1060 2668 1121 τοῖς
2729 1057 2935 1120 ἀδίκοις
2997 1059 3183 1111 πᾶσιν.
3233 1057 3370 1109 Ἀλλ’
3404 1058 3527 1111 ἐπεὶ
3586 1060 3685 1112 καὶ

2094 1149 2348 1221 αἴσθησις
2381 1152 2516 1203 πᾶσι
2552 1149 2868 1219 γενομένοις
2904 1150 3076 1220 μένει,
3110 1150 3207 1203 καὶ
3238 1150 3459 1214 κόλασις
3487 1152 3685 1205 αἰωνία

2095 1243 2410 1305 ἀπόκειται,
2450 1244 2523 1313 μὴ
2557 1242 2872 1313 ἀμελήσητε
2919 1242 3209 1313 πεισθῆναί
3241 1262 3299 1296 τε
3335 1244 3429 1297 καὶ
3460 1244 3683 1298 πιστεῦ-

2097 1351 2190 1387 σαι
2221 1336 2303 1387 ὄτι
2336 1332 2512 1404 ἀληθῆ
2544 1332 2719 1385 ταῦτά
2752 1334 2886 1385 ἐστι.
2936 1334 3373 1402 Νεκυομαντείαι
3408 1336 3517 1405 (98)
3554 1337 3677 1407 μὲν,

2094 1425 2190 1478 καί
2222 1426 2276 1477 αἱ
2307 1421 2651 1492 ἀδιαςῖιθόρων
2696 1422 2902 1476 παίδων
2946 1424 3322 1491 ὲποπτεύσεις,
3370 1427 3465 1479 καί
3494 1426 3680 1497 ψυχῶν

2094 1516 2452 1588 ἀνθρωπίνων
2485 1515 2742 1586 κλήσεις,
2805 1514 2901 1569 καὶ
2944 1517 2993 1568 οἰ
3039 1515 3327 1587 λεγόμενοι
3374 1518 3525 1591 παρά
3565 1524 3679 1584 τοῖς

2098 1610 2292 1681 μάγοις
2352 1607 2747 1680 όνειροπομποὶ
2808 1608 2905 1663 καὶ
2968 1609 3230 1681 πάρεδροι
3292 1610 3441 1682 (99),
3487 1613 3581 1665 καὶ
3611 1613 3680 1665 τὰ

2094 1702 2355 1772 γινόμενα
2387 1702 2493 1755 ὑπὸ
2524 1700 2630 1754 τῶν
2663 1699 2835 1754 ταῦτα
2867 1702 3087 1755 εἰδότων
3107 1742 3121 1766 ,
3156 1703 3502 1757 πεισάτωσαν
3534 1704 3679 1775 ὑμᾶς

2094 1796 2179 1848 ὅτι
2211 1794 2308 1848 καὶ
2343 1793 2481 1864 μετὰ
2511 1793 2739 1848 θάνατον
2802 1796 2859 1847 ὲν
2904 1793 3158 1865 αἰσθήσει
3203 1796 3345 1849 εἰσὶν
3386 1798 3443 1850 αἰ
3473 1795 3673 1867 ψυχαί·

408 1894 552 1947 ditas
585 1905 736 1946 esse:
776 1898 830 1943 et
859 1888 951 1956 qui
999 1888 1068 1941 ab
1101 1884 1388 1939 animabus
1421 1894 1762 1937 mortuorum
1798 1898 1986 1938 corre-

2098 1887 2187 1939 καὶ
2218 1888 2267 1939 οἱ
2312 1858 2509 1956 ψυχαῖς
2570 1885 2953 1939 ἀποθανόντων
3011 1858 3421 1958 λαμϐανόμενοι
3468 1858 3674 1959 ('l)"xa‘t

409 1985 485 2053 pti
520 1981 911 2053 projiciutitur,
939 1976 1258 2033 daemoniaci
1291 1985 1348 2031 et
1402 1974 1597 2030 furiosi
1632 1976 1699 2029 ab
1733 1976 1986 2032 omnibus

414 2073 699 2143 appellati,
732 2080 783 2126 et
835 2085 954 2139 qua:
988 2070 1248 2123 dicuntur
1277 2068 1419 2136 apud
1453 2081 1553 2121 vos
1583 2067 1827 2132 oracula,
1859 2069 1989 2121 Am-

410 2166 679 2237 philochi,
719 2164 954 2218 Dodona:
1001 2172 1051 2216 e:
1112 2159 1339 2231 Pythia,
1380 2168 1436 2213 et
1489 2175 1829 2228 quagcunque
1882 2160 1987 2213 alia

406 2254 698 2322 ejusmodi,
734 2263 788 2309 et
821 2254 1150 2321 scriptorum
1208 2250 1516 2310 sententia}.
1560 2250 1905 2321 Empedoclis
1932 2260 1989 2305 et

410 2347 758 2418 Pythagorm,
788 2344 1032 2401 Platonis
1083 2352 1138 2397 et
1170 2342 1416 2397 Socratis
1438 2389 1451 2406 ,
1495 2351 1550 2397 et
1579 2342 1669 2397 illa
1706 2343 1846 2413 apud
1878 2343 1986 2398 llo-

412 2456 620 2495 merom
656 2440 803 2493 fossa
834 2444 893 2492 et
921 2438 1212 2492 descensus
1252 2435 1460 2508 Ulyssis
1493 2437 1687 2491 horum
1729 2437 1989 2491 videndo-

413 2542 530 2579 tum
567 2542 757 2589 causa,
782 2534 1051 2578 eteorum
1086 2525 1397 2579 testimonia
1429 2526 1522 2595 qui
1580 2527 1767 2581 eadem
1805 2542 1869 2580 ac
1900 2526 1987 2580 isti

410 2619 693 2672 dixerunt:
740 2616 937 2685 quibus
965 2630 1064 2671 nos
1096 2617 1293 2671 saltem
1327 2633 1481 2687 mque
1524 2618 1819 2688 approbate
1841 2658 1855 2677 ,
1883 2616 1988 2688 55

408 2710 499 2779 qui
530 2724 636 2762 non
668 2709 846 2763 minus
880 2724 1045 2777 quam
1074 2708 1173 2775 illi,
1205 2710 1313 2765 imo
1338 2711 1512 2780 magis
1549 2710 1659 2766 Deo
1691 2711 1987 2774 credimus,

406 2803 605 2871 quippe
638 2816 762 2855 cum
814 2812 1000 2855 nostra
1036 2816 1271 2872 corpora
1323 2805 1491 2858 etiam
1546 2814 1764 2859 mortua
1819 2814 1873 2859 et
1932 2804 1987 2859 in

411 2904 615 2946 terram
642 2889 892 2958 COIIjCCla
955 2906 1053 2947 llOS
1088 2908 1276 2947 τυνειις
1330 2902 1646 2963 recepturos
1680 2908 1986 2963 speremus,

408 2987 547 3041 nihil
578 3001 688 3041 non
732 3001 892 3056 posse
918 3002 949 3041 a
985 2988 1093 3042 Deo
1123 2988 1239 3041 lic-3i
1266 2998 1595 3043 asserentes.

480 3079 573 3135 l9.
608 3078 678 3133 Et
726 3095 859 3135 sane
903 3080 1032 3150 quid
1067 3081 1440 3136 incredibilius
1492 3081 1743 3137 videatur
1782 3092 1990 3137 attente

2092 1976 2441 2047 ῥιπτούμενοι
2474 1975 2881 2047 ἄνθρωποι,οὓς
2911 1977 3396 2049 δαιμονιολήπτους
3417 1979 3513 2032 καὶ
3547 1996 3677 2049 μαι-

2090 2070 2349 2139 νομένους
2381 2067 2611 2121 καλοῦσι
2644 2068 2844 2131 πάντες
2866 2108 2879 2132 ,
2944 2069 3040 2121 καὶ
3084 2068 3151 2121 τὰ
3196 2070 3327 2140 παρ’
3362 2070 3489 2141 ὑμῖν
3520 2070 3676 2139 λεγό⁴

2094 2179 2229 2232 μενα
2264 2163 2489 2231 μαντεῖα
2533 2160 2861 2231 Ἀμφιλόχου
2895 2161 2989 2214 καὶ
3020 2160 3281 2233 Δωδώνης
3312 2162 3409 2215 κα).
3441 2162 3674 2227 Πυθοῦς,

2090 2255 2187 2307 καὶ
2217 2256 2316 2308 ὅσα
2348 2254 2482 2308 ἄλλα
2514 2253 2740 2307 τοιαῦτά
2771 2256 2907 2317 ἐστι,
2944 2253 3038 2307 καὶ
3071 2251 3139 2305 τὰ
3171 2254 3279 2307 τῶν
3312 2256 3679 2325 συγγραφέων

2089 2346 2415 2415 διδάγματα,
2463 2344 2893 2417 Ἐμπεδοκλέους
2928 2344 3023 2398 καὶ
3054 2344 3414 2417 Πυθαγόρου,
3458 2346 3680 2400 Πλάτω-

2090 2440 2179 2502 νός
2211 2456 2270 2491 τε
2302 2438 2397 2491 καὶ
2429 2436 2775 2507 Σωκράτους,
2840 2436 2936 2489 καὶ
2965 2438 2993 2489 ὁ
3027 2436 3159 2508 παρ’
3205 2438 3429 2509 Ὁμήρῳ
3464 2437 3675 2509 βόθρος,

2091 2535 2185 2586 καὶ
2217 2535 2249 2604 ή
2282 2532 2505 2595 κάθοδος
2550 2530 2851 2594 Ὀδυσσέως
2885 2532 2965 2594 εἰς
2997 2531 3097 2602 τὴν
3128 2532 3334 2587 τούτων
3365 2534 3677 2604 ἐπίσκεψιν,

2092 2626 2185 2680 καὶ
2218 2626 2324 2679 τῶν
2355 2624 2423 2678 τά
2453 2623 2593 2678 αὺτά
2625 2623 2835 2688 τούτοις
2879 2624 3146 2677 εἰπόντων
3167 2640 3180 2653 ·
3230 2618 3313 2687 οἷς
3344 2625 3457 2682 κᾶν
3478 2626 3677 2696 ὁμοίως

2091 2721 2237 2790 ἡμᾶς
2268 2715 2600 2784 ἀποδέξασθε
2630 2716 2729 2787 οὐχ
2768 2712 2931 2788 ἧττον
2960 2716 3185 2770 ἐκείνων
3223 2714 3343 2786 Θεῷ
3396 2716 3677 2769 πιστεύον-

2090 2829 2209 2875 τας,
2255 2808 2392 2864 sua.
2453 2808 2674 2880 μᾶλλον,
2720 2810 2770 2862 οἳ
2816 2811 2912 2863 καί
2970 2809 3039 2863 τὰ
3079 2808 3415 2881 νεκρούμενα
3465 2808 3558 2862 καὶ
3597 2810 3676 2872 εἰς

2090 2905 2193 2974 γῆν
2223 2902 2544 2973 βαλλόμενα,
2580 2901 2742 2955 πάλιν
2786 2900 3162 2972 ἀπολήψεσθαι
3208 2899 3415 2954 ἑαυτῶν
3447 2899 3675 2970 σώματα

2091 2994 2509 3066 προσδοκῶμεν·
2545 2990 2807 3047 ἀδύνατον
2855 2994 3019 3065 μηδὲν
3066 2987 3207 3045 εἶναι
3248 2991 3368 3063 Θεῷ
3398 2992 3671 3060 λέγοντες.

2163 3085 2247 3140 19.
2275 3085 2386 3138 Καὶ
2417 3085 2769 3140 κατανοοῦντι
2793 3084 2869 3157 (2)
2895 3085 3248 3158 ἀπιστότερον
3272 3084 3337 3137 ἂν
3364 3084 3563 3155 μᾶλλον
3592 3083 3676 3135 δό-

407 3167 801 3231 eonsideranti,
831 3182 990 3237 quam
1021 3170 1069 3224 si
1098 3170 1150 3223 in
1195 3185 1426 3238 corpore
1454 3187 1557 3225 non
1588 3188 1861 3238 essemus,
1895 3190 1986 3229 no-

2098 3174 2204 3242 Eat,
2225 3175 2259 3246 ἢ
2282 3178 2329 3227 εἰ
2358 3176 2417 3228 ἐν
2440 3174 2651 3246 σώματι
2675 3176 2749 3247 μὴ
2770 3176 3108 3246 ὑπήρχομεν,
3143 3174 3237 3228 καί
3265 3191 3361 3237 τις.
3380 3173 3586 3242 ἔλεγεν,
3612 3176 3674 3227 ὲκ

407 3264 600 3332 bisque
639 3264 846 3319 diceret
893 3263 1090 3331 aliquis
1141 3276 1208 3317 ex
1258 3278 1430 3333 parva
1476 3264 1715 3333 quadam
1766 3266 1988 3321 humani

407 3357 636 3412 seminis
672 3365 825 3425 gutta
869 3370 994 3411 ossa
1042 3363 1099 3409 et
1138 3366 1337 3409 carnes
1386 3370 1473 3421 ea,
1508 3342 1670 3426 quam
1708 3357 1987 3423 ,videmus,

407 3448 588 3505 forma
621 3450 739 3505 ﬁeri
769 3450 968 3520 posse?
998 3444 1055 3502 ld
1087 3448 1233 3503 enim
1264 3464 1411 3504 nunc
1448 3450 1700 3520 tingendo
1725 3451 1987 3507 dicamus.

409 3538 467 3595 Si
492 3540 627 3597 tales
655 3557 763 3595 non
786 3540 1007 3604 essetis,
1036 3556 1211 3612 neque
1238 3541 1346 3595 orti
1379 3555 1444 3594 ex
1481 3540 1701 3606 talibus,
1727 3541 1991 3610 vobisque

411 3630 609 3699 aliquis
640 3631 877 3685 hominis
906 3645 1095 3686 semen
1120 3641 1175 3686 et
1204 3631 1407 3700 pietam
1442 3630 1733 3700 imaginem
1760 3631 1988 3686 demon-

408 3733 616 3789 strans,
640 3735 707 3776 cx
740 3722 834 3776 tali
868 3738 926 3777 re
956 3737 1079 3776 eum
1120 3721 1371 3792 generari
1402 3736 1563 3791 posse
1603 3734 1985 3789 asseveraret;

487 3887 533 3918 ⁸⁸
565 3889 694 3941 Luc.
732 3901 828 3950 xu,
857 3884 950 3939 48.

483 4076 594 4147 (97)
632 4076 828 4143 Ὅπερ.
870 4074 1181 4145 chendum
1216 4085 1402 4130 censet
1441 4075 1756 4145 Stephanus
1801 4075 1980 4142 ὅσπερ

406 4158 463 4201 et
501 4147 943 4216 ἀπογενομένοις,
1000 4160 1097 4214 pro
1140 4147 1474 4216 γενομένοις,
1533 4155 1590 4199 ut
1648 4147 1715 4200 de
1750 4160 1984 4216 mortuis

408 4219 680 4271 .lustiuuut
720 4215 866 4285 loqui
899 4217 1103 4271 clarius
1136 4226 1338 4285 pateat.
1363 4218 1565 4271 Deinde
1597 4226 1725 4270 ante
1758 4215 1985 4286 μὴάμε-

407 4287 610 4357 λήῃτε
646 4288 951 4340 addendum
1010 4296 1165 4354 putat
1222 4288 1336 4350 καί,
1382 4288 1467 4341 vel
1500 4287 1557 4339 δέ
1587 4296 1708 4355 post
1736 4289 1984 4339 eamdem

406 4356 621 4413 vocem.
660 4357 767 4411 Sed
814 4358 926 4411 huic
952 4372 1180 4425 prorsus
1209 4358 1447 4411 inutilia.
1492 4357 1607 4411 Non
1641 4356 1989 4410 animadver-

408 4430 473 4481 tit
500 4429 583 4482 vir
612 4427 767 4495 longe
796 4427 1147 4481 doctissimus
1186 4430 1285 4481 hac
1319 4443 1482 4492 voce,
1511 4427 1844 4497 γενομένοις,
1880 4440 1987 4478 non

2097 3269 2299 3340 μικρᾶς
2329 3267 2473 3331 τινὸς
2519 3267 2731 3339 ῥανίδας
2762 3268 2863 3337 τῆς
2893 3266 2987 3319 τοῦ
3034 3265 3377 3337 ἀνθρωπείου
3424 3266 3673 3339 σπέρμα-

2092 3375 2204 3422 τος,
2238 3358 2466 3411 δυνατὸν
2498 3359 2657 3412 ὀστέα
2691 3376 2749 3411 τε
2782 3359 2877 3413 καὶ
2906 3357 3073 3431 νεῦρα
3106 3358 3199 3412 καὶ
3234 3359 3443 3430 σάρκας
3474 3361 3677 3412 εἰκονο-

2094 3448 2409 3520 ποιηθέντα,
2455 3446 2545 3504 οἷα
2588 3450 2826 3523 ὁρῶμεν,
2873 3449 3149 3518 γενέσθαι.
3198 3451 3377 3503 Ἔστω
3420 3449 3528 3521 γὰρ
3582 3450 3676 3504 νῦν

2093 3543 2178 3613 ἐφ’
2216 3542 2521 3607 ὑποθέσεως
2545 3543 2866 3612 λεγόμενον·
2892 3542 3045 3606 εἴτις
3076 3543 3203 3613 ὑμῖν
3252 3542 3325 3613 μὴ
3357 3538 3473 3595 οὖσι
3506 3543 3676 3595 τοιού-

2094 3649 2227 3695 τοις,
2263 3631 2397 3703 μηδὲ
2427 3632 2706 3696 τοιούτων,
2738 3631 2891 3700 ἔλεγε
2918 3631 2979 3685 τὸ
2999 3631 3219 3703 σπέρμα
3250 3631 3310 3684 τὸ
3340 3630 3674 3704 ἀνθρώπειον

2094 3726 2329 3790 δεικνὺς,
2364 3725 2458 3778 καὶ
2491 3724 2676 3777 εἰκόνα
2706 3722 2983 3795 γραπτὴν,
3016 3723 3082 3776 ὲκ
3112 3722 3206 3777 τοῦ
3238 3722 3442 3776 τοιοῦδε
3474 3719 3584 3777 οἷόν
3614 3741 3675 3778 τε

2089 4091 2311 4132 monum
2346 4075 2690 4131 assistentem
2724 4075 2825 4130 sibi
2868 4085 3248 4144 potematem,»
3280 4087 3390 4133 etc.

2162 4146 2272 4219 (99)
2318 4147 2757 4219 ’ρνειροπομποὶ
2812 4146 2908 4219 sca}
2971 4146 3271 4214 πάρεδροι.
3339 4147 3555 4203 Valesio
3604 4149 3673 4203 ad

2094 4215 2295 4273 Euseb.
2330 4217 2475 4271 Hist.
2511 4218 2636 4270 eccl.
2676 4232 2748 4280 iv,
2781 4232 2830 4271 c.
2868 4215 2920 4283 7,
2958 4228 3107 4272 recte
3140 4227 3387 4283 notante,
3419 4220 3671 4288 ραι-θάνοι

2095 4289 2284 4342 dixere
2336 4287 2562 4355 spiritus
2619 4289 2792 4353 magis
2842 4288 3186 4348 assistentes,
3222 4288 3307 4341 vel
3340 4287 3506 4342 etiam
3536 4305 3673 4358 quos

2102 4359 2249 4425 magi
2308 4359 2429 4411 aliis
2482 4358 2848 4411 immittcbant
2909 4368 2967 4411 ut
3020 4368 3279 4426 perpetuo
3312 4360 3392 4413 eis
3425 4360 3491 4412 ad
3528 4370 3672 4415 tute-

2098 4427 2203 4481 lant
2256 4430 2619 4488 assisterent;
2648 4428 3019 4497 oniropompos
3066 4443 3193 4482 vero
3230 4430 3363 4482 istos
3395 4428 3490 4497 qui
3524 4444 3670 4483 som-

410 4510 520 4552 ta-u
573 4473 817 4552 moratos
878 4498 1179 4566 designari,
1226 4512 1388 4566 quam
1445 4473 1763 4567 generaiimi
1796 4473 1988 4549 clunes
2023 4473 2066 4527 D
2097 4499 2185 4552 nia
2221 4499 2537 4553 hominibus
2585 4473 3004 4564 iitjiciebantrut
3037 4498 3104 4552 de
3134 4473 3427 4553 eventibusI
3476 4502 3672 4555 edoce-

408 4567 725 4640 quicunque
756 4578 886 4623 ante
918 4570 1270 4640 exstiterunt.
1314 4566 1515 4622 Eodem
1552 4566 1985 4640 sensu_J_ustinus

408 4636 835 4707 diccbat'supra,
874 4656 928 4695 ει.
960 4639 1015 4703 4,
1047 4639 1094 4690 οἰ
1127 4638 1411 4708 γενόμενοι
1445 4638 1687 4707 ποιηταί.
1731 4636 1864 4690 Hinc
1896 4652 1986 4689 ea-

409 4713 530 4765 dem
563 4725 668 4763 vox
700 4713 951 4779 designat
980 4718 1255 4775 posteros,
1298 4710 1410 4763 sive
1464 4725 1560 4763 eos
1595 4712 1683 4774 qui
1704 4708 1986 4779 deinceps

412 4784 632 4835 luerunt.
665 4782 717 4833 in
780 4777 863 4834 itis
915 4779 1112 4833 Iuliani
1151 4779 1331 4831 verbis
1388 4780 1527 4848 apud
1591 4777 1854 4848 Cyrillum
1885 4778 1982 4829 lib.

408 4867 506 4913 "ll,
543 4868 597 4920 p.
628 4851 734 4904 258
763 4867 775 4904 :
819 4870 835 4899 ι
863 4851 995 4904 Cum
1031 4848 1303 4920 legisla‘tor
1334 4850 1597 4920 vetuisset
1631 4864 1697 4920 ne
1731 4849 1835 4920 diis
1866 4861 1983 4920 ser-

408 4916 656 4975 virent...
689 4932 744 4975 et
775 4916 1115 4974 addidisset}
1169 4917 1292 4972 Non
1326 4919 1606 4972 maledice;
1639 4918 1779 4981 diis;
1810 4919 1842 4987 ή
1878 4916 1985 4969 τῶν

408 4992 707 5063 γινομένων
742 4990 992 5062 βδελυρία
1024 5006 1095 5063 τε*
1115 4989 1210 5041 καὶ
1241 4988 1983 5063 τόλμα,ροεῑενοιίιηι-δεείιιξ

408 5058 455 5116 ἐι
483 5058 714 5116 audacia
742 5058 953 5115 'vo|eus
1004 5060 1319 5129 religionem
1342 5058 1349 5060 ⁷
1376 5076 1593 5113 omnem
1652 5058 1982 5129 multitudini

412 5134 675 5199 adimere,
712 5134 901 5187 statuit
946 5147 1013 5186 ex
1045 5128 1123 5185 eo,
1160 5132 1304 5200 quod
1345 5146 1450 5184 nou
1501 5131 1571 5183 sit
1607 5129 1711 5182 diis
1743 5128 1987 5182 servien-

409 5208 560 5263 dum,
597 5218 935 5272 consequens
968 5216 1088 5255 esse
1123 5199 1188 5253 ut
1212 5202 1277 5255 iis
1316 5199 1748 5272 maledicendum
1784 5200 1912 5251 sit.»

483 5275 591 5345 (98)
631 5269 1111 5345 Νεκύομᾳντεῖαι.
1150 5272 1369 5345 Omnes,
1406 5287 1544 5339 quas
1582 5269 1829 5345 Justinus
1856 5284 1986 5322 enu-

412 5340 606 5409 merai,
644 5340 834 5415 inquit
870 5342 1123 5407 Grabius,
1187 5340 1982 5415 utagicarum_praestigiarum

411 5416 640 5481 Species,
694 5410 925 5483 iunctim
961 5429 1175 5483 quoque
1209 5410 1475 5466 :nomorat
1527 5410 1894 5483 Tertullianus
1929 5411 1981 5461 iu

408 5480 767 5555 Apologetfc.
802 5485 908 5538 23:
961 5480 991 5535 «ί
1015 5480 1757 5555 Sietmagi'phantasmata
1791 5480 1980 5542 edunt,

409 5565 466 5608 et
492 5551 605 5622 jam
641 5555 1022 5609 defunctorum
1089 5554 1382 5609 inclamant
1434 5554 1668 5614 animus,
1702 5551 1749 5603 si
1775 5563 1983 5622 pueros

410 5624 463 5677 in
494 5620 770 5696 eloquium
821 5624 1024 5679 oraculi
1068 5624 1286 5678 eliciunt
1316 5665 1330 5688 ,
1387 5624 1430 5677 si
1495 5620 1981 5696 multa._uiiracula

408 5691 777 5750 circulatoriis
806 5695 1091 5763 przestigiis
1124 5696 1333 5761 ludunt,
1371 5696 1414 5748 si
1443 5704 1497 5747 ct
1531 5691 1741 5745 somnia
1779 5692 1983 5763 immit-

408 5775 549 5831 tunt,
575 5760 834 5821 habentes
869 5760 1036 5819 senii!
1076 5760 1423 5819 invitatorum
1462 5763 1774 5830 angelorum
1798 5770 1853 5817 et
1873 5760 1981 5815 da:-

2096 4578 2285 4622 rentnr
2323 4568 2542 4622 futuris.
2579 4567 2759 4621 Οττο.

2160 4640 2238 4710 (l)
2286 4638 2517 4707 Ψυχαῖς
2555 4638 2982 4710 ἀπορωήόντων
3004 4639 3471 4710 λαμϐανόμενοι.
3498 4639 3672 4709 Negat

2087 4708 2351 4763 Tatianus
2400 4710 2598 4764 Justini
2657 4708 2961 4777 discipulus
3033 4708 3255 4765 eli'ectus
3309 4708 3669 4777 ejusmodi’iu

2086 4781 2302 4835 animas
2333 4781 2709 4834 defunctorum
2745 4779 2983 4833 conferri
3022 4780 3246 4834 debere.
3276 4778 3381 4835 Sed
3420 4778 3671 4834 Justinus

2086 4852 2191 4905 hoc
2228 4852 2347 4904 loco
2380 4859 2705 4918 argumenta
2741 4849 2949 4917 colligit
3000 4864 3107 4903 non
3167 4866 3234 4904 ex
3285 4851 3418 4915 suis,
3472 4853 3565 4905 sed
3600 4864 3668 4904 ex

2086 4922 2434 4975 ethnicorum
2494 4919 2798 4989 principiis.
2852 4919 3011 4989 ,Hine
3066 4920 3266 4974 fossam
3332 4921 3667 4975 homericam

2086 4992 2222 5061 citat
2236 5008 2299 5045 ex
2317 4988 2576 5061 0dyss_._).,
2596 5006 2645 5043 v.
2664 4989 2733 5061 95
2747 4997 2800 5043 et
2814 4988 3164 5061 philosophos
3183 4992 3668 5061 metemp‘sychosis

2086 5060 2436 5128 defensores:
2467 5058 2621 5128 illinc
2653 5060 2815 5111 etiam
2874 5058 3045 5113 sumit
3075 5058 3397 5128 argumenti
3424 5058 3547 5116 loco
3583 5062 3669 5114 in-

2084 5132 2391 5198 spectiones
2420 5125 2544 5181 illas
2578 5143 2871 5196 puerorum
2912 5125 3529 5199 incorruptorum,quia
3563 5132 3669 5185 sei-

2085 5200 2447 5256 licetetlmici
2493 5199 2884 5251 existimabant
2934 5212 3053 5261 eos,
3112 5202 3205 5267 qui
3272 5203 3564 5255 violentam
3615 5211 3670 5255 et

2087 5271 2440 5325 immaturam
2503 5268 3062 5340 mortem__obierant,
3101 5273 3164 5322 ad
3222 5270 3398 5339 ipsum
3464 5286 3666 5340 corpus

2087 5350 2364 5395 mortuum
2399 5338 2659 5393 detineri.
2736 5335 2873 5393 Vide
2935 5335 3321 5396 adnotatiories
3380 5341 3448 5395 ad
3496 5335 3665 5396 "(17

2085 5412 2321 5466 Tatiani.

2157 5464 2233 5552 (Et)
2274 5477 3035 5552 Karavooﬁrn._Posthanc
3068 5496 3254 5536 vocem
3280 5464 3485 5536 excidit
3520 5482 3665 5535 aliud

2084 5550 2322 5621 etquod
2342 5552 2560 5621 quidem
2591 5550 2984 5621 restituendum
3016 5566 3141 5605 esse
3171 5553 3381 5606 monuit
3411 5553 3663 5607 Grabiue.

2084 5620 2299 5677 (litetur
2322 5620 2642 5677 a’T'uirlbio
2671 5620 2866 5676 similis
2900 5623 3175 5677 sententia
3214 5623 3405 5678 lrenzei
3436 5638 3500 5677 ex
3539 5638 3665 5691 pag.

2082 5694 2208 5760 295,
2245 5693 2376 5749 edit.
2415 5692 2675 5747 Massuet.
