4006 6254
313 341 406 399 661

1441 334 1784 395 APOLOGIA
1821 337 1842 391 Ι
1880 331 2016 390 PRO
2050 329 2508 390 CHRISTIANIS.

3488 337 3593 396 362.

316 456 481 529 Ψυκῆς
510 455 690 510 ἔννοια
735 453 972 528 τοιαύτη
1005 457 1148 530 περὶ
1183 455 1343 523 θεῶν,
1376 457 1450 520 ὡς
1496 458 1592 516 καὶ
1635 459 1797 514 αὑτὸν
1827 457 1920 512 τὸν

2027 455 2128 510 diis
2164 453 2445 524 cogitatio,
2491 461 2550 508 ut
2595 452 2768 522 ipsum
2818 454 3009 509 ducem
3041 471 3106 512 ac
3146 458 3444 527 genitorem
3471 475 3593 517 0m-

319 547 552 619 ἡγεμόνα
594 546 694 599 καὶ
747 548 1070 620 γεννήτορα
1121 548 1345 604 πάντων
1387 548 1507 602 κατ’
1551 549 1748 614 αὐτοὺς
1796 549 1918 612 Δία,

325 639 694 711 nepa-(,7va
715 655 778 691 τε
805 640 907 693 καὶ
932 638 1152 710 πατρὸς
1178 638 1417 694 τοιούτου
1443 639 1743 709 γεγονέναι,
1760 640 1922 713 ἐρωτί

327 747 385 782 τε
413 728 591 782 κακῶν
622 728 721 782 καὶ
755 729 1014 802 αἰσχρῶν
1047 730 1262 801 ἡδονῶν
1301 731 1448 801 ἥττω
1485 729 1796 801 γενόμενον,
1830 731 1925 784 ἐπὶ

328 821 642 893 Γανυμήδην
695 821 795 874 καὶ
841 823 944 886 τὰς
989 822 1198 886 πολλὰς
1242 815 1617 894 μοιχευθείσας
1658 824 1923 892 γυναῖκας

331 911 519 972 ἐλθεῖν,
560 913 658 964 καὶ
704 914 836 976 τοὺς
866 913 1038 966 αὑτοῦ
1086 915 1288 978 παῖδας
1317 917 1383 968 τὰ
1420 916 1582 986 ὅμοια
1612 913 1923 988 πράξαντας

327 1001 739 1075 παραδέξασθαι
777 1003 930 1075 (ﬂ)!
981 1003 1149 1069 Ἀλλ’,
1184 1005 1260 1070 ὡς
1289 1005 1625 1077 προέφημεν,
1655 1008 1702 1059 οἱ
1731 1006 1924 1075 φαῦλοι

325 1093 580 1165 δαέμονες
607 1094 790 1149 ταῦτα
821 1095 1088 1168 ἔπραξαν.
1125 1096 1644 1162 ’Δπαθανατίζεσθαι
1671 1097 1727 1150 δὲ
1762 1100 1922 1169 ἡμεῖς

331 1187 524 1254 μόνους
563 1186 936 1257 δεδιᾰᾶγμεθα
977 1190 1103 1252 τοὺς
1137 1188 1299 1252 ὁσίως
1336 1189 1428 1247 καὶ
1457 1189 1724 1262 ὲναρέτως
1755 1191 1923 1258 ἐγγὺς

325 1277 449 1348 Θεῷ
489 1276 774 1347 βιοῦντας,
814 1277 1144 1342 κολάζεσθαι
1173 1280 1233 1334 δὲ
1271 1281 1394 1344 τοὺς
1425 1280 1646 1346 ἀδίκως,
1711 1283 1806 1336 καὶ
1850 1282 1926 1355 μὴ

327 1370 803 1442 μεταϐάλλοντας,
835 1373 894 1423 ἐν
915 1374 1123 1444 αἰωνίῳ
1155 1373 1288 1444 πυρὶ
1317 1373 1662 1446 πιστεύομεν.

397 1461 493 1515 ΞΞ.
532 1461 664 1525 Υἱὸς
694 1461 755 1514 δὲ
785 1461 923 1515 Θεοῦ
959 1463 1069 1535 (15)
1102 1467 1130 1518 ὁ
1175 1464 1380 1536 Ἰησοῦς
1409 1465 1716 1537 λεγόμενος,
1750 1471 1799 1522 εἰ
1830 1467 1927 1523 καὶ

324 1553 530 1618 κοινῶς
564 1555 731 1626 μόνον
762 1555 1070 1628 ἄνθρωπος,
1101 1557 1188 1612 διὰ
1228 1558 1416 1627 σοφίαν
1457 1560 1604 1626 ἄξιος
1635 1561 1748 1625 υἱὸς
1791 1561 1926 1615 Θεοῦ

325 1645 625 1715 λέγεσθαι·
683 1648 899 1720 πατέρα
948 1649 1056 1721 γὰρ
1105 1650 1314 1722 ἀνδρῶν
1349 1669 1407 1706 τε
1439 1650 1575 1706 θεῶν
1624 1671 1682 1706 τε
1729 1655 1927 1718 πάντες

327 1742 683 1812 συγγραφεῖς
741 1741 836 1795 τὸν
893 1741 1025 1794 Θεὸν
1084 1742 1341 1800 καλοῦσιν
1401 1745 1563 1815 (16).
1607 1747 1671 1799 El
1725 1747 1781 1801 δὲ
1831 1749 1926 1801 καὶ

2025 544 2173 599 nium
2197 545 2494 600 secundum
2524 544 2644 599 illos
2669 543 2885 610 Jovem,
2912 548 3239 615 parricidam
3271 563 3324 608 et
3346 569 3412 608 ex
3435 564 3592 625 patre

2022 630 2297 706 parricida
2321 647 2502 692 ortum
2529 637 2724 705 fuisse,
2756 654 2820 693 ac
2859 639 3122 696 malarum
3150 653 3203 698 et
3230 647 3463 714 turpium
3497 665 3594 704 γοα

2022 725 2290 794 luptatum
2321 739 2507 780 amore
2536 734 2754 796 captum
2779 727 2844 780 ad
2872 726 3244 797 Ganymedem
3285 733 3594 803 multasque

2026 817 2284 873 mulieres
2312 816 2379 871 ab
2405 832 2472 872 eo
2515 827 2899 888 constupratas
2929 821 3168 885 venisse,
3209 838 3274 876 ac
3314 824 3430 893 ejus
3450 826 3594 881 tilios

2026 908 2222 964 similia
2261 907 2455 963 fecisse
2484 908 2698 963 credat!
2733 908 2838 963 Sed
2870 911 3003 975 hanc,
3039 921 3099 965 ut
3145 913 3401 977 diximus,
3440 916 3598 983 pravi

2027 1001 2299 1056 daemones
2327 1006 2734 1071 perpetrarunt.
2769 1000 2879 1056 Nos
2912 1009 3091 1056 autem
3125 1003 3595 1061 immortalitatem

2025 1107 2121 1149 eos
2148 1091 2404 1160 consequi
2436 1091 2582 1146 solos
2615 1091 2925 1158 didicimus,
2969 1093 3061 1162 qui
3111 1093 3279 1148 Deum
3316 1095 3440 1149 vita:
3467 1112 3596 1151 san-

2027 1185 2214 1240 ctitate
2253 1193 2309 1239 et
2354 1184 2558 1240 virtute
2600 1184 2825 1254 prapius
2873 1186 3226 1257 contingunt;
3279 1190 3370 1256 qui
3416 1203 3594 1245 autem

2034 1275 2280 1343 improbe
2321 1275 2510 1330 vivunt
2548 1291 2649 1330 nec
2689 1277 3065 1343 immutantur,
3105 1294 3199 1334 eos
3232 1281 3355 1349 igne
3392 1291 3596 1339 aeterno

2029 1366 2300 1422 credimus
2337 1366 2539 1437 puniri.

2100 1459 2206 1530 57
2239 1458 2330 1515 22.
2368 1457 2540 1512 Filius
2593 1465 2776 1512 autem
2834 1456 2963 1524 Dei,
3012 1459 3103 1530 qui
3143 1459 3300 1516 Jesus
3349 1474 3594 1531 vocatur,

2029 1550 2192 1604 etiam
2233 1550 2278 1604 si
2311 1549 2474 1604 homo
2509 1558 2721 1602 tantum
2759 1562 2904 1604 esset
2941 1553 3214 1605 communi
3252 1555 3594 1624 conditione,

2036 1651 2260 1712 propter
2309 1641 2634 1713 sapientiam
2675 1640 2868 1710 dignus
2924 1640 3087 1706 lorct,
3137 1645 3227 1712 qui
3283 1645 3450 1702 Filius
3498 1648 3598 1704 Dei

2032 1735 2324 1789 diceretur.
2350 1733 2640 1787 Parentem
2675 1732 2820 1786 enim
2853 1734 3137 1802 virumque
3170 1735 3437 1807 deumque
3461 1741 3599 1795 scri-

329 1832 482 1894 ἰείως
515 1831 634 1902 (l7)
681 1832 839 1904 παρὰ
876 1834 974 1905 τὴν
1005 1833 1190 1905 κοινὴν
1221 1836 1430 1904 γένεσιν
1473 1837 1801 1908 γεγενῆσθαι
1831 1839 1920 1892 αὺ-

2031 1837 2212 1896 ptores
2255 1841 2446 1881 omnes
2490 1826 2762 1896 appellant
2798 1825 2986 1880 Deum.
3021 1825 3172 1893 Quod
3210 1828 3256 1883 si
3291 1832 3451 1885 modo
3480 1832 3596 1886 sin-

327 1922 420 1976 τὸν
461 1925 532 1977 ἐκ
577 1923 724 1977 Θεοῦ
783 1925 1013 1994 λέγομεν
1045 1927 1219 2000 Λᾴγον
1262 1927 1421 1992 Θεοῦ,
1469 1928 1542 1992 ὡς
1588 1931 1924 2002 προέφημεν,

327 2014 511 2068 κοινὸν
556 2014 723 2068 τοῦτο
754 2016 893 2071 ἔστω
938 2017 1064 2088 ὑμῖν
1105 2021 1219 2082 τοῖς
1260 2017 1349 2072 τὸν
1393 2021 1597 2093 Ἑρμῆν
1640 2021 1795 2092 λόγον
1837 2023 1928 2078 τὸν

331 2103 487 2176 παρὰ
518 2103 664 2158 Θεοῦ
701 2105 1024 2174 ἀγγελτικὸν
1055 2106 1320 2176 λέγουσιν.
1344 2109 1405 2162 Εἰ
1428 2109 1484 2162 δὲ
1515 2110 1816 2166 αἰτιάσαιτό
1847 2130 1928 2176 τις

327 2192 726 2266 ἐσταυρῶσθαι
759 2195 942 2259 αὐτὸν,
977 2194 1073 2249 καὶ
1103 2194 1262 2248 τοῦτο
1304 2197 1477 2251 κοινὸν
1508 2200 1619 2260 τοῖς
1650 2216 1927 2270 προκατη-

329 2283 505 2356 ριθμη
516 2286 716 2355 μένοις
737 2285 1002 2340 παθοῦσιν
1018 2287 1170 2352 υἱοῖς,
1196 2287 1316 2341 καθ’
1334 2287 1364 2341 ὐ
1371 2289 1496 2358 μᾶς,
1520 2288 1612 2342 τοῦ
1629 2289 1749 2354 Διὸς
1765 2290 1932 2363 ὑπάρ-

332 2393 441 2443 χει.
490 2377 762 2430 Ἐκεξνων
793 2395 853 2431 τε
885 2377 992 2449 γὰρ
1024 2377 1124 2448 οὐχ
1167 2379 1328 2448 ὃμοια
1366 2377 1433 2432 τὰ
1465 2379 1611 2452 πάθη
1643 2379 1736 2434 τοῦ
1769 2366 1931 2435 θανά-

331 2481 448 2529 του,
687 2467 926 2540 διάφορα
971 2471 1294 2540 ἱστορεῖται’
1329 2467 1466 2522 ὥστε
1516 2470 1648 2540 μηδὲ
1692 2469 1754 2524 τὸ
1799 2471 1929 2525 ἴδιον

340 2557 430 2611 τοῦ
486 2559 704 2623 πάθους
753 2561 955 2630 ἥττονα
996 2560 1172 2614 δοκεῖν
1216 2557 1352 2613 εἶναι
1401 2561 1608 2614 τοῦτον.
1656 2562 1828 2631 Ἀλλ’,
1855 2564 1930 2628 ὡς

340 2650 712 2721 ὑπεσχόμεθα,
743 2653 1025 2720 προίόντος
1056 2653 1148 2705 τοῦ
1180 2651 1334 2721 λόγου
1367 2654 1461 2706 καὶ
1489 2655 1772 2724 κρείττονα
1789 2639 1930 2710 ’ἁπο-

337 2739 578 2811 δείξομεν
597 2758 612 2771 ·
648 2741 855 2813 μᾶλλον
886 2743 944 2796 δὲ
974 2742 1070 2795 καὶ
1098 2742 1490 2797 ἀποδέδεικται.
1529 2745 1586 2798 'O
1615 2745 1723 2816 γὰρ
1749 2746 1928 2818 κρείτ-

340 2848 444 2886 των
486 2831 602 2903 (18)
651 2834 720 2886 ἐκ
750 2832 863 2885 τῶν
909 2832 1160 2906 πράξεων
1205 2833 1470 2902 φαίνεται.
1505 2835 1567 2887 Εἰ
1613 2835 1668 2888 δὲ
1711 2836 1806 2890 καὶ
1842 2838 1929 2891 διὰ

342 2925 608 2998 παρθένου
648 2925 1016 2995 γεγεννῆσθαι
1038 2925 1148 2997 (19)
1179 2924 1433 2998 φέρομεν,
1453 2927 1629 2981 κοινὸν
1651 2927 1744 2983 καὶ
1773 2929 1930 2983 τοῦτο

337 3017 474 3087 πρὸς
503 3018 599 3071 τὸν
646 3017 871 3089 Περσέα
902 3017 1042 3072 ἔστω
1073 3017 1224 3089 ὑμῖν.
1257 3011 1326 3088 ᾮ
1353 3017 1409 3072 δὲ
1438 3018 1669 3092 λέγομεν
1699 3021 1925 3093 χωλοὺς,

2029 1918 2208 1988 gulari
2249 1928 2307 1974 et
2354 1934 2382 1972 a
2438 1918 2718 1973 communi
2771 1917 3050 1971 creatione
3095 1919 3310 1973 diverso
3355 1922 3595 1989 genitum

2031 2010 2177 2064 illum
2212 2025 2278 2066 ex
2315 2009 2427 2064 Deo
2469 2009 2700 2064 dicimus
2744 2006 2979 2064 Verbum
3016 2008 3149 2076 Dei;
3187 2009 3239 2064 id
3271 2011 3350 2076 ei,
3387 2023 3442 2066 ut
3484 2013 3597 2080 jam

2029 2102 2288 2170 diximus,
2319 2116 2610 2156 commune
2638 2113 2758 2156 esse
2801 2101 3010 2154 credite
3043 2115 3164 2155 cum
3198 2103 3264 2158 iis
3313 2106 3403 2172 qui
3451 2105 3598 2162 Mer-

2028 2192 2240 2246 curium
2287 2206 2592 2250 sermonem
2627 2207 2656 2245 a
2691 2192 2801 2245 Deo
2849 2192 3248 2248 internuntium
3298 2198 3594 2266 appellant.

2029 2283 2088 2338 Si
2111 2284 2233 2355 quis
2263 2293 2440 2340 autem
2470 2282 2792 2338 cruciﬁxum
2819 2299 2938 2340 esse
2972 2284 3231 2353 obiiciat:
3270 2300 3355 2342 est
3383 2291 3433 2343 id
3466 2306 3601 2359 quo-

2029 2389 2135 2446 que
2158 2390 2447 2430 commune
2474 2391 2597 2430 cum
2627 2376 2954 2445 supradictis
2983 2375 3154 2442 lovis,
3189 2389 3246 2431 ut
3277 2391 3458 2435 vestra
3497 2382 3601 2439 fert

2027 2466 2231 2536 opinio,
2267 2467 2536 2543 liliis,_qui
2571 2466 2954 2534 perpessi‘ones
2984 2482 3091 2520 non
3121 2467 3444 2539 ellugerunt.
3481 2472 3601 2528 illo-—

2030 2575 2148 2613 rum
2177 2559 2327 2612 enim
2359 2573 2465 2613 non
2503 2557 2730 2619 similes,
2776 2559 2869 2612 sed
2899 2560 3127 2613 diversa:
3170 2563 3360 2616 mortis
3389 2580 3602 2634 perpes-

2029 2653 2208 2705 siones
2239 2661 2550 2712 narrantur,
2587 2651 2656 2703 ita
2690 2660 2747 2703 ut
2773 2649 2952 2716 Jesus,
2979 2665 3048 2706 ne
3077 2652 3146 2706 ob
3175 2654 3453 2722 singulare
3478 2658 3601 2728 qui--

2028 2741 2150 2794 dem
2199 2739 2568 2809 perpessionis
2601 2754 2797 2808 genus,
2839 2741 3068 2797 inferior
3105 2745 3199 2798 sit.
3234 2744 3338 2801 Sed
3375 2757 3429 2801 et
3462 2765 3601 2819 pra:-

2026 2833 2348 2886 st.antiorem
2395 2847 2540 2898 esse,
2584 2843 2642 2885 ut
2688 2834 3070 2902 promisimus,
3113 2839 3442 2906 procedente
3473 2857 3599 2897 ora-

2031 2925 2178 2978 tione
2214 2925 2745 2991 demonstrabimus;
2779 2926 2863 2980 vel
2893 2927 3074 2997 potius
3112 2929 3222 2996 jam
3255 2930 3601 2989 demonstra-

2027 3025 2142 3072 tum
2185 3026 2288 3072 est.
2335 3016 2682 3074 Praestantior
2724 3019 2867 3073 enim
2905 3019 3141 3089 quisque
3179 3035 3248 3075 ex
3292 3025 3601 3083 actionibus

406 3195 518 3265 (li)
541 3194 1050 3277 ηζζαραδέξςισθαι.
1080 3194 1227 3277 Illud-
1255 3195 1478 3277 verbum
1518 3195 1796 3277 nonidem
1827 3213 1920 3252 va-

2030 3199 2174 3277 nymi
2209 3198 2467 3260 dixerim,
2498 3213 2601 3255 nec
2627 3198 2866 3277 Marcion
2899 3200 3116 3277 dicebat
3141 3202 3323 3258 Jesum
3349 3222 3446 3274 per
3476 3207 3599 3264 Vir-

337 3265 412 3320 let
443 3282 508 3319 ac
539 3267 686 3320 ﬁlios
717 3268 1022 3334 suscipere,
1059 3275 1117 3320 ut
1151 3266 1478 3335 interpretes
1497 3266 1917 3335 existimarunt,

334 3339 428 3390 sed
477 3337 627 3389 idem
674 3351 745 3390 ac
789 3338 1021 3390 credere
1072 3345 1127 3390 et
1171 3334 1444 3390 assentiri.
1494 3334 1574 3388 Ex
1626 3335 1728 3392 hoc
1770 3340 1916 3394 enim

335 3408 502 3460 verbo
531 3407 742 3474 pendet
779 3415 893 3459 tota
921 3406 1208 3460 verborum
1242 3405 1560 3473 complexio.

405 3475 518 3546 (15)
569 3476 709 3542 Υἱὸς
739 3474 810 3546 δὲ
856 3475 1024 3528 Θεοῦ.
1069 3475 1276 3528 Similis
1314 3489 1535 3546 prorsus
1577 3475 1714 3544 apud
1745 3480 1922 3534 Arno-

335 3545 796 3601 bium’sententia
846 3546 940 3600 lib.
971 3560 986 3598 ι
1012 3546 1273 3599 Adversus
1302 3545 1489 3599 Gentes
1532 3560 1547 3597 :
1588 3563 1607 3596 t
1637 3546 1742 3601 Sed
1783 3563 1916 3604 con-

335 3619 638 3688 cedamus,
669 3615 889 3684 inquit,
931 3615 1216 3688 interdum
1239 3617 1684 3688 manum_vcstris
1730 3621 1922 3688 opina—

338 3687 578 3740 tionlbus
608 3686 829 3748 dantes,
880 3701 1044 3738 unum
1089 3684 1365 3739 Christum
1414 3684 1582 3738 fuisse
1626 3687 1691 3740 de
1737 3684 1918 3753 nobis,

338 3760 568 3820 mentis,
614 3757 843 3818 animae,
875 3757 1121 3823 corporis
1155 3755 1466 3822 fragilitatis
1495 3763 1550 3807 et
1591 3757 1923 3814 conditionis

337 3829 534 3891 unius;
575 3840 766 3879 nonne
799 3827 996 3894 dignus
1025 3842 1055 3880 a
1089 3826 1246 3878 nobis
1274 3835 1357 3879 est
1389 3833 1665 3878 tantorum
1701 3829 1772 3883 ob
1801 3845 1922 3884 tnu-

338 3912 526 3949 nerum
562 3897 806 3963 gratiam
838 3897 979 3948 Deus
1007 3896 1136 3956 dici,
1164 3895 1409 3963 Deusque
1435 3895 1658 3948 sentiri?
1685 3915 1704 3948 ›

403 3912 526 3948 rum
602 3912 806 3948 ranam
838 3912 979 3948 veos
1007 3912 1136 3956 mei,
1164 3912 1409 3963 ueusque
1435 3912 1657 3948 senum
1685 3915 1704 3948 ›

696 3966 915 4019 caeteris
936 3963 1224 4020 Homerus.
1247 3965 1379 4020 Vide
1402 3963 1617 4020 Cohort.
1633 3968 1701 4020 ad
1723 3967 1919 4037 Gram,

338 4050 389 4090 ς.
411 4049 466 4090 Ζ.
510 4049 699 4090 υττο.

406 4106 524 4176 (17)
569 4107 638 4160 El
670 4103 745 4176 δὲ
772 4106 873 4158 καὶ
915 4105 1093 4172 ἰδίως.
1128 4103 1300 4176 Hujus
1327 4103 1430 4159 loci
1467 4121 1531 4161 ea
1563 4105 1776 4162 videtur
1801 4123 1921 4164 esse

338 4175 616 4229 sententia
667 4192 685 4227 :
726 4175 803 4228 Ne
856 4177 1050 4228 mirum
1098 4175 1253 4232 vobis
1296 4176 1563 4240 videatur,
1610 4178 1654 4230 si
1689 4178 1919 4232 Verbum

337 4246 428 4300 Dei
460 4262 573 4300 non
620 4260 825 4299 sonum
859 4246 1120 4308 vocalem,
1154 4261 1260 4299 non
1308 4260 1420 4300 rem
1467 4247 1780 4311 inanimam,
1827 4251 1921 4304 sed

339 4331 532 4369 verum
581 4315 812 4381 Filium,
851 4331 1146 4384 veramque
1189 4330 1473 4384 personam
1516 4318 1766 4382 dicimus,
1817 4335 1921 4372 non

337 4387 562 4447 iactam,
606 4385 706 4439 sed
739 4387 999 4454 genitam.
1026 4387 1325 4441 Commune
1357 4387 1407 4440 id
1435 4402 1556 4442 esse
1583 4388 1765 4442 ducite
1800 4404 1921 4441 cum

339 4457 423 4516 iis,
449 4457 546 4525 qui
585 4458 767 4523 ipsum
808 4458 975 4510 etiam
1006 4456 1353 4518 Mercurium,
1400 4471 1706 4511 sermonem
1747 4474 1775 4511 a
1809 4459 1919 4514 Deo

339 4528 745 4580 internuntium
770 4526 1063 4594 appellant.
1093 4527 1225 4580 Vide
1246 4527 1442 4595 dialog.
1475 4545 1529 4582 n.
1554 4527 1614 4581 61
1643 4538 1697 4579 et
1723 4529 1846 4583 128.

407 4598 551 4665 (18)
603 4595 834 4665 '0
876 4595 1173 4662 κρείττων.
1223 4595 1346 4649 Haec
1392 4599 1627 4651 Irenqu
1678 4597 1923 4654 imitatur

339 4663 464 4720 libr.
496 4681 563 4726 ll,
602 4680 654 4718 c.
694 4663 752 4729 5,
796 4663 849 4718 n.
879 4665 935 4728 5,
967 4675 1026 4717 ut
1074 4682 1103 4718 a
1152 4665 1352 4722 Grabio
1389 4668 1735 4721 observatum
1785 4679 1868 4723 est
1905 4687 1919 4723 :

345 4756 363 4787 ι
391 4738 497 4802 Qui
547 4737 700 4788 enim
737 4734 938 4788 melior
962 4745 1066 4799 est,
1099 4736 1292 4803 inquit,
1323 4752 1390 4790 ex
1439 4740 1694 4804 operibus
1737 4749 1921 4792 osten-

342 4809 510 4858 ditur.
537 4823 558 4854 ι
592 4805 850 4858 Similem
870 4876 882 4878 _
901 4808 1250 4878 sententiam,
1283 4816 1342 4878 ut
1381 4821 1447 4861 ex
1477 4807 1711 4878 profano
1741 4811 1920 4878 aliquo

343 4880 651 4943 scriptore.
679 4877 818 4927 citat
869 4876 1108 4929 Isidorus
1155 4877 1420 4931 Pelusiota
1474 4878 1633 4944 epist.
1666 4877 1790 4941 158,
1822 4876 1916 4932 lib.

346 4961 405 4998 III
436 4961 456 5019 ς
487 4946 572 5019 Τὰ
614 4948 759 5018 ἔργα
800 4945 969 5019 ,δείξει
995 4946 1102 4998 τῶν
1143 4947 1314 5016 λόγων
1353 4945 1702 5019 σαφέστερον.
1747 4947 1918 5016 Opera

345 5017 636 5082 probabunt
654 5017 657 5018 ⁷
673 5017 874 5068 clarius
900 5019 1242 5074 sermonibus.

411 5087 551 5154 (19)
592 5086 701 5139 Διά
748 5085 1048 5153 παρθένου
1100 5085 1510 5157 γεγεννῆσθαι.
1543 5087 1762 5142 Molesta
1820 5089 1920 5142 fuit

345 5154 529 5226 Lango
567 5161 688 5212 hzec
719 5161 866 5210 ratio
897 5154 1184 5224 loquendi,
1217 5170 1274 5212 ut
1300 5154 1366 5211 ad
1417 5157 1915 5213 Valentinianorum

345 5244 564 5283 errores
611 5229 1026 5298 accommodata
1060 5245 1072 5279 :
1107 5243 1225 5282 eam
1265 5229 1509 5298 exagitat
1543 5229 1917 5282 Tet'lullianus

351 5315 401 5348 Ill
441 5299 581 5352 libro
611 5297 689 5352 De
719 5314 882 5350 carne
912 5297 1135 5360 Christi,
1169 5314 1284 5368 cap.
1310 5297 1404 5363 20,
1430 5309 1484 5351 et
1515 5299 1566 5351 in
1611 5300 1916 5368 Scripturis

348 5371 579 5440 inveniri
614 5381 800 5438 negat.
839 5369 1099 5440 Displicet
1141 5374 1303 5423 etiam
1347 5369 1699 5440 Hieronymo,
1732 5372 1824 5437 qui
1861 5371 1913 5422 in

345 5437 639 5508 Com-teut.
680 5437 736 5492 in
766 5442 922 5508 epist.
950 5439 1019 5491 ad
1055 5438 1236 5494 Galat.
1279 5455 1332 5508 p.
1357 5439 1482 5502 267,
1515 5437 1592 5493 sic
1628 5440 1869 5506 loquitur
1897 5454 1912 5490 :

353 5526 371 5558 ι
405 5507 703 5578 Diligenter
747 5507 1039 5571 attendite,
1091 5507 1295 5579 inquit,
1333 5512 1478 5579 quod
1520 5524 1626 5562 non
1675 5510 1912 5571 dixerit,

346 5581 542 5631 factum
575 5595 674 5648 per
705 5581 1011 5645 mulierem,
1038 5585 1187 5648 quod
1222 5578 1456 5633 Marcion
1481 5589 1535 5634 et
1570 5591 1778 5633 caetera:
1806 5581 1915 5633 hac-

349 5665 496 5704 reses
523 5655 739 5714 volunt,
765 5667 883 5719 qua:
915 5655 1221 5719 putativam
1252 5651 1454 5704 Christi
1496 5665 1714 5705 carnem
1748 5655 1917 5704 sium-

349 5720 478 5784 lant,
507 5723 600 5775 sed
647 5737 718 5774 ex
759 5722 1008 5788 muliere,
1052 5732 1114 5773 ut
1149 5735 1256 5772 non
1289 5733 1383 5788 per
1414 5721 1584 5783 illam,
1613 5721 1706 5773 sed
1727 5735 1792 5774 ex
1823 5720 1911 5772 illa

351 5802 504 5848 natus
531 5807 653 5847 esse
688 5794 968 5846 credatur.
994 5811 1014 5844 ι
1056 5791 1201 5854 Sed,
1249 5790 1390 5857 quod
1443 5805 1570 5860 pace
1614 5788 1673 5843 S.
1723 5790 1916 5846 Hiero-

666 5917 939 5977 PLTROL.
975 5915 1100 5975 Gn.
1146 5912 1260 5971 Vl.

2023 3273 2206 3339 ginem
2256 3279 2442 3321 natum
2473 3283 2614 3339 esse,
2663 3271 2706 3323 is
2746 3271 2890 3323 enim
2941 3270 3218 3326 Christum
3267 3270 3445 3332 subito
3489 3281 3597 3332 Ca-

2025 3337 2329 3407 pharnaum
2352 3337 2551 3410 eetelo
2581 3341 2797 3410 venisse
2830 3341 3093 3410 tingebat;
3130 3358 3230 3398 nec
3272 3347 3468 3401 merito
3502 3365 3600 3401 ne-

2024 3419 2182 3477 getur
2213 3410 2353 3460 hanc
2382 3407 2636 3477 loquendi
2657 3407 2932 3479 rationem
2964 3411 3015 3464 in
3042 3410 3327 3479 Scriptura
3356 3427 3595 3472 exstare.

2027 3481 2376 3532 Demonstrat
2419 3479 2586 3554 _enim
2655 3478 2886 3533 Basilius
2950 3479 3004 3533 in
3050 3478 3205 3554 libro
3257 3484 3334 3538 De
3388 3483 3596 3554 Spiritu

2023 3558 2226 3622 sancto,
2265 3562 2389 3616 cap.
2417 3546 2470 3611 5,
2509 3557 2796 3616 utramque
2832 3551 3266 3622 praepositionem
3314 3554 3402 3606 διά
3430 3546 3495 3610 ἐι
3539 3555 3602 3622 ἐξ

2024 3619 2167 3691 idem
2196 3631 2417 3691 sonare,
2448 3627 2504 3691 et
2527 3621 2839 3691 argumenti
2865 3620 2990 3691 loco
3005 3622 3178 3691 sumit
3203 3627 3345 3691 quod
3373 3619 3598 3691 Paulus,

2023 3689 2114 3763 qui
2148 3688 2202 3763 in
2234 3687 2394 3755 epist.
2419 3689 2485 3741 ad
2518 3682 2944 3763 Ca_latas_dixit;
2974 3682 3270 3763 Γενὸμενός
3307 3695 3371 3747 ἐκ
3410 3682 3599 3763 γυναιλ

2023 3757 2142 3822 κός,
2174 3757 2344 3828 [actus
2372 3774 2444 3828 ea:
2473 3757 2710 3828 muliere,
2750 3759 2889 3811 idem
2925 3759 2978 3813 in
3008 3757 3169 3828 epist.
3193 3767 3259 3816 ad
3288 3757 3598 3821 Corfdixe-

2023 3829 2097 3882 rit
2121 3846 2136 3883 :
2176 3827 2338 3898 ᾉνὴρ
2364 3827 2451 3882 διὰ
2485 3827 2582 3897 τῆς
2607 3829 2886 3896 γυναικός,
2912 3831 2990 3883 vir
3019 3827 3111 3898 per
3135 3833 3423 3886 mulierem.
3457 3835 3596 3891 Hinc

2024 3899 2167 3952 idem
2209 3896 2441 3975 Basilius
2483 3896 2549 3975 in
2576 3908 2716 3950 orat.
2742 3899 2831 3975 (ἐξ),
2867 3917 2916 3967 p.
2960 3896 3063 3975 558
3104 3918 3119 3954 ε
3167 3903 3454 3975 Ἐγεννήθη
3507 3906 3595 3960 διὰ

2023 3966 2295 4036 γυναικὸς,
2323 3968 2411 4045 ἵνα
2438 3969 2562 4030 τοὺς
2597 3966 2949 4045 γεννηθὲνεας
2981 3966 3341 4045 ᾀναγεννήσῃ.
3374 3966 3597 4029 Cénitus

2023 4047 2226 4112 ρει-ρει·
2263 4039 2555 4101 mulierem,
2584 4050 2637 4112 ut
2667 4055 2752 4091 eos
2780 4043 2870 4112 qui
2902 4041 3015 4092 nati
3063 4053 3211 4112 erant
3237 4039 3596 4112 ria-generaret.

2025 4107 2190 4179 Multa
2236 4118 2534 4179 occurrunt
2571 4107 2836 4172 ejusmodi
2885 4109 3134 4176 exempla
3188 4107 3330 4179 apud
3378 4124 3598 4170 sanctos

2025 4177 2235 4232 Patres.
2277 4175 2525 4250 Justinus
2551 4194 2654 4230 non
2682 4193 2747 4232 eo
2773 4180 2955 4250 solum
2982 4175 3206 4243 inloco,
3226 4175 3332 4250 ’ψιί
3366 4201 3509 4239 nunc
3544 4187 3597 4240 in

2027 4250 2278 4321 manibus
2307 4259 2412 4312 est,
2437 4247 2541 4321 sed
2559 4250 2723 4321 etiam
2765 4248 3039 4321 in__multis
3066 4251 3189 4304 aliis
3214 4247 3288 4321 ita
3333 4251 3594 4321 loquitur.

2027 4318 2118 4393 Sic
2140 4319 2304 4393 etiam
2331 4317 2472 4393 apud
2503 4317 2794 4393 E_usebium
2824 4318 2916 4393 lib.
2945 4334 2961 4371 t
2991 4328 3176 4393 contra
3203 4317 3426 4393 {larcell
3468 4341 3595 4393 cap.

2026 4387 2094 4442 35
2121 4387 2281 4464 ΞῙῙΡδ
2325 4389 2423 4464 μὴν
2463 4386 2556 4464 τος)
2597 4387 2874 4464 κατελθεῖν
2902 4387 3017 4464 ’καὶ
3055 4387 3161 4464 _6tit_
3181 4390 3282 4464 ei};
3326 4386 3598 4464 [παρθένου

2025 4454 2302 4529 ⁸τξεχθῆνξιι,
2325 4454 2495 4529 λόγος
2518 4454 2583 4528 ἧν
2615 4463 2795 4529 μονον.
2819 4458 2948 4512 Vide
2965 4475 3017 4526 p.
3041 4461 3110 4511 40
3133 4454 3306 4515 Julius
3329 4454 3597 4519 Firnmus

2025 4527 2346 4602 D-e’profan.
2385 4528 2578 4602 religi;
2617 4527 2765 4602 iPer
2811 4529 3330 4602 virginemlilariam
3375 4549 3438 4584 ac
3473 4534 3597 4602 Spi-

2028 4599 2188 4650 ritum
2227 4607 2477 4650 sanctum
2507 4598 2752 4651 Christus
2785 4608 2964 4651 natus.
2989 4617 3007 4650 ι
3043 4597 3280 4653 Hilarius
3308 4603 3402 4654 lib.
3441 4617 3491 4656 iv
3513 4597 3597 4656 De

2027 4667 2177 4721 Trin.
2203 4682 2258 4738 n_.
2284 4667 2392 4720 ηε
2438 4685 2457 4738 i
2490 4667 2593 4720 Per
2625 4667 2892 4736 virginem
2929 4681 3089 4721 natus
3119 4685 3184 4723 ex
3213 4669 3420 4738 Spiritu
3467 4688 3597 4726 san-

2024 4747 2134 4791 cto.
2156 4755 2174 4788 ι
2223 4736 2560 4807 Augustinus
2595 4738 2647 4790 in
2687 4740 2778 4791 lib.
2817 4754 2834 4791 ι
2868 4738 2944 4790 De
2975 4740 3153 4791 anima
3185 4736 3335 4792 n._‘27
3365 4759 3378 4793 :
3419 4760 3437 4792 ί
3471 4743 3593 4796 Mu-

2023 4807 2126 4861 lier
2170 4822 2238 4860 ex
2277 4811 2396 4861 viro
2433 4807 2575 4878 facta
2608 4817 2709 4872 est,
2746 4819 2805 4860 ut
2842 4815 3026 4874 postea
3057 4808 3140 4860 vir
3183 4824 3278 4878 per
3310 4810 3592 4868 mulierem

2023 4886 2409 4948 nasceretur.)
2454 4876 2709 4930 Eamdem
2741 4893 2924 4932 vocem
2961 4876 3439 4948 usurpatCyrillus
3469 4882 3594 4936 Ale—

2024 4949 2320 5000 Xandrinus
2346 4945 2682 5018 Tliesourrp.
2709 4948 2797 5002 96.
2825 4948 2879 5001 lu
2909 4950 3130 5018 hymno,
3156 4945 3314 5017 quom
3343 4953 3591 5006 canimus

2023 5018 2074 5069 in
2108 5023 2364 5070 honorem
2395 5016 2457 5071 B.
2491 5017 2550 5071 V.
2580 5017 2760 5070 Maria:
2786 5034 2800 5070 :

2370 5086 2534 5139 Beata
2567 5087 2680 5140 caeli
2713 5090 2922 5152 nuntio,

2370 5157 2621 5210 Fecunda
2648 5169 2828 5212 sancto
2857 5158 3060 5226 Spiritu
3082 5199 3098 5224 ,

2372 5227 2708 5280 Desideratus
2740 5231 2978 5296 gentibus

2372 5298 2538 5367 Cujus
2567 5313 2658 5366 per
2679 5298 2850 5352 alvum
2875 5297 3023 5365 [usus
3049 5310 3145 5353 est.

2019 5367 2133 5424 Non
2174 5383 2304 5438 ergo
2340 5369 2392 5422 in
2424 5385 2506 5431 eo,
2539 5385 2581 5438 si
2623 5369 2836 5435 prOprie
2873 5375 3179 5438 loquamur,
3215 5367 3590 5426 Valentiniani

2018 5437 2340 5508 peccabant,
2370 5444 2511 5506 quod
2545 5437 2741 5509 Filium
2779 5453 2878 5506 per
2905 5437 3129 5492 Mariam
3162 5440 3400 5509 genitum
3443 5445 3592 5496 dice-

2018 5521 2174 5573 rent;
2209 5511 2300 5580 sed
2330 5509 2474 5578 quod
2507 5523 2574 5562 ex
2607 5508 2774 5560 Maria
2802 5511 3043 5580 genitum
3078 5508 3360 5580 negarent,
3402 5523 3596 5580 atque,

2017 5592 2076 5632 ut
2128 5581 2203 5634 ait
2249 5579 2648 5644 Tcrtullianus,
2702 5591 2753 5630 c.
2793 5578 2857 5629 ‘27
2914 5587 3098 5630 contra
3158 5578 3598 5645 Valentinianus,

2024 5667 2042 5700 ι
2071 5650 2306 5704 delatum
2347 5651 2398 5702 in
2432 5649 2707 5717 Virginem
2747 5649 3166 5703 transmeatorio
3207 5651 3385 5717 potius
3429 5667 3596 5718 quain

2018 5722 2366 5788 generatorio
2399 5734 2548 5773 more
2577 5719 2943 5787 processisse;
2987 5732 3083 5786 per
3132 5723 3325 5786 ipsam,
3375 5737 3481 5775 non
3527 5739 3596 5773 cx

2018 5793 2161 5860 ipsa;
2189 5806 2296 5846 non
2324 5802 2551 5844 matrem
2579 5792 2830 5855 eam,sed
2855 5791 2998 5844 viam
3025 5804 3243 5858 passum
3262 5809 3278 5838 ι
3314 5792 3597 5846 docerent.

3200 5906 3271 5963 12
