4006 6254
469 358 588 417 ’365

1428 356 1486 411 s.
1527 349 1784 409 JUSTlNl
1830 332 2259 416 PﬂlLosomn
2297 360 2385 415 ET
2423 362 2783 420 marinis

3614 372 3732 429 ’ὅθι

485 476 830 548 dijudieatur.
870 476 1025 542 Quod
1074 483 1253 530 autem
1292 481 1478 529 natum
1528 487 1596 529 ex
1625 472 1843 541 Virgine
1895 472 2020 559 tene

2150 480 2245 533 καὶ
2277 479 2707 550 παραλυτικοὺς,
2754 479 2847 533 καὶ
2891 482 2955 533 ὲκ
3001 482 3220 553 γενετῆς
3268 486 3532 558 πονηροὺς
3578 485 3727 559 (20),

484 584 642 631 mus,
688 579 977 621 commune
1027 562 1079 621 id
1117 579 1239 619 cum
1286 563 1487 620 Perseo
1528 565 1859 619 existimate.
1896 558 2051 642 Quod

483 661 709 715 claudos
756 659 991 728 denique
1039 668 1097 713 et
1145 657 1501 727 paralyticos,
1542 666 1598 712 et
1644 659 1712 713 ab
1761 658 1879 726 ipso
1923 666 2046 713 ortu

485 752 705 807 mutilos
758 752 986 806 sanitati
1023 752 1091 804 ab
1136 764 1201 804 eo
1235 750 1550 814 restitutos,
1595 759 1649 804 et
1692 760 1934 805 mortuos
1976 749 2045 804 ad

2158 571 2330 637 ὑγιεῖς
2381 572 2738 640 πεποιηκέναι
2779 571 2959 635 αὐτὸν,
3005 572 3099 625 καὶ
3144 576 3370 646 νεκροὺς
3413 579 3726 650 ἀνεγεῖραι,

2156 661 2319 731 ὃμοια
2366 662 2477 724 τοῖς
2534 662 2639 714 ὑπὸ
2682 662 3009 734 Ἀσκληπιοῦ
3054 665 3377 735 γεγενῆσθαι
3420 666 3730 739 λεγομένοις

2154 752 2249 805 καὶ
2278 750 2449 805 ταύτὰ
2471 752 2695 820 φάσκειν
2716 752 2955 823 δόξομεν.

483 845 650 898 vitam
701 853 991 899 revocatos
1051 843 1317 908 dicimus,
1355 841 1553 899 similia
1598 842 1713 898 haec
1750 856 1968 913 quoque
2030 843 2213 899 dicere
2253 844 2556 900 videbimur
2618 847 2716 910 iis,
2756 861 2875 916 qua:
2915 849 2982 902 ab
3046 848 3364 922 {Esculapio
3409 849 3554 906 facta
3593 868 3727 909 nar-

484 948 855 1096 Γωὲΐλιηυε
901 1036 960 1082 ιιι
990 1026 1123 1081 illud
1168 1028 1332 1082 etiam
1382 1034 1722 1098 perspectum
1778 1028 2045 1095 habeatis,

479 1138 816 1193 quaecunque
845 1137 875 1176 a
920 1121 1139 1178 Christo
1178 1130 1233 1176 et
1271 1136 1300 1175 a
1333 1120 1633 1191 prophetis,
1665 1121 1757 1189 qui
1792 1135 1917 1176 eum
1949 1137 2044 1175 an-

481 1226 839 1280 tecesserunt.
864 1216 1041 1271 edocti
1072 1215 1321 1280 dicimus,
1349 1214 1463 1271 sola
1489 1228 1608 1271 esse
1648 1229 1777 1270 vera
1817 1224 1872 1269 et
1906 1216 2045 1271 scri-

478 1310 726 1377 ptoribus
757 1308 1011 1363 omnibus
1042 1307 1383 1376 antiquiora;
1419 1321 1518 1361 nec
1566 1307 1693 1376 quia
1739 1309 1928 1362 eadem
1978 1322 2045 1363 ac

478 1398 558 1453 illi
627 1401 923 1467 scriptores
958 1399 1210 1464 dicimus,
1260 1398 1464 1452 idcirco
1518 1406 1704 1467 petere
1748 1408 1807 1453 ut
1841 1399 2041 1467 probe-

481 1508 622 1556 mur,
649 1491 742 1546 sed
789 1491 913 1560 quia
947 1496 1073 1545 Vera
1106 1490 1412 1559 loquimur;
1443 1498 1554 1542 tum
1600 1489 1770 1543 etiam
1801 1500 1860 1544 ut
1888 1490 2044 1547 vobis

475 1592 688 1637 constet
724 1580 905 1636 Jesum
935 1580 1237 1645 Christum,
1283 1594 1406 1634 cum
1450 1578 1545 1633 Dei
1574 1578 1809 1634 Verbum
1848 1590 1902 1635 et
1931 1582 2044 1651 pri-

476 1675 777 1743 inogenitus
813 1681 867 1727 et
898 1672 1075 1726 virtus
1104 1672 1201 1737 sit,
1225 1670 1399 1726 solum
1426 1671 1646 1741 proprie
1668 1670 1862 1726 Filium
1889 1688 1957 1728 ex
1977 1687 2041 1728 eo

473 1766 711 1835 genitum
757 1778 906 1817 esse:
954 1763 1180 1833 ejusque
1207 1762 1484 1818 voluntate
1518 1763 1717 1820 factum
1764 1764 2040 1819 hominem

2218 1026 2307 1081 25.
2351 1026 2461 1097 (21)
2492 1028 2608 1081 Ἵνα
2636 1027 2691 1080 δὲ
2715 1027 2816 1098 ἤδη
2840 1026 2933 1080 καὶ
2967 1028 3122 1082 τοῦτο
3154 1028 3384 1101 φανερὸν
3411 1032 3541 1104 ὑμῖν
3572 1033 3726 1108 γένη-

2148 1132 2258 1180 ται,
2285 1117 2367 1169 ὅτι
2404 1117 2575 1170 ὁπόσα
2605 1116 2857 1189 λέγομεν,
2888 1118 3147 1189 μαθόντες
3179 1123 3328 1192 παρὰ
3361 1123 3452 1178 τοῦ
3486 1126 3724 1196 Χριστοῦ

2148 1206 2241 1257 καὶ
2280 1205 2386 1259 τῶν
2427 1206 2795 1277 προελθόντων
2821 1208 2984 1263 αὑτοῦ
3015 1211 3329 1282 προφητῶν,
3372 1216 3507 1284 μόνα
3547 1217 3723 1290 ἀληθῆ

2145 1297 2285 1360 ἐστὶ,
2313 1298 2407 1349 καὶ
2428 1298 2771 1369 πρεσϐύτερα
2797 1301 3011 1355 πάντων
3038 1302 3147 1354 τῶν
3184 1307 3562 1377 γεγενημένων
3592 1327 3725 1378 συγ-

2146 1389 2430 1460 γραφέων·
2467 1390 2559 1443 καὶ
2589 1391 2709 1461 οὐχὶ
2747 1392 2835 1445 διὰ
2874 1393 2932 1446 τὸ
2967 1394 3137 1448 ταύτὰ
3176 1395 3350 1463 λέγειν
3381 1398 3578 1463 αὐτοῖς,
3617 1419 3723 1454 πα-

2148 1477 2469 1549 ραδεχθῆναι
2515 1479 2790 1551 ἀξιοῦμεν,
2840 1483 2953 1536 ἀλλ’
2994 1485 3075 1537 ὅτι
3119 1484 3176 1538 τὸ
3220 1484 3418 1558 ἀληθὲς
3455 1487 3717 1561 λέγομεν

2144 1571 2237 1623 καὶ
2279 1571 2483 1641 Ἰησοῦς
2516 1574 2749 1643 Χριστὸς
2785 1576 2943 1645 μόνος
2983 1578 3127 1642 ἰδίως
3152 1580 3264 1643 υἱὸς
3288 1580 3363 1651 τῷ
3394 1582 3510 1653 Θεῷ
3538 1586 3719 1654 γεγέν-

2144 1678 2321 1732 νηται,
2349 1664 2518 1731 Λόγος
2540 1665 2702 1717 αὑτοῦ
2731 1668 2988 1739 ὑπάρχων
3014 1670 3106 1723 καὶ
3142 1674 3481 1744 πρωτότοκος
3509 1678 3599 1729 καὶ
3628 1678 3719 1732 δύ-

2150 1770 2343 1823 ναμις·
2393 1756 2486 1807 καὶ
2537 1759 2601 1827 τῇ
2647 1756 2808 1829 βουλῇ
2857 1758 3019 1812 αὐτοῦ
3066 1763 3355 1832 γενόμενος
3398 1765 3713 1839 ἄνθρωπος,

473 1855 897 1909 iiistaurandi'et
933 1856 1222 1910 revocandi
1272 1856 1553 1911 hominum
1584 1858 1801 1927 generis
1851 1873 2013 1911 causa

2142 1844 2313 1897 ταῦτα
2336 1848 2482 1917 ἡμᾶς
2514 1823 2889 1915 ὲδῖδαξεν,”ὲπ’
2914 1823 3120 1923 ἀλλαγῇ
3146 1823 3239 1905 καὶ
3265 1823 3593 1930 ἐπαναγωγῇ
3620 1823 3713 1913 τοῦ

472 1949 588 2003 haec
641 1964 739 2003 nos
790 1948 1078 2012 docuisse;
1132 1964 1196 2003 ac
1254 1949 1487 2017 denique
1542 1951 1858 2018 priusquam
1898 1951 2041 2005 inter

472 2042 720 2095 homines
760 2039 870 2110 58
900 2042 1060 2095 homo
1095 2050 1432 2105 versaretur,
1480 2042 1742 2109 quosdam
1777 2042 1830 2095 in
1880 2050 2036 2095 ante-

470 2142 708 2191 cessum,
756 2143 850 2181 eos
911 2127 1156 2191 scilicet,
1207 2142 1343 2196 quos
1388 2129 1503 2196 jam
1555 2129 1817 2194 diximus,
1866 2131 2037 2187 malos

470 2222 747 2276 daemones
791 2234 853 2274 ea
886 2235 984 2290 per
1030 2228 1217 2288 poetas
1260 2220 1406 2275 velut
1451 2220 1592 2275 facta
1645 2222 1869 2290 dixisse,
1918 2236 2040 2291 quae

467 2310 713 2367 fabulose
759 2312 851 2366 isti
897 2312 1312 2379 conﬁnxerunt,
1355 2315 1811 2381 quemadmodum
1859 2314 2038 2384 perfe-

467 2418 595 2459 ccre
640 2412 698 2458 ut
729 2403 959 2457 nefanda
995 2404 1051 2458 in
1082 2419 1183 2458 nos
1212 2414 1264 2459 et
1310 2406 1476 2477 impia
1510 2407 1753 2463 facinora
1790 2408 2040 2463 decanta-

469 2501 676 2557 rentur,
716 2506 945 2561 quorum
993 2506 1095 2546 nec
1131 2494 1287 2546 testis
1318 2508 1419 2548 nec
1452 2504 1831 2564 argumentum
1858 2506 2038 2551 exStat

470 2585 669 2647 ullum;
705 2592 764 2637 ut
813 2584 947 2646 haec,
994 2581 1238 2651 inquam,
1277 2583 1430 2639 vobis
1463 2584 1740 2653 explora-ta
1787 2584 1918 2653 sint,
1950 2586 2036 2642 his

468 2674 802 2745 argumentis
835 2683 1068 2727 utemur.

532 2768 623 2822 24.
666 2766 881 2830 Primo,
930 2767 1056 2834 quia
1102 2780 1224 2821 cum
1273 2766 1468 2821 similia
1520 2767 1722 2823 Grzccis
1769 2768 2031 2834 dicamus,

463 2862 563 2915 soli
592 2861 717 2915 odio
747 2860 1014 2914 habentur
1061 2868 1284 2929 propter
1316 2874 1511 2914 nomen
1557 2860 1792 2926 Christi;
1824 2868 1881 2916 et
1912 2876 2035 2916 cum

461 2951 599 3005 nihil
630 2949 895 3005 faciamus
927 2949 1076 3016 mali,
1103 2949 1252 3004 velut
1302 2950 1531 3019 improbi
1569 2966 1869 3017 necamur;
1915 2953 2035 3009 aliis

463 3042 588 3098 alibi
616 3052 671 3097 et
698 3044 922 3097 arbores
953 3049 1007 3095 et
1034 3039 1227 3096 ﬂuvios
1266 3051 1319 3096 et
1350 3055 1534 3096 mures
1563 3054 1618 3096 et
1658 3042 1793 3097 feles
1822 3053 1878 3097 et
1919 3060 2035 3099 cro-

2140 1936 2474 2009 ἀνθρωπείου
2510 1941 2728 2009 γένους·
2759 1943 2889 2014 πρὶν
2914 1945 2946 2014 ἢ
2977 1946 3035 1998 ἐν
3066 1945 3369 2018 ἀνθρώποις
3402 1951 3511 2022 (22)
3554 1954 3714 2008 αὐτὸν

2138 2030 2384 2097 γενέσθαι
2416 2032 2718 2104 ἄνθρωπον,
2752 2035 3051 2105 φθάσαντες
3079 2056 3220 2104 τινες
3246 2041 3334 2095 διὰ
3371 2044 3496 2107 τοὺς
3531 2064 3710 2118 προει-

2140 2123 2405 2194 ρημένους
2432 2122 2545 2195 (25)
2581 2127 2782 2190 κακοὺς
2811 2128 3086 2199 δαίμονας,
3113 2131 3201 2186 διὰ
3234 2132 3342 2186 τῶν
3374 2135 3609 2206 ποιητῶν
3634 2139 3711 2202 ὡς

2139 2218 2408 2288 γενόμενα
2448 2215 2619 2284 εἷπον,
2646 2220 2682 2275 ἃ
2722 2220 3179 2293 μυθοποιήσαντες
3214 2223 3450 2296 ἔφησαν
3490 2226 3551 2279 ὃν
3595 2230 3709 2300 τρό-

2138 2326 2236 2361 πον
2262 2310 2367 2385 καὶ
2397 2311 2463 2363 τὰ
2492 2310 2613 2363 καθ’
2641 2311 2799 2381 ἡμῶν
2830 2313 3095 2383 λεγόμενα
3131 2315 3387 2386 δύσφημα
3419 2318 3511 2371 καὶ
3538 2321 3706 2390 ἀσεϐῆ

2136 2399 2271 2471 ἔργα
2316 2402 2624 2473 ὲνὴργησαν
2671 2403 2804 2476 (24),
2841 2398 2914 2460 ὧν
2956 2406 3130 2470 οὐδεὶς
3169 2408 3378 2479 μάρτυς
3412 2411 3529 2465 οὐδὲ
3569 2414 3707 2467 ἀπό·

2134 2490 2296 2555 suae;
2324 2494 2457 2558 ἐστι,
2486 2494 2671 2549 τοῦτον
2702 2495 2919 2567 ἔλεγχον
2946 2500 3299 2571 ποιησόμεθα.

2203 2756 2294 2810 24.
2335 2758 2557 2829 Πρῶτον
2591 2758 2687 2829 μὲν
2731 2760 2811 2813 ὅτι
2862 2760 2972 2831 (25)
3020 2762 3085 2816 τὰ
3136 2764 3293 2834 ὅμοια
3328 2768 3436 2829 τοῖς
3479 2766 3700 2839 Ἕλλησι

2132 2847 2410 2917 λέγοντες,
2447 2851 2595 2922 μόνοι
2641 2851 2944 2923 μισούμεθα
2982 2854 3046 2906 δι’
3094 2855 3264 2926 ὄνομα
3305 2857 3397 2911 τοῦ
3428 2860 3695 2931 Χριστοῦθ

2132 2942 2226 2994 καὶ
2265 2942 2429 3013 μηδὲν
2459 2943 2787 3008 ἀδικοῦντες,
2831 2945 2908 3006 ὡς
2943 2947 3255 3017 ἁμαρτωλοὶ
3298 2951 3694 3022 ἀναιρούμεθα,

2131 3033 2306 3088 ἄλλων
2360 3036 2590 3106 ἀλλαχοῦ
2622 3037 2716 3090 καὶ
2764 3038 2952 3110 δένδρα
3008 3039 3329 3110 σεϐομένων,
3377 3043 3470 3096 καὶ
3528 3061 3694 3097 nora-

459 3132 667 3189 codilos
693 3142 762 3204 ,οι
806 3130 1067 3203 plurimas
1115 3132 1304 3188 brutas
1348 3132 1654 3188 animantes
1700 3134 2020 3201 colentibus,

2135 3127 2287 3195 μους,
2322 3128 2413 3180 καὶ
2442 3128 2564 3198 μῦς,
2608 3129 2700 3182 καὶ
2734 3129 3033 3202 αἰλούρους,
3066 3132 3158 3185 καὶ
3187 3134 3572 3203 κροκοδείλους,
3603 3140 3694 3190 καὶ

527 3338 642 3423 (2ῼ)
683 3338 1010 3423 Hormo-ode.
1054 3337 1372 3423 Legciidi_im
1402 3339 1609 3423 πῃρούς
1651 3338 1929 3423 adinon‘nit
1961 3342 2027 3397 Ii.

458 3408 998 3478 Stcplianuspidque
1024 3408 1309 3463 conﬁrmat
1335 3408 1565 3464 Grabius
1609 3424 1675 3463 ex
1717 3411 1882 3465 simili
1910 3412 2030 3467 loco

454 3476 857 3550 dialogi_n.69;
886 3476 1091 3550 πηρούς
1113 3488 1291 3550 autem
1319 3479 1457 3550 idem
1481 3494 1603 3550 esse
1625 3494 1687 3533 ac
1705 3493 1876 3535 czecos
1903 3498 2030 3537 con-

458 3546 631 3671 fudit
655 3546 927 3671 Tlibialh‘ius
948 3546 1014 3603 ex
1041 3550 1229 3604 eodem
1262 3549 1457 3619 dialogi
1488 3549 1630 3615 loco,
1653 3558 1709 3604 et
1735 3550 1842 3605 alio
1866 3552 2028 3622 hujus

504 3636 566 3671 DO
594 3652 609 3669 ο
641 3634 693 3670 η.
796 3654 812 3670 ο

455 3621 609 3671 Apol.
641 3634 693 3670 ιι.
722 3618 812 3671 60.

501 3636 813 3761 Ρέὺηλῗιῖἀ
859 3684 928 3761 δὲ
969 3685 1113 3761 ἤδη,
1140 3696 1246 3761 etc.
1280 3687 1549 3761 Observat
1582 3687 1828 3761 Ritterus
1869 3690 2025 3761 (Ani-

452 3758 661 3831 madvv.
708 3758 764 3808 in
812 3758 1041 3831 primam
1073 3756 1323 3831 S._Jnst.
1370 3757 1605 3827 apolog.,
1653 3774 1705 3827 p.
1745 3759 1825 3831 197
1851 3756 2019 3831 sip):

456 3848 476 3875 ι
506 3825 696 3880 liestat
722 3835 778 3878 ut
818 3826 1079 3895 scriptor,
1120 3827 1165 3881 si
1194 3827 1335 3881 ultra
1368 3825 1756 3895 progressurus
1786 3825 2024 3895 sit,'d'e-

454 3904 746 3965 monstret,
775 3909 896 3962 qua:
937 3893 1233 3950 Christiani
1289 3893 1649 3965 proﬁteantur
1690 3914 1800 3953 non
1848 3893 2019 3955 selum

454 3964 773 4018 verisimilia
799 3973 854 4017 et
881 3979 1035 4033 teque
1059 3980 1185 4019 vera
1219 3964 1295 4019 ac
1318 3966 1527 4019 fabulas
1555 3965 1890 4034 Graecorum,
1920 3972 2018 4026 sed

454 4034 676 4086 omnino
718 4047 912 4104 reapse
939 4048 1062 4089 vera
1089 4048 1213 4090 esse
1239 4045 1294 4089 et
1328 4036 1651 4090 testimoniis
1682 4042 2014 4104 conlirmari,

450 4117 681 4169 quorum
716 4104 850 4156 ﬁdes
871 4103 928 4175 in
960 4106 1180 4159 dubium
1214 4106 1395 4159 vocari
1442 4121 1549 4158 non
1596 4108 1784 4175 possit.
1818 4108 1886 4163 Et
1915 4103 2016 4165 hoc

450 4175 667 4248 qnidem
699 4174 950 4238 praestitit
974 4188 1002 4225 a
1035 4176 1213 4248 capite
1240 4175 1435 4248 30365;
1469 4177 1563 4248 sed
1600 4174 1727 4248 quae
1760 4195 1789 4228 a
1831 4180 2013 4248 capite

448 4242 630 4313 23-150
664 4252 989 4313 tractantur,
1034 4242 1192 4313 plane
1238 4245 1394 4298 nobis
1433 4242 1709 4299 abundare
1742 4242 2011 4306 videntur.

448 4340 518 4350 —
545 4310 731 4379 Itaque
763 4311 998 4367 lortasse
1034 4310 1125 4368 εἰς
1175 4316 1344 4369 series
1376 4318 1749 4369 membrorum
1801 4320 2012 4375 restitui

446 4384 658 4449 possit:
697 4380 936 4457 Primum
987 4384 1124 4457 ejice
1173 4386 1402 4457 primam
1451 4396 1656 4457 partem
1706 4390 1899 4457 capitis
1941 4390 2013 4444 25

449 4467 617 4519 usque
641 4454 707 4505 ad
736 4455 899 4525 verba
929 4454 1022 4506 καὶ
1058 4454 1269 4525 Ἰησοῦς
1293 4456 1560 4525 Χριστός;
1608 4454 1710 4509 hac
1736 4454 1879 4511 enim
1921 4476 2010 4512 ra-

2133 3330 2199 3384 ad
2233 3329 2641 3404 intelligentiam
2664 3332 2836 3404 hujus
2871 3331 2997 3397 loci,
3045 3333 3097 3387 in
3129 3347 3235 3401 quo
3285 3334 3691 3404 interpretando

2130 3414 2240 3474 non
2265 3401 2555 3467 plurimum
2590 3402 2845 3474 viderunt
2893 3404 3244 3472 interpretes.
3275 3401 3513 3474 Longam
3550 3407 3690 3463 hanc

2132 3469 2420 3542 verborum
2465 3472 2893 3540 complexionem
2925 3469 3258 3527 existimavit
3304 3469 3558 3542 Grahius,
3590 3493 3689 3533 nec

2128 3552 2248 3592 cum
2278 3538 2346 3593 iis
2387 3538 2881 3615 qnzepriecedunt,
2905 3558 3010 3615 nec
3041 3558 3160 3596 cum
3180 3614 3188 3615 ί
3208 3544 3272 3598 iis
3312 3560 3429 3613 qua?
3457 3538 3689 3615 sequun-

2129 3616 2234 3675 tur,
2279 3614 2528 3664 connecti
2569 3625 2751 3678 posse,
2782 3623 2835 3667 et
2870 3613 3077 3667 ideirco
3124 3614 3190 3665 ad
3242 3613 3687 3671 contextus‘cor—

2128 3680 2391 3747 ruptelam
2421 3689 2475 3733 et
2504 3682 2571 3735 ad
2622 3682 2841 3736 lacunas
2881 3684 3147 3752 confugit.
3183 3682 3379 3739 Facilis
3412 3696 3587 3740 tamen
3632 3699 3687 3742 et

2124 3758 2307 3823 aperta
2354 3752 2741 3823 sententiarum
2771 3754 3046 3823 iunctura.
3080 3753 3204 3806 Tria
3250 3755 3537 3821 pollicetur
3586 3756 3685 3810 .lu-

2122 3819 2298 3889 stinus
2340 3834 2460 3873 sese
2507 3819 3023 3879 demonstraturum.
3060 3823 3115 3875 1ο
3148 3819 3276 3889 Quae
3300 3839 3328 3877 a
3365 3825 3688 3882 Christianis

2122 3886 2400 3949 docentur,
2448 3890 2730 3964 solahvera
2775 3908 2919 3955 esse,
2961 3893 3103 3964 quod
3146 3886 3363 3960 quidem
3407 3904 3592 3964 aptum
3627 3909 3684 3951 et

2122 3970 2318 4033 nexum
2350 3968 2437 4033 est
2468 3974 2535 4033 ex
2567 3959 2651 4021 iis,
2681 3976 2798 4029 quin
2823 3959 3077 4033 proxime
3119 3959 3349 4024 dicebat,
3388 3959 3583 4033 nempe
3615 3983 3680 4021 ex

2120 4025 2208 4098 illa
2242 4028 2619 4094 similitudine,
2660 4025 2779 4098 quae
2809 4025 3134 4087 Christianae
3163 4033 3425 4088 doctrina:
3469 4025 3681 4091 videtur

2121 4096 2296 4173 inesse
2340 4113 2497 4173 cnm_
2514 4096 2787 4173 nonnullis
2831 4102 3277 4173 phil050phoruin
3307 4115 3361 4158 et
3401 4114 3678 4173 poetarum

2117 4166 2345 4234 placitis.
2383 4168 2441 4219 2ο
2465 4166 2738 4241 Promittit
2766 4166 3209 4241 se'probaturum
3239 4166 3434 4227 Filimii
3468 4174 3560 4228 Dei
3595 4177 3679 4231 in-

2116 4248 2396 4289 carnatum
2428 4253 2567 4293 esse.
2597 4239 2655 4291 5°
2690 4239 2969 4296 Daemones
2995 4251 3118 4295 ante
3160 4241 3303 4296 illius
3339 4244 3675 4300 incarnatio-

2116 4321 2237 4358 nem
2286 4308 2447 4359 mulia
2482 4324 2577 4377 per
2618 4322 2803 4378 poetas
2832 4314 3069 4375 ﬁnxisse,
3100 4321 3156 4365 ut
3186 4313 3433 4368 homines
3462 4316 3531 4369 ab
3575 4318 3675 4372 hoc

2113 4378 2369 4457 mysterio
2397 4380 2664 4457 credendo
2705 4392 3027 4457 averterent.
3058 4382 3113 4435 in
3162 4382 3246 4457 his
3285 4385 3464 4457 tribus
3513 4400 3675 4457 argu-

2112 4451 2310 4522 n_i_cn_tis
2333 4449 2587 4522 deinceps
2613 4464 2858 4515 versatur
2882 4452 3147 4508 Justinus.
3172 4450 3372 4507 Probat
3396 4455 3471 4519 1ο,
3501 4470 3555 4508 n.
3579 4449 3671 4522 24,

449 4514 603 4595 tione,
625 4524 872 4595 doctrina
897 4526 962 4577 de
988 4514 1219 4593 persona
1240 4514 1372 4578 desii
1400 4514 1620 4595 Christi,
1646 4542 1764 4594 qua:
1792 4542 1911 4595 cap.
1937 4531 1999 4584 21
2040 4540 2083 4594 D
2113 4514 2453 4595 ἐξιιμιειῑειιιοε
2508 4514 2824 4595 ᾡίοειξδεε
2870 4526 2964 4595 qui
3012 4522 3295 4576 veritatem
3353 4514 3665 4595 ἀείέηάὶίηῑί

445 4592 657 4667 incipit,
699 4592 1133 4667 continuatur-et
1162 4595 1482 4667 absolvitur.
1530 4592 2004 4667 Tuin'transpone

443 4663 672 4729 eiectam
714 4672 922 4730 partem
951 4665 1145 4732 capitis
1185 4665 1256 4717 25
1290 4667 1357 4718 ad
1387 4666 1550 4718 ﬁnem
1582 4666 1776 4733 capitis
1804 4663 1897 4733 30',
1928 4671 2003 4723 ita

448 4745 505 4787 ut
538 4746 715 4802 rerum
761 4747 1060 4801 argumenti
1103 4737 1505 4788 tractandarum
1552 4748 1761 4802 partem
1807 4753 2005 4792 secun-

441 4805 568 4856 dani
599 4801 815 4865 eﬂiciat,
851 4805 953 4855 hoc
994 4815 1075 4856 est
1107 4806 1423 4872 scriptorem
1464 4801 1635 4873 cogita
1681 4822 1739 4859 se
1776 4809 2002 4861 demon-

440 4882 741 4925 straturum
797 4872 1078 4940 polliceri,
1124 4876 1429 4927 doctrinam
1478 4877 1843 4930 Christianam
1891 4893 1998 4931 non

442 4951 648 5017 [nlll‘u-ttl
688 4957 867 5017 veram
900 4959 1040 5007 esse,
1068 4946 1182 5017 sed
1229 4946 1399 4998 solam
1443 4959 1566 4999 esse
1607 4960 1789 4999 veram
1836 4948 1999 5017 (μόνα

438 5010 659 5081 ἀληθῆ).
685 5010 752 5083 Et
777 5027 894 5078 qua:
917 5028 1037 5081 cap.
1063 5013 1132 5067 24
1154 5023 1208 5068 et
1232 5030 1385 5083 seqq.
1413 5016 1687 5079 dicuntur,
1714 5032 1819 5070 non
1844 5010 1997 5073 ‘iiiale

438 5088 712 5147 quadraiit
743 5082 795 5133 in
840 5094 1144 5136 extremam
1188 5082 1396 5151 partem
1441 5100 1558 5151 cap.
1586 5084 1672 5138 24.
1701 5106 1718 5137 ι
1755 5088 1858 5141 Sed
1904 5088 1987 5142 Ju-

439 5161 616 5203 stinus
660 5162 764 5202 tam
799 5166 928 5205 raro
953 5165 1164 5206 certum
1196 5157 1479 5220 quemdam
1525 5162 1766 5208 ordinem
1797 5170 1849 5211 et
1881 5174 1993 5213 ine-

438 5222 659 5295 thoduAm
684 5233 868 5275 servat
895 5223 1040 5285 (coll.
1068 5224 1563 5295 SemischJustiu.
1590 5228 1643 5277 ά.
1679 5226 1843 5280 Mart.
1871 5246 1922 5295 ιι.
1949 5245 1989 5293 ι,

437 5308 491 5358 p.
516 5290 621 5344 208
646 5295 785 5359 sq.),
825 5300 887 5364 ut
919 5295 1293 5348 confusionem
1338 5294 1503 5351 istam
1541 5295 1743 5364 absque
1785 5290 1990 5351 codicis

436 5378 597 5413 manu
627 5362 833 5415 exarati
869 5367 1191 5418 auctoritate
1214 5365 1449 5418 librariis
1471 5362 1837 5433 iiiiputandain
1869 5384 1990 5423 esse

433 5450 537 5484 non
570 5448 847 5485 censeam.
886 5439 1060 5487 UTTU.

505 5501 637 5571 (22)
679 5503 828 5568 Πρὶν
875 5502 913 5571 ἣ
963 5505 1031 5556 ὲν
1077 5503 1425 5573 ἀνθρώποις.
1478 5504 1857 5561 Przemittenda
1907 5508 1988 5562 his

432 5586 610 5648 verbis
656 5586 967 5648 conJu‘iictio
1014 5578 1103 5629 καί
1137 5578 1554 5648 autnlegendum
1600 5578 1728 5646 πρὶν
1759 5576 1880 5648 δὲῆ
1930 5581 1987 5633 ἐν

429 5640 755 5714 ἀνθρώποις.
791 5642 848 5695 Si
878 5647 1000 5712 quis
1039 5657 1217 5699 tamen
1248 5640 1529 5713 legeiidom
1560 5640 1682 5700 esse
1714 5640 1985 5711 velitfxa‘i

427 5713 508 5765 ὅτι
536 5712 670 5781 πρίν
696 5725 751 5766 et
777 5724 936 5766 antea
975 5714 1067 5766 καὶ
1089 5716 1169 5767 ὅτι
1223 5712 1426 5784 Ἰησοῦς
1466 5716 1713 5785 Χριστός,
1757 5719 1887 5770 nihil
1932 5721 1984 5774 id

432 5795 708 5839 contextui
742 5787 977 5841 nocebit.
1005 5788 1109 5841 Sed
1145 5790 1281 5843 mliti
1325 5789 1551 5855 amplius
1590 5805 1791 5856 requiri
1825 5791 1983 5846 debet

2112 4584 2315 4641 Deinde
2346 4604 2496 4644 num.
2524 4588 2612 4655 30,
2644 4589 2837 4645 Filium
2864 4584 2958 4647 Dei
2991 4594 3327 4647 incarnatum
3359 4608 3500 4648 esse.
3534 4593 3668 4650 Tum

2108 4670 2162 4731 ιι.
2192 4656 2261 4731 55
2290 4662 2437 4712 venit
2480 4664 2545 4715 ad
2594 4661 2805 4716 fabulas
2852 4672 3153 4731 poetarum,
3197 4676 3335 4730 quas
3365 4666 3668 4719 daemonum

2106 4727 2298 4781 fraude
2325 4732 2388 4781 ad
2406 4732 2681 4785 hominum
2710 4727 3002 4799 perniciem
3030 4727 3273 4787 inventas
3300 4733 3469 4788 fuisse
3508 4737 3666 4791 docet

2174 4800 2286 4867 (25)
2326 4799 2429 4852 Διὰ
2466 4801 2605 4867 τοὺς
2642 4803 3118 4872 προειρημένους.
3157 4804 3255 4856 Hic
3284 4804 3528 4871 profecto
3568 4807 3666 4859 ali-

2102 4874 2229 4935 quid
2263 4872 2679 4944 emendandum.
2708 4876 2936 4937 Quinam
2964 4875 3109 4927 enim
3138 4873 3213 4925 illi
3244 4883 3370 4927 sunt
3407 4876 3502 4943 qui
3541 4891 3667 4944 pro-

2100 4952 2220 5004 pter
2248 4939 2686 5013 daiinones,sive
2722 4944 2953 5012 impulsu
2995 4945 3299 4998 daemonum
3335 4939 3441 5011 pet:
3476 4939 3665 5013 poetas

2100 5013 2214 5081 hace
2261 5012 2576 5081 ﬁnxerunt?
2618 5012 2784 5067 Nemo
2834 5028 2967 5068 sane
2999 5016 3244 5068 divinare
3279 5012 3571 5081 possit.’At
3617 5018 3662 5070 si

2097 5075 2339 5153 legamus
2368 5080 2511 5150 λέγω
2539 5081 2595 5134 δὲ
2625 5082 2770 5147 τούς,
2797 5096 2925 5146 etc.,
2973 5085 3105 5137 nihil
3136 5075 3408 5153 supererit
3438 5086 3665 5140 diﬁicul-

2100 5156 2265 5213 tatis,
2318 5152 2485 5220 idque
2539 5169 2602 5207 ex
2659 5156 2855 5209 Latina
2914 5152 3368 5223 interpretatione
3421 5156 3659 5225 perspici

2094 5230 2287 5284 poiesi.

2164 5291 2278 5366 (24)
2323 5289 2706 5366 Ὲνήργησαν.
2736 5295 2967 5351 Necesse
2994 5311 3099 5351 non
3121 5306 3204 5350 est
3226 5311 3348 5351 cum
3372 5294 3658 5366 Sylhurgio

2092 5362 2501 5436 suninielligere
2530 5365 2983 5436 διαθρυλλεῐσθαι.
3413 5362 3428 5366 ⁷
3580 5362 3595 5363 7
3678 5382 3699 5419 ἢ

2161 5428 2274 5512 (25)
2314 5428 2691 5512 Πρῶξον-μέίρ
2721 5438 2830 5494 ὅτι.
2860 5438 2928 5493 Ut
2955 5443 3146 5507 prohet
3179 5439 3463 5496 veritatem
3492 5454 3656 5512 penes

2092 5502 2236 5580 solos
2270 5517 2389 5555 esse
2413 5502 2786 5580 Christianos
2818 5502 3124 5577 (hoc-enim
3166 5526 3233 5562 ex
3279 5502 3549 5580 tripartita
3582 5512 3659 5564 di-

2090 5573 2577 5650 visione-primum
2608 5583 2748 5647 erat)
2776 5573 2877 5633 huc
2909 5582 3079 5636 utitur
3124 5573 3462 5649 ai'guiiieiito,
3508 5583 3655 5650 quod

2088 5655 2209 5714 cum
2238 5642 2327 5696 alii
2366 5658 2629 5701 summam
2679 5642 2909 5703 habeant
2952 5667 3061 5705 suae
3106 5642 3378 5714 religionis
3412 5642 3653 5706 colenda:

2088 5709 2396 5834 :iccutiam,
2442 5719 2572 5773 solis
2619 5718 2941 5777 Christianis
2987 5724 3176 5778 eodem
3206 5709 3343 5791 iure
3389 5738 3509 5780 esse
3544 5738 3651 5776 non

2107 5796 2266 5834 ιυυυι.

2107 5796 2266 5841 ιυυυι.
