4006 6254
394 355 501 416 367

1346 359 1404 416 S.
1445 356 1701 416 JUS’i‘lNl
1738 334 2171 421 PlilLOSOPlll
2228 360 2317 420 ΕΤ
2360 361 2722 418 ΜΑΙΠὙΞΗΞ

3577 367 3684 425 ’568

399 490 522 551 pter
564 476 867 534 Briseidem
896 474 1006 547 59
1039 475 1287 547 pellicem
1320 478 1614 548 perniciem
1658 474 1879 533 aderrat
1910 476 1965 531 ⁸⁸η

2087 500 2223 537 νων·
2258 481 2354 536 καὶ
2386 483 2513 544 τοὺς
2544 480 2897 553 πειθομένους
2928 483 3189 556 ἐλεοῦμεν
3209 502 3222 515 ·
3244 485 3368 550 τους
3392 485 3448 540 δὲ
3477 486 3685 541 τούτων

400 573 621 628 Miseret
649 586 749 627 nos
771 585 961 626 eorum
987 571 1081 643 qui
1113 571 1217 627 ista
1250 573 1505 639 credunt,
1537 574 1844 642 horumque
1879 586 1979 629 au-

399 677 580 721 ctores
607 678 727 719 esse
761 664 1039 719 daemones
1070 664 1345 719 novimus.
1442 728 1449 735 ,

464 757 555 811 9.6.
583 756 794 820 Tertio,
820 764 941 825 post
967 753 1173 810 Christi
1221 756 1272 808 in
1297 755 1495 812 cmlum
1539 770 1826 813 ascensum
1866 759 1979 813 die-

397 864 590 904 mones
638 850 919 903 immisere
968 849 1220 904 homines
1262 848 1552 918 quosdam,
1608 850 1700 918 qui
1744 865 1805 905 se
1845 851 1977 906 deos

395 941 827 1006 esse~dicerent;
861 956 997 1011 quos
1048 956 1154 994 non
1189 942 1353 1017 modo
1389 956 1494 996 non
1527 942 1780 998 insectati
1816 943 1974 1009 estis,

397 1036 490 1089 sed
538 1034 703 1089 etiam
738 1033 971 1088 auxistis
1000 1034 1321 1091 honoribus.
1367 1032 1643 1089 Simonem
1684 1036 1975 1103 quemdam

397 1128 802 1183 Samaritanum
837 1142 867 1181 e
903 1126 1023 1181 vico
1049 1126 1256 1181 Gittum
1285 1128 1453 1192 dicto,
1484 1127 1575 1196 qui
1610 1127 1712 1183 sub
1748 1129 1979 1184 Claudio

395 1223 631 1285 Ctesare,
697 1236 821 1275 cum
867 1220 1073 1291 magica
1125 1220 1412 1285 miracula,
1459 1221 1766 1275 daemonum
1801 1221 1854 1275 iit
1912 1237 1976 1278 eo

394 1311 740 1379 operantium
768 1319 908 1370 arte,
944 1310 995 1363 in
1034 1310 1182 1379 regia
1212 1319 1397 1365 vestra
1445 1311 1580 1365 urbe
1626 1310 1813 1367 Romae
1857 1312 1975 1366 edi-

396 1403 585 1468 disset,
615 1403 751 1456 deus
811 1400 1157 1457 existimatus
1204 1412 1323 1468 est,
1356 1411 1411 1457 ct
1440 1418 1468 1457 a
1504 1402 1677 1467 vobis,
1714 1413 1976 1472 tanquam

395 1498 552 1557 deus,
587 1503 763 1549 statua
799 1496 1123 1561 honoratus,
1173 1510 1293 1564 qua:
1329 1506 1513 1550 statua
1573 1507 1756 1551 erecta
1807 1507 1891 1552 est
1922 1497 1975 1551 in

398 1588 580 1641 insula
634 1585 894 1641 Tiberina
948 1588 1093 1641 inter
1141 1587 1276 1642 duos
1322 1598 1538 1656 pontes,
1583 1589 1789 1643 habens
1834 1590 1975 1643 hanc

396 1677 700 1732 Romanam
742 1679 1157 1747 inscriptionem
1192 1697 1205 1732 :
1232 1677 1438 1733 Simoni
1462 1680 1558 1733 deo
1589 1692 1792 1733 sancto.
1820 1679 1977 1733 llune

396 1772 733 1825 Samaritani
788 1786 925 1841 pene
958 1786 1147 1825 omnes
1186 1781 1240 1824 et
1276 1785 1341 1824 ex
1374 1770 1497 1825 aliis
1540 1772 1795 1842 gentibus
1834 1786 1975 1825 non-

2081 577 2290 640 αἰτίους
2323 575 2580 647 δαίμονας
2624 576 2983 647 γνωρίζομεν.

2096 818 2101 828 ,
2149 756 2240 810 9.6.
2280 755 2476 828 Τρίτον
2504 756 2549 810 δ’
2583 758 2665 810 δτι
2692 756 2803 828 (59.)
2830 756 2924 809 καὶ
2952 756 3090 826 μετὰ
3121 759 3221 829 τὴν
3248 758 3529 811 άνέλευσιν
3556 759 3676 831 (55)

2081 849 2172 903 τοῦ
2197 848 2435 922 Χριστοῦ
2467 851 2547 912 εἰς
2578 848 2827 921 οὐρανὸν,
2848 849 3211 920 προεδάλοντο
3231 852 3344 924 (54)
3362 853 3410 904 οἱ
3427 852 3676 925 δαίμονες

2079 943 2400 1016 ἀνθρώπους
2431 943 2583 1006 τινὰς
2604 942 2860 1011 λέγοντας
2889 943 3115 1006 ἑαυτοὺς
3142 938 3280 997 εἶναι
3309 943 3465 1009 θεοὺς
3485 962 3499 975 ·
3526 946 3576 999 οἶ
3614 946 3675 998 οὐ

2084 1037 2243 1107 μόνον
2262 1036 2362 1088 οὐκ
2388 1034 2723 1106 ἐδιώχθησαν
2752 1036 2843 1104 ὑφ’
2872 1034 2902 1087 ὑ
2912 1034 3047 1105 μῶν,
3066 1035 3203 1089 ἀλλὰ
3223 1037 3315 1089 ml
3338 1039 3511 1109 τιμῶν
3537 1056 3673 1092 κατ-

2082 1128 2410 1200 ηξιώθησαν.
2442 1128 2661 1198 Σίμωνα
2702 1128 2799 1198 μέν
2831 1145 2951 1180 τινα
2988 1128 3271 1200 Σαμαρέα,
3306 1130 3397 1183 τὸν
3436 1132 3543 1185 ἀπὸ
3574 1130 3675 1185 κὼ-

2083 1238 2189 1292 μης
2218 1219 2519 1290 λεγομένης
2547 1219 2584 1269 Γ
2592 1219 2751 1271 ίττων
2796 1216 2931 1289 (55),
2964 1218 3023 1281 ὃς
3047 1220 3139 1271 ἐπὶ
3168 1220 3438 1274 Κλαυδίου
3464 1222 3665 1274 Καίσα-

2081 1330 2171 1385 ρος
2200 1313 2289 1367 διὰ
2312 1313 2411 1382 τῆς
2444 1312 2550 1365 τῶν
2582 1311 2954 1383 ἐνεργούντων
2980 1312 3251 1382 δαιμόνων
3283 1313 3474 1384 τέχνης
3509 1315 3671 1370 δυνά-

2086 1422 2206 1477 μεις
2234 1406 2469 1476 ποιήσας
2499 1403 2736 1474 μαγικὰς
2764 1405 2824 1456 ἐν
2856 1406 2919 1473 τῇ
2949 1403 3100 1456 πόλει
3130 1403 3240 1474 (56)
3260 1404 3412 1474 ὑμῶν
3442 1405 3669 1475 βασιλίδι

2092 1499 2299 1571 Ῥώμῃ,
2334 1498 2456 1562 θεὸς
2502 1495 2783 1567 ἐνομίσθη,
2818 1497 2911 1549 καὶ
2942 1498 3219 1570 ἀνδριάντι
3252 1497 3380 1569 παρ’
3412 1498 3565 1567 ὑμῶν
3593 1498 3669 1561 ὡς

2081 1589 2201 1653 θεὸς
2243 1590 2549 1661 τετίμηται,
2582 1588 2643 1651 ὃς
2688 1589 2910 1660 ἀνδριὰς
2942 1590 3305 1662 ἀνεγήγερται
3346 1589 3458 1661 (57)
3495 1590 3551 1643 ἐν
3592 1589 3669 1658 τῷ

2078 1679 2267 1753 Τίϐερι
2299 1680 2551 1751 ποταμῷ,
2578 1680 2783 1751 μεταξὺ
2813 1680 2922 1733 τῶν
2950 1681 3043 1733 δύο
3068 1681 3349 1752 γεφυρῶν,
3376 1681 3514 1753 ἔχων
3540 1685 3665 1735 ὲπι-

2077 1772 2293 1844 γραφὴν
2320 1771 2634 1844 Ῥωμαϊκὴν
2651 1772 2877 1843 ταύτην,
2897 1775 3113 1841 Σίμωνι
3132 1773 3246 1845 δέῳ
3273 1774 3511 1845 σάγκτῳ
3529 1776 3665 1847 (58).

394 1864 527 1919 nulli
565 1867 800 1933 primum
830 1864 989 1917 deum
1020 1879 1144 1919 esse
1174 1865 1525 1929 confitentur,
1556 1879 1791 1932 eumque
1838 1864 1965 1919 ado-

2074 1865 2183 1919 Kal
2212 1866 2401 1936 σχεδὸν
2434 1863 2633 1929 πάντες
2680 1866 2777 1936 μὲν
2818 1867 3117 1937 Σαμαρεῖς,
3150 1866 3323 1935 ὀλίγοι
3362 1867 3419 1921 δὲ
3466 1870 3560 1923 ml
3606 1870 3668 1923 ὲν

392 1967 551 2012 rant:
578 1974 641 2011 ac
671 1956 933 2011 Helenam
967 1955 1262 2026 quandam,
1290 1970 1410 2025 quae
1440 1971 1561 2009 eum
1598 1955 1702 2010 hoc
1728 1965 1970 2025 tempore

392 2050 594 2119 ubique
622 2058 893 2106 asseetata
939 2060 1043 2115 est,
1100 2064 1221 2104 eum
1259 2058 1421 2102 antea
1468 2048 1522 2101 in
1566 2047 1811 2117 lupanari
1847 2063 1970 2116 pro-

391 2144 643 2208 stitissel,
672 2143 901 2213 primam
935 2141 1055 2209 ejus
1092 2143 1369 2196 notionem
1408 2156 1529 2197 esse
1555 2141 1831 2197 dictitant.
1857 2141 1967 2196 Me-

392 2235 660 2287 nandrum
694 2235 858 2288 etiam
900 2234 1215 2303 quemdam,
1253 2232 1457 2300 pariter
1490 2232 1904 2285 Samaritanum
1936 2245 1969 2285 e

391 2328 513 2379 vico
557 2327 934 2396 Capparctzea,
983 2341 1044 2378 ac
1088 2324 1329 2379 Simonis
1379 2323 1727 2393 discipulum,
1768 2324 1968 2379 daemo-

391 2435 517 2473 num
546 2433 760 2488 quoque
788 2419 1105 2487 operatione
1139 2415 1337 2475 fretum
1377 2417 1586 2482 multis,
1627 2432 1749 2471 cum
1777 2416 1968 2471 Antio-

392 2514 533 2567 cliiae
565 2523 897 2577 versaretur,
944 2522 1063 2565 arte
1113 2513 1326 2582 magica
1374 2512 1612 2567 illusisse
1642 2512 1866 2566 scimus.
1919 2510 1968 2566 Is

390 2605 757 2660 sectatoribus
814 2604 929 2658 suis
986 2604 1115 2656 illud
1140 2604 1305 2659 etiam
1346 2604 1646 2674 persuasit,
1688 2618 1963 2673 nunquam

389 2696 543 2765 ipsos
573 2710 695 2750 esse
724 2698 1057 2763 morituros;
1084 2706 1140 2751 et
1169 2712 1236 2751 ex
1272 2698 1417 2752 illius
1454 2696 1743 2765 disciplina
1787 2696 1965 2752 adhuc

387 2799 686 2858 supersunt
750 2789 993 2843 nonnulli
1064 2790 1166 2844 hoe
1222 2790 1572 2859 prolitentes.
1637 2788 1967 2843 Marcionem

389 2882 554 2935 etiam
588 2882 875 2950 quemdam
911 2881 1222 2946 Ponticum,
1254 2882 1345 2951 qui
1377 2882 1678 2936 etiamnum
1722 2889 1971 2950 superest

386 2991 455 3028 ac
484 2973 783 3044 discipulos
809 2976 967 3028 docet
1005 2974 1173 3027 alium
1208 2975 1496 3042 quemdam
1524 2985 1823 3041 agnoscere
1852 2988 1965 3025 ma-

382 3067 557 3133 jorem
599 3066 784 3120 mundi
816 3068 1011 3134 opilice
1038 3064 1244 3130 ,Deunt.
1279 3063 1378 3117 Hic
1421 3064 1473 3116 in
1502 3064 1650 3119 omni
1682 3063 1963 3116 hominum

2067 1957 2248 2022 ἄλλοις
2277 1957 2510 2023 ἔθνεσιν,
2534 1957 2611 2022 ὡς
2658 1958 2750 2011 τὸν
2794 1958 3008 2031 πρῶτον
3053 1957 3177 2011 θεὸν
3213 1960 3419 2012 ἐκεῖνον
3470 1961 3657 2031 ὁμολοο

2067 2050 2309 2119 γοῦντες,
2344 2051 2708 2125 προσκυνοῦσι
2751 2053 2893 2123 (59)°
2943 2054 3036 2105 ml
3099 2054 3322 2126 Ἑλένην
3366 2056 3515 2122 τινὰ,
3561 2059 3662 2127 τὴν

2069 2147 2648 2217 συμπερινοστήσασαν
2678 2142 2826 2214 αὐτῷ
2848 2145 2966 2197 κατ’
2989 2147 3165 2200 ἐκεῖνο
3185 2147 3278 2200 τοῦ
3304 2150 3519 2221 καιροῦ,
3535 2150 3663 2221 πρό-

2066 2251 2224 2304 τερον
2257 2235 2353 2287 ἐπὶ
2386 2234 2577 2302 τέγους
2602 2234 2895 2287 σταθεῖσαν
2927 2233 3060 2305 (40),
3096 2235 3194 2308 τὴν
3222 2239 3317 2291 ἀπ’
3348 2239 3516 2294 αὐτοῦ
3538 2239 3659 2311 (41)

2070 2326 2281 2379 ἔννοιαν
2332 2324 2559 2397 πρώτην
2602 2325 2904 2395 γενομένην
2948 2325 3186 2394 λέγουσι.
3238 2330 3550 2403 Μένανδρον
3603 2332 3661 2385 δέ

2069 2435 2208 2480 τινα,
2241 2417 2335 2471 ml
2367 2416 2527 2469 αὐτὸν
2559 2416 2820 2489 Σαμαρέα
2839 2458 2852 2479 ,
2883 2419 2972 2470 τὸν
3002 2420 3108 2471 ἀπὸ
3139 2418 3331 2492 κώμης
3356 2424 3664 2496 Καππαρε-

2070 2511 2246 2573 ταῒας,
2279 2510 2571 2580 γενόμενον
2600 2508 2846 2580 μαθητὴν
2877 2510 2969 2563 τοῦ
3002 2511 3264 2582 Σίμωνος,
3296 2516 3659 2588 ἐνεργηϐέντα

2070 2606 2164 2658 ml
2194 2605 2297 2658 ὑπὸ
2315 2604 2421 2656 τῶν
2446 2602 2760 2674 δαιμονίων,
2794 2605 2886 2657 ml
2914 2607 2971 2659 ἐν
3008 2607 3312 2680 Ἀντιοχείᾳ
3342 2612 3656 2680 γενόμενον,

2070 2697 2297 2759 πολλοὺς
2321 2694 2665 2766 ἐξαπατῆσαι
2687 2696 2774 2750 διὰ
2803 2699 3043 2769 μαγικῆς
3068 2700 3262 2770 τέχνης
3284 2703 3526 2774 οἴδαμεν.
3560 2706 3657 2768 Ὃς

2068 2786 2163 2840 ml
2214 2787 2340 2849 τοὺς
2376 2784 2524 2856 αὑτῷ
2576 2786 2877 2857 ἑπομένους
2934 2789 3009 2853 ὡς
3066 2793 3202 2861 μηδὲ
3260 2792 3656 2864 ἁποθνήσκοιεν

2066 2878 2284 2931 ἐπεισε’
2310 2880 2405 2933 ml
2444 2877 2541 2931 νῦν
2571 2878 2677 2931 εἰσί
2710 2894 2857 2940 τινες
2894 2880 2989 2933 ἀπ’
3017 2882 3226 2935 ἐκείνου
3266 2883 3423 2937 τοῦτο
3466 2885 3658 2956 ὁμολο-

2067 2968 2311 3039 γοῦντες.
2344 2968 2653 3041 Μαρκίωνα
2688 2970 2742 3023 δέ
2771 2988 2892 3024 τινα
2919 2972 3202 3039 Ποντικὸν,
3238 2974 3298 3039 ὃς
3322 2979 3415 3029 ml
3453 2978 3546 3030 νῦν
3576 2978 3655 3031 ἔτι

2067 3062 2181 3116 ἐστὶ
2230 3062 2495 3115 διδάσκων
2545 3064 2668 3126 τοῦς
2714 3063 3091 3135 πειθομένους,
3138 3066 3295 3121 ἄλλον
3340 3070 3460 3123 τινὰ
3498 3072 3651 3141 νομί-

386 3174 585 3229 genere
613 3162 916 3213 daemonum
953 3156 1263 3228 adiumento
1310 3155 1563 3227 perfecit,
1606 3165 1668 3212 ut
1711 3156 1867 3213 multi
1910 3157 1961 3210 in

2070 3158 2179 3219 ζειν
2212 3153 2435 3225 μείζονα
2476 3154 2588 3226 (42)
2645 3154 2738 3208 τοῦ
2787 3155 3119 3228 δημιουργοῦ
3172 3158 3336 3212 Θεόν·
3396 3161 3455 3223 ὃς
3510 3162 3650 3217 κατά

491 3391 536 3423 ⁸⁸
576 3388 723 3445 lliad.
759 3406 835 3443 \‘l.

460 3623 571 3693 (52)
602 3621 882 3693 Τρίτον-β’
910 3617 1019 3693 ὅτι.
1056 3618 1297 3693 Tertium
1333 3617 1435 3693 hoe
1464 3624 1863 3693 argumentum,
1892 3622 1951 3667 ut

388 3686 675 3749 veritatem
706 3694 759 3745 in
785 3691 1113 3745 Christianis
1147 3687 1316 3742 solam
1339 3687 1467 3741 odio
1496 3686 1686 3740 haberi
1720 3694 1960 3738 constet.

392 3766 449 3817 Si
483 3764 605 3832 quis
637 3779 664 3813 ει
704 3762 1039 3832 dwmonibus
1096 3760 1374 3832 immissus
1416 3757 1782 3832 Christianam
1834 3754 1961 3807 reli-

389 3826 607 3905 gionem
639 3830 926 3905 erroribus
949 3839 1285 3905 eorrutiipat,
1321 3830 1464 3905 hunc
1503 3826 1808 3905 perseeutio
1849 3841 1956 3877 non

388 3897 631 3971 attingit.
668 3903 800 3954 lude
843 3898 1132 3953 manifesta
1183 3897 1465 3971 conclusio
1515 3898 1959 3971 persecutionum

389 3967 646 4027 auctores
691 3986 812 4025 esse
858 3972 1154 4031 daemones,
1208 3987 1272 4021 ac
1302 3968 1472 4021 solam
1520 3967 1638 4020 illos
1671 3968 1959 4020 veritatem

388 4045 597 4097 insecta
608 4044 669 4094 ri.

463 4114 576 4181 (53)
603 4110 765 4167 Μετὰ
787 4110 901 4179 τὴν
926 4108 1275 4181 ἀνέλευσιν.
1316 4107 1539 4175 Legitur
1568 4106 1837 4181 ἀνάληψιν
1869 4104 1962 4159 τοῦ

385 4180 610 4255 Κυρίου
625 4183 766 4252 apud
788 4181 1129 4255 Eusebium.
1148 4180 1239 4247 qui
1270 4189 1440 4255 totum
1452 4180 1615 4255 _huii_c.
1633 4182 1707 4255 _de
1736 4180 1960 4255 Simone

344 4264 351 4276 ‘
386 4246 564 4307 locum
600 4246 827 4307 inseruit
853 4252 949 4304 lib.
981 4266 1019 4304 ιι
1056 4246 1231 4313 ηεδιη
1266 4263 1384 4315 cap.
1420 4249 1502 4301 15.
1549 4246 1761 4301 llabent
1792 4247 1958 4300 etiam

383 4323 651 4393 ἀνάληψιν
688 4322 782 4375 τοῦ
809 4321 1014 4393 Κυρίου
1047 4319 1330 4393 Syuccllus
1353 4317 1751 4393 Cltronograplt.
1781 4333 1836 4385 p.
1856 4316 1962 4370 ’555

385 4406 442 4448 et
471 4388 711 4447 Zoiioras
765 4388 962 4445 Annal.
1020 4388 1152 4443 tum.
1203 4389 1267 4451 ll,
1323 4405 1374 4456 p.
1423 4388 1545 4451 187,
1594 4398 1650 4438 ιιι
1706 4390 1964 4440 observat

387 4465 690 4528 Thirlbius,
724 4464 815 4531 qui
847 4462 1134 4515 ἀνέλευσιν
1169 4458 1481 4531 οιιιᾲᾶνοδον
1521 4474 1549 4510 a
1578 4457 1963 4531 Justinousnr-

2069 3612 2317 3681 gebatur,
2346 3614 2551 3666 ἐκεῖνον
2599 3614 2694 3667 ml
2735 3613 3127 3685 προσκυνοῦσι.
3160 3614 3347 3671 Melius
3379 3614 3648 3673 Eusebius

2066 3700 2228 3753 quem
2255 3686 2422 3736 secuti
2453 3700 2666 3739 sumus.

2136 3755 2247 3829 (ill)
2276 3753 2627 3829 Ergﬂeio'ar.
2683 3754 2849 3808 Atldit
2887 3755 3183 3829 ‘Euscbius
3222 3758 3307 3829 ea
3335 3755 3505 3829 Τύρῳ
3548 3756 3647 3829 τῆς

2062 3824 2335 3893 Φοινίκης.
2363 3825 2531 3878 l’aulo
2569 3836 2698 3877 ante
2734 3825 2992 3877 translata
3028 3841 3095 3878 ex
3144 3826 3384 3879 Eusebio
3420 3824 3484 3879 in
3521 3824 3641 3881 edi-

2066 3904 2243 3965 tiones
2268 3895 2458 3948 Graeco
2494 3894 2719 3948 Latinas
2752 3911 2853 3948 vox
2885 3897 3489 3965 συμπερινοστήσασαν,
3516 3912 3639 3951 cum

2066 3964 2132 4021 li.
2168 3967 2476 4037 Stephanus
2500 3975 2553 4037 et
2587 3966 2992 4037 mss._habeant
3019 3964 3511 4037 περινοστήσασαν.

2135 4035 2247 4103 (Η)
2287 4033 2405 4102 Τὴν
2437 4035 2538 4088 ἀπ’
2575 4034 2780 4088 αὑτοῦ.
2812 4036 2903 4089 Sie
2930 4033 3220 4089 emendavi
3270 4033 3503 4090 Eusebio
3546 4052 3640 4091 au-

2065 4114 2217 4159 ctore
2255 4104 2450 4174 lretus,
2483 4120 2581 4174 pro
2631 4106 2724 4157 ὑπ’
2779 4104 2965 4159 αὑτοῦ.
3009 4104 3375 4160 Tertullianus
3427 4106 3639 4162 ἔννοιαι·

2065 4176 2307 4228 reddidit
2340 4173 2712 4243 injectionem.
2749 4193 2767 4226 ι
2808 4175 2873 4228 Et
2909 4190 2966 4229 se
3008 4176 3251 4244 quidem,
3290 4176 3489 4243 inquit,
3542 4179 3636 4236 lib.

2067 4244 2142 4297 De
2173 4246 2372 4307 anima,
2416 4260 2539 4314 cap.
2574 4246 2666 4306 55,
2708 4246 2861 4298 tinxit
2900 4260 3173 4299 summum
3218 4256 3453 4316 patrem,
3491 4249 3638 4303 illam

2066 4330 2199 4367 vero
2238 4316 2583 4381 injectionem
2608 4331 2763 4369 suam
2808 4316 3061 4383 primani,
3095 4314 3499 4384 quainjecerat
3542 4336 3639 4371 an-

2068 4386 2218 4453 gelus
2242 4394 2295 4437 et
2325 4386 2680 4453 arcliangt-lus
2710 4384 2967 4438 tondere.
3002 4404 3022 4435 ι
3051 4387 3275 4453 lnjectio
3311 4388 3435 4442 aliis
3474 4391 3525 4443 in
3554 4390 3637 4444 lo-

2069 4456 2147 4508 cis
2172 4456 2312 4520 apud
2340 4455 2733 4508 'l‘ertullianuni
2762 4456 2950 4507 eodem
2980 4470 3143 4509 sensu
3175 4468 3471 4524 usurpatur
3494 4461 3637 4513 velut

387 4518 499 4602 pari
533 4518 713 4588 solere
743 4518 845 4597 ait,
872 4548 976 4586 non
1012 4528 1461 4602 VCI'Oid‘Jii‘Im‘Qtv,
1503 4545 1566 4582 ac
1592 4527 1835 4597 exempla
1872 4542 1960 4579 re-
1992 4518 2039 4575 D
2068 4518 2270 4602 cuntin
2296 4524 2390 4602 li_l_).
2421 4525 2497 4602 De
2526 4528 2702 4593 pudic.
2736 4540 2787 4577 c.
2946 4527 3081 4602 citat
3128 4526 3258 4602 illud
3302 4518 3638 4602 exsecunda

386 4601 522 4675 petit
550 4621 614 4659 ex
650 4605 851 4675 diaiug.
890 4620 943 4655 ιι.
976 4602 1063 4663 59,
1090 4601 1185 4675 *89η
1222 4601 1310 4653 87.

458 4677 569 4740 (5-H
606 4666 1036 4741 ΙΙροείδά..ἰοντο.
1088 4671 1161 4722 ita
1217 4686 1284 4723 ex
1326 4666 1557 4721 Eusebio
1600 4668 1772 4736 posui.
1817 4668 1957 4723 Editi

387 4748 558 4818 nostri
592 4744 1003 4818 προεῦάλλοντο.

458 4817 569 4885 (55)
606 4808 853 4868 Γίττων.
906 4815 981 4866 lia
1014 4814 1298 4885 Eusebius.
1340 4812 1411 4865 At
1449 4809 1516 4867 Β.
1570 4808 1877 4879 Stephanus
1902 4818 1958 4865 et

387 4899 615 4954 uterque
640 4889 810 4955 code;
845 4900 945 4937 IIIS.
976 4884 1179 4955 τρίτον.

458 4950 570 5026 (56)
616 4958 710 5009 Ἐν
734 4952 808 5023 τῇ
827 4950 1029 5026 λπόλειζ
1077 4953 1279 5026 Euseb.
1305 4951 1398 5005 ἐπὶ
1428 4954 1494 5026 τῇ
1517 4950 1668 5026 πόλει
1691 4950 1845 5021 ὑμῶν
1866 4954 1953 5026 τῇ.

732 5006 978 5091 ἀὶλδριᾶςλ
1010 5006 1414 5095 ἆνεγήγερεᾳι.
1437 5006 1562 5076 “ire
1595 5006 1789 5075 desuiit
1814 5006 1956 5095 apuud

386 5092 715 5160 Eusebium;
746 5096 993 5148 titiusam
1022 5111 1141 5147 csse
1170 5092 1385 5147 Eusebii
1415 5094 1741 5161 scripturam
1768 5094 1959 5145 adver-

382 5186 479 5223 sus
506 5169 802 5222 Antonium
843 5166 949 5219 Van
986 5166 1113 5218 Dalc
1150 5166 1343 5231 probat
1366 5162 1641 5215 Tliirlliius
1669 5178 1732 5214 ex
1761 5164 1957 5216 vt-rbo-

385 5256 502 5292 rum
531 5238 941 5293 constructione
960 5239 1195 5288 absurda
1227 5234 1543 5288 admodum.
1571 5235 1611 5285 si
1646 5233 1757 5285 haec
1787 5235 1953 5284 verba

382 5312 581 5371 desint,
616 5309 818 5369 l‘utura,
858 5305 1130 5377 ἀνδριάντι
1165 5304 1241 5365 ὡς
1277 5301 1397 5364 θεὸς
1422 5302 1725 5377 τετίμηται.
1752 5300 1953 5377 μεταξὺ

381 5379 489 5432 τῶν
532 5380 624 5431 δύο
654 5376 909 5447 γεφυρῶν
959 5373 1098 5447 ἔχων
1152 5378 1481 5444 ἐπιγραφὴν,
1532 5385 1638 5425 etc.
1690 5373 1953 5439 Equidem

382 5452 546 5504 verba
573 5452 687 5504 haze
722 5465 826 5502 non
863 5447 1075 5514 delebo,
1106 5450 1201 5501 sed
1231 5450 1316 5497 his
1353 5456 1559 5496 testutn
1580 5458 1771 5496 carere
1795 5457 1953 5511 posse

383 5520 579 5573 fateor.

451 5590 564 5662 (58)
592 5590 809 5657 Σίμωνι
840 5586 954 5662 δέῳ
984 5586 1242 5662 adpeto».
1286 5584 1426 5662 .V'ide
1463 5583 1952 5662 Przel'ationisder-

378 5654 763 5728 tiaiiipartem,
798 5661 886 5712 ubi
918 5654 983 5714 de
1028 5654 1129 5712 hac
1160 5654 1357 5711 Justini
1413 5656 1731 5707 narratione
1782 5654 1952 5706 disse-

377 5745 569 5785 rimus.

444 5799 561 5876 (39)
585 5798 1031 5868 Προσχυνοῦσι.
1066 5798 1203 5855 Male
1224 5799 1275 5854 in
1301 5793 1845 5854 cditionibusJustini
1876 5793 1949 5847 le-

2062 4598 2127 4646 ad
2159 4594 2286 4649 Cor.
2315 4594 2436 4647 Non
2460 4597 2766 4668 ignoramus
2818 4595 3131 4668 injectiones
3176 4597 3310 4662 eius.
3366 4598 3635 4668 Corruth

2062 4677 2188 4717 sunt
2241 4680 2361 4733 qua:
2402 4669 2468 4717 de
2495 4666 2914 4737 _Siittune_apud
2964 4666 3633 4737 eumdemvleguntur—in

2061 4732 2363 4805 appendice
2392 4738 2458 4789 ad
2491 4735 2692 4788 librum
2723 4732 2800 4788 De
2836 4738 3131 4802 pratscripl.
3170 4754 3192 4788 ο
3221 4732 3522 4794 Πίοέιιιευε
3549 4751 3633 4794 est

2060 4820 2332 4858 summam
2386 4820 2445 4859 se
2496 4805 2677 4859 dicere
2745 4806 3034 4867 virtutem,
3091 4807 3141 4861 id
3196 4818 3304 4869 est,
3359 4824 3634 4863 summum

2059 4873 2252 4937 Deum,
2294 4876 2551 4928 mundum
2586 4885 2768 4927 autem
2813 4877 2882 4928 ab
2914 4875 3121 4943 angelis
3153 4880 3266 4931 suis
3299 4879 3633 4934 inStitutum.

2056 4949 2101 4998 A
2132 4948 2376 4999 daemone
2415 4961 2472 4998 se
2505 4947 2823 5009 oberrante,
2873 4946 2965 5017 qui
3014 4959 3161 5001 esset
3205 4950 3493 5017 sapientia,
3540 4951 3633 5003 de-

2058 5017 2713 5089 scendisseqmerendum
2742 5017 2880 5089 apud
2906 5014 3142 5071 .ludmos.
3178 5037 3196 5069 ι
3229 5014 3427 5089 Liquet
3454 5019 3632 5089 legen-

2058 5090 2204 5151 dum,
2240 5105 2257 5138 ι
2292 5088 2359 5140 ad
2392 5086 2624 5140 Arionem
2653 5102 2712 5140 se
2733 5087 3102 5151 aberrantem,
3138 5108 3157 5139 ι
3202 5086 3327 5143 etcf
3356 5086 3633 5144 Doeebant

2055 5156 2322 5228 Gnostici,
2354 5173 2585 5225 quorum
2612 5165 2963 5228 parenserat
2987 5156 3174 5228 Simon
3222 5175 3432 5228 magus,
3464 5177 3628 5214 unum

2056 5244 2119 5280 ex
2153 5227 2437 5289 :Eonibus,
2483 5243 2641 5295 quem
2686 5226 3393 5291 vocabantAeliamOthﬂd
3440 5241 3631 5284 estsa-

2055 5299 2337 5366 pientiam,
2365 5314 2393 5349 a
2424 5312 2638 5351 summo
2663 5296 2774 5350 Deo
2806 5298 2857 5350 in
2888 5299 3149 5351 inferiora
3180 5300 3478 5354 decidisse.
3505 5300 3632 5355 lbec

2056 5381 2240 5422 autem
2274 5379 2390 5421 erat
2423 5367 2625 5421 llelena
2670 5368 2933 5431 Simonis,
2969 5382 3132 5436 quam
3183 5371 3427 5437 quidem,
3485 5371 3631 5423 velut

2055 5455 2212 5493 ovem
2246 5440 2537 5509 perditam,
2564 5437 2751 5492 Simon
2782 5454 2811 5490 a
2847 5453 2905 5491 se
2940 5441 3222 5506 quaesitam
3277 5455 3417 5500 esse,
3465 5455 3633 5509 seque

2055 5526 2119 5563 eo
2148 5508 2382 5562 consilio
2413 5511 2764 5562 descendisse
2809 5509 3046 5569 dicebat,
3105 5521 3160 5561 ut
3200 5520 3321 5577 post
3368 5508 3629 5564 lreneutn

2056 5589 2287 5631 testatur
2312 5578 2683 5632 'l‘ertullianus
2717 5580 2791 5632 De
2810 5581 2989 5631 anima
3008 5594 3134 5648 cap.
3154 5582 3242 5633 54.
3272 5580 3396 5633 Mox
3423 5582 3481 5635 Ει
3509 5584 3628 5635 seb.

2052 5648 2407 5721 οἰστρηθὲντοι
2438 5649 2531 5702 ml
2562 5649 2723 5702 αὑτὸν
2756 5649 2881 5721 ὑπῤ.

2054 5716 2239 5844 mihi
2277 5719 2546 5843 Megaera.
2578 5720 2777 5776 Euseb.
2810 5716 2947 5774 εἶναι
2982 5719 3223 5791 νομίζειν
3254 5719 3445 5791 μείζω,
3490 5719 3628 5775 Ἰἰειο

2077 5810 2086 5844 ι
2137 5807 2249 5844 .iv.
2277 5808 2326 5844 ς.
2436 5832 2449 5844 .

2077 5793 2148 5847 ib.
2177 5807 2249 5857 Iv,
2277 5808 2326 5844 ς.
2364 5793 2449 5847 Η.
