4006 6254
402 385 501 441 57⁸1

1320 386 1376 443 s.
1417 386 1674 445 JUSTlNl
1710 369 2139 450 PillLOSOPHl
2178 396 2665 457 ET'MARTYRIS

3553 410 3662 464 372

403 502 604 569 gatinm
649 514 914 569 equorum
948 501 1185 565 aluisse,
1238 503 1309 556 ita
1360 521 1505 560 nunc
1552 515 1608 562 et
1658 514 1867 578 pueros
1898 512 1967 564 ad

2075 516 2154 577 εἰς
2180 516 2238 568 τὸ
2258 518 2496 590 αἰσχρῶς
2510 518 2744 591 χρῆσθαι
2768 522 2930 592 μόνον
2947 539 2960 553 ·
2983 524 3075 577 καὶ
3090 524 3291 594 ὁμοίως
3314 525 3545 597 θηλειῶν
3561 528 3659 581 καὶ

405 602 590 660 turpes
620 593 883 646 duntaxat
906 608 1069 658 usus;
1099 602 1155 647 et
1181 593 1505 649 feminarum
1538 598 1745 667 pariter
1764 611 1829 651 ac
1850 610 1972 653 am-

399 682 553 753 bigui
590 696 755 738 sexus
780 684 1081 748 hominum,
1106 699 1169 739 ac
1196 684 1430 741 nefanda
1455 690 1786 756 patrantium
1816 693 1972 747 turba

403 778 472 857 ad
500 777 603 831 hoc
628 779 902 848 piaculum
932 781 1072 848 apud
1098 797 1290 837 omnes
1314 790 1505 850 gentes
1533 793 1767 852 prostat.
1795 782 1973 853 Atque

400 883 469 923 ex
510 869 594 924 his
625 872 904 926 mercedes
927 882 983 927 et
1015 873 1217 926 tributa
1254 884 1309 928 et
1350 874 1635 944 vectigalia
1667 874 1970 944 percipitis,

405 977 528 1015 cum
569 977 663 1016 eos
716 979 783 1018 ex
844 966 979 1021 orbe
1032 977 1215 1020 vestro
1267 968 1623 1022 exterminari
1672 978 1970 1037 oporteret.

401 1055 612 1121 Quibus
643 1057 733 1125 qui
756 1058 949 1124 utitur,
978 1059 1024 1113 is
1047 1070 1244 1128 prmter
1269 1061 1561 1115 nefandum
1584 1071 1636 1117 et
1656 1062 1877 1130 impium
1908 1078 1972 1117 ac

401 1147 735 1216 impudicum
764 1151 1109 1204 concubitum
1169 1165 1291 1205 cum
1316 1151 1449 1215 ﬁlio,
1487 1154 1530 1207 si
1561 1154 1632 1208 ita
1660 1168 1777 1208 sors
1802 1153 1965 1220 ferat,

402 1249 496 1293 aut
527 1251 761 1310 cognato
795 1251 885 1297 aut
920 1242 1091 1296 fratre
1121 1244 1401 1298 miscetur.
1450 1241 1586 1299 Sunt
1631 1244 1721 1313 qui
1772 1244 1974 1299 liberos

401 1335 568 1389 etiam
617 1351 744 1391 suos
795 1347 851 1392 et
898 1352 1094 1394 uxores
1145 1340 1501 1408 prostituam;
1562 1340 1641 1394 Ac
1687 1342 1865 1410 palam
1918 1349 1973 1394 et

401 1440 589 1497 aperte
616 1431 836 1499 quidam
861 1433 925 1487 ad
956 1433 1288 1503 cynaedlcam
1327 1433 1718 1502 turpitudinem
1754 1434 1976 1487 eviran-

401 1530 513 1587 lur,
544 1531 708 1592 atque
743 1524 797 1578 in
825 1532 1056 1580 matrem
1089 1526 1314 1579 deorum
1364 1525 1481 1579 haec
1528 1525 1789 1597 mysteria
1829 1522 1973 1578 refe-

401 1627 559 1683 runt;
580 1629 747 1688 atque
771 1619 912 1687 apud
936 1635 1377 1690 unumquemque
1400 1636 1766 1690 eorum,quos
1786 1621 1975 1676 existi-

401 1706 588 1769 matis,
610 1708 862 1773 deorum,
891 1723 1147 1778 magnum
1172 1724 1398 1779 serpens
1426 1710 1733 1781 symbolum
1763 1726 1828 1767 ac
1859 1726 1974 1783 my-

400 1801 631 1852 sterium
663 1811 998 1855 recensetur.
1024 1801 1196 1870 Igitur
1222 1818 1343 1872 quae
1373 1805 1549 1874 palam
1598 1816 1655 1861 et
1698 1814 1885 1875 aperte
1941 1821 1970 1859 a

397 1890 554 1945 vobis
585 1901 820 1960 aguntur
842 1900 896 1946 et
918 1894 1194 1962 coluntur,
1224 1910 1287 1949 ea
1319 1896 1477 1953 nobis
1504 1898 1800 1963 ascribitis,
1822 1898 1976 1966 quasi

396 1987 463 2035 ea
497 1982 679 2039 divino
718 1985 922 2041 lumine
958 2001 1155 2041 everso
1177 1995 1232 2042 et
1257 1988 1529 2047 exstincto
1569 1996 1974 2058 perpetremus.

2074 608 2412 681 ἀνδρογύνων
2443 615 2535 665 καὶ
2561 614 2936 686 ἁρῤητοποιῶν
2963 617 3165 687 πλῆθος
3192 620 3332 674 κατὰ
3362 623 3470 673 πᾶν
3495 620 3653 685 ἔθνος

2076 705 2170 758 ἐπὶ
2201 705 2387 758 τούτου
2411 706 2503 759 τοῦ
2528 708 2693 777 ἄγους
2718 710 2934 781 ἕστηκε.
2960 712 3068 765 Κα)⁵
3094 712 3296 766 τούτων
3321 713 3545 783 μισθοὺς
3562 716 3660 768 καὶ

2075 798 2332 870 εἰσφορὰς
2346 801 2438 853 καὶ
2447 799 2570 871 τέλη
2585 800 2907 871 λαμϐάνετε,
2923 802 3037 856 δέον
3050 804 3276 873 ἐκκόψαι
3292 806 3401 858 ἀπὸ
3414 805 3513 875 τῆς
3529 808 3663 876 ὑμε-

2075 890 2236 960 τέρας
2253 889 2361 959 (55)
2378 892 2718 963 οἰκουμένης.
2743 891 2853 945 Καὶ
2879 894 2985 945 τῶν
3008 894 3214 958 τούτοις
3230 896 3527 967 χρωμένων
3548 896 3657 960 τὶς,

2076 981 2213 1051 πρὸς
2238 984 2301 1051 τῇ
2330 980 2473 1052 ἀθέῳ
2498 984 2589 1035 καὶ
2610 983 2799 1036 ἀσεϐεῖ
2825 988 2913 1036 καῒ
2952 986 3180 1056 ἀκρατεῖ
3206 987 3368 1056 μίξει,
3406 987 3453 1038 εἰ
3480 987 3657 1057 τύχοι,

2076 1074 2247 1144 τέκνῳ
2274 1074 2306 1144 ἢ
2346 1078 2615 1142 συγγενεῖ,
2642 1076 2673 1147 ἢ
2720 1075 2933 1146 ἀδελφῷ
2963 1075 3234 1147 μίγνυται.
3267 1080 3329 1130 Ol
3360 1078 3417 1131 δὲ
3461 1079 3555 1131 καὶ
3588 1079 3661 1131 τὰ

2076 1164 2281 1219 ἐαυτῶν
2296 1167 2458 1219 τέκνα
2479 1167 2571 1219 καὶ
2593 1167 2691 1230 τὰς
2706 1167 3010 1238 ὁμοζύγους
3028 1171 3525 1240 προαγωγεύονται.
3547 1173 3660 1224 Καὶ

2078 1258 2324 1330 φανερῶς
2339 1261 2418 1322 είς
2439 1260 2703 1313 κιναιδίαν
2725 1263 3125 1315 ἀποκόπτονταίν
3145 1280 3307 1327 τινες,
3328 1263 3420 1317 καὶ⁴
3446 1267 3525 1326 είς
3552 1281 3661 1334 μη-

2075 1352 2205 1423 τέρα
2230 1350 2366 1405 θεῶν
2391 1352 2457 1405 τὰ
2488 1354 2763 1425 μυστήρια
2789 1355 3136 1425 ἀναφέρουσι,
3173 1356 3265 1408 καὶ
3295 1356 3444 1428 παρὰ
3486 1355 3651 1409 παντὶ

2076 1441 2182 1494 τῶν
2210 1442 2576 1513 νομιζομένων
2614 1446 2745 1515 παρ’
2774 1445 2901 1515 ὑμῖν
2933 1444 3043 1515 θεῷ
3070 1444 3201 1516 (54),
3232 1446 3353 1515 ὄφις
3380 1446 3652 1516 σύμϐολον

2080 1531 2221 1600 μέγα
2250 1531 2342 1584 καὶ
2375 1534 2673 1604 μυστήριον
2702 1534 3098 1606 ἀναγράφεται.
3146 1536 3256 1591 Καὶ
3301 1537 3367 1589 τὰ
3399 1536 3653 1608 φανερῶς

2078 1625 2203 1694 ὑμῖν
2245 1626 2594 1696 πραττόμενα
2633 1627 2729 1679 καὶ
2769 1628 3074 1699 τιμώμενα,
3113 1630 3189 1692 ῶς
3236 1632 3657 1703 ἀνατετραμμέ-

2076 1728 2165 1764 νου
2206 1710 2317 1781 (55)
2356 1714 2449 1765 καὶ
2492 1713 2552 1765 οὑ
2600 1715 2868 1786 παρόντος
2910 1718 3087 1785 φωτὸς
3132 1718 3279 1771 θείου
3324 1719 3474 1791 (56),
3521 1724 3656 1792 ἡμῖν

2079 1806 2478 1877 προσγράφετε.
2518 1808 2693 1881 Ὅπερ
2721 1810 3157 1882 ἀπηλλαγμένοις
3192 1815 3323 1883 ἡμῖν
3360 1815 3451 1868 τοῦ
3484 1818 3659 1887 πράτ-

2078 1914 2190 1950 τειν
2219 1915 2270 1950 τι
2294 1898 2497 1952 τούτων
2520 1900 2580 1952 οὐ
2616 1899 2819 1972 βλάϐην
2850 1903 3024 1974 φέρει,
3057 1903 3191 1957 ἀλλὰ
3224 1908 3335 1969 τοῖς
3358 1908 3657 1978 πράττουσι

2077 1989 2172 2042 καὶ
2192 1987 2700 2065 ψευδομαρτυροῦσι
2736 1992 2958 2062 μᾶλλον.

398 2076 553 2144 Quod
584 2081 801 2148 quidem
864 2082 1044 2167 nobis,
1104 2082 1195 2151 qui
1225 2097 1329 2137 non
1354 2082 1391 2136 ii
1424 2097 1610 2138 sumus
1669 2092 1729 2137 ut
1755 2083 2051 2155 quidquam
2093 2083 2357 2152 ejusmodi
2396 2084 2683 2150 faciamus,
2722 2087 2944 2141 minime
2987 2098 3168 2157 nocet,
3206 2092 3299 2145 sed
3350 2090 3416 2146 iis
3453 2092 3652 2161 potius.

397 2176 489 2243 qui
521 2190 584 2230 ea
618 2176 717 2246 ipsi
747 2176 953 2231 faciunt
974 2186 1028 2237 et
1058 2179 1110 2232 in
1141 2177 1276 2234 alios
1296 2176 1433 2234 falso
1463 2177 1775 2233 conferunt.

467 2268 559 2323 28.
588 2270 740 2338 Apud
771 2286 871 2327 nos
898 2272 1043 2326 enim
1076 2272 1332 2342 princeps
1365 2274 1633 2329 malorum
1659 2275 1968 2337 daemonum

398 2374 627 2428 serpens
650 2371 879 2417 vocatur
904 2373 960 2417 et
989 2362 1193 2422 Satana
1242 2373 1298 2420 et
1340 2365 1614 2432 diabolus,
1642 2374 1697 2419 ut
1737 2367 1970 2436 potestis

398 2468 466 2507 ex
495 2454 693 2509 litteris
721 2457 928 2513 nostris
953 2457 1251 2513 scrutando
1279 2459 1607 2527 perspicere.
1634 2458 1789 2513 Hunc
1813 2458 1971 2514 Chri-

397 2555 516 2601 stus
544 2550 984 2616 praamonstravit
1014 2564 1139 2603 cum
1160 2550 1329 2618 ipsius
1350 2551 1595 2605 exercitu
1620 2560 1676 2605 et
1697 2560 1974 2606 assectan-

399 2643 548 2699 tibus
576 2644 892 2700 hominibus
921 2647 972 2700 in
1008 2646 1190 2717 ignem
1229 2647 1454 2700 missum
1488 2645 1579 2711 iri,
1609 2656 1667 2700 ut
1705 2647 1761 2700 in
1791 2646 1973 2700 inlini-

398 2747 515 2793 tum
570 2754 745 2794 aevum
790 2742 1200 2796 excrucientur.
1272 2741 1376 2812 61
1451 2738 1771 2809 Interposita
1821 2742 1967 2796 enim

400 2848 577 2895 mora,
615 2834 912 2902 quominus
939 2835 991 2889 id
1029 2838 1174 2891 Deus
1205 2837 1470 2891 hactenus
1496 2835 1805 2905 perliceret,
1836 2850 1967 2905 pro-

399 2933 521 2993 pter
546 2926 843 2980 humanum
878 2943 1047 2998 genus
1073 2929 1322 2997 contigit.
1347 2929 1613 2983 Pratvidet
1638 2929 1782 2983 enim
1812 2942 1968 2997 quos-

397 3016 523 3071 dam
555 3032 623 3072 ex
679 3019 1004 3089 poenitentia
1047 3021 1278 3077 salutem
1331 3031 1744 3086 consecuturos,
1796 3034 1968 3088 quos-

399 3108 525 3163 dam
581 3124 716 3166 vero
736 3111 976 3166 nondum
1003 3128 1125 3169 esse
1157 3123 1337 3170 natos.
1371 3113 1439 3168 Et
1466 3113 1533 3170 ab
1566 3113 1725 3169 initio
1751 3112 1966 3181 quidem

2136 2274 2225 2328 28.
2252 2274 2389 2345 Παρ’
2407 2274 2537 2345 ἡμῖν
2557 2273 2654 2345 μὲν
2669 2274 2777 2346 γὰρ
2793 2274 3140 2348 ὁάρχηγέτης
3156 2275 3262 2330 τῶν
3277 2278 3459 2331 κακῶν
3474 2277 3665 2346 54:116-

2071 2384 2194 2431 νων,
2213 2366 2334 2435 ὄφις
2350 2364 2610 2431 καλεῖται,
2629 2367 2723 2419 καὶ
2737 2368 2991 2432 σατανᾶς,
3012 2368 3105 2419 καὶ
3118 2367 3378 2432 διάϐολος,
3396 2368 3469 2433 ὡς
3484 2370 3574 2422 καὶ
3591 2372 3656 2422 ἐκ

2072 2458 2180 2511 τῶν
2215 2458 2495 2529 ἡμετέρων
2540 2459 2987 2529 συγγραμμάτων
3019 2461 3407 2531 ἐρευνήσαντες
3464 2460 3656 2531 μαθεῖν

2073 2549 2300 2603 δύνασθε
2319 2567 2332 2579 ⁸
2365 2550 2425 2602 ὃν
2453 2552 2533 2613 είς
2548 2550 2608 2603 τὸ
2631 2550 2741 2622 πῦρ
2763 2550 3181 2622 πεμφθήσεσθαι
3202 2551 3338 2622 μετὰ
3366 2552 3464 2622 τῆς
3487 2550 3654 2606 αὑτοῦ

2076 2642 2336 2713 στρατιᾶς
2360 2641 2453 2694 καὶ
2494 2640 2601 2696 τῶν
2646 2641 2928 2711 ἑπομένων
2956 2640 3277 2714 ἀνθρώπων,
3320 2642 3656 2713 κολασθησοο

2081 2742 2272 2813 μένους
2296 2744 2386 2796 τὸν
2411 2743 2713 2815 ἀπέραντον
2737 2742 2929 2806 αἰῶνα,
2950 2744 3324 2816 προεμήνυσεν
3350 2746 3377 2796 ὁ
3398 2743 3650 2814 Χριστός.

2075 2834 2186 2885 Καὶ
2213 2834 2378 2905 γὰρὴ
2428 2832 2658 2903 ἐπιμονὴ
2705 2833 2796 2885 τοῦ
2844 2833 3070 2904 μηδέπω
3111 2833 3268 2886 τοῦτο
3312 2834 3516 2907 πρᾶξαι
3563 2833 3655 2887 τὸν

2075 2925 2228 2989 Gabii,
2259 2925 2347 2977 διὰ
2379 2925 2439 2977 τὸ
2472 2922 2812 2997 ἀνθρώπινον
2843 2925 3001 2993 γένος
3031 2924 3345 2995 γεγένηται.
3380 2923 3657 2996 Προγινώ-

2078 3035 2196 3071 σκει
2220 3019 2326 3089 γάρ
2358 3034 2509 3080 τινας
2535 3019 2600 3070 ἐκ
2635 3017 2924 3087 μετανοίας
2962 3017 3303 3088 σωθήσεσθαι
3343 3017 3652 3088 μέλλοντας,

2076 3112 2167 3166 καί
2193 3128 2343 3175 τινας
2376 3110 2601 3182 μηδέπω
2631 3110 2761 3173 ἴσως
2785 3109 3163 3181 γεννηθέντας.
3202 3109 3311 3163 Καὶ
3345 3109 3441 3180 τὴν
3479 3110 3660 3181 ἀρχὴν.

403 3202 702 3256 humanum
737 3219 914 3273 genus
966 3204 1321 3276 intelligentia
1368 3213 1426 3259 et
1457 3220 1586 3259 vera
1624 3202 1854 3273 eligendi
1905 3218 1967 3256 ac

2074 3202 2254 3275 νοερὸν
2287 3202 2378 3255 καὶ
2414 3202 2709 3271 δυνάμενον
2739 3200 3009 3271 αἱρεῖσθαι
3037 3199 3263 3271 τάληθῆ,
3284 3200 3376 3253 καὶ
3394 3195 3451 3253 εὖ
3484 3200 3655 3273 πράτ-

400 3303 554 3349 recta
588 3295 823 3350 faciendi
866 3297 1124 3353 facultate
1164 3298 1452 3367 praeditum
1498 3297 1740 3361 creavit,
1786 3296 1861 3350 ita
1916 3305 1977 3350 ut

400 3390 658 3445 omnibus
680 3390 995 3445 hominibus
1047 3390 1192 3444 nulla
1243 3390 1385 3460 apud
1427 3389 1595 3446 Deum
1634 3389 1977 3458 relinquatur

399 3484 711 3538 excusatio.
746 3484 976 3538 Ratione
1013 3484 1156 3538 enim
1204 3484 1413 3553 praediti
1445 3493 1498 3537 et
1548 3485 1614 3537 ad
1663 3483 1974 3554 intelligen-

401 3576 529 3629 dum
564 3576 674 3644 apti
700 3582 755 3629 et
778 3574 989 3629 habiles
1018 3575 1188 3629 creati
1218 3584 1364 3629 sunt.
1398 3575 1453 3630 Si
1481 3576 1603 3644 quis
1642 3583 1826 3629 autem
1859 3575 1976 3630 haec

398 3668 573 3724 Deum
604 3684 803 3724 curare
846 3677 1030 3736 neget,
1082 3668 1127 3721 is
1164 3667 1249 3722 vel
1290 3682 1416 3724 eum
1463 3682 1571 3721 non
1619 3681 1739 3722 esse
1792 3675 1975 3722 astute

398 3762 779 3833 proﬁtebitur;
812 3762 895 3816 vel
920 3762 964 3816 si
996 3762 1086 3825 sit,
1126 3761 1392 3830 pravitate
1423 3758 1665 3830 gaudere
1690 3767 1783 3817 aut
1806 3758 1974 3828 lapidi

400 3852 635 3907 similem
668 3866 890 3906 manere
913 3851 1072 3913 dicet,
1107 3865 1206 3905 nec
1226 3851 1521 3919 quidquam
1554 3864 1677 3905 esse
1708 3854 1972 3908 virtutem

402 3955 500 3999 aut
529 3944 747 4010 vitium,
774 3944 870 3998 sed
894 3942 1006 3999 sola
1052 3942 1309 4012 opinione
1357 3944 1473 3998 haec
1530 3946 1599 4000 ab
1658 3946 1974 4001 hominibus

400 4039 542 4094 bona
577 4047 673 4093 aut
701 4038 839 4093 mala
868 4036 1141 4106 judicari;
1175 4052 1297 4105 quae
1342 4052 1474 4092 sane
1513 4038 1752 4097 maxima
1785 4039 1974 4108 impie-

403 4141 490 4187 tas
522 4141 580 4187 et
611 4132 872 4202 iniustitia
903 4141 1008 4188 est.

472 4295 585 4363 (55)
613 4294 747 4364 Vide
770 4296 988 4351 initium
1019 4295 1173 4364 Apol.
1203 4296 1586 4359 Athenagorae.

496 4362 586 4436 54)
620 4362 756 4429 Θεῷ.
790 4366 914 4436 Legi
948 4362 1129 4433 posset
1151 4364 1695 4436 OEGJV.7SYlblll‘gillS.

496 4435 586 4505 55)
622 4437 715 4500 Ὡς
754 4435 1297 4505 ἀνατετραμμένου.
1334 4435 1450 4491 Huc
1497 4436 1633 4488 redit
1679 4442 1787 4488 tota
1847 4447 1974 4488 sen-

402 4504 576 4566 tentia
611 4526 624 4561 :
662 4505 792 4570 Qua:
824 4508 999 4574 palam
1026 4504 1081 4560 et
1109 4518 1298 4576 aperte
1331 4505 1534 4569 facitis,
1555 4520 1631 4576 ca
1663 4521 1691 4558 a
1726 4504 1964 4576 nobisin

2076 3313 2208 3360 τειν,
2235 3295 2295 3351 τὸ
2317 3294 2470 3362 γένος
2496 3293 2554 3346 τὸ
2584 3292 2917 3364 ἀνθρώπινον
2940 3291 3258 3361 πεποίηκεν,
3289 3291 3419 3344 ὥστ’
3448 3294 3651 3345 ἀναπο-

2076 3389 2303 3459 λόγητον
2332 3384 2472 3441 εἶναι
2499 3388 2610 3450 τοῖς
2648 3389 2817 3439 πᾶσιν
2846 3385 3155 3458 ἀνθρώποις
3190 3386 3341 3458 παρὰ
3387 3386 3464 3456 τῷ
3497 3385 3649 3455 Θεῷ·

2076 3480 2282 3550 λογικοὶ
2310 3480 2417 3553 γὰρ
2460 3481 2554 3533 καὶ
2594 3478 2919 3549 θεωρητικοὶ
2960 3479 3302 3548 γεγένηνται.
3347 3479 3411 3531 Ei
3456 3478 3511 3530 δέ
3569 3495 3653 3541 τις

2076 3572 2295 3625 ἀπιστεῖ
2334 3570 2513 3641 μέλειν
2557 3568 2759 3623 τούτων
2802 3568 2879 3639 τῷ
2917 3568 3069 3639 Θεῷ,
3108 3569 3140 3638 ἢ
3186 3567 3259 3639 μὴ
3301 3562 3440 3620 εἶναι
3491 3568 3652 3620 αὐτὸν

2074 3664 2163 3717 διὰ
2186 3663 2379 3733 τέχνης
2422 3663 2532 3733 (57)
2567 3662 2894 3733 ὁμολογήσει
2918 3678 2931 3691 ⁸
2971 3662 3004 3732 ἢ
3056 3661 3185 3713 ὄντα
3227 3660 3441 3731 χαίρειν
3481 3660 3652 3729 κακία

2077 3757 2264 3828 φήσει,
2295 3755 2328 3825 ἢ
2364 3753 2495 3825 λίθῳ
2522 3754 2732 3807 ἐοικότα
2761 3753 2962 3824 μένειν,
3006 3754 3097 3807 καὶ
3139 3751 3307 3823 μηθὲν
3348 3747 3485 3803 εἶναι
3523 3750 3650 3821 ἀρε-

2075 3850 2171 3921 τὴν
2201 3849 2331 3920 μηδὲ
2370 3849 2585 3911 κακίαν,
2618 3848 2745 3921 δόξῃ
2789 3848 2845 3901 δὲ
2888 3847 3043 3919 μόνον
3083 3847 3208 3910 τοὺς
3242 3845 3560 3919 ἀνθρώπους
3612 3845 3645 3915 ἢ

2075 3941 2311 4013 ἁγαθὰῆ
2346 3940 2490 3994 κακὰ
2518 3940 2691 3994 ταῦτα
2730 3938 3014 4011 ἡγεῖσθαι·
3059 3940 3204 4011 ἥπερ
3245 3938 3474 4009 μεγίστη
3517 3937 3645 3990 ἀσέε

2076 4035 2198 4105 βεια
2213 4035 2322 4094 ,καὶ
2347 4034 2531 4093 ἀδικία
2558 4033 2694 4086 ἐστί.

2074 4302 2377 4372 ignoratis:
2411 4316 2509 4356 nos
2538 4316 2666 4358 vero
2704 4300 2866 4357 etiam
2913 4303 2965 4355 in
3001 4300 3245 4372 tenebris
3289 4299 3497 4372 scelera
3547 4317 3639 4355 no-

2074 4369 2188 4425 stra
2216 4387 2605 4441 recognoscere
2627 4386 2936 4439 possumus.
2983 4392 3000 4424 ι
3033 4369 3168 4424 Vide
3196 4370 3349 4438 Apol.
3377 4370 3432 4436 2,
3463 4386 3517 4426 ιι.
3552 4372 3640 4429 Η.

2072 4442 2208 4496 Item
2233 4442 2501 4509 Atlicnag.
2535 4443 2691 4506 Apol.
2719 4459 2776 4495 ιι.
2808 4443 2897 4495 54.

2147 4511 2260 4579 (56)
2294 4512 2488 4576 Φωτὸς
2517 4514 2701 4569 θείου.
2727 4511 2931 4565 Lumen
2958 4511 3083 4564 illud
3112 4511 3200 4564 Dei
3232 4526 3339 4566 non
3372 4512 3642 4567 rationem

404 4569 780 4651 Ιϐηθῧῐῖίξίῖβτί
806 4569 1196 4651 ἀῑειῑιεριίειδῑο
1221 4575 1566 4651 Ῐηῑθῖβῖθιδτί
1592 4575 1961 4651 ηῒέῑυ,ῖν(ιυθῐη
1996 4569 2042 4625 Ῑ)
2070 4569 2175 4638 hoc
2205 4569 2347 4646 loco,
2375 4569 2480 4635 sed'
2523 4583 2695 4637 lucem
2748 4582 2921 4651 oculis
2980 4583 3227 4649 corporis
3279 4579 3626 4651 aﬂ’ulgentem

403 4665 527 4705 cum
557 4648 678 4701 aliis
708 4646 1095 4713 interpretibus
1127 4648 1242 4701 haec
1277 4645 1343 4700 ad
1396 4646 1544 4713 ipsos
1592 4645 1843 4699 ethnicos
1876 4660 1963 4698 re—

400 4720 568 4785 ferre,
598 4716 749 4786 quasi
778 4717 1013 4769 divinum
1038 4714 1213 4774 lumen
1235 4716 1503 4786 sive_ratio
1534 4717 1738 4768 inversa
1772 4715 1826 4767 in
1857 4714 1964 4767 illis

400 4784 559 4855 esset,
594 4784 718 4841 dum
752 4787 861 4839 hate
892 4795 1076 4855 agunt.
1102 4786 1326 4840 Videtur
1350 4784 1594 4839 Justinus
1618 4786 1962 4855 ethnicorum

402 4854 587 4918 mores
612 4872 736 4913 cum
753 4854 945 4911 ametis
966 4857 1167 4910 nomini
1189 4855 1502 4911 Christiano
1526 4855 1849 4911 criminibus
1882 4854 1963 4907 sic

404 4944 745 4999 comparare,
782 4935 840 4979 ut
874 4927 1086 4999 etiamsi
1133 4941 1193 4981 ea
1245 4924 1546 4981 Christiani
1589 4924 1960 4999 admitterent,

402 4996 636 5056 ethnicis
662 5010 839 5054 tamen
867 4997 1041 5064 palam
1070 5007 1124 5051 et
1152 5008 1340 5064 aperte
1366 4996 1803 5065 perpetrantibus
1827 5010 1959 5047 con-

405 5075 682 5126 cederent.
743 5067 1087 5126 Iniquitatem
1149 5067 1491 5125 ethnicorum
1552 5065 1741 5125 eodem
1802 5065 1962 5118 modo

407 5142 639 5211 castigat
668 5132 1041 5211 Tertulliauus
1069 5150 1087 5194 ι
1113 5138 1182 5190 ad
1221 5136 1544 5211 lyat.,_cap.
1575 5134 1661 5211 μϐ.
1705 5153 1723 5187 ‹
1759 5132 1961 5211 Verum

398 5204 776 5281 jamlaudatc,
832 5208 1029 5277 inquit,
1085 5207 1367 5264 consilium
1396 5206 1588 5281 incesti
1634 5204 1958 5273 verecundi,

405 5278 549 5351 quod
604 5281 905 5335 adulteram
939 5288 1151 5332 noctem
1184 5278 1489 5351 commenti
1522 5290 1733 5341 sumus,
1774 5290 1841 5328 ne
1869 5282 1961 5351 aut

405 5343 583 5408 lucem
613 5362 709 5405 aut
767 5364 951 5404 veram
996 5359 1210 5402 noctem
1255 5349 1773 5411 contaminaremus,
1816 5343 1959 5413 quod

403 5424 566 5475 etiam
586 5420 879 5476 luminibus
901 5420 1130 5472 terrenis
1153 5419 1480 5487 parcendum
1504 5416 1956 5487 existimavimus,

404 5496 550 5559 quod
578 5502 1065 5559 nostramquoque
1086 5485 1485 5559 conscientiam,
1508 5485 1743 5559 ludimus
1765 5486 1960 5559 gquodf

404 5553 619 5630 cultique
646 5562 789 5616 enim
818 5553 1072 5623 facim-us,
1098 5561 1142 5613 si
1178 5559 1422 5612 volumus
1454 5556 1579 5629 (leg.
1614 5558 1658 5610 si
1696 5553 1958 5630 velamus)

405 5628 771 5700 suspicantur.
803 5631 1069 5684 Caeterum
1097 5630 1306 5684 incesta
1339 5628 1519 5682 vestra
1552 5642 1647 5697 pro
1674 5628 1959 5700 sua_liber-

407 5698 519 5754 tate
546 5714 600 5756 et
624 5703 743 5756 luce
771 5701 919 5752 omni
961 5711 1014 5751 ct
1043 5710 1200 5753 nocte
1231 5700 1377 5752 omni
1429 5708 1482 5753 et
1517 5708 1624 5751 tota
1662 5698 1785 5752 caeli
1823 5712 1958 5751 con-

405 5775 639 5828 scientia
666 5772 945 5833 fruuntur,
982 5772 1233 5837 quodque
1274 5770 1483 5823 felicius
1518 5770 1801 5836 proveniat
1832 5782 1957 5822 cum

408 5844 585 5920 palam
614 5841 889 5898 misccatis
918 5840 1119 5895 incesta
1149 5850 1258 5895 toto
1293 5842 1514 5896 conscio
1538 5839 1697 5907 cutio,
1724 5841 1822 5895 soli
1857 5838 1954 5909 ipsi

2068 4652 2333 4719 designat.
2363 4652 2455 4705 Sic
2472 4652 2725 4706 Clemens
2743 4650 2967 4720 Pwdag.
2998 4651 3088 4705 lib.
3118 4666 3205 4717 ιιι,
3236 4666 3355 4718 cap.
3385 4650 3463 4715 xi,
3489 4667 3637 4719 pra:-

2067 4721 2425 4790 cipitvetnlis
2458 4731 2711 4776 utcanos
2763 4737 2867 4775 non
2921 4721 3183 4778 inﬁciant.
3218 4723 3313 4776 sed
3365 4722 3420 4774 in
3456 4722 3629 4775 lucem

2065 4792 2165 4845 Dei
2195 4792 2439 4859 e/Teranl,
2476 4792 2532 4844 id
2561 4792 2700 4860 quod
2728 4792 2958 4844 maxime
2988 4793 3340 4845 venerandum
3377 4800 3478 4854 est,
3504 4792 3639 4845 ἀνα-

2064 4862 2299 4914 δεικτέον
2326 4861 2416 4913 ὑπ’
2438 4862 2610 4929 αὐγὰς
2630 4862 2723 4914 τοῦ
2751 4860 2886 4914 Θεοῦ
2908 4861 2966 4915 νὺ
2996 4860 3233 4931 τίμημα.
3278 4861 3468 4924 Essati,
3506 4871 3642 4916 teste

2065 4931 2300 5000 Josepho
2328 4947 2390 4996 ll,
2421 4930 2534 4985 Bel.
2566 4931 2699 4985 Jud.
2734 4946 2855 5001 cap.
2890 4933 2944 4994 7,
3004 4930 3125 4983 cum
3191 4941 3400 4984 natura:
3447 4932 3641 4984 darent

2065 5017 2307 5069 operam.
2341 5001 2630 5067 diligenter
2659 5016 2784 5056 sese
2812 5012 2961 5056 veste
2980 5001 3344 5069 contegebant
3370 5015 3440 5054 ne
3468 5001 3640 5068 αὐγὰς

2064 5070 2203 5125 Θεοῦ
2232 5072 2398 5124 lucem
2425 5072 2657 5124 divinam
2681 5074 3141 5127 contaminarent.
3162 5070 3429 5125 Observat
3448 5070 3642 5123 Eusta-

2066 5142 2212 5196 thius
2258 5144 2312 5195 in
2346 5140 2510 5195 Iliad.
2552 5157 2606 5210 p.
2668 5142 2794 5196 832.
2840 5142 2992 5197 Diem
3045 5138 3383 5210 abAHomero
3422 5154 3636 5193 sacram

2064 5212 2271 5287 vocari,
2299 5226 2364 5264 ac
2401 5208 2860 5287 _i_psaiii__noctem
2903 5211 3043 5287 apud
3093 5208 3387 5265 Hesiodum
3444 5209 3636 5263 eodem

2064 5282 2228 5337 modo
2256 5281 2542 5350 appellari.
2573 5281 2709 5335 Hinc
2737 5283 2906 5336 etiam
2940 5281 3145 5336 terram
3176 5293 3633 5350 sacram,muros

2062 5366 2249 5473 ἳῗρηρδ
2279 5347 2381 5405 dici
2406 5350 2582 5405 solere
2607 5354 2750 5407 idem
2777 5352 3015 5423 scriptor
3036 5351 3214 5416 docet,
3248 5365 3373 5419 pag.
3410 5347 3536 5413 789,
3581 5348 3635 5400 in

2119 5439 2168 5473 ta
2215 5460 2229 5473 .

2119 5424 2229 5475 iad.

2132 5493 2246 5561 (57)
2285 5494 2387 5547 Διά
2410 5494 2651 5562 τέχνης.
2690 5490 2998 5562 Legendum
3039 5498 3195 5558 putat
3235 5488 3427 5562 Billius
3454 5488 3640 5562 arius-

2061 5557 2158 5633 νῆς
2186 5557 2273 5634 ycl
2308 5557 2548 5634 ἀτεχνῶς
2582 5557 2673 5616 lib.
2707 5577 2744 5614 ιι
2767 5557 3005 5634 ξορξενυ.
3043 5557 3214 5621 sacra,
3244 5574 3367 5634 cap.
3398 5557 3451 5611 6.
3491 5558 3637 5634 Bed-

2061 5629 2135 5687 di't
2172 5629 2440 5688 Grabius'i
2480 5633 2603 5687 Non
2640 5632 2978 5699 conﬁtebitur
3029 5646 3093 5683 ea;
3122 5642 3235 5683 arte
3276 5629 3383 5682 sive
3426 5629 3640 5696 opiﬁcio

2064 5702 2159 5756 Dei
2206 5721 2324 5757 eum
2360 5706 2631 5758 exsistere.
2686 5704 2755 5753 At
2783 5700 2873 5753 διὰ
2904 5699 3098 5770 τέχνης
3133 5699 3341 5768 aliquid
3370 5713 3640 5761 asserere,

2062 5774 2203 5826 idem
2235 5786 2319 5828 est
2343 5791 2407 5828 ac
2434 5790 2540 5828 non
2577 5771 2751 5841 palam
2775 5782 2831 5841 et
2865 5782 3053 5837 aperte
3091 5770 3221 5823 illud
3253 5776 3513 5841 statuere.
3551 5771 3640 5820 sed

2062 5858 2183 5899 cum
2218 5846 2452 5900 artiﬁcio
2484 5840 2739 5916 quodam.
2773 5840 2908 5895 Nam
2946 5841 3036 5908 qui
3075 5841 3240 5895 Deum
3269 5840 3505 5897 humana
3538 5854 3639 5892 non
