4006 6254
431 371 535 428 579

1346 380 1403 436 s.
1444 376 1712 437 JUSTtNt
1747 361 2171 440 PHILOSopm
2210 383 2299 440 ET
2338 384 2695 444 MARTYRIS

3577 397 3683 456 380

432 489 509 544 rei
542 490 877 561 experientia
908 493 1154 551 credere.
1184 495 1265 551 Ex
1319 502 1469 555 omni
1515 502 1659 556 enim
1716 494 1990 555 hominun

2115 521 2197 559 σιν
2227 505 2387 559 αὐτὸν
2445 507 2603 560 πάλιν
2658 505 3191 578 παραγενησόμενον·
3218 508 3351 581 ὅπερ
3386 509 3505 581 ὄψει
3555 512 3684 583 ύμῖν

432 597 631 652 genere
659 588 1146 656 exspectantillum
1174 590 1226 644 in
1266 589 1451 648 Judaea
1483 595 1824 662 cruciﬁxum,
1882 606 2007 663 post

432 691 594 743 quem
618 680 802 733 statim
834 681 974 735 bello
999 692 1158 752 capta
1188 683 1497 743 Iudaeorum
1540 699 1682 744 terra
1714 689 1869 745 vobis
1897 699 2004 747 tra-

432 768 542 822 dita
572 782 677 824 est.
706 771 851 826 Istud
888 788 1073 842 porro,
1107 776 1277 844 ligans
1312 780 1381 832 ad
1412 781 1566 834 vitem
1596 782 1800 849 pullum
1828 800 2003 853 suum,

428 869 479 914 ot
510 860 692 915 lavans
728 862 782 914 in
813 868 1068 933 sanguine
1099 882 1212 920 uvae
1232 867 1429 921 stolam
1474 886 1648 935 suam,
1701 874 2005 942 symbolum

429 959 548 1004 erat
576 966 663 1006 res
692 953 1007 1023 signiﬁcans
1039 955 1237 1022 partim
1271 954 1497 1013 Christo
1531 970 1849 1027 eventuras,
1877 976 2007 1028 par-

429 1043 525 1096 tim
573 1044 641 1098 ab
676 1046 790 1115 ipso
840 1050 1125 1116 gerendas.
1188 1048 1322 1103 Nam
1379 1051 1558 1121 pullus
1584 1053 1803 1121 quidam
1837 1053 2006 1109 asinae

425 1134 606 1187 stabat
634 1136 684 1189 in
717 1138 948 1205 quodam
980 1138 1209 1193 introitu
1261 1140 1369 1195 vici
1405 1142 1471 1196 ad
1520 1143 1683 1197 vitem
1716 1142 2001 1212 alligatus;

423 1240 587 1295 quem
617 1245 739 1283 cum
772 1232 875 1286 sibi
904 1247 933 1286 a
966 1234 1248 1302 discipulis
1296 1244 1427 1293 tunc
1475 1236 1670 1290 adduci
1725 1237 2002 1306 jussisset,

422 1320 715 1376 adductum
742 1325 1081 1392 conscendit,
1114 1328 1273 1396 eique
1322 1328 1569 1381 insidens
1604 1326 2000 1398 Jerosolymam

420 1414 698 1490 ingressus
751 1426 858 1481 est,
902 1419 991 1471 ubi
1046 1420 1344 1474 maximum
1392 1419 1704 1475 Judmorum
1738 1421 1998 1489 templum

415 1516 559 1571 erat,
600 1510 746 1577 quod
777 1521 966 1579 postea
1003 1527 1031 1564 a
1063 1513 1221 1567 vobis
1246 1527 1502 1568 eversum
1551 1524 1657 1568 est.
1704 1515 1782 1569 Ac
1810 1524 2001 1584 postea

416 1598 472 1654 in
504 1615 724 1655 crucem
758 1609 915 1656 actus
942 1612 1045 1665 est,
1100 1612 1156 1657 ut
1204 1604 1349 1673 quod
1383 1605 1651 1673 reliquum
1705 1614 1827 1660 erat
1878 1621 2002 1676 pro-

412 1692 613 1763 phetiae
635 1692 970 1762 expleretur.
1003 1692 1136 1747 Nam
1168 1693 1297 1747 illud
1328 1694 1511 1748 lavant
1534 1696 1589 1747 in
1606 1694 1862 1764 sanguine
1888 1711 2001 1749 uva:

412 1779 604 1834 stolam
626 1797 799 1845 suam,
827 1781 1137 1850 passionem
1170 1781 1317 1836 illam
1361 1786 1785 1852 praenuntiabat,
1834 1800 1995 1854 quam

2109 598 2368 669 πάρεστιν
2401 598 2547 661 ἰδεῖν,
2577 600 2669 651 καὶ
2702 598 2848 670 ἔργῳ
2871 599 3176 669 πεισθῆναι.
3213 600 3307 653 Ἐκ
3334 601 3549 658 πάντων
3572 605 3682 676 γὰρ

2107 690 2282 759 γενῶν
2316 688 2615 761 ἀνθρώπων
2640 689 2977 758 προσδοκῶσι
3033 691 3124 745 τὸν
3161 694 3219 744 ἐν
3259 692 3489 765 Ἰουδαίᾳ
3518 709 3683 749 σεαυ-

2110 775 2369 848 ρωθέντα,
2419 776 2536 847 μεθ’
2567 777 2626 830 ὃν
2664 777 2825 841 εὐθὺς
2870 778 3190 849 δοριάλωτος
3221 782 3346 851 ὑμῖν
3378 785 3409 854 ή
3436 783 3508 853 γῆ
3550 784 3682 838 Ἰου-

2105 868 2269 923 δαίων
2312 868 2606 939 παρεδόθη.
2653 869 2726 921 Τὸ
2752 868 2829 932 δὲ,
2871 870 3183 938 Δεσμεύων
3229 872 3378 939 πρὸς
3410 873 3683 943 ἄμπελον

2106 959 2213 1011 τὸν
2236 958 2443 1013 πῶλον
2474 960 2681 1023 αὑτοῦ,
2710 960 2809 1013 καὶ
2831 962 3078 1015 πλύνων
3105 961 3217 1029 τὴν
3239 964 3471 1033 στολὴν
3492 968 3681 1020 αὑτοῦ

2104 1048 2397 1120 ἐναῖματι
2455 1052 2796 1120 σταφυλῆς,
2838 1051 3102 1123 σύμϐολον
3139 1053 3432 1125 δηλωτικὸν
3479 1053 3547 1127 ἦν
3570 1058 3681 1110 τῶν

2105 1144 2484 1213 γενησομένων
2542 1143 2619 1213 τῷ
2649 1144 2889 1215 Χριστῷ,
2931 1146 3025 1197 καὶ
3052 1145 3159 1198 τῶν
3204 1146 3296 1198 ὑπ’
3325 1147 3488 1200 αὐτοῦ
3541 1167 3683 1219 πρα-

2105 1234 2473 1305 χθησομένων.
2526 1235 2709 1299 Πῶλος
2744 1237 2851 1307 γάρ
2896 1254 2981 1301 τις
3021 1237 3140 1291 ὄνου
3187 1238 3434 1309 εἱστήκει
3468 1239 3525 1292 ἔν
3572 1258 3681 1294 τινι

2105 1326 2294 1397 εἰσόδῳ
2329 1325 2521 1397 κώμης
2555 1328 2688 1398 πρὸς
2726 1329 2968 1400 ἄμπελον
3010 1330 3119 1402 (75)
3146 1330 3447 1401 δεδεμένος,
3475 1333 3532 1385 ὃν
3557 1334 3681 1387 ἐκέ-

2103 1419 2293 1474 λευσεν
2316 1421 2540 1491 ἀγαγεῖν
2571 1423 2718 1494 αὐτῷ
2739 1424 2859 1477 τότε
2881 1427 3007 1488 τοὺς
3048 1429 3354 1499 γνωρίμους
3376 1430 3560 1495 αὐτοῦ,
3583 1432 3681 1485 καὶ

2103 1511 2363 1582 ἀχθέντος
2416 1514 2613 1578 ἐπιϐὰς
2666 1515 2919 1580 ἐκάθισε,
2966 1518 3057 1571 καὶ
3108 1519 3449 1590 εἰσελήλυθεν
3486 1524 3564 1586 είς
3607 1522 3678 1576 τὰ

2116 1602 2482 1674 Ἱεροσόλυμα,
2517 1604 2644 1659 ἔνθα
2666 1606 2726 1659 τὸ
2763 1607 3017 1677 μέγιστον
3060 1610 3201 1680 ἱερὸν
3222 1607 3289 1682 ἦν
3324 1612 3611 1676 Ἰουδαίων,
3648 1613 3678 1667 ὁ

2102 1693 2191 1761 ὑφ’
2222 1695 2377 1765 ὑμῶν
2444 1695 2668 1769 ὕστερον
2720 1702 3090 1774 κατεστράφη.
3154 1704 3263 1757 Καὶ
3323 1706 3457 1776 μετά
3504 1706 3676 1761 ταῦτα

2103 1785 2444 1859 ἐσταυρώθη,
2478 1788 2628 1852 ὅπως
2682 1791 2742 1842 τὸ
2781 1790 2964 1845 λεῖπον
2988 1794 3089 1865 τῆς
3136 1797 3468 1868 προφητείας
3493 1816 3677 1853 συντε-

410 1880 529 1926 crat
557 1887 842 1941 passurus.
870 1873 1135 1942 sanguine
1164 1887 1263 1929 eos
1297 1877 1527 1944 expians
1573 1877 1666 1948 qui
1723 1875 1825 1946 ipsi
1876 1892 1990 1933 cre-

2098 1877 2285 1951 λεσθῇ.
2311 1880 2383 1933 Τὸ
2410 1880 2539 1952 γὰρ,
2570 1883 2825 1936 Πλύνων
2856 1883 2970 1953 τὴν
3009 1863 3461 1956 στολὴν-αὐτοῦ
3492 1891 3562 1946 ἐν
3582 1895 3673 1947 αἶ-

407 1965 566 2020 dunt.
601 1965 732 2021 Nam
761 1982 882 2036 quae
906 1968 1107 2022 dicitur
1130 1982 1159 2021 a
1184 1968 1371 2024 divino
1398 1968 1605 2039 Spiritu
1635 1986 1733 2040 per
1754 1973 1990 2040 prophe-

410 2066 521 2113 tam
546 2060 703 2125 stola,
726 2064 972 2117 homines
1002 2074 1129 2116 sunt
1156 2063 1206 2116 ei
1229 2063 1540 2127 credentes,
1560 2063 1612 2117 in
1638 2063 1835 2132 quibus
1861 2064 1992 2119 illud

406 2167 437 2205 a
470 2151 580 2206 Deo
615 2168 799 2209 semen
837 2155 1043 2210 habitat
1066 2152 1328 2209 Verbum.
1363 2154 1519 2220 Quod
1550 2162 1736 2209 autem
1789 2154 1991 2210 dicitur

405 2246 628 2313 sanguis
658 2260 797 2311 une,
854 2246 905 2298 id
958 2244 1310 2314 signiﬁcabat
1337 2259 1487 2310 eum,
1522 2246 1616 2315 qui
1643 2245 1991 2315 appariturus

404 2352 545 2405 erat,
572 2342 895 2413 sanguinem
918 2340 1135 2409 quidem
1165 2339 1503 2405 habiturum,
1537 2339 1634 2394 sed
1670 2355 1775 2393 non
1802 2354 1868 2396 ex
1889 2340 1992 2394 hu-

402 2448 568 2489 mano
599 2434 832 2497 semine,
866 2447 1052 2488 verum
1098 2447 1166 2497 ex
1202 2431 1387 2487 divina
1413 2431 1637 2486 virtute.
1671 2431 1855 2487 Prima
1894 2447 1992 2485 au-

405 2533 512 2578 tem
574 2525 871 2578 Secundum
926 2534 1208 2593 parentem
1277 2522 1523 2579 omnium
1581 2529 1638 2577 et
1699 2521 1988 2575 Dominum

402 2615 590 2670 Virtus
612 2626 667 2671 et
690 2615 883 2679 Filius,
934 2615 1170 2671 Verbum
1195 2626 1315 2683 est;
1373 2614 1521 2684 quod
1575 2611 1852 2683 quomodo
1908 2612 1990 2665 in-

398 2721 683 2768 carnatum
712 2711 879 2775 homo
903 2709 1106 2770 factum
1124 2710 1215 2772 sit,
1230 2709 1487 2779 deinceps
1502 2707 1773 2762 dicemus.
1788 2706 1990 2773 Quem-

402 2806 695 2861 admodum
758 2804 903 2860 enim
955 2819 1074 2859 uvre
1132 2804 1452 2874 sanguinem
1509 2799 1622 2874 64
1669 2816 1776 2854 non
1826 2801 1991 2853 homo

396 2898 502 2954 feci
513 2907 550 2963 t,
575 2898 670 2953 sed
687 2894 832 2954 Deus
865 2913 880 2951 :
911 2894 984 2951 ita
1009 2904 1064 2951 et
1086 2895 1178 2959 hic
1202 2895 1426 2965 sanguis
1447 2893 1861 2963 signiﬁcabatur
1878 2908 1989 2948 non

396 3003 465 3044 ex
498 2991 739 3045 humano
789 2988 1078 3061 sanguine,
1127 2988 1222 3043 sed
1257 3000 1323 3040 ex
1359 2986 1561 3041 virtute
1601 2985 1717 3051 Dei,
1770 2993 1829 3038 ut
1858 2985 1989 3052 “jam

397 3083 662 3147 diximus,
691 3081 934 3137 futurus.
961 3081 1141 3149 Atque
1162 3077 1331 3133 Isaias
1349 3078 1487 3133 alius
1507 3077 1768 3147 propheta
1798 3077 1988 3132 eadem

2100 1988 2242 2039 ματι
2271 1972 2618 2041 σταφυλῆς,
2667 1975 3096 2051 προαγγελτικὸν
3133 1973 3201 2049 ἦν
3242 1979 3335 2032 τοῦ
3381 1982 3585 2047 πάθους
3613 1979 3673 2040 οὗ

2096 2062 2325 2132 πάσχειν
2356 2063 2571 2133 ἔμελλε,
2603 2064 2670 2117 δι’
2700 2066 2928 2136 αἵματος
2959 2067 3234 2139 καθαίρων
3255 2072 3381 2136 τοὺς
3401 2073 3676 2127 πιστεύον-

2092 2171 2189 2217 τας
2214 2154 2379 2225 αὐτῷ.
2421 2155 2484 2208 Ἡ
2514 2156 2623 2230 γὰρ
2650 2158 2958 2230 κεκλημένη
2992 2160 3096 2212 ὑπὸ
3131 2160 3224 2214 τοῦ
3249 2161 3391 2215 θείου
3423 2165 3673 2236 Πνεύμα-

2091 2262 2183 2308 τος
2234 2244 2323 2299 διὰ
2371 2246 2464 2299 τοῦ
2516 2250 2798 2319 προφήτου
2842 2250 3022 2322 στολὴ,
3058 2253 3105 2305 oi
3147 2253 3491 2319 πιστεύοντες
3524 2256 3673 2328 αὐτῷ

2093 2339 2234 2392 είσιν
2268 2338 2569 2411 ἄνθρωποι,
2602 2342 2660 2395 ἐν
2681 2334 2763 2406 οἷς
2790 2344 2929 2396 οἰκεῖ
2955 2344 3015 2397 τὸ
3039 2345 3189 2417 παρά
3214 2347 3308 2400 τοῦ
3338 2347 3474 2401 Θεοῦ
3502 2350 3671 2422 σπέρ-

2096 2448 2191 2501 μα,
2223 2432 2252 2483 ὁ
2273 2431 2443 2500 Λόγος
2475 2431 2608 2501 (74).
2650 2433 2723 2486 Τὸ
2750 2434 2808 2486 δὲ
2856 2438 3144 2509 εἰρημένον
3173 2434 3310 2510 αἷμα
3332 2440 3431 2511 τῆς
3471 2459 3673 2511 σταφυ-

2092 2523 2191 2593 λῆς
2217 2526 2550 2595 σημαντικὸν
2571 2527 2666 2581 τοῦ
2692 2526 2835 2598 ἔχειν
2868 2528 2965 2599 μὲν
2997 2526 3133 2601 αἷμα
3154 2530 3245 2584 τὸν
3275 2534 3666 2603 φανησόμενον,

2092 2616 2333 2671 ἀλλὀὐκ
2382 2617 2443 2682 ἐξ
2498 2618 2836 2690 ἀνθρωπείου
2884 2620 3214 2693 σπέρματος,
3263 2625 3377 2678 ἀλλ’
3407 2627 3473 2679 ἐκ
3519 2626 3671 2692 θείας

2092 2709 2392 2780 δυνάμεως.
2436 2709 2500 2763 Ἦ
2522 2710 2580 2764 δὲ
2622 2711 2811 2783 πρώτη
2862 2712 3089 2784 δύναμις
3115 2716 3228 2785 (75)
3269 2717 3407 2785 μετά
3441 2718 3531 2772 τὸν
3558 2721 3669 2787 Πατ-

2091 2801 2223 2872 τέρα
2251 2802 2466 2855 πάντων
2504 2802 2596 2855 καὶ
2642 2803 2921 2875 Δεσπότην
2964 2805 3117 2870 Θεὸν,
3146 2807 3240 2860 καὶ
3270 2808 3414 2875 Υἱὸς,
3441 2812 3468 2862 ὁ
3493 2811 3664 2880 Λόγος

2092 2895 2270 2948 ἐστίν’
2319 2896 2378 2959 ὃς
2400 2896 2521 2949 τίνα
2554 2896 2753 2968 τρόπον
2796 2899 3222 2969 σαρκοποιηθεὶς
3261 2900 3543 2972 ἄνθρωπος
3570 2904 3664 2971 γέ-

2091 3002 2245 3054 γονεν
2264 3028 2277 3052 ,
2309 2990 2365 3041 ἐν
2395 2990 2502 3051 τοῖς
2531 2987 2657 3059 ὲςῆς
2702 2989 2953 3062 ἐροῦμεν.
2993 2992 3091 3045 Ὃν
3117 2992 3316 3064 τρόπον
3338 2993 3444 3064 γὰρ
3472 2994 3534 3047 τὸ
3568 2995 3666 3062 τῆς

2091 3080 2338 3151 ἀμπέλου
2364 3074 2502 3151 αἷμα
2530 3081 2629 3134 οὐκ
2659 3083 2943 3154 ἄνθρωπος
2981 3083 3298 3155 πεποίηκεν,
3324 3084 3435 3138 ἀλλ’
3456 3087 3484 3138 ό
3510 3072 3667 3150 Θεὸς,

399 3178 582 3232 verbis
611 3175 843 3231 diversis
867 3174 1171 3245 praedicens
1198 3176 1281 3233 sic
1305 3174 1449 3229 fatur
1479 3188 1493 3224 :
1521 3169 1737 3227 Orietur
1750 3170 1905 3224 stella
1925 3186 1989 3225 ea

2098 3170 2261 3235 οὕτως
2288 3171 2563 3225 καὶτοῦτο
2614 3172 2883 3244 ἐμηνύετο
2938 3173 3047 3245 (76)
3077 3174 3177 3228 οὐκ
3228 3173 3290 3243 ἐξ
3327 3174 3664 3248 ἀνθρωπείου

396 3268 565 3323 Jacob
589 3278 636 3323 et
664 3268 765 3336 ﬂos
799 3283 828 3323 e
861 3268 1223 3332 radice,.less¢
1252 3267 1514 3329 ascendet,
1548 3274 1596 3319 et
1624 3266 1681 3317 in
1709 3262 1984 3316 brachium

2098 3262 2405 3332 σπέρματος
2441 3262 2770 3333 γενήσεσθαι
2811 3263 2873 3316 τὸ
2918 3258 3077 3334 αἷμα,
3137 3263 3251 3317 ἀλλ’
3271 3265 3335 3317 ἐκ
3384 3264 3669 3337 δυνάμεως

395 3360 513 3429 ejus
544 3370 724 3432 gentes
746 3361 1032 3430 sperabunt
1059 3360 1129 3414 ⁷ο.
1159 3355 1327 3415 Stella
1363 3372 1500 3413 sane
1554 3355 1737 3411 lucida
1789 3365 1984 3410 exorta

2098 3351 2244 3416 Θεοῦ,
2275 3352 2351 3416 ὼς
2378 3353 2715 3425 προέφημεν.
2746 3355 2857 3407 Καὶ
2900 3354 3131 3418 Ἡσαΐας
3177 3355 3233 3409 δὲ
3275 3356 3430 3419 ἄλλος
3460 3360 3667 3429 προφή-

393 3464 498 3519 est,
534 3464 588 3510 et
615 3453 716 3510 ﬂos
765 3452 1075 3508 ascendite
1105 3452 1292 3508 radice
1352 3448 1530 3513 Jesse,
1567 3448 1659 3503 hic
1705 3446 1982 3501 Christus.

2098 3461 2185 3515 της
2215 3444 2283 3498 τὰ
2311 3445 2449 3498 αὐτὰ
2475 3445 2540 3498 δι’
2572 3445 2746 3500 ἄλλων
2799 3449 3010 3519 ῥήσεων
3064 3448 3442 3519 προφητεύων,
3489 3448 3665 3514 οὕτως

393 3548 531 3604 Nam
558 3564 625 3604 ex
656 3548 879 3618 Virgine
935 3544 1164 3603 seminis
1211 3541 1426 3608 Jacobi,
1482 3541 1573 3611 qui
1629 3539 1783 3595 Iudae
1829 3547 1984 3607 pater

2098 3531 2269 3589 εἶπεν·
2317 3538 2613 3592 Ἀνατελεῖ
2650 3538 2877 3607 ἄστρον
2907 3540 3018 3609 (77)
3061 3540 3130 3605 ἐξ
3174 3540 3395 3607 Ἰακὼϐ,
3430 3542 3529 3595 καὶ
3560 3543 3663 3596 ἇν-

392 3644 606 3702 exstitit
635 3642 852 3715 (Judam
879 3649 1064 3696 autem
1090 3637 1395 3694 indecorum
1421 3644 1632 3706 patrem
1660 3648 1782 3689 esse
1797 3642 1983 3688 osten-

2098 3634 2192 3696 θος
2217 3630 2581 3698 ἀναϐήσεται
2608 3631 2726 3685 ἀπὸ
2775 3630 2885 3711 τῆς
2924 3632 3091 3701 ῥίζης
3154 3634 3397 3688 Ἱεσσαὶο
3432 3636 3532 3688 καὶ
3562 3637 3661 3689 ἐπὶ

394 3738 597 3805 dimus)
631 3751 728 3805 per
749 3734 1010 3801 virtutem
1040 3730 1139 3787 Dei
1166 3730 1384 3801 genitus
1415 3737 1518 3783 est.
1546 3727 1629 3781 Ac
1659 3725 1814 3790 Iesse
1860 3724 1983 3798 qui-

2098 3724 2187 3776 rdr
2211 3725 2513 3794 βραχίονα
2542 3723 2728 3777 αὐτοῦ
2769 3725 2913 3792 ἔθνη
2954 3725 3291 3780 ἐλπιοῦσιν.
3346 3726 3578 3799 Ἀστρον
3606 3728 3662 3782 δὲ

393 3829 516 3884 dem
552 3842 791 3899 proavus
816 3825 1021 3881 Christi
1044 3823 1345 3880 secundum
1375 3819 1659 3876 oraculum
1710 3819 1842 3885 fuit;
1890 3817 1982 3872 Ja-

2098 3816 2339 3886 ρωτεινὸν
2387 3816 2645 3879 ἀνέτειλε,
2695 3816 2789 3870 καὶ
2844 3817 3004 3882 ἄνθος
3032 3819 3196 3890 ἀνέϐη
3240 3819 3347 3872 ἀπὸ
3375 3820 3474 3889 τῆς
3504 3820 3661 3891 ῥίζης

392 3921 515 3978 cobi
540 3912 719 3985 autem
752 3928 805 3973 et
831 3917 985 3973 Judae
1016 3915 1158 3972 ﬁlius
1178 3914 1477 3971 secundum
1508 3910 1733 3981 generis
1758 3924 1981 3965 succes-

2098 3909 2308 3973 Ἰεσσαὶ,
2342 3903 2494 3972 οὗτος
2533 3910 2563 3961 ὁ
2611 3908 2862 3980 Χριστός.
2915 3909 3014 3963 Διά
3070 3909 3178 3981 γὰρ
3234 3910 3505 3983 παρθένου
3554 3912 3655 3982 τῆς

393 4015 626 4068 sionem.
2077 3999 2320 4053 ἀπὸτοῦ
2389 4001 2699 4072 σπέρματος
2763 4001 2984 4065 Ἰακὼϐ,
3039 4002 3134 4054 τοῦ
3194 4002 3486 4073 γενομένου
3547 4020 3657 4055 πα-

389 4106 519 4178 τρὸς
571 4102 771 4167 Ἰούδα,
818 4101 912 4155 τοῦ
972 4099 1339 4171 δεδηλωμένου
1392 4095 1658 4151 Ἰουδαίων
1706 4094 1948 4165 πατρὸς,
1998 4093 2087 4147 διὰ
2148 4094 2429 4166 δυνάμεως
2479 4094 2615 4147 Θεοῦ
2662 4096 2983 4167 ἀπεκυήθη·
3044 4097 3139 4150 καὶ
3204 4097 3400 4152 Ἰεσσαὶ
3444 4098 3661 4169 προπά-

390 4215 507 4269 τωρ
572 4196 670 4268 μὲν
740 4195 880 4249 κατά
937 4195 999 4247 τὸ
1064 4194 1241 4264 λόγιον
1290 4192 1580 4263 γεγένηται
1620 4207 1633 4222 ·
1687 4190 1782 4243 τοῦ
1842 4190 1901 4244 δὲ
1966 4189 2159 4244 Ἰακὼὸ
2226 4190 2320 4245 καὶ
2380 4189 2475 4255 τοῦ
2554 4189 2722 4245 Ἰούδα
2785 4191 2928 4246 κατά
2990 4193 3181 4263 γένους
3235 4192 3483 4265 διαδοχὴν
3540 4193 3653 4256 υίὸς

392 4290 659 4345 ὐπῆονεν.

580 4307 659 4345 εν.

591 4383 708 4441 Jam
741 4399 875 4441 vero
904 4383 1354 4455 quemadmodum
1373 4396 1441 4436 ex
1463 4380 1675 4452 virgine
1699 4380 1969 4441 oriturum

389 4480 674 4553 conceptis
697 4481 881 4537 verbis
908 4480 1078 4535 Isaias
1100 4476 1435 4550 praedixerit,
1464 4474 1675 4532 audite.
1732 4473 1825 4530 Sic
1857 4489 1960 4529 au-

483 4646 531 4680 "
571 4646 678 4703 lsa.
717 4652 875 4715 x1,l.

464 4790 577 4874 (73)
602 4792 760 4874 ζζρύς
785 4793 1080 4874 ἅμπεέον.
1119 4793 1280 4874 Hunc
1304 4791 1513 4864 pullum
1536 4790 1608 4874 ad
1633 4790 1796 4873 vitem
1854 4788 1980 4874 alli-
2013 4817 2059 4874 Ι)

391 4859 576 4935 gatum
612 4859 785 4935 fuisSc
814 4859 911 4919 nec
937 4859 1704 4935 Evangelistaz'narrant,_nec
1736 4861 1854 4930 ipse
1879 4859 1981 4935 Ju-

390 4931 570 5004 stinus
605 4934 657 4986 in
690 4934 917 5004 Dialogo
946 4950 1003 4991 ιι.
1031 4931 1120 5004 75,
1157 4934 1248 4991 ubi
1277 4936 1421 4990 hanc
1447 4931 1788 5004 prophetiam
1844 4932 1978 4986 ube-

392 5002 506 5056 rius
529 5004 789 5071 explicat.

463 5075 577 5143 (74)
603 5070 673 5127 Τὸ
697 5074 856 5143 παρὰ
885 5074 992 5129 τοῦ
1018 5075 1166 5129 Θεοῦ
1196 5075 1451 5144 σπέρμα,
1471 5076 1506 5127 ό
1533 5073 1739 5144 Λόγος.
1757 5070 1979 5144 Legeng

390 5139 519 5197 dum
542 5139 819 5200 existimat
858 5145 1091 5201 Grabius
1107 5145 1168 5199 τὸ
1192 5139 1430 5215 πνεῦμα,
1457 5154 1566 5215 tum
1590 5139 1715 5215 quia
1750 5139 1981 5215 Spiritui

391 5215 589 5269 melius
623 5217 900 5279 convenit,
953 5224 1012 5270 ut
1050 5217 1103 5269 in
1135 5213 1391 5270 ﬁdelibus
1437 5214 1654 5267 dicatur
1690 5213 1973 5277 habitare;

392 5296 508 5340 tum
530 5286 657 5357 quia
685 5302 789 5341 non
810 5287 980 5341 multo
1012 5295 1152 5356 post,
1178 5300 1373 5357 nempe
1396 5301 1452 5357 ιι.
1478 5284 1573 5347 55,
1609 5283 1845 5357 Verbum
1873 5296 1973 5336 vo-

391 5352 565 5427 catur"
602 5358 868 5427 Spiritus.
924 5352 1053 5412 Scio
1099 5352 1373 5427 equidem
1412 5352 1593 5410 Verbo
1641 5354 1914 5427 interdum
1943 5366 1973 5405 a

389 5425 612 5482 Justino
640 5424 879 5496 Spiritus
910 5442 1107 5483 nomen
1148 5424 1407 5491 attribui;
1459 5434 1516 5478 at
1559 5427 1666 5496 hoc
1715 5424 1836 5496 loco
1869 5436 1977 5496 non

392 5491 737 5552 incommode
788 5509 1016 5552 vocatur
1055 5512 1264 5553 semen.
1296 5495 1389 5551 Sic
1431 5496 1486 5550 in
1520 5494 1672 5562 Apol.
1722 5494 1783 5562 2,
1815 5508 1869 5562 ιι.
1898 5491 1931 5543 6
1965 5505 1978 5541 :

393 5566 677 5648 'Epcptijov
701 5569 860 5648 παντὶ
892 5569 1039 5638 γένει
1078 5566 1379 5648 ἀνθρώπων
1419 5560 1641 5648 σπέρμα
1660 5560 1753 5615 τοῦ
1787 5561 1980 5629 Λόγου,

393 5648 448 5690 et
472 5636 635 5711 1].];
667 5638 804 5711 κατὰ
843 5636 1217 5711 σπερματικοῦ
1243 5636 1623 5711 Λόγουᾼμέρρς·

468 5708 580 5777 (75)
621 5708 780 5762 Ἡδὲ
830 5700 1027 5777 πρῶτὴ
1079 5700 1352 5780 δύναμις.
1406 5700 1557 5780 Quod
1615 5704 1691 5780 ait
1735 5700 1977 5780 Justinus

393 5769 635 5852 Verbum
661 5791 783 5852 esse
816 5769 1072 5852 virtutem
1107 5769 1279 5841 illam,
1309 5769 1809 5852 quaaiobumbravit
1838 5769 1974 5852 .Vir-

392 5850 536 5920 gini;
570 5848 980 5920 quodqueillnd
1015 5864 1165 5907 num.
1214 5844 1464 5919 sequenti
1503 5855 1657 5902 vocat
1709 5844 1972 5916 Spiritum

2147 4383 2234 4438 55.
2270 4382 2382 4436 Καὶ
2440 4381 2606 4436 πάλιν
2660 4382 2736 4446 ὡς
2783 4382 3057 4449 αὐτολεξεὶ
3106 4383 3195 4437 διὰ
3251 4383 3522 4455 παρθένου
3558 4384 3670 4455 μὲν.

2077 4474 2472 4547 τεχθησόμενος
2501 4474 2589 4533 διὰ
2644 4475 2738 4529 τοῦ
2784 4477 3001 4530 Ἡσαΐου
3044 4477 3445 4549 προεφητεύθη,
3495 4476 3667 4543 axoni:

2088 4796 2358 4849 sanctum,
2390 4785 2442 4841 id
2474 4800 2671 4841 novum
2702 4784 2871 4839 videri
2902 4800 3009 4841 non
3037 4784 3217 4851 debet,
3246 4785 3343 4841 sed
3393 4787 3665 4847 usitatum.

2087 4858 2190 4913 fuit
2211 4857 2353 4926 apud
2382 4866 2601 4912 sanctos
2631 4854 2823 4909 Patres
2856 4864 2983 4909 ante
3012 4864 3068 4911 et
3097 4865 3236 4926 post,
3264 4855 3564 4920 Iustinum.
3598 4868 3657 4913 ut

2087 4925 2335 4998 pluribus
2360 4928 2699 4998 demonstrat
2729 4926 3077 4982 doctissimus
3105 4925 3164 4982 S.
3201 4925 3391 4981 Hilarii
3415 4930 3650 4998 Operum

2082 4996 2278 5061 editor,
2310 4996 2525 5051 Praefal.
2550 5013 2607 5049 ιι.
2635 4996 2689 5052 2.

2154 5068 2265 5139 (76)
2296 5068 2474 5121 Τοῦτο
2492 5065 2799 5136 ἐμηνύετο,
2824 5066 2976 5137 Legit
2995 5066 3183 5120 τούτου
3213 5066 3510 5139 Thirlbius,
3537 5083 3656 5137 qua!

2083 5143 2303 5209 quidem
2334 5139 2643 5209 emendatio
2687 5139 2820 5192 satis
2860 5150 2986 5207 apta
3026 5140 3260 5202 videtur,
3308 5139 3403 5192 scd
3436 5138 3656 5193 minime

2083 5208 2412 5265 necessaria.

2155 5279 2269 5403 ργ)
2314 5276 2619 5331 Ἀνατελεῖ
2662 5278 2904 5346 ἄστρον.
2966 5279 3231 5334 Observat
3282 5277 3516 5333 Grabius
3553 5278 3655 5332 hoc

2155 5349 2324 5403 raami
2351 5347 2660 5403 oraculum.
2714 5350 2932 5402 Urietnr
2968 5349 3120 5401 stella
3170 5364 3237 5402 ea:
3280 5349 3469 5403 Jacob.
3513 5352 3652 5403 anud

2081 5347 2324 5404 Balaami
2351 5347 2660 5414 oraculum,
2714 5350 2932 5402 Urietur
2968 5349 3120 5417 stella
3170 5364 3237 5402 ea:
3280 5349 3469 5411 Jacob,
3513 5352 3652 5417 apud

2090 5422 2351 5475 Irenaeum
2372 5417 2528 5471 citari
2553 5417 2647 5473 lib.
2680 5434 2763 5481 ιιι,
2791 5434 2839 5473 c.
2867 5420 2923 5484 9,
2945 5428 2995 5473 et
3020 5416 3173 5473 Isaia:
3198 5419 3251 5471 in
3272 5416 3657 5483 antiquissimo

2094 5489 2269 5545 Vossii
2302 5488 2488 5543 codice
2527 5488 2786 5555 attribui,
2843 5500 2903 5542 ut
2957 5489 3133 5543 eidem
3196 5490 3474 5557 propheta:
3501 5504 3531 5541 a
3557 5486 3653 5541 Ju-

2090 5562 2235 5615 stino
2261 5558 2538 5612 tribuitur.
2554 5557 2681 5627 Sed
2700 5558 2813 5613 haec
2838 5558 2979 5613 ratio
3001 5574 3106 5611 non
3138 5573 3225 5612 me
3251 5558 3493 5613 deterret
3517 5573 3653 5627 quo-

2091 5632 2270 5685 minus
2298 5630 2513 5683 credam
2545 5625 2845 5692 Iustinum,
2871 5628 3000 5698 dum
3032 5626 3373 5698 Scripturam
3398 5625 3655 5682 memori~

2089 5713 2171 5754 ter
2196 5701 2349 5763 citat,
2377 5712 2443 5754 ex
2475 5699 2683 5754 duobus
2700 5696 2955 5765 oraculis,
2979 5696 3200 5753 Balaam
3222 5707 3276 5754 et
3300 5696 3470 5766 lsaiw,
3490 5714 3655 5756 unum

2084 5770 2297 5829 fecisse.
