4006 6254
345 358 443 415 33!

1446 355 1794 416 ΑΡοιοοιΑ
1831 358 1853 414 Ι
1890 356 2028 415 PRO
2066 357 2534 417 CHRISTIANIS.

3528 359 3638 419 582

346 496 499 533 ωτε.
547 464 772 548 ’ἐλέχθη
792 476 845 529 δὲ
878 474 1051 538 οὕτως
1075 493 1090 507 ·
1147 475 1300 531 Ἰδοὺ
1327 478 1380 545 ’ἡ
1414 478 1710 545 παρθένος
1737 478 1808 531 ἐν
1850 496 1926 547 τα

2059 489 2164 534 tem
2206 478 2418 534 locutus
2465 483 2595 531 est:
2630 473 2768 529 Ecce
2824 473 2985 545 Virgo
3029 475 3088 530 in
3120 485 3267 530 utero
3320 476 3551 544 habebit,
3584 488 3636 533 et

339 571 483 638 στρὶ
516 570 662 634 ἕξει,
699 571 795 622 καὶ
831 568 1060 632 τέξεται
1095 569 1272 622 υἱόν·
1335 570 1431 622 καὶ
1464 569 1714 637 ἐροῦσιν
1743 569 1843 622 ἐπὶ
1871 570 1926 640 τᾷ

2051 572 2222 641 pariet
2251 571 2445 640 ﬁlium,
2477 576 2529 622 et
2549 568 2722 623 dicent
2745 584 2902 637 super
2927 569 3134 623 nomine
3154 569 3268 639 ejus
3291 584 3310 624 :
3337 569 3633 624 Nobiscum

338 665 590 733 ὀνόματι
654 661 861 725 αὑτοῦ,
902 662 1038 713 Μεθ’
1094 659 1275 730 ἡμῶν
1333 665 1365 715 ὀ
1415 662 1576 727 Θεός.
1637 662 1706 714 Ἀ
1742 661 1850 730 γὰρ
1880 658 1926 731 ῆι

2051 662 2267 716 Deus“.
2321 660 2455 726 Qua:
2485 659 2631 715 enim
2671 656 3015 712 incredibilia
3067 667 3226 712 erant
3264 667 3319 712 et
3354 658 3470 712 ﬁeri
3520 674 3629 713 non

335 759 552 812 ἄπιστα
585 757 682 809 καὶ
715 754 948 808 ἀδύνατα
978 754 1321 824 νομιζόμενα
1375 754 1527 825 παρὰ
1579 756 1692 817 τοῖς
1734 752 1947 825 ἀνθριὶμ

336 867 470 911 ποις
502 846 857 917 γενήσεσθαι,
915 844 1091 897 ταῦτα
1121 848 1150 899 ὁ
1184 845 1316 908 Θεὸς
1344 847 1691 916 προεμήνυσε
1732 845 1820 898 διὰ
1851 844 1946 898 τοῦ

332 938 693 1010 προφητικοῦ
728 937 1049 1007 Πνεῦματος
1096 936 1312 1007 μέλλειν
1363 936 1630 1002 γίνεσθαι,
1690 938 1781 1001 ἵν’,
1817 938 1947 989 ὅταν

332 1030 593 1098 γένηται,
637 1029 715 1099 μὴ
746 1028 1044 1098 ἁπιστηθῇ,
1090 1027 1205 1079 ἀλλ’
1239 1029 1303 1081 ὲκ
1330 1027 1424 1080 τοῦ
1460 1027 1818 1099 προειρῆσθαι
1854 1047 1944 1082 πι-

336 1118 567 1191 στευθῇ.
609 1120 804 1182 Ὅπως
830 1119 885 1171 δέ
914 1136 1059 1182 τινες
1093 1118 1207 1187 (78)
1239 1120 1313 1191 μὴ
1343 1121 1635 1189 νοήσαντες
1666 1120 1764 1191 τὴν
1796 1120 1945 1192 δεδη-

331 1210 593 1281 λωμένην
645 1211 1008 1282 προφητείαν,
1056 1210 1424 1278 ἐγκαλέσωσιν
1470 1213 1601 1281 ἡμῖν
1655 1212 1799 1282 ἅπερ
1832 1215 1945 1264 ἑνε-

333 1304 657 1374 καλέσαμεν
685 1308 804 1365 τοῖς
860 1305 1113 1373 manui;
1143 1303 1386 1355 εἰποῦσιν
1418 1302 1742 1374 ἀφροδισίων
1784 1303 1942 1373 χάριν

333 1395 661 1466 ἐληλυθέναι
715 1396 812 1447 ἐπὶ
859 1398 1125 1463 γυναῖκας
1155 1395 1245 1448 τὸν
1274 1396 1371 1447 Δία
1390 1435 1405 1458 ,
1453 1395 1788 1466 διασαφῆσαι
1816 1396 1943 1458 τοὺς

331 1488 529 1555 λόγους
557 1486 982 1558 πειρασώμεθα.
1018 1487 1093 1539 Τὸ
1118 1483 1211 1540 οῦν
1233 1527 1246 1549 ,
1291 1486 1433 1541 Ἰδοὺ
1475 1488 1513 1555 ἠ
1547 1485 1845 1554 παρθένος
1872 1486 1942 1539 ἐν

332 1579 548 1649 γαστρὶ
574 1580 725 1643 ἓξει,
765 1580 1023 1651 σημαίνει
1052 1580 1111 1632 οὐ
1163 1579 1637 1633 συνουσιασθεῖσαν
1670 1580 1768 1651 τὴν
1797 1596 1939 1651 παρ-

334 1672 487 1725 θένον
524 1672 840 1725 συλλαϐεῖν.
866 1674 953 1740 ,Εἰ
987 1672 1096 1743 γὰρ
1126 1671 1516 1743 ὲσυνουσιάσθη
1550 1672 1656 1725 ὑπὸ
1692 1670 1934 1737 ὁτουοῦν,

330 1766 430 1817 οῦκ
458 1764 540 1817 ἔτι
568 1760 643 1836 ῆν
674 1764 953 1836 παρθένος
976 1781 989 1794 ’
1032 1764 1166 1817 ἀλλὰ
1193 1764 1420 1836 δύναμις
1447 1763 1603 1829 Θεοῦ,
1633 1762 1937 1817 ἐπελθοῦσα

2049 769 2211 824 posse
2240 753 2556 808 hominibus
2580 751 2927 815 videbantur,
2956 764 3020 803 ea
3056 750 3197 804 Deus
3219 766 3313 820 per
3368 750 3630 820 Spiritum

2048 846 2428 917 propheticum
2462 842 2645 897 futura
2699 841 3104 910 praenuntiavit,
3140 851 3200 895 ut
3244 856 3365 894 cum
3417 842 3632 896 evenis-

2049 944 2194 1001 sent,
2224 936 2357 991 ﬁdes
2378 934 2457 995 eis
2492 948 2596 988 non
2626 933 3003 1002 derogaretur,
3034 932 3128 987 sed
3164 946 3231 987 ex
3255 946 3319 986 eo
3370 932 3512 1001 quod
3541 947 3631 987 es-

2047 1042 2165 1087 sent
2204 1030 2486 1099 praedicta,
2515 1028 2892 1083 crederentur.
2922 1026 2999 1081 Ne
3028 1026 3119 1095 qui
3153 1034 3330 1079 autem
3359 1025 3627 1094 prolatam

2045 1122 2386 1195 prophetiam
2419 1122 2602 1175 minus
2631 1120 3024 1190 intelligentes,
3057 1120 3248 1173 eadem
3288 1120 3444 1174 nobis
3490 1118 3628 1188 obji-

2045 1219 2216 1277 clant,
2246 1228 2365 1282 qua:
2387 1212 2583 1282 poetis,
2616 1209 2803 1265 Jovem
2836 1209 3146 1264 dicentibus
3166 1210 3233 1265 ad
3260 1209 3516 1263 mulieres
3547 1210 3628 1263 rei

2044 1318 2292 1359 venerea:
2321 1318 2490 1357 causa
2524 1302 2852 1366 ventitasse,
2873 1301 3211 1371 objecimus;
3244 1300 3413 1355 verba
3438 1300 3627 1370 expla-

2045 1412 2176 1451 nare
2207 1406 2496 1450 tentemus.
2535 1394 2669 1449 lllud
2707 1395 2874 1465 igitur
2919 1413 2932 1449 :
2966 1394 3101 1449 Ecce
3160 1392 3318 1463 Virgo
3368 1396 3423 1448 in
3474 1404 3626 1448 utero

2042 1488 2271 1555 habebit,
2304 1487 2578 1557 significat
2611 1486 2820 1555 absque
2866 1486 3156 1540 concubitu
3209 1494 3621 1555 concepturatn.

2042 1579 2175 1633 Nam
2200 1584 2245 1634 si
2276 1594 2398 1633 cum
2461 1579 2644 1648 aliquo
2707 1579 3104 1644 consuevisset,
3152 1593 3259 1633 non
3312 1578 3425 1648 jam
3480 1587 3627 1633 esset

2040 1671 2215 1741 virgo.
2238 1670 2347 1726 Sed
2368 1671 2541 1725 virtus
2557 1670 2649 1725 Dei
2666 1671 3063 1740 superveniens
3084 1670 3295 1740 Virgini
3323 1670 3623 1725 obumbra-

2040 1764 2119 1818 vit
2146 1778 2289 1827 eam,
2322 1763 2567 1831 fecitque
2590 1773 2649 1818 ut
2688 1774 2825 1827 tum,
2874 1779 3000 1819 cum
3040 1774 3188 1819 esset
3237 1764 3430 1833 Virgo,
3481 1778 3624 1833 pm-

329 1860 396 1926 τῇ
442 1857 742 1929 Παρθένῳ,
804 1857 1131 1910 ἐπεσκίασεν
1195 1857 1395 1928 αὐτὴν,
1443 1856 1539 1911 καὶ
1593 1855 1926 1927 κυοφορῆσαι

2038 1865 2251 1928 gnaret.
2285 1857 2354 1911 Et
2384 1858 2477 1927 qui
2513 1867 2645 1912 tunc
2671 1859 2741 1912 ad
2768 1858 2941 1928 ipsam
2965 1857 3249 1926 Virginem
3284 1858 3490 1911 missus
3537 1864 3622 1910 est

326 1949 604 2020 παρθένον
639 1944 813 2001 οὖσαν
846 1950 1135 2020 πεποίηκε.
1186 1949 1297 2001 Καὶ
1323 1951 1351 2001 ὁ
1381 1945 1776 2008 ἀποσταλεὶςδὲ
1796 1946 1935 2018 πρὸς

321 2044 498 2113 ainﬁv
530 2042 638 2113 τὴν
669 2041 945 2113 παρθένον
974 2043 1095 2094 κατ’
1128 2042 1304 2094 ἐκεῖνο
1330 2040 1423 2093 τοῦ
1480 2039 1673 2111 καιροῦ
1703 2039 1935 2107 ἄγγελος

319 2132 482 2197 Θεοῦ,
517 2132 926 2203 εὐηγγελίσατο
958 2132 1128 2203 αὐτὴν
1186 2131 1352 2185 εἰπών
1376 2150 1389 2163 ·
1436 2132 1581 2186 Ἰδοὺ
1637 2131 1933 2202 συλλήψῃ

316 2226 390 2278 ἐν
420 2226 643 2294 γαστρὶ
667 2226 743 2279 ἐκ
772 2226 1121 2295 Πνεύματος
1148 2225 1340 2293 ἁγίου,
1362 2225 1461 2279 καὶ
1486 2224 1630 2293 τέξῃ
1658 2225 1812 2288 υἱὸν,
1835 2224 1936 2278 καὶ

326 2320 465 2384 nec
535 2319 850 2387 ’Υψίστου
888 2316 1280 2385 ικληθήσεται
1302 2334 1315 2348 ο
1366 2317 1466 2371 καὶ
1526 2316 1809 2383 καλέσεις
1863 2316 1932 2370 τὸ

318 2412 514 2481 ἄνομα
586 2411 785 2466 αὐτοῦ
843 2411 1080 2480 Ἰησοῦν
1114 2429 1127 2441 ·
1181 2410 1365 2477 αὐτὸς
1420 2410 1533 2480 γὰρ
1589 2409 1775 2463 σώσει
1824 2409 1932 2461 τὸν

318 2504 479 2557 latr
521 2504 724 2558 αὐτοῦ
773 2503 894 2558 ἀπὸ
941 2502 1063 2557 τῶν
1120 2502 1419 2572 ἁμαρτιῶν
1462 2501 1695 2557 αὐτῶνθ
1757 2502 1833 2565 ὡς
1879 2503 1930 2554 οἱ

318 2596 933 2673 ἀπομνημονεύσαντες
1002 2594 1182 2648 πάντα
1230 2593 1299 2647 τὰ
1351 2595 1481 2666 περὶ
1530 2593 1625 2647 τοῦ
1676 2593 1930 2663 Σωτῆρος

317 2687 481 2758 ἡμῶν
512 2688 701 2759 Ἰησοῦ
758 2686 999 2757 Χριστοῦ
1041 2685 1316 2752 ἐδίδαξαν
1357 2682 1440 2750 οἷς
1486 2685 1923 2756 ἐπιστεύσαμεν·

542 2783 643 2834 καὶ
673 2781 765 2834 διὰ
809 2782 1034 2834 Ἡσαΐου
1063 2780 1158 2833 τοῦ
1192 2777 1666 2850 προδεδηλωμένου
1697 2777 1760 2830 τὸ
1791 2794 1923 2847 προ-

320 2874 553 2945 φητικὺν
583 2872 821 2944 Πνεῦμα
848 2872 1037 2927 τοῦτον
1066 2872 1448 2943 γενησόμενον,
1483 2871 1558 2933 ὼς
1588 2869 1927 2942 προεμηνύο-

322 2986 423 3039 μεν
458 2969 597 3035 (79),
635 2967 767 3036 ἔφη.
803 2968 876 3019 Τὸ
905 2966 1129 3036 Πνεῦμα
1157 2961 1248 3018 οὖν
1288 2964 1382 3018 καὶ
1413 2964 1511 3035 τὴν
1550 2963 1779 3034 δύναμιν
1826 2961 1926 3033 τὴν

319 3060 473 3131 παρὰ
499 3059 597 3112 τοῦ
632 3058 778 3110 Θεοῦ
809 3057 959 3111 οὐδὲν
991 3057 1118 3110 ἄλλο
1150 3058 1338 3128 νοῆσαι
1396 3055 1552 3126 θέμις
1574 3094 1589 3120 ,
1633 3054 1667 3125 ἢ
1706 3055 1796 3107 τὸν
1825 3054 1927 3106 Λὸ-

318 3170 438 3221 γον,
487 3152 550 3214 ὃς
579 3152 681 3205 καὶ
703 3150 1057 3222 πρωτότοκος
1082 3149 1161 3220 τῷ
1192 3148 1310 3219 Θεῷ
1338 3151 1457 3202 ἐστι
1474 3188 1488 3212 ,
1517 3146 1726 3217 Μωσῆς
1754 3146 1867 3216 (80)
1895 3146 1925 3199 ὁ

2036 1950 2279 2022 Angelus
2321 1950 2441 2017 Dei,
2476 1951 2557 2006 sic
2600 1950 2781 2006 laetum
2829 1951 2881 2006 ei
2929 1950 3184 2005 nuntium
3226 1949 3405 2004 attulit
3439 1967 3455 2005 :
3485 1947 3622 2005 Ecce

2034 2041 2291 2108 concipias
2323 2041 2379 2094 in
2410 2048 2558 2094 utero
2579 2056 2643 2095 ea:
2665 2038 2875 2109 Spiritu
2904 2051 3108 2105 sancto,
3138 2048 3188 2094 et
3209 2043 3384 2110 paries
3424 2042 3614 2110 filium,

2034 2144 2081 2187 et
2104 2131 2283 2187 Filius
2312 2132 2573 2187 Altissimi
2602 2133 2880 2186 vocabitur
2900 2146 2919 2184 :
2944 2143 2994 2186 et
3025 2133 3236 2187 vocabis
3268 2149 3457 2187 nomen
3504 2133 3617 2202 ejus

2032 2225 2237 2281 Iesum.
2286 2225 2409 2296 Ipse
2464 2229 2603 2281 enim
2654 2227 2858 2281 salvum
2907 2226 3067 2296 faciet
3108 2226 3360 2295 populum
3402 2242 3556 2280 suum
3585 2243 3618 2279 a

2031 2320 2256 2390 peccatis
2284 2335 2466 2374 eorum
2485 2321 2537 2350 “
2554 2320 3008 2389 quemadmodum
3033 2321 3356 2383 docuerunt,
3384 2320 3474 2389 qui
3500 2334 3618 2374 om—

2031 2414 2123 2468 nia
2153 2414 2221 2468 ad
2256 2412 2600 2470 Salvatorem
2629 2422 2881 2469 nostrum
2912 2413 3096 2470 Jesum
3127 2414 3409 2470 Christum
3438 2415 3616 2484 perti-

2029 2506 2215 2561 nentia
2242 2505 2443 2560 litteris
2468 2505 2828 2573 mandarunt;
2850 2507 3049 2576 quibus
3072 2506 3291 2576 quidem
3316 2503 3614 2562 credimus,

2029 2602 2156 2672 quia
2186 2615 2286 2670 per
2312 2616 2437 2656 eum
2461 2602 2652 2665 etiam,
2679 2615 2841 2670 quem
2860 2601 2973 2670 jam
2998 2600 3260 2664 diximus,
3277 2598 3474 2653 Isaiam
3495 2593 3616 2664 Spi-

2029 2695 2174 2749 ritus
2205 2693 2562 2762 propheticus
2593 2692 2743 2746 illum
2780 2693 2879 2755 ita,
2912 2693 2988 2746 uti
3029 2690 3403 2760 exposuimus,
3438 2687 3616 2743 nasci-

2029 2793 2210 2839 turum
2244 2782 2404 2837 dixit.
2444 2782 2711 2851 Spiritum
2746 2782 2913 2851 igitur
2934 2790 2988 2837 et
3020 2783 3276 2835 virtutem
3299 2795 3420 2850 qua:
3446 2793 3477 2832 a
3504 2778 3616 2833 Deo

2026 2887 2131 2943 est,
2181 2875 2316 2931 nihil
2366 2875 2511 2929 aliud
2544 2874 2627 2929 l'as
2672 2884 2758 2929 est
2789 2874 3118 2943 intelligere,
3151 2888 3315 2942 quam
3349 2871 3611 2937 Verbum,

2026 2968 2169 3036 quod
2198 2978 2252 3022 et
2285 2967 2395 3021 Deo
2424 2966 2851 3036 primogenitum
2882 2976 2986 3032 est,
3020 2974 3081 3019 ut
3104 2966 3172 3031 is,
3200 2978 3360 3033 quem
3380 2963 3493 3032 jam
3524 2964 3610 3017 di-

2025 3060 2226 3126 ximus,
2254 3058 2467 3130 Moyses
2498 3058 2763 3128 propheta
2787 3055 3068 3111 iudicavit.
3091 3056 3270 3124 Atque
3306 3054 3397 3109 hic
3438 3053 3614 3123 Spiri-

2030 3162 2113 3207 tus
2144 3168 2269 3207 cum
2302 3153 2355 3206 in
2401 3151 2683 3221 Virginem
2731 3151 2955 3220 illapsus
2993 3157 3155 3213 esset,
3209 3148 3370 3217 eique
3412 3148 3611 3202 obum-

320 3244 813 3317 προδεδηλωμένος
846 3244 1133 3313 προφήτης
1164 3242 1423 3313 ἐμήνυσε.
1468 3239 1580 3294 Καὶ
1620 3237 1800 3301 τοῦτο,
1837 3237 1924 3289 ὲλ-

2030 3245 2265 3310 brasset,
2307 3244 2457 3299 illam
2487 3259 2595 3297 non
2615 3258 2682 3297 ex
2706 3242 3023 3307 concubitu,
3048 3243 3142 3297 sed
3161 3256 3226 3296 ex
3250 3242 3453 3295 virtute
3470 3254 3610 3309 pm:-

322 3340 409 3391 θον
440 3338 537 3390 ἐπὶ
554 3337 663 3407 τὴν
692 3335 976 3407 Παρθένον
1006 3335 1099 3386 καὶ¹
1136 3334 1482 3398 ὲπισκιὰσαν,
1528 3332 1587 3385 οὐ
1617 3331 1705 3384 διὰ
1736 3348 1924 3384 συνου-

324 3430 464 3494 σίας,
513 3428 659 3481 ἀλλὰ
702 3428 794 3481 διὰ
835 3426 1117 3496 δυνάμεως
1174 3426 1451 3496 ἐγκύμονα
1497 3424 1819 3494 κατέστησε.
1850 3424 1923 3476 Τὸ

322 3524 375 3575 δὲ
401 3522 619 3593 Ἰησοῦς
647 3522 824 3591 ὄνομα
845 3522 911 3591 τῇ
959 3519 1199 3590 Ἐϐραΐδι
1230 3521 1379 3589 φωνῇ
1413 3517 1596 3588 σωτὴρ
1630 3518 1695 3587 τῇ
1738 3514 1923 3586 Ἐλλη-

323 3615 424 3669 viri:
451 3615 730 3683 διαλέκτῳ
781 3612 949 3685 δηλοῖ.
992 3610 1152 3665 Ὅθεν
1182 3612 1276 3664 καὶ
1307 3613 1335 3663 ὁ
1372 3608 1603 3678 ἄγγελος
1649 3607 1787 3678 πρὸς
1817 3606 1917 3677 τὴν

324 3707 599 3778 Παρθένον
613 3702 762 3769 εἶπε,
777 3704 873 3758 καὶ
886 3703 1168 3769 καλέσεις
1181 3702 1247 3756 τὸ
1260 3702 1446 3770 ὄνομα
1457 3699 1643 3754 αὑτοῦ
1655 3697 1918 3767 Ἰησοῦν

325 3799 504 3865 αὐτὸς
530 3799 647 3868 τὰρ
678 3796 868 3852 σώσει
897 3796 1004 3850 τὸν
1034 3795 1189 3851 λαὸν
1226 3794 1414 3849 αὐτοῦ
1443 3793 1563 3848 ἀπὸ
1593 3790 1713 3845 τῶν
1737 3795 1922 3861 ἀμαρ-

327 3890 463 3943 τιῶν
497 3889 731 3944 αὐτῶν.
777 3890 896 3943 Ὀτι
943 3888 999 3942 δὲ
1052 3887 1229 3940 οὐδενὶ
1255 3886 1400 3956 ἄλλῳ
1446 3881 1827 3954 θεοφοροῦνται
1871 3884 1921 3936 οἱ

329 3982 770 4053 προφητεύοντες
808 3983 859 4035 εί
895 3980 971 4052 μὴ
1002 3978 1148 4050 λόγῳ
1176 3978 1306 4049 θείῳ
1338 3979 1473 4050 (81),
1516 3977 1612 4031 καὶ
1641 3976 1817 4047 ὑμεῖς,
1844 3974 1920 4038 ὡς

328 4076 725 4147 ὑπολαμϐάνω,
761 4075 981 4144 φήσετε.

394 4167 484 4219 54.
526 4168 708 4220 Ὅπου
742 4165 799 4217 δὲ
835 4164 928 4217 καὶ
958 4164 1059 4235 τῆς
1099 4164 1203 4233 γῆς
1240 4162 1530 4232 γεννᾶσθαι
1567 4160 1813 4233 ἔμελλεν,
1845 4160 1921 4224 ὡς

328 4265 591 4331 προεῖπν
619 4260 810 4330 ἕτερος
834 4260 1119 4330 προφήτης
1139 4259 1167 4310 ὁ
1190 4256 1451 4326 Μιχαίας,
1475 4254 1924 4324 ἀκούσατε.’Έφη

324 4356 379 4408 δὲ
431 4355 640 4418 οὕτως·
686 4353 797 4407 Καὶ
835 4352 937 4417 σὺ,
980 4351 1249 4420 Βηθλεὲμ
1287 4349 1362 4419 τῆ
1403 4347 1609 4413 Ἰούδα,
1653 4345 1925 4416 οὐδαμῶς

394 4524 439 4553 τι
484 4521 596 4576 lsa.
626 4536 728 4585 vn,
762 4519 853 4575 14.
928 4520 975 4552 ⁷³
1015 4519 1151 4579 Luc.
1180 4535 1223 4588 ι,
1252 4520 1309 4585 '5,
1335 4518 1441 4585 52;
1482 4515 1672 4572 Matth.
1708 4530 1750 4583 ι,
1778 4515 1868 4570 2t.

397 4692 749 4766 (78)h'0.zuc
775 4692 843 4747 δέ
872 4711 1049 4761 τινες.
1080 4692 1397 4766 Legendum
1422 4700 1604 4748 monet
1634 4689 1913 4745 Thirlbius
1947 4692 1989 4748 D

327 4764 473 4837 ὅπως
588 4767 662 4837 μή
694 4781 857 4827 τινες.

399 4782 473 4826 ως
498 4782 662 4887 οεὸιη
694 4782 857 4827 τινες.

399 4836 515 4917 (.1?)
552 4836 652 4917 I_c
674 4835 1144 4917 προειεηνύομενο
1171 4833 1413 4915 οιθτοπι·
1460 4831 1907 4917 ementium-

402 4902 518 4975 (80)
544 4902 793 4973 Μωσῆς.
820 4902 1138 4975 Νεηιοέει,
1166 4905 1257 4975 qui
1286 4919 1392 4975 non
1419 4902 1687 4975 advertat,
1726 4902 1915 4970 legen-

333 4976 457 5031 dum
487 4973 611 5033 esse
656 4976 733 5039 ὡς
762 4975 991 5046 Μωσῆς.
1022 4974 1127 5046 Sed
1156 4973 1391 5030 Grabius
1448 4974 1616 5046 longe
1640 4974 1913 5046 diversam

330 5047 656 5101 emendandi
685 5040 967 5113 hujusloci
1001 5045 1265 5099 rationem
1292 5040 1570 5111 sequitur:
1593 5040 1908 5113 Legendum

329 5121 470 5170 enim
502 5127 677 5186 putat,
735 5116 813 5180 ὡς
846 5115 1094 5186 Ἡσαΐας,
1119 5123 1279 5186 atque
1307 5129 1551 5186 errorem
1581 5114 1704 5186 inde
1734 5118 1911 5186 orth

334 5180 934 5255 tmtatquodScriptum
960 5185 1152 5255 luisset
1174 5180 1456 5239 brevitatis
1481 5198 1646 5239 causa
1675 5183 1752 5246 ὡς
1791 5180 1911 5234 Ἡσ.

335 5253 473 5310 imde
508 5253 715 5311 factum
744 5256 977 5325 Μωσῆς.
1024 5253 1257 5325 Necesse
1286 5262 1509 5325 noniest
1542 5261 1912 5325 commentum

335 5327 781 5385 hominiseruditi
810 5318 1064 5395 pluribus
1089 5323 1359 5379 refellere.
1401 5324 1597 5395 Liquet
1626 5324 1770 5395 enim
1817 5318 1912 5374 Ju-

333 5398 553 5461 stinum,
579 5399 669 5465 qni
702 5393 961 5451 hoc—loco
998 5394 1235 5465 Verb;m
1280 5404 1421 5465 ante
1472 5393 1909 5465 incarnationem

330 5461 751 5537 primogenitum
804 5482 934 5521 esse
988 5464 1165 5527 docet,
1191 5464 1789 5537 _tninime_respexisse
1839 5461 1908 5514 ad

330 5537 477 5589 Isaia:
504 5533 733 5593 deFilio
772 5539 1074 5590 incarnato
1106 5543 1159 5586 et
1191 5533 1414 5601 Virgine
1438 5533 1603 5587 Deum
1660 5533 1907 5601 pariente

328 5608 567 5678 oracula.
596 5611 665 5663 At
688 5607 895 5678 Moysis
923 5603 1248 5678 auc_t_ori_tate
1271 5602 1532 5678 Iustinus
1565 5605 1754 5678 utitur.
1786 5602 1904 5655 dia-

330 5675 504 5744 lng.n.
533 5679 623 5742 50,
660 5690 718 5731 ιιι
756 5671 965 5745 probet
1020 5672 1247 5745 Verbum
1287 5688 1405 5729 esse
1454 5671 1899 5745 primogenitum.

330 5742 502 5815 Quare
526 5765 631 5802 non
657 5742 821 5802 debet
851 5745 1036 5799 Isaias
1062 5744 1112 5795 in
1132 5742 1323 5815 Moysis
1342 5742 1516 5801 iocum
1538 5742 1653 5800 huc
1670 5742 1893 5801 intrudi.

333 5814 456 5873 \‘nlc
483 5821 623 5876 hunc
644 5817 863 5893 Dtalogi
895 5815 1107 5870 locum.

2030 3347 2284 3409 gnantem
2308 3336 2507 3393 eﬁ‘ecit.
2539 3336 2695 3392 Jesus
2724 3348 2927 3403 autem,
2960 3334 3456 3405 llebraicaelinguac
3509 3349 3610 3388 no-

2033 3449 2179 3498 men,
2210 3433 2352 3487 idem
2384 3441 2542 3485 sonat
2575 3429 2766 3485 erco
2793 3444 3045 3485 sermone
3072 3444 3135 3485 ac
3166 3428 3434 3483 Salvator.
3456 3427 3608 3483 Unde

2031 3525 2256 3595 angelus
2285 3525 2352 3579 ad
2376 3522 2639 3592 virginem
2693 3522 2832 3576 dixit
2861 3536 2874 3571 :
2905 3521 2977 3575 Et
3033 3521 3241 3576 vocabis
3291 3536 3475 3575 nomen
3515 3518 3609 3573 Je-

2029 3636 2177 3685 sum;
2206 3620 2316 3690 ipse
2345 3619 2483 3673 enim
2513 3619 2714 3673 salvum
2745 3618 2904 3688 faciet
2934 3616 3182 3687 populum
3200 3631 3404 3670 suuma
3430 3630 3608 3683 pecca-

2026 3715 2092 3768 tis
2109 3730 2310 3768 eorum.
2339 3713 2711 3769 Vaticinantes
2733 3722 2914 3769 autem
2942 3713 3068 3767 dum
3089 3710 3351 3766 divinitus
3364 3707 3603 3765 ederun-

2029 3815 2136 3870 tur,
2164 3807 2312 3861 nulla
2363 3807 2468 3860 alia
2519 3822 2580 3861 re
2615 3807 2827 3871 ell'erri,
2874 3821 3037 3876 quam
3068 3806 3236 3859 verbo
3268 3803 3475 3869 divino,
3510 3816 3606 3857 vos

2026 3912 2262 3968 quoque,
2302 3899 2564 3965 arbitror,
2606 3898 2818 3954 dicetis.

2091 4151 2200 4224 65
2237 4151 2327 4207 54.
2375 4149 2475 4206 Ubi
2520 4158 2703 4204 autem
2751 4158 3021 4204 terrarum
3070 4146 3378 4203 nasciturus
3424 4158 3598 4215 esset,

2023 4248 2295 4319 quomodo
2327 4246 2466 4301 alius
2514 4246 2775 4317 propheta
2828 4244 3082 4299 Michaeas
3132 4243 3469 4312 praedixerit,
3505 4258 3602 4296 au-

2028 4342 2159 4397 dite.
2185 4339 2277 4396 Sic
2323 4346 2502 4395 autem
2534 4338 2673 4397 dixit
2708 4357 2722 4392 :
2754 4336 2820 4391 Et
2848 4333 3391 4403 tu,Bethlehemterra
3416 4334 3599 4398 Iudae,

2086 4685 2200 4756 (8i)
2228 4685 2400 4756 Λόγῳ
2429 4682 2591 4756 θείῳ.
2627 4679 2985 4756 Nequaquam
3031 4678 3148 4756 haec
3170 4680 3256 4756 de
3286 4677 3467 4756 Verbo
3502 4675 3594 4756 Dei

2017 4747 2255 4821 Filio,'ut
2280 4747 2671 4810 eiistimarunt
2697 4747 3021 4821 interpretes
3044 4750 3263 4821 Jttstini.
3279 4747 3595 4821 accipienda

2018 4818 2175 4894 Sunt,
2195 4826 2291 4881 sed
2314 4825 2383 4894 de
2412 4822 2799 4894 eloquiis__l)ei,
2838 4818 2958 4890 quae
2996 4820 3333 4894 inﬂammant
3360 4818 3596 4894 prophe-

2019 4909 2123 4962 tas,
2151 4885 2218 4950 ιιι
2237 4895 2306 4950 de
2354 4885 2593 4963 Josepho
2642 4885 2973 4963 dictum—est
3010 4890 3071 4963 _in
3114 4887 3328 4963 psalmo
3361 4885 3503 4963 ὀινξε-
3532 4885 3595 4940 τὸ

2019 4909 2123 4962 tas,
2156 4905 2218 4950 ut
2237 4904 2306 4950 de
2354 4904 2593 4963 Josepho
2642 4904 2848 4946 atctum
2888 4904 2973 4973 est
3018 4906 3071 4944 In
3118 4904 3328 5011 psalmo
3369 4904 3495 4944 CIV:
3532 4904 3595 4940 το

2016 4969 2196 5038 λόγιον
2220 4965 2314 5038 τοῦ
2343 4964 2548 5037 Κυρίου
2586 4960 3070 5038 ᾄπύρωσεναυτᾲν.
3106 4961 3421 5028 Luanquam
3462 4958 3595 5013 Ver-

2017 5031 2145 5093 bum
2182 5036 2391 5104 aspirat
2432 5031 2732 5104 'prophetis
2755 5047 2851 5104 per
2876 5031 3142 5104 Spiritum
3166 5038 3448 5104 sanctum;
3485 5044 3590 5104 non

2020 5118 2201 5162 tamen
2233 5098 2567 5174 quadrabat,
2594 5098 2954 5174 ullustinus,
2978 5102 3068 5174 qui
3107 5102 3326 5156 tertiam
3350 5098 3592 5174 _Tri_nita-

2021 5180 2089 5233 tis
2113 5170 2412 5231 Personam
2447 5174 2724 5245 appellare
2746 5172 2882 5245 solet
2923 5171 3184 5245 Spiritum
3209 5170 3589 5245 pr0pbe_tic_um

2014 5248 2098 5318 (ut
2124 5262 2275 5302 num.
2291 5246 2346 5313 6,
2371 5240 2505 5302 15οῖ
2519 5240 2640 5318 3'5),
2659 5243 2954 5318 prophetas
2970 5240 3043 5295 ab
3063 5241 3191 5318 alia,
3213 5254 3372 5318 quam
3390 5240 3587 5307 Verbo,

2012 5310 2255 5373 Persona
2306 5310 2533 5387 negaret
2557 5310 3058 5387 amari.’lfraet_erea
3089 5310 3449 5387 haec_verba_,
3496 5325 3585 5364 vos

2010 5403 2241 5457 quoque,
2272 5380 2526 5453 arbitror,
2550 5385 2762 5457 dicetis,
2797 5381 3084 5457 J_ustinutg
3121 5380 3357 5457 probant
3406 5382 3473 5435 de
3524 5394 3586 5434 re

2012 5449 2159 5513 facili
2190 5449 2243 5511 et
2266 5449 2577 5527 pervulgata
2606 5454 2773 5524 loqui.
2817 5451 2987 5505 Porro
3042 5449 3329 5527 Trinitatis
3353 5458 3591 5527 ⁸ιιιῖεισιει

2016 5531 2155 5583 rium
2180 5519 2420 5583 ethnicis
2447 5519 2633 5582 notum
2662 5519 2769 5578 non
2821 5530 2956 5585 erat,
2989 5521 3075 5577 vel
3119 5522 3299 5589 potius
3350 5519 3586 5589 invisum

2012 5609 2137 5652 erat
2186 5608 2241 5651 et
2289 5599 2514 5652 stultum
2570 5594 2883 5649 videbatur.
2919 5603 2981 5646 ut
3033 5588 3290 5648 observat
3339 5588 3589 5646 Justinus

2008 5685 2163 5724 nmn.
2199 5668 2287 5723 l5.
2310 5670 2382 5723 At
2406 5677 2559 5723 vates
2586 5663 2821 5733 eloquiis
2853 5662 3052 5717 divinis
3082 5661 3409 5718 inﬂammari
3433 5668 3487 5716 et
3508 5659 3589 5712 ef-

2004 5740 2162 5865 ‘f‘erri,
2195 5755 2283 5796 res
2312 5748 2433 5795 erat
2459 5739 2525 5795 ad
2551 5736 2799 5795 omnium
2825 5733 3244 5805 intelligentiam
3274 5745 3587 5791 accomtnor

2041 5817 2148 5865 ata.

2041 5817 2148 5871 ata.
