4006 6254
419 371 525 430 383

1384 373 1442 429 S.
1485 373 1754 430 JUSTlNl
1794 371 2203 430 PlllLOSOPlll
2254 373 2342 426 ET
2383 371 2740 428 MARTYRIS

3589 378 3698 435 384

421 507 751 562 nequaquam
795 492 1018 547 minima
1062 508 1115 546 es
1147 492 1201 546 in
1245 493 1573 564 principibus
1610 494 1769 550 Iuda:
1801 512 1818 550 ε
1848 513 1912 550 ea:
1956 503 1997 550 te

2105 495 2396 563 ἐλαχίστη
2426 491 2483 549 εἷ
2505 496 2574 548 ἐν
2595 495 2717 562 τοῖς
2751 496 3042 566 ἡγεμόσιν
3087 495 3273 550 Ἰούδα
3294 515 3308 530 ·
3339 497 3407 552 ἐκ
3444 498 3561 552 σοῦ
3586 499 3696 567 γὰρ

420 586 560 638 enim
613 586 907 654 egredietur
944 588 1080 649 dux,
1114 587 1206 655 qui
1235 597 1412 654 pascet
1442 588 1697 657 populum
1742 605 1912 642 meum
1931 591 1997 642 ⁷³.

425 675 520 730 Est
545 687 727 731 autem
755 677 908 732 vicus
938 679 1157 744 quidam
1190 680 1242 732 in
1273 690 1415 734 terra
1453 678 1785 746 Judaaorum,
1811 682 2002 737 staztliis

421 768 646 839 triginta
701 770 940 839 quinque
979 771 1374 841 Hierosolymis
1425 771 1658 837 distans,
1707 774 1796 826 ubi
1838 783 1998 826 natus

419 868 502 912 est
533 857 690 914 Jesns
711 861 981 924 Christus,
1011 862 1472 930 quemadmodum
1497 873 1551 916 et
1580 878 1644 916 ex
1676 863 2002 926 descriptio-

421 953 580 1006 nibus
611 970 807 1008 census
833 955 1042 1008 discere
1070 956 1452 1026 potestis,qu:e
1484 959 1583 1010 sub
1609 956 1862 1026 Cyrenio,
1890 957 2001 1023 pri-

421 1059 510 1099 mo
534 1053 716 1100 vestro
745 1047 795 1100 in
829 1045 1013 1101 Judma
1051 1049 1303 1118 praeside,
1336 1047 1600 1104 coalectte
1628 1058 1773 1102 sunt.

487 1222 578 1277 35.
620 1223 774 1289 Quod
803 1234 986 1278 autem
1019 1225 1266 1280 futurum
1294 1235 1413 1280 erat
1454 1236 1514 1281 ut
1559 1225 1813 1282 Christus
1838 1235 2002 1283 natus

416 1319 647 1365 caeteros
674 1311 925 1367 homines
961 1329 1130 1382 usque
1169 1317 1236 1368 ad
1265 1323 1481 1370 aetatem
1524 1318 1736 1372 virilem
1778 1317 1997 1384 lateret,

421 1402 472 1455 id
502 1403 646 1470 quod
684 1405 908 1469 evenit;
959 1421 1082 1474 quae
1137 1407 1399 1474 prmdicta
1431 1408 1542 1462 sint
1573 1424 1636 1462 ea
1670 1409 1735 1464 de
1768 1426 1824 1465 re
1847 1413 2000 1466 audi-

419 1502 491 1552 te.
527 1496 616 1549 Sic
653 1506 832 1550 autem
861 1497 1060 1552 habent
1090 1518 1102 1553 :
1135 1498 1277 1554 Puer
1304 1511 1460 1554 nutus
1488 1511 1566 1554 est
1589 1503 1736 1556 nobis
1755 1545 1769 1568 ,
1795 1516 1842 1557 et
1868 1506 2000 1558 ado-

415 1587 730 1643 lescentulus
753 1591 910 1644 datus
933 1602 1010 1645 est
1033 1592 1179 1646 nobis
1208 1608 1225 1646 :
1253 1594 1405 1661 cujus
1435 1611 1595 1663 super
1618 1598 1862 1651 humeros
1895 1599 1996 1650 im-

415 1681 620 1748 perium
648 1681 847 1751 ejus",
873 1682 1131 1739 indicium
1163 1687 1419 1756 potentia:
1451 1690 1653 1756 crucis,
1682 1690 1769 1744 cui
1808 1691 1998 1748 allixus

415 1769 676 1826 humeros
717 1772 1006 1842 applicuit,
1033 1780 1494 1844 quemadmodum
1543 1796 1833 1850 progressu
1872 1799 1997 1838 ora-

419 1855 583 1910 tionis
614 1858 818 1914 clarius
843 1860 1320 1920 demonstrabitur.
1349 1867 1561 1924 Rursus
1594 1870 1734 1924 idem
1758 1873 1996 1941 prophe-

417 1954 469 2000 ta
519 1946 685 2003 Isaias
739 1951 1000 2008 divinitus
1058 1953 1272 2012 alllatus
1324 1974 1355 2014 a
1405 1960 1611 2029 Spiritu
1673 1965 1993 2034 prOphetico

415 2039 595 2093 dixit:
633 2041 876 2111 lfxpaudi
915 2062 1104 2099 manus
1150 2065 1292 2102 meas
1342 2052 1412 2103 ad
1459 2053 1714 2123 papulum
1744 2058 1993 2111 incredu-

415 2129 524 2183 .’um
551 2139 601 2185 et
622 2137 1090 2204 contradicenlem,
1110 2142 1177 2192 ad
1202 2157 1288 2194 eos
1313 2146 1401 2211 qui
1427 2144 1674 2199 incedunt
1705 2149 1759 2201 in
1786 2151 1866 2203 via
1891 2167 1996 2204 non

416 2221 573 2278 bona.
612 2224 896 2282 Postulaut
940 2247 1077 2284 nunc
1123 2249 1155 2285 a
1199 2249 1280 2287 me
1317 2235 1584 2302 judicium
1618 2249 1664 2293 et
1698 2245 1995 2310 appropin-

415 2332 579 2384 quare.
639 2317 748 2392 Deo
795 2322 1078 2378 audent”.
1132 2324 1212 2379 Ac
1260 2343 1450 2382 rursus
1495 2329 1618 2384 aliis
1673 2334 1852 2388 verbis
1900 2351 1996 2404 per

415 2407 578 2460 alium
613 2412 930 2480 prophetam
969 2415 1046 2468 ait
1077 2434 1089 2468 :
1125 2416 1239 2485 Ipsi
1279 2418 1526 2487 foderunt
1560 2440 1704 2478 nicas
1735 2442 1922 2481 manus
1947 2437 1997 2482 et

414 2499 596 2562 pedes,
620 2514 668 2553 et
689 2503 935 2572 jeceruut
963 2517 1156 2560 sortem
1179 2525 1339 2578 super
1357 2515 1720 2568 vestimentum
1741 2534 1912 2572 meum
1928 2522 1995 2576 ⁷⁸.

413 2591 491 2645 Ac
511 2592 673 2647 David
693 2597 930 2665 quidem,
952 2615 1042 2654 rex
1061 2612 1116 2654 et
1144 2605 1430 2672 propheta,
1447 2607 1539 2675 qui
1564 2608 1677 2664 hac
1690 2611 1847 2677 dixit,
1864 2614 1998 2668 nihil

414 2680 609 2736 horum
629 2699 822 2752 passus
847 2697 948 2742 est.
968 2688 1169 2744 Christi
1189 2704 1367 2747 autem
1390 2695 1514 2750 Jesu
1537 2715 1731 2754 manus
1748 2718 2000 2773 expansa:

413 2769 654 2840 fuerunt,
675 2792 794 2830 cum
811 2794 839 2832 a
855 2778 1058 2836 ludatis
1073 2787 1486 2857 cruciﬁgeretur
1502 2769 2000 2853 contradicentibus

413 2875 466 2919 et
500 2871 873 2926 asserentibus
903 2888 1029 2928 eum
1057 2893 1164 2932 non
1191 2894 1312 2935 esse
1340 2882 1644 2941 Christum.
1672 2885 1808 2940 Nam
1842 2898 1899 2943 et
1935 2889 2000 2943 il-

411 2957 547 3028 lum,
581 2971 638 3017 ut
687 2965 821 3019 dixit
867 2970 1159 3037 propheta,
1187 2988 1285 3038 per
1339 2975 1629 3032 ludibrium
1657 2981 1711 3036 in
1743 2981 2002 3038 tribunali

411 3057 752 3111 collocarunt
781 3072 836 3114 et
866 3062 1143 3130 dixerunt,
1185 3065 1383 3122 Judica
1415 3073 1584 3128 nobis.
1620 3071 1751 3126 Illud
1794 3083 1998 3143 autem,

411 3147 690 3204 Foderunt
717 3169 860 3207 meas
890 3171 1081 3210 manus
1115 3167 1163 3211 et
1186 3161 1364 3227 pedes,
1395 3165 1637 3217 narratio
1666 3175 1786 3218 erat
1813 3167 1994 3223 clavo--

411 3257 558 3307 rum,
601 3245 796 3314 quiin
845 3262 1011 3305 cruce
1051 3251 1302 3308 manibus
1335 3251 1454 3322 ejus
1492 3266 1546 3310 et
1580 3259 1808 3325 pedibus
1839 3261 1996 3316 inlixi

411 3346 560 3392 sunt.
602 3339 665 3393 Et
700 3349 987 3410 postquam
1032 3357 1157 3397 eum
1199 3348 1616 3416 crucilixeruut,
1650 3362 1801 3408 sorte
1829 3353 2000 3409 duxe-

410 3437 542 3482 runt
568 3429 686 3498 ejus
715 3433 1121 3498 vestimentum,
1151 3435 1395 3500 illudque
1419 3438 1562 3494 inter
1582 3457 1642 3495 se
1673 3442 1854 3511 partiti
1874 3451 2001 3497 sunt

410 3520 506 3590 qui
535 3536 657 3575 eum
691 3525 1104 3582 cruciﬁxerant.
1131 3528 1311 3598 Atque
1338 3531 1453 3585 haec
1487 3532 1560 3585 ita
1593 3544 1744 3602 gesta
1775 3551 1898 3590 esse
1930 3554 1998 3593 ex

411 3613 552 3666 actis
597 3615 697 3668 sub
742 3613 940 3671 Pontio
969 3615 1144 3674 Pilato
1191 3619 1457 3675 conlectis
1499 3621 1712 3678 discere
1748 3627 1994 3694 potestis.

411 3704 567 3771 Quod
605 3716 786 3762 autem
823 3709 1029 3763 diserte
1066 3712 1386 3779 praedictum
1430 3711 1607 3768 fuerat
1653 3730 1779 3770 eum
1827 3719 1994 3775 asina

408 3795 559 3865 pullo
587 3812 861 3852 scssurunt
886 3811 938 3854 et
968 3800 1398 3875 Hierosolymam
1432 3809 1839 3878 ingressurum,
1864 3829 1994 3881 pro-

409 3890 662 3944 nuntiata
694 3893 762 3945 ab
787 3894 894 3947 alio
921 3897 1184 3965 propheta
1229 3899 1508 3968 Sophouia
1550 3903 1794 3960 vaticinii
1828 3907 1992 3962 verba

412 3983 681 4038 dabimus.
712 3983 804 4040 Sic
847 3997 1030 4041 autent
1059 3991 1298 4046 habent:
1331 3991 1537 4048 Lwtare
1566 3995 1888 4052 vehementer
1920 4003 1989 4069 ft-

497 4159 545 4192 τ⁸
583 4155 744 4214 Mich.
780 4174 834 4225 ν,
868 4162 922 4216 2.
1067 4161 1114 4194 ⁷⁸
1150 4161 1254 4217 lsa.
1295 4180 1371 4232 lx,
1403 4165 1457 4220 6.

487 4332 599 4408 (82)
772 4327 811 4404 ᾖ
838 4332 1152 4408 ἐτεννήᾂη.
1197 4332 1333 4408 Vide
1354 4335 1566 4408 Dialog.
1599 4355 1654 4394 η.
1683 4339 1769 4394 77.

488 4404 598 4484 (δᾷ)
654 4405 1029 4470 Ἐπιτρόπου.
1070 4405 1497 4484 NegatGrabius
1515 4404 1621 4484 hac
1660 4427 1792 4484 voce
1823 4413 1995 4484 signi-

2103 586 2486 650 ἐξελεύσεται
2533 588 2863 655 ἡγούμενος
2905 587 3076 653 ὅστις
3104 589 3382 656 ποιμανεῖ
3405 589 3514 642 τὸν
3540 592 3696 643 λαόν

2095 695 2235 747 μου.
2267 676 2442 748 Κώμη
2474 677 2531 730 δέ
2570 697 2650 742 τις
2686 679 2831 731 ἐστὶν
2861 682 2919 732 ἐν
2953 683 3018 750 τῇ
3051 679 3203 751 χώρᾳ
3246 679 3529 745 Ἰουδαίων,
3561 682 3696 734 ἀπε-

2102 785 2272 838 χουσα
2325 769 2570 833 σταδίους
2620 770 3072 842 τριακονταπέντε
3116 771 3520 843 Ἰεροσολύμων,
3559 774 3616 824 ὲν

2103 859 2366 930 ἐγεννήθη
2403 860 2514 930 (82)
2556 859 2763 930 Ἰησοῦς
2797 861 3049 932 Χριστὸς,
3082 861 3158 924 ὡς
3184 861 3274 913 καὶ
3304 859 3494 930 μαθεῖν
3531 858 3692 912 δύνα-

2103 951 2196 1004 σθε
2231 954 2294 1004 ἐκ
2319 953 2426 1005 τῶν
2457 953 2795 1024 ἀπογραφῶν
2823 953 2930 1007 τῶν
2965 955 3272 1024 γενομένων
3302 953 3394 1007 ἐπὶ
3419 953 3691 1023 Κυρηνίου

2103 1043 2196 1098 τοῦ
2225 1045 2511 1117 ὑμετέρου,
2537 1049 2594 1099 ὲν
2636 1047 2866 1118 Ἰουδαίᾳ
2901 1047 3118 1120 πρώτου
3156 1046 3449 1118 γενομένου
3477 1048 3695 1118 ἐπιτρό-

2102 1153 2205 1189 που
2232 1136 2362 1208 (85).

2172 1236 2261 1290 55.
2316 1237 2402 1300 Ὠς
2438 1236 2495 1289 δὲ
2525 1237 2616 1291 καὶ
2657 1237 2844 1310 λήσειν
2869 1240 3059 1311 ἔμελλε
3102 1242 3230 1304 τους
3253 1240 3444 1303 ἄλλους
3484 1238 3697 1312 ἀνθρώ-

2102 1343 2237 1389 πους
2259 1327 2542 1398 γεννηθεὶς
2579 1331 2608 1381 ὁ
2644 1330 2900 1399 Χριστὸς,
2929 1329 3090 1401 ἄχρις
3115 1330 3363 1401 ἁνδρωθῇ
3393 1329 3526 1400 (8-4),
3555 1331 3694 1401 ὅπερ

2102 1419 2195 1472 καὶ
2235 1419 2480 1488 γέγονεν,
2515 1420 2790 1474 ἀκούσατε
2828 1420 2936 1474 τῶν
2970 1421 3382 1493 προειρημένων
3412 1423 3492 1484 εἰς
3515 1420 3691 1474 τοῦτο.

2104 1515 2262 1567 Ἔστι
2289 1515 2345 1569 δξ
2383 1513 2556 1566 ταῦτα
2583 1513 2727 1584 (85)·
2770 1513 3022 1567 Παιδίον
3060 1513 3354 1583 ἐγεννήθη
3391 1514 3554 1584 ἡμῖν,
3594 1514 3695 1567 καὶ

2099 1604 2426 1670 νεανίσκος
2480 1604 2624 1674 ἡμῖν
2675 1603 2969 1672 ἀπεδόθηο
3017 1600 3089 1660 οὗ
3137 1605 3176 1673 ἡ
3220 1604 3376 1673 ἀρχὴ
3423 1605 3521 1658 ἐπὶ
3575 1604 3697 1657 τῶν

2099 1694 2291 1764 ὤμων,
2315 1695 2608 1766 μηνυτικὸν
2630 1697 2728 1767 τῆς
2745 1695 3025 1766 δυνάμεως
3047 1696 3138 1750 τοῦ
3164 1695 3418 1768 σταυροῦ,
3437 1690 3481 1764 ᾧ
3500 1698 3698 1768 προσέ-

2104 1787 2238 1858 θηκε
2265 1789 2391 1852 τοὺς
2411 1787 2595 1860 ὤμους
2622 1789 2977 1861 σταυρωθεὶς,
3007 1789 3082 1853 ὠς
3112 1790 3392 1862 προῖόντος
3419 1789 3512 1842 τοῦ
3536 1789 3694 1859 λόγου

2067 1879 2070 1903 ξ
2099 1879 2435 1952 σαφέστερον
2477 1880 2849 1953 δειχθήσεται.
2884 1881 2996 1936 Καὶ
3031 1882 3191 1936 πάλιν
3217 1883 3245 1935 ὁ
3272 1880 3436 1945 αὐτὸς
3476 1885 3695 1955 προφή-

2094 1988 2192 2041 της
2234 1971 2458 2034 Ἡσαΐας
2483 1970 2910 2043 θεοφορούμενος
2942 1971 3018 2042 τῷ
3061 1971 3341 2043 Πνεύματι
3374 1972 3450 2043 τῷ
3478 1991 3694 2045 προφη-

2095 2062 2250 2133 τικῷ,
2297 2063 2432 2134 ἔφη·
2474 2063 2614 2132 Ἐγὼ
2656 2063 2994 2128 ἐξεπέτασα
3038 2063 3146 2130 τὰς
3192 2062 3394 2132 χεζοάς
3435 2081 3555 2133 μου
3595 2066 3694 2118 ἐπὶ

2095 2155 2249 2209 λαὸν
2288 2156 2650 2210 ἀπειθοῦντα
2691 2157 2787 2210 καὶ
2826 2155 3237 2225 ἀντιλέγοι-τα,
3269 2156 3369 2208 ἐπὶ
3403 2156 3547 2217 τοὺς
3590 2173 3700 2209 πο-

2088 2247 2458 2317 ρευομένους
2482 2249 2553 2301 ἑν
2583 2247 2700 2314 ὀδῷ
2743 2249 2815 2302 οὐ
2843 2246 3024 2317 καλῇ.
3054 2249 3308 2303 Αὶτοῦσί
3339 2266 3411 2318 με
3432 2250 3552 2302 νῦν
3573 2247 3702 2315 κρί-

2099 2357 2225 2402 σιν,
2250 2341 2346 2393 καὶ
2379 2340 2630 2410 ἐγγίζειν
2670 2340 2792 2407 Θεῷ
2824 2341 3147 2411 τολμῶσιν.
3191 2342 3300 2395 Kal
3333 2341 3488 2395 πάλιν
3518 2342 3576 2394 ὲν
3604 2340 3702 2395 ἄλ-

2098 2429 2210 2493 λοις
2245 2429 2422 2498 λόγοις
2460 2429 2526 2482 δι’
2557 2429 2747 2500 ἑτέρου
2779 2433 3058 2502 προφήτου
3099 2431 3283 2500 λέγει’
3325 2431 3502 2485 Αὐτοὶ
3545 2429 3700 2495 ὤρυ-

2099 2520 2216 2586 ξάν
2237 2539 2356 2590 μου
2376 2519 2567 2586 πόδας
2592 2521 2689 2573 καὶ
2718 2520 2942 2590 χεῇοας,
2966 2522 3063 2575 καὶ
3095 2523 3316 2576 ἔϐαλον
3347 2522 3578 2590 κλῆρον
3593 2522 3696 2575 ἐπὶ

2100 2613 2204 2666 τὸν
2223 2613 2539 2681 ἱματισμόν
2560 2631 2700 2682 μου.
2732 2613 2843 2666 Kal
2862 2615 2890 2665 ὁ
2917 2614 3015 2684 μὲν
3048 2615 3232 2678 Δαϐὶδ,
3259 2617 3288 2668 ὁ
3322 2614 3572 2684 βασιλεὺς
3603 2614 3698 2668 καὶ

2101 2705 2409 2775 προφήτης,
2437 2705 2466 2756 ὁ
2489 2703 2658 2756 εἰπὼν
2689 2703 2880 2770 ταῦτα,
2904 2703 3060 2758 οὐδὲν
3085 2703 3290 2758 τούτων
3317 2703 3518 2758 ἔπαθεν
3541 2743 3556 2756 .
3593 2705 3698 2775 Ἰη-

2103 2797 2230 2858 σοῦς
2258 2795 2313 2848 δὲ
2337 2795 2573 2866 Χριστὸς
2605 2795 2834 2868 ἐξετάθη
2865 2795 2963 2859 τὰς
2987 2799 3198 2867 χεῖρας,
3228 2796 3560 2867 σταυρωθεὶς
3591 2798 3698 2848 ὑπὸ

2101 2892 2211 2946 τῶν
2245 2893 2516 2952 Ἰουδαίων
2545 2894 2937 2963 ἀντιλεγόντων
2964 2891 3114 2962 αὐτῷ
3145 2893 3239 2945 καὶ
3269 2894 3586 2961 φασκόντων
3621 2892 3697 2964 μὴ

2102 2983 2241 3040 εἶναι
2279 2984 2441 3038 αὐτὸν
2471 2985 2724 3057 Χριστόν.
2749 2984 2859 3037 Καὶ
2885 2983 3012 3055 γὰρ,
3041 2983 3118 3046 ὼς
3148 2981 3299 3036 εἶπεν
3326 2984 3354 3034 ὁ
3378 2984 3693 3054 Προφήτης,

2102 3074 2450 3147 διασύροντες
2475 3075 2656 3139 αὑτὸν,
2690 3073 2947 3128 ἐκάθισαν
2983 3073 3075 3126 ἐπὶ
3101 3073 3364 3144 βήματος,
3391 3076 3482 3126 καὶ
3509 3071 3690 3128 εἷπον·

2021 3199 2068 3262 c
2103 3170 2322 3239 Κρῖνον
2347 3169 2492 3239 ἡμῖν
2523 3169 2657 3239 (86).
2705 3169 2776 3222 Τὸ
2814 3170 2891 3234 δὲ,
2930 3168 3171 3238 ὤρυξαν
3189 3187 3310 3238 μου
3351 3169 3553 3239 χεῖρας
3595 3171 3697 3226 καὶ

2097 3262 2306 3329 πόδας,
2332 3262 2590 3334 ἐξήγησις
2620 3260 2726 3316 τῶν
2750 3265 2807 3316 ἐν
2839 3261 2915 3332 τῷ
2952 3262 3170 3334 σταυρῷ
3190 3262 3476 3330 παγέντων
3499 3267 3557 3317 ἐν
3577 3269 3698 3328 ταῖς

2096 3353 2254 3424 χερσὶ
2299 3353 2393 3406 καὶ
2440 3355 2552 3416 τοῖς
2596 3351 2754 3405 ποσὶν
2797 3351 2962 3406 αὑτοῦ
3007 3353 3153 3423 ἥλων
3194 3347 3282 3423 ἦν.
3314 3353 3424 3406 Kal
3463 3354 3599 3424 μετὰ
3637 3354 3697 3406 τὸ

2099 3445 2412 3518 σταυρῶσαι
2449 3445 2633 3510 αὑτὸν,
2672 3445 2865 3499 ἔϐαλον
2903 3443 3104 3518 κλῆρον
3149 3446 3240 3500 ἐπὶ
3280 3445 3367 3500 τὸν
3405 3447 3698 3518 ἱματισμὸν

2097 3541 2284 3605 αὐτοῦ,
2321 3541 2414 3595 καὶ
2450 3541 2781 3612 ἐμερίσαντο
2821 3542 3034 3604 ἑαυτοῖς
3070 3542 3118 3594 οἱ
3153 3540 3569 3612 σταυρώσαντες
3600 3541 3699 3594 αὖ·

2099 3635 2208 3688 τόν.
2242 3634 2352 3687 Καὶ
2394 3633 2566 3687 ταῦτα
2607 3634 2690 3686 ὅτι
2736 3633 2949 3702 γέγονε,
2981 3632 3210 3686 δύνασθε
3253 3633 3445 3703 μαθεῖν
3482 3636 3547 3686 ἐκ
3591 3632 3697 3687 τῶν

2099 3727 2191 3780 ἐπὶ
2223 3725 2450 3779 Ποντίου
2479 3725 2713 3779 Πιλάτου
2743 3724 3050 3794 γενομένων
3094 3724 3294 3778 ἄκτων.
3325 3724 3435 3776 Kal
3477 3725 3560 3776 ὅτι
3595 3726 3698 3795 ρη-

2097 3817 2204 3881 τῶς
2233 3815 2705 3887 καθεσθησόμενος
2746 3815 2838 3867 ἐπὶ
2872 3814 3050 3868 πῶλον
3081 3814 3224 3879 ὄνου,
3261 3815 3352 3868 καὶ
3387 3814 3694 3867 εἰσελευσύ-

2101 3926 2259 3980 μενος
2291 3911 2370 3972 εἰς
2403 3909 2469 3962 τὰ
2511 3907 2856 3980 Ἱεροσόλυμα
2893 3908 3267 3979 προεφήτευτο
3299 3906 3466 3977 (86“),
3501 3907 3694 3978 ἐτέρου

2098 4003 2376 4073 προφήτου
2399 4000 2494 4056 τοῦ
2521 4001 2774 4070 Σοφονίου
2803 4001 2912 4072 (87)
2931 4000 3028 4064 τὰς
3049 4002 3146 4072 τῆς
3165 3999 3498 4071 προφητείας
3519 3998 3695 4064 λέξεις

1571 4166 1617 4200 ⁷⁵
1647 4161 1755 4222 lsa.
1779 4168 2003 4236 va,.2;
2033 4187 2185 4242 LVIII,
2211 4175 2268 4231 2.
2341 4171 2388 4202 ⁷⁸
2422 4176 2569 4234 Psal.
2592 4189 2703 4240 XXI,
2733 4170 2820 4228 18.

2105 4354 2162 4400 ει
2195 4345 2444 4416 ignotum
2481 4341 2654 4416 fuisse
2683 4340 3049 4416 demonstrat.
3126 4333 3178 4416 '_
3299 4407 3312 4416 .
3378 4405 3390 4416 .
3469 4404 3480 4416 ο

2175 4404 2289 4484 (85)
2334 4415 2509 4468 Ἔστι
2545 4411 2614 4465 δὲ
2641 4411 2867 4484 ταῦτα.-
2889 4408 3127 4477 Longam
3153 4404 3262 4484 _huc
3299 4404 3509 4484 inducit
3542 4404 3696 4484 lacu-

412 4476 567 4530 ﬁcari
603 4484 1038 4551 procuratorem,
1072 4476 1539 4551 sed_pra:le_ctum;
1587 4479 1857 4551 huiusque
1875 4476 1995 4541 vob-

2105 4476 2228 4540 nain
2263 4486 2500 4540 Grabius
2538 4493 2593 4536 et
2640 4497 2750 4536 non
2791 4481 2968 4537 solum
2999 4476 3122 4551 cum
3153 4477 3342 4551 Lango
3372 4477 3593 4551 aliquod
3627 4478 3695 4530 de

414 4545 746 4602 servationis
809 4557 1086 4598 auctorem
1145 4547 1281 4600 citat
1341 4546 1614 4603 Grotium.
1661 4545 1785 4606 Sed'
1813 4563 1996 4610 tamen

415 4617 729 4691 accuratius
777 4615 938 4691 _ntihi
988 4616 1203 4691 videtur
1253 4626 1524 4672 rectorem
1568 4631 1663 4675 aut
1709 4626 1997 4691 .przesidem

413 4686 615 4759 ludatur:
650 4697 743 4759 aut
775 4684 1315 4759 Syrizeattribuere,
1346 4705 1509 4757 quam
1548 4684 1888 4759 prmle'etum.
1924 4696 2000 4751 De

413 4757 799 4830 hoeCyrenio,
818 4757 932 4830 sive
949 4756 1561 4830 Quiriuio,_videVa|es.'
1583 4762 1636 4814 in
1656 4761 1849 4820 Euseb.
1864 4782 1915 4830 ν,
1942 4767 1996 4820 5.

488 4828 601 4896 (84)
645 4829 844 4897 Ἀχρις
874 4827 1170 4900 ἀνδρωθῇ.
1214 4827 1328 4883 Non
1371 4831 1460 4885 hic
1501 4833 1769 4900 agiturde
1794 4827 1999 4891 Christi

416 4900 636 4973 sile_nti_o
658 4911 714 4953 et
745 4901 851 4952 vita
877 4901 1200 4973 obscuriore
1226 4916 1397 4970 usque
1420 4903 1487 4955 ad
1527 4903 1880 4973 baptismum,
1905 4908 2000 4963 sed

416 4974 486 5046 c_|e
507 4967 819 5023 Iudaeorum
866 4984 996 5040 erga
1041 4971 1190 5026 illum
1223 4967 1429 5037 animo,
1463 4973 1556 5043 qui
1582 4967 1706 5046 eum
1735 4967 1914 5046 regem
1946 4989 2002 5033 et

417 5043 590 5095 Deum
637 5055 796 5094 suum
845 5056 970 5096 esse
1011 5057 1118 5097 non
1159 5055 1556 5110 cognoverunt.
1588 5043 1812 5101 Dixerat
1854 5049 1999 5102 enim

418 5122 579 5188 antea
619 5111 891 5188 Justinus,
923 5128 1116 5188 nempe
1159 5129 1211 5166 n.
1251 5113 1342 5176 5|,
1375 5116 1654 5171 Christum
1693 5135 1722 5172 a
1761 5121 2002 5188 prophe-

421 5185 514 5251 tis,
555 5195 614 5258 ut
649 5201 682 5258 _c
709 5184 957 5258 invisum
983 5194 1038 5236 et
1087 5185 1428 5258 ignotumret
1464 5184 1786 5242 cruciﬁxum
1809 5210 1826 5242 ι
1864 5184 2000 5258 prte-

419 5256 682 5327 nuntiari.
717 5254 921 5309 Probat
949 5257 1052 5309 hoc
1090 5256 1208 5310 loco
1231 5257 1508 5310 Christum
1543 5261 1784 5327 ignotum
1830 5254 2001 5316 fuisse

417 5325 645 5398 Jndteis,
680 5327 806 5398 quia
835 5327 1200 5398 principatum
1220 5343 1284 5381 ex
1308 5328 1424 5398 ipsa
1450 5325 1614 5383 cruce
1637 5330 1864 5398 adeptus
1891 5344 1998 5396 est,

419 5397 477 5451 in
499 5412 662 5466 quam
695 5397 902 5469 scilicet
923 5397 1095 5453 Judaei
1121 5397 1272 5451 illum
1304 5397 1624 5466 ignorantes
1655 5397 1905 5469 egerunt.
1933 5403 2000 5456 Et

419 5483 477 5522 n.
509 5469 580 5522 49
610 5487 624 5522 :
665 5485 685 5518 ι
709 5467 989 5524 Christum
1018 5485 1144 5540 non
1165 5469 1327 5524 modo
1353 5486 1459 5524 non
1489 5467 1886 5540 cognoverunt.
1905 5474 2001 5526 sed

420 5542 585 5594 etiam
617 5541 1036 5596 crucilixerunt.
1067 5561 1085 5594 ι
1116 5539 1299 5607 Quare
1330 5556 1452 5594 cum
1478 5539 1750 5611 ignoratio
1771 5553 1826 5596 et
1859 5543 2000 5596 invi-

423 5611 512 5684 dia
543 5621 608 5684 Aet
650 5626 786 5684 crint
833 5611 995 5665 simul
1033 5614 1328 5680 conjuncta
1365 5612 1496 5684 sint,
1545 5613 1682 5684 illud
1713 5612 1872 5684 ἄχρις
1904 5614 2000 5666 ἀν-

420 5679 602 5754 δρωθῇ
640 5681 851 5754 virilem
898 5690 1115 5737 :etatem
1142 5679 1264 5735 non
1297 5682 1561 5746 excludit,
1595 5683 1689 5738 sed
1721 5679 1900 5751 potius
1925 5687 2003 5738 in-

422 5752 612 5813 cludit,
646 5768 707 5804 ae
746 5752 1026 5806 Christum
1064 5754 1133 5807 ab
1166 5754 1283 5820 ipso
1321 5762 1448 5808 ortu
1487 5768 1659 5822 usque
1684 5755 1753 5807 ad
1779 5763 1998 5810 aetatem

421 5824 636 5878 virilem
669 5833 725 5877 et
755 5835 1058 5880 extremum
1096 5825 1218 5880 vitae
1263 5837 1472 5893 tempus
1509 5823 1712 5880 ludatis
1764 5824 1998 5883 invisum

2100 4558 2334 4628 obscura
2379 4554 2586 4628 Christi
2624 4553 2742 4628 vita
2770 4549 3162 4628 testimonium,
3205 4548 3298 4628 sed
3343 4547 3514 4628 etiam
3565 4561 3694 4628 pro.

2104 4627 2268 4680 tnissa
2303 4643 2358 4680 n.
2386 4624 2476 4687 51,
2512 4625 2579 4677 de
2614 4622 2818 4678 Christi
2853 4619 3134 4674 miraculis
3164 4627 3218 4673 et
3246 4619 3312 4670 de
3346 4617 3553 4670 invidia
3599 4615 3696 4670 Ju-

2103 4698 2344 4752 dmorum
2375 4694 2600 4767 oracula
2632 4693 2909 4767 excidisse
2940 4706 3004 4744 ex
3039 4690 3151 4767 hoc_
3179 4689 3308 4767 loco
3340 4689 3691 4767 pronuntiat;

2103 4767 2198 4838 sed
2244 4781 2468 4838 prorsus
2515 4765 2808 4838 immerito.
2846 4760 2980 4838 Nam
3017 4777 3092 4838 ex
3138 4759 3228 4813 ltis
3273 4774 3395 4827 quae
3421 4759 3692 4838 “promisit

2101 4828 2370 4904 Justinus,
2405 4837 2509 4890 duo
2535 4834 2857 4910 exsequitur
2883 4834 2985 4886 hoc
3015 4830 3157 4894 loco,
3193 4843 3388 4910 nempe
3416 4828 3693 4909 Christum

2102 4909 2350 4980 singulos
2382 4915 2615 4980 attalum
2636 4907 2846 4980 gradus
2881 4913 3257 4980 peracturum,
3285 4907 3696 4980 et'invisuntae

2104 4971 2352 5044 ignotum
2380 4993 2443 5030 ac
2466 4971 2794 5054 cruciﬁxum
2830 4976 2922 5029 iri.
2957 4972 3012 5054 id
3047 4981 3228 5054 autem
3261 4971 3469 5054 optime
3494 4971 3697 5054 probat

2103 5041 2167 5103 εἰς
2202 5048 2539 5111 testimonio,
2574 5047 2626 5100 itt
2653 5061 2760 5120 quo
2784 5056 2838 5100 et
2865 5044 3000 5120 varii
3038 5043 3248 5120 gradus
3284 5042 3464 5120 attatis
3491 5041 3694 5095 Christi

2103 5128 2628 5193 conttttetttoranlur,
2655 5113 2710 5172 et
2737 5113 3208 5193 i_utperinm_illi_us
3247 5128 3315 5167 ex
3363 5113 3478 5178 ipsa
3519 5126 3696 5193 etnec

2105 5191 2399 5262 repetitur.
2417 5188 2555 5254 Quid
2588 5204 2720 5262 ergo
2752 5182 2880 5262 huic
2910 5185 3144 5262 orationi
3170 5185 3360 5262 deesse
3388 5182 3603 5262 possi_t?_
3621 5182 3695 5235 De

2105 5253 2384 5315 miraculis
2414 5253 2538 5329 aget
2570 5275 2625 5314 n.
2654 5253 2745 5322 38,
2774 5259 2838 5312 de
2864 5257 3066 5310 invidia
3099 5254 3416 5310 Iudaeorum
3457 5255 3566 5323 agit
3591 5253 3696 5306 hoc

2106 5333 2224 5400 ipso
2255 5333 2308 5384 in
2343 5331 2481 5394 loco,
2526 5340 2585 5382 ut
2617 5347 2714 5398 per
2745 5345 2804 5383 se
2836 5339 3007 5398 patet.

2177 5402 2288 5474 (86)
2327 5393 2547 5474 Κοῖνον
2576 5393 2760 5474 ἡμῖν,
2787 5393 3110 5474 Sententize,
3138 5411 3245 5450 non
3289 5394 3582 5450 verborum
3613 5393 3695 5449 al-

2102 5469 2304 5542 legatio
2334 5473 2526 5525 Matth.
2555 5487 2728 5536 xxvlt,
2751 5472 2922 5538 inquit
2957 5469 3198 5542 Langus.

2177 5543 2312 5615 (86')
2342 5542 2652 5615 Lugendum
2689 5541 3157 5615 xpositecpﬁtsuto.

2179 5609 2305 5684 (87f
2335 5609 2444 5666 Τοῦ
2475 5609 2790 5684 Σοφονίοὺ.
2826 5609 3176 5684 Μνημονικὸν
3192 5609 3530 5684 *ἁμάρτημαε
3557 5611 3696 5684 Sunt

2103 5681 2416 5740 enint'haac
2463 5683 2762 5743 Zachariae,
2801 5699 2905 5736 non
2961 5681 3253 5750 Sephonia:
3302 5685 3489 5741 verba,
3523 5681 3696 5750 inquit

2104 5756 2521 5826 R.Stcphat:ns:
2541 5754 2826 5826 zachariae
2853 5749 3168 5826 tribuuntur
3193 5753 3245 5807 in
3266 5751 3492 5821 Dialogo
3520 5767 3574 5805 n.
3599 5749 3690 5814 53,

2107 5839 2166 5882 ut
2189 5821 2451 5883 observat
2483 5823 2740 5880 Grabius.
3056 5821 3063 5832 ‘
