4006 6254
436 333 542 392 58⁸1

1371 331 1429 392 S.
1471 329 1738 387 JUSTINI
1777 328 2190 387 PHILOSOPHI
2228 331 2316 388 ET
2355 329 2722 389 MABTYRIS

3607 334 3734 390 “388

436 471 525 508 eos
543 455 634 524 qui
655 453 903 507 incedunt
933 452 990 506 in
1014 452 1098 505 via
1131 466 1232 505 non
1265 451 1400 506 bona
1418 453 1485 507 ⁸³.
1517 452 1584 506 Εῑ
1616 453 1816 507 iterum
1844 471 1857 508 :
1885 451 2025 506 Dor-

2136 453 2461 524 τιλέτοντα,
2482 453 2586 507 ἐπὶ
2607 453 2750 520 τοὺς
2772 453 3217 523 πορευομένους
3231 453 3301 508 ἐν
3321 453 3438 520 όδῷ
3461 455 3532 507 οὐ
3550 454 3732 522 καλῇ.

438 561 559 600 sum
591 561 762 599 meum
794 545 913 597 dedi
943 546 1011 597 ad
1037 543 1273 613 ﬂagella,
1306 553 1356 598 et
1397 560 1558 614 genus
1610 561 1752 598 meas
1797 545 1867 598 ad
1911 544 2029 598 ala-

438 654 534 707 pas
569 651 589 690 :
616 649 663 692 et
691 637 884 706 faciem
915 653 1080 691 meam
1122 653 1225 690 non
1261 637 1427 690 averti
1455 655 1486 690 a
1517 637 1826 706 confusione
1848 646 2032 698 sputo-

443 745 580 791 rum,
603 739 652 783 et
675 729 932 784 Dominus
956 728 1245 784 auxiliator
1262 745 1406 784 meus
1428 729 1602 798 factus
1625 738 1738 783 est:
1757 739 2032 798 propterea

442 838 547 876 non
573 838 691 876 sum
716 821 993 891 confusus,
1015 822 1108 876 sed
1133 825 1288 892 posui
1321 822 1512 890 [aciem
1553 838 1748 886 meam,
1777 823 1909 875 sicut
1943 838 2031 875 so-

440 916 606 970 lidam
633 925 834 984 petram
865 932 885 971 .°
916 922 967 969 et
991 917 1109 969 novi
1132 917 1385 985 quoniam
1418 932 1522 968 non
1551 915 2030 984 confundar;quia

433 1010 594 1082 juxta
627 1019 727 1075 est,
760 1008 850 1078 qui
882 1007 1202 1078 justiﬁcavit
1234 1023 1313 1060 me
1330 1007 1398 1060 ⁸³.
1425 1008 1504 1062 Ac
1539 1022 1752 1061 rursum
1792 1023 1917 1062 cum
1949 1006 2032 1060 di-

441 1101 518 1156 cit
544 1119 558 1156 :
584 1099 754 1170 Super
779 1109 969 1154 vestem
993 1115 1163 1153 meam
1182 1099 1434 1153 miserunt
1465 1110 1680 1165 sortem,
1707 1109 1756 1153 et
1782 1099 2031 1168 foderunt

437 1195 593 1263 pedes
645 1208 786 1246 meos
828 1201 877 1245 et
919 1207 1106 1244 manus
1119 1190 1186 1246 3‘.
1214 1188 1327 1259 Ego
1354 1200 1533 1244 autem
1557 1190 1782 1244 dormivi
1812 1199 1861 1244 et
1887 1206 2029 1244 som-

440 1299 567 1337 num
591 1283 724 1352 cepi,
750 1291 800 1336 et
834 1284 1150 1348 exsurrexit;
1173 1281 1298 1350 quia
1328 1280 1586 1336 Dominus
1607 1283 1834 1351 suscepit
1863 1281 2027 1336 me".

441 1376 509 1430 Et
560 1389 778 1429 rursum
829 1389 952 1429 cum
1006 1375 1084 1428 ait
1120 1392 1134 1428 :
1165 1373 1356 1428 Locuti
1395 1385 1514 1428 sunt
1549 1375 1726 1438 labiis,
1759 1387 2030 1429 moverunt

439 1476 618 1534 caput,
667 1469 897 1521 dicentes
929 1480 948 1519 :
980 1465 1190 1520 Liberet
1245 1466 1472 1535 seipsum
1491 1466 1559 1520 ⁸⁸.
1613 1467 1744 1534 Quae
1774 1467 1956 1522 omnia
1999 1483 2031 1522 a

438 1558 643 1615 Judazis
669 1558 892 1613 Christo
919 1559 1190 1614 accidisse
1219 1570 1556 1628 cognoscere
1598 1559 1848 1628 potestis.
1893 1558 2028 1614 Nam

441 1650 705 1706 cruciﬁxo
731 1665 796 1704 eo
817 1650 1190 1705 distorserunt
1219 1649 1382 1710 labia.
1412 1658 1466 1704 et
1507 1650 1684 1720 capita
1717 1662 2026 1715 moverunt,

440 1742 682 1797 dicentes
713 1759 727 1794 :
761 1741 864 1807 Qui
899 1751 1137 1795 mortuos
1161 1742 1426 1806 excitavit,
1455 1742 1635 1795 liberet
1664 1743 1891 1811 seipsum
1913 1743 1979 1797 ⁸⁷.

438 1838 548 1908 γὰρ
589 1837 773 1902 αὑτοῦ,
821 1835 1144 1908 ὲξέστρεφον
1185 1837 1252 1891 τὰ
1279 1837 1454 1909 χείλη,
1495 1837 1590 1891 καὶ
1626 1836 1837 1891 ἐκίνουν
1883 1838 1981 1903 τὰς
2029 1839 2294 1908 κεφαλὰς,
2338 1837 2616 1906 λέγοντες·

437 1931 672 1987 ἑαυτόν.

2136 546 2248 598 Καὶ
2277 546 2439 600 πάλιν
2463 563 2476 576 ⁸
2517 547 2633 602 Τὸν
2660 543 2854 599 νῶτόν
2877 563 3000 614 μου
3029 545 3264 600 τέθεικα
3299 548 3387 612 εὶς
3412 545 3733 616 μάστιγας,

2135 635 2234 689 καὶ
2261 635 2366 701 τὰς
2394 635 2688 707 σιαγόνας
2705 651 2825 703 μου
2853 636 2940 699 εὶς
2961 634 3334 702 ῥαπίσματα,
3354 634 3418 688 τὸ
3449 634 3518 688 δὲ
3545 637 3735 703 πρόσ-

2135 729 2300 778 ωπόν
2321 742 2442 793 μου
2470 725 2585 777 οὐκ
2623 722 2980 791 ἀπέστρεψα
3016 723 3132 776 ἀπὸ
3175 726 3478 792 αἰσχύνης
3506 725 3733 794 ἐμπτυ-

2133 817 2404 887 σμάτωνδ
2454 814 2557 870 καὶ
2596 819 2630 870 ὁ
2667 817 2885 885 Κύριος
2915 815 3144 882 ,ϐοηθός
3168 835 3288 885 μου
3322 815 3560 887 ἐγένετο
3581 833 3594 846 ·
3637 816 3735 870 διὰ

2133 909 2311 962 τοῦτο
2352 909 2464 962 οὐκ
2504 907 2861 976 ἐνετράπην,
2907 907 3047 960 ἀλλ’
3073 907 3258 976 ἔθηκα
3291 908 3354 962 τὸ
3409 909 3734 976 πρόσωπόν

2127 1019 2248 1072 μου
2283 1001 2366 1068 ὡς
2397 1002 2654 1070 στερεὰν
2681 1002 2926 1071 πέτραν,
2964 1003 3062 1057 καὶ
3089 1003 3280 1072 ἔγνων
3309 1001 3399 1054 ὅτι
3438 1004 3509 1056 οὐ
3526 1002 3614 1072 μὴ
3644 1005 3732 1056 al-

2133 1091 2402 1163 σχυνθῶ,
2429 1093 2517 1145 ὅτι
2537 1093 2746 1164 ἐγγίζει
2774 1097 2806 1147 ό
2829 1092 3149 1159 δικαιώσας
3160 1111 3256 1162 με.
3283 1093 3393 1145 Καὶ
3423 1092 3585 1146 πάλιν
3605 1094 3735 1146 ὅταν

2133 1187 2300 1258 λέγῃ·
2349 1185 2533 1240 Αὐτοὶ
2575 1187 2795 1240 ἔϐαλον
2838 1185 3067 1254 κλῆρον
3110 1186 3210 1239 ἐπὶ
3261 1185 3367 1239 τὸν
3414 1187 3737 1256 ἱματισμόν

2127 1297 2268 1350 μου,
2302 1277 2400 1332 καὶ
2445 1277 2688 1346 ὤρυξαν
2715 1296 2835 1347 μου
2880 1278 3070 1344 πόδας
3101 1277 3200 1332 καὶ
3242 1278 3473 1346 χεῖρας.
3493 1278 3638 1346 Ἐγὼ
3666 1277 3736 1330 δὲ

2132 1373 2463 1442 ἐκοιμήθην
2498 1371 2596 1425 καὶ
2625 1372 2896 1436 ὕπνωσα,
2935 1371 3032 1425 καὶ
3068 1371 3353 1438 ἀνέστην,
3397 1372 3485 1424 ὅτι
3518 1373 3735 1439 Κύριος

2132 1467 2654 1535 ἀντελάϐετόεμου.
2681 1464 2791 1518 Καὶ
2827 1465 2984 1517 πάλιν
3009 1466 3138 1518 ὅταν
3172 1464 3303 1536 λέγῃ
3323 1481 3335 1493 ·
3383 1462 3735 1530 Ἐλάηλησαν

2133 1560 2202 1612 ἐν
2230 1560 2523 1628 χείλεσιν,
2539 1558 2832 1625 ἐκίνησαν
2853 1560 3046 1625 negavi
3056 1555 3148 1624 ὴν,
3166 1555 3448 1625 λέγοντες
3469 1572 3481 1583 ·
3519 1553 3734 1608 Ῥυσά-

2132 1654 2256 1705 σθω
2279 1649 2717 1704 ἐαυτόν.”Ατινα
2746 1645 2922 1699 πάντα
2947 1647 3168 1714 γέγονεν
3190 1646 3300 1716 (93)
3329 1644 3433 1698 ὑπὸ
3455 1643 3564 1696 τῶν
3597 1643 3733 1695 ἰου-

2133 1743 2298 1796 δαίων
2349 1740 2426 1811 τῷ
2470 1737 2732 1812 Χριστῷ,
2793 1737 2983 1809 μαθεῖν
3031 1735 3280 1789 δύνασθε.
3323 1732 3733 1800 Σταυρωθέντος

2685 1835 2746 1886 '0
2789 1831 3041 1901 νεκροὺς
3085 1831 3396 1900 ἀνεγείρας
3438 1825 3732 1897 ῥυσάσθω

511 2025 603 2081 '59.
645 2026 874 2094 Quando
897 2035 1078 2081 autem
1106 2026 1346 2095 Spiritus
1370 2026 1728 2097 propheticus
1759 2035 1817 2080 ut
1844 2025 2029 2080 futura

2203 2023 2291 2077 59.
2333 2020 2502 2071 Ὅταν
2525 2016 2582 2069 δὲ
2611 2014 2686 2078 ὡς
2712 2006 3054 2084 προφητεῦον
3084 2008 3153 2061 τὰ
3191 2007 3450 2077 μέλλοντα
3483 2008 3730 2076 γίνεσθαι

439 2120 745 2176 vaticinans
791 2120 1054 2190 loquitur,
1102 2119 1183 2173 sic
1233 2119 1354 2172 ait:
1390 2116 1474 2170 Ex
1515 2116 1644 2172 Sion
1685 2118 1824 2172 enim
1865 2119 2031 2171 exibit

439 2215 548 2280 (ex,
587 2223 635 2268 et
681 2213 893 2268 verbum
925 2212 1139 2266 Domini
1185 2211 1250 2265 de
1283 2210 1642 2266 Hierusalem.
1674 2209 1742 2262 Et
1764 2209 2033 2279 judicubit

440 2311 582 2363 inter
606 2319 805 2377 gentes,
840 2317 888 2361 et
923 2314 1110 2375 arguet
1141 2305 1392 2374 pOpulum
1422 2304 1670 2356 multum.
1702 2301 1770 2354 Et
1802 2313 2032 2354 contun-

440 2402 563 2454 dent
597 2398 802 2469 gladios
848 2412 970 2450 suos
1016 2396 1073 2448 in
1113 2405 1318 2458 aratra,
1346 2405 1391 2446 et
1425 2393 1639 2447 lanceas
1680 2409 1804 2445 suas
1834 2391 1891 2444 in
1919 2391 2030 2460 fal-

443 2504 564 2556 ces;
590 2500 636 2542 et
668 2501 771 2542 non
801 2486 989 2541 levabit
1021 2499 1146 2555 gens
1181 2495 1366 2537 contra
1387 2491 1591 2554 gentem
1631 2483 1738 2554 67
1769 2483 2031 2552 gladium,

439 2591 491 2638 et
535 2599 641 2636 non
689 2581 892 2634 discent
943 2577 1172 2647 amplius
1214 2575 1522 2646 belligerare
1540 2575 1606 2627 ⁸⁸.
1652 2572 1825 2644 Atque
1869 2573 1923 2628 id
1958 2574 2032 2628 ita

443 2678 694 2732 evenisse
752 2673 1074 2746 persuaderi
1142 2671 1300 2726 vobis
1376 2678 1576 2739 potest.
1636 2669 2033 2740 Hierosolymis

441 2770 588 2825 enim
639 2769 745 2822 viri
799 2781 1030 2821 numero
1061 2764 1351 2819 duodecim
1405 2763 1457 2816 in
1516 2762 1776 2816 mundum
1801 2759 2031 2831 proleCti

443 2872 593 2922 sunt,
628 2861 776 2931 iique
813 2857 1055 2929 imperiti
1096 2872 1199 2911 nec
1239 2856 1456 2910 dicendi
1485 2853 1742 2909 facultate
1774 2852 2030 2922 prmditi;

444 2958 540 3012 sed
588 2955 685 3010 Dei
727 2955 935 3009 virtute
959 2950 1284 3008 communiti
1319 2949 1714 3004 denuntiarunt
1745 2947 1894 3002 omni
1937 2947 2035 3001 ho-

445 3051 652 3106 minum
687 3048 873 3120 generi
915 3046 1117 3100 missos
1152 3059 1214 3099 se
1246 3057 1368 3098 esse
1408 3058 1436 3095 a
1478 3042 1718 3106 Christo,
1748 3051 1808 3095 ut
1844 3054 2034 3095 omnes

445 3143 674 3199 verbum
712 3140 807 3195 Dei
846 3139 1146 3202 docerent;
1172 3144 1228 3190 et
1266 3136 1358 3204 qui
1399 3134 1529 3189 olim
1561 3133 1802 3189 caedibus
1830 3133 2033 3186 mutuis

446 3235 856 3308 grassabamur,
891 3247 998 3287 non
1050 3229 1213 3285 modo
1239 3243 1363 3282 cum
1401 3228 1642 3282 inimicis
1681 3225 1882 3280 bellum
1923 3240 2031 3278 non

444 3331 712 3403 gerimus,
745 3327 843 3382 sed
877 3325 1044 3382 etiam
1075 3339 1146 3379 ne
1177 3321 1529 3384 mentiamur,
1566 3327 1659 3373 aut
1697 3333 1791 3372 eos
1820 3317 1912 3387 qui
1954 3318 2034 3370 in-

2133 2115 2269 2186 λαλῇ
2317 2113 2374 2165 τὸ
2407 2107 2747 2180 προφητικὸν
2779 2104 3025 2175 Πνεῦμα,
3061 2101 3232 2165 οὕτως
3261 2101 3406 2170 λέγει
3431 2118 3444 2130 -
3488 2103 3589 2156 Ἐκ
3616 2103 3729 2172 γὰρ

2133 2207 2289 2262 Σιὼν
2314 2205 2697 2270 ἐξελεύσεται
2727 2201 2929 2270 νόμος,
2953 2197 3051 2251 καὶ
3079 2197 3261 2265 λόγος
3277 2195 3500 2262 Κιιρίου
3527 2194 3596 2260 ἐξ
3625 2196 3728 2248 Ἰε-

2125 2301 2473 2370 ρουσαλήμ..
2499 2296 2610 2351 Καὶ
2645 2293 2837 2363 κρινεῖ
2855 2293 2971 2347 ἀνὰ
2995 2292 3190 2360 μέσον
3206 2286 3414 2349 ἐθνῶν,
3439 2287 3536 2340 καὶ
3558 2287 3728 2356 ἑλέτ-

2135 2394 2224 2459 ξει
2268 2392 2422 2446 λαὸν
2459 2391 2676 2444 πολύν.
2714 2386 2828 2441 Καὶ
2860 2385 3244 2455 συγκόψουσι
3287 2379 3391 2446 τὰς
3425 2379 3729 2448 μαχαίρας

2133 2484 2331 2541 αὐτῶν
2351 2486 2438 2548 εἷς
2467 2481 2707 2550 ἄροτρα,
2733 2479 2829 2532 καὶ
2858 2479 2966 2542 τὰς
2996 2476 3232 2540 ζὶθύνας
3260 2473 3458 2527 αὐτῶν
3477 2475 3564 2538 εὶς
3593 2471 3726 2540 δρέ-

2134 2594 2314 2641 πανα,
2338 2574 2437 2629 καὶ
2465 2575 2534 2628 οὐ
2550 2571 2636 2642 μὴ
2663 2571 2964 2639 λήψονται
2993 2570 3169 2633 ἔθνος
3195 2566 3294 2618 ἐπὶ
3323 2566 3497 2630 ἔθνος
3516 2563 3726 2633 μάχαι-

2125 2688 2265 2739 ραν,
2298 2667 2396 2722 καὶ
2423 2668 2494 2721 οὐ
2516 2664 2601 2735 μὴ
2638 2663 2911 2734 μάθωσιν
2944 2663 3032 2714 ἑτι
3059 2657 3360 2728 πολεμεῖν.
3387 2657 3496 2710 Καὶ
3523 2657 3603 2710 ὅτι
3632 2655 3725 2708 οῦ-

2134 2781 2241 2826 τως
2262 2762 2472 2830 γέγονε,
2493 2757 2782 2827 πεισθῆναι
2804 2753 3052 2809 δύνασθε.
3073 2751 3205 2804 Ἀπὸ
3230 2751 3339 2822 γὰρ
3369 2749 3725 2822 Ἰερουσαλὴμ

2133 2853 2327 2924 ἄνδρες
2354 2848 2580 2903 δεκαδύο
2609 2847 2699 2900 τὸν
2727 2845 2960 2918 ἀριθμὸν
2986 2842 3212 2914 ἐξῆλθον
3257 2845 3337 2906 εἰς
3376 2841 3468 2894 τὸν
3497 2843 3720 2912 κόσμον,

2135 2945 2228 3000 καὶ
2253 2938 2400 2999 οῦτοι
2437 2941 2664 3004 ἰδιῶται,
2699 2939 2880 2993 λαλεῖν
2917 2937 2990 3009 μὴ
3021 2937 3341 3007 δυνάμενοι·
3377 2934 3464 2988 διὰ
3502 2933 3559 2987 δὲ
3587 2932 3721 2986 Θεοῦ

2133 3040 2416 3110 δυνάμεως
2457 3037 2734 3106 ἐμήνυσαν
2768 3032 2927 3086 παντὶ
2957 3031 3102 3098 γένει
3134 3027 3456 3100 ἀνθρώπων,
3479 3025 3554 3089 ὡς
3586 3027 3721 3078 ἀπε-

2137 3133 2405 3203 στάλησαν
2447 3129 2551 3181 ὑπὸ
2592 3126 2682 3179 τοῦ
2713 3122 2951 3197 Χριστοῦ
2997 3121 3201 3187 διδάξαι
3247 3120 3454 3184 πάντας
3498 3118 3588 3172 τὸν
3625 3117 3719 3171 τοῦ

2134 3222 2268 3277 Θεοῦ
2299 3220 2455 3289 λόγον
2478 3236 2491 3248 ·
2529 3216 2624 3271 καὶ
2661 3217 2710 3267 οἱ
2751 3212 2916 3267 πάλαι
2959 3209 3345 3281 ἀλληλοφόνται
3375 3207 3435 3258 οὐ
3463 3206 3620 3276 μόνον
3658 3203 3717 3256 οὐ

2136 3313 2480 3386 πολεμοῦμεν
2502 3311 2625 3373 τοὺς
2650 3307 2897 3379 ἐχθροὺς,
2928 3303 3041 3358 ἀλλ’
3073 3301 3211 3372 ὑπὲρ
3235 3300 3328 3353 τοῦ
3359 3298 3494 3370 μηδὲ
3529 3296 3720 3366 ψεύδε-

446 3387 733 3494 ἶοιτοειιηι
763 3419 1124 3488 decipiamus,
1151 3415 1388 3470 libenter
1416 3414 1696 3468 Christum
1729 3409 2031 3466 conﬁtendo

2140 3407 2283 3473 σθαι,
2320 3405 2441 3477 μηδ’
2463 3401 2804 3471 ἐξαπατῆσαι
2834 3398 2958 3460 τοὺς
2980 3392 3355 3478 ἐξετάζοντας,
3377 3390 3566 3460 ἡδέως,
3591 3390 3720 3458 ὁμο-

447 3515 740 3569 morimur.
770 3507 954 3566 Facile
981 3510 1128 3563 enim
1156 3518 1297 3574 erat,
1332 3513 1387 3560 ut
1428 3505 1571 3576 quod
1612 3504 1812 3559 dicitur
1844 3521 1858 3557 :

621 3713 818 3770 Jurata
847 3713 1050 3782 lingua,
1083 3725 1189 3763 non
1221 3717 1395 3761 tamen
1419 3706 1610 3775 jurata
1648 3721 1819 3768 mens,

445 3828 548 3867 nos
591 3824 808 3879 quoque
855 3807 1220 3860 imitaremur.
1256 3793 1364 3854 Sed
1414 3796 1710 3852 ridiculum
1753 3797 1928 3862 foret,
1974 3805 2034 3850 nt

449 3902 704 3959 obstricti
737 3916 767 3954 a
798 3899 954 3953 vobis
1001 3901 1352 3951 sacramento
1390 3899 1448 3946 et
1489 3889 1792 3959 conscripti
1832 3888 2034 3943 milites

450 3997 610 4050 [idem
631 3994 788 4048 vobis
806 3993 1012 4054 datam,
1043 3989 1135 4058 qui
1171 3985 1307 4041 nihil
1339 3983 1448 4040 illis
1472 3983 1705 4053 potestis
1733 3981 2032 4050 incorrupti

450 4094 738 4156 prazstare,
769 4091 826 4137 et
849 4097 962 4136 suae
989 4081 1232 4150 ipsorum
1264 4075 1390 4129 vita:
1420 4083 1476 4128 et
1507 4072 1824 4143 parentibus
1847 4079 1902 4126 et
1941 4085 2035 4139 pa-

451 4181 573 4232 tria:
601 4186 655 4233 et
682 4175 936 4231 omnibus
957 4169 1285 4244 propinquis
1317 4174 1666 4237 praeponam;
1699 4179 1796 4219 nos
1827 4174 2028 4226 autem,

450 4272 542 4340 qui
577 4269 910 4336 incorrupta:
935 4265 1063 4317 vitae
1096 4259 1276 4332 cupidi
1310 4273 1521 4320 sumus,
1559 4270 1667 4310 non
1696 4253 2033 4323 perieramus

449 4359 656 4424 omnia,
691 4368 752 4412 ut
777 4363 962 4424 optata
997 4353 1065 4406 ab
1095 4365 1186 4415 eo,
1221 4349 1313 4416 qui
1347 4355 1528 4416 potest
1561 4354 1850 4414 praastare,
1897 4357 2030 4396 con-

451 4466 764 4521 seQuamur.
1587 4459 1591 4463 ·

519 4545 612 4600 40.
653 4542 852 4597 Audite
885 4538 1159 4610 quomodo
1190 4543 1247 4590 et
1275 4535 1340 4590 de
1371 4533 1438 4588 iis
1470 4529 1788 4602 praedictum
1817 4526 1906 4591 sit,
1940 4527 2029 4593 qui

449 4639 569 4709 ejus
599 4636 904 4690 doctrinam
933 4631 1376 4700 praadicaverunt
1413 4634 1469 4678 et
1495 4625 1785 4676 adventum
1814 4618 2030 4672 nuntia-

451 4742 606 4794 runt,
636 4728 954 4799 supradicto
994 4723 1263 4794 propheta
1301 4731 1358 4774 et
1403 4731 1529 4785 rege
1565 4717 1647 4770 sic
1692 4712 1904 4766 dicente
1935 4724 2031 4778 per
2061 4744 2104 4798 Β

452 4825 716 4893 Spiritum
750 4818 1128 4890 propheticum
1165 4835 1175 4870 :
1209 4812 1334 4867 Dies
1361 4810 1465 4864 diei
1487 4816 1690 4862 eructat
1719 4805 1951 4866 verbum,
1977 4811 2023 4856 et

452 4892 558 4971 uox
595 4915 734 4968 nocti
781 4910 1065 4963 annuntiat
1105 4918 1421 4958 sermonem.
1477 4897 1604 4952 Non
1645 4906 1763 4950 sunt
1809 4892 2025 4962 loquela:

452 5023 614 5076 neque
645 5017 927 5065 sermones,
954 5013 1178 5069 quorum
1202 5010 1306 5046 non
1332 4992 1624 5046 audiantur
1649 5004 1794 5042 voces
1821 5000 2022 5040 eorum.

527 5149 694 5202 "lsa.
737 5158 864 5207 μιν,
894 5142 949 5195 2.
1015 5139 1062 5172 ⁸³
1100 5138 1203 5193 lsa.
1244 5152 1298 5202 ι,
1341 5134 1395 5189 6.
1474 5133 1521 5165 ⁸⁸
1558 5131 1703 5184 Psal.
1741 5146 1869 5194 ut,
1920 5128 2008 5181 i9.

2167 5119 2312 5174 Psal.
2358 5132 2438 5181 Ill,
2497 5113 2551 5168 6.

451 5219 542 5275 59.
640 5215 685 5246 ⁸⁸
727 5217 896 5280 lsa.u,
947 5211 1005 5266 5.

523 5373 637 5442 (93)
679 5372 959 5442 Γέγονεν.
1001 5347 2020 5442 Vel_p_r:emittepdumnfbéualterutri

454 5415 636 5498 vei-bi),
667 5415 1352 5514 'q'qt'geeézgm
1386 5430 1562 5514 placet
1593 5421 1905 5496 Sylburgio,
1939 5415 2022 5468 vel
2066 5461 2068 5463 .

453 5497 636 5584 potius
662 5497 786 5584 c'm'n
823 5497 1341 5584 ϐεθινίοῚςεθηίίυεῑι
1370 5497 1667 5584 ἳεῖονέντὲιξς

667 5560 1053 5653 "uiridem.
1080 5560 1262 5629 Monet
1290 5560 1681 5656 grauius.

456 5628 578 5711 hac:
596 5628 1052 5721 ἱιέωἱῖυίάἷὲέεέ
1072 5628 1156 5721 ex;
1177 5628 1371 5721 praedio
1383 5628 1684 5721 “Euripidis
1717 5628 2025 5721 iquLyﬂlo,

916 5697 1031 5774 ἐξῐέ
1064 5697 1214 5771 reddi
1247 5697 1348 5767 sub
1380 5697 1558 5764 ﬁnem.
1584 5707 1675 5758 lib.
1711 5716 1773 5755 ιιι
1794 5697 1797 5698 ⁷
1819 5697 1980 5766 οῃῑε.
2012 5710 2024 5744 :

464 5817 486 5851 ι
518 5797 707 5853 iurata
741 5795 945 5863 lingua,
971 5789 1217 5845 animum
1252 5783 1546 5852 injuratum
1573 5789 1724 5848 gero.
1761 5790 1778 5822 ι

2137 3473 2423 3569 λογοῦντες
2462 3495 2552 3549 τὸν
2591 3490 2845 3562 Χριστὸν,
2880 3473 3311 3558 ἀποθνήσκομεν.
3347 3479 3579 3535 Δυνατὸν
3610 3480 3720 3552 γὰρ

2135 3591 2206 3668 ἦν
2237 3594 2296 3648 τὸ
2329 3593 2620 3661 λεγόμενον
2639 3604 2652 3618 ο
3378 3608 3380 3610 τ

2187 3687 2247 3740 Ἠ
2275 3682 2504 3755 γλῶσσ’
2538 3679 2650 3752 (94)
2677 3675 3001 3747 ὀμώμοκεν,
3034 3673 3073 3741 ἡ
3103 3670 3170 3724 δὲ
3200 3669 3361 3740 φρὴν
3389 3665 3714 3736 ἀνώμοτος,

2135 3781 2312 3833 ποιεῖν
2359 3777 2508 3848 ἡμᾶς
2554 3776 2635 3837 εἰς
2687 3770 2863 3825 τοῦτο.
2916 3766 3128 3820 Γελοῖον
3174 3764 3274 3835 ἤδη
3299 3761 3409 3833 (95)
3444 3760 3713 3831 πρᾶγμα,

2136 3875 2263 3945 ὑμῖν
2314 3871 2410 3943 μὲν
2459 3869 2586 3931 τοὺς
2641 3860 3054 3932 συντιθεμένους
3110 3856 3204 3910 καὶ
3250 3853 3714 3923 καταλεγομένους

2138 3961 2504 4036 στρατιώτας,
2540 3956 2633 4011 καὶ
2656 3953 2762 4027 πρὸ
2793 3953 2890 4023 τῆς
2917 3948 3121 4004 ἑαυτῶν
3157 3947 3302 4017 ζωῆς
3326 3985 3340 4010 ,
3375 3944 3468 3998 καὶ
3487 3943 3710 4008 γονέων,

2136 4033 2232 4112 καῖ
2266 4051 2524 4123 πατρίδος
2544 4089 2558 4112 ,
2597 4045 2690 4101 καὶ
2725 4045 2940 4098 πάντων
2963 4039 3069 4093 τῶν
3102 4038 3338 4102 οἰκείων,
3387 4036 3486 4104 τὴν
3521 4033 3715 4104 ὑμετέ-

2140 4166 2238 4222 ραν
2275 4141 2614 4208 ὰσπὰζεσθαι
2645 4136 2952 4210 ὁμολογίαν,
2991 4132 3155 4204 μηδὲν
3183 4130 3455 4222 ἄφθαρτον
3482 4124 3714 4196 δυναμέ-

2133 4217 2239 4296 νων
2287 4238 2440 4311 ὑμῶν
2482 4237 2665 4298 αὐτοῖς
2714 4231 3052 4302 ’παρασχεῖν⁸
3088 4225 3233 4294 ἡμᾶς
3272 4221 3358 4281 δὲ.
3405 4217 3712 4311 ἀφθαρσίας

2133 4308 2406 4407 ἐρῶντας,
2460 4328 2533 4400 μὴ
2577 4325 2735 4378 πάνθ’
2772 4322 3061 4390 ὑπομεῖναι
3095 4315 3233 4385 ὑπὲρ
3267 4312 3360 4365 τοῦ
3405 4310 3476 4363 τὰ
3512 4308 3709 4362 ποθού-

2135 4405 2268 4499 μενα
2300 4422 2450 4495 παρὰ
2481 4419 2574 4473 τοῦ
2603 4415 2900 4486 δυναμένου
2933 4410 3110 4464 δοῦναι
3147 4405 3351 4459 λαϐεῖν.

2201 4521 2289 4575 40.
2321 4490 2614 4569 ’Λιιούσατε
2635 4509 2691 4563 δὲ
2714 4506 2829 4570 πῶς
2845 4505 2937 4558 καὶ
2959 4502 3086 4573 περὶ
3105 4498 3210 4551 τῶν
3227 4494 3578 4567 κηρυξάντων
3598 4490 3707 4561 (96)

2130 4612 2228 4682 τὴν
2284 4604 2503 4676 διδαχὴν
2550 4597 2713 4654 αὐτοῦ
2739 4638 2754 4663 ,
2809 4595 2901 4648 καὶ
2956 4587 3305 4662 μηνυσάντων
3361 4585 3460 4656 τὴν
3511 4583 3711 4652 ὲπιφά-

2132 4675 2278 4756 νείαν
2299 4739 2314 4764 ,
2365 4675 2672 4769 προερρἑη
2692 4732 2706 4756 ,
2739 4685 2831 4740 τοῦ
2867 4679 3264 4755 προειρημένου
3304 4677 3579 4769 προφήτου
3613 4675 3711 4769 καὶ

2139 4790 2397 4865 βασιλέως
2426 4764 2597 4846 οὕτως
2641 4779 2884 4840 εἰπόντος
2916 4774 3003 4827 διὰ
3033 4771 3126 4825 τοῦ
3164 4766 3503 4842 προφητικοῦ
3531 4764 3705 4819 ΙΙνεύ-

2136 4857 2305 4957 ματος
2325 4901 2336 4912 ·
2376 4879 2590 4950 Ἡμέρα
2616 4873 2690 4944 τῇ
2720 4871 2906 4942 ἡμέρᾳ
2930 4867 3231 4957 ἐρεύγεται
3245 4861 3411 4957 ῥῆμα
3427 4899 3450 4957 ,Δ
3473 4857 3570 4957 καὶ
3589 4857 3707 4957 νὺξ

2132 4947 2208 5047 τῇ
2236 4947 2409 5029 νυκτὶ
2441 4947 2809 5036 ’ἀναγγέλλει
2860 4958 3102 5030 γνῶσιν.
3164 4956 3284 5007 Οὐκ
3335 4949 3456 5005 εὶσὶ
3498 4947 3704 5002 lauat

2645 5108 2690 5142 ⁸⁸
2731 5105 2872 5162 Psal.
2917 5117 3031 5165 χιιι,
3065 5099 3118 5154 8.
3195 5097 3237 5128 ⁸⁷
3278 5094 3472 5148 Matth.
3513 5105 3696 5148 xxv".

2205 5330 2318 5402 (95)
2346 5328 2598 5410 Γελοῖον
2631 5324 2771 5411 ἥδτη.
2808 5321 2996 5376 Billius
3027 5318 3154 5439 legit
3179 5313 3256 5402 δέ,
3283 5313 3534 5395 Sylhurg.
3566 5308 3610 5363 δ’
3639 5304 3705 5382 ᾖν

2205 5403 2283 5439 ικτ
2314 5403 2396 5439 ςινη
2455 5399 2660 5439 'I‘Inrlh.
2691 5414 2724 5439 τι
2755 5395 2813 5439 δέ
2836 5393 2916 5439 vel
2945 5392 3027 5439 εῐτι
3056 5389 3084 5439 δ
3120 5429 3131 5439 .
3165 5385 3243 5439 hx
3281 5386 3554 5437 levnssrma
3589 5397 3705 5433 mu-

2139 5385 2420 5471 velb;'eiq,
2455 5385 2813 5471 Thirlb;
2836 5393 2919 5446 vel
2945 5385 3145 5471 ein-bi;
3165 5385 3243 5471 ῐξιι
3281 5385 3708 5471 lgvissi'qrainu-

2137 5454 2483 5527 tationedito
2506 5477 2628 5538 post
2647 5454 2907 5538 Gr'abium
2929 5454 3150 5538 ediditj
3174 5457 3260 5538 in;
3288 5455 3451 5538 Eutr.
3469 5454 3703 5538 Ιξιτιιοι..

2661 5535 3066 5615 κηρυξτὶντων,
3089 5524 3160 5582 De
3180 5525 3562 5619 SS.‘a‘pps'toAlis
3589 5524 3703 5619 hzec

2138 5594 2557 5675 Da‘vvidis—vverba
2603 5609 2656 5660 in
2699 5594 2932 5675 mystico
2977 5614 3137 5653 sensu
3179 5598 3387 5675 acgepit
3416 5594 3697 5675 Justinus,

2139 5665 2414 5758 ᾖῗεὲὲῖιίἶιέ
2439 5665 2656 5758 ipsa.
2683 5665 3054 5758 .i‘u'ulolﬂqnt.
3099 5685 3152 5729 χ,
3209 5667 3301 5721 18.
3331 5668 3406 5718 ita
3442 5665 3692 5727 Grabius,

2141 5743 2296 5827 cujus
2329 5764 2454 5810 nota
2477 5743 2516 5804 ἰι
2548 5745 2792 5801 Thirlbio
2821 5743 3094 5808 adoptato.
