4006 6254
241 382 336 439 589

1378 352 1753 446 ‘MOLOGIA
1790 388 1811 443 1
1846 352 1986 445 Ριιο
2024 376 2491 443 CHRISTIANIS.

3493 377 3597 439 390

234 494 367 549 oret
392 497 573 565 λόγοι
620 492 723 552 ὧν
776 502 937 570 οὐχὶ
995 505 1347 561 ἀκούονται
1376 510 1434 562 αὶ
1471 509 1660 578 φωναὶ
1694 508 1911 563 αὐτῶν.

2027 508 2088 562 ln
2109 524 2312 563 omnem
2333 518 2530 561 terram
2550 505 2707 559 exivit
2744 519 2906 557 sonus
2930 506 3133 566 eorum,
3152 512 3200 556 et
3224 502 3276 555 in
3300 500 3432 571 ﬁnes
3458 501 3600 558 (rbis

232 588 332 652 Εις
367 585 588 641 πᾶσαν
627 589 763 657 τὴν
822 592 965 661 γῆν
1020 596 1306 666 ἐξῆλθεν
1345 602 1378 652 ὁ
1414 601 1671 670 φθόγγος
1698 599 1915 665 αὐτῶν,

234 677 327 730 καὶ
356 680 442 743 εὶς
472 679 552 732 τὰ
593 680 860 750 πέρατα
893 686 1030 754 τῆς
1065 689 1433 760 οικουμένης
1458 690 1529 744 τὰ
1547 692 1787 761 ῥήματα
1814 693 1922 746 αὺ-

237 771 367 826 τῶν.
409 774 515 826 Ἐν
556 774 650 839 τῷ
684 776 870 844 ἡλίῳ
903 780 1101 834 ἔθετο
1140 782 1209 835 τὸ
1240 781 1526 852 σκήνωμα
1552 782 1739 837 αὑτοῦ
1763 823 1777 847 ,
1824 783 1923 837 καὶ

244 864 421 931 αὐτὸς
442 905 457 928 ,
489 865 577 932 ὡς
608 870 916 937 νυμφίος
949 871 1444 942 ἐκπορευόμενος
1463 874 1531 927 ἑκ
1553 874 1791 929 παστοῦ
1819 876 1924 929 αὐ-

254 958 388 1019 τοῦ,
430 954 923 1029 ἀταλλιάσεται
960 965 1053 1031 ὡς
1088 966 1264 1035 γίγας
1292 966 1537 1037 δραμεῖν
1574 966 1737 1021 ὀδόν.
1776 967 1924 1039 Πρὸς

266 1050 468 1114 τούτοις
500 1050 563 1103 δὲ
602 1052 711 1105 καὶ
752 1051 959 1122 λόγων
1020 1056 1231 1129 ἐτέρων
1274 1056 1382 1110 τῶν
1428 1056 1922 1129 προφητευθέντων

274 1142 336 1197 δι’
376 1141 546 1196 αὑτοῦ
594 1143 701 1197 τοῦ
740 1146 929 1200 Δαδὶδ
953 1188 969 1211 ,
1022 1148 1210 1211 καλῶς
1251 1147 1371 1218 ἔχον
1406 1149 1499 1202 καὶ
1540 1149 1755 1212 οἰκείως
1804 1150 1925 1202 ἐπι-

287 1236 593 1309 μνησθῆναι
614 1236 1028 1310 λελογίσμεθα
1048 1257 1063 1270 θ
1098 1240 1158 1305 ἐξ
1178 1234 1251 1295 ὧν
1284 1242 1475 1313 μαθεῖν
1508 1242 1636 1313 ὑμῖν
1665 1243 1919 1313 πάρεστι,

288 1330 398 1393 πῶς
420 1329 828 1401 προτρέπεται
861 1330 973 1403 ζῇν
1006 1338 1135 1398 τους
1163 1333 1481 1404 ἀνθρώπους
1499 1335 1560 1387 τὸ
1584 1334 1922 1407 προφητικὸν

298 1424 519 1494 Πνεῦμα
539 1441 553 1453 ’
593 1425 698 1477 καὶ
739 1425 874 1489 ’πῶς
907 1427 1107 1498 μηνύει
1138 1427 1235 1499 τὴν
1266 1427 1636 1500 γεγενημένην
1683 1429 1922 1501 Ἡρώδου

295 1518 385 1571 τοῦ
434 1518 718 1587 βασιλέως
770 1508 1082 1587 Ἰουδαίων,
1133 1519 1226 1574 καὶ
1267 1520 1445 1574 αὐτῶν
1492 1520 1794 1586 Ἰουδαίων,
1830 1522 1923 1574 καὶ

300 1612 528 1665 Πιλάτου
550 1611 653 1665 τοῦ
693 1613 985 1684 ὑμετέρου
1022 1614 1151 1685 παρ’
1185 1610 1367 1678 αὐτοῖς
1395 1610 1686 1685 γενομένου
1710 1615 1924 1686 ἐπιτρὸ-

302 1721 399 1757 που
421 1746 437 1767 ,
476 1705 584 1757 σὺν
619 1708 748 1769 τοῖς
785 1706 960 1760 αὑτοῦ
998 1703 1360 1777 στρατιώταις
1382 1707 1523 1759 κατὰ
1557 1706 1653 1760 τοῦ
1686 1706 1922 1778 Χριστοῦ

306 1798 625 1851 συνέλευσιν
673 1798 796 1870 (97)
823 1817 837 1829 ·
887 1798 985 1852 καὶ
1026 1801 1109 1852 ὅτι
1148 1786 1499 1852 πιστεύεσθαι
1548 1799 1772 1870 ἔμελλεν
1818 1798 1925 1852 ὑπὸ

302 1890 406 1943 τῶν
435 1895 503 1944 ὲκ
533 1892 763 1956 παντὸς
794 1892 992 1961 γένους
1014 1891 1313 1963 ἀνθρώπων
1334 1910 1345 1921 ·
1381 1894 1473 1945 καὶ
1505 1894 1586 1945 ὅτι
1616 1892 1777 1945 αὐτὸν
1798 1892 1924 1946 Υἱὸν

305 1983 459 2036 καὶεί
489 1985 520 2036 ὁ
554 1983 706 2047 Θεὸς
726 2024 742 2047 ,
780 1983 880 2037 καὶ
914 1983 1244 2037 ὑποτάσσειν
1280 1984 1427 2055 αὑτῷ
1460 1984 1667 2047 πάντας
1698 1982 1926 2055 ἐχθροὺς

304 2076 689 2148 ἐπήγγελται·
728 2077 825 2129 καὶ
871 2076 987 2140 πῶς
1019 2078 1068 2129 οἱ
1110 2077 1363 2146 δαίμονες
1382 2076 1491 2148 (98)
1513 2116 1527 2139 ,
1556 2077 1679 2130 ὅσον
1710 2077 1797 2128 ἐπ’
1832 2077 1929 2128 αὐ-

302 2170 444 2230 τοῖς,
483 2169 595 2239 τήν
629 2185 696 2221 τε
729 2166 829 2221 τοῦ
855 2167 1063 2239 πατρὸς
1089 2168 1305 2221 πάντων
1350 2168 1444 2221 καὶ
1471 2168 1732 2220 δεσπότου
1768 2166 1925 2233 Θεοῦ,

304 2262 398 2313 καὶ
420 2261 528 2332 τὴν
561 2262 743 2314 αὑτοῦ
774 2261 871 2314 τοῦ
904 2260 1144 2333 Χριστοῦ
1175 2260 1422 2329 ἐξουσίαν
1457 2263 1649 2329 φυγεῖν
1681 2252 1924 2332 πειρῶν-

302 2370 434 2407 ut“
488 2356 595 2408 καὶ
646 2354 731 2417 ὡς
766 2357 848 2417 εἰς
894 2355 1185 2425 μετάνοιαν
1234 2354 1388 2407 κα).Ξῖ
1426 2354 1635 2417 πάντας
1687 2353 1715 2405 ὁ
1756 2353 1925 2417 Θεὸς,

308 2447 442 2517 πρὶν
471 2445 678 2499 ’ἐλθεῖν
716 2447 819 2517 τὴν
855 2446 1067 2517 ἡμέραν
1112 2447 1212 2517 τῆς
1254 2447 1507 2519 κρίσεως.
1564 2447 1828 2518 Εῖρηνται
1872 2447 1929 2499 δὲ

311 2540 487 2603 σῦτως
510 2557 525 2568 ·
560 2538 881 2606 Μακάριος
904 2539 1061 2608 ἀνὴρ
1089 2538 1157 2604 ὃς
1178 2540 1289 2593 οὐκ
1313 2540 1604 2607 ἐπορεύθη
1634 2539 1703 2592 ἐν
1725 2537 1931 2606 βουλῇ

311 2631 581 2693 ἀσεϐῶν,
636 2630 747 2685 καὶ
788 2631 862 2683 ἐν
906 2630 1025 2696 ὀδῷ
1066 2631 1429 2700 ἁμαρτωλῶν
1456 2635 1567 2686 οὐκ
1603 2634 1788 2701 ἔστη,
1834 2634 1932 2687 καὶ

309 2721 411 2774 ἐπὶ
440 2720 755 2789 καθέὁραν
780 2721 1009 2790 ,λοιμῶν
1034 2723 1145 2775 οὐκ
1162 2721 1440 2776 ἐκάθισεν
1457 2739 1469 2751 ·
1508 2723 1647 2776 ἀλλ’
1689 2722 1729 2792 ἢ
1755 2724 1828 2776 ἐν
1851 2721 1933 2788 τῷ

314 2814 479 2884 νόμῳ
508 2814 749 2881 Κυρίου
782 2813 849 2865 τὸ
883 2802 1115 2883 θέλημα
1147 2814 1361 2877 αὐτοῦ,
1410 2814 1508 2868 καὶ
1543 2815 1613 2867 ἐν
1653 2816 1734 2882 τῷ
1771 2817 1933 2885 νόμῳ

316 2906 509 2960 αὐτοῦ
539 2904 875 2973 μελετήσει
923 2906 1153 2976 ἡμέρας
1196 2906 1293 2960 καὶ
1334 2909 1573 2973 νυκτός.
1620 2908 1730 2962 Καὶ
1762 2908 1933 2961 ἔσται

318 3000 399 3063 ὡς
432 2998 497 3051 τὸ
534 2999 739 3062 ξύλον
780 2996 847 3051 τὸ
888 2999 1343 3069 πεφυτευμένον
1386 2999 1545 3067 παρὰ
1591 2999 1699 3065 τὰς
1740 2998 1931 3063 διεξό-

318 3089 467 3157 δους
495 3089 620 3143 τῶν
650 3089 916 3155 ὑδάτων,
948 3089 979 3143 ὃ
1009 3090 1117 3144 τὸν
1153 3093 1385 3159 καρπὸν
1428 3091 1617 3146 αὐτοῦ
1654 3091 1834 3145 δώσει
1862 3093 1934 3145 ἐν

321 3182 505 3250 καιρῷ
535 3182 734 3236 αὑτοῦ
754 3222 770 3246 ,
804 3183 903 3253 καὶ
926 3183 992 3235 τὸ
1013 3183 1254 3252 φύλλον
1280 3183 1466 3237 αὐτοῦ
1496 3185 1608 3237 οὐκ
1634 3181 1933 3253 ἀπορῤυή-

320 3292 490 3328 σεται
514 3316 530 3338 ,
557 3275 660 3329 καὶ
685 3274 889 3327 πάντα
918 3273 1037 3328 ὅσα
1064 3275 1142 3330 ἂν
1178 3273 1320 3344 ποιῇ
1360 3274 1927 3342 κατευοδωθήσεται.

327 3370 450 3435 Οὐχ
478 3368 678 3432 οὕτως
706 3370 761 3419 οἱ
792 3366 1039 3432 ἀσεϐεῖς
1062 3405 1076 3430 ,
1111 3368 1223 3435 οὐχ
1255 3366 1445 3433 οὕτως
1469 3406 1486 3432 ,
1517 3367 1655 3421 ἀλλ’
1703 3366 1742 3435 ἣ
1789 3366 1933 3420 ὡσεὶ

324 3459 515 3528 χνοῦς
537 3499 552 3522 ,
586 3459 665 3513 ὃν
703 3459 974 3526 ὲκρίπτει
1004 3461 1037 3511 ό
1063 3458 1284 3527 ἄνεμος
1313 3459 1429 3513 ἀπὸ
1466 3458 1790 3527 προσώπου
1824 3458 1934 3526 τῆς

325 3551 456 3619 γῆς.
493 3553 600 3605 Διὰ
628 3551 812 3605 τοῦτο
840 3552 953 3605 οὐκ
973 3549 1424 3617 ἀναστήσονται
1449 3550 1685 3616 ἀσεϐεῖς
1711 3551 1780 3604 ἐν
1808 3551 1933 3619 κρί-

324 3661 418 3697 σει
441 3684 455 3707 ,
486 3643 638 3698 οὐδὲ
674 3642 1015 3711 ἁμαρτωλοὶ
1041 3643 1111 3695 ὲν
1135 3640 1343 3711 ,ϐουλῇ
1384 3642 1648 3696 δικαίων.
1690 3642 1816 3694 Ὅτι
1845 3660 1934 3711 για

324 3737 547 3790 τὼσκει
596 3737 825 3803 Κύριος
870 3734 1013 3789 ὁδὸν
1054 3735 1331 3800 δικαίων,
1378 3735 1475 3788 καὶ
1518 3734 1657 3800 ὁδὸς
1700 3734 1935 3788 ἀσεϐῶν

329 3831 666 3886 ἀπολεῖται.
701 3831 829 3882 Ἵνα
858 3828 918 3880 τί
942 3827 1254 3895 ἐφρύαξαν
1273 3828 1441 3895 ἔθνη,
1460 3826 1707 3881 καὶλαοὶ
1728 3825 1930 3895 ἐμελέ-

332 3941 523 3991 τησαν
540 3922 725 3977 καινά
744 3922 880 3994 (99);
897 3922 1296 3990 Παρέστησαν
1311 3924 1365 3975 οἱ
1374 3920 1657 3986 βασιλεῖς
1672 3919 1782 3988 τῆς
1797 3917 1874 3990 γῆ
1879 3939 1931 3985 ς,

335 4020 427 4071 καὶ
457 4022 511 4072 οἱ
531 4018 835 4087 ἄρχοντες
860 4016 1267 4084 συνήχθησαν
1290 4015 1389 4067 ἐπὶ
1406 4015 1469 4067 τὸ
1486 4013 1630 4067 αὺτό
1659 4012 1808 4065 κατὰ
1826 4011 1934 4065 τοῦ

335 4113 589 4180 Kvpt'cv,
626 4112 729 4163 καὶ
770 4109 921 4163 κατὰ
950 4108 1056 4162 τοῦ
1088 4107 1346 4176 Χριστοῦ
1378 4106 1587 4170 αὑτοῦ,
1616 4105 1929 4176 λέγοντες-⁸

340 4205 759 4273 Διαρῤήξωμεν
780 4202 922 4268 τοὺς
943 4200 1207 4271 δεσμοὺς
1231 4199 1451 4263 αὐτῶν,
1474 4199 1573 4253 καὶ
1593 4199 1936 4267 ἀπορρίψω-

330 4316 443 4368 μεν
475 4299 578 4366 ἀφ’
626 4295 805 4366 ἡμῶν
840 4294 945 4347 τὸν
984 4292 1159 4363 ζυγὸν
1197 4290 1411 4346 αὐτῶν.
1454 4292 1507 4343 Ὀ
1538 4290 1827 4344 κατοικῶν
1868 4292 1937 4343 ἐν

335 4392 620 4460 σίτανοῖς
643 4387 1040 4458 ἑκγελάσεται
1072 4386 1314 4452 αὐτοὺς,
1340 4384 1438 4438 καὶ
1463 4388 1495 4438 ὁ
1518 4385 1731 4451 Κύριος
1755 4384 1937 4452 ἐκμυ-

336 4484 565 4553 κτηριεῖ
581 4482 831 4548 αὐτούς.
845 4481 981 4535 Τότε
1003 4477 1264 4544 λαλήσει
1288 4476 1437 4543 πρὸς
1461 4474 1679 4539 αὐτοὺς
1699 4475 1768 4527 ἐν
1787 4474 1936 4544 ὀργῇ

332 4576 544 4639 αὑτοῦ,
566 4574 667 4629 καὶ
684 4574 759 4626 ἐν
773 4572 853 4638 τῷ
876 4569 1036 4641 θυμῷ
1052 4569 1237 4624 αὑτοῦ
1259 4566 1496 4636 ταράξει
1516 4569 1754 4633 αὐτούς.
1792 4566 1937 4637 Ἐγὼ

334 4669 397 4722 δὲ
426 4668 819 4731 κατεστάθην
839 4662 1142 4728 ,ϐασιλεὺς
1165 4660 1266 4716 ὑπ’
1283 4660 1489 4723 αὑτοῦ,
1508 4660 1605 4712 ἐστὶ
1626 4658 1777 4713 Σιὼν
1794 4659 1931 4727 ὄρος

334 4762 397 4813 τί
421 4761 597 4829 ἅγιον
613 4756 826 4819 αὑτοῦ,
843 4754 1214 4823 διαγγέλλων
1232 4750 1297 4805 τὸ
1314 4753 1664 4820 πρόσταγμα
1686 4752 1928 4819 Κυρίου.

338 4856 556 4917 Κύριος
579 4852 714 4903 εἷο-ιε
730 4850 880 4917 πρός
888 4864 984 4918 με·
1013 4848 1143 4913 Υἱός
1169 4863 1289 4915 μου
1315 4845 1372 4898 εἷ
1400 4846 1500 4898 σύ·
1533 4844 1649 4913 ἐγὼ
1667 4842 1932 4913 σήμερον

342 4942 676 5013 γεγέννηκά
710 4957 805 4995 σε.
841 4941 1091 5007 Αἶτησαι
1120 4940 1259 5006 παρ’
1288 4936 1454 5006 ἐμοῦ,
1500 4936 1599 4988 καὶ
1631 4934 1800 4988 δώσω
1833 4949 1933 4987 σοι

342 5034 483 5099 ἔθνη
516 5033 635 5099 τὴν
669 5030 1080 5098 κληρονομίαν
1113 5043 1251 5089 σου,
1287 5024 1385 5078 καὶ
1414 5023 1530 5092 τὴν
1554 5020 1932 5089 κατάσχεσίν

342 5142 457 5180 σου
500 5127 577 5179 τὰ
617 5124 849 5193 πέρατα
894 5121 1005 5190 τῆς
1040 5119 1171 5191 γῆς.
1222 5114 1537 5186 Ποιμανεῖς
1594 5113 1813 5178 αὐτοὺς
1865 5111 1934 5164 ἐν

338 5218 539 5285 έάὲδφ
571 5215 795 5284 σιδηρᾷ
820 5232 832 5244 ·
872 5216 952 5279 ὡς
1004 5212 1192 5279 σκεύη
1238 5206 1533 5278 κεραμέως
1574 5203 1933 5271 συντρίψεις

434 5354 481 5388 ⁸⁵
520 5353 673 5408 Psal.
705 5367 857 5418 xvtu,
886 5352 942 5404 ‘2.

417 5472 534 5539 (97)
575 5469 974 5539 Συνέλευσιν.
1001 5464 1102 5519 Hic
1127 5477 1342 5539 quoque
1370 5457 1740 5539 apostolorum
1764 5454 1934 5539 vesti-

386 5525 462 5597 iis
496 5525 551 5595 in
607 5525 1355 5609 ScripturaAinterpretanda
1408 5525 1613 5584 insistit
1660 5525 1928 5580 Justinus.

388 5560 451 5597 IIS
496 5560 551 5595 Ill
607 5560 891 5609 Demptum
944 5560 1355 5603 llllcrpl'cuunla
1410 5560 1613 5584 ηιδιοιιι.
1660 5560 1896 5580 συοιιιιυς

349 5560 483 5668 {ide
513 5614 639 5667 Act.
681 5626 754 5674 tv,
777 5610 868 5663 27.
898 5606 1138 5662 GRABIUS
1167 5612 1221 5658 et
1245 5603 1554 5675 Tullianus.
1807 5664 1819 5675 .
1860 5664 1896 5675 Α

417 5686 532 5753 (98)
553 5683 665 5737 Καὶ
692 5670 819 5744 πῶς
846 5680 907 5753 oi
926 5677 1230 5744 δαίμονες.
1260 5672 1535 5753 Daemones
1561 5681 1691 5753 ergo
1720 5670 1929 5753 fuisti-

354 5736 614 5809 ma‘baiin
658 5755 763 5805 hoc
794 5736 1042 5817 psalmo;
1068 5736 1397 5819 queinﬁtnox
1444 5740 1674 5819 releret,
1708 5736 1890 5815 dicere
1912 5774 1926 5794 ,

356 5830 721 5892 dirumpamus
749 5811 969 5892 vincula
986 5811 1189 5892 eorum.
1224 5813 1400 5877 Quare
1426 5811 1633 5892 videtur
1656 5811 1929 5884 principes

360 5897 496 5959 illos,
527 5878 620 5965 qui
666 5890 825 5949 initio
856 5888 1052 5960 psalmi
1098 5890 1490 5946 memorantur,
1527 5878 1802 5933 daemones
1829 5878 1925 5948 in-

1028 5350 1077 5381 ”
1116 5347 1259 5402 Psal.
1292 5361 1310 5398 ι
1343 5354 1398 5400 et
1424 5360 1484 5410 ιι,
1516 5358 1614 5413 ρει·
1649 5352 1852 5396 totum.

2026 608 2181 653 terra:
2228 600 2384 653 verba
2442 614 2647 651 eorum.
2702 593 2771 649 In
2827 593 2936 648 sole
2981 595 3153 661 posuit
3204 592 3604 646 tabernaculum

2024 707 2202 756 suum,
2233 701 2280 745 et
2309 691 2421 759 ipse
2448 699 2699 759 tanquam
2721 702 2944 756 sponsus
2972 685 3254 753 procedens
3280 686 3343 737 de
3366 683 3603 739 thalamo

2023 800 2119 838 suo
2158 782 2445 838 exsultabit
2477 792 2535 834 ut
2580 780 2728 849 gigas
2776 777 2845 831 ad
2883 777 3201 830 currendum
3241 776 3378 829 viam
3403 762 3604 830 “.His

2025 886 2211 931 antem
2245 874 2352 929 alia
2382 887 2599 943 quoque
2636 870 2879 941 ejusdem
2919 869 3142 923 Da'vidis
3172 867 3434 922 vaticinia
3464 867 3604 938 adji-

2024 969 2172 1032 cere,
2206 966 2532 1037 praeclarum
2566 978 2632 1019 ac
2659 963 2820 1033 hujus
2846 960 2947 1016 loci
2981 961 3265 1031 proprium
3294 974 3418 1014 esse
3443 960 3606 1014 duxi-

2024 1074 2168 1122 mus,
2193 1064 2262 1112 ex
2291 1057 2491 1126 quibus
2521 1054 2734 1109 discere
2773 1050 3025 1120 potestis,
3054 1051 3328 1120 quomodo
3356 1049 3607 1106 homines

2023 1148 2209 1204 Vivere
2255 1147 2492 1218 Spiritus
2537 1145 2890 1217 propheticus
2917 1144 3184 1206 hortetur,
3219 1141 3491 1209 quomodo
3523 1141 3607 1195 fa-

2024 1246 2167 1295 ctam
2192 1240 2259 1293 ah
2281 1238 2495 1292 Herode
2514 1234 2825 1290 Judazorunt
2846 1248 2975 1303 rege
2997 1232 3239 1302 ipsisque
3263 1228 3465 1285 Judazis
3481 1244 3605 1284 cum

2022 1330 2215 1397 Pilato,
2247 1337 2430 1387 'vestro
2463 1329 2607 1400 apud
2651 1342 2747 1383 eos
2784 1334 3161 1396 procuratore,
3202 1322 3428 1393 ejusque
3457 1323 3607 1377 mili-
3649 1351 3659 1371 ι

2026 1424 2172 1478 tibus
2219 1423 2483 1475 adversus
2533 1418 2815 1474 Christum
2860 1416 3153 1470 coitionem
3192 1424 3417 1479 narret;
3465 1427 3607 1482 quo-

2023 1514 2187 1570 modo
2234 1512 2540 1567 credituros
2590 1510 2646 1564 in
2694 1508 2848 1563 illum
2893 1508 2985 1577 qui
3025 1521 3092 1560 ex
3118 1505 3267 1561 omni
3324 1504 3612 1559 hominum

2025 1618 2225 1677 genere
2268 1603 2454 1657 vocati
2498 1609 2648 1669 sunt,
2699 1613 2933 1669 eumque
2967 1614 2995 1652 a
3038 1598 3149 1653 Deo
3184 1596 3380 1651 Filium
3422 1593 3611 1649 vocari

2026 1700 2192 1760 dicat,
2220 1710 2283 1750 ac
2307 1694 2527 1749 Patrem
2552 1690 2799 1762 polliceri
2827 1689 3203 1757 subiecturum
3227 1702 3286 1743 se
3314 1685 3389 1740 illi
3419 1698 3612 1741 omnes

2028 1789 2320 1854 inimicos;
2345 1796 2463 1841 tum
2494 1786 2663 1841 etiam
2693 1783 2970 1854 quomodo
3011 1781 3306 1847 daemones,
3344 1789 3612 1850 quantum

1958 1880 2000 1935 Β
2028 1882 2083 1937 in
2118 1880 2249 1950 ipsis
2276 1889 2382 1943 est,
2421 1878 2665 1950 parentis
2715 1876 3098 1931 universorum
3135 1882 3189 1928 et
3225 1872 3442 1926 Domini
3488 1870 3610 1937 Dei,

2032 1974 2312 2044 ipsiusque
2365 1971 2571 2027 Christi
2630 1977 2962 2040 potestatem
3021 1964 3263 2029 effugere
3311 1973 3609 2028 conentur;

2030 2066 2303 2137 quomodo
2330 2063 2565 2134 denique
2596 2075 2786 2117 omnes
2821 2061 2961 2115 Deus
2999 2060 3066 2113 ad
3098 2058 3478 2129 paenitentiam
3512 2071 3614 2113 vo-

2031 2170 2153 2224 cet,
2184 2167 2479 2226 antequam
2524 2156 2641 2212 dies
2678 2152 2871 2223 iudicii
2918 2153 3192 2209 adveniat.
3242 2150 3385 2206 Sunt
3429 2159 3613 2206 autem

2031 2254 2117 2308 his
2141 2253 2286 2307 elata
2312 2250 2525 2307 verbis:
2552 2248 2752 2304 Beatus
2783 2250 2863 2302 vir
2885 2249 2974 2319 qui
3009 2259 3113 2301 non
3151 2248 3277 2300 abiit
3302 2247 3356 2301 in
3387 2245 3612 2299 consilio

2031 2343 2334 2412 impiorum,
2353 2351 2400 2395 et
2437 2341 2495 2394 in
2518 2341 2605 2394 via
2637 2350 2975 2410 peccatorum
3005 2354 3107 2391 non
3139 2338 3282 2391 stetit
3312 2353 3331 2390 :
3362 2346 3413 2391 et
3443 2337 3497 2389 in
3520 2352 3614 2389 ca-

2033 2432 2219 2486 thedra
2265 2430 2579 2500 pestilentia:
2624 2446 2730 2483 non
2766 2430 2927 2483 sedit.
2984 2427 3088 2482 Sed
3136 2430 3190 2481 in
3235 2428 3348 2496 lege
3395 2426 3615 2481 Domini

2032 2524 2275 2578 voluntas
2321 2523 2478 2592 ejus:
2510 2531 2558 2576 et
2596 2522 2652 2575 in
2696 2522 2806 2592 lege
2848 2524 2965 2592 ejus
3010 2521 3351 2574 meditabitur
3392 2521 3477 2573 die
3502 2559 3516 2582 ,
3553 2534 3617 2572 ac

2034 2626 2207 2670 nocte.
2244 2616 2310 2669 Et
2337 2617 2437 2669 erit
2470 2625 2725 2683 tanquam
2769 2613 2971 2684 lignum
2994 2654 3007 2677 ,
3039 2612 3179 2684 quod
3207 2612 3504 2681 plantatum
3539 2619 3619 2664 est

2033 2723 2187 2761 secus
2214 2708 2468 2762 decursus
2500 2723 2761 2777 aquarum
2790 2722 2806 2771 ;
2835 2706 2975 2775 quod
3007 2705 3239 2774 fructum
3270 2718 3425 2757 suum
3468 2703 3618 2757 dabit

2033 2800 2087 2852 in
2120 2808 2348 2867 tempore
2370 2815 2488 2852 suo.
2523 2799 2586 2852 Et
2618 2798 2805 2867 folium
2832 2797 2946 2866 ejus
2978 2814 3081 2851 non
3104 2797 3340 2864 deﬂuet;
3369 2804 3416 2849 et
3441 2795 3620 2849 omnia

2033 2905 2355 2960 quaecunque
2401 2890 2598 2958 faciet,
2647 2890 3125 2958 prosperabuntur.
3162 2888 3296 2943 Non
3339 2889 3415 2942 sic
3447 2887 3618 2957 impii,

2035 2997 2141 3034 non
2180 2981 2255 3034 sic
2272 2998 2292 3047 ;
2324 2980 2415 3034 sed
2446 2990 2699 3051 tanquam
2731 2980 2923 3048 pulvis,
2949 2996 3101 3050 quem
3131 2981 3346 3050 projicit
3370 2992 3557 3036 ventus
3582 2996 3618 3034 a

2037 3074 2174 3142 facie
2216 3083 2391 3127 terrte.
2440 3073 2570 3127 Ideo
2610 3089 2715 3126 non
2755 3081 3028 3141 resurgent
3081 3073 3231 3142 impii
3283 3074 3336 3126 in
3377 3073 3621 3143 judicio,

2036 3180 2204 3233 neque
2222 3176 2520 3232 peccatores
2543 3166 2597 3217 in
2624 3164 2846 3218 consilio
2867 3165 3163 3233 justorum.
3184 3163 3458 3229 Quoniam
3481 3166 3620 3220 novit
3693 3178 3697 3181 '

1960 3226 2003 3285 C‘
2036 3256 2299 3311 Dominus
2338 3258 2473 3310 viam
2502 3257 2809 3325 justorum;
2849 3266 2895 3309 et
2930 3256 3034 3309 iter
3079 3256 3368 3322 impiorum
3405 3257 3619 3324 peribit.

2033 3349 2147 3420 68
2198 3348 2378 3413 Quare
2425 3347 2754 3420 fremuerunt
2800 3355 3013 3416 gentes,
3058 3356 3106 3400 et
3153 3345 3335 3415 populi
3380 3346 3624 3401 meditati

2035 3448 2160 3494 sunt
2206 3438 2430 3491 inania?
2479 3436 2777 3492 Astiterunt
2830 3454 2976 3508 reges
3024 3449 3180 3492 terra:
3212 3453 3231 3489 .°
3262 3446 3312 3492 et
3360 3437 3623 3506 principes

2036 3542 2393 3587 convenerunt
2433 3532 2489 3587 in
2525 3548 2687 3585 unum
2728 3532 2985 3585 adversus
3012 3530 3320 3593 Dominum,
3346 3539 3397 3584 et
3432 3531 3624 3585 adver-

2036 3643 2126 3681 sus
2176 3625 2447 3681 Christum
2479 3625 2626 3694 ejus,
2675 3624 2910 3678 dicentes
2935 3641 2954 3678 .-'
2986 3624 3366 3693 Dirumpamus
3410 3622 3623 3678 vincula

2036 3737 2218 3776 eorum
2248 3733 2266 3771 :
2297 3730 2344 3773 et
2374 3719 2723 3789 projiciamus
2753 3734 2784 3770 a
2816 3718 2961 3771 nobis
2992 3717 3185 3787 jugum
3225 3717 3484 3785 ipsorum.
3516 3716 3622 3783 Qui

2036 3811 2243 3865 habitat
2273 3810 2331 3863 in
2365 3809 2531 3874 caelis,
2570 3809 2816 3861 irridebit
2854 3823 2941 3861 eos
2966 3820 2985 3859 .·
3018 3819 3065 3861 et
3099 3806 3364 3862 Dominus
3391 3807 3622 3862 subsan-

2040 3906 2185 3959 nabit
2220 3920 2329 3958 eos.
2362 3902 2509 3956 Tunc
2551 3902 2796 3969 loquetur
2826 3901 2895 3954 ad
2935 3917 3022 3954 eos
3059 3901 3112 3953 in
3157 3901 3242 3954 ira
3286 3917 3418 3965 sua,
3468 3911 3517 3955 et
3563 3901 3621 3954 in

2040 3999 2221 4067 furore
2262 4013 2359 4051 suo
2402 3996 2733 4051 conturbabit
2777 4010 2884 4049 eos.
2930 3993 3046 4065 Ego
3080 4006 3257 4048 autem
3300 3995 3620 4047 constitutus

2038 4106 2155 4144 sum
2192 4105 2284 4143 rea:
2312 4090 2376 4141 ab
2414 4104 2505 4153 eo,
2535 4102 2693 4152 super
2733 4084 2865 4139 Sion
2914 4095 3148 4140 montem
3199 4094 3440 4139 sanctum
3480 4084 3616 4154 ejus,

2038 4184 2335 4254 prwdicans
2358 4190 2677 4250 prwceptum
2705 4178 2937 4232 Domini.
2966 4178 3222 4232 Dominus
3246 4179 3380 4231 dixit
3405 4179 3474 4231 ad
3506 4190 3618 4231 me:

2040 4274 2218 4327 Filius
2259 4289 2404 4325 meus
2442 4286 2495 4323 es
2529 4280 2628 4324 tu:
2663 4285 2755 4338 ego
2801 4268 2955 4320 hodie
2994 4269 3154 4338 genui
3202 4277 3272 4323 te.
3315 4265 3539 4322 I’ostula
3585 4285 3620 4321 a

2040 4385 2143 4433 nte,
2176 4379 2222 4420 et
2251 4370 2387 4419 dabo
2409 4365 2503 4417 tibi
2538 4374 2714 4431 gentes
2741 4362 3103 4415 ha'reditatem
3134 4370 3301 4425 tuam,
3333 4370 3381 4413 et
3407 4377 3622 4430 posses-ai

2041 4463 2243 4515 sionem
2282 4470 2427 4512 tuam
2455 4458 2705 4512 terminos
2742 4466 2917 4509 terrae.
2951 4453 3113 4523 Reges
3140 4470 3229 4506 eos
3260 4456 3313 4507 in
3337 4454 3484 4522 virga
3512 4454 3623 4521 [er-

1969 4572 2014 4627 D
2041 4570 2132 4608 rea
2168 4568 2185 4604 :
2216 4561 2468 4620 tanquam
2518 4565 2643 4604 vasa
2685 4547 2833 4617 figuli
2876 4545 3179 4614 confringes
3208 4562 3316 4598 eos.
3348 4544 3416 4597 Et
3453 4561 3614 4611 nunc,

2040 4661 2208 4715 reges,
2232 4642 2509 4713 intelligite
2540 4654 2558 4692 .'
2585 4639 2893 4703 erudimini,
2920 4654 3096 4690 omnes
3122 4636 3484 4705 quijudicati:
3513 4647 3617 4689 ter-

2042 4754 2177 4791 ram.
2208 4733 2409 4790 Servite
2439 4733 2670 4787 Domino
2702 4732 2754 4783 in
2790 4732 3016 4784 timore:
3045 4740 3091 4782 et
3132 4728 3395 4783 exsultate
3421 4729 3472 4781 ei
3496 4743 3616 4781 cum

2040 4844 2290 4885 tremore.
2332 4828 2725 4897 Apprehendite
2770 4825 3132 4893 disciplinam,
3187 4822 3463 4891 nequando
3503 4822 3617 4874 ira-

2040 4934 2222 4977 scatur
2252 4922 2531 4983 Dominus,
2553 4930 2601 4973 et
2634 4921 2860 4990 pereatis
2892 4918 2953 4970 de
2985 4922 3067 4971 via
3090 4918 3263 4982 justa.
3295 4915 3427 4969 Cum
3458 4929 3617 4967 exar-

2036 5016 2162 5071 serit
2206 5016 2264 5068 in
2309 5014 2446 5067 brevi
2495 5011 2576 5065 ira
2619 5011 2780 5080 ejus:
2814 5010 2950 5063 beati
2991 5024 3166 5061 omnes
3204 5008 3293 5077 qui
3340 5004 3614 5073 conﬁdunt

2039 5111 2096 5162 in
2133 5126 2191 5162 eo
2215 5108 2282 5160 9°.

1980 5202 2217 5265 αὐτούς.
2265 5198 2376 5253 Καὶ
2418 5199 2555 5262 νῦν,
2604 5194 2908 5261 βασιλεῖς,
2943 5193 3193 5255 σύνετε,
3234 5188 3609 5256 παιδεύθητε,

2038 5454 2461 5595 ‘e‘iiiisifw,
2489 5519 2838 5595 Manifestum
2868 5513 3213 5595 librariorum
3236 5516 3606 5595 enatant?”

2037 5580 2262 5650 κενάέ-
2283 5593 2488 5649 Καινά.
2506 5592 2707 5647 Omnes
2728 5589 2964 5644 editores
2983 5586 3083 5654 legi
3105 5584 3289 5638 volunt
3304 5580 3454 5654 κενα.
3469 5581 3611 5654 Cum

2036 5682 2165 5721 vero
2200 5666 2362 5720 etiam
2395 5674 2518 5717 octo
2551 5661 2817 5716 versionis
2848 5650 3232 5711 Alexandrina:
3254 5655 3364 5725 (ed.
3400 5650 3609 5717 Holin.)

2035 5737 2194 5791 codd.
2233 5752 2361 5790 mss.
2392 5747 2634 5787 nostram
2684 5730 2978 5786 exhibeant
3023 5725 3335 5793 lectionem,
3381 5735 3608 5793 prorsus

2033 5822 2143 5864 non
2175 5817 2257 5865 est
2289 5806 2568 5862 mutanda.
2598 5802 2775 5859 Orro.
