4006 6254
317 348 425 404 393

1434 344 1778 402 APOLOGIA
1813 345 1833 398 ι
1864 342 2002 399 PRO
2030 341 2490 400 CHRISTIANIS.

3469 347 3575 406 δοι

311 466 440 539 plac
458 463 550 518 καὶ
568 461 664 526 τὰς
690 460 968 525 κολάσεις,
1006 464 1110 518 καὶ
1135 461 1237 526 τὰς
1265 461 1474 530 ἀγαθὰς
1497 461 1730 534 ἀμοιϐὰς
1751 504 1765 528 ,
1794 461 1913 514 κατ’

2028 475 2084 514 ac
2135 461 2304 514 bonas
2363 462 2837 515 remunerationes
2901 475 2998 529 pro
3062 462 3271 518 meritis
3325 463 3589 534 cujusque

307 559 470 623 ἀξίαν
513 556 622 610 τῶν
670 555 933 628 πράξεων
982 558 1232 610 ἑκάστου
1273 555 1617 611 ἀποδίδοσθαι
1668 555 1756 608 διὰ
1803 555 1913 608 τῶν

307 651 604 725 προφητῶν
632 649 921 722 μαθόντες,
946 651 1049 704 καὶ
1076 651 1278 722 ἀληθὲς
1299 648 1728 721 ἀποφαινόμεθα.
1762 649 1915 701 Ἐπεὶ

305 743 360 797 εἰ
390 743 466 814 μὴ
495 741 651 796 τοῦτό
681 745 852 798 ἐστιν.
899 742 1045 796 ἀλλά
1079 743 1205 797 καθ’
1231 743 1569 814 εἱμαρμένην
1615 742 1793 796 πάντα
1826 741 1912 810 γί-

305 854 502 900 νεται,
535 835 661 889 οὔτε
697 835 761 889 τὸ
793 835 880 905 ἐφ’
917 837 1056 906 ἡμῖν
1104 836 1256 890 ἐστιν
1298 835 1451 899 ὅλως.
1487 836 1550 888 Εἰ
1585 833 1694 906 γὰρ
1725 835 1916 905 εἵμαρο

300 946 398 983 ται
433 929 517 1000 (8)
550 929 700 983 τόνδε
730 928 858 982 τινὰ
901 928 1114 996 ἀγαθὸν
1148 925 1320 992 εἶναι,
1356 929 1448 982 καὶ
1491 928 1641 981 τόνδε
1681 927 1912 996 φαῦλον,

299 1019 422 1073 οὗθ’
453 1014 619 1084 οὗτος
658 1018 964 1082 ἀποδεκτὸς
986 1061 1002 1083 ,
1054 1020 1179 1073 οὐδὲ
1217 1022 1419 1084 ἐκεῖνος
1464 1019 1761 1091 μεμπτέος.
1806 1021 1917 1074 Καὶ

299 1108 372 1166 αὖ
395 1155 410 1176 ,
445 1116 500 1167 εξ
546 1115 626 1185 μὴ
672 1113 996 1184 προαιρέσει
1039 1112 1302 1184 ἐλευθέρᾳ
1337 1113 1472 1184 πρὸς
1502 1113 1563 1166 τὸ
1598 1113 1817 1182 φεύγειν
1848 1113 1915 1166 τά

300 1204 550 1274 αἰσχρὰ,
580 1205 678 1257 καὶ
711 1203 987 1276 αἱρεῖσθαι
1021 1203 1092 1258 τά
1131 1203 1300 1267 καλὰ,
1334 1203 1560 1274 δύναμιν
1586 1203 1697 1274 ἔχει
1724 1203 1785 1257 τὸ
1820 1205 1914 1258 ἀν-

301 1295 593 1368 θρώπειον
617 1296 775 1362 γένος
793 1337 809 1358 ,
839 1296 1084 1349 ἀναίτιόν
1108 1297 1224 1348 ἐστι
1242 1295 1349 1348 τῶν
1371 1296 1724 1366 ὁπωσδήποτε
1751 1314 1918 1368 πρατ-

296 1389 586 1460 τομένων.
626 1389 766 1441 Ἀλλ’
789 1389 872 1442 ὅτι
900 1389 1163 1461 ἐλευθέρα
1190 1390 1502 1462 προαιρέσει
1523 1391 1617 1442 καὶ
1640 1389 1913 1462 κατορθοῖ,

298 1479 404 1531 καὶ
447 1480 754 1548 σεξάλλεται
774 1521 788 1540 ,
819 1479 996 1543 οὕτως
1028 1479 1440 1551 ἀποδείκνυμεν.
1483 1481 1586 1534 Τὸν
1617 1480 1779 1536 αὐτὸν
1821 1481 1916 1536 ἄν-

299 1571 542 1642 θρωπον
593 1573 707 1626 τῶν
764 1573 1025 1627 ἐναντίων
1080 1573 1178 1645 τὴν
1231 1574 1540 1645 μετελευσιν
1596 1575 1917 1646 ποιούμενον

299 1665 566 1735 ὁρῶμεν·
600 1665 651 1717 εί
684 1665 746 1718 δὲ
777 1667 1009 1738 εἵμαρτο
1039 1666 1074 1739 ἢ
1111 1666 1312 1737 φαῦλον
1349 1666 1382 1738 ἢ
1424 1667 1710 1722 σπουδαῖον
1741 1663 1880 1722 εἶναι
1899 1709 1914 1733 ,

300 1758 409 1810 οὐκ
441 1758 510 1812 ἀν
542 1775 680 1811 ποτε
702 1757 816 1810 τῶν
849 1757 1109 1814 ἐναντίων
1136 1758 1380 1824 δεκτικὸς
1408 1755 1477 1831 ἦν
1495 1800 1511 1825 ,
1545 1760 1638 1813 καὶ
1661 1760 1916 1814 πλειστά-

2017 553 2290 607 actionum
2350 553 2603 623 irrogari,
2659 571 2848 609 verum
2900 557 2953 610 id
3003 572 3126 613 esse
3176 559 3586 613 conﬁrmamus.

2013 645 2149 700 Nam
2196 646 2239 701 si
2288 661 2376 700 res
2424 645 2498 700 ita
2546 663 2606 702 se
2656 663 2760 702 non
2803 648 3000 714 habet,
3034 665 3096 705 ac
3130 651 3225 706 fati
3261 654 3592 708 necessitate

2017 741 2156 794 ﬁunt
2186 741 2400 805 omnia,
2455 741 2636 796 nullus
2669 741 2784 810 jam
2824 741 2994 796 libero
3035 744 3264 799 arbitrio
3307 745 3478 800 locus.
3530 747 3589 802 Si

2015 832 2159 886 enim
2191 829 2304 884 lato
2336 831 2613 887 decretum
2657 843 2744 887 est
2789 833 2934 889 hunc
2979 849 3104 890 esse
3154 835 3352 891 bonum
3377 879 3394 903 ,
3429 839 3591 893 istum

2017 934 2198 978 autem
2246 925 2484 989 malum,
2544 939 2720 994 neque
2767 925 2855 980 hic
2902 925 3238 993 laudandus,
3279 944 3455 999 neque
3491 932 3595 986 iste

2019 1016 2429 1085 vituperandus.
2480 1015 2562 1070 Ac
2609 1031 2799 1071 rursus
2839 1016 2940 1071 nisi
2969 1017 3264 1072 humanum
3305 1036 3477 1091 genus
3507 1023 3595 1076 fat--

2017 1108 2273 1162 cultatem
2337 1109 2536 1164 habeat
2589 1108 2760 1164 libera
2816 1109 2987 1164 animi
3038 1109 3354 1168 inductione
3412 1123 3469 1169 et
3508 1113 3596 1168 fu-

2015 1198 2195 1269 giendi
2223 1201 2399 1270 turpia
2429 1209 2484 1255 et
2505 1199 2734 1256 honesta
2764 1202 3031 1263 seclandi.
3055 1215 3214 1259 extra
3242 1206 3460 1260 noxiam
3485 1217 3592 1272 est,

2017 1290 2281 1360 quidquid
2327 1293 2521 1360 egerit.
2561 1293 2669 1348 Sed
2721 1293 2896 1349 libera
2930 1296 3098 1350 animi
3147 1297 3462 1354 inductione
3491 1299 3595 1354 lio-

2020 1382 2223 1436 minem
2253 1383 2338 1437 vel
2368 1385 2506 1439 bene
2535 1399 2698 1455 agere
2724 1385 2804 1440 vel
2836 1386 2996 1454 male,
3026 1388 3106 1442 sic
3133 1389 3592 1444 demonstramus.

2020 1472 2310 1528 Hominem
2343 1476 2594 1531 eumdem
2628 1477 2681 1531 in
2712 1480 2992 1533 contraria
3025 1489 3407 1536 transcurrere
3443 1483 3596 1538 vide-

2021 1581 2165 1620 mus.
2198 1565 2351 1633 Quod
2377 1568 2422 1622 si
2451 1566 2567 1623 l‘ato
2604 1569 2885 1625 decretum
2927 1580 3094 1636 esset,
3119 1579 3241 1627 eum
3269 1573 3358 1629 vel
3394 1574 3595 1630 bonum

2021 1672 2143 1713 esse
2205 1658 2294 1713 vel
2339 1658 2564 1727 malum,
2614 1676 2718 1714 non
2772 1675 2908 1717 sane
2964 1665 3367 1720 contrariorum
3420 1681 3597 1738 capax
3641 1732 3648 1739 _

2022 1760 2204 1815 esset,
2272 1767 2373 1806 nec
2446 1761 2552 1806 tam
2623 1767 2768 1822 saepe
2824 1763 3146 1810 mutaretur.
3201 1757 3310 1812 Sed
3374 1775 3445 1814 ne
3505 1760 3597 1816 alii

304 1869 395 1913 ιις
457 1851 822 1920 μετετίθετο·
865 1850 980 1904 ἀλλ’
1023 1850 1133 1904 οὐδ’
1177 1853 1227 1904 οἱ
1275 1853 1372 1923 μὲν
1414 1849 1555 1924 ἦσαν
1607 1853 1914 1918 σπουδαῖοι,

2028 1844 2240 1911 quidem
2294 1845 2419 1900 boni
2477 1856 2684 1909 essent,
2731 1845 2822 1902 alii
2883 1847 3040 1913 mali;
3081 1849 3164 1903 vel
3209 1852 3374 1904 etiam
3426 1852 3598 1909 fatum

303 1945 354 1996 oi
377 1944 441 1997 es
476 1943 684 2012 φαῦλοι
705 1985 721 2008 ,
763 1944 890 1997 ἐπεὶ
923 1943 1025 2016 τὴν
1060 1945 1400 2018 εἱμαρμένην
1437 1947 1616 2001 αἰτίαν
1662 1947 1915 2018 φαύλων,

305 2037 403 2090 καὶ
442 2037 678 2090 ἐναντία
730 2039 901 2109 ἑαυτῇ
941 2039 1282 2111 πράττουσαν
1308 2042 1916 2115 ἀποφαινόμεθα

305 2131 490 2182 ἐκεῖνο
523 2130 590 2182 τὸ
614 2131 1030 2204 προειρημένον
1061 2132 1209 2198 δόξαι
1238 2134 1435 2206 ἀληθὲς
1465 2133 1605 2188 εἶναι
1624 2176 1638 2200 ,
1665 2137 1746 2190 ὅτι
1770 2137 1920 2191 οὐδέν

304 2221 458 2272 ἐστιν
489 2220 673 2292 ἀρετὴ
723 2222 846 2274 οὐδὲ
879 2223 1078 2286 κακία,
1112 2224 1246 2277 ἀλλά
1274 2224 1397 2296 δόξῃ
1431 2226 1646 2298 μόνονῆ
1678 2226 1857 2295 ἀγαθά
1884 2227 1918 2298 ἢ

305 2312 458 2366 κακὰ
487 2314 822 2384 νομίζεται,
856 2315 1025 2388 ἤπερ,
1063 2316 1139 2380 ὡς
1159 2317 1430 2372 δείκνυσιν
1457 2319 1486 2371 ὁ
1516 2319 1720 2392 ἀληθὴς
1743 2321 1918 2389 λόγος,

313 2409 553 2479 μεγίστη
606 2408 846 2462 ἀσέϐεια
902 2410 997 2463 καὶ
1042 2410 1226 2465 ἀδικία
1265 2412 1432 2466 ἐστίν.
1471 2412 1612 2466 Ἀλλ’
1656 2415 1922 2487 εἱμαρμέ-

311 2517 413 2573 νην
451 2500 569 2572 (10)
619 2503 812 2572 φαμὲν
863 2503 1218 2574 ἀπαράϐατον
1257 2505 1462 2577 ταύτην
1509 2500 1650 2560 εἶναι
1693 2509 1806 2570 τοῖς
1852 2506 1922 2561 τά

316 2594 458 2648 καλὰ
484 2595 884 2665 ἑκλεγομένοις
908 2597 976 2649 τὰ
1005 2595 1129 2660 ἀξια
1152 2597 1400 2667 ἐπιτίμια
1419 2614 1433 2627 °
1467 2598 1562 2652 xui.
1583 2601 1695 2663 τοῖς
1719 2599 1920 2670 ὁμοίως

315 2687 385 2741 τά
433 2689 704 2754 ἐναντία,
755 2689 828 2742 τά
877 2689 1005 2756 ἄξια
1048 2691 1316 2762 ἐπίχειρα.
1369 2691 1444 2745 Οὐ
1489 2691 1600 2763 γάρ
1639 2693 1828 2764 ὥσπερ
1854 2694 1923 2748 τὰ

318 2782 491 2846 ἄλλα,
529 2778 650 2835 οἷον
697 2782 896 2852 δένδρα
940 2784 1034 2837 καὶ
1071 2783 1404 2855 τετράποδα,
1448 2785 1614 2862 μηδὲν
1653 2785 1923 2856 δυνάμενα

319 2875 650 2945 προαιρέσει
683 2875 968 2946 πράττειν,
991 2877 1244 2947 ἐποίησεν
1271 2877 1302 2929 ὁ
1323 2876 1456 2940 Θεὸς
1486 2875 1577 2929 τὸν
1602 2875 1887 2946 ἄνθρωπον
1905 2894 1919 2907 °

476 2969 589 3041 γὰρ
625 2965 698 3039 ἦν
719 2968 871 3033 ἄξιος
901 2969 1136 3041 ἀμοιϐῆς
1162 2969 1194 3040 ἢ
1227 2969 1448 3022 ἐπαίνου
1467 3010 1482 3034 ,
1513 2969 1615 3024 οὐκ
1663 2970 1757 3038 ἀφ’
1798 2971 1924 3024 ἔαυ-

320 3061 418 3114 τοῦ
443 3062 714 3133 ἑλόμενος
748 3063 812 3114 τὸ
844 3061 1068 3131 ἀγαθὸν,
1113 3061 1246 3116 ἀλλά
1270 3062 1430 3116 τοῦτο
1464 3063 1755 3135 γενόμενος
1774 3080 1788 3094 ·
1815 3062 1922 3117 οὐδ’

2019 1937 2287 1991 malorum
2342 1953 2565 1992 causam
2595 1952 2738 2003 esse,
2773 1954 2838 1994 ac
2894 1941 3165 1994 contraria
3204 1943 3308 1997 sibi
3369 1945 3471 2014 ipsi
3517 1946 3601 1999 fa-

2019 2042 2146 2083 cere
2195 2037 2596 2096 statueremus;
2640 2029 2727 2084 vel
2759 2045 2942 2084 verum
2994 2033 3149 2089 nobis
3189 2035 3466 2091 videretur
3517 2038 3595 2104 id,

2020 2119 2088 2173 de
2126 2133 2234 2188 quo
2263 2120 2374 2190 jam
2423 2121 2739 2188 diximus",
2779 2122 2913 2176 nihil
2939 2138 3060 2178 esse
3102 2125 3357 2182 virtutem
3401 2139 3496 2183 aut
3516 2132 3600 2185 vi-

2021 2211 2197 2278 tium,
2253 2212 2347 2268 sed
2391 2212 2508 2266 sola
2560 2214 2813 2284 Opinione
2865 2217 3009 2270 bona
3063 2227 3156 2271 aut
3214 2220 3355 2275 mala
3410 2223 3602 2295 dijudi-

2021 2306 2161 2374 cari,
2191 2321 2314 2375 quae
2343 2306 2608 2377 profecto,
2647 2318 2706 2364 ut
2737 2323 2865 2363 vera
2905 2310 3048 2365 ratio
3087 2313 3449 2382 demonstrat,
3478 2337 3597 2373 Ina—

2022 2399 2170 2454 xima
2201 2399 2456 2470 impietas
2475 2411 2532 2457 et
2562 2402 2829 2472 iniustitia
2857 2417 2960 2463 est.
2997 2409 3104 2464 Sed
3137 2410 3309 2466 fatum
3335 2413 3602 2468 inelucta-

2021 2492 2133 2548 bile
2167 2493 2300 2546 illud
2334 2507 2456 2549 esse
2483 2495 2754 2562 dicimus,
2788 2499 2894 2564 his,
2926 2501 3018 2569 qui
3047 2502 3186 2558 bona
3219 2503 3448 2576 eligunt,
3483 2523 3604 2563 me-

2025 2585 2133 2639 rita
2167 2587 2390 2656 praemia
2423 2628 2438 2652 ,
2472 2588 2560 2644 his
2585 2605 2712 2648 vero
2737 2593 2828 2661 qui
2861 2595 3157 2660 contraria,
3189 2597 3427 2653 debitam
3457 2616 3601 2656 mer-

2023 2678 2234 2734 cedem.
2281 2679 2468 2749 Neque
2513 2682 2658 2737 enim
2705 2692 2763 2738 ut
2810 2697 3048 2754 caetera,
3095 2698 3223 2758 puta
3258 2677 3503 2748 'arbores
3547 2705 3603 2750 et

2022 2772 2434 2842 quadrupedes,
2473 2788 2596 2842 quae
2627 2774 2762 2828 nihil
2785 2773 2992 2843 judicio
3021 2787 3075 2834 et
3103 2781 3383 2838 voluntate
3415 2783 3604 2840 facere

2024 2874 2289 2934 possunt,
2333 2867 2407 2919 ita
2442 2864 2584 2920 Deus
2610 2867 2889 2923 hominem
2914 2870 3068 2925 fecit.
3102 2870 3219 2926 Non
3248 2875 3393 2929 enim
3422 2891 3604 2932 remu-

2026 2957 2308 3012 neratione
2350 2969 2444 3012 aut
2491 2959 2653 3014 laude
2695 2961 2894 3032 dignus
2922 2963 3092 3032 foret,
3125 2967 3173 3022 si
3202 2981 3269 3023 ex
3297 2970 3476 3040 seipso
3505 2972 3604 3026 hu-

2027 3067 2156 3106 num
2185 3067 2293 3106 non
2318 3052 2570 3123 eligeret,
2601 3069 2790 3111 verum
2822 3057 2894 3113 ita
2931 3069 3095 3115 natus
3127 3072 3300 3128 esset;
3349 3079 3450 3119 nec
3490 3081 3604 3120 me-

322 3153 372 3205 εΞ
401 3153 577 3216 κακὸς
606 3153 829 3224 ὑπῆρχε
853 3191 870 3217 ,
911 3153 1136 3217 δικαίως
1164 3153 1438 3218 κολάσεως
1477 3153 1791 3225 ἐτύγχανεν,
1823 3155 1921 3209 οὐκ

2029 3147 2158 3211 rito,
2193 3147 2235 3202 si
2269 3148 2447 3203 malus
2492 3158 2671 3215 esset,
2707 3152 3012 3221 puniretur,
3039 3162 3098 3208 ut
3127 3156 3220 3225 qui
3251 3171 3356 3211 non
3385 3173 3452 3213 ex
3480 3173 3604 3215 sese

323 3249 418 3315 ἀφ’
449 3247 657 3300 ἑαυτοῦ
685 3245 932 3310 τοιοῦτος
964 3245 1061 3311 ὣν,
1101 3245 1216 3300 ἀλλ’
1256 3246 1408 3300 οὐδὲν
1447 3247 1743 3320 δυνάμενος
1786 3244 1921 3302 εἶναι

2033 3239 2158 3296 talis
2182 3239 2343 3306 iuret,
2373 3241 2469 3297 sed
2499 3240 2643 3298 aliud
2668 3208 2736 3298 ab
2766 3260 2852 3309 eo,
2877 3246 3022 3314 quod
3055 3208 3216 3303 natus
3245 3247 3456 3332 luisset,
3479 3266 3602 3308 ease

322 3338 410 3390 ἓτε
418 3355 519 3409 ρον
548 3337 686 3408 παρ’
717 3337 746 3390 δ
774 3339 1037 3406 ἐγεγόνει.

397 3430 493 3485 44.
533 3430 778 3495 Ἐδίδαξε
801 3431 860 3484 δὲ
891 3433 1040 3502 ἡμᾶς
1078 3432 1247 3487 ταῦτα
1298 3433 1359 3487 τὸ
1392 3433 1547 3501 ἅγιον
1590 3434 1927 3507 προφητικὸν

325 3523 578 3594 Πνεῦμα,
615 3523 709 3576 διά
753 3523 1000 3587 Μωσέως
1041 3525 1219 3595 φῆσαν
1265 3525 1344 3596 τῷ
1389 3525 1590 3598 πρώτῳ
1634 3524 1926 3581 πλασθέντι

330 3615 443 3684 (Η)
475 3614 760 3687 ἀνθρώπῳ
787 3615 1042 3687 εἰρῆσθαι
1085 3617 1192 3671 ὑπὸ
1215 3617 1306 3671 τοῦ
1344 3617 1478 3672 Θεοῦ
1514 3618 1686 3684 οὓτως
1707 3637 1720 3650 ’
1772 3619 1927 3674 Ἰδοὺ

328 3710 442 3775 πρὸ
472 3707 811 3776 προσώπου
850 3725 970 3765 σου
1026 3711 1093 3765 τὸ
1142 3711 1386 3782 ἀγαθὸν,
1431 3713 1530 3766 καὶ
1577 3712 1647 3766 τὸ
1705 3715 1924 3768 κακόν·

331 3799 575 3864 ἐκλεξαι
599 3800 668 3853 τὸ
697 3801 944 3870 ἀγαθόν.
982 3803 1284 3876 Καὶιπάλιν
1315 3803 1403 3858 διὰ
1445 3804 1664 3859 Ἡσαΐου
1693 3805 1784 3859 τοῦ
1815 3806 1930 3860 ἑτέ-

337 3907 430 3958 ρου
467 3893 783 3962 προφήτου,
833 3889 911 3955 ὡς
942 3893 1051 3945 ἀπὸ
1092 3892 1183 3946 τοῦ
1215 3895 1430 3966 Πατρὸς
1484 3895 1592 3949 τῶν
1646 3895 1785 3952 ὅλων
1833 3897 1929 3951 καὶ

335 3985 612 4038 Δεσπὸτου
645 3983 784 4036 Θεοῦ
819 3986 902 4047 εἰς
952 3984 1108 4038 τοῦτο
1144 3985 1402 4058 λεχθῆναι
1434 3988 1638 4053 οὕτως·
1693 3991 1931 4045 Λούσα-

335 4080 466 4138 σθε,
513 4073 768 4142 καθαροὶ
831 4074 1079 4143 γένεσθε
1100 4092 1114 4106 ⁸
1174 4077 1429 4146 ἀφέλετε
1483 4079 1591 4144 τὰς
1637 4081 1931 4148 πονηρίας

338 4167 456 4219 ἀπὸ
519 4165 644 4218 τῶν
694 4164 915 4234 ψυχῶν
973 4165 1159 4234 ὑμῶν,
1205 4168 1423 4237 μάθετε
1456 4168 1647 4223 καλὸν
1702 4169 1925 4223 ποιεῖν’

341 4259 585 4325 κρίνατε
650 4255 896 4326 ὀρφανῷ
921 4297 935 4319 ,
1003 4258 1103 4311 καὶ
1147 4257 1499 4313 δικαιώσατε
1558 4259 1779 4329 χήραν·
1832 4260 1932 4314 καὶ

339 4348 535 4413 δεῦτε,
575 4351 675 4402 καὶ
725 4348 1148 4420 διαλεχθῶμεν,
1187 4351 1348 4422 λέγει
1394 4353 1629 4420 Κύριος.
1667 4353 1775 4407 Καὶ
1824 4352 1932 4407 ἐὰν

335 4429 493 4494 ὦσιν
530 4443 593 4493 αἱ
623 4440 906 4509 ἁμαρτίαι
928 4439 1097 4510 ὑμῶν
1132 4442 1213 4506 ὡς
1239 4442 1571 4510 φοινικοῦν,
1599 4442 1741 4496 ὡσεὶ
1765 4444 1930 4512 ἔριον

2030 3350 2136 3388 non
2174 3347 2376 3403 posset.

2101 3427 2194 3482 M.
2229 3427 2357 3483 Haec
2387 3429 2566 3485 edocti
2603 3445 2791 3487 sumus
2831 3447 2860 3484 a
2897 3442 3089 3487 sancto
3124 3433 3330 3502 Spiritu
3369 3441 3608 3509 prophe-

2031 3521 2161 3588 tico,
2203 3522 2295 3591 qui
2327 3537 2424 3592 per
2455 3521 2695 3594 Moysem
2731 3531 2961 3579 testatur
2983 3525 3058 3591 ei,
3084 3527 3177 3595 qui
3203 3528 3414 3596 primus
3444 3546 3606 3586 crea~

2033 3625 2120 3669 tus
2172 3622 2276 3679 est,
2318 3615 2523 3670 homini
2559 3615 2674 3670 haec
2704 3614 2873 3669 Deum
2911 3616 3070 3670 verba
3105 3617 3310 3675 dixisse
3339 3639 3353 3675 :
3381 3620 3519 3677 Ecce
3548 3625 3608 3678 in

2031 3714 2307 3776 conspectu
2337 3716 2426 3760 tuo
2458 3707 2655 3760 bonum
2719 3716 2766 3761 et
2813 3707 3015 3761 malum
3039 3723 3060 3762 :
3105 3709 3238 3779 elige
3300 3711 3490 3767 bonum
3517 3715 3602 3780 ";

2031 3807 2086 3852 et
2118 3813 2311 3853 rursus
2341 3813 2436 3867 per
2487 3795 2682 3852 Isaiam
2737 3796 2902 3852 alium
2955 3799 3278 3870 pr0phetam
3321 3803 3440 3859 ham
3485 3815 3605 3860 tan-

2031 3904 2196 3958 quam
2229 3904 2295 3943 ex
2329 3904 2562 3960 persona
2595 3890 2844 3959 parentis
2878 3889 3256 3947 universorum
3298 3905 3351 3950 et
3385 3895 3608 3953 Domini

2032 3981 2125 4036 Dei
2159 3981 2213 4034 in
2268 3981 2514 4035 eamdem
2552 3983 2876 4036 sententiam
2919 3982 3064 4038 dicta
3103 3999 3267 4040 esse:
3301 3985 3602 4057 Lavamini,

2033 4073 2216 4125 mundi
2273 4082 2458 4138 estote,
2495 4073 2701 4140 auferte
2744 4074 2887 4127 mala
2948 4091 3014 4129 ea:
3064 4078 3342 4135 animabus
3403 4086 3604 4152 vestris,

2033 4165 2224 4218 discite
2257 4164 2429 4233 facere
2462 4165 2947 4237 bonum;judicate
2974 4170 3201 4240 pupillo,
3229 4182 3277 4226 et
3311 4173 3608 4242 justiﬁcate

2031 4259 2277 4322 viduam;
2306 4269 2354 4310 et
2380 4258 2548 4311 venite
2577 4267 2624 4312 et
2653 4260 3020 4330 disceptemus,
3059 4263 3185 4315 dicit
3217 4263 3496 4321 Dominus.
3534 4268 3608 4322 Et

2037 4350 2085 4403 si
2116 4348 2314 4417 fuerint
2361 4358 2581 4417 peccata
2637 4362 2807 4405 vestra
2858 4353 3015 4421 quasi
3066 4354 3421 4422 pliceniceum,
3471 4359 3610 4414 sicut

2035 4445 2215 4498 lanam
2246 4445 2503 4500 dealbabo
2523 4463 2539 4508 ;
2561 4456 2606 4500 et
2632 4447 2679 4500 si
2708 4446 2932 4517 fuerint,
2961 4458 3018 4501 ut
3044 4452 3336 4516 coccinum,
3361 4453 3496 4506 sicut
3519 4455 3607 4507 ni-

335 4529 652 4584 λευκανῶ·
701 4532 799 4584 καὶ
832 4531 941 4584 ἐὰν
971 4527 1122 4586 ὦσιν
1173 4532 1254 4597 ὡς
1309 4533 1609 4596 κόκκινον,
1648 4534 1729 4599 ὠς
1757 4535 1921 4603 χιόνα

2033 4552 2144 4590 vem
2171 4537 2446 4590 dealbabo.
2488 4535 2554 4591 Et
2579 4539 2625 4591 si
2657 4539 2928 4594 volueritis
2950 4551 2997 4595 et
3020 4543 3297 4598 audieritis
3328 4561 3429 4612 me,
3468 4545 3606 4600 bona

336 4623 643 4678 λευκανηῶ.
671 4624 780 4677 Καὶ
807 4623 916 4678 ἐὰν
955 4623 1184 4692 θέλητε,
1231 4624 1328 4678 καὶ
1363 4624 1767 4692 είσακούσητέ
1781 4643 1924 4694 μου,

339 4727 411 4764 τα
447 4715 648 4784 ἀγαθὰ
669 4715 782 4783 τῆς
810 4714 925 4785 γῆς
958 4715 1220 4786 φάγεσθε
1239 4735 1252 4747 ·
1299 4716 1408 4770 ἐὰν
1435 4715 1502 4770 δὲ
1528 4713 1615 4786 μὴ
1650 4719 1928 4773 εἰσακού-

341 4800 486 4866 σητέ
544 4823 703 4874 μου,
754 4805 1022 4875 μάχαιρα
1077 4804 1233 4876 ὑμᾶς
1283 4807 1608 4862 κατέδεται.
1671 4808 1743 4862 Τὸ
1816 4809 1928 4879 γὰρ

343 4891 540 4957 στιμα
567 4896 793 4964 Kvpiov
833 4896 1100 4964 ἐλάλησε
1153 4897 1359 4952 ταῦτα.
1408 4899 1482 4951 Τὸ
1511 4899 1566 4952 δὲ
1600 4902 1931 4973 προειρημέ-

2034 4639 2190 4682 terra?
2218 4631 2534 4694 comedetis;
2565 4632 2609 4684 si
2639 4647 2761 4685 vero
2803 4648 2907 4686 non
2952 4635 3228 4689 audieritis
3257 4652 3358 4702 me,
3397 4637 3618 4707 gladius

2033 4722 2273 4789 depascet
2305 4738 2416 4776 vos.
2465 4720 2538 4776 0s
2569 4723 2711 4776 enim
2758 4723 2974 4779 Domini
3027 4725 3258 4780 locutum
3288 4738 3364 4782 est
3403 4729 3515 4783 hac
3547 4733 3626 4785 9‘.

2035 4811 2191 4877 Quod
2229 4820 2409 4868 autem
2443 4814 2647 4869 dictum
2679 4825 2804 4887 est,
2825 4817 3052 4872 Gladius
3081 4819 3325 4888 deposcet
3356 4838 3466 4883 vos,
3509 4839 3620 4879 non

2036 4904 2180 4958 hanc
2210 4905 2319 4958 vim
2350 4913 2408 4959 et
2455 4907 2782 4961 sententiam
2819 4908 3007 4973 habet,
3057 4917 3117 4963 ut
3150 4910 3330 4980 gladio
3373 4917 3623 4970 necandi

410 5044 662 5119 “Supra
706 5067 762 5106 η.
793 5051 846 5105 8.
926 5051 973 5083 ⁸³
1014 5051 1169 5106 Deut.
1203 5069 1334 5120 xxx,
1363 5051 1431 5109 15
1452 5061 1506 5109 et
1545 5053 1630 5109 l9.
1709 5055 1759 5087 "
1797 5055 1903 5112 lsa.
1937 5073 1978 5125 ι,
2005 5056 2200 5114 16-20.

410 5209 489 5333 εξ)
529 5212 600 5264 El
655 5209 766 5289 γὰρ
816 5211 1106 5279 εἵμαρται.
1174 5211 1368 5266 Nescio
1414 5227 1512 5266 cur
1559 5212 1741 5295 legere
1799 5215 1933 5270 velit

348 5285 392 5336 εί
521 5281 829 5335 Thirlhtus.
873 5281 994 5334 Mox
1039 5282 1104 5334 ll.
1150 5280 1460 5348 Stephanus
1491 5284 1762 5338 levissima
1793 5301 1930 5339 cnn-

341 5349 1066 5425 jsctura_legenilum‘ptttat
1089 5352 1434 5425 ἀποδεκτέος,
1468 5354 1550 5407 vel
1588 5356 1856 5425 μεμπτός.

421 5422 498 5490 (9)
573 5421 1065 5492 'Azogatrdpsﬂa.
1140 5421 1333 5477 Melius
1403 5421 1600 5478 visum‘
1647 5421 1930 5481 nonnullis

350 5492 804 5562 ἀποφαινώμεθα.

421 5563 536 5632 (ιο)
601 5561 758 5618 Ἀλλ’
777 5563 1160 5632 εἱμαρμένην.
1213 5561 1484 5619 Similiter
1520 5565 1774 5621 Clemens
1800 5566 1931 5622 Ale—

353 5634 657 5688 nndrinus
687 5637 756 5704 de
789 5637 1060 5687 bonorum
1090 5647 1144 5687 et
1169 5635 1431 5687 malorum
1467 5637 1702 5704 prtemiis
1726 5638 1927 5692 Strom.

351 5719 448 5778 gn.
480 5719 606 5778 pag.
647 5703 790 5778 ῃοε
826 5704 967 5778 αὐτῇ
999 5721 1100 5778 που
1133 5706 1183 5778 il
1219 5703 1553 5776 Ἀδράστεια,
1587 5704 1708 5760 καθ’
1731 5707 1798 5778 ἢν
1831 5707 1931 5761 οὐκ

353 5721 448 5760 vn.
480 5721 606 5772 pag.
655 5721 790 5758 Iw:
826 5721 967 5774 αυτη
999 5721 1100 5756 που
1133 5721 1183 5827 ἢ
1225 5721 1553 5776 ’Λοραστεια,
1587 5721 1707 5760 καθ’
1731 5721 1798 5778 ην
1831 5721 1928 5761 ουκ

353 5773 464 5826 ἐστι
492 5775 777 5846 διαδρᾶναι
810 5775 900 5827 τὸν
928 5773 1082 5846 Θεὸν.
1191 5792 1264 5828 (rc
1305 5788 1378 5828 est
1436 5778 1710 5846 Adrastia,
1743 5794 1928 5831 secun-

355 5851 479 5897 dum
508 5843 668 5914 quain
707 5845 878 5898 Deum
907 5845 1139 5913 effugere
1183 5863 1286 5899 non
1317 5846 1456 5901 licet.
1488 5843 1579 5903 Sic
1612 5849 1776 5903 etiam
1804 5849 1930 5905 Ilie-

679 5940 964 6000 Pnnon.
1001 5937 1121 5998 Gn.
1162 5937 1270 5999 VI.

2037 5216 2212 5292 rocles
2255 5217 2488 5292 inplibro
2519 5219 2596 5274 De
2644 5219 2990 5277 Providentia
3037 5233 3086 5276 et
3113 5221 3255 5277 Fato
3295 5224 3439 5292 apud
3469 5223 3611 5279 Pho-

2037 5290 2201 5349 tium,
2229 5290 2350 5367 cod.
2379 5289 2504 5367 2i},
2536 5292 2811 5367 statuebat
2842 5293 2956 5367 -1:qu
3011 5293 3259 5367 μέντοιγε
3385 5295 3612 5367 προνοίᾳ.

2036 5360 2591 5435 συνεπομένηνδίκην
2619 5360 2959 5434 εἱμαρμένήν
2991 5360 3294 5435 καλεῖσθαι,
3325 5360 3612 5435 ’Ξαιιίἱιὶαιὶι

2037 5445 2154 5500 qute
2181 5447 2254 5500 rex
2277 5432 2612 5496 providentia
2645 5432 3008 5500 consequitur,
3034 5434 3207 5500 fatum
3232 5432 3430 5489 vocari.

2111 5499 2222 5568 (11)
2262 5501 2347 5566 Τῷ
2388 5501 2596 5570 πρώτῳ
2628 5499 2978 5575 πλασθέντα
3035 5499 3092 5558 Si
3143 5507 3306 5559 verba
3355 5517 3610 5575 specten-

2041 5579 2149 5632 tur,
2186 5587 2291 5625 non
2323 5575 2498 5639 primo
2527 5574 2734 5626 homini
2773 5572 2915 5627 dicta
2947 5583 3108 5639 sunt;
3155 5576 3273 5639 sed,
3326 5572 3612 5632 ut'obser-

2039 5650 2131 5693 vat
2159 5639 2481 5702 Grabius,ex
2519 5658 2590 5696 xv
2635 5643 3006 5698 Ecclesiastici
3040 5655 3096 5698 et
3125 5662 3232 5700 xxx
3273 5647 3615 5702 Deuterono-

2038 5711 2129 5763 inii
2176 5722 2300 5765 sunt
2336 5715 2526 5780 petita.
2556 5712 2660 5768 Sed
2710 5723 2890 5769 tamen
2923 5714 2968 5767 si
2999 5729 3192 5772 sensus
3215 5718 3612 5781 consideretur,

2036 5782 2169 5904 siutis
2213 5783 2330 5838 haec
2378 5795 2690 5855 congruunt
2738 5799 2861 5841 eum
2923 5784 2992 5840 iis
3035 5801 3158 5855 quae
3211 5788 3355 5844 Deus
3403 5787 3612 5846 Alam:

2037 5862 2198 5904 (lel.

2037 5862 2198 5906 (llXil.

3263 5955 3336 6012 13
