4006 6254
383 363 491 420 395

1346 348 1402 406 S.
1436 346 1702 405 JUSTINI
1734 341 2145 401 PHILOSOPHI
2177 340 2266 396 ET
2308 335 2666 394 MART'YRIS

3530 336 3636 392 596

351 488 492 539 unt
518 475 612 549 qui
661 485 769 529 non
800 464 1124 542 paruerint;
1161 464 1255 521 sed
1289 464 1504 533 gladius
1533 464 1626 518 Dei
1681 462 1823 532 ignis
1853 469 1948 523 est,

2064 474 2174 522 vov,
2208 454 2482 524 Μάχαιρα
2502 450 2656 521 ὑμᾶς
2691 447 3014 512 κατέδεται,
3049 447 3109 501 ού
3141 447 3287 516 λέγει
3314 447 3402 502 διά
3436 465 3638 522 μαχαι-

383 572 540 643 cuius
561 581 684 622 esca
717 564 855 617 liunt
893 559 984 630 qui
1016 558 1412 634 mala.patrare
1440 556 1494 610 in
1525 555 1767 608 animum
1797 553 1959 607 indu-

386 661 715 722 cuntfﬂinc
741 657 819 711 ait
853 676 864 710 :
907 653 1130 708 Gladius
1159 653 1399 722 depascet
1422 667 1512 704 vos
1539 666 1555 704 :
1594 667 1649 704 os
1672 648 1810 704 enim
1840 647 1950 701 Do-

381 752 768 810 minitocutum
795 757 894 802 est.
931 746 1086 813 Quod
1133 744 1179 799 si
1224 743 1290 797 de
1322 752 1546 798 secante
1577 752 1633 796 et
1661 739 1951 796 confestim

385 849 494 922 70
528 845 832 900 dimittente
860 840 1041 908 gladio
1072 838 1387 908 loqueretur
1411 877 1426 901 ,
1457 851 1564 889 non
1596 836 1822 900 diceret,
1861 834 1953 886 de-

380 945 576 1006 pascet.
607 931 956 1001 Quapropter
1001 929 1146 997 quod
1209 927 1286 981 ait
1338 927 1532 982 Plato:
1598 943 1618 976 ‹
1651 924 1817 993 Culpa
1851 924 1938 977 eli-

381 1027 583 1099 gentis,
619 1023 764 1078 Deus
793 1029 950 1075 extra
977 1018 1247 1086 culpam,»
1277 1033 1305 1071 a
1332 1017 1514 1086 Moyse
1540 1017 1803 1085 propheta
1838 1031 1957 1068 mu-

382 1129 564 1174 tuatus
589 1115 742 1170 dixit.
773 1111 1066 1180 Antiquior
1088 1111 1232 1165 enim
1262 1108 1469 1179 Moyses
1498 1109 1752 1163 omnibus
1788 1107 1951 1161 etiam

380 1211 695 1269 Graecorum
739 1203 1128 1274 scriptoribus.
1163 1202 1339 1269 Atque
1385 1200 1567 1255 omnia
1619 1211 1954 1267 quacunque

380 1305 449 1359 de
479 1297 890 1357 immortalitate
925 1295 1144 1357 animae,
1179 1292 1265 1345 vel
1322 1292 1496 1359 pcenis
1528 1300 1651 1359 post
1700 1297 1949 1354 mortem,

379 1396 466 1451 vel
506 1393 813 1450 caelestium
852 1403 1036 1442 rerum
1063 1385 1529 1453 contemplatione
1554 1381 1636 1435 vel
1685 1379 1954 1435 similibus

378 1488 665 1546 sententiis
686 1498 796 1540 tum
821 1481 1146 1553 philosophi,
1170 1487 1278 1531 tum
1309 1483 1478 1543 poetae
1503 1474 1776 1537 dixerunt,
1801 1485 1951 1525 sum-

379 1593 474 1652 pto
498 1596 566 1636 ex
619 1577 905 1649 prophetis
951 1577 1273 1642 argumento
1300 1577 1356 1621 et
1387 1566 1687 1634 intelligere
1720 1580 1807 1620 res
1835 1564 1955 1618 illas

376 1682 673 1747 potuerunt
704 1681 759 1727 et
779 1674 1171 1738 exposuerunt.
1219 1663 1359 1718 Hinc
1407 1661 1659 1716 omnibus
1702 1659 1956 1713 videntur

380 1774 560 1826 inesse
584 1766 835 1823 veritatis
867 1763 1097 1817 semina.
1129 1760 1232 1814 Sed
1259 1757 1438 1811 minus
1468 1763 1725 1810 accurate
1755 1753 1823 1808 ab
1848 1752 1955 1809 illis

376 1861 656 1932 cognitam
697 1857 865 1912 fuisse
893 1870 959 1909 ex
989 1868 1054 1907 eo
1097 1851 1285 1918 liquet,
1337 1843 1480 1915 quod
1511 1845 1784 1898 contraria
1824 1844 1953 1898 sibi-
1984 1871 2026 1926 B

376 1955 623 2027 metipsis
675 1953 880 2008 dicant.
941 1931 1093 2014 Quod
1127 1957 1258 2012 ergo
1313 1955 1402 1994 res
1458 1938 1672 1992 futuras
1721 1938 1952 1991 dicimus

377 2051 669 2121 praedictas
702 2045 907 2110 fuisse,
935 2057 1041 2096 non
1066 2055 1132 2096 eo
1163 2038 1416 2095 dicimus.
1454 2032 1597 2101 quod
1627 2030 1722 2084 fati
1763 2046 1952 2086 neces-

377 2147 545 2202 sitate
575 2143 741 2206 (lant;
777 2141 873 2196 sed
908 2152 1034 2192 cum
1086 2135 1231 2188 Deus
1269 2129 1480 2185 futuras
1503 2127 1747 2181 omnium
1776 2126 1953 2180 homi-

375 2253 507 2293 num
545 2235 789 2290 actiones
847 2228 1174 2300 praavideat,
1213 2235 1447 2291 cumque
1494 2220 1634 2289 apud
1675 2234 1796 2273 eum
1831 2218 1950 2271 siu-

375 2331 532 2402 gulos
564 2328 818 2383 homines
856 2338 956 2394 pro
989 2320 1200 2376 meritis
1251 2314 1524 2370 actionum
1575 2323 1951 2368 remuneratu-

373 2437 522 2485 rum,
557 2427 819 2476 statutum
864 2415 936 2469 sit
991 2421 1050 2468 ut
1097 2427 1126 2464 a
1179 2424 1237 2465 se
1265 2410 1431 2462 etiam
1457 2408 1616 2478 digna
1646 2405 1950 2460 actionibus

374 2512 598 2585 prauuia
639 2508 1052 2579 rependantur;
1105 2519 1204 2575 per
1263 2501 1528 2571 Spiritum
1568 2498 1947 2570 propheticum

373 2605 644 2676 praedicit,
682 2616 898 2673 semper
927 2600 993 2654 ad
1029 2596 1193 2652 animi
1221 2595 1574 2649 attentionem
1604 2607 1668 2646 ac
1695 2591 1950 2647 recorda-

375 2697 579 2751 tionem
606 2707 812 2748 vocans
860 2689 1137 2746 hominum
1171 2701 1364 2756 genus,
1430 2698 1598 2753 seque
1632 2699 1821 2739 eorum
1848 2697 1946 2737 cu-

375 2805 494 2846 ram
525 2801 715 2860 gerere
745 2801 809 2840 ac
846 2783 952 2838 illis
1004 2781 1291 2852 providere
1347 2779 1750 2834 demonstrans.
1785 2775 1950 2830 Malo-

376 2899 496 2938 rum
543 2891 726 2935 autem
784 2879 1092 2934 daemonum
1156 2873 1472 2942 operatione
1537 2869 1744 2925 sancita
1799 2884 1947 2923 mors

373 2983 462 3031 est
493 2975 548 3028 in
598 2987 716 3036 eos,
757 2969 852 3040 qui
905 2968 1094 3039 legunt
1124 2965 1410 3037 Hystaspis
1451 2973 1544 3018 aut
1598 2962 1820 3033 Sibyllae
1854 2972 1945 3016 aut

373 3066 769 3138 prophetarum
804 3062 1006 3127 libros;
1057 3069 1167 3114 tum
1215 3067 1273 3113 ut
1301 3067 1447 3112 metu
1490 3057 1736 3112 homines
1768 3059 1948 3111 deter-

375 3169 554 3225 reant,
583 3157 878 3228 quominus
931 3154 1018 3209 his
1065 3153 1306 3224 legendis
1337 3153 1602 3207 bonarum
1638 3167 1820 3206 rerum
1849 3166 1945 3205 co-

373 3253 675 3324 gnitionem
710 3254 1097 3318 assequantur,
1137 3255 1248 3298 tum
1283 3253 1342 3299 ut
1379 3260 1473 3300 eos
1507 3243 1610 3299 sibi
1635 3256 1822 3297 servos
1856 3257 1944 3296 re-
1973 3234 2014 3291 C

375 3346 620 3407 tineant;
657 3339 802 3410 quod
834 3338 1054 3407 quidem
1115 3335 1170 3391 in
1228 3346 1550 3407 perpetuum
1597 3334 1811 3390 efﬁcere
1839 3349 1944 3388 nou

373 3441 689 3504 pctueruut.
722 3428 999 3499 lmpavide
1023 3428 1168 3484 enim
1205 3443 1311 3483 non
1348 3429 1522 3483 solum
1549 3427 1669 3484 illos
1693 3427 1943 3496 legimus,

373 3527 468 3581 sed
499 3523 654 3578 vobis
694 3522 886 3586 etiam,
909 3529 968 3574 ιιι
996 3520 1217 3586 videtis,
1245 3521 1616 3588 inspiciendos
1641 3517 1941 3580 offerimus,

371 3632 497 3674 cum
536 3615 777 3669 futurum
830 3617 1093 3680 sciamus,
1135 3621 1198 3666 ut
1247 3612 1389 3683 grati
1427 3613 1687 3666 omnibus
1716 3612 1942 3665 videan-

373 3721 486 3766 tur.
513 3711 694 3778 Atque
719 3708 937 3762 etiamsi
976 3706 1169 3776 paucis
1223 3705 1668 3774 persuadeamus,
1707 3704 1943 3757 maxima

373 3811 559 3856 tamen
585 3800 736 3854 lucra
760 3797 1042 3852 faciemus.
1069 3794 1202 3850 Nam
1228 3805 1288 3850 ut
1316 3796 1441 3852 boni
1463 3795 1713 3865 agricola
1735 3809 1943 3851 merce-

371 3895 492 3950 dem
516 3907 545 3945 a
575 3889 804 3946 Domino
838 3887 1221 3959 percipiemus.

444 4219 534 4276 ιδ.
565 4217 720 4285 Quod
745 4223 926 4270 autem
967 4225 1164 4283 parens
1199 4208 1579 4265 universorum
1615 4210 1756 4266 Deus
1781 4209 1942 4268 Chri-

369 4322 514 4369 stum
549 4311 604 4365 in
637 4307 834 4363 coelum
883 4313 1171 4359 evecturus
1217 4311 1354 4366 erat,
1391 4318 1513 4356 cum
1543 4319 1667 4357 eum
1698 4319 1762 4359 ex
1795 4322 1943 4362 mor-

369 4411 481 4467 tuis
512 4407 829 4468 excitasset,
867 4402 1051 4470 ibique
1102 4407 1412 4454 retenturus
1467 4398 1637 4453 donec
1673 4403 1942 4470 percutiat

368 4500 620 4556 inimicos
651 4497 700 4550 ei
724 4496 1017 4556 daemones,
1052 4506 1116 4545 ac
1166 4504 1432 4544 numerus
1481 4493 1938 4561 prazcognitorum

2057 547 2166 620 ρῶν
2228 542 2658 614 φονευθήσεσθαι
2714 542 2840 604 τοὺς
2904 538 3396 612 παρακούσαντας,
3443 539 3566 594 ἀλλ’
3602 544 3638 612 ἡ

2059 639 2302 710 μάχαιρα
2342 637 2432 690 τοῦ
2467 634 2600 688 Θεοῦ
2635 636 2749 687 ἐστι
2780 632 2840 685 τὸ
2875 630 2985 702 πῦρ
3015 631 3150 701 (12),
3196 626 3257 685 οῦ
3291 631 3428 704 βορὰ
3470 631 3641 701 γίνον-

2054 748 2143 783 ται
2187 732 2235 783 οἱ
2282 728 2349 782 τά
2397 726 2578 797 φαῦλα
2637 725 2898 796 πράττειν
2945 723 3278 795 αἱρούμενοι.
3342 722 3440 776 Διά
3471 722 3642 776 τοῦτο

2053 822 2222 890 λέγει,
2253 820 2528 889 Μάχαιρα
2571 815 2726 887 ὑμᾶς
2771 815 3097 870 κατέδεται.
3155 815 3226 869 Τὸ
3277 816 3386 885 γὰρ
3446 817 3641 884 στόμα

2054 914 2275 980 Κυρίου
2314 909 2641 978 ἐλάλησεν.
2691 910 2753 961 Ei
2799 907 2983 961 δὲκαὶ
3029 905 3158 979 περὶ
3209 905 3514 979 τεμνούσης
3544 907 3641 960 καὶ
3695 909 3700 914 ’

2054 1004 2255 1058 αὐτίκα
2316 1000 2773 1069 ὰπαλλασσούσης
2838 997 3110 1070 μαχαίρας
3152 997 3370 1066 ἔλεγεν,
3423 998 3523 1051 οὐκ
3572 997 3640 1051 ἂν

2055 1090 2210 1158 εἷπε,
2260 1091 2587 1146 κατέδεται.
2642 1091 2804 1143 Ὥστε
2851 1089 2945 1142 xui.
2990 1088 3215 1142 Πλάτων
3255 1086 3445 1151 εἰπὼν,
3471 1089 3641 1142 Αιτία

2054 1184 2346 1254 ἑλομένου
2381 1184 2528 1255 (15),
2593 1181 2737 1248 Θεὸς
2788 1180 2838 1233 δ’
2871 1182 3156 1246 ἀναίτιος,
3215 1179 3366 1251 παρὰ
3395 1181 3640 1246 Μωσέως

2054 1275 2146 1328 τοῦ
2180 1275 2458 1347 προφήτου
2490 1269 2674 1325 λαϐὼν
2703 1267 2846 1324 εἷπε.
2878 1270 3258 1342 Πρεσϐύτερος
3290 1269 3398 1340 γὰρ
3431 1271 3638 1342 Μωσῆς

2055 1369 2149 1422 xui.
2181 1367 2395 1419 πάντων
2427 1364 2536 1418 τῶν
2567 1367 2624 1416 ὲν
2653 1361 2877 1434 Ἕλλησι
2907 1362 3270 1433 συγγραφέων
3293 1381 3305 1392 ·
3342 1363 3437 1415 καὶ
3461 1363 3637 1416 πάντα

2057 1460 2156 1513 ὅσα
2210 1457 2339 1528 περὶ
2369 1454 2672 1518 ἀθανασίας
2721 1453 2920 1523 ψυχῆς,
2965 1453 2999 1524 ἢ
3056 1451 3335 1523 τιμωριῶν
3364 1452 3468 1504 τῶν
3501 1452 3638 1522 μετά

2055 1551 2308 1613 θάνατον,
2338 1548 2371 1618 ἢ
2399 1545 2634 1618 θεωρίας
2657 1543 2943 1616 οὐρανίων,
2993 1544 3026 1614 ἢ
3053 1543 3158 1597 τῶν
3201 1542 3401 1614 ὁμοίων
3434 1542 3638 1613 δογμά-

2054 1658 2182 1705 των,
2220 1640 2315 1694 καὶ
2338 1638 2617 1708 φιλόσοφοι
2648 1636 2744 1690 xui.
2791 1633 3017 1705 ποιηταὶ
3065 1633 3293 1702 ἔφασαν,
3337 1633 3487 1705 παρά
3529 1633 3639 1686 τῶν

2057 1732 2352 1805 προφητῶν
2404 1733 2501 1796 τὰς
2542 1727 2799 1802 ἀφορμὰς
2830 1727 3108 1791 λαϐόντες,
3139 1727 3236 1780 καὶ
3278 1727 3464 1797 νοῆσαι
3491 1725 3639 1779 δεδύ-

2055 1827 2376 1899 νηνται,κα).
2401 1825 2766 1898 ὲξηγήσαντο’
2804 1822 2925 1876 ὅθεν
2978 1821 3130 1892 παρά
3159 1822 3293 1874 πᾶσι
3345 1821 3639 1892 σπέρματα

2055 1918 2313 1989 ἀληθείας
2355 1918 2506 1970 δοκεῖ
2561 1911 2726 1969 εἶναι.
2789 1912 3131 1982 Ἑλέγχονται
3181 1912 3238 1965 δὲ
3275 1911 3348 1982 μὴ
3395 1911 3636 1982 ἀκριϐῶς

2053 2016 2365 2083 νοήσαντες,
2419 2012 2549 2064 ὅταν
2614 2007 2833 2061 ἐναντία
2889 2005 3042 2058 αὐτοὶ
3095 2007 3307 2068 ἑαυτοῖς
3381 2003 3634 2072 λέγωσιν.

2057 2105 2216 2157 Ὥστε
2269 2104 2298 2156 ὅ
2336 2120 2518 2174 φαμεν
2551 2098 3030 2172 πεπροφητεῦσθαι
3064 2098 3133 2151 τὰ
3194 2097 3453 2169 μέλλοντα
3484 2097 3635 2166 γίνε-

2055 2197 2195 2263 σθαι,
2231 2199 2290 2250 ού
2324 2196 2411 2269 διὰ
2459 2192 2521 2249 τὸ
2553 2193 2894 2266 εἱμαρμένης
2926 2193 3138 2263 ἀνάγκῃ
3187 2191 3518 2264 πράττεσθαι
3549 2191 3638 2243 λέ-

2049 2305 2217 2359 γομεν
2237 2307 2249 2318 ·
2307 2287 2442 2342 ἀλλὰ
2492 2287 2842 2360 προγνὼστου
2876 2284 2966 2338 τοῦ
3000 2284 3131 2338 Θεοῦ
3178 2284 3328 2346 ὄντος
3360 2283 3467 2336 τῶν
3505 2282 3635 2353 μελ-

2050 2383 2250 2436 λόντων
2297 2382 2402 2434 ὑπὸ
2457 2381 2676 2435 πάντων
2724 2377 3024 2450 ἀνθρώπων
3071 2375 3502 2449 πραχθήσεσθαι,
3539 2375 3635 2428 xui.

2049 2475 2315 2546 δόγματος
2355 2475 2527 2538 -δντος
2583 2475 2712 2543 παρ’
2746 2472 2922 2527 αὐτῶν
2982 2470 3092 2542 (14)
3145 2471 3263 2523 κατ’
3312 2467 3467 2536 ἀξίαν
3523 2467 3635 2520 τῶν

2051 2568 2302 2640 πράξεων
2332 2567 2562 2620 ἕκαστον
2595 2565 2925 2637 ἀμείψεσθαι
2967 2563 3227 2634 μέλλοντα
3277 2559 3386 2613 τῶν
3420 2557 3630 2630 ἀνθρώ-

2051 2677 2186 2725 πων,
2221 2661 2317 2715 xui.
2347 2659 2416 2712 τὰ
2438 2660 2568 2730 παρ’
2604 2659 2765 2712 αὐτοῦ
2826 2659 2944 2711 κατ’
2979 2656 3135 2722 ἀξίαν
3166 2655 3272 2708 τῶν
3314 2651 3626 2725 πραττομέ-

2050 2770 2155 2806 νων
2187 2753 2614 2825 ἀπαντήσεσθαι,
2648 2752 2736 2806 διὰ
2780 2751 2870 2804 τοῦ
2929 2747 3264 2822 προφητικώ
3308 2747 3626 2818 Πνεύματος

2050 2843 2323 2915 προλέγει,
2358 2845 2436 2907 είς
2469 2844 2717 2897 ἐπίτασιν
2763 2843 2858 2895 xui.
2914 2840 3217 2911 ἀνάμνησιν
3250 2839 3336 2892 ἀεὶ
3385 2838 3532 2906 ἄγων
3562 2837 3628 2888 τὸ

2048 2931 2154 2984 τῶν
2181 2931 2480 3003 ἀνθρώπων
2509 2933 2686 3000 γένος,
2720 2931 2932 2994 δεικνὺς
2985 2931 3066 2982 ὅτι
3119 2928 3213 2983 xui.
3269 2927 3425 2998 μέλον
3473 2927 3623 2979 ἐστὶν

2049 3022 2216 3094 αὐτῷ,
2248 3024 2342 3076 xui.
2368 3026 2677 3095 προνοεῖται
2711 3021 2908 3075 αὐτῶν.
2947 3023 3083 3075 Κατ’
3119 3020 3397 3091 ἐνέργειαν
3431 3019 3486 3070 δὲ
3514 3020 3622 3070 τῶν

2048 3115 2267 3184 φαύλων
2314 3115 2605 3186 δαιμόνων,
2655 3114 2881 3177 θάνατος
2925 3112 3145 3183 ὡρίσθη.
3182 3111 3292 3182 (15)
3347 3108 3485 3162 κατά
3515 3109 3624 3161 τῶν

2048 3207 2146 3272 τὰς
2190 3208 2517 3272 Ὑστάσπου,
2579 3206 2611 3277 ἢ
2646 3205 2924 3277 Σιϐύλλης,
2960 3205 2993 3275 ἢ
3049 3203 3155 3257 τῶν
3207 3200 3501 3274 προφητῶν
3543 3200 3625 3271 βί-

2050 3300 2207 3364 ϐλους
2239 3299 2740 3368 ἀναγινωσκόντων,
2801 3299 2949 3360 ὅπως
2997 3295 3084 3349 διὰ
3142 3293 3233 3347 τοῦ
3288 3294 3452 3362 φόϐου
3485 3293 3621 3345 ἁπο-

2051 3389 2353 3461 στρέψωσιν
2385 3387 2811 3458 ἐντυγχάνοντας
2861 3386 2988 3449 τοὺς
3035 3382 3351 3456 ἀνθρώπους
3384 3381 3491 3435 τῶν
3521 3399 3623 3434 κα-

2047 3481 2152 3534 λῶν
2192 3482 2390 3552 γνῶσιν
2419 3481 2624 3544 λαϐεῖν,
2653 3482 2839 3543 αὐτοῖς
2893 3479 2948 3532 δὲ
2997 3475 3345 3538 δουλεύοντας
3378 3473 3624 3544 κατέχω-

2050 3592 2163 3628 σιν¹
2200 3575 2336 3646 ὅπερ
2373 3576 2451 3638 εἰς
2487 3574 2637 3637 τέλος
2686 3574 2784 3626 οὐκ
2831 3572 3054 3642 ἴσχυσαν
3105 3568 3330 3640 πρᾶξαι.
3385 3566 3626 3634 Ἀφόϐως

2049 3668 2146 3738 μὲν
2195 3667 2303 3738 γὰρ
2334 3667 2392 3720 ού
2431 3666 2589 3738 μόνον
2650 3664 3047 3736 ἐντυγχάνομεν
3101 3662 3312 3724 αὐταῖς,
3367 3659 3500 3713 ἀλλὰ
3530 3661 3626 3712 xui.

2047 3759 2196 3828 ὑμῖν,
2243 3757 2318 3821 ὡς
2341 3758 2524 3826 ὁρᾶτε,
2555 3758 2635 3820 εἰς
2661 3755 2949 3825 ἐπίσκεψιν
2985 3754 3243 3825 φέρομεν,
3268 3751 3626 3822 ἐπιστάμενοι

2044 3851 2210 3904 πᾶσιν
2258 3848 2526 3919 εύάρεστα
2559 3846 2917 3918 φανήσεσθαι.
2955 3845 3072 3898 Κᾶν
3093 3845 3304 3912 ὀλίγους
3335 3844 3392 3896 δὲ
3425 3843 3626 3895 πείσω-

2047 3960 2166 4013 μεν,
2201 3940 2269 3994 τά
2306 3941 2535 4010 μέγιστα
2597 3939 2958 4010 κερδήσαντες
3004 3936 3271 4008 ἐσόμεθα·
3325 3933 3400 3998 ὼς
3445 3951 3623 4005 γεωρο

2045 4035 2130 4100 γοὶ
2162 4033 2270 4104 γάρ
2301 4031 2494 4100 ἀγαθοὶ
2519 4031 2669 4102 παρά
2717 4029 2808 4083 τοῦ
2855 4028 3206 4093 δεσπόζοντος
3248 4027 3346 4098 τὴν
3392 4024 3623 4096 ἀμοιϐὴν

2043 4124 2130 4192 Ego
2137 4143 2255 4196 μεν.

2112 4220 2199 4273 45.
2242 4222 2357 4274 ’Ὁτι
2386 4219 2440 4272 δὲ
2474 4220 2698 4287 ἀγαγεῖν
2724 4217 2816 4271 τὸν
2870 4215 3102 4286 Χριστὸν
3137 4217 3217 4278 εἰς
3267 4214 3357 4266 τὸν
3390 4211 3620 4284 οὐρανὸν

2041 4315 2070 4365 ὁ
2101 4311 2286 4383 Πατὴρ
2317 4311 2425 4364 τῶν
2459 4311 2673 4386 πάντων
2698 4309 2831 4371 Θεὸς
2860 4306 2996 4378 μετὰ
3028 4305 3088 4357 τὸ
3118 4304 3415 4374 ἀναστῆσαι
3440 4304 3503 4355 ἐκ
3537 4317 3624 4353 νε-

2043 4405 2190 4476 κρῶν
2221 4404 2381 4457 αὐτὸν
2432 4402 2641 4474 ἔμελλε,
2701 4400 2795 4454 xui.
2860 4397 3108 4467 κατέχειν
3156 4395 3261 4457 ἕως
3294 4393 3358 4447 ἂν
3407 4391 3623 4462 πατάξῃ

2041 4496 2168 4558 τοὺς
2200 4494 2576 4566 ὲχθραίνοντας
2608 4489 2756 4559 αὐτῷ
2787 4489 3050 4558 δαίμονας
3069 4523 3084 4547 ,
3111 4484 3205 4536 καὶ
3238 4479 3560 4549 συντελεσθῇ
3591 4479 3621 4528 ὁ

363 4597 436 4653 ab
481 4607 547 4649 eo
596 4593 862 4646 bonorum
897 4597 953 4643 et
1007 4587 1208 4641 virtute
1240 4585 1592 4654 praeditorum
1630 4587 1933 4656 expleatur,

2050 4588 2272 4660 ἀριθμὸς
2322 4586 2428 4639 τῶν
2472 4581 2936 4655 προεγνωσμένων
2969 4575 3115 4645 αύτῷ
3146 4573 3364 4642 ἀγαθῶν
3399 4567 3620 4640 γινομέ-

363 4696 590 4758 propter
619 4697 756 4754 quos
789 4681 952 4736 etiam
985 4677 1468 4748 conﬂagrationem
1503 4678 1739 4732 nondum
1775 4679 1938 4735 indu-

2050 4696 2146 4733 νων
2180 4659 2582 4747 καιὲναρέτων,
2618 4673 2684 4725 δι’
2715 4671 2806 4734 οὓς
2838 4670 2932 4723 xui.
2965 4666 3189 4739 μηδέπω
3220 4663 3317 4733 τὴν
3348 4659 3618 4731 ὲπικύρωι

433 5023 547 5094 (12)
587 5022 651 5078 Ἠ
663 5019 994 5094 μάχαιρα...
1012 5015 1078 5068 τὸ
1101 5013 1247 5094 πῦρ..
1259 5011 1391 5094 μακε
1415 5010 1658 5094 imitatur
1679 5009 1936 5094 _Clemens

362 5080 787 5148 Alexandrinus
814 5080 1100 5153 ιίνοιτρριη
1133 5080 1189 5152 ρ.
1217 5083 1308 5146 60,
1331 5082 1437 5153 qui
1480 5081 1647 5153 verba
1679 5080 1830 5153 Isaia}
1859 5081 1938 5134 sic

363 5166 540 5217 citat:
605 5162 870 5232 Μαχαιρα
917 5150 1061 5226 ὑμᾶς
1114 5150 1209 5208 xui.
1266 5150 1378 5226 πῦρ
1436 5152 1739 5205 κατέδεται.
1791 5150 1938 5205 Gm-

361 5249 499 5288 BIUS.

433 5303 548 5375 (15)
579 5303 749 5356 Αἱτία
782 5298 1093 5368 ἑλομένου.
1122 5293 1246 5375 Haec
1274 5309 1304 5349 e
1345 5291 1825 5375 libro‘decimlo‘De
1855 5307 1940 5375 re-

359 5363 847 5443 publ.,’desurnpta
880 5363 1024 5443 sunt,
1049 5365 1370 5443 e_t_cita_ntur
1398 5364 1633 5443 a‘_(_1|em.
1665 5363 1934 5443 Alexand.

361 5435 563 5512 Stroth.
610 5457 666 5504 ν,
721 5435 774 5512 ρζ
807 5441 913 5495 61⁵5
955 5447 1011 5494 et
1059 5436 1407 5491 Theodoreto
1439 5435 1537 5489 lib.
1578 5449 1617 5487 ιι
1679 5435 1929 5486 adversus

359 5511 591 5568 Grmcos.
625 5511 774 5566 lusu.

432 5583 542 5655 (M)
569 5582 710 5655 Hap’
743 5577 1304 5655 qi:rér._l.egendum
1328 5578 1558 5655 videtur
1609 5574 1740 5655 παρ’
1768 5571 1929 5638 αὐτόν

358 5644 602 5726 νοῐπαρ’
631 5644 779 5726 αὐτῷ
804 5663 858 5726 et
899 5644 1164 5726 μέλλοντι..
1209 5647 1281 5702 Ut
1327 5648 1657 5726 intelligatur
1684 5644 1742 5697 S.
1779 5658 1926 5726 mar-_

358 5725 496 5795 tyris
527 5713 817 5795 sententia,
836 5713 911 5795 iu'
929 5721 1244 5795 memoriam
1279 5713 1765 5795 revocandumnest.
1783 5713 1928 5782 quod

359 5784 523 5865 paulo
553 5803 679 5848 ante
709 5784 927 5865 dicebat
959 5809 1012 5865 n_.
1043 5789 1331 5865 43,1‘atum
1366 5785 1707 5865 ineluctabile
1753 5784 1826 5865 in_
1860 5797 1926 5837 eo

357 5853 597 5935 positum
625 5879 769 5932 esse,
795 5872 855 5920 ut
879 5863 1037 5922 bonis
1082 5853 1137 5919 et
1191 5859 1350 5915 malis
1377 5858 1596 5931 praemia
1625 5853 1928 5926 rependan-

2042 5023 2130 5065 tur
2156 5025 2170 5074 ;
2203 5023 2310 5063 non
2341 5021 2470 5061 vero
2495 5014 2553 5058 ut
2580 5003 2669 5058 hic
2693 4998 2988 5074 bonus_si_t,
3021 4997 3124 5074 is_te
3151 4994 3348 5074 malus.
3379 4991 3615 5074 Sic__igi-

2043 5091 2131 5134 tur
2158 5065 2260 5135 hoc
2291 5079 2411 5133 loco
2436 5076 2720 5142 judicium,
2747 5070 2891 5141 quod
2924 5071 2990 5123 de
3021 5067 3262 5142 _singu_lis
3293 5065 3606 5142 hominibus

2042 5134 2452 5206 instituendum
2469 5155 2574 5210 est,
2605 5134 2960 5212 distinguitur
2984 5134 3144 5212 ab_ea
3180 5136 3320 5205 lege,
3351 5147 3406 5212 et
3435 5134 3609 5212 veluti

2043 5220 2401 5285 ineluctabili,
2459 5226 2517 5269 ut
2563 5206 2682 5284 ipse
2719 5206 3008 5285 appellat,_
3041 5207 3174 5269 fato,
3192 5222 3320 5285 _quo
3367 5206 3523 5285 bouis
3555 5215 3609 5285 et

2043 5293 2204 5346 malis
2232 5276 2621 5360 mqua'rnerce's
2653 5276 2952 5360 solvenda;
2982 5281 3162 5347 Atque
3192 5278 3300 5331 huc
3327 5276 3465 5356 redit
3496 5283 3605 5360 tota

2042 5343 2312 5416 sent—entia
2342 5378 2354 5414 :
2413 5357 2685 5413 Statutum
2745 5351 2885 5421 apud
2917 5343 3110 5413 Deum,
3155 5357 3221 5421 ut
3253 5361 3377 5421 cum
3411 5343 3607 5421 singuli.

2039 5415 2290 5487 homines
2320 5431 2388 5483 ab
2419 5444 2485 5482 eo
2508 5415 2795 5495 iudicandi
2831 5423 2962 5485 sint,
2989 5424 3134 5490 justa
3175 5417 3362 5471 virtuti
3389 5425 3443 5471 et
3474 5415 3606 5469 vitio

2037 5501 2404 5557 remuneratio
2439 5500 2727 5551 tribuatur.

2107 5555 2217 5642 (15)
2255 5565 2801 5642 Θάνατος-ὡρίσθη.
2861 5562 2955 5642 De.
2987 5561 3093 5616 hac
3136 5560 3253 5629 lege
3299 5572 3422 5642 cum
3450 5555 3602 5642 plura

2039 5629 2332 5699 occurrant
2353 5629 2612 5699 dicenda,
2632 5629 2791 5702 quam
2818 5646 2877 5687 ut
2906 5634 2988 5685 his
3013 5642 3151 5684 notua
3185 5629 3451 5702 angustiis
3475 5641 3599 5702 c_0n-

2038 5697 2333 5776 tineautur,
2373 5710 2536 5778 hujus
2569 5697 2898 5762 rei—examen
2925 5703 3098 5758 visum
3128 5709 3212 5755 cst
3242 5697 3602 5769 rejiciendum

2037 5785 2094 5842 in
2133 5783 2351 5841 Praeiat.
2385 5789 2520 5855 part.
2569 5793 2652 5833 ιιι.
