4006 6254
313 389 408 445 $97
1512 391 1852 448 APOLOGIA
1888 391 1908 444 Ι
1941 388 1958 444 Ι

2068 393 2078 440 ι
2111 384 2572 444 CIIRISTIANIS.
3530 387 3635 443 398

325 520 404 558 σιν
435 501 547 573 (16)
578 504 931 575 πεποίηται·
969 507 1334 560 ἐπακούσατε
1365 506 1472 559 τῶν
1513 507 1817 578 εἰρημένων
1873 502 1958 556 διὰ

2068 502 2178 566 xit;
2247 501 2430 555 audite
2481 499 2754 570 propheta
2807 499 3028 555 Davidis
3089 501 3272 568 verba,
3329 518 3448 572 quae
3511 512 3639 558 sunt

337 597 488 652 Δαῦἱδ
526 595 618 648 τοῦ
653 599 990 668 προφήτου.
1037 601 1207 653 Ἔστι
1244 600 1300 653 δὲ
1341 598 1539 652 ταῦτα·
1567 595 1752 651 Εἶπεν
1787 601 1818 652 ό
1843 598 1958 650 Κύ-

2068 593 2369 662 ejusmodi:
2427 593 2572 647 Dixit
2643 593 2902 648 Dominus
2960 594 3184 650 Domino
3231 612 3390 651 meo:
3442 601 3565 651 sede
3604 616 3636 652 a

341 706 455 757 ριος
483 687 562 753 τῷ
607 689 814 756 Κυρίῳ
864 707 1024 758 μου
1063 691 1270 745 Κάθου
1322 691 1389 744 ἐκ
1435 688 1647 754 δεξιῶν
1667 706 1807 758 μου,
1850 687 1958 754 ἕως

2068 687 2264 739 dextris
2313 688 2483 740 meis:
2531 686 2696 739 donec
2742 702 2936 755 ponam
2979 687 3220 743 inimicos
3271 701 3386 744 tuos
3436 693 3637 745 scabel-

357 782 424 837 ἂν
437 780 514 836 θῶ
528 781 666 848 τοὺς
680 782 954 850 ἐχθρούς
977 800 1107 836 σου
1129 781 1459 837 ὑποπόδιον
1473 779 1590 834 τῶν
1609 779 1810 833 ποδῶν
1823 795 1956 832 σου.

371 875 606 930 Ῥὰὅδον
665 874 997 944 δυνάμεως
1057 874 1462 940 ἐξαποστελεῖ
1511 889 1610 927 σοι
1647 875 1863 941 Κύριος
1891 872 1961 937 ἐξ

370 965 784 1037 Ἰερουσαλήμο
850 967 959 1021 καὶ
1038 969 1429 1036 κατακυρίευε
1493 966 1562 1019 ἐν
1619 966 1787 1034 μέσῳ
1845 963 1962 1018 τῶν

361 1060 582 1130 ἐχθρῶν
610 1077 750 1114 σου.
788 1063 961 1114 Μετὰ
1001 1061 1123 1115 σοῦ
1147 1063 1188 1129 ἡ
1215 1059 1368 1129 ἀρχὴ
1401 1060 1470 1112 ἐν·
1501 1058 1691 1128 ἡμέρᾳ
1719 1057 1829 1126 τῆς
1853 1058 1960 1111 δυ-

361 1151 586 1221 νάμεώς
616 1170 736 1207 σου
765 1152 837 1206 ὲν
868 1153 1003 1219 ταῖς
1048 1154 1428 1222 ,λαμπρότησι
1453 1152 1574 1206 τῶν
1597 1153 1781 1220 ἁγίων
1821 1165 1956 1204 σου.

375 1247 472 1300 Ἐκ
501 1247 764 1315 γαστρὸς
800 1246 917 1313 πρὸ
964 1247 1280 1314 ἑωσφόρον
1307 1243 1604 1313 ἑγέννησά
1630 1260 1721 1296 σε.
1772 1242 1845 1294 Τὸ
1867 1238 1960 1294 οὖν

363 1340 674 1410 εἰρημένον,
713 1338 972 1392 Ῥάϐδον
1003 1337 1312 1406 δυνάμεως
1342 1336 1738 1400 ὲξαποστελεῐ
1761 1355 1860 1394 σοι
1890 1342 1961 1406 ἐξ

373 1430 791 1500 Ἰερουσαλὴμ,
821 1430 1254 1502 προαγγελτικὸν
1285 1428 1376 1482 τοῦ
1405 1429 1563 1498 λόγου
1593 1429 1685 1482 τοῦ
1715 1432 1957 1503 ἰσχυροῦ,

361 1524 419 1576 ὃν
453 1523 563 1576 ἀπὸ
609 1523 978 1594 Ἰερουσαλὴμ
1029 1525 1078 1576 οἱ
1109 1523 1397 1576 ἀπόστολοι
1430 1522 1594 1576 αὐτοῦ
1631 1521 1957 1590 ἐξελθόντες,

363 1614 642 1684 πανταχοῦ
680 1614 978 1687 ἐκήρυξαν.
1015 1614 1235 1695 Καίπερ
1264 1614 1492 1668 θανάτου
1525 1615 1635 1686 (17)
1656 1616 1961 1687 ὁρισθέντος

367 1709 507 1761 κατα
572 1708 686 1760 τῶν
749 1708 1128 1773 διδασκόντων,
1184 1707 1218 1777 ἢ
1279 1709 1414 1772 ὅλως
1470 1709 1872 1779 ὁμολογούντων
1901 1711 1962 1763 τὺ

360 1801 532 1870 δνομα
574 1801 671 1853 τοῦ
728 1799 988 1872 Χριστοῦ,
1034 1803 1198 1872 ἡμεῖς
1247 1801 1518 1872 πανταχοῦ
1563 1803 1658 1856 καὶ
1716 1801 1958 1866 ἀσπαζό-

2063 778 2174 830 lum
2219 779 2412 845 pedum
2471 788 2708 832 tuorum.
2779 775 2990 848 Virgam
3051 781 3257 836 virtutis
3299 785 3498 838 emittet
3544 785 3638 840 tibi

2064 869 2322 923 Dominus
2344 886 2410 924 ea:
2435 869 2771 924 Hierusalem
2797 888 2816 926 :
2853 881 2902 925 et
2941 873 3213 926 dominare
3250 874 3303 927 in
3330 877 3501 930 medio
3530 877 3638 931 ini-

2063 961 2322 1014 micorum
2368 970 2602 1015 tuorum.
2638 961 2831 1016 Tecum
2864 964 3190 1032 principatus
3235 966 3293 1018 in
3328 967 3412 1020 die
3450 978 3638 1036 poten-

2065 1053 2155 1107 tia:
2196 1063 2302 1107 tua:
2354 1055 2411 1108 in
2462 1055 2827 1123 splendoribus
2889 1066 3191 1111 sanctorum
3261 1067 3494 1117 tuorum.
3553 1059 3639 1116 Ex

2062 1156 2210 1200 utero
2241 1158 2361 1200 ante
2385 1147 2662 1215 luciferum
2697 1149 2853 1218 genui
2882 1160 2930 1202 te
2952 1149 3020 1204 9".
3055 1149 3207 1215 Quod
3243 1150 3408 1219 igitur
3435 1153 3636 1206 dictum

2065 1248 2189 1292 est:
2236 1238 2449 1310 Virgam
2502 1242 2717 1295 virtutis
2760 1245 2958 1297 emittet
2999 1243 3094 1296 tibi
3139 1261 3204 1298 ex
3253 1244 3634 1312 Hierusalem,

2063 1329 2504 1400 prmsigniiicatio
2537 1341 2658 1387 erat
2688 1333 2926 1400 potentis
2965 1333 3112 1388 illius
3155 1335 3436 1400 doetrinae,
3473 1350 3635 1404 quam

2064 1421 2183 1489 ejus
2216 1421 2446 1489 apostoli
2506 1423 2901 1495 Hierosolymis
2939 1425 3172 1492 profecti
3208 1427 3408 1496 ubique
3438 1429 3638 1496 praedi-

2065 1524 2350 1568 caverunt.
2406 1515 2472 1569 Et
2522 1518 2773 1585 quamvis
2808 1533 2955 1573 mors
2980 1519 3198 1574 decreta
3229 1527 3284 1574 et
3333 1524 3637 1578 constituta

2063 1606 2134 1660 sit
2184 1607 2508 1662 docentibus
2566 1617 2661 1662 aut
2718 1611 2944 1665 omnino
2983 1611 3373 1668 conﬁtentibus
3436 1629 3635 1670 nomen

2063 1696 2295 1763 Christi,
2336 1715 2434 1754 nos
2463 1701 2670 1770 ubique
2726 1711 2780 1756 et
2831 1703 3212 1773 amplectimur
3256 1715 3312 1758 et
3352 1706 3634 1762 docemus.

2065 1790 2218 1857 Quod
2253 1793 2299 1845 si
2334 1808 2430 1847 vos
2460 1793 2563 1862 71
2593 1809 2805 1864 quoque
2829 1795 2942 1849 lia-3c
2965 1797 3147 1851 animo
3175 1797 3393 1853 inimico
3425 1798 3634 1869 legetis,

363 1893 526 1963 μεθα,
568 1895 667 1946 καὶ
702 1892 1050 1963 διδάσκομεν.
1094 1893 1157 1945 Ei
1207 1893 1266 1945 δὲ
1318 1894 1410 1946 καὶ
1447 1895 1604 1964 ὑμεῖς
1658 1894 1733 1958 ὡς
1779 1893 1958 1965 ἐχθροὶ

2068 1882 2199 1936 nihil
2233 1883 2486 1953 amplius,
2520 1897 2578 1938 ut
2607 1885 2719 1952 jam
2748 1887 2986 1942 diximus
3013 1889 3079 1952 ⁸⁵,
3107 1890 3332 1958 pOIestis
3353 1905 3514 1959 quam
3544 1906 3638 1946 oc-

357 1985 687 2050 ὲντεύξεσθε
717 1986 894 2038 τοῖσδε
943 1987 1059 2048 τοῖς
1083 1984 1284 2052 λόγοις,
1325 1985 1384 2037 ού
1420 1984 1579 2038 πλέον
1624 2003 1676 2038 τι
1707 1984 1956 2048 δύνασθε,

357 2075 436 2138 ὡς
465 2077 820 2147 πμέεξημεν,
862 2076 953 2128 τοῦ
1008 2076 1286 2145 φονεύειν·
1339 2078 1474 2147 ὅπερ
1521 2079 1652 2148 ἡμῖν
1685 2077 1783 2149 μὲν
1809 2077 1959 2130 ούδε-

360 2168 494 2238 μίαν
550 2169 766 2240 βλάϐην
801 2169 988 2240 φέρει·
1040 2171 1168 2239 ὑμῖν
1199 2168 1255 2221 δὲ
1308 2169 1402 2221 καὶ
1433 2171 1564 2222 πᾶσι
1609 2175 1723 2234 τοῖς
1761 2171 1961 2233 ἀδίκως

355 2258 743 2330 ἐχθραίνουσι,
795 2262 890 2314 καὶ
945 2260 1019 2332 μὴ
1085 2259 1560 2331 μετατιθεμένοις,
1607 2262 1827 2315 κόλασιν
1873 2263 1960 2316 διὰ

355 2352 533 2419 πυρὸς
577 2352 813 2403 αἰωνίαν
843 2350 1156 2422 ἐργάζεται.

431 2443 520 2497 46.
563 2445 688 2496 Ἵνα
721 2443 777 2496 δὲ
822 2445 895 2514 μή
943 2461 1088 2507 τινες
1121 2445 1583 2513 ἀλογισταίνοντες
1616 2448 1694 2510 εἰς
1726 2447 1959 2518 ἀποτρο-

361 2537 468 2607 πὴν
519 2537 634 2607 (18)
670 2535 784 2588 τῶν
819 2536 1218 2606 δεδιδαγμένων
1251 2538 1339 2606 ὑφ’
1379 2538 1530 2609 ἡμῶν
1573 2540 1806 2604 εἴπωσι,
1856 2541 1961 2611 πρὸ

357 2631 494 2694 ἐτῶν
518 2629 722 2682 ἑκατὸν
757 2630 1096 2699 πεντήκοντα
1109 2628 1156 2698 (Ι
1166 2629 1221 2699 9)
1237 2630 1590 2701 γεγεννῆσθαι
1615 2631 1705 2684 τὸν
1729 2633 1960 2703 Χριστὸν

356 2724 536 2792 λέγειν
569 2724 724 2794 ἡμᾶς
760 2722 855 2774 ἐπὶ
882 2722 1159 2794 Κυρηνίου
1185 2762 1198 2784 ,
1245 2723 1573 2793 δεδιδαχέναι
1607 2725 1662 2777 δὲ
1705 2724 1740 2777 ἃ
1783 2743 1962 2796 φαμεν

357 2813 564 2879 διδάξαι
595 2814 768 2866 αὐτὸν
804 2812 1032 2884 ὕστερον
1069 2815 1283 2884 χρόνοις
1307 2816 1399 2869 ἐπὶ
1424 2815 1648 2868 Ποντίου
1690 2815 1922 2870 Πιλάτου
1943 2860 1957 2883 ,

360 2906 452 2957 καὶ
484 2903 832 2958 ἐπικαλῶσιν
872 2905 983 2977 (20)
1009 2946 1023 2971 ,
1067 2906 1143 2969 ὡς
1167 2906 1469 2960 ἀνευθύνων
1502 2907 1671 2961 ὄντων
1693 2909 1801 2961 τῶν
1829 2927 1962 2981 προ-

360 2998 754 3068 γεγενημένων
785 2998 1005 3052 πάντων
1027 2998 1125 3051 ἀνθ
1136 2997 1350 3070 ρώπων,
1381 2998 1683 3067 φθάσαντες
1705 2999 1802 3072 τὴν
1829 3002 1962 3054 ἀπο-

365 3090 485 3160 ρίαν
515 3088 842 3159 λυσώμεθα.
881 3090 984 3141 Τὸν
1025 3090 1259 3160 Χριστὸν
1306 3090 1648 3162 πρωτότοκον
1688 3093 1782 3146 τοῦ
1825 3093 1960 3148 Θεοῦ

363 3179 496 3236 εἶναι
515 3183 909 3253 ἐδιδάχθημεν.
922 3183 1016 3234 καὶ
1030 3200 1164 3254 προε
1173 3183 1310 3254 μηνύ
1318 3201 1382 3236 σα
1390 3201 1486 3254 μεν
1502 3184 1658 3253 λόγον
1682 3185 1810 3240 ὄντα
1825 3186 1957 3260 (2-1),

362 3271 420 3328 οὗ
449 3277 556 3326 πᾶν
581 3276 748 3343 γένος
771 3274 1075 3345 ἀνθρώπιον
1112 3276 1338 3346 μετέσχε
1361 3294 1374 3306 ο
1411 3279 1506 3330 καὶ
1539 3279 1587 3329 οἱ
1630 3277 1766 3348 μετὰ
1799 3278 1955 3347 λόγου

366 3368 668 3438 βώσαντες
702 3371 1024 3441 Χριστιανοί
1057 3371 1164 3423 εἱσι
1189 3409 1202 3432 ,
1239 3368 1339 3422 κᾶν
1373 3369 1521 3424 ἄθεοι
1565 3371 1955 3443 ἐνομίσθησαν·

363 3454 470 3512 οἷον
504 3463 564 3512 ἐν
605 3459 840 3532 Ἕλλησι
877 3461 975 3531 μὲν
998 3460 1295 3532 Σωκράτης
1338 3462 1432 3514 καὶ
1467 3462 1832 3534 Ἡράκλειτος,
1868 3465 1962 3518 καὶ

365 3555 411 3605 οἱ
439 3553 620 3624 ὅμοιοι
643 3554 860 3616 αὐτοῖς·
886 3554 943 3605 ἐν
974 3552 1272 3624 βαρϐάροις
1301 3553 1357 3605 δὲ
1387 3553 1658 3625 Ἀϐραὰμ,
1695 3555 1788 3607 καὶ
1816 3556 1964 3608 Ἀνα-

366 3645 504 3710 νέας,
528 3649 632 3699 καὶ
663 3645 944 3716 Ἀζαρίας,
972 3645 1068 3698 καὶ
1091 3645 1331 3716 Μισαὴλ,
1353 3647 1448 3699 καὶ
1473 3647 1676 3711 Ἠλίας,
1696 3648 1792 3700 καὶ
1814 3647 1962 3701 ἄλλοι

369 3737 591 3800 πολλοὶ,
641 3729 718 3788 ὦν
764 3734 866 3798 τὰς
908 3734 1136 3807 πράξεις
1175 3735 1209 3806 ἦ
1255 3734 1323 3787 τὰ
1357 3735 1597 3806 ὀνόματα
1641 3737 1962 3805 καταλέγειν

370 3831 578 3900 μακρὸν
646 3824 790 3882 εἶναι
852 3828 1239 3898 ἐπιστάμενοι,
1310 3829 1474 3882 τανῦν
1524 3829 1957 3900 παραιτούμεθα.

372 3922 529 3973 Ὥστε
588 3921 686 3973 καὶ
741 3921 790 3972 οῖ
837 3919 1226 3991 προγενόμενα
1281 3920 1408 3973 ἄνευ
1451 3920 1612 3988 λόγου
1666 3919 1960 3990 βιώσαντες

369 4014 634 4084 ἄχρηστοι
669 4012 767 4066 καὶ
810 4011 995 4082 ἐχθροὶ
1027 4011 1106 4080 τῷ
1152 4010 1370 4082 Χριστῷ
1417 4008 1592 4082 ἦσαν,
1640 4014 1749 4081 καὶ,
1781 4014 1962 4081 φονεῖς

367 4107 474 4158 τῶν
509 4105 654 4176 μετὰ
698 4105 861 4172 λόγου
910 4103 1204 4174 βιούντωνο
1252 4106 1301 4158 οἱ
1351 4104 1406 4157 δὲ
1443 4105 1581 4176 μετὰ
1625 4105 1784 4173 λόγου
1833 4105 1962 4176 βιώ-

371 4216 562 4262 σαντες
583 4199 683 4252 καὶ
712 4197 958 4268 βιοῦντες
989 4199 1306 4268 Χριστιανοὶ
1341 4198 1476 4270 (22),
1513 4199 1608 4251 καὶ
1630 4197 1842 4267 ἄφοϐοι,
1866 4199 1961 4252 καὶ

369 4293 638 4361 ἀτάραχοι
682 4291 1013 4361 ὑπάρχουσι.
1062 4292 1140 4342 Δι’
1179 4291 1244 4361 ἢν
1276 4291 1322 4344 δ’
1364 4291 1545 4344 αἰτίαν
1567 4290 1653 4344 διὰ
1679 4290 1960 4361 δυνάμεως

370 4385 461 4440 τοῦ
487 4386 650 4453 Μγου
676 4384 820 4437 κατὰ
842 4383 941 4452 τὴν
968 4382 1064 4434 τοῦ
1088 4383 1204 4434 Πατ
1214 4382 1302 4452 ρδς
1336 4383 1553 4435 πάντων
1575 4381 1669 4434 καὶ
1688 4382 1959 4434 Δεσπότου

371 4478 507 4532 Θεοῦ
535 4476 760 4547 βουλὴν,
793 4474 885 4527 διὰ
921 4474 1198 4546 Παρθένου
1223 4473 1506 4544 ἄνθρωπος
1525 4472 1832 4544 ἀπεκυήθη,
1865 4474 1961 4525 καὶ

381 4570 592 4641 Ἰησοῦς
612 4567 980 4638 ἐπωνομάσθη
997 4607 1011 4632 ,
1048 4567 1140 4619 καὶ
1175 4564 1507 4636 σταυρωθεὶς
1533 4564 1816 4619 ἀποθανὼν
1839 4565 1958 4617 ἀνέ-

440 4728 487 4758 ⁹⁸
527 4725 677 4781 Psal.
703 4740 818 4788 clx,
850 4724 956 4778 1-5.
1046 4723 1092 4754 ’°
1130 4738 1279 4777 num.
1313 4721 1350 4776 2
1377 4733 1430 4777 et
1452 4722 1535 4776 12.

2061 1976 2265 2032 cidere.
2313 1977 2470 2043 Quod
2524 1993 2656 2033 sane
2709 1980 2915 2034 nullum
2968 1981 3124 2036 nobis
3171 1982 3426 2036 damnum
3453 1982 3632 2050 an‘ert,

2062 2071 2216 2125 vobis
2239 2080 2419 2125 autem
2451 2087 2516 2127 ac
2535 2073 2789 2128 omnibus
2821 2072 3020 2140 injusto
3041 2074 3167 2127 odio
3203 2073 3634 2144 indulgentibtta,

2063 2177 2164 2216 nec
2193 2163 2572 2232 paenitentiam
2626 2167 2937 2235 agentibus,
2990 2176 3250 2221 aeternum
3303 2181 3401 2237 per
3453 2167 3636 2238 ignem

2063 2255 2390 2326 supplicium
2421 2257 2663 2316 coniicit.

2135 2438 2224 2492 46.
2248 2437 2324 2492 Ne
2350 2439 2438 2506 qui
2470 2448 2649 2493 autem
2678 2454 2706 2492 a
2734 2438 2947 2494 ratione
2972 2442 3312 2502 aberrantes,
3331 2441 3398 2496 ad
3423 2456 3486 2496 ea
3515 2456 3640 2512 qua

2062 2529 2351 2584 docuimus
2381 2529 2782 2598 detorquenda,
2801 2530 3082 2585 Christum
3105 2532 3292 2586 dicant
3314 2541 3444 2588 ante
3462 2548 3638 2588 annos

2062 2631 2280 2677 centum
2329 2634 2384 2677 et
2413 2625 2812 2694 quinquaginta
2863 2634 3051 2679 natum
3098 2641 3126 2680 a
3179 2626 3340 2682 nobis
3377 2627 3489 2681 dici
3537 2627 3639 2682 sub

2062 2714 2336 2784 Cyrenio,
2370 2731 2433 2771 ac
2471 2725 2594 2784 post
2647 2717 2779 2771 illud
2826 2725 3038 2787 tempus
3086 2733 3148 2772 ea
3196 2719 3481 2783 docuisse,
3515 2733 3638 2788 quae

2062 2809 2238 2877 ipsum
2265 2809 2516 2863 docuisse
2551 2809 2924 2872 dicimus,sub
2942 2811 3139 2866 Pontio
3163 2810 3368 2878 Pilato;
3406 2810 3639 2879 indeque

2063 2901 2325 2966 consequi
2349 2899 2628 2967 objiciant,
2650 2909 2708 2955 ut
2737 2902 2982 2956 insontes
3007 2903 3119 2956 sint
3145 2901 3398 2956 homines
3423 2886 3636 2968 omnes,

2063 2994 2153 3062 qui
2182 3003 2310 3048 ante
2340 2995 2471 3048 illud
2501 3006 2715 3064 tempus
2738 2995 2911 3060 fuere;
2933 2995 3286 3050 dubitationis
3304 2994 3637 3050 solutionem

2064 3087 2472 3155 occupabimus.
2508 3088 2788 3142 Christum
2833 3088 3258 3157 primogenitum
3294 3087 3386 3142 Dei
3424 3099 3547 3142 esse
3574 3102 3642 3144 ac

2064 3179 2333 3233 rationem
2378 3179 2525 3234 illam
2555 3220 2570 3244 ,
2604 3179 2760 3250 cujus
2790 3196 2953 3236 omne
2986 3180 3268 3234 hominum
3303 3193 3482 3250 genus
3507 3195 3640 3250 par-

2067 3272 2240 3340 ticeps
2265 3283 2422 3336 erat,
2472 3273 2765 3328 didicimus
2786 3314 2800 3337 ,
2829 3282 2885 3328 et
2927 3287 3090 3342 supra
3115 3271 3540 3327 declaravimus.
3573 3273 3642 3328 Et

2066 3363 2158 3433 qui
2187 3378 2310 3418 cum
2338 3365 2555 3419 ratione
2579 3366 2877 3430 vixerunt,
2905 3365 3204 3420 Christiani
3226 3374 3352 3419 sunt
3377 3403 3394 3429 ,
3416 3365 3639 3420 etiamsi

2065 3455 2210 3509 athei
2257 3456 2555 3510 existimati
2603 3457 2745 3522 sint;
2795 3455 2984 3524 quales
3028 3457 3168 3526 apud
3216 3455 3436 3512 Graacos
3483 3455 3638 3510 fuere

2063 3545 2318 3605 Socrates
2389 3559 2445 3603 et
2507 3547 2844 3613 Heraclitus;
2916 3547 3059 3617 apud
3126 3546 3392 3602 barbaros
3452 3558 3640 3601 autem

2063 3644 2340 3700 Abraham
2363 3683 2377 3705 ,
2405 3643 2678 3706 Ananias,
2727 3640 2954 3694 Azarias
2975 3681 2990 3706 ,
3041 3638 3226 3694 Misael
3264 3649 3319 3694 et
3348 3640 3492 3694 Elias
3511 3665 3543 3705 ,η
3573 3655 3640 3696 ac

2065 3736 2220 3789 multi
2251 3734 2340 3787 alii
2375 3749 2607 3801 quorum
2638 3733 2949 3788 actionibus
2978 3742 3074 3786 aut
3102 3731 3416 3787 nominibus
3447 3744 3637 3787 recen-

2066 3826 2270 3891 sendis,
2303 3824 2430 3895 quia
2477 3824 2699 3894 longum
2742 3824 2795 3878 id
2840 3839 2960 3878 esse
2998 3824 3220 3889 scimus,
3251 3837 3398 3876 nunc
3437 3835 3631 3892 super-

2066 3919 2338 3973 sedemus.
2369 3916 2635 3984 Similiter
2659 3917 2750 3986 qui
2787 3915 2916 3970 olim
2957 3915 3164 3982 absque
3187 3913 3398 3967 ratione
3424 3913 3614 3968 vixere

2066 4009 2302 4078 improbi
2344 4018 2398 4063 et
2426 4008 2654 4063 Christo
2703 4007 2913 4061 inimici
2960 4005 3113 4059 fuere
3139 4044 3154 4067 ,
3183 4013 3238 4058 et
3267 4019 3458 4058 eorum
3482 4045 3498 4070 ,
3541 4005 3637 4072 qui

2065 4117 2188 4156 cum
2221 4101 2437 4155 ratione
2463 4101 2739 4164 vivebant,
2771 4099 3078 4171 homicidae.
3110 4098 3211 4164 Qui
3238 4111 3366 4152 vero
3393 4111 3520 4152 cum
3549 4111 3639 4150 ra-

2069 4193 2216 4246 tione
2239 4192 2497 4245 vixeruut
2523 4202 2575 4244 et
2600 4190 2791 4243 vivunt
2812 4228 2828 4254 ,
2859 4189 3155 4244 Christiani
3190 4197 3318 4242 sunt
3347 4196 3509 4257 atque
3529 4186 3635 4242 im—

2066 4284 2244 4354 pavidi
2293 4293 2346 4337 et
2393 4283 2675 4351 intrepidi.
2723 4283 2895 4349 Quam
2941 4291 3126 4336 autem
3163 4283 3233 4337 ob
3280 4295 3501 4335 causam
3538 4293 3638 4348 per

2066 4381 2322 4433 virtutem
2368 4378 2531 4433 Verbi
2575 4378 2876 4433 secundum
2921 4376 3104 4430 Patris
3150 4377 3531 4430 universorum
3581 4381 3638 4427 et

2068 4471 2286 4525 Domini
2339 4471 2435 4525 Dei
2477 4471 2812 4525 voluntatem
2849 4484 2916 4524 ex
2947 4468 3171 4536 Virgine
3220 4467 3437 4538 genitus
3479 4467 3548 4521 sit
3580 4475 3638 4520 et

2066 4560 2227 4619 Jesus
2271 4563 2712 4634 cognominatus,
2759 4575 2824 4616 ac
2857 4560 3154 4616 cruciﬁxus
3181 4571 3238 4616 et
3267 4566 3516 4614 mortuus
3548 4571 3636 4612 re-

443 4881 561 4949 (tﬁ)
617 4880 742 4949 Τὴν
773 4881 1158 4946 ἐπικύρωσιν.
1207 4877 1517 4949 Legendum
1573 4891 1695 4931 esse
1748 4873 1950 4949 ἐπιπύ-

2068 4873 2237 4949 --(20)
2291 4869 2706 4949 Ἐπικαλῶσιν.
2741 4868 2818 4949 Β..
2842 4867 3034 4949 Steph.
3063 4869 3131 4949 ad
3148 4867 3368 4949 calcem
3392 4876 3446 4925 et
3467 4870 3639 4949 codex

461 4972 543 5008 τιν
576 4948 892 5006 observavit
916 4950 1108 5005 Billius
1139 4950 1232 5004 lib.
1251 4965 1289 5002 ll
1321 4948 1539 5002 Obseru.
1565 4964 1727 5005 ιαεν..
1753 4961 1872 5014 cap.
1895 4948 1950 5010 6,

378 5015 541 5095 idque
593 5026 789 5092 prohat
839 5038 907 5077 ex
959 5022 1084 5075 aliis
1131 5020 1292 5095 locis,
1338 5019 1395 5095 in
1457 5018 1656 5095 quibus
1704 5015 1953 5095 Justinus

377 5086 521 5151 hanc
557 5086 749 5147 vocent
780 5103 1025 5160 usurpat,
1062 5105 1253 5158 nempe
1281 5089 1444 5159 hujus
1487 5087 1646 5156 Apol.
1679 5103 1736 5142 ιι.
1787 5086 1855 5140 57
1901 5094 1957 5140 ει

375 5167 465 5230 60,
499 5177 555 5220 et
585 5164 743 5228 Apol.
780 5163 836 5226 2,
871 5180 924 5214 n.
967 5163 1021 5215 6.

448 5227 562 5306 (17)
588 5235 818 5306 Καίαερ
848 5231 1127 5306 θανᾴτσυ.
1183 5231 1472 5287 Prtemittit
1508 5229 1623 5306 καί
1666 5238 1792 5283 ante
1838 5227 1956 5281 hate

376 5304 544 5363 verba
574 5305 872 5364 Thirlhius,
907 5304 988 5356 vel
1019 5306 1178 5371 paulo
1203 5313 1322 5372 post
1346 5311 1471 5355 ante
1494 5304 1674 5372 ἡμεῖς.

447 5377 564 5447 (l8)
604 5368 1219 5447 Ἀποτροπήῃίιιιθηί
1265 5372 1393 5442 legit
1449 5368 1797 5447 άνᾴτροπὴν,
1862 5368 1957 5422 sed

379 5441 608 5518 prorsus
645 5444 1049 5518 mendose._llis
1073 5447 1217 5518 enim
1244 5441 1489 5518 occurrit
1516 5441 1764 5518 Justinus
1788 5480 1804 5504 ,
1833 5453 1956 5518 qua:

377 5509 446 5572 'ad
495 5518 877 5584 detorquenda
909 5514 1060 5570 illius
1091 5515 1237 5569 dicta
1275 5513 1447 5582 magis
1473 5529 1634 5583 quam
1684 5511 1754 5565 ad
1791 5509 1953 5564 refel-

377 5590 534 5644 lenda
559 5587 905 5655 spectabant.

451 5651 874 5729 “ill-Numerus
906 5655 1194 5729 rotundus.
1227 5651 1496 5729 Similiter
1521 5653 1614 5707 alii
1650 5654 1862 5729 Patres,
1895 5659 1958 5705 ut

377 5723 760 5784 Tertu'llianus
784 5727 852 5778 ad
884 5728 1128 5781 nationes
1157 5741 1262 5787 t,c.
1285 5723 1315 5775 7
1340 5739 1355 5774 :
1384 5723 1560 5792 Igitur
1586 5723 1731 5777 artati
1762 5732 1956 5774 nostra:

381 5801 618 5853 nondum
645 5799 770 5850 anni
801 5813 934 5861 CCL;
970 5798 1064 5850 sed
1092 5795 1250 5864 paulo
1277 5803 1482 5863 post,.c.
1501 5793 1534 5848 9
1558 5813 1570 5847 :
1591 5792 1658 5847 Ut
1677 5807 1862 5864 supra,
1885 5794 1959 5844 in-

381 5872 520 5941 quit,
534 5870 823 5934 edidimus,
839 5859 1233 5940 nuntiandum:
1253 5859 1480 5919 nondum
1498 5865 1624 5920 anui
1641 5859 1756 5919 ccc.
1777 5859 1955 5917 Or'ro.

2057 4938 2517 4998 Clarumontanus
2549 4942 2614 4995 ad
2649 4941 2949 5010 marginem
2976 4938 3292 4992 ἐπικλῶσιν.
3319 4939 3436 4993 Non
3464 4943 3638 5010 magis

2058 5014 2368 5068 necessaria
2403 5011 2571 5080 Langi
2604 5011 2936 5070 emendatio,
2977 5011 3066 5078 qui
3099 5011 3204 5079 legi
3239 5026 3398 5080 posse
3435 5011 3631 5066 existi-

2060 5095 2195 5147 mat,
2227 5083 2501 5151 ἐγκαλῶσι
2543 5084 2813 5143 incusent,
2845 5080 3124 5151 objiciunt.

2134 5153 2244 5224 (21)
2273 5150 2276 5151 ⁷
2303 5152 2808 5224 Προεμηνύσαμεν
2865 5150 3051 5219 λόγον
3099 5150 3260 5224 ὄντα.
3323 5150 3442 5206 .lam
3495 5165 3638 5224 ετξ-ρο

2068 5221 2320 5280 Justinus
2348 5221 2414 5280 de
2443 5221 2620 5277 Verbo
2652 5223 2867 5276 locutus
2895 5231 2978 5276 est
2997 5236 3013 5286 ;
3033 5221 3306 5290 praecipue
3335 5237 3466 5276 vero
3500 5241 3552 5274 ιι.
3578 5222 3634 5285 5,

2064 5297 2156 5359 ω,
2191 5295 2280 5357 12,
2309 5295 2399 5357 23,
2435 5294 2519 5348 52.
2552 5292 2658 5347 Sed
2686 5293 2960 5347 Christum
2999 5307 3119 5344 esse
3155 5292 3423 5346 rationem
3465 5293 3637 5356 illam,

2065 5367 2220 5433 cujus
2255 5381 2444 5419 omnes
2473 5365 2719 5418 homines
2751 5371 2876 5416 sunt
2899 5363 3200 5433 participes
3232 5363 3509 5432 praecipue
3534 5364 3638 5417 do-

2063 5431 2152 5493 cet
2181 5437 2232 5489 in
2261 5435 2518 5504 Apologia
2552 5435 2787 5487 secunda
2815 5432 2926 5504 n._7
2957 5441 3012 5483 et

2133 5506 2242 5578 (22)
2283 5500 2624 5578 Χριστιανοί
2661 5507 2806 5578 Δεἱσι.
2853 5500 2968 5578 Non
3007 5502 3239 5578 obscura
3273 5513 3357 5558 est
3387 5502 3446 5558 S.
3493 5518 3640 5578 mar:

2061 5572 2200 5650 tyris
2226 5572 2548 5638 sententia,
2580 5575 2675 5628 sed
2702 5574 2831 5642 quia
2877 5572 3356 5650 illam_ohscurare
3388 5572 3640 5650 nonnnlli

2063 5640 2370 5710 téntarunt,
2406 5660 2595 5700 eorum
2628 5640 2930 5697 commenta
2960 5640 3282 5697 refelluntur
3327 5645 3379 5697 in
3429 5643 3637 5697 Prefa-

2066 5721 2235 5774 tione.
2272 5719 2421 5784 Quod
2457 5728 2639 5767 autem
2691 5713 2931 5784 nonnulli
2973 5711 3260 5781 legendum
3307 5724 3500 5783 putant
3535 5715 3638 5768 hoc

2066 5792 2229 5846 etiam
2254 5782 2372 5844 loco
2407 5782 2765 5855 Χρηστιανοί,
2789 5783 2843 5839 id
2873 5798 3033 5853 supra
3057 5782 3394 5854 explosiuius
3422 5800 3478 5838 ιι.
3510 5785 3569 5840 4.
