4006 6254
369 379 474 436 399

1331 379 1387 436 S.
1424 378 1690 436 JUSTINI
1723 379 2134 439 PHILOSOPHI
2168 382 2256 440 ET
2293 383 2648 440 MARTYRIS

3526 388 3636 444 ιοο

369 496 612 554 surrexit
639 494 767 550 etin
795 510 996 552 cura...
1025 492 1273 558 redierit,
1305 491 1466 548 facile
1491 510 1554 549 ex
1592 494 1697 557 his,
1719 510 1840 564 quae
1867 503 1942 550 tot

2053 512 2151 566 στη
2179 537 2192 562 ,
2223 497 2321 552 καὶ
2349 498 2669 570 ἀνελήλυθεν
2698 500 2777 562 εἰς
2805 499 3039 571 οὐρανὸν
3064 540 3078 564 ,
3104 500 3169 554 ὲκ
3195 501 3301 554 τῶν
3330 500 3420 555 διὰ
3445 501 3637 557 τοσού-

369 589 552 644 verbis
598 587 999 650 disseruimus,
1049 585 1134 638 vir
1173 583 1412 652 prudens
1457 584 1745 654 intelligat.
1790 585 1946 641 Nunc

369 689 552 734 autem
584 694 708 733 cum
751 679 934 732 minus
978 676 1291 732 necessaria
1320 676 1392 730 sit
1427 676 1587 744 hujus
1613 678 1688 731 rei
1721 677 1948 732 demon-

368 770 584 835 Stratio,
633 769 700 823 ad
737 783 800 824 ea
849 784 968 837 qua:
1018 768 1193 838 magis
1246 776 1476 837 urgent,
1522 766 1944 822 demonstranda

371 865 800 935 progrediamur.

438 959 531 1011 47.
573 956 727 1024 Quod
757 969 887 1024 ergo
921 954 1048 1008 illud
1079 954 1248 1008 etiam
1296 954 1536 1008 futurum
1566 963 1718 1016 erat,
1759 965 1815 1009 ut
1845 953 1943 1010 Ju-

368 1051 610 1105 daeorum
663 1060 810 1103 terra
857 1057 1211 1113 vaStaretur;
1245 1049 1427 1103 audite
1456 1049 1586 1118 quid
1625 1049 1768 1102 dicat
1815 1064 1944 1118 pro-

369 1145 617 1217 pheticus
650 1143 912 1213 Spiritus.
949 1141 1089 1196 Sunt
1141 1152 1322 1194 autem
1357 1142 1520 1195 verba
1553 1141 1699 1194 velut
1725 1157 1788 1195 ex
1822 1158 1945 1210 per-

370 1254 501 1294 sona
539 1238 860 1307 populorum
892 1235 981 1298 id,
1026 1237 1171 1303 quod
1206 1233 1519 1297 acciderat,
1557 1232 1942 1287 admirantium

370 1331 436 1384 ad
470 1331 616 1383 hunc
672 1330 886 1383 modum
919 1340 1178 1396 expressa
1209 1341 1223 1378 :
1253 1323 1467 1378 Deserta
1501 1323 1644 1392 facta
1674 1333 1747 1376 est
1786 1321 1940 1386 Sion,

368 1436 616 1494 tanquam
663 1423 905 1476 desolata
939 1421 1086 1490 facta
1125 1427 1201 1472 est
1247 1417 1579 1470 Hierusalem
1616 1429 1635 1468 :
1677 1418 1732 1469 in
1778 1419 1942 1470 male-

367 1517 648 1571 dictionem
680 1517 867 1567 domus
891 1554 905 1579 ,
951 1510 1317 1566 sanctuarium
1362 1521 1598 1563 nostrum
1622 1523 1641 1561 .'
1670 1517 1718 1562 et
1748 1507 1940 1578 gloria,

366 1609 450 1662 cui
492 1607 863 1660 benedixerunt
910 1613 1084 1672 patres
1129 1601 1335 1665 nostri,
1368 1600 1510 1668 facta
1544 1611 1618 1653 est
1659 1601 1767 1669 igni
1799 1615 1943 1652 com-

367 1704 517 1752 busta
539 1735 554 1762 ,
584 1706 632 1750 et
674 1696 850 1750 omnia
881 1693 1110 1764 gloriosa
1149 1692 1264 1762 ejus
1288 1691 1650 1745 conciderunt.
1681 1690 1750 1744 Et
1787 1706 1942 1758 super

366 1790 605 1843 omnibus
635 1788 716 1842 his
761 1785 1090 1848 sustinuisti,
1122 1792 1173 1837 et
1199 1782 1412 1836 tacuiin
1443 1798 1491 1836 et
1527 1781 1820 1835 humiliasti
1847 1797 1938 1834 nos

2049 606 2156 642 των
2198 590 2505 662 εἰρημένων
2559 593 2587 643 ὁ
2645 591 2896 662 νουνεχὴς
2938 591 3264 645 καταλαϐεῖν
3323 591 3634 662 δυνήσεται.

2063 679 2252 749 Ἡμεῖς
2291 681 2378 745 δὲ,
2421 681 2521 734 οὐκ
2546 682 2843 748 ἀναγκαίου
2874 681 3028 745 ὄντος
3062 682 3226 736 τανῦν
3250 683 3344 736 τοῦ
3369 683 3496 754 περὶ
3533 684 3599 756 τῆ
3605 701 3633 748 ς

2050 772 2375 840 ἀποδείξεως
2411 773 2599 826 τούτου
2623 773 2814 842 λόγου,
2857 775 2949 827 ἐπὶ
2989 775 3088 839 τὰς
3125 776 3451 844 ἐπειγούσας
3491 777 3621 830 dm-

2047 856 2244 924 δείξεις
2274 860 2410 932 πρὸς
2432 861 2491 914 τὸ
2521 862 2696 933 παρὸν
2730 865 3088 934 χωρήσωμεν.

2117 949 2209 1003 47.
2266 951 2390 1004 Ὅτι
2417 948 2510 1004 οὖν
2540 951 2634 1005 καὶ
2664 953 3224 1026 ἐκπορθηθήσεσθαιή
3256 955 3328 1025 γῆ
3363 956 3631 1010 Ἰουδαίων

2049 1039 2270 1112 ἔμελλεν
2291 1083 2305 1108 ,
2334 1043 2601 1098 ἀκούσατε
2633 1044 2744 1097 τῶν
2775 1046 3076 1116 εἰρημένων
3099 1047 3205 1099 ὑπὸ
3245 1048 3337 1101 τοῦ
3363 1066 3623 1120 προφητι·

2047 1131 2145 1186 κοῦ
2178 1133 2511 1204 Πνεύματος.
2545 1135 2806 1207 Εἴρηνται
2834 1136 2891 1188 δὲ
2918 1138 2966 1188 οἱ
3008 1136 3154 1206 λόγοι
3175 1136 3250 1202 ὡς
3275 1138 3382 1192 ἀπὸ
3410 1136 3623 1209 προσώ-

2046 1240 2148 1276 που
2183 1222 2327 1278 λαῶν
2352 1225 2742 1296 θαυμαζόντων
2769 1227 2838 1280 τὰ
2863 1229 3224 1299 γεγενημένα.
3256 1230 3376 1282 Εἰσὶ
3401 1231 3456 1283 δὲ
3482 1231 3590 1285 οἵδε
3607 1246 3624 1261 ⁶

2060 1317 2334 1387 Ἐγενήθη
2367 1319 2583 1388 ἕρημος
2625 1321 2808 1385 Σιὼν,
2851 1323 2932 1388 ὡς
2985 1323 3202 1392 ἕρημος
3233 1322 3483 1392 ἐγενήθη
3525 1325 3624 1378 Ἰε-

2040 1408 2369 1477 ρουσαλήμ
2392 1427 2404 1439 ο
2441 1414 2529 1477 εἱς
2557 1412 2823 1481 κατάραν
2851 1416 2882 1466 ὁ
2917 1409 3100 1479 οἶκος,
3126 1413 3190 1467 τὸ
3221 1413 3391 1482 ἄτιον
3421 1413 3622 1483 ἡμῶν-⁸

2054 1510 2152 1563 καὶ
2187 1511 2224 1578 ἡ
2258 1509 2409 1575 δόξα
2441 1510 2520 1579 ἣν
2541 1515 2890 1583 εὐλόγησαν
2915 1516 2968 1568 ol
3002 1513 3251 1581 πατέρες
3283 1512 3469 1582 ἡμῶν,
3497 1513 3625 1581 ἐγε-

2041 1604 2196 1674 νήθη
2243 1608 2684 1675 πυρίκαυστος·
2722 1612 2819 1664 καὶ
2858 1610 3053 1663 πάντα
3085 1610 3158 1663 τὰ
3187 1608 3405 1674 ἔνδοξα
3435 1609 3626 1678 αὐτῆς

2042 1699 2364 1754 συνέπεσε.
2392 1702 2504 1754 Καὶ
2535 1701 2634 1754 ἐπὶ
2656 1705 2887 1769 τούτοις
2919 1702 3208 1771 ἀνέσχου,
3237 1701 3337 1755 καὶ
3366 1700 3625 1769 ἐσιώπη-

2043 1803 2178 1853 σας,
2214 1789 2312 1842 καὶ
2343 1791 2752 1856 ἐταπείνωσας
2779 1792 2936 1860 ἡμᾶς
2965 1791 3220 1860 σφόδρα.
3242 1793 3353 1846 Καὶ
3381 1793 3462 1845 ὅτι
3488 1792 3627 1862 ἠρή-

364 1881 514 1934 ualde
534 1879 602 1934 ⁸⁷.
631 1879 802 1933 Porro
825 1875 1166 1932 Hierusalem
1193 1875 1246 1927 in
1281 1873 1631 1928 solitudinem
1665 1875 1939 1928 redactam

2052 1900 2194 1952 μωτο
2245 1882 2354 1957 (‘25)
2387 1884 2772 1956 Ἰερουσαλὴμ,
2811 1885 2886 1949 ὡς
2932 1885 3225 1956 προείρητο
3266 1883 3625 1954 γεγενῆσθαι,

366 1972 572 2040 fuisse,
622 1974 764 2028 sicut
797 1972 1119 2042 prmdietum
1156 1968 1368 2031 fuerat,
1416 1982 1737 2038 persuasum
1787 1967 1940 2020 vobis

364 2075 467 2119 est.
505 2064 657 2118 Illam
686 2072 868 2117 autem
909 2062 962 2115 in
999 2060 1351 2116 solitudinem
1381 2059 1664 2114 redactum
1713 2057 1802 2124 iri,
1838 2073 1941 2113 nec

367 2159 618 2227 cuiquam
648 2155 862 2228 illorum
895 2153 1226 2223 permissum
1286 2151 1353 2205 iri
1383 2165 1503 2205 eam
1550 2149 1810 2217 incolere,
1862 2151 1940 2205 sic

365 2264 466 2315 per
491 2249 681 2303 Isaiam
712 2246 1033 2316 prophetam
1063 2244 1269 2298 dictum
1298 2251 1382 2296 est
1408 2259 1422 2296 :
1452 2242 1615 2297 Terra
1639 2259 1821 2297 eorum
1849 2243 1942 2295 do-

366 2352 504 2394 serta
533 2355 550 2392 :
581 2341 634 2392 in
663 2349 942 2408 conspectu
964 2355 1148 2392 eorum
1193 2339 1395 2391 inimici
1423 2351 1604 2390 eorum
1637 2337 1806 2404 ipsam
1848 2351 1940 2388 co-

366 2432 614 2496 medunt,-
658 2441 707 2485 et
745 2447 851 2486 non
879 2432 977 2484 erit
1007 2447 1073 2485 ex
1116 2430 1224 2484 illis
1254 2432 1503 2484 habitans
1542 2429 1598 2482 in
1644 2445 1706 2482 ea
1729 2428 1795 2481 νε.
1833 2426 1940 2481 Ca-

303 2560 317 2566 -
365 2537 492 2577 vere
543 2531 722 2576 autem
775 2537 873 2577 vos
919 2537 988 2577 ne
1038 2522 1163 2590 quis
1213 2519 1434 2575 Judaeus
1487 2521 1540 2574 in
1589 2535 1655 2574 ea
1705 2519 1816 2584 sit,
1878 2533 1942 2572 ac

365 2624 595 2669 mortem
625 2613 948 2683 ingredienti
978 2612 1190 2678 Iudaeo,
1241 2614 1286 2668 si
1317 2612 1783 2680 deprehendatur,
1812 2625 1943 2666 con-

365 2711 614 2763 stitutam
646 2723 793 2774 esse,
829 2706 1090 2776 praeclare
1118 2708 1317 2762 nostis.

437 2802 543 2872 72
567 2800 656 2856 48.
691 2801 871 2869 Atque
895 2799 1028 2854 illud
1058 2801 1229 2855 etiam
1259 2797 1576 2868 praedictum
1603 2810 1724 2852 esse
1743 2836 1760 2859 ,
1785 2795 1942 2851 Chri-

367 2905 508 2952 stum
553 2905 800 2948 nostrum
852 2894 1074 2948 morbos
1105 2908 1298 2948 Omnes
1348 2903 1671 2946 curaturum
1703 2903 1759 2945 et
1790 2905 1941 2944 mor-

366 2999 488 3043 tuos
511 2988 899 3052 excitaturum,
928 3001 996 3041 ex
1033 2988 1116 3041 his
1142 2986 1328 3041 verbis
1364 2983 1550 3039 audite
1579 3001 1594 3037 :
1621 2982 1688 3036 In
1715 2984 1943 3037 adventu

365 3083 482 3152 ejus
505 3081 656 3136 saliet
688 3080 913 3134 claudus
937 3080 1073 3135 sicut
1105 3094 1282 3134 cervus
1312 3089 1359 3132 et
1387 3079 1584 3131 diserta
1617 3077 1714 3130 erit
1756 3076 1941 3144 lingua

366 3187 670 3240 mutarunt;
719 3175 843 3229 caeci
886 3174 1162 3237 videbunt,
1203 3182 1251 3224 et
1281 3171 1474 3240 leprosi
1521 3170 1940 3234 mandabantur,

365 3279 417 3324 et
451 3271 649 3324 mortui
679 3277 952 3338 resurgent
981 3276 1030 3320 et
1072 3263 1416 3320 ambulabunt
1446 3263 1518 3318 θ’.
1553 3263 1683 3328 Quae
1723 3261 1939 3331 quidem

369 3365 438 3419 ab
489 3380 556 3420 eo
602 3362 746 3418 facta
794 3377 916 3417 esse
960 3375 1027 3416 ex
1083 3359 1344 3415 confectis
1393 3359 1494 3412 sub
1533 3355 1726 3411 Pontio
1769 3354 1941 3407 Pilato

366 3457 516 3513 Actis
558 3459 770 3512 discere
815 3456 1066 3526 potestis.
1119 3454 1236 3522 Quo
1283 3453 1448 3506 etiam
1495 3450 1652 3502 modo
1705 3445 1941 3514 Spiritus

366 3551 716 3620 propheticus
743 3564 870 3604 eum
915 3563 1040 3601 eum
1091 3543 1403 3600 hominibus
1431 3541 1484 3594 in
1512 3555 1635 3592 eum
1670 3537 1939 3606 speranti.

364 3646 466 3700 bus
499 3644 740 3699 occisum
790 3643 855 3696 iri
903 3641 1261 3710 praedixerit,
1309 3638 1496 3691 audite
1551 3636 1705 3690 Isaiae
1755 3637 1938 3699 verba,

364 3755 485 3810 quae
527 3740 607 3793 sic
656 3739 900 3791 habent:
945 3736 1080 3789 Ecce
1126 3735 1389 3803 quomodo
1445 3732 1597 3801 periit
1637 3732 1842 3800 justus,
1890 3739 1940 3783 et

365 3849 515 3886 nemo
547 3831 763 3900 percipit
810 3831 967 3883 corde
996 3846 1013 3883 :
1046 3840 1093 3882 et
1123 3830 1220 3882 viri
1243 3828 1382 3896 justi
1410 3825 1691 3888 tolluntur,
1718 3835 1764 3876 et
1791 3840 1939 3876 nemo

364 3926 684 3979 considerat.
726 3923 770 3976 A
801 3925 934 3993 [acie
963 3921 1246 3990 injustitiw
1273 3917 1512 3972 sublatus
1539 3926 1613 3969 est
1634 3916 1812 3984 justus
1833 3953 1847 3978 ,
1891 3923 1938 3968 et

363 4018 460 4070 erit
488 4017 541 4069 in
569 4031 695 4084 pace
731 4014 1001 4082 sepultura
1023 4012 1159 4080 ejus,
1184 4007 1422 4062 sublatus
1449 4016 1526 4060 est
1549 4021 1577 4058 e
1599 4006 1768 4058 medio
1791 4004 1828 4058 ί.

2044 1975 2400 2046 πεπεισμένοι
2432 1977 2574 2029 ἐστέ.
2622 1976 2854 2048 Εἴρηται
2883 1976 2940 2030 δὲ
2978 1979 3072 2030 καὶ
3108 1977 3235 2048 περὶ
3271 1976 3372 2046 τῆς
3403 1977 3625 2048 ἐρημώ-

2045 2087 2181 2134 σεως
2202 2069 2405 2139 αὐτῆς,
2431 2070 2523 2122 καὶ
2555 2067 2794 2138 περὶτοῦ
2821 2069 2892 2140 μὴ
2924 2070 3393 2142 ὲπιτραπήσεσθαι
3423 2070 3628 2141 μηδένα

2044 2159 2224 2213 αὐτῶν
2265 2162 2454 2223 οἰκεῖν,
2499 2158 2587 2211 διὰ
2618 2157 2839 2211 Ἡσαΐου
2882 2157 2977 2211 τοῦ
3019 2161 3294 2230 προφήτου
3329 2159 3533 2224 οὕτως·
3569 2159 3634 2215 Ἡ

2042 2250 2118 2319 τῆ
2163 2249 2360 2304 αὐτῶν
2397 2251 2646 2319 ἕρημος-
2694 2248 3033 2316 ἔμπροσθεν
3076 2249 3274 2303 αὐτῶν
3321 2252 3374 2303 oi
3431 2249 3635 2319 ἐχθροὶ

2042 2342 2242 2395 αὐτῶν
2269 2341 2462 2409 αὐτὴν
2494 2341 2780 2411 φάγονται
2808 2381 2823 2404 ,
2871 2341 2970 2394 καὶ
3021 2345 3133 2394 οὐκ
3173 2341 3347 2394 ἔσται
3396 2341 3508 2413 (24)
3559 2341 3632 2406 ἐξ

2042 2433 2241 2488 αὐτῶν
2270 2437 2301 2488 ὀ
2328 2433 2621 2487 κατοικῶν
2646 2433 2715 2486 ἐν
2741 2431 2915 2500 αὐτῇ.
2938 2431 3062 2484 ’Ότι
3089 2431 3145 2484 δὲ
3181 2431 3508 2502 φυλάσσεται
3539 2433 3630 2502 ὑφ’

2043 2527 2220 2598 ὑμῶν,
2239 2527 2388 2590 ὅπως
2415 2527 2604 2597 μηδεὶς
2642 2529 2699 2580 ὲν
2722 2527 2859 2596 αὐτῇ
2879 2525 3123 2596 γένηται,
3145 2524 3238 2577 καὶ
3268 2525 3495 2588 θάνατος
3515 2525 3629 2596 (25)

2043 2619 2183 2672 κατὰ
2207 2618 2302 2672 τοῦ
2332 2617 2884 2689 καταλαμϐανομένου
2922 2617 3178 2673 Ἰουδαίου
3207 2617 3466 2681 εἰσιόντος
3499 2616 3630 2688 ὥρι-

2045 2726 2201 2774 σται,
2236 2707 2480 2780 ἀκριϐῶς
2519 2707 2814 2761 ἐπίστασθε
2850 2707 2982 2778 (‘26).

2113 2801 2204 2856 48.
2248 2801 2370 2854 Ὅτι
2411 2800 2468 2854 δὲ
2515 2800 2609 2853 καὶ
2654 2799 3010 2872 θεραπεύσειν
3059 2800 3240 2862 πάσας
3282 2797 3500 2860 νόσους,
3536 2796 3631 2852 καὶ

2043 2894 2274 2966 νεκροὺς
2303 2894 2583 2963 ἁνεγερεῖν
2611 2894 2639 2945 ὁ
2659 2892 2924 2963 ἡμέτερος
2958 2892 3191 2964 Χριστὸς
3224 2888 3628 2961 προεφητεύθη,

2047 2987 2321 3042 ἀκούσατε
2349 2985 2458 3038 τῶν
2490 2984 2848 3054 λελεγμένων.
2878 2986 3033 3037 Ἐστι
3059 2983 3116 3036 δὲ
3143 2982 3313 3036 ταῦτα
3333 2998 3349 3013 ⁶
3384 2980 3464 3050 Τῇ
3486 2997 3635 3049 παρ-

2043 3082 2223 3148 ουσίᾳ
2285 3079 2472 3134 αὐτοῦ
2542 3077 2771 3132 εἱλεῖται
2829 3076 3026 3146 χωλὸς
3075 3077 3155 3142 ὡς
3211 3076 3475 3144 ἔλαφος,
3529 3075 3630 3128 καί

2043 3173 2232 3242 τρανὴ
2277 3173 2450 3227 ἔσται
2499 3169 2752 3240 γλῶσσα
2791 3167 3166 3238 μογιλάλωνο
3220 3168 3435 3237 τυφλοὶ
3482 3168 3632 3221 ἀναν-

2045 3266 2345 3334 ϐλέψουσι
2365 3303 2380 3327 ,
2415 3266 2513 3318 καὶ
2542 3264 2751 3332 λεπροὶ
2795 3260 3357 3330 καθαρισθήσονται,
3407 3259 3508 3314 καὶ
3537 3277 3633 3313 νε-

2046 3360 2172 3428 κροὶ
2198 3356 2646 3424 ἀναστήσονται
2667 3396 2680 3419 ,
2726 3356 2825 3409 καὶ
2856 3355 3390 3424 περιπατήσουσιν.
3418 3354 3538 3407 ’Ότι
3570 3370 3630 3405 τε

2045 3451 2219 3507 ταῦτα
2263 3451 2518 3521 εποίησεν
2538 3490 2550 3512 ,
2593 3452 2656 3503 ὲκ
2693 3449 2800 3502 τῶν
2833 3450 2925 3502 ἐπὶ
2958 3449 3181 3502 Ποντίου
3215 3447 3446 3501 Πιλάτου
3479 3464 3632 3514 γενο-

2052 3546 2228 3617 μένων
2256 3542 2406 3613 αὐτῷ
2441 3542 2552 3612 (‘27)
2598 3541 2788 3612 μαθεῖν
2816 3540 3066 3596 δύνασθε,
3106 3539 3230 3602 Πῶς
3255 3556 3314 3591 τε
3343 3538 3633 3609 προμεμή-

2048 3653 2200 3689 νυται
2226 3635 2330 3688 ὑπὸ
2360 3633 2454 3686 τοῦ
2491 3629 2829 3703 προφητικοῦ
2858 3628 3175 3698 Πνεύματος
3207 3625 3633 3698 ἁναιρεθησόμε-

2049 3745 2138 3791 νος
2171 3727 2287 3798 ἅμα
2314 3727 2426 3789 τοῖς
2452 3727 2538 3779 ἐπ’
2567 3722 2729 3777 αὐτὸν
2760 3721 3068 3786 ἐλπίζουσιν
3090 3719 3397 3791 ἀνθρώποις
3417 3760 3432 3784 ,
3465 3716 3630 3771 ἀκούο

2050 3838 2179 3873 σατε
2227 3818 2337 3874 τῶν
2380 3817 2680 3888 λεχθέντων
2720 3812 2810 3868 διὰ
2850 3813 3090 3867 Ἡσαΐου.
3140 3815 3294 3866 Ἔστι
3325 3812 3380 3864 δὲ
3423 3810 3627 3863 ταῦτα*

2052 3912 2164 3966 Ἴδε
2201 3913 2282 3978 ὡς
2312 3914 2341 3964 ὁ
2376 3912 2607 3975 δίκαιος
2639 3905 2907 3963 ἀπώλετο
2927 3947 2940 3970 ,
2976 3907 3072 3960 καί
3099 3905 3297 3971 οὐδεὶς
3327 3902 3631 3971 ἐκδέχεται

2046 4004 2123 4074 τῇ
2151 4005 2395 4073 καρδίᾳσ
2430 4004 2526 4056 καὶ
2556 4001 2772 4069 ἄνδρες
2802 3999 3018 4053 δίκαιοι
3047 3998 3315 4066 αἴρονται
3335 4035 3350 4060 ,
3390 3994 3489 4049 καὶ
3529 3997 3631 4049 οὐ-

362 4109 487 4175 δεὶς
515 4106 810 4161 κατανοεῖ.
865 4106 996 4158 Ἀπὸ
1040 4098 1362 4170 προσώπου
1408 4099 1644 4164 ἀδικίας
1684 4094 1856 4168 ἦρται
1904 4099 1936 4151 ὁ
1973 4096 2223 4165 δίκαιος,
2286 4098 2384 4151 καὶ
2409 4098 2577 4151 ἔσται
2603 4095 2673 4148 ἐν
2710 4092 2917 4162 εἰρήνῃ
2941 4094 2977 4160 ἡ
3008 4091 3164 4162 ταφὴ
3195 4090 3402 4155 αὐτοῦ,
3459 4084 3630 4159 ἦρται

362 4206 431 4258 ἐκ
467 4201 573 4255 τοῦ
594 4200 789 4272 μέσου
812 4199 943 4272 (28).

436 4301 526 4355 49.
569 4300 646 4352 Ae
673 4312 889 4351 rursum
929 4293 1206 4364 quomodo
1241 4292 1480 4346 futurum
1511 4289 1684 4344 lsaias
1712 4286 1939 4352 dixerit,

363 4401 424 4446 ut
448 4406 571 4445 eum
606 4387 790 4459 populi
819 4387 1056 4457 gentium
1107 4385 1441 4444 adorarent,
1472 4379 1564 4448 qui
1593 4377 1816 4431 minime
1843 4390 1940 4428 ex-

364 4485 687 4556 spectabant
710 4523 726 4546 ,
756 4481 929 4537 Judaei
961 4493 1093 4533 vero
1125 4477 1217 4548 qui
1268 4489 1486 4546 semper
1520 4471 1941 4542 exspectabant,

365 4579 748 4633 advenientem
779 4590 880 4628 non
916 4578 1302 4642 agnoscerent.
1335 4568 1463 4622 Haec
1488 4575 1667 4620 autem
1701 4562 1847 4617 velut
1875 4575 1943 4616 ex

365 4674 532 4739 ipsius
562 4670 763 4726 Christi
797 4682 1027 4737 persona
1060 4666 1202 4720 dicta
1257 4672 1384 4718 sunt
1415 4663 1468 4716 in
1498 4662 1642 4714 hunc
1673 4657 1892 4711 modum
1924 4671 1937 4707 :

364 4766 681 4835 Manifestus
725 4762 898 4833 {actus
931 4775 1048 4814 sum
1086 4775 1198 4812 non
1239 4754 1688 4824 interrogantibus
1709 4766 1827 4804 me:
1855 4749 1942 4804 in-

363 4872 542 4915 uentus
585 4873 701 4913 sum
744 4856 808 4910 ab
856 4855 976 4916 his,
1015 4851 1109 4922 qui
1155 4865 1233 4903 me
1280 4864 1384 4901 non
1423 4844 1749 4918 quwrebant.
1782 4842 1940 4906 Dixi,

2122 4285 2210 4342 49.
2255 4284 2365 4339 Καὶ
2417 4283 2578 4337 πάλιν
2621 4281 2737 4345 πῶς
2767 4281 2833 4334 δι’
2880 4278 3044 4333 αὐτοῦ
3096 4277 3316 4330 Ἡσαΐου
3349 4275 3626 4334 λέλεκται,

2049 4381 2130 4435 ὅτι
2165 4381 2213 4433 oi
2233 4379 2292 4432 οὐ
2340 4376 2807 4449 προσδοκήσαντες
2827 4373 2986 4426 αὑτὸν
3021 4370 3139 4425 λαοὶ
3159 4369 3266 4423 τῶν
3286 4365 3453 4422 ἐθνῶν
3467 4385 3625 4440 προσ·

2047 4469 2368 4538 κυνήσουσιν
2444 4468 2632 4522 αὐτόν·
2673 4467 2722 4518 οἱ
2750 4465 2806 4518 δὲ
2836 4464 2920 4518 ἀεὶ
2956 4460 3360 4533 προσδοκῶντες
3391 4457 3629 4511 Ἰουδαῖοι

2048 4563 2374 4634 ὰγνοήσουσι
2415 4558 2856 4631 παραγενόμενον
2903 4553 3094 4608 αὐτόν·
3133 4549 3429 4621 ἐλέχθησαν
3477 4547 3535 4600 δὲ
3579 4546 3629 4598 ot

2047 4655 2196 4723 λόγοι
2231 4653 2306 4716 ὡς
2342 4653 2449 4706 ἀπὸ
2482 4650 2773 4724 προσώπου
2813 4646 2978 4702 αὑτοῦ
3011 4645 3101 4699 τοῦ
3135 4640 3519 4715 Χριστοῦ.Εἰσὶ
3573 4639 3628 4692 δὲ

2049 4741 2189 4800 οὗτοι
2206 4761 2218 4774 ο
2254 4745 2308 4796 Ἐ
2307 4743 2552 4812 μφανὴς
2572 4738 2864 4810 ἐγενήθην
2878 4737 3002 4803 τοῖς
3016 4735 3119 4806 ἐμὲ
3133 4736 3218 4804 μὴ
3235 4731 3627 4802 ἐπερωτῶσιν,

2048 4836 2299 4906 εὑρέθην
2337 4834 2459 4900 τοῖς
2501 4833 2605 4903 ἐμὲ
2631 4831 2717 4902 μὴ
2745 4828 3042 4900 ζητοῦσιν.
3077 4824 3299 4892 Εἶπον,
3340 4824 3482 4880 Ἰδού
3513 4824 3631 4891 eiut

458 5039 501 5071 ’⁷
544 5037 647 5092 lsa.
671 5048 817 5098 LXIV,
848 5027 1034 5084 10-12.
1113 5026 1158 5058 ⁸⁸
1185 5026 1290 5080 lsa.
1325 5040 1364 5089 ι,
1396 5023 1452 5076 7.
1529 5022 1573 5052 ⁹⁹
1614 5019 1714 5073 lsa.
1751 5033 1923 5081 xxxv,

2084 5017 2100 5046 ί
2137 5012 2244 5069 lsa.
2284 5027 2415 5078 Lvn,
2443 5013 2495 5064 1.

443 5193 546 5268 (23)
581 5189 930 5268 _Hpﬁywro_._
955 5180 1211 5268 Nonnulli
1224 5178 1448 5268 ‘malnnt
1479 5177 1829 5268 ὒ,ρήμωξαι.η
1844 5171 1950 5268 S‘ed

364 5244 774 5322 ceti—venientum
800 5256 931 5311 mihi
964 5256 1180 5307 videtur
1207 5250 1497 5322 ἠρήμωτο,
1522 5244 1951 5322 ιιιεοίιιιιιίὶηςηι

612 5312 808 5402 luerat.
847 5327 1052 5402 Ibidem
1070 5312 1430 5402 rgias
1446 5387 1464 5402 '
1481 5312 1948 5402 ιιιιιΟΙΙθιᾲγενέσθαι

365 5387 449 5460 {ei
483 5387 831 5474 γενήσεσθαι.
872 5398 978 5450 Sed
1013 5387 1393 5473 mihi—videtur
1437 5387 1950 5474 Justinuslprseter-

367 5454 508 5533 illum.
526 5454 749 5540 vlet'npus
782 5480 1075 5537 usurpare,
1107 5463 1235 5532 quia
1261 5460 1316 5514 in
1347 5458 1460 5528 ipsa
1489 5455 1772 5526 prophetia
1807 5454 1948 5506 idem

366 5557 578 5615 tempus
610 5551 924 5615 usurpatan

440 5594 575 5688 ευ
611 5594 728 5688 fit?!
747 5594 867 5665 ὀὐκ
897 5608 1111 5688 έσῖαιλ
1130 5603 1398 5688 (ἔδξθτῖθι
1419 5596 1746 5688 ,Τίιίτηὶἱυὶ
1760 5594 1944 5688 ιιεείξε

366 5663 939 5739 Jeiieuiia—dietaesse
978 5679 1044 5732 de
1072 5674 1350 5744 Babylone
1377 5685 1502 5739 cap.
1536 5685 1599 5732 L,
1632 5683 1682 5721 v.
1715 5666 1770 5719 5.
1815 5663 1947 5717 Vide

589 5750 997 5886 aedoniion
1034 5817 1109 5872 De
1136 5817 1238 5872 hac
1262 5815 1378 5886 lege
1401 5810 1524 5868 vide
1554 5808 1678 5866 Not.
1717 5805 1786 5861 ad
1814 5803 1946 5858 Dia-

2055 5167 2556 5310 logiizgiiginsdem
2595 5233 2893 5310 interdicti
2947 5231 3194 5310 meminit
3247 5231 3300 5284 in
3367 5228 3628 5310 pia/oga,

2055 5325 2103 5362 c.
2135 5299 2233 5363 ‘16;
2266 5299 2400 5361 Vide
2434 5305 2704 5358 Valesinm
2755 5305 2821 5356 ad
2854 5303 3057 5357 Euseb.
3092 5301 3237 5356 Hist.
3269 5301 3436 5366 eccl.,
3472 5315 3544 5364 tv,
3577 5299 3629 5352 6.

2281 5448 2630 5520 Γενομένων
2671 5443 2852 5509 αὐτῷ.
2901 5443 3210 5520 Legenduni
3249 5455 3370 5495 esse
3413 5439 3632 5520 ᾇκτων,

2055 5532 2114 5574 ιιι
2134 5511 2307 5606 supra
2339 5537 2392 5573 ιι.
2421 5511 2512 5581 35,
2546 5521 2901 5572 Lasaubonus
2932 5511 3212 5568 adtnonuit
3240 5513 3468 5568 exeruit.
3503 5511 3630 5569 ιιΙι..

2051 5592 2492 5732 ι)’(ἒιεῖῗο”11ρτιιι
2536 5659 2605 5732 ἐκ
2636 5655 2751 5732 eo?
2786 5654 3003 5732 μέσου.
3055 5654 3280 5732 Ιέεειιιιι·
3309 5652 3360 5706 in
3409 5649 3636 5732 Dialog‘o

2054 5749 2111 5786 η.
2134 5721 2236 5793 ’ὃῖζ
2267 5734 2300 5802 ἡ
2326 5721 2872 5802 ταφὴίαύτοῦέῆρται
2905 5728 2970 5778 ἐκ
2998 5724 3094 5778 τοῦ
3127 5721 3294 5797 μέσου
3322 5763 3338 5788 ,
3367 5736 3425 5779 ιιι
3452 5721 3633 5778 Thiri-

2052 5803 2179 5860 bius
2204 5801 2537 5858 observavit.
