  <div class='ocr_page' id='page_1' title='image "/cluster/home/n/w/nwhite01/storage/ocr_20150623/6/mdp.39015004289917/212.png"; bbox 0 0 4006 6254; ppageno 0'>
   <div class='ocr_carea' id='block_1_1' title="bbox 346 369 3706 447">
    <p class='ocr_par' dir='ltr' id='par_1_1' title="bbox 346 369 3706 447">
     <span class='ocr_line' id='line_1_1' title="bbox 346 369 3706 447; baseline 0.001 -5"><span class='ocrx_word' id='word_1_1' title='bbox 346 369 452 427; x_wconf 68' lang='lat' dir='ltr'><strong>Im</strong></span> <span class='ocrx_word' id='word_1_2' title='bbox 1543 388 1885 447; x_wconf 79' lang='lat' dir='ltr'><strong>APOLOGIA</strong></span> <span class='ocrx_word' id='word_1_3' title='bbox 1923 391 1943 445; x_wconf 86' lang='lat'>1</span> <span class='ocrx_word' id='word_1_4' title='bbox 1975 389 2114 444; x_wconf 66' lang='lat' dir='ltr'><strong>suo</strong></span> <span class='ocrx_word' id='word_1_5' title='bbox 2135 385 2593 445; x_wconf 70' lang='lat' dir='ltr'><strong>CHRISTIANIS.</strong></span> <span class='ocrx_word' id='word_1_6' title='bbox 3602 391 3706 447; x_wconf 74' lang='lat' dir='ltr'><strong>tce</strong></span> 
     </span>
    </p>
   </div>
   <div class='ocr_carea' id='block_1_2' title="bbox 365 487 2000 574">
    <p class='ocr_par' dir='ltr' id='par_1_2' title="bbox 365 487 2000 574">
     <span class='ocr_line' id='line_1_2' title="bbox 365 487 2000 574; baseline 0.01 -33"><span class='ocrx_word' id='word_1_7' title='bbox 365 489 514 558; x_wconf 70' lang='grc' dir='ltr'>ιθνη</span> <span class='ocrx_word' id='word_1_8' title='bbox 563 487 748 560; x_wconf 68' lang='lat' dir='ltr'><strong>(LXX</strong></span> <span class='ocrx_word' id='word_1_9' title='bbox 793 497 891 569; x_wconf 78' lang='grc' dir='ltr'>τῷ</span> <span class='ocrx_word' id='word_1_10' title='bbox 926 497 1109 571; x_wconf 75' lang='grc' dir='ltr'>ἔθνει)</span> <span class='ocrx_word' id='word_1_11' title='bbox 1152 501 1214 553; x_wconf 85' lang='grc' dir='ltr'><strong>οἳ</strong></span> <span class='ocrx_word' id='word_1_12' title='bbox 1259 504 1370 557; x_wconf 79' lang='grc' dir='ltr'><strong>οὐκ</strong></span> <span class='ocrx_word' id='word_1_13' title='bbox 1415 502 1717 558; x_wconf 75' lang='grc' dir='ltr'><em>ἐκάλεσαν</em></span> <span class='ocrx_word' id='word_1_14' title='bbox 1743 505 1808 558; x_wconf 84' lang='grc' dir='ltr'>τὸ</span> <span class='ocrx_word' id='word_1_15' title='bbox 1841 504 2000 574; x_wconf 77' lang='grc' dir='ltr'>ὅνομι</span> 
     </span>
    </p>
   </div>
   <div class='ocr_carea' id='block_1_3' title="bbox 2107 487 3695 574">
    <p class='ocr_par' dir='ltr' id='par_1_3' title="bbox 2107 507 3695 574">
     <span class='ocr_line' id='line_1_3' title="bbox 2107 507 3695 574; baseline -0.002 -13"><span class='ocrx_word' id='word_1_16' title='bbox 2107 507 2344 571; x_wconf 61' lang='lat' dir='ltr'><strong>adsum,</strong></span> <span class='ocrx_word' id='word_1_17' title='bbox 2366 508 2442 558; x_wconf 85' lang='lat' dir='ltr'><strong>ad</strong></span> <span class='ocrx_word' id='word_1_18' title='bbox 2473 516 2647 574; x_wconf 77' lang='lat' dir='ltr'><strong>gentes</strong></span> <span class='ocrx_word' id='word_1_19' title='bbox 2676 520 2794 574; x_wconf 74' lang='lat' dir='ltr'><strong>qua:</strong></span> <span class='ocrx_word' id='word_1_20' title='bbox 2819 519 2922 557; x_wconf 89' lang='lat' dir='ltr'><strong>non</strong></span> <span class='ocrx_word' id='word_1_21' title='bbox 2957 514 3267 558; x_wconf 79' lang='lat' dir='ltr'><strong>vocaverunt</strong></span> <span class='ocrx_word' id='word_1_22' title='bbox 3291 519 3478 558; x_wconf 83' lang='lat' dir='ltr'><strong><em>nomen</em></strong></span> <span class='ocrx_word' id='word_1_23' title='bbox 3507 519 3695 558; x_wconf 87' lang='lat' dir='ltr'><strong>meum.</strong></span> 
     </span>
    </p>
   </div>
   <div class='ocr_carea' id='block_1_4' title="bbox 381 582 2000 664">
    <p class='ocr_par' dir='ltr' id='par_1_4' title="bbox 381 582 2000 663">
     <span class='ocr_line' id='line_1_4' title="bbox 381 582 2000 663; baseline 0.009 -30"><span class='ocrx_word' id='word_1_24' title='bbox 381 598 516 652; x_wconf 76' lang='grc' dir='ltr'>μου.</span> <span class='ocrx_word' id='word_1_25' title='bbox 550 582 964 648; x_wconf 76' lang='grc' dir='ltr'>Ἐξεπέτασα</span> <span class='ocrx_word' id='word_1_26' title='bbox 1003 592 1118 658; x_wconf 87' lang='grc' dir='ltr'>τὰς</span> <span class='ocrx_word' id='word_1_27' title='bbox 1149 591 1353 662; x_wconf 70' lang='grc' dir='ltr'>χεῖράς</span> <span class='ocrx_word' id='word_1_28' title='bbox 1378 613 1498 663; x_wconf 85' lang='grc' dir='ltr'><strong>μου</strong></span> <span class='ocrx_word' id='word_1_29' title='bbox 1542 595 1643 649; x_wconf 78' lang='grc' dir='ltr'><strong>ἐπὶ</strong></span> <span class='ocrx_word' id='word_1_30' title='bbox 1670 596 1823 650; x_wconf 72' lang='grc' dir='ltr'>λαὸν</span> <span class='ocrx_word' id='word_1_31' title='bbox 1859 597 2000 650; x_wconf 60' lang='lat' dir='ltr'><strong>dust</strong></span> 
     </span>
    </p>
   </div>
   <div class='ocr_carea' id='block_1_5' title="bbox 2107 582 3702 664">
    <p class='ocr_par' dir='ltr' id='par_1_5' title="bbox 2130 597 3702 664">
     <span class='ocr_line' id='line_1_5' title="bbox 2130 597 3702 664; baseline -0.001 -12"><span class='ocrx_word' id='word_1_32' title='bbox 2130 598 2394 663; x_wconf 77' lang='lat' dir='ltr'><strong>Expandi-</strong></span> <span class='ocrx_word' id='word_1_33' title='bbox 2430 614 2617 650; x_wconf 85' lang='lat' dir='ltr'><strong>manus</strong></span> <span class='ocrx_word' id='word_1_34' title='bbox 2665 613 2807 650; x_wconf 73' lang='lat' dir='ltr'><strong>nicas</strong></span> <span class='ocrx_word' id='word_1_35' title='bbox 2857 597 2927 650; x_wconf 88' lang='lat' dir='ltr'><strong>ad</strong></span> <span class='ocrx_word' id='word_1_36' title='bbox 2973 597 3226 664; x_wconf 79' lang='lat' dir='ltr'><strong>papulum</strong></span> <span class='ocrx_word' id='word_1_37' title='bbox 3272 597 3603 650; x_wconf 84' lang='lat' dir='ltr'><strong>incredulum</strong></span> <span class='ocrx_word' id='word_1_38' title='bbox 3652 605 3702 652; x_wconf 83' lang='lat' dir='ltr'><strong>et</strong></span> 
     </span>
    </p>
   </div>
   <div class='ocr_carea' id='block_1_6' title="bbox 397 675 2000 758">
    <p class='ocr_par' dir='ltr' id='par_1_6' title="bbox 397 675 2000 758">
     <span class='ocr_line' id='line_1_6' title="bbox 397 675 2000 758; baseline 0.006 -27"><span class='ocrx_word' id='word_1_39' title='bbox 397 675 618 731; x_wconf 69' lang='grc' dir='ltr'>Θοῦντα</span> <span class='ocrx_word' id='word_1_40' title='bbox 647 679 756 731; x_wconf 80' lang='grc' dir='ltr'><strong>καὶ</strong></span> <span class='ocrx_word' id='word_1_41' title='bbox 791 681 1254 753; x_wconf 62' lang='grc' dir='ltr'>ἀντιλέγοντα,</span> <span class='ocrx_word' id='word_1_42' title='bbox 1287 686 1384 739; x_wconf 79' lang='grc' dir='ltr'><strong>ἐπὶ</strong></span> <span class='ocrx_word' id='word_1_43' title='bbox 1416 688 1557 754; x_wconf 77' lang='grc' dir='ltr'>τοὺς</span> <span class='ocrx_word' id='word_1_44' title='bbox 1588 689 2000 758; x_wconf 65' lang='grc' dir='ltr'><strong>πορευομένου</strong></span> 
     </span>
    </p>
   </div>
   <div class='ocr_carea' id='block_1_7' title="bbox 2107 675 3700 758">
    <p class='ocr_par' dir='ltr' id='par_1_7' title="bbox 2129 687 3700 758">
     <span class='ocr_line' id='line_1_7' title="bbox 2129 687 3700 758; baseline -0.001 -14"><span class='ocrx_word' id='word_1_45' title='bbox 2129 691 2606 752; x_wconf 84' lang='lat' dir='ltr'><strong>contradicentem,</strong></span> <span class='ocrx_word' id='word_1_46' title='bbox 2648 691 2738 758; x_wconf 88' lang='lat' dir='ltr'><strong>qui</strong></span> <span class='ocrx_word' id='word_1_47' title='bbox 2783 687 3123 742; x_wconf 77' lang='lat' dir='ltr'><strong>ambulabant</strong></span> <span class='ocrx_word' id='word_1_48' title='bbox 3173 691 3228 741; x_wconf 88' lang='lat' dir='ltr'><strong>in</strong></span> <span class='ocrx_word' id='word_1_49' title='bbox 3267 689 3351 742; x_wconf 84' lang='lat' dir='ltr'><strong>via</strong></span> <span class='ocrx_word' id='word_1_50' title='bbox 3403 704 3508 742; x_wconf 88' lang='lat' dir='ltr'><strong>non</strong></span> <span class='ocrx_word' id='word_1_51' title='bbox 3539 689 3700 752; x_wconf 88' lang='lat' dir='ltr'><strong>bona,</strong></span> 
     </span>
    </p>
   </div>
   <div class='ocr_carea' id='block_1_8' title="bbox 408 768 2025 850">
    <p class='ocr_par' dir='ltr' id='par_1_8' title="bbox 408 768 2025 850">
     <span class='ocr_line' id='line_1_8' title="bbox 408 768 2025 850; baseline 0.008 -27"><span class='ocrx_word' id='word_1_52' title='bbox 408 771 472 824; x_wconf 79' lang='grc' dir='ltr'>ὲν</span> <span class='ocrx_word' id='word_1_53' title='bbox 509 768 629 836; x_wconf 80' lang='grc' dir='ltr'><strong>ὀδῷ</strong></span> <span class='ocrx_word' id='word_1_54' title='bbox 671 774 749 825; x_wconf 87' lang='grc' dir='ltr'><strong>οὐ</strong></span> <span class='ocrx_word' id='word_1_55' title='bbox 789 774 988 843; x_wconf 65' lang='grc' dir='ltr'>καλῇ,</span> <span class='ocrx_word' id='word_1_56' title='bbox 1022 778 1165 831; x_wconf 73' lang='grc' dir='ltr'><strong>ἀλλ’</strong></span> <span class='ocrx_word' id='word_1_57' title='bbox 1196 779 1392 832; x_wconf 81' lang='grc' dir='ltr'><em>ὀπίσω</em></span> <span class='ocrx_word' id='word_1_58' title='bbox 1431 780 1548 833; x_wconf 84' lang='grc' dir='ltr'>τῶν</span> <span class='ocrx_word' id='word_1_59' title='bbox 1577 781 1870 850; x_wconf 83' lang='grc' dir='ltr'>ἁμαρτιῶν</span> <span class='ocrx_word' id='word_1_60' title='bbox 1916 785 2025 836; x_wconf 86' lang='grc' dir='ltr'><strong>αὑ-</strong></span> 
     </span>
    </p>
   </div>
   <div class='ocr_carea' id='block_1_9' title="bbox 413 859 2024 942">
    <p class='ocr_par' dir='ltr' id='par_1_9' title="bbox 413 859 2024 942">
     <span class='ocr_line' id='line_1_9' title="bbox 413 859 2024 942; baseline 0.009 -27"><span class='ocrx_word' id='word_1_61' title='bbox 413 859 546 917; x_wconf 73' lang='grc' dir='ltr'>τιῖιν.</span> <span class='ocrx_word' id='word_1_62' title='bbox 584 864 646 916; x_wconf 91' lang='lat' dir='ltr'><strong>&#39;O</strong></span> <span class='ocrx_word' id='word_1_63' title='bbox 674 864 837 931; x_wconf 70' lang='grc' dir='ltr'>,λαὸς</span> <span class='ocrx_word' id='word_1_64' title='bbox 865 870 903 920; x_wconf 84' lang='grc' dir='ltr'><em>ὁ</em></span> <span class='ocrx_word' id='word_1_65' title='bbox 932 869 1302 937; x_wconf 77' lang='grc' dir='ltr'><strong>παροξύνων</strong></span> <span class='ocrx_word' id='word_1_66' title='bbox 1325 873 1600 926; x_wconf 83' lang='grc' dir='ltr'>ἐναντίον</span> <span class='ocrx_word' id='word_1_67' title='bbox 1616 892 1756 942; x_wconf 88' lang='grc' dir='ltr'>μου.</span> <span class='ocrx_word' id='word_1_68' title='bbox 1785 875 2024 930; x_wconf 77' lang='grc' dir='ltr'>Ἰουδαῖοι</span> 
     </span>
    </p>
   </div>
   <div class='ocr_carea' id='block_1_10' title="bbox 419 957 2027 1039">
    <p class='ocr_par' dir='ltr' id='par_1_10' title="bbox 419 957 2027 1039">
     <span class='ocr_line' id='line_1_10' title="bbox 419 957 2027 1039; baseline 0.007 -30"><span class='ocrx_word' id='word_1_69' title='bbox 419 957 524 1028; x_wconf 73' lang='grc' dir='ltr'><strong>γὰρ</strong></span> <span class='ocrx_word' id='word_1_70' title='bbox 548 998 561 1020; x_wconf 87' lang='grc'><strong>,</strong></span> <span class='ocrx_word' id='word_1_71' title='bbox 593 958 818 1028; x_wconf 76' lang='grc' dir='ltr'>ἐχοντες</span> <span class='ocrx_word' id='word_1_72' title='bbox 847 959 954 1025; x_wconf 82' lang='grc' dir='ltr'><strong>τὰς</strong></span> <span class='ocrx_word' id='word_1_73' title='bbox 987 964 1357 1033; x_wconf 79' lang='grc' dir='ltr'><strong>προφητείας,</strong></span> <span class='ocrx_word' id='word_1_74' title='bbox 1387 964 1480 1018; x_wconf 76' lang='grc' dir='ltr'>καὶ</span> <span class='ocrx_word' id='word_1_75' title='bbox 1510 966 1594 1019; x_wconf 79' lang='grc' dir='ltr'><strong>ἀεὶ</strong></span> <span class='ocrx_word' id='word_1_76' title='bbox 1622 967 2027 1039; x_wconf 85' lang='grc' dir='ltr'>προσδοκήσαν-</span> 
     </span>
    </p>
   </div>
   <div class='ocr_carea' id='block_1_11' title="bbox 424 1052 2020 1131">
    <p class='ocr_par' dir='ltr' id='par_1_11' title="bbox 424 1052 2020 1131">
     <span class='ocr_line' id='line_1_11' title="bbox 424 1052 2020 1131; baseline 0.006 -26"><span class='ocrx_word' id='word_1_77' title='bbox 424 1068 512 1115; x_wconf 82' lang='grc' dir='ltr'>τες</span> <span class='ocrx_word' id='word_1_78' title='bbox 552 1052 645 1104; x_wconf 74' lang='grc' dir='ltr'>τὸν</span> <span class='ocrx_word' id='word_1_79' title='bbox 675 1053 924 1124; x_wconf 70' lang='grc' dir='ltr'>Χριστὸν</span> <span class='ocrx_word' id='word_1_80' title='bbox 975 1057 1497 1129; x_wconf 75' lang='grc' dir='ltr'>παραγενησόμενον</span> <span class='ocrx_word' id='word_1_81' title='bbox 1531 1058 1642 1130; x_wconf 74' lang='grc'>(29)</span> <span class='ocrx_word' id='word_1_82' title='bbox 1667 1101 1681 1125; x_wconf 91' lang='grc'><strong>,</strong></span> <span class='ocrx_word' id='word_1_83' title='bbox 1712 1060 2020 1131; x_wconf 68' lang='grc' dir='ltr'><strong>ἠγνόησαν⁸</strong></span> 
     </span>
    </p>
   </div>
   <div class='ocr_carea' id='block_1_12' title="bbox 422 1141 2019 1221">
    <p class='ocr_par' dir='ltr' id='par_1_12' title="bbox 422 1141 2019 1221">
     <span class='ocr_line' id='line_1_12' title="bbox 422 1141 2019 1221; baseline 0.007 -25"><span class='ocrx_word' id='word_1_84' title='bbox 422 1145 480 1196; x_wconf 71' lang='grc' dir='ltr'><strong>οὐ</strong></span> <span class='ocrx_word' id='word_1_85' title='bbox 510 1147 672 1214; x_wconf 79' lang='grc' dir='ltr'>μόνον</span> <span class='ocrx_word' id='word_1_86' title='bbox 700 1145 784 1210; x_wconf 82' lang='grc' dir='ltr'>δὲ,</span> <span class='ocrx_word' id='word_1_87' title='bbox 811 1141 951 1200; x_wconf 80' lang='grc' dir='ltr'><strong>ἀλλά</strong></span> <span class='ocrx_word' id='word_1_88' title='bbox 987 1150 1083 1202; x_wconf 81' lang='grc' dir='ltr'><strong>καὶ</strong></span> <span class='ocrx_word' id='word_1_89' title='bbox 1116 1151 1536 1221; x_wconf 77' lang='grc' dir='ltr'>παρεχρήσαντο</span> <span class='ocrx_word' id='word_1_90' title='bbox 1560 1169 1572 1182; x_wconf 88' lang='grc'><strong>·</strong></span> <span class='ocrx_word' id='word_1_91' title='bbox 1603 1154 1651 1205; x_wconf 86' lang='grc' dir='ltr'>οἱ</span> <span class='ocrx_word' id='word_1_92' title='bbox 1684 1152 1741 1205; x_wconf 86' lang='grc' dir='ltr'>δὲ</span> <span class='ocrx_word' id='word_1_93' title='bbox 1774 1153 1882 1206; x_wconf 82' lang='grc' dir='ltr'><strong>ἀπὸ</strong></span> <span class='ocrx_word' id='word_1_94' title='bbox 1911 1153 2019 1207; x_wconf 85' lang='grc' dir='ltr'><strong>τῶν</strong></span> 
     </span>
    </p>
   </div>
   <div class='ocr_carea' id='block_1_13' title="bbox 423 1235 2027 1315">
    <p class='ocr_par' dir='ltr' id='par_1_13' title="bbox 423 1235 2027 1315">
     <span class='ocr_line' id='line_1_13' title="bbox 423 1235 2027 1315; baseline 0.005 -27"><span class='ocrx_word' id='word_1_95' title='bbox 423 1235 612 1297; x_wconf 68' lang='grc' dir='ltr'>ὲθνιῖιν,</span> <span class='ocrx_word' id='word_1_96' title='bbox 642 1237 918 1307; x_wconf 78' lang='grc' dir='ltr'>μηδέποτε</span> <span class='ocrx_word' id='word_1_97' title='bbox 949 1238 1116 1308; x_wconf 81' lang='grc' dir='ltr'>μηδὲν</span> <span class='ocrx_word' id='word_1_98' title='bbox 1139 1241 1470 1306; x_wconf 80' lang='grc' dir='ltr'>ἀκούσαντες</span> <span class='ocrx_word' id='word_1_99' title='bbox 1495 1242 1624 1314; x_wconf 66' lang='grc' dir='ltr'><strong>περ)¹</strong></span> <span class='ocrx_word' id='word_1_100' title='bbox 1647 1242 1740 1296; x_wconf 82' lang='grc' dir='ltr'>τοῦ</span> <span class='ocrx_word' id='word_1_101' title='bbox 1759 1243 2027 1315; x_wconf 81' lang='grc' dir='ltr'>Χριστοῦ,-</span> 
     </span>
    </p>
   </div>
   <div class='ocr_carea' id='block_1_14' title="bbox 424 1323 2017 1404">
    <p class='ocr_par' dir='ltr' id='par_1_14' title="bbox 424 1323 2017 1404">
     <span class='ocr_line' id='line_1_14' title="bbox 424 1323 2017 1404; baseline 0.006 -24"><span class='ocrx_word' id='word_1_102' title='bbox 424 1327 625 1398; x_wconf 81' lang='grc' dir='ltr'>μὲχρις</span> <span class='ocrx_word' id='word_1_103' title='bbox 657 1323 719 1382; x_wconf 73' lang='grc' dir='ltr'>οὗ</span> <span class='ocrx_word' id='word_1_104' title='bbox 762 1330 815 1381; x_wconf 80' lang='grc' dir='ltr'>οἱ</span> <span class='ocrx_word' id='word_1_105' title='bbox 844 1330 956 1383; x_wconf 71' lang='grc' dir='ltr'><strong>ἀπὸ</strong></span> <span class='ocrx_word' id='word_1_106' title='bbox 1001 1332 1358 1404; x_wconf 79' lang='grc' dir='ltr'>Ἰερουσαλὴμ</span> <span class='ocrx_word' id='word_1_107' title='bbox 1391 1333 1697 1399; x_wconf 78' lang='grc' dir='ltr'>ἐξελθόντες</span> <span class='ocrx_word' id='word_1_108' title='bbox 1729 1335 2017 1389; x_wconf 85' lang='grc' dir='ltr'><strong>ἀπόστολοι</strong></span> 
     </span>
    </p>
   </div>
   <div class='ocr_carea' id='block_1_15' title="bbox 420 1419 2016 1500">
    <p class='ocr_par' dir='ltr' id='par_1_15' title="bbox 420 1419 2016 1500">
     <span class='ocr_line' id='line_1_15' title="bbox 420 1419 2016 1500; baseline 0.006 -29"><span class='ocrx_word' id='word_1_109' title='bbox 420 1419 588 1472; x_wconf 74' lang='grc' dir='ltr'>αὑτοῦ</span> <span class='ocrx_word' id='word_1_110' title='bbox 622 1421 908 1491; x_wconf 76' lang='grc' dir='ltr'><strong>ἐμήνυσαν</strong></span> <span class='ocrx_word' id='word_1_111' title='bbox 930 1422 1002 1476; x_wconf 88' lang='grc' dir='ltr'><strong>τά</strong></span> <span class='ocrx_word' id='word_1_112' title='bbox 1031 1425 1160 1495; x_wconf 70' lang='grc' dir='ltr'>περ).</span> <span class='ocrx_word' id='word_1_113' title='bbox 1190 1424 1356 1478; x_wconf 74' lang='grc' dir='ltr'>αὐτοῦ</span> <span class='ocrx_word' id='word_1_114' title='bbox 1378 1467 1393 1490; x_wconf 93' lang='grc'><strong>,</strong></span> <span class='ocrx_word' id='word_1_115' title='bbox 1423 1427 1517 1479; x_wconf 75' lang='grc' dir='ltr'>καὶ</span> <span class='ocrx_word' id='word_1_116' title='bbox 1549 1427 1650 1490; x_wconf 81' lang='grc' dir='ltr'><strong>τὰς</strong></span> <span class='ocrx_word' id='word_1_117' title='bbox 1683 1428 2016 1500; x_wconf 72' lang='grc' dir='ltr'>προφητείας</span> 
     </span>
    </p>
   </div>
   <div class='ocr_carea' id='block_1_16' title="bbox 419 1511 2016 1588">
    <p class='ocr_par' dir='ltr' id='par_1_16' title="bbox 419 1511 2016 1588">
     <span class='ocr_line' id='line_1_16' title="bbox 419 1511 2016 1588; baseline 0.008 -27"><span class='ocrx_word' id='word_1_118' title='bbox 419 1511 756 1580; x_wconf 76' lang='grc' dir='ltr'>παρέδωκαν</span> <span class='ocrx_word' id='word_1_119' title='bbox 783 1551 796 1575; x_wconf 89' lang='grc'><strong>,</strong></span> <span class='ocrx_word' id='word_1_120' title='bbox 834 1512 1216 1586; x_wconf 79' lang='grc' dir='ltr'><strong>πληρωθέντες</strong></span> <span class='ocrx_word' id='word_1_121' title='bbox 1244 1519 1420 1588; x_wconf 77' lang='grc' dir='ltr'>χαρᾶς</span> <span class='ocrx_word' id='word_1_122' title='bbox 1461 1517 1555 1572; x_wconf 78' lang='grc' dir='ltr'>καὶ</span> <span class='ocrx_word' id='word_1_123' title='bbox 1586 1519 1854 1584; x_wconf 85' lang='grc' dir='ltr'>πίστεως,</span> <span class='ocrx_word' id='word_1_124' title='bbox 1906 1523 2016 1584; x_wconf 83' lang='grc' dir='ltr'>τοῖς</span> 
     </span>
    </p>
   </div>
   <div class='ocr_carea' id='block_1_17' title="bbox 418 1603 2014 1683">
    <p class='ocr_par' dir='ltr' id='par_1_17' title="bbox 418 1603 2014 1683">
     <span class='ocr_line' id='line_1_17' title="bbox 418 1603 2014 1683; baseline 0.008 -29"><span class='ocrx_word' id='word_1_125' title='bbox 418 1603 662 1666; x_wconf 76' lang='grc' dir='ltr'><strong>εἰδώλοις</strong></span> <span class='ocrx_word' id='word_1_126' title='bbox 691 1606 1034 1671; x_wconf 61' lang='grc' dir='ltr'>ἀντετάξαντο</span> <span class='ocrx_word' id='word_1_127' title='bbox 1055 1648 1069 1672; x_wconf 96' lang='grc'><strong>,</strong></span> <span class='ocrx_word' id='word_1_128' title='bbox 1106 1610 1200 1663; x_wconf 79' lang='grc' dir='ltr'>καὶ</span> <span class='ocrx_word' id='word_1_129' title='bbox 1234 1609 1311 1680; x_wconf 80' lang='grc' dir='ltr'>τῷ</span> <span class='ocrx_word' id='word_1_130' title='bbox 1338 1611 1617 1682; x_wconf 84' lang='grc' dir='ltr'>ἀγεννήτῳ</span> <span class='ocrx_word' id='word_1_131' title='bbox 1646 1612 1764 1683; x_wconf 84' lang='grc' dir='ltr'>Θεῷ</span> <span class='ocrx_word' id='word_1_132' title='bbox 1803 1612 1890 1666; x_wconf 79' lang='grc' dir='ltr'><strong>διὰ</strong></span> <span class='ocrx_word' id='word_1_133' title='bbox 1919 1613 2014 1666; x_wconf 82' lang='grc' dir='ltr'>τοῦ</span> 
     </span>
    </p>
   </div>
   <div class='ocr_carea' id='block_1_18' title="bbox 417 1694 2016 1776">
    <p class='ocr_par' dir='ltr' id='par_1_18' title="bbox 417 1694 2016 1776">
     <span class='ocr_line' id='line_1_18' title="bbox 417 1694 2016 1776; baseline 0.009 -32"><span class='ocrx_word' id='word_1_134' title='bbox 417 1694 663 1764; x_wconf 65' lang='grc' dir='ltr'>Χριστοῦ</span> <span class='ocrx_word' id='word_1_135' title='bbox 721 1697 837 1767; x_wconf 81' lang='grc'>(50)</span> <span class='ocrx_word' id='word_1_136' title='bbox 878 1699 1109 1760; x_wconf 71' lang='grc' dir='ltr'>ἑαυτοὺς</span> <span class='ocrx_word' id='word_1_137' title='bbox 1150 1701 1444 1774; x_wconf 79' lang='grc' dir='ltr'><strong>ἀνέθηκαν.</strong></span> <span class='ocrx_word' id='word_1_138' title='bbox 1506 1703 1627 1755; x_wconf 87' lang='grc' dir='ltr'><strong>Ὅτι</strong></span> <span class='ocrx_word' id='word_1_139' title='bbox 1677 1703 1733 1756; x_wconf 79' lang='grc' dir='ltr'><strong>δὲ</strong></span> <span class='ocrx_word' id='word_1_140' title='bbox 1792 1722 2016 1776; x_wconf 85' lang='grc' dir='ltr'>προεγι-</span> 
     </span>
    </p>
   </div>
   <div class='ocr_carea' id='block_1_19' title="bbox 416 1788 2011 1867">
    <p class='ocr_par' dir='ltr' id='par_1_19' title="bbox 416 1788 2011 1867">
     <span class='ocr_line' id='line_1_19' title="bbox 416 1788 2011 1867; baseline 0.008 -28"><span class='ocrx_word' id='word_1_141' title='bbox 416 1788 665 1842; x_wconf 76' lang='grc' dir='ltr'>νὼσκετο</span> <span class='ocrx_word' id='word_1_142' title='bbox 707 1791 780 1844; x_wconf 71' lang='grc' dir='ltr'>τὰ</span> <span class='ocrx_word' id='word_1_143' title='bbox 821 1792 1080 1864; x_wconf 72' lang='grc' dir='ltr'>δύσφημα</span> <span class='ocrx_word' id='word_1_144' title='bbox 1109 1793 1284 1847; x_wconf 83' lang='grc' dir='ltr'>ταῦτα</span> <span class='ocrx_word' id='word_1_145' title='bbox 1327 1795 1697 1867; x_wconf 77' lang='grc' dir='ltr'><strong>λεχθησόμενα</strong></span> <span class='ocrx_word' id='word_1_146' title='bbox 1730 1798 1870 1852; x_wconf 83' lang='grc' dir='ltr'><strong>κατά</strong></span> <span class='ocrx_word' id='word_1_147' title='bbox 1903 1798 2011 1851; x_wconf 82' lang='grc' dir='ltr'><strong>τῶν</strong></span> 
     </span>
    </p>
   </div>
   <div class='ocr_carea' id='block_1_20' title="bbox 413 1881 2009 1956">
    <p class='ocr_par' dir='ltr' id='par_1_20' title="bbox 413 1881 2009 1956">
     <span class='ocr_line' id='line_1_20' title="bbox 413 1881 2009 1956; baseline 0.008 -24"><span class='ocrx_word' id='word_1_148' title='bbox 413 1881 508 1933; x_wconf 67' lang='grc' dir='ltr'>τὸν</span> <span class='ocrx_word' id='word_1_149' title='bbox 535 1883 781 1954; x_wconf 77' lang='grc' dir='ltr'>Χριστὸν</span> <span class='ocrx_word' id='word_1_150' title='bbox 809 1885 1214 1955; x_wconf 77' lang='grc' dir='ltr'><strong>ὁμολογούντων</strong></span> <span class='ocrx_word' id='word_1_151' title='bbox 1241 1927 1255 1951; x_wconf 96' lang='grc'><strong>,</strong></span> <span class='ocrx_word' id='word_1_152' title='bbox 1291 1889 1384 1942; x_wconf 73' lang='grc' dir='ltr'>καὶ</span> <span class='ocrx_word' id='word_1_153' title='bbox 1429 1889 1505 1953; x_wconf 80' lang='grc' dir='ltr'>ὡς</span> <span class='ocrx_word' id='word_1_154' title='bbox 1544 1887 1653 1942; x_wconf 82' lang='grc' dir='ltr'>εἶεν</span> <span class='ocrx_word' id='word_1_155' title='bbox 1687 1891 1915 1956; x_wconf 82' lang='grc' dir='ltr'>τάλανες</span> <span class='ocrx_word' id='word_1_156' title='bbox 1961 1894 2009 1945; x_wconf 81' lang='grc' dir='ltr'>οξ</span> 
     </span>
    </p>
   </div>
   <div class='ocr_carea' id='block_1_21' title="bbox 412 1975 2009 2054">
    <p class='ocr_par' dir='ltr' id='par_1_21' title="bbox 412 1975 2009 2054">
     <span class='ocr_line' id='line_1_21' title="bbox 412 1975 2009 2054; baseline 0.008 -28"><span class='ocrx_word' id='word_1_157' title='bbox 412 1975 838 2044; x_wconf 62' lang='grc' dir='ltr'>δ’)σφημοῦντες</span> <span class='ocrx_word' id='word_1_158' title='bbox 868 1978 1046 2042; x_wconf 79' lang='grc' dir='ltr'>αὐτὸν,</span> <span class='ocrx_word' id='word_1_159' title='bbox 1073 1980 1166 2032; x_wconf 74' lang='grc' dir='ltr'><strong>καὶ</strong></span> <span class='ocrx_word' id='word_1_160' title='bbox 1200 1980 1266 2033; x_wconf 77' lang='grc' dir='ltr'><strong>τὰ</strong></span> <span class='ocrx_word' id='word_1_161' title='bbox 1307 1980 1510 2034; x_wconf 79' lang='grc' dir='ltr'>παλαιὰ</span> <span class='ocrx_word' id='word_1_162' title='bbox 1544 1982 1638 2054; x_wconf 80' lang='grc' dir='ltr'>ἔθη</span> <span class='ocrx_word' id='word_1_163' title='bbox 1670 1983 1833 2036; x_wconf 82' lang='grc' dir='ltr'>καλὸν</span> <span class='ocrx_word' id='word_1_164' title='bbox 1870 1979 2009 2039; x_wconf 75' lang='grc' dir='ltr'>εἶναι</span> 
     </span>
    </p>
   </div>
   <div class='ocr_carea' id='block_1_22' title="bbox 409 2068 2012 2148">
    <p class='ocr_par' dir='ltr' id='par_1_22' title="bbox 409 2068 2012 2148">
     <span class='ocr_line' id='line_1_22' title="bbox 409 2068 2012 2148; baseline 0.007 -31"><span class='ocrx_word' id='word_1_165' title='bbox 409 2069 606 2137; x_wconf 67' lang='grc' dir='ltr'>τηρεῖν</span> <span class='ocrx_word' id='word_1_166' title='bbox 641 2068 928 2136; x_wconf 75' lang='grc' dir='ltr'>λέγοντες,</span> <span class='ocrx_word' id='word_1_167' title='bbox 975 2071 1248 2129; x_wconf 78' lang='grc' dir='ltr'>ἀκούσατε</span> <span class='ocrx_word' id='word_1_168' title='bbox 1289 2073 1395 2125; x_wconf 81' lang='grc' dir='ltr'><strong>τῶν</strong></span> <span class='ocrx_word' id='word_1_169' title='bbox 1430 2073 1752 2145; x_wconf 82' lang='grc' dir='ltr'>βραχυεπῶς</span> <span class='ocrx_word' id='word_1_170' title='bbox 1786 2076 2012 2148; x_wconf 81' lang='grc' dir='ltr'>εἰρημέ-</span> 
     </span>
    </p>
   </div>
   <div class='ocr_carea' id='block_1_23' title="bbox 410 2159 2010 2237">
    <p class='ocr_par' dir='ltr' id='par_1_23' title="bbox 410 2159 2010 2237">
     <span class='ocr_line' id='line_1_23' title="bbox 410 2159 2010 2237; baseline 0.008 -28"><span class='ocrx_word' id='word_1_171' title='bbox 410 2175 518 2209; x_wconf 76' lang='grc' dir='ltr'>νων</span> <span class='ocrx_word' id='word_1_172' title='bbox 539 2159 630 2211; x_wconf 72' lang='grc' dir='ltr'><strong>διὰ</strong></span> <span class='ocrx_word' id='word_1_173' title='bbox 659 2160 907 2213; x_wconf 76' lang='grc' dir='ltr'>Ἡσαΐου.</span> <span class='ocrx_word' id='word_1_174' title='bbox 935 2163 1090 2215; x_wconf 85' lang='grc' dir='ltr'>Ἐστι</span> <span class='ocrx_word' id='word_1_175' title='bbox 1114 2162 1171 2215; x_wconf 80' lang='grc' dir='ltr'>δὲ</span> <span class='ocrx_word' id='word_1_176' title='bbox 1202 2163 1374 2217; x_wconf 80' lang='grc' dir='ltr'>ταῦτα</span> <span class='ocrx_word' id='word_1_177' title='bbox 1395 2181 1407 2194; x_wconf 90' lang='grc'><strong>·</strong></span> <span class='ocrx_word' id='word_1_178' title='bbox 1436 2166 1578 2218; x_wconf 78' lang='grc' dir='ltr'><strong>Οὐαὶ</strong></span> <span class='ocrx_word' id='word_1_179' title='bbox 1611 2166 1734 2232; x_wconf 86' lang='grc' dir='ltr'>τοῖς</span> <span class='ocrx_word' id='word_1_180' title='bbox 1759 2166 2010 2237; x_wconf 67' lang='grc' dir='ltr'>λέγουσι</span> 
     </span>
    </p>
   </div>
   <div class='ocr_carea' id='block_1_24' title="bbox 406 2250 1670 2325">
    <p class='ocr_par' dir='ltr' id='par_1_24' title="bbox 406 2250 1670 2325">
     <span class='ocr_line' id='line_1_24' title="bbox 406 2250 1670 2325; baseline 0.008 -23"><span class='ocrx_word' id='word_1_181' title='bbox 406 2250 474 2301; x_wconf 70' lang='grc' dir='ltr'>τὸ</span> <span class='ocrx_word' id='word_1_182' title='bbox 501 2250 710 2319; x_wconf 76' lang='grc' dir='ltr'><strong>γλυκὺ</strong></span> <span class='ocrx_word' id='word_1_183' title='bbox 742 2253 975 2321; x_wconf 70' lang='grc' dir='ltr'>πικρὸν,</span> <span class='ocrx_word' id='word_1_184' title='bbox 1003 2254 1101 2308; x_wconf 78' lang='grc' dir='ltr'><strong>καὶ</strong></span> <span class='ocrx_word' id='word_1_185' title='bbox 1130 2254 1193 2307; x_wconf 82' lang='grc' dir='ltr'>τὸ</span> <span class='ocrx_word' id='word_1_186' title='bbox 1221 2255 1430 2323; x_wconf 80' lang='grc' dir='ltr'>πικρὸν</span> <span class='ocrx_word' id='word_1_187' title='bbox 1453 2258 1670 2325; x_wconf 78' lang='grc' dir='ltr'><strong>γλυκύ.</strong></span> 
     </span>
    </p>
   </div>
   <div class='ocr_carea' id='block_1_25' title="bbox 481 2330 2004 2422">
    <p class='ocr_par' dir='ltr' id='par_1_25' title="bbox 481 2330 2004 2422">
     <span class='ocr_line' id='line_1_25' title="bbox 481 2330 2004 2422; baseline 0.005 -26"><span class='ocrx_word' id='word_1_188' title='bbox 481 2343 572 2397; x_wconf 81' lang='grc'>50.</span> <span class='ocrx_word' id='word_1_189' title='bbox 617 2345 746 2396; x_wconf 79' lang='grc' dir='ltr'>’Ὁτι</span> <span class='ocrx_word' id='word_1_190' title='bbox 777 2344 834 2397; x_wconf 84' lang='grc' dir='ltr'>δὲ</span> <span class='ocrx_word' id='word_1_191' title='bbox 869 2340 1138 2418; x_wconf 78' lang='grc' dir='ltr'>καὶ’ὐπὲρ</span> <span class='ocrx_word' id='word_1_192' title='bbox 1171 2347 1326 2418; x_wconf 83' lang='grc' dir='ltr'>ἡμῶν</span> <span class='ocrx_word' id='word_1_193' title='bbox 1359 2330 1648 2418; x_wconf 81' lang='grc' dir='ltr'>γενόμενος</span> <span class='ocrx_word' id='word_1_194' title='bbox 1686 2350 1970 2422; x_wconf 78' lang='grc' dir='ltr'>ἄνθρωπος</span> <span class='ocrx_word' id='word_1_195' title='bbox 1990 2391 2004 2414; x_wconf 96' lang='grc'><strong>,</strong></span> 
     </span>
    </p>
   </div>
   <div class='ocr_carea' id='block_1_26' title="bbox 410 2435 2009 2512">
    <p class='ocr_par' dir='ltr' id='par_1_26' title="bbox 410 2435 2009 2512">
     <span class='ocr_line' id='line_1_26' title="bbox 410 2435 2009 2512; baseline 0.004 -24"><span class='ocrx_word' id='word_1_196' title='bbox 410 2435 610 2489; x_wconf 69' lang='grc' dir='ltr'>πιθεῖν</span> <span class='ocrx_word' id='word_1_197' title='bbox 645 2436 747 2490; x_wconf 74' lang='grc' dir='ltr'>καὶ</span> <span class='ocrx_word' id='word_1_198' title='bbox 795 2438 1168 2509; x_wconf 77' lang='grc' dir='ltr'>ἀτιμασθῆναι</span> <span class='ocrx_word' id='word_1_199' title='bbox 1202 2441 1460 2511; x_wconf 80' lang='grc' dir='ltr'>ὑπέμεινε</span> <span class='ocrx_word' id='word_1_200' title='bbox 1482 2482 1496 2505; x_wconf 90' lang='grc'><strong>,</strong></span> <span class='ocrx_word' id='word_1_201' title='bbox 1532 2442 1628 2495; x_wconf 73' lang='grc' dir='ltr'>καὶ</span> <span class='ocrx_word' id='word_1_202' title='bbox 1673 2441 1834 2494; x_wconf 82' lang='grc' dir='ltr'>πάλιν</span> <span class='ocrx_word' id='word_1_203' title='bbox 1869 2441 2009 2512; x_wconf 88' lang='grc' dir='ltr'><strong>μετά</strong></span> 
     </span>
    </p>
   </div>
   <div class='ocr_carea' id='block_1_27' title="bbox 409 2525 2006 2604">
    <p class='ocr_par' dir='ltr' id='par_1_27' title="bbox 409 2525 2006 2604">
     <span class='ocr_line' id='line_1_27' title="bbox 409 2525 2006 2604; baseline 0.006 -27"><span class='ocrx_word' id='word_1_204' title='bbox 409 2525 569 2595; x_wconf 68' lang='grc' dir='ltr'>δόξης</span> <span class='ocrx_word' id='word_1_205' title='bbox 596 2530 1052 2599; x_wconf 72' lang='grc' dir='ltr'><strong>παραγενήσεται</strong></span> <span class='ocrx_word' id='word_1_206' title='bbox 1078 2570 1092 2593; x_wconf 95' lang='grc'><strong>,</strong></span> <span class='ocrx_word' id='word_1_207' title='bbox 1140 2530 1408 2587; x_wconf 79' lang='grc' dir='ltr'>ἀκούσατε</span> <span class='ocrx_word' id='word_1_208' title='bbox 1451 2531 1558 2585; x_wconf 84' lang='grc' dir='ltr'><strong>τῶν</strong></span> <span class='ocrx_word' id='word_1_209' title='bbox 1589 2532 1894 2604; x_wconf 79' lang='grc' dir='ltr'>εἰρημένων</span> <span class='ocrx_word' id='word_1_210' title='bbox 1927 2535 2006 2597; x_wconf 86' lang='grc' dir='ltr'>εἰς</span> 
     </span>
    </p>
   </div>
   <div class='ocr_carea' id='block_1_28' title="bbox 409 2613 2008 2694">
    <p class='ocr_par' dir='ltr' id='par_1_28' title="bbox 409 2613 2008 2694">
     <span class='ocr_line' id='line_1_28' title="bbox 409 2613 2008 2694; baseline 0.008 -28"><span class='ocrx_word' id='word_1_211' title='bbox 409 2613 568 2668; x_wconf 71' lang='grc' dir='ltr'>τοῦτο</span> <span class='ocrx_word' id='word_1_212' title='bbox 601 2619 981 2688; x_wconf 61' lang='grc' dir='ltr'>προφητειῶν.</span> <span class='ocrx_word' id='word_1_213' title='bbox 1017 2622 1174 2675; x_wconf 83' lang='grc' dir='ltr'>Ἔστι</span> <span class='ocrx_word' id='word_1_214' title='bbox 1215 2623 1272 2676; x_wconf 87' lang='grc' dir='ltr'>δὲ</span> <span class='ocrx_word' id='word_1_215' title='bbox 1305 2622 1504 2677; x_wconf 75' lang='grc' dir='ltr'>ταῦτα·</span> <span class='ocrx_word' id='word_1_216' title='bbox 1551 2619 1799 2678; x_wconf 80' lang='grc' dir='ltr'>Ἀνθ’ὦν</span> <span class='ocrx_word' id='word_1_217' title='bbox 1827 2625 2008 2694; x_wconf 77' lang='grc' dir='ltr'><strong>παρέ-</strong></span> 
     </span>
    </p>
   </div>
   <div class='ocr_carea' id='block_1_29' title="bbox 408 2708 2007 2788">
    <p class='ocr_par' dir='ltr' id='par_1_29' title="bbox 408 2708 2007 2788">
     <span class='ocr_line' id='line_1_29' title="bbox 408 2708 2007 2788; baseline 0.008 -28"><span class='ocrx_word' id='word_1_218' title='bbox 408 2708 611 2762; x_wconf 76' lang='grc' dir='ltr'>δωκαν</span> <span class='ocrx_word' id='word_1_219' title='bbox 639 2713 734 2776; x_wconf 78' lang='grc' dir='ltr'>εὶς</span> <span class='ocrx_word' id='word_1_220' title='bbox 779 2710 1044 2766; x_wconf 75' lang='grc' dir='ltr'>θάνατον</span> <span class='ocrx_word' id='word_1_221' title='bbox 1073 2713 1190 2782; x_wconf 80' lang='grc' dir='ltr'><strong>τὴν</strong></span> <span class='ocrx_word' id='word_1_222' title='bbox 1217 2715 1428 2785; x_wconf 69' lang='grc' dir='ltr'>ψυχὴν</span> <span class='ocrx_word' id='word_1_223' title='bbox 1467 2717 1657 2771; x_wconf 87' lang='grc' dir='ltr'>αὐτοῦ</span> <span class='ocrx_word' id='word_1_224' title='bbox 1676 2757 1690 2781; x_wconf 93' lang='grc'><strong>,</strong></span> <span class='ocrx_word' id='word_1_225' title='bbox 1734 2718 1832 2771; x_wconf 77' lang='grc' dir='ltr'><strong>καὶ</strong></span> <span class='ocrx_word' id='word_1_226' title='bbox 1853 2719 2007 2788; x_wconf 83' lang='grc' dir='ltr'><strong>μετά</strong></span> 
     </span>
    </p>
   </div>
   <div class='ocr_carea' id='block_1_30' title="bbox 411 2799 2007 2877">
    <p class='ocr_par' dir='ltr' id='par_1_30' title="bbox 411 2799 2007 2877">
     <span class='ocr_line' id='line_1_30' title="bbox 411 2799 2007 2877; baseline 0.009 -26"><span class='ocrx_word' id='word_1_227' title='bbox 411 2799 528 2852; x_wconf 80' lang='grc' dir='ltr'>τῶν</span> <span class='ocrx_word' id='word_1_228' title='bbox 557 2802 808 2871; x_wconf 78' lang='grc' dir='ltr'>ἀνόμων</span> <span class='ocrx_word' id='word_1_229' title='bbox 845 2803 1165 2874; x_wconf 68' lang='grc' dir='ltr'>ἐλογίσθηο</span> <span class='ocrx_word' id='word_1_230' title='bbox 1205 2807 1385 2873; x_wconf 79' lang='grc' dir='ltr'>αὐτὸς</span> <span class='ocrx_word' id='word_1_231' title='bbox 1431 2808 1717 2877; x_wconf 80' lang='grc' dir='ltr'>ἁμαρτίας</span> <span class='ocrx_word' id='word_1_232' title='bbox 1742 2810 2007 2865; x_wconf 76' lang='grc' dir='ltr'><strong>’πολλῶν</strong></span> 
     </span>
    </p>
   </div>
   <div class='ocr_carea' id='block_1_31' title="bbox 411 2896 2001 2974">
    <p class='ocr_par' dir='ltr' id='par_1_31' title="bbox 411 2896 2001 2974">
     <span class='ocr_line' id='line_1_31' title="bbox 411 2896 2001 2974; baseline 0.008 -27"><span class='ocrx_word' id='word_1_233' title='bbox 411 2897 623 2964; x_wconf 59' lang='lat' dir='ltr'><strong>tange</strong></span> <span class='ocrx_word' id='word_1_234' title='bbox 645 2937 661 2959; x_wconf 93' lang='lat'><strong>,</strong></span> <span class='ocrx_word' id='word_1_235' title='bbox 700 2896 802 2950; x_wconf 74' lang='grc' dir='ltr'><strong>καὶ</strong></span> <span class='ocrx_word' id='word_1_236' title='bbox 842 2899 967 2964; x_wconf 83' lang='grc' dir='ltr'>τοῖς</span> <span class='ocrx_word' id='word_1_237' title='bbox 1009 2899 1257 2968; x_wconf 80' lang='grc' dir='ltr'>ἀνόμοις</span> <span class='ocrx_word' id='word_1_238' title='bbox 1304 2901 1665 2965; x_wconf 79' lang='grc' dir='ltr'>ἐξιλάσεται.</span> <span class='ocrx_word' id='word_1_239' title='bbox 1708 2904 1828 2958; x_wconf 75' lang='grc' dir='ltr'>Ἴδε</span> <span class='ocrx_word' id='word_1_240' title='bbox 1855 2906 1966 2974; x_wconf 78' lang='grc' dir='ltr'><strong>γὰρ</strong></span> <span class='ocrx_word' id='word_1_241' title='bbox 1986 2947 2001 2972; x_wconf 88' lang='grc'><strong>,</strong></span> 
     </span>
    </p>
   </div>
   <div class='ocr_carea' id='block_1_32' title="bbox 410 2989 2002 3064">
    <p class='ocr_par' dir='ltr' id='par_1_32' title="bbox 410 2989 2002 3064">
     <span class='ocr_line' id='line_1_32' title="bbox 410 2989 2002 3064; baseline 0.006 -22"><span class='ocrx_word' id='word_1_242' title='bbox 410 2989 672 3055; x_wconf 75' lang='grc' dir='ltr'>συνήσει</span> <span class='ocrx_word' id='word_1_243' title='bbox 709 2993 743 3043; x_wconf 84' lang='grc' dir='ltr'><strong>ό</strong></span> <span class='ocrx_word' id='word_1_244' title='bbox 768 2991 912 3057; x_wconf 76' lang='grc' dir='ltr'>παῖς</span> <span class='ocrx_word' id='word_1_245' title='bbox 941 3009 1094 3060; x_wconf 89' lang='grc' dir='ltr'>μου,</span> <span class='ocrx_word' id='word_1_246' title='bbox 1125 2992 1223 3046; x_wconf 80' lang='grc' dir='ltr'><strong>καὶ</strong></span> <span class='ocrx_word' id='word_1_247' title='bbox 1247 2994 1648 3063; x_wconf 70' lang='grc' dir='ltr'>ὑψωθήσεται,</span> <span class='ocrx_word' id='word_1_248' title='bbox 1690 2997 1788 3051; x_wconf 83' lang='grc' dir='ltr'><strong>καὶ</strong></span> <span class='ocrx_word' id='word_1_249' title='bbox 1825 2999 2002 3064; x_wconf 82' lang='grc' dir='ltr'>δοξα-</span> 
     </span>
    </p>
   </div>
   <div class='ocr_carea' id='block_1_33' title="bbox 410 3082 2005 3156">
    <p class='ocr_par' dir='ltr' id='par_1_33' title="bbox 410 3082 2005 3156">
     <span class='ocr_line' id='line_1_33' title="bbox 410 3082 2005 3156; baseline 0.01 -26"><span class='ocrx_word' id='word_1_250' title='bbox 410 3082 708 3145; x_wconf 77' lang='grc' dir='ltr'>σθήσεται</span> <span class='ocrx_word' id='word_1_251' title='bbox 746 3083 1008 3150; x_wconf 62' lang='grc' dir='ltr'>σφόδρα.</span> <span class='ocrx_word' id='word_1_252' title='bbox 1041 3086 1144 3138; x_wconf 87' lang='grc' dir='ltr'>Ὃν</span> <span class='ocrx_word' id='word_1_253' title='bbox 1170 3087 1391 3152; x_wconf 81' lang='grc' dir='ltr'>τρόπον</span> <span class='ocrx_word' id='word_1_254' title='bbox 1418 3087 1821 3156; x_wconf 77' lang='grc' dir='ltr'><strong>ἐκστήσονται</strong></span> <span class='ocrx_word' id='word_1_255' title='bbox 1859 3096 2005 3146; x_wconf 75' lang='grc' dir='ltr'><strong>πολ-</strong></span> 
     </span>
    </p>
   </div>
   <div class='ocr_carea' id='block_1_34' title="bbox 407 3168 2003 3248">
    <p class='ocr_par' dir='ltr' id='par_1_34' title="bbox 407 3168 2003 3248">
     <span class='ocr_line' id='line_1_34' title="bbox 407 3168 2003 3248; baseline 0.009 -27"><span class='ocrx_word' id='word_1_256' title='bbox 407 3170 502 3221; x_wconf 70' lang='grc' dir='ltr'><strong>λοὶ</strong></span> <span class='ocrx_word' id='word_1_257' title='bbox 533 3168 636 3224; x_wconf 75' lang='grc' dir='ltr'><strong>ἐπὶ</strong></span> <span class='ocrx_word' id='word_1_258' title='bbox 661 3171 758 3234; x_wconf 88' lang='grc' dir='ltr'>σὲ,</span> <span class='ocrx_word' id='word_1_259' title='bbox 791 3173 981 3239; x_wconf 84' lang='grc' dir='ltr'>οὕτως</span> <span class='ocrx_word' id='word_1_260' title='bbox 1013 3174 1301 3242; x_wconf 80' lang='grc' dir='ltr'>ἀδοξήσει</span> <span class='ocrx_word' id='word_1_261' title='bbox 1338 3178 1455 3248; x_wconf 74' lang='grc' dir='ltr'><strong>ἀπὸ</strong></span> <span class='ocrx_word' id='word_1_262' title='bbox 1477 3178 1802 3248; x_wconf 75' lang='grc' dir='ltr'>ἀνθρώπων</span> <span class='ocrx_word' id='word_1_263' title='bbox 1829 3182 1895 3235; x_wconf 82' lang='grc' dir='ltr'>τὸ</span> <span class='ocrx_word' id='word_1_264' title='bbox 1922 3183 2003 3236; x_wconf 83' lang='grc' dir='ltr'><strong>εῖ-</strong></span> 
     </span>
    </p>
   </div>
   <div class='ocr_carea' id='block_1_35' title="bbox 408 3261 1994 3341">
    <p class='ocr_par' dir='ltr' id='par_1_35' title="bbox 408 3261 1994 3341">
     <span class='ocr_line' id='line_1_35' title="bbox 408 3261 1994 3341; baseline 0.009 -28"><span class='ocrx_word' id='word_1_265' title='bbox 408 3261 511 3327; x_wconf 78' lang='grc' dir='ltr'><strong>δός</strong></span> <span class='ocrx_word' id='word_1_266' title='bbox 557 3279 701 3327; x_wconf 85' lang='grc' dir='ltr'>σου,</span> <span class='ocrx_word' id='word_1_267' title='bbox 757 3267 858 3318; x_wconf 79' lang='grc' dir='ltr'><strong>καὶ</strong></span> <span class='ocrx_word' id='word_1_268' title='bbox 899 3268 938 3334; x_wconf 71' lang='grc' dir='ltr'>ἡ</span> <span class='ocrx_word' id='word_1_269' title='bbox 991 3267 1142 3332; x_wconf 80' lang='grc' dir='ltr'>δόξα</span> <span class='ocrx_word' id='word_1_270' title='bbox 1167 3283 1283 3323; x_wconf 86' lang='grc' dir='ltr'><strong>σου</strong></span> <span class='ocrx_word' id='word_1_271' title='bbox 1328 3271 1445 3326; x_wconf 79' lang='grc' dir='ltr'><strong>ἀπὸ</strong></span> <span class='ocrx_word' id='word_1_272' title='bbox 1485 3271 1604 3324; x_wconf 89' lang='grc' dir='ltr'>τῶν</span> <span class='ocrx_word' id='word_1_273' title='bbox 1639 3273 1994 3341; x_wconf 78' lang='grc' dir='ltr'>ἀνθρώπων·</span> 
     </span>
    </p>
   </div>
   <div class='ocr_carea' id='block_1_36' title="bbox 410 3356 2000 3430">
    <p class='ocr_par' dir='ltr' id='par_1_36' title="bbox 410 3356 2000 3430">
     <span class='ocr_line' id='line_1_36' title="bbox 410 3356 2000 3430; baseline 0.009 -24"><span class='ocrx_word' id='word_1_274' title='bbox 410 3356 595 3421; x_wconf 83' lang='grc' dir='ltr'>οὕτως</span> <span class='ocrx_word' id='word_1_275' title='bbox 628 3358 1048 3426; x_wconf 77' lang='grc' dir='ltr'>θαυμάσονται</span> <span class='ocrx_word' id='word_1_276' title='bbox 1076 3362 1220 3429; x_wconf 79' lang='grc' dir='ltr'>ἔθνη</span> <span class='ocrx_word' id='word_1_277' title='bbox 1255 3366 1456 3418; x_wconf 75' lang='grc' dir='ltr'><strong>πολλά</strong></span> <span class='ocrx_word' id='word_1_278' title='bbox 1478 3405 1491 3427; x_wconf 96' lang='grc'><strong>,</strong></span> <span class='ocrx_word' id='word_1_279' title='bbox 1529 3364 1628 3417; x_wconf 79' lang='grc' dir='ltr'><strong>καὶ</strong></span> <span class='ocrx_word' id='word_1_280' title='bbox 1668 3365 2000 3430; x_wconf 80' lang='grc' dir='ltr'>συνέξουσι</span> 
     </span>
    </p>
   </div>
   <div class='ocr_carea' id='block_1_37' title="bbox 402 3447 1997 3528">
    <p class='ocr_par' dir='ltr' id='par_1_37' title="bbox 402 3447 1997 3528">
     <span class='ocr_line' id='line_1_37' title="bbox 402 3447 1997 3528; baseline 0.01 -31"><span class='ocrx_word' id='word_1_281' title='bbox 402 3447 689 3512; x_wconf 77' lang='grc' dir='ltr'>,ϐασιλεῖς</span> <span class='ocrx_word' id='word_1_282' title='bbox 711 3449 778 3500; x_wconf 81' lang='grc' dir='ltr'>τὸ</span> <span class='ocrx_word' id='word_1_283' title='bbox 808 3451 1003 3517; x_wconf 87' lang='grc' dir='ltr'>στόμα</span> <span class='ocrx_word' id='word_1_284' title='bbox 1034 3451 1250 3506; x_wconf 85' lang='grc' dir='ltr'>αὐτῶν.</span> <span class='ocrx_word' id='word_1_285' title='bbox 1297 3455 1415 3508; x_wconf 87' lang='grc' dir='ltr'>Ὅτι</span> <span class='ocrx_word' id='word_1_286' title='bbox 1443 3451 1534 3521; x_wconf 84' lang='grc' dir='ltr'><strong>οἷς</strong></span> <span class='ocrx_word' id='word_1_287' title='bbox 1555 3458 1667 3510; x_wconf 81' lang='grc' dir='ltr'><strong>οὐκ</strong></span> <span class='ocrx_word' id='word_1_288' title='bbox 1694 3459 1997 3528; x_wconf 73' lang='grc' dir='ltr'>ἀνηγγέλη</span> 
     </span>
    </p>
   </div>
   <div class='ocr_carea' id='block_1_38' title="bbox 408 3540 1995 3616">
    <p class='ocr_par' dir='ltr' id='par_1_38' title="bbox 408 3540 1995 3616">
     <span class='ocr_line' id='line_1_38' title="bbox 408 3540 1995 3616; baseline 0.01 -26"><span class='ocrx_word' id='word_1_289' title='bbox 408 3540 534 3606; x_wconf 66' lang='grc' dir='ltr'>περὶ</span> <span class='ocrx_word' id='word_1_290' title='bbox 564 3541 760 3594; x_wconf 77' lang='grc' dir='ltr'>αὑτοῦ</span> <span class='ocrx_word' id='word_1_291' title='bbox 793 3542 927 3611; x_wconf 76' lang='grc'>(51),</span> <span class='ocrx_word' id='word_1_292' title='bbox 965 3543 1064 3595; x_wconf 79' lang='grc' dir='ltr'><strong>καὶ</strong></span> <span class='ocrx_word' id='word_1_293' title='bbox 1090 3543 1148 3597; x_wconf 83' lang='grc' dir='ltr'><strong>οἲ</strong></span> <span class='ocrx_word' id='word_1_294' title='bbox 1174 3547 1284 3599; x_wconf 83' lang='grc' dir='ltr'><strong>οὐκ</strong></span> <span class='ocrx_word' id='word_1_295' title='bbox 1314 3547 1608 3615; x_wconf 80' lang='grc' dir='ltr'>ἀκηκόασι</span> <span class='ocrx_word' id='word_1_296' title='bbox 1630 3550 1995 3616; x_wconf 77' lang='grc' dir='ltr'>συνήσουσι.</span> 
     </span>
    </p>
   </div>
   <div class='ocr_carea' id='block_1_39' title="bbox 403 3635 2000 3711">
    <p class='ocr_par' dir='ltr' id='par_1_39' title="bbox 403 3635 2000 3711">
     <span class='ocr_line' id='line_1_39' title="bbox 403 3635 2000 3711; baseline 0.008 -26"><span class='ocrx_word' id='word_1_297' title='bbox 403 3636 600 3700; x_wconf 75' lang='grc' dir='ltr'>Κύριε,</span> <span class='ocrx_word' id='word_1_298' title='bbox 634 3635 731 3700; x_wconf 86' lang='grc' dir='ltr'>τίς</span> <span class='ocrx_word' id='word_1_299' title='bbox 768 3635 1096 3690; x_wconf 80' lang='grc' dir='ltr'>ἐπίστευσε</span> <span class='ocrx_word' id='word_1_300' title='bbox 1124 3637 1200 3705; x_wconf 76' lang='grc' dir='ltr'>τῇ</span> <span class='ocrx_word' id='word_1_301' title='bbox 1237 3639 1389 3709; x_wconf 75' lang='grc' dir='ltr'><strong>ἀκοῇ</strong></span> <span class='ocrx_word' id='word_1_302' title='bbox 1428 3640 1632 3709; x_wconf 63' lang='lat' dir='ltr'><strong>aper,-</strong></span> <span class='ocrx_word' id='word_1_303' title='bbox 1671 3643 1766 3695; x_wconf 81' lang='grc' dir='ltr'><strong>καὶ</strong></span> <span class='ocrx_word' id='word_1_304' title='bbox 1797 3647 1830 3697; x_wconf 89' lang='grc' dir='ltr'><strong>ό</strong></span> <span class='ocrx_word' id='word_1_305' title='bbox 1851 3645 2000 3711; x_wconf 78' lang='grc' dir='ltr'>βρα-</span> 
     </span>
    </p>
   </div>
   <div class='ocr_carea' id='block_1_40' title="bbox 405 3727 2000 3805">
    <p class='ocr_par' dir='ltr' id='par_1_40' title="bbox 405 3727 2000 3805">
     <span class='ocr_line' id='line_1_40' title="bbox 405 3727 2000 3805; baseline 0.008 -29"><span class='ocrx_word' id='word_1_306' title='bbox 405 3727 554 3792; x_wconf 79' lang='grc' dir='ltr'><strong>χίων</strong></span> <span class='ocrx_word' id='word_1_307' title='bbox 616 3727 846 3794; x_wconf 78' lang='lat' dir='ltr'><strong>Kvpt&#39;ov</strong></span> <span class='ocrx_word' id='word_1_308' title='bbox 896 3734 1014 3780; x_wconf 82' lang='grc' dir='ltr'>τίνι</span> <span class='ocrx_word' id='word_1_309' title='bbox 1071 3730 1502 3800; x_wconf 62' lang='grc' dir='ltr'>ἀπεκαλύρθτυ</span> <span class='ocrx_word' id='word_1_310' title='bbox 1549 3734 2000 3805; x_wconf 71' lang='grc' dir='ltr'>Ἀνητγείλαμεν</span> 
     </span>
    </p>
   </div>
   <div class='ocr_carea' id='block_1_41' title="bbox 404 3816 1993 3897">
    <p class='ocr_par' dir='ltr' id='par_1_41' title="bbox 404 3816 1993 3897">
     <span class='ocr_line' id='line_1_41' title="bbox 404 3816 1993 3897; baseline 0.01 -30"><span class='ocrx_word' id='word_1_311' title='bbox 404 3816 660 3870; x_wconf 71' lang='grc' dir='ltr'>ἐνώπιον</span> <span class='ocrx_word' id='word_1_312' title='bbox 684 3817 878 3871; x_wconf 79' lang='grc' dir='ltr'>αὑτοῦ</span> <span class='ocrx_word' id='word_1_313' title='bbox 899 3820 982 3884; x_wconf 85' lang='grc' dir='ltr'>ὡς</span> <span class='ocrx_word' id='word_1_314' title='bbox 1003 3820 1261 3884; x_wconf 79' lang='grc' dir='ltr'>παιδίον,</span> <span class='ocrx_word' id='word_1_315' title='bbox 1285 3824 1365 3888; x_wconf 87' lang='grc' dir='ltr'>ὠς</span> <span class='ocrx_word' id='word_1_316' title='bbox 1376 3821 1508 3890; x_wconf 76' lang='grc' dir='ltr'><strong>ῥίζα</strong></span> <span class='ocrx_word' id='word_1_317' title='bbox 1527 3824 1598 3877; x_wconf 85' lang='grc' dir='ltr'>ἐν</span> <span class='ocrx_word' id='word_1_318' title='bbox 1624 3824 1702 3894; x_wconf 72' lang='grc' dir='ltr'><strong>γῇ</strong></span> <span class='ocrx_word' id='word_1_319' title='bbox 1720 3825 1959 3897; x_wconf 75' lang='grc' dir='ltr'>διψώσῃ</span> <span class='ocrx_word' id='word_1_320' title='bbox 1981 3845 1993 3858; x_wconf 92' lang='grc'><strong>·</strong></span> 
     </span>
    </p>
   </div>
   <div class='ocr_carea' id='block_1_42' title="bbox 403 3907 1998 3988">
    <p class='ocr_par' dir='ltr' id='par_1_42' title="bbox 403 3907 1998 3988">
     <span class='ocr_line' id='line_1_42' title="bbox 403 3907 1998 3988; baseline 0.008 -27"><span class='ocrx_word' id='word_1_321' title='bbox 403 3910 511 3962; x_wconf 79' lang='grc' dir='ltr'><strong>οὐκ</strong></span> <span class='ocrx_word' id='word_1_322' title='bbox 567 3910 749 3978; x_wconf 75' lang='grc' dir='ltr'>ἔστιν</span> <span class='ocrx_word' id='word_1_323' title='bbox 779 3907 941 3976; x_wconf 81' lang='grc' dir='ltr'>εἶδος</span> <span class='ocrx_word' id='word_1_324' title='bbox 972 3911 1161 3976; x_wconf 84' lang='grc' dir='ltr'>αὐτῷ,</span> <span class='ocrx_word' id='word_1_325' title='bbox 1197 3913 1337 3966; x_wconf 83' lang='grc' dir='ltr'><strong>οὐδὲ</strong></span> <span class='ocrx_word' id='word_1_326' title='bbox 1382 3915 1557 3980; x_wconf 77' lang='grc' dir='ltr'>δόξα·</span> <span class='ocrx_word' id='word_1_327' title='bbox 1611 3919 1708 3971; x_wconf 78' lang='grc' dir='ltr'><strong>καὶ</strong></span> <span class='ocrx_word' id='word_1_328' title='bbox 1758 3919 1998 3988; x_wconf 80' lang='grc' dir='ltr'>εἴδομεν</span> 
     </span>
    </p>
   </div>
   <div class='ocr_carea' id='block_1_43' title="bbox 403 4002 1994 4077">
    <p class='ocr_par' dir='ltr' id='par_1_43' title="bbox 403 4002 1994 4077">
     <span class='ocr_line' id='line_1_43' title="bbox 403 4002 1994 4077; baseline 0.009 -24"><span class='ocrx_word' id='word_1_329' title='bbox 403 4003 610 4066; x_wconf 66' lang='grc' dir='ltr'>αὑτὸν,</span> <span class='ocrx_word' id='word_1_330' title='bbox 640 4003 743 4056; x_wconf 75' lang='grc' dir='ltr'><strong>καὶ</strong></span> <span class='ocrx_word' id='word_1_331' title='bbox 774 4007 886 4057; x_wconf 79' lang='grc' dir='ltr'><strong>οὐκ</strong></span> <span class='ocrx_word' id='word_1_332' title='bbox 919 4002 1085 4073; x_wconf 76' lang='grc' dir='ltr'>εἶχεν</span> <span class='ocrx_word' id='word_1_333' title='bbox 1111 4004 1270 4073; x_wconf 74' lang='grc' dir='ltr'>εἶδος</span> <span class='ocrx_word' id='word_1_334' title='bbox 1299 4007 1441 4061; x_wconf 81' lang='grc' dir='ltr'>οὐδὲ</span> <span class='ocrx_word' id='word_1_335' title='bbox 1471 4009 1714 4077; x_wconf 74' lang='grc' dir='ltr'><strong>κάλλος,</strong></span> <span class='ocrx_word' id='word_1_336' title='bbox 1739 4013 1900 4066; x_wconf 72' lang='grc' dir='ltr'><strong>ἀλλὰ</strong></span> <span class='ocrx_word' id='word_1_337' title='bbox 1929 4014 1994 4067; x_wconf 85' lang='grc' dir='ltr'>τὸ</span> 
     </span>
    </p>
   </div>
   <div class='ocr_carea' id='block_1_44' title="bbox 403 4090 1997 4170">
    <p class='ocr_par' dir='ltr' id='par_1_44' title="bbox 403 4090 1997 4170">
     <span class='ocr_line' id='line_1_44' title="bbox 403 4090 1997 4170; baseline 0.008 -25"><span class='ocrx_word' id='word_1_338' title='bbox 403 4090 561 4158; x_wconf 69' lang='grc' dir='ltr'>εἶδος</span> <span class='ocrx_word' id='word_1_339' title='bbox 595 4096 792 4149; x_wconf 77' lang='grc' dir='ltr'>αὐτοῦ</span> <span class='ocrx_word' id='word_1_340' title='bbox 825 4097 1038 4166; x_wconf 82' lang='grc' dir='ltr'>ἄτιμον</span> <span class='ocrx_word' id='word_1_341' title='bbox 1077 4099 1174 4152; x_wconf 78' lang='grc' dir='ltr'><strong>καὶ</strong></span> <span class='ocrx_word' id='word_1_342' title='bbox 1207 4099 1490 4153; x_wconf 77' lang='grc' dir='ltr'><strong>ἐκλεῖπον</strong></span> <span class='ocrx_word' id='word_1_343' title='bbox 1523 4104 1686 4170; x_wconf 79' lang='grc' dir='ltr'>παρὰ</span> <span class='ocrx_word' id='word_1_344' title='bbox 1733 4103 1872 4169; x_wconf 86' lang='grc' dir='ltr'>τοὺς</span> <span class='ocrx_word' id='word_1_345' title='bbox 1892 4105 1997 4158; x_wconf 87' lang='grc' dir='ltr'>ἀν-</span> 
     </span>
    </p>
   </div>
   <div class='ocr_carea' id='block_1_45' title="bbox 404 4185 1992 4266">
    <p class='ocr_par' dir='ltr' id='par_1_45' title="bbox 404 4185 1992 4266">
     <span class='ocr_line' id='line_1_45' title="bbox 404 4185 1992 4266; baseline 0.009 -29"><span class='ocrx_word' id='word_1_346' title='bbox 404 4185 698 4252; x_wconf 69' lang='grc' dir='ltr'>θρώπους.</span> <span class='ocrx_word' id='word_1_347' title='bbox 730 4189 1068 4256; x_wconf 79' lang='grc' dir='ltr'>Ἀνθρωπος</span> <span class='ocrx_word' id='word_1_348' title='bbox 1096 4191 1167 4243; x_wconf 85' lang='grc' dir='ltr'>ἐν</span> <span class='ocrx_word' id='word_1_349' title='bbox 1193 4192 1398 4261; x_wconf 76' lang='grc' dir='ltr'><strong>πληγῇ</strong></span> <span class='ocrx_word' id='word_1_350' title='bbox 1428 4191 1532 4259; x_wconf 86' lang='grc' dir='ltr'>ὢν,</span> <span class='ocrx_word' id='word_1_351' title='bbox 1559 4196 1657 4248; x_wconf 81' lang='grc' dir='ltr'><strong>καὶ</strong></span> <span class='ocrx_word' id='word_1_352' title='bbox 1690 4196 1860 4263; x_wconf 81' lang='grc' dir='ltr'>εἰδὼς</span> <span class='ocrx_word' id='word_1_353' title='bbox 1888 4197 1992 4266; x_wconf 63' lang='grc' dir='ltr'><strong>φέ-</strong></span> 
     </span>
    </p>
   </div>
   <div class='ocr_carea' id='block_1_46' title="bbox 395 4280 1995 4355">
    <p class='ocr_par' dir='ltr' id='par_1_46' title="bbox 395 4280 1995 4355">
     <span class='ocr_line' id='line_1_46' title="bbox 395 4280 1995 4355; baseline 0.009 -27"><span class='ocrx_word' id='word_1_354' title='bbox 395 4295 525 4344; x_wconf 64' lang='grc' dir='ltr'>ρειν</span> <span class='ocrx_word' id='word_1_355' title='bbox 572 4280 920 4346; x_wconf 77' lang='grc' dir='ltr'>μαλακίαν,</span> <span class='ocrx_word' id='word_1_356' title='bbox 956 4280 1046 4334; x_wconf 77' lang='grc' dir='ltr'>ὅτι</span> <span class='ocrx_word' id='word_1_357' title='bbox 1089 4283 1503 4353; x_wconf 81' lang='grc' dir='ltr'>ἀπέστραπται</span> <span class='ocrx_word' id='word_1_358' title='bbox 1555 4287 1619 4340; x_wconf 84' lang='grc' dir='ltr'>τὸ</span> <span class='ocrx_word' id='word_1_359' title='bbox 1671 4289 1995 4355; x_wconf 77' lang='grc' dir='ltr'>πρόσωπον</span> 
     </span>
    </p>
   </div>
   <div class='ocr_carea' id='block_1_47' title="bbox 402 4369 1993 4447">
    <p class='ocr_par' dir='ltr' id='par_1_47' title="bbox 402 4369 1993 4447">
     <span class='ocr_line' id='line_1_47' title="bbox 402 4369 1993 4447; baseline 0.007 -25"><span class='ocrx_word' id='word_1_360' title='bbox 402 4371 624 4432; x_wconf 84' lang='grc' dir='ltr'>αὺτοῦ,</span> <span class='ocrx_word' id='word_1_361' title='bbox 659 4369 962 4441; x_wconf 81' lang='grc' dir='ltr'>ἠτιμάσθη</span> <span class='ocrx_word' id='word_1_362' title='bbox 1008 4374 1107 4426; x_wconf 78' lang='grc' dir='ltr'><strong>καὶ</strong></span> <span class='ocrx_word' id='word_1_363' title='bbox 1145 4377 1254 4428; x_wconf 76' lang='grc' dir='ltr'><strong>οὐκ</strong></span> <span class='ocrx_word' id='word_1_364' title='bbox 1299 4377 1606 4447; x_wconf 74' lang='grc' dir='ltr'>ἐλογίσθη.</span> <span class='ocrx_word' id='word_1_365' title='bbox 1655 4376 1844 4445; x_wconf 84' lang='grc' dir='ltr'>Οὗτος</span> <span class='ocrx_word' id='word_1_366' title='bbox 1888 4381 1993 4446; x_wconf 81' lang='grc' dir='ltr'>τὰς</span> 
     </span>
    </p>
   </div>
   <div class='ocr_carea' id='block_1_48' title="bbox 402 4461 1988 4538">
    <p class='ocr_par' dir='ltr' id='par_1_48' title="bbox 402 4461 1988 4538">
     <span class='ocr_line' id='line_1_48' title="bbox 402 4461 1988 4538; baseline 0.008 -27"><span class='ocrx_word' id='word_1_367' title='bbox 402 4461 697 4529; x_wconf 71' lang='grc' dir='ltr'>ἁμαρτίας</span> <span class='ocrx_word' id='word_1_368' title='bbox 729 4461 898 4530; x_wconf 76' lang='grc' dir='ltr'>ἡμῶν</span> <span class='ocrx_word' id='word_1_369' title='bbox 925 4465 1086 4533; x_wconf 63' lang='grc' dir='ltr'>φέρει</span> <span class='ocrx_word' id='word_1_370' title='bbox 1107 4506 1122 4529; x_wconf 94' lang='grc'><strong>,</strong></span> <span class='ocrx_word' id='word_1_371' title='bbox 1171 4468 1266 4520; x_wconf 73' lang='grc' dir='ltr'><strong>καὶ</strong></span> <span class='ocrx_word' id='word_1_372' title='bbox 1302 4469 1431 4535; x_wconf 78' lang='grc' dir='ltr'>περὶ</span> <span class='ocrx_word' id='word_1_373' title='bbox 1468 4469 1636 4538; x_wconf 64' lang='grc' dir='ltr'>ἡμῶν</span> <span class='ocrx_word' id='word_1_374' title='bbox 1668 4470 1952 4527; x_wconf 81' lang='grc' dir='ltr'>ὀδυνᾶται</span> <span class='ocrx_word' id='word_1_375' title='bbox 1972 4489 1988 4501; x_wconf 62' lang='grc' dir='ltr'><strong>θ</strong></span> 
     </span>
    </p>
   </div>
   <div class='ocr_carea' id='block_1_49' title="bbox 2126 781 3704 851">
    <p class='ocr_par' dir='ltr' id='par_1_49' title="bbox 2126 781 3704 851">
     <span class='ocr_line' id='line_1_49' title="bbox 2126 781 3704 851; baseline -0.001 -15"><span class='ocrx_word' id='word_1_376' title='bbox 2126 784 2218 837; x_wconf 90' lang='lat' dir='ltr'><strong>sed</strong></span> <span class='ocrx_word' id='word_1_377' title='bbox 2262 793 2375 851; x_wconf 87' lang='lat' dir='ltr'><strong>post</strong></span> <span class='ocrx_word' id='word_1_378' title='bbox 2408 791 2621 851; x_wconf 88' lang='lat' dir='ltr'><strong>peccata</strong></span> <span class='ocrx_word' id='word_1_379' title='bbox 2661 798 2797 846; x_wconf 88' lang='lat' dir='ltr'><strong>sua;</strong></span> <span class='ocrx_word' id='word_1_380' title='bbox 2829 781 3053 848; x_wconf 86' lang='lat' dir='ltr'><strong>populus</strong></span> <span class='ocrx_word' id='word_1_381' title='bbox 3080 796 3370 847; x_wconf 78' lang='lat' dir='ltr'><strong>provocans</strong></span> <span class='ocrx_word' id='word_1_382' title='bbox 3395 783 3462 834; x_wconf 84' lang='lat' dir='ltr'><strong>ad</strong></span> <span class='ocrx_word' id='word_1_383' title='bbox 3484 781 3704 834; x_wconf 84' lang='lat' dir='ltr'><strong>iracun-</strong></span> 
     </span>
    </p>
   </div>
   <div class='ocr_carea' id='block_1_50' title="bbox 2125 861 3711 940">
    <p class='ocr_par' dir='ltr' id='par_1_50' title="bbox 2125 861 3711 940">
     <span class='ocr_line' id='line_1_50' title="bbox 2125 861 3711 940; baseline 0 -14"><span class='ocrx_word' id='word_1_384' title='bbox 2125 874 2268 928; x_wconf 82' lang='lat' dir='ltr'><strong>diam</strong></span> <span class='ocrx_word' id='word_1_385' title='bbox 2294 891 2470 928; x_wconf 87' lang='lat' dir='ltr'><strong>coram</strong></span> <span class='ocrx_word' id='word_1_386' title='bbox 2494 889 2576 927; x_wconf 88' lang='lat' dir='ltr'><strong>me</strong></span> <span class='ocrx_word' id='word_1_387' title='bbox 2595 874 2636 927; x_wconf 79' lang='grc'>³.</span> <span class='ocrx_word' id='word_1_388' title='bbox 2655 872 2822 927; x_wconf 72' lang='lat' dir='ltr'><strong>Judaei</strong></span> <span class='ocrx_word' id='word_1_389' title='bbox 2856 873 3025 937; x_wconf 88' lang='lat' dir='ltr'><strong>enim,</strong></span> <span class='ocrx_word' id='word_1_390' title='bbox 3048 873 3139 940; x_wconf 89' lang='lat' dir='ltr'><strong>qui</strong></span> <span class='ocrx_word' id='word_1_391' title='bbox 3168 873 3481 940; x_wconf 73' lang='lat' dir='ltr'><strong>prophetias</strong></span> <span class='ocrx_word' id='word_1_392' title='bbox 3507 874 3558 926; x_wconf 90' lang='lat' dir='ltr'><strong>in</strong></span> <span class='ocrx_word' id='word_1_393' title='bbox 3584 861 3711 926; x_wconf 49' lang='lat' dir='ltr'><strong>ina-5</strong></span> 
     </span>
    </p>
   </div>
   <div class='ocr_carea' id='block_1_51' title="bbox 2127 963 3697 1032">
    <p class='ocr_par' dir='ltr' id='par_1_51' title="bbox 2127 963 3697 1032">
     <span class='ocr_line' id='line_1_51' title="bbox 2127 963 3697 1032; baseline 0.001 -14"><span class='ocrx_word' id='word_1_394' title='bbox 2127 964 2620 1028; x_wconf 85' lang='lat' dir='ltr'><strong>nibus-habebant,</strong></span> <span class='ocrx_word' id='word_1_395' title='bbox 2661 979 2724 1018; x_wconf 89' lang='lat' dir='ltr'><strong>ac</strong></span> <span class='ocrx_word' id='word_1_396' title='bbox 2765 963 3045 1017; x_wconf 77' lang='lat' dir='ltr'><strong>Christum</strong></span> <span class='ocrx_word' id='word_1_397' title='bbox 3095 977 3311 1032; x_wconf 86' lang='lat' dir='ltr'><strong>semper</strong></span> <span class='ocrx_word' id='word_1_398' title='bbox 3340 972 3697 1032; x_wconf 83' lang='lat' dir='ltr'><strong>exspectave-</strong></span> 
     </span>
    </p>
   </div>
   <div class='ocr_carea' id='block_1_52' title="bbox 2125 1055 3696 1126">
    <p class='ocr_par' dir='ltr' id='par_1_52' title="bbox 2125 1055 3696 1126">
     <span class='ocr_line' id='line_1_52' title="bbox 2125 1055 3696 1126; baseline -0.001 -16"><span class='ocrx_word' id='word_1_399' title='bbox 2125 1066 2250 1110; x_wconf 88' lang='lat' dir='ltr'><strong>rant</strong></span> <span class='ocrx_word' id='word_1_400' title='bbox 2279 1066 2588 1124; x_wconf 88' lang='lat' dir='ltr'><strong>venturum,</strong></span> <span class='ocrx_word' id='word_1_401' title='bbox 2615 1070 2739 1110; x_wconf 90' lang='lat' dir='ltr'><strong>eum</strong></span> <span class='ocrx_word' id='word_1_402' title='bbox 2765 1071 2871 1124; x_wconf 82' lang='lat' dir='ltr'><strong>non</strong></span> <span class='ocrx_word' id='word_1_403' title='bbox 2909 1065 3269 1126; x_wconf 84' lang='lat' dir='ltr'><strong>agnoverunt,</strong></span> <span class='ocrx_word' id='word_1_404' title='bbox 3297 1070 3360 1111; x_wconf 90' lang='lat' dir='ltr'><strong>ac</strong></span> <span class='ocrx_word' id='word_1_405' title='bbox 3386 1070 3492 1108; x_wconf 87' lang='lat' dir='ltr'><strong>non</strong></span> <span class='ocrx_word' id='word_1_406' title='bbox 3523 1055 3696 1110; x_wconf 89' lang='lat' dir='ltr'><strong>solum</strong></span> 
     </span>
    </p>
   </div>
   <div class='ocr_carea' id='block_1_53' title="bbox 2123 1146 3698 1218">
    <p class='ocr_par' dir='ltr' id='par_1_53' title="bbox 2123 1146 3698 1218">
     <span class='ocr_line' id='line_1_53' title="bbox 2123 1146 3698 1218; baseline 0.001 -18"><span class='ocrx_word' id='word_1_407' title='bbox 2123 1161 2228 1200; x_wconf 85' lang='lat' dir='ltr'><strong>non</strong></span> <span class='ocrx_word' id='word_1_408' title='bbox 2267 1157 2603 1218; x_wconf 84' lang='lat' dir='ltr'><strong>agnoverunt</strong></span> <span class='ocrx_word' id='word_1_409' title='bbox 2624 1188 2639 1212; x_wconf 90' lang='lat'><strong>,</strong></span> <span class='ocrx_word' id='word_1_410' title='bbox 2673 1148 2766 1203; x_wconf 86' lang='lat' dir='ltr'><strong>sed</strong></span> <span class='ocrx_word' id='word_1_411' title='bbox 2797 1148 2967 1202; x_wconf 75' lang='lat' dir='ltr'><strong>etiam</strong></span> <span class='ocrx_word' id='word_1_412' title='bbox 3003 1148 3346 1203; x_wconf 86' lang='lat' dir='ltr'><strong>occiderunt.</strong></span> <span class='ocrx_word' id='word_1_413' title='bbox 3382 1146 3483 1214; x_wconf 85' lang='lat' dir='ltr'><strong>Qui</strong></span> <span class='ocrx_word' id='word_1_414' title='bbox 3517 1157 3698 1202; x_wconf 86' lang='lat' dir='ltr'><strong>autem</strong></span> 
     </span>
    </p>
   </div>
   <div class='ocr_carea' id='block_1_54' title="bbox 2120 1227 3696 1308">
    <p class='ocr_par' dir='ltr' id='par_1_54' title="bbox 2120 1227 3696 1308">
     <span class='ocr_line' id='line_1_54' title="bbox 2120 1227 3696 1308; baseline 0.001 -17"><span class='ocrx_word' id='word_1_415' title='bbox 2120 1252 2185 1291; x_wconf 76' lang='lat' dir='ltr'><strong>es</strong></span> <span class='ocrx_word' id='word_1_416' title='bbox 2215 1240 2486 1308; x_wconf 85' lang='lat' dir='ltr'><strong>gentibus,</strong></span> <span class='ocrx_word' id='word_1_417' title='bbox 2518 1254 2640 1293; x_wconf 90' lang='lat' dir='ltr'><strong>cum</strong></span> <span class='ocrx_word' id='word_1_418' title='bbox 2665 1239 2802 1292; x_wconf 83' lang='lat' dir='ltr'><strong>nihil</strong></span> <span class='ocrx_word' id='word_1_419' title='bbox 2830 1253 3068 1308; x_wconf 89' lang='lat' dir='ltr'><strong>unquam</strong></span> <span class='ocrx_word' id='word_1_420' title='bbox 3101 1237 3416 1292; x_wconf 73' lang='lat' dir='ltr'><strong>tle-Christo</strong></span> <span class='ocrx_word' id='word_1_421' title='bbox 3449 1227 3696 1292; x_wconf 83' lang='lat' dir='ltr'><strong>audivis-</strong></span> 
     </span>
    </p>
   </div>
   <div class='ocr_carea' id='block_1_55' title="bbox 2119 1329 3698 1401">
    <p class='ocr_par' dir='ltr' id='par_1_55' title="bbox 2119 1329 3698 1401">
     <span class='ocr_line' id='line_1_55' title="bbox 2119 1329 3698 1401; baseline 0.001 -16"><span class='ocrx_word' id='word_1_422' title='bbox 2119 1339 2278 1396; x_wconf 85' lang='lat' dir='ltr'><strong>sent,</strong></span> <span class='ocrx_word' id='word_1_423' title='bbox 2313 1333 2490 1400; x_wconf 82' lang='lat' dir='ltr'><strong>quoad</strong></span> <span class='ocrx_word' id='word_1_424' title='bbox 2542 1331 2609 1386; x_wconf 90' lang='lat' dir='ltr'><strong>de</strong></span> <span class='ocrx_word' id='word_1_425' title='bbox 2641 1330 2759 1401; x_wconf 84' lang='lat' dir='ltr'><strong>ejus</strong></span> <span class='ocrx_word' id='word_1_426' title='bbox 2807 1332 2970 1386; x_wconf 87' lang='lat' dir='ltr'><strong>rebus</strong></span> <span class='ocrx_word' id='word_1_427' title='bbox 3017 1331 3248 1399; x_wconf 74' lang='lat' dir='ltr'><strong>apostoli</strong></span> <span class='ocrx_word' id='word_1_428' title='bbox 3304 1329 3698 1398; x_wconf 74' lang='lat' dir='ltr'><strong>Hierosolymis</strong></span> 
     </span>
    </p>
   </div>
   <div class='ocr_carea' id='block_1_56' title="bbox 2119 1422 3694 1493">
    <p class='ocr_par' dir='ltr' id='par_1_56' title="bbox 2119 1422 3694 1493">
     <span class='ocr_line' id='line_1_56' title="bbox 2119 1422 3694 1493; baseline 0.001 -19"><span class='ocrx_word' id='word_1_429' title='bbox 2119 1422 2345 1490; x_wconf 79' lang='lat' dir='ltr'><strong>profecti</strong></span> <span class='ocrx_word' id='word_1_430' title='bbox 2380 1424 2744 1489; x_wconf 86' lang='lat' dir='ltr'><strong>nuntiarent,</strong></span> <span class='ocrx_word' id='word_1_431' title='bbox 2794 1433 2848 1479; x_wconf 90' lang='lat' dir='ltr'><strong>et</strong></span> <span class='ocrx_word' id='word_1_432' title='bbox 2891 1423 3213 1493; x_wconf 65' lang='lat' dir='ltr'><strong>prophetiam</strong></span> <span class='ocrx_word' id='word_1_433' title='bbox 3243 1423 3350 1477; x_wconf 87' lang='lat' dir='ltr'><strong>illis</strong></span> <span class='ocrx_word' id='word_1_434' title='bbox 3383 1425 3694 1490; x_wconf 85' lang='lat' dir='ltr'><strong>traderent,</strong></span> 
     </span>
    </p>
   </div>
   <div class='ocr_carea' id='block_1_57' title="bbox 2118 1512 3694 1584">
    <p class='ocr_par' dir='ltr' id='par_1_57' title="bbox 2118 1512 3694 1584">
     <span class='ocr_line' id='line_1_57' title="bbox 2118 1512 3694 1584; baseline 0.003 -20"><span class='ocrx_word' id='word_1_435' title='bbox 2118 1514 2318 1581; x_wconf 81' lang='lat' dir='ltr'><strong>gaudio</strong></span> <span class='ocrx_word' id='word_1_436' title='bbox 2360 1521 2415 1568; x_wconf 87' lang='lat' dir='ltr'><strong>et</strong></span> <span class='ocrx_word' id='word_1_437' title='bbox 2463 1512 2568 1568; x_wconf 84' lang='lat' dir='ltr'><strong>ﬁde</strong></span> <span class='ocrx_word' id='word_1_438' title='bbox 2613 1514 2758 1584; x_wconf 88' lang='lat' dir='ltr'><strong>pleni</strong></span> <span class='ocrx_word' id='word_1_439' title='bbox 2817 1515 3065 1568; x_wconf 77' lang='grc' dir='ltr'>ιιιιιιιίυῐῐι</span> <span class='ocrx_word' id='word_1_440' title='bbox 3111 1512 3422 1568; x_wconf 86' lang='lat' dir='ltr'><strong>simulacris</strong></span> <span class='ocrx_word' id='word_1_441' title='bbox 3465 1513 3694 1568; x_wconf 88' lang='lat' dir='ltr'><strong>remise-</strong></span> 
     </span>
    </p>
   </div>
   <div class='ocr_carea' id='block_1_58' title="bbox 2118 1603 3694 1675">
    <p class='ocr_par' dir='ltr' id='par_1_58' title="bbox 2118 1603 3694 1675">
     <span class='ocr_line' id='line_1_58' title="bbox 2118 1603 3694 1675; baseline 0.003 -22"><span class='ocrx_word' id='word_1_442' title='bbox 2118 1611 2280 1669; x_wconf 89' lang='lat' dir='ltr'><strong>runt,</strong></span> <span class='ocrx_word' id='word_1_443' title='bbox 2308 1617 2474 1672; x_wconf 89' lang='lat' dir='ltr'><strong>seque</strong></span> <span class='ocrx_word' id='word_1_444' title='bbox 2519 1604 2761 1675; x_wconf 84' lang='lat' dir='ltr'><strong>ingenito</strong></span> <span class='ocrx_word' id='word_1_445' title='bbox 2804 1603 2916 1658; x_wconf 87' lang='lat' dir='ltr'><strong>Deo</strong></span> <span class='ocrx_word' id='word_1_446' title='bbox 2959 1618 3057 1673; x_wconf 86' lang='lat' dir='ltr'><strong>per</strong></span> <span class='ocrx_word' id='word_1_447' title='bbox 3085 1603 3365 1658; x_wconf 79' lang='lat' dir='ltr'><strong>Christum</strong></span> <span class='ocrx_word' id='word_1_448' title='bbox 3399 1619 3694 1658; x_wconf 85' lang='lat' dir='ltr'><strong>consecra-</strong></span> 
     </span>
    </p>
   </div>
   <div class='ocr_carea' id='block_1_59' title="bbox 2117 1695 3691 1766">
    <p class='ocr_par' dir='ltr' id='par_1_59' title="bbox 2117 1695 3691 1766">
     <span class='ocr_line' id='line_1_59' title="bbox 2117 1695 3691 1766; baseline 0.002 -17"><span class='ocrx_word' id='word_1_449' title='bbox 2117 1705 2264 1749; x_wconf 89' lang='lat' dir='ltr'><strong>runt.</strong></span> <span class='ocrx_word' id='word_1_450' title='bbox 2300 1696 2431 1750; x_wconf 86' lang='lat' dir='ltr'><strong>Illud</strong></span> <span class='ocrx_word' id='word_1_451' title='bbox 2459 1707 2642 1751; x_wconf 86' lang='lat' dir='ltr'><strong>autem</strong></span> <span class='ocrx_word' id='word_1_452' title='bbox 2692 1698 3084 1766; x_wconf 79' lang='lat' dir='ltr'><strong>praecognitum</strong></span> <span class='ocrx_word' id='word_1_453' title='bbox 3133 1711 3289 1762; x_wconf 92' lang='lat' dir='ltr'><strong>esse,</strong></span> <span class='ocrx_word' id='word_1_454' title='bbox 3333 1695 3565 1752; x_wconf 81' lang='lat' dir='ltr'><strong>nefanda</strong></span> <span class='ocrx_word' id='word_1_455' title='bbox 3599 1696 3691 1752; x_wconf 86' lang='lat' dir='ltr'><strong>illa</strong></span> 
     </span>
    </p>
   </div>
   <div class='ocr_carea' id='block_1_60' title="bbox 2115 1786 3690 1857">
    <p class='ocr_par' dir='ltr' id='par_1_60' title="bbox 2115 1786 3690 1857">
     <span class='ocr_line' id='line_1_60' title="bbox 2115 1786 3690 1857; baseline 0 -15"><span class='ocrx_word' id='word_1_456' title='bbox 2115 1790 2343 1844; x_wconf 87' lang='lat' dir='ltr'><strong>crimina</strong></span> <span class='ocrx_word' id='word_1_457' title='bbox 2394 1791 2661 1844; x_wconf 87' lang='lat' dir='ltr'><strong>adversus</strong></span> <span class='ocrx_word' id='word_1_458' title='bbox 2722 1804 2817 1845; x_wconf 91' lang='lat' dir='ltr'><strong>eos</strong></span> <span class='ocrx_word' id='word_1_459' title='bbox 2862 1787 2953 1857; x_wconf 89' lang='lat' dir='ltr'><strong>qui</strong></span> <span class='ocrx_word' id='word_1_460' title='bbox 2997 1786 3276 1842; x_wconf 72' lang='lat' dir='ltr'><strong>Christum</strong></span> <span class='ocrx_word' id='word_1_461' title='bbox 3331 1789 3690 1854; x_wconf 82' lang='lat' dir='ltr'><strong>conﬁtentur,</strong></span> 
     </span>
    </p>
   </div>
   <div class='ocr_carea' id='block_1_61' title="bbox 2042 1855 3692 1950">
    <p class='ocr_par' dir='ltr' id='par_1_61' title="bbox 2042 1855 3692 1950">
     <span class='ocr_line' id='line_1_61' title="bbox 2042 1855 3692 1950; baseline -0.001 -14"><span class='ocrx_word' id='word_1_462' title='bbox 2042 1855 2084 1909; x_wconf 74' lang='grc' dir='ltr'>Β</span> <span class='ocrx_word' id='word_1_463' title='bbox 2113 1896 2361 1950; x_wconf 87' lang='lat' dir='ltr'><strong>sparsum</strong></span> <span class='ocrx_word' id='word_1_464' title='bbox 2403 1882 2503 1948; x_wconf 90' lang='lat' dir='ltr'><strong>iri,</strong></span> <span class='ocrx_word' id='word_1_465' title='bbox 2536 1896 2602 1936; x_wconf 89' lang='lat' dir='ltr'><strong>ac</strong></span> <span class='ocrx_word' id='word_1_466' title='bbox 2649 1881 2880 1938; x_wconf 83' lang='lat' dir='ltr'><strong>miseros</strong></span> <span class='ocrx_word' id='word_1_467' title='bbox 2911 1880 3047 1935; x_wconf 69' lang='lat' dir='ltr'><strong>tore</strong></span> <span class='ocrx_word' id='word_1_468' title='bbox 3077 1895 3174 1936; x_wconf 86' lang='lat' dir='ltr'><strong>eos</strong></span> <span class='ocrx_word' id='word_1_469' title='bbox 3206 1881 3299 1948; x_wconf 89' lang='lat' dir='ltr'><strong>qui</strong></span> <span class='ocrx_word' id='word_1_470' title='bbox 3337 1881 3490 1936; x_wconf 83' lang='lat' dir='ltr'><strong>illum</strong></span> <span class='ocrx_word' id='word_1_471' title='bbox 3523 1881 3692 1936; x_wconf 87' lang='lat' dir='ltr'><strong>male-</strong></span> 
     </span>
    </p>
   </div>
   <div class='ocr_carea' id='block_1_62' title="bbox 2029 3228 2070 3286">
    <p class='ocr_par' dir='ltr' id='par_1_62' title="bbox 2029 3228 2070 3286">
     <span class='ocr_line' id='line_1_62' title="bbox 2029 3228 2070 3286; baseline 0 -4"><span class='ocrx_word' id='word_1_472' title='bbox 2029 3228 2070 3286; x_wconf 90' lang='lat' dir='ltr'><strong>C</strong></span> 
     </span>
    </p>
   </div>
   <div class='ocr_carea' id='block_1_63' title="bbox 2113 1971 3688 2042">
    <p class='ocr_par' dir='ltr' id='par_1_63' title="bbox 2113 1971 3688 2042">
     <span class='ocr_line' id='line_1_63' title="bbox 2113 1971 3688 2042; baseline -0.001 -16"><span class='ocrx_word' id='word_1_473' title='bbox 2113 1972 2273 2027; x_wconf 90' lang='lat' dir='ltr'><strong>dictis</strong></span> <span class='ocrx_word' id='word_1_474' title='bbox 2307 1981 2600 2042; x_wconf 88' lang='lat' dir='ltr'><strong>appetunt,</strong></span> <span class='ocrx_word' id='word_1_475' title='bbox 2635 1981 2692 2026; x_wconf 89' lang='lat' dir='ltr'><strong>et.</strong></span> <span class='ocrx_word' id='word_1_476' title='bbox 2715 1981 2900 2026; x_wconf 85' lang='lat' dir='ltr'><strong>vetera</strong></span> <span class='ocrx_word' id='word_1_477' title='bbox 2930 1971 3179 2027; x_wconf 83' lang='lat' dir='ltr'><strong>instituta</strong></span> <span class='ocrx_word' id='word_1_478' title='bbox 3205 1985 3432 2026; x_wconf 85' lang='lat' dir='ltr'><strong>servare</strong></span> <span class='ocrx_word' id='word_1_479' title='bbox 3460 1971 3688 2040; x_wconf 58' lang='lat' dir='ltr'><strong>praecla-</strong></span> 
     </span>
    </p>
   </div>
   <div class='ocr_carea' id='block_1_64' title="bbox 2113 2064 3690 2134">
    <p class='ocr_par' dir='ltr' id='par_1_64' title="bbox 2113 2064 3690 2134">
     <span class='ocr_line' id='line_1_64' title="bbox 2113 2064 3690 2134; baseline -0.001 -14"><span class='ocrx_word' id='word_1_480' title='bbox 2113 2083 2233 2120; x_wconf 88' lang='lat' dir='ltr'><strong>rum</strong></span> <span class='ocrx_word' id='word_1_481' title='bbox 2262 2081 2384 2122; x_wconf 88' lang='lat' dir='ltr'><strong>esse</strong></span> <span class='ocrx_word' id='word_1_482' title='bbox 2416 2067 2692 2130; x_wconf 82' lang='lat' dir='ltr'><strong>dictitant,</strong></span> <span class='ocrx_word' id='word_1_483' title='bbox 2722 2067 3043 2134; x_wconf 84' lang='lat' dir='ltr'><strong>cognoscite</strong></span> <span class='ocrx_word' id='word_1_484' title='bbox 3070 2080 3137 2120; x_wconf 82' lang='lat' dir='ltr'><strong>ex</strong></span> <span class='ocrx_word' id='word_1_485' title='bbox 3167 2066 3252 2120; x_wconf 89' lang='lat' dir='ltr'><strong>his</strong></span> <span class='ocrx_word' id='word_1_486' title='bbox 3273 2064 3427 2120; x_wconf 76' lang='lat' dir='ltr'><strong>Isaize</strong></span> <span class='ocrx_word' id='word_1_487' title='bbox 3451 2064 3690 2120; x_wconf 85' lang='lat' dir='ltr'><strong>breviter</strong></span> 
     </span>
    </p>
   </div>
   <div class='ocr_carea' id='block_1_65' title="bbox 2111 2157 3688 2226">
    <p class='ocr_par' dir='ltr' id='par_1_65' title="bbox 2111 2157 3688 2226">
     <span class='ocr_line' id='line_1_65' title="bbox 2111 2157 3688 2226; baseline 0 -15"><span class='ocrx_word' id='word_1_488' title='bbox 2111 2157 2274 2213; x_wconf 87' lang='lat' dir='ltr'><strong>dictis</strong></span> <span class='ocrx_word' id='word_1_489' title='bbox 2312 2175 2326 2210; x_wconf 87' lang='lat'><strong>:</strong></span> <span class='ocrx_word' id='word_1_490' title='bbox 2385 2157 2476 2211; x_wconf 77' lang='lat' dir='ltr'><strong>Va:</strong></span> <span class='ocrx_word' id='word_1_491' title='bbox 2515 2158 2605 2226; x_wconf 96' lang='lat' dir='ltr'><strong>qui</strong></span> <span class='ocrx_word' id='word_1_492' title='bbox 2655 2158 2832 2212; x_wconf 81' lang='lat' dir='ltr'><strong>dicitis</strong></span> <span class='ocrx_word' id='word_1_493' title='bbox 2873 2157 3026 2211; x_wconf 84' lang='lat' dir='ltr'><strong>dulce</strong></span> <span class='ocrx_word' id='word_1_494' title='bbox 3068 2166 3409 2222; x_wconf 61' lang='lat' dir='ltr'><strong>amarum-et</strong></span> <span class='ocrx_word' id='word_1_495' title='bbox 3445 2172 3688 2211; x_wconf 75' lang='lat' dir='ltr'><strong>amarum</strong></span> 
     </span>
    </p>
   </div>
   <div class='ocr_carea' id='block_1_66' title="bbox 2109 2251 2327 2305">
    <p class='ocr_par' dir='ltr' id='par_1_66' title="bbox 2109 2251 2327 2305">
     <span class='ocr_line' id='line_1_66' title="bbox 2109 2251 2327 2305; baseline 0.009 -2"><span class='ocrx_word' id='word_1_496' title='bbox 2109 2251 2262 2305; x_wconf 81' lang='lat' dir='ltr'><strong>dulce</strong></span> <span class='ocrx_word' id='word_1_497' title='bbox 2285 2251 2327 2305; x_wconf 81' lang='grc'><strong>⁸.</strong></span> 
     </span>
    </p>
   </div>
   <div class='ocr_carea' id='block_1_67' title="bbox 2179 2343 3687 2413">
    <p class='ocr_par' dir='ltr' id='par_1_67' title="bbox 2179 2343 3687 2413">
     <span class='ocr_line' id='line_1_67' title="bbox 2179 2343 3687 2413; baseline -0.002 -14"><span class='ocrx_word' id='word_1_498' title='bbox 2179 2343 2273 2399; x_wconf 83' lang='lat'><strong>50.</strong></span> <span class='ocrx_word' id='word_1_499' title='bbox 2313 2343 2466 2410; x_wconf 86' lang='lat' dir='ltr'><strong>Quod</strong></span> <span class='ocrx_word' id='word_1_500' title='bbox 2514 2352 2698 2398; x_wconf 91' lang='lat' dir='ltr'><strong>autem</strong></span> <span class='ocrx_word' id='word_1_501' title='bbox 2741 2351 2796 2396; x_wconf 90' lang='lat' dir='ltr'><strong>et</strong></span> <span class='ocrx_word' id='word_1_502' title='bbox 2833 2358 2933 2413; x_wconf 88' lang='lat' dir='ltr'><strong>pro</strong></span> <span class='ocrx_word' id='word_1_503' title='bbox 2973 2343 3134 2398; x_wconf 90' lang='lat' dir='ltr'><strong>nobis</strong></span> <span class='ocrx_word' id='word_1_504' title='bbox 3168 2343 3334 2399; x_wconf 92' lang='lat' dir='ltr'><strong>homo</strong></span> <span class='ocrx_word' id='word_1_505' title='bbox 3365 2343 3544 2398; x_wconf 86' lang='lat' dir='ltr'><strong>factus</strong></span> <span class='ocrx_word' id='word_1_506' title='bbox 3572 2344 3687 2412; x_wconf 79' lang='lat' dir='ltr'><strong>pati</strong></span> 
     </span>
    </p>
   </div>
   <div class='ocr_carea' id='block_1_68' title="bbox 2108 2431 3685 2503">
    <p class='ocr_par' dir='ltr' id='par_1_68' title="bbox 2108 2431 3685 2503">
     <span class='ocr_line' id='line_1_68' title="bbox 2108 2431 3685 2503; baseline -0.002 -14"><span class='ocrx_word' id='word_1_507' title='bbox 2108 2446 2165 2489; x_wconf 82' lang='lat' dir='ltr'><strong>et</strong></span> <span class='ocrx_word' id='word_1_508' title='bbox 2209 2435 2499 2503; x_wconf 77' lang='lat' dir='ltr'><strong>ignominia</strong></span> <span class='ocrx_word' id='word_1_509' title='bbox 2528 2431 2664 2486; x_wconf 77' lang='lat' dir='ltr'><strong>allici</strong></span> <span class='ocrx_word' id='word_1_510' title='bbox 2694 2433 2990 2500; x_wconf 86' lang='lat' dir='ltr'><strong>sustinuit,</strong></span> <span class='ocrx_word' id='word_1_511' title='bbox 3017 2442 3088 2486; x_wconf 55' lang='grc' dir='ltr'><strong>ὀι</strong></span> <span class='ocrx_word' id='word_1_512' title='bbox 3130 2433 3326 2488; x_wconf 89' lang='lat' dir='ltr'><strong>iterum</strong></span> <span class='ocrx_word' id='word_1_513' title='bbox 3355 2447 3480 2487; x_wconf 91' lang='lat' dir='ltr'><strong>cum</strong></span> <span class='ocrx_word' id='word_1_514' title='bbox 3512 2432 3685 2501; x_wconf 82' lang='lat' dir='ltr'><strong>gloria</strong></span> 
     </span>
    </p>
   </div>
   <div class='ocr_carea' id='block_1_69' title="bbox 2108 2525 3687 2594">
    <p class='ocr_par' dir='ltr' id='par_1_69' title="bbox 2108 2525 3687 2594">
     <span class='ocr_line' id='line_1_69' title="bbox 2108 2525 3687 2594; baseline -0.003 -10"><span class='ocrx_word' id='word_1_515' title='bbox 2108 2539 2368 2584; x_wconf 75' lang='lat' dir='ltr'><strong>ventu-rus</strong></span> <span class='ocrx_word' id='word_1_516' title='bbox 2401 2537 2514 2593; x_wconf 88' lang='lat' dir='ltr'><strong>est;</strong></span> <span class='ocrx_word' id='word_1_517' title='bbox 2548 2527 2734 2581; x_wconf 83' lang='lat' dir='ltr'><strong>audite</strong></span> <span class='ocrx_word' id='word_1_518' title='bbox 2757 2526 2903 2580; x_wconf 88' lang='lat' dir='ltr'><strong>edita</strong></span> <span class='ocrx_word' id='word_1_519' title='bbox 2923 2541 2989 2581; x_wconf 89' lang='lat' dir='ltr'><strong>ea</strong></span> <span class='ocrx_word' id='word_1_520' title='bbox 3020 2525 3086 2580; x_wconf 91' lang='lat' dir='ltr'><strong>de</strong></span> <span class='ocrx_word' id='word_1_521' title='bbox 3131 2539 3192 2579; x_wconf 90' lang='lat' dir='ltr'><strong>re</strong></span> <span class='ocrx_word' id='word_1_522' title='bbox 3222 2525 3478 2580; x_wconf 85' lang='lat' dir='ltr'><strong>vaticinia</strong></span> <span class='ocrx_word' id='word_1_523' title='bbox 3500 2563 3515 2588; x_wconf 92' lang='lat'><strong>,</strong></span> <span class='ocrx_word' id='word_1_524' title='bbox 3565 2540 3687 2594; x_wconf 75' lang='lat' dir='ltr'><strong>qua:</strong></span> 
     </span>
    </p>
   </div>
   <div class='ocr_carea' id='block_1_70' title="bbox 2107 2617 3686 2689">
    <p class='ocr_par' dir='ltr' id='par_1_70' title="bbox 2107 2617 3686 2689">
     <span class='ocr_line' id='line_1_70' title="bbox 2107 2617 3686 2689; baseline -0.004 -13"><span class='ocrx_word' id='word_1_525' title='bbox 2107 2624 2188 2678; x_wconf 91' lang='lat' dir='ltr'><strong>sic</strong></span> <span class='ocrx_word' id='word_1_526' title='bbox 2226 2622 2429 2676; x_wconf 82' lang='lat' dir='ltr'><strong>habent</strong></span> <span class='ocrx_word' id='word_1_527' title='bbox 2470 2638 2484 2676; x_wconf 89' lang='lat'><strong>:</strong></span> <span class='ocrx_word' id='word_1_528' title='bbox 2535 2618 2643 2674; x_wconf 87' lang='lat' dir='ltr'><strong>Pro</strong></span> <span class='ocrx_word' id='word_1_529' title='bbox 2687 2636 2748 2674; x_wconf 89' lang='lat' dir='ltr'><strong>eo</strong></span> <span class='ocrx_word' id='word_1_530' title='bbox 2792 2620 2932 2689; x_wconf 90' lang='lat' dir='ltr'><strong>quod</strong></span> <span class='ocrx_word' id='word_1_531' title='bbox 2977 2617 3310 2672; x_wconf 85' lang='lat' dir='ltr'><strong>tradiderunt</strong></span> <span class='ocrx_word' id='word_1_532' title='bbox 3361 2619 3418 2672; x_wconf 85' lang='lat' dir='ltr'><strong>in</strong></span> <span class='ocrx_word' id='word_1_533' title='bbox 3465 2627 3686 2672; x_wconf 87' lang='lat' dir='ltr'><strong>mortem</strong></span> 
     </span>
    </p>
   </div>
   <div class='ocr_carea' id='block_1_71' title="bbox 2106 2711 3686 2783">
    <p class='ocr_par' dir='ltr' id='par_1_71' title="bbox 2106 2711 3686 2783">
     <span class='ocr_line' id='line_1_71' title="bbox 2106 2711 3686 2783; baseline -0.004 -13"><span class='ocrx_word' id='word_1_534' title='bbox 2106 2717 2339 2770; x_wconf 76' lang='lat' dir='ltr'><strong>animum</strong></span> <span class='ocrx_word' id='word_1_535' title='bbox 2367 2717 2502 2782; x_wconf 84' lang='lat' dir='ltr'><strong>ejus,</strong></span> <span class='ocrx_word' id='word_1_536' title='bbox 2528 2724 2577 2767; x_wconf 92' lang='lat' dir='ltr'><strong>et</strong></span> <span class='ocrx_word' id='word_1_537' title='bbox 2609 2729 2727 2767; x_wconf 91' lang='lat' dir='ltr'><strong>cum</strong></span> <span class='ocrx_word' id='word_1_538' title='bbox 2755 2712 2950 2783; x_wconf 77' lang='lat' dir='ltr'><strong>iniquis</strong></span> <span class='ocrx_word' id='word_1_539' title='bbox 2982 2721 3257 2779; x_wconf 86' lang='lat' dir='ltr'><strong>reputatns</strong></span> <span class='ocrx_word' id='word_1_540' title='bbox 3283 2720 3361 2766; x_wconf 87' lang='lat' dir='ltr'><strong>est</strong></span> <span class='ocrx_word' id='word_1_541' title='bbox 3385 2728 3405 2768; x_wconf 88' lang='lat'><strong><em>:</em></strong></span> <span class='ocrx_word' id='word_1_542' title='bbox 3430 2711 3541 2780; x_wconf 84' lang='lat' dir='ltr'><strong>ipse</strong></span> <span class='ocrx_word' id='word_1_543' title='bbox 3564 2727 3686 2778; x_wconf 87' lang='lat' dir='ltr'><strong>pec-</strong></span> 
     </span>
    </p>
   </div>
   <div class='ocr_carea' id='block_1_72' title="bbox 2107 2805 3682 2878">
    <p class='ocr_par' dir='ltr' id='par_1_72' title="bbox 2107 2805 3682 2878">
     <span class='ocr_line' id='line_1_72' title="bbox 2107 2805 3682 2878; baseline -0.002 -16"><span class='ocrx_word' id='word_1_544' title='bbox 2107 2821 2226 2863; x_wconf 90' lang='lat' dir='ltr'><strong>cata</strong></span> <span class='ocrx_word' id='word_1_545' title='bbox 2269 2809 2561 2862; x_wconf 84' lang='lat' dir='ltr'><strong>multorum</strong></span> <span class='ocrx_word' id='word_1_546' title='bbox 2597 2810 2856 2877; x_wconf 74' lang='lat' dir='ltr'><strong>suscepit,</strong></span> <span class='ocrx_word' id='word_1_547' title='bbox 2897 2818 2945 2861; x_wconf 90' lang='lat' dir='ltr'><strong>et</strong></span> <span class='ocrx_word' id='word_1_548' title='bbox 2985 2807 3186 2878; x_wconf 78' lang='lat' dir='ltr'><strong>iniquis</strong></span> <span class='ocrx_word' id='word_1_549' title='bbox 3215 2808 3477 2876; x_wconf 80' lang='lat' dir='ltr'><strong>propitius</strong></span> <span class='ocrx_word' id='word_1_550' title='bbox 3518 2806 3616 2859; x_wconf 84' lang='lat' dir='ltr'><strong>erit</strong></span> <span class='ocrx_word' id='word_1_551' title='bbox 3639 2805 3682 2859; x_wconf 69' lang='grc'>⁸.</span> 
     </span>
    </p>
   </div>
   <div class='ocr_carea' id='block_1_73' title="bbox 2107 2900 3684 2971">
    <p class='ocr_par' dir='ltr' id='par_1_73' title="bbox 2107 2900 3684 2971">
     <span class='ocr_line' id='line_1_73' title="bbox 2107 2900 3684 2971; baseline -0.002 -14"><span class='ocrx_word' id='word_1_552' title='bbox 2107 2902 2244 2958; x_wconf 74' lang='lat' dir='ltr'><strong>Ecce</strong></span> <span class='ocrx_word' id='word_1_553' title='bbox 2275 2904 2412 2957; x_wconf 89' lang='lat' dir='ltr'><strong>enim</strong></span> <span class='ocrx_word' id='word_1_554' title='bbox 2445 2900 2701 2971; x_wconf 73' lang='lat' dir='ltr'><strong>intelliget</strong></span> <span class='ocrx_word' id='word_1_555' title='bbox 2740 2919 2870 2971; x_wconf 89' lang='lat' dir='ltr'><strong>puer</strong></span> <span class='ocrx_word' id='word_1_556' title='bbox 2912 2918 3092 2967; x_wconf 79' lang='lat' dir='ltr'><strong>meus,</strong></span> <span class='ocrx_word' id='word_1_557' title='bbox 3144 2911 3192 2956; x_wconf 91' lang='lat' dir='ltr'><strong>et</strong></span> <span class='ocrx_word' id='word_1_558' title='bbox 3241 2900 3592 2968; x_wconf 70' lang='lat' dir='ltr'><strong>exaltabitur,</strong></span> <span class='ocrx_word' id='word_1_559' title='bbox 3632 2909 3684 2954; x_wconf 89' lang='lat' dir='ltr'><strong>et</strong></span> 
     </span>
    </p>
   </div>
   <div class='ocr_carea' id='block_1_74' title="bbox 2105 2991 3680 3066">
    <p class='ocr_par' dir='ltr' id='par_1_74' title="bbox 2105 2991 3680 3066">
     <span class='ocr_line' id='line_1_74' title="bbox 2105 2991 3680 3066; baseline -0.003 -17"><span class='ocrx_word' id='word_1_560' title='bbox 2105 2996 2494 3066; x_wconf 84' lang='lat' dir='ltr'><strong>gloriﬁcabitur</strong></span> <span class='ocrx_word' id='word_1_561' title='bbox 2519 2997 2697 3049; x_wconf 79' lang='lat' dir='ltr'><strong>valde.</strong></span> <span class='ocrx_word' id='word_1_562' title='bbox 2720 2993 2869 3049; x_wconf 87' lang='lat' dir='ltr'><strong>Sicut</strong></span> <span class='ocrx_word' id='word_1_563' title='bbox 2900 2994 3186 3062; x_wconf 85' lang='lat' dir='ltr'><strong>stupebant</strong></span> <span class='ocrx_word' id='word_1_564' title='bbox 3230 3010 3388 3062; x_wconf 84' lang='lat' dir='ltr'><strong>super</strong></span> <span class='ocrx_word' id='word_1_565' title='bbox 3429 3006 3478 3047; x_wconf 90' lang='lat' dir='ltr'><strong>te</strong></span> <span class='ocrx_word' id='word_1_566' title='bbox 3502 2991 3680 3056; x_wconf 80' lang='lat' dir='ltr'><strong>multi,</strong></span> 
     </span>
    </p>
   </div>
   <div class='ocr_carea' id='block_1_75' title="bbox 2107 3085 3682 3158">
    <p class='ocr_par' dir='ltr' id='par_1_75' title="bbox 2107 3085 3682 3158">
     <span class='ocr_line' id='line_1_75' title="bbox 2107 3085 3682 3158; baseline -0.003 -16"><span class='ocrx_word' id='word_1_567' title='bbox 2107 3089 2182 3142; x_wconf 88' lang='lat' dir='ltr'><strong>sic</strong></span> <span class='ocrx_word' id='word_1_568' title='bbox 2201 3089 2457 3158; x_wconf 86' lang='lat' dir='ltr'><strong>inglorius</strong></span> <span class='ocrx_word' id='word_1_569' title='bbox 2478 3088 2575 3142; x_wconf 91' lang='lat' dir='ltr'><strong>erit</strong></span> <span class='ocrx_word' id='word_1_570' title='bbox 2593 3089 2657 3140; x_wconf 89' lang='lat' dir='ltr'><strong>ab</strong></span> <span class='ocrx_word' id='word_1_571' title='bbox 2687 3087 2988 3140; x_wconf 83' lang='lat' dir='ltr'><strong>hominibus</strong></span> <span class='ocrx_word' id='word_1_572' title='bbox 3007 3097 3250 3156; x_wconf 86' lang='lat' dir='ltr'><strong>aspectus</strong></span> <span class='ocrx_word' id='word_1_573' title='bbox 3269 3093 3478 3149; x_wconf 88' lang='lat' dir='ltr'><strong>tuus,et</strong></span> <span class='ocrx_word' id='word_1_574' title='bbox 3508 3085 3682 3153; x_wconf 80' lang='lat' dir='ltr'><strong>gloria</strong></span> 
     </span>
    </p>
   </div>
   <div class='ocr_carea' id='block_1_76' title="bbox 2106 3176 3682 3243">
    <p class='ocr_par' dir='ltr' id='par_1_76' title="bbox 2106 3176 3682 3243">
     <span class='ocr_line' id='line_1_76' title="bbox 2106 3176 3682 3243; baseline -0.003 -10"><span class='ocrx_word' id='word_1_575' title='bbox 2106 3191 2196 3234; x_wconf 85' lang='lat' dir='ltr'><strong>tua</strong></span> <span class='ocrx_word' id='word_1_576' title='bbox 2231 3180 2294 3232; x_wconf 79' lang='lat' dir='ltr'><strong>ab</strong></span> <span class='ocrx_word' id='word_1_577' title='bbox 2333 3179 2656 3232; x_wconf 80' lang='lat' dir='ltr'><strong>hominibus.</strong></span> <span class='ocrx_word' id='word_1_578' title='bbox 2698 3177 2790 3233; x_wconf 87' lang='lat' dir='ltr'><strong>Sic</strong></span> <span class='ocrx_word' id='word_1_579' title='bbox 2823 3179 3164 3232; x_wconf 86' lang='lat' dir='ltr'><strong>mirabuntur</strong></span> <span class='ocrx_word' id='word_1_580' title='bbox 3191 3188 3369 3243; x_wconf 84' lang='lat' dir='ltr'><strong>gentes</strong></span> <span class='ocrx_word' id='word_1_581' title='bbox 3399 3176 3600 3241; x_wconf 60' lang='lat' dir='ltr'><strong>multat,</strong></span> <span class='ocrx_word' id='word_1_582' title='bbox 3633 3185 3682 3229; x_wconf 87' lang='lat' dir='ltr'><strong>et</strong></span> 
     </span>
    </p>
   </div>
   <div class='ocr_carea' id='block_1_77' title="bbox 2104 3269 3682 3340">
    <p class='ocr_par' dir='ltr' id='par_1_77' title="bbox 2104 3269 3682 3340">
     <span class='ocr_line' id='line_1_77' title="bbox 2104 3269 3682 3340; baseline -0.003 -16"><span class='ocrx_word' id='word_1_583' title='bbox 2104 3269 2435 3324; x_wconf 81' lang='lat' dir='ltr'><strong>continebant</strong></span> <span class='ocrx_word' id='word_1_584' title='bbox 2467 3287 2609 3340; x_wconf 83' lang='lat' dir='ltr'><strong>reges</strong></span> <span class='ocrx_word' id='word_1_585' title='bbox 2636 3286 2694 3323; x_wconf 90' lang='lat' dir='ltr'><strong>os</strong></span> <span class='ocrx_word' id='word_1_586' title='bbox 2730 3286 2905 3323; x_wconf 82' lang='lat' dir='ltr'><strong>suum.</strong></span> <span class='ocrx_word' id='word_1_587' title='bbox 2937 3269 3079 3333; x_wconf 77' lang='lat' dir='ltr'><strong>Quia</strong></span> <span class='ocrx_word' id='word_1_588' title='bbox 3116 3270 3308 3338; x_wconf 79' lang='lat' dir='ltr'><strong>quibus</strong></span> <span class='ocrx_word' id='word_1_589' title='bbox 3349 3284 3452 3321; x_wconf 88' lang='lat' dir='ltr'><strong>non</strong></span> <span class='ocrx_word' id='word_1_590' title='bbox 3479 3272 3553 3321; x_wconf 88' lang='lat' dir='ltr'><strong>est</strong></span> <span class='ocrx_word' id='word_1_591' title='bbox 3583 3283 3682 3320; x_wconf 83' lang='lat' dir='ltr'><strong>an-</strong></span> 
     </span>
    </p>
   </div>
   <div class='ocr_carea' id='block_1_78' title="bbox 2103 3359 3676 3432">
    <p class='ocr_par' dir='ltr' id='par_1_78' title="bbox 2103 3359 3676 3432">
     <span class='ocr_line' id='line_1_78' title="bbox 2103 3359 3676 3432; baseline -0.003 -16"><span class='ocrx_word' id='word_1_592' title='bbox 2103 3364 2406 3418; x_wconf 82' lang='lat' dir='ltr'><strong>nuntiatum</strong></span> <span class='ocrx_word' id='word_1_593' title='bbox 2436 3363 2499 3416; x_wconf 83' lang='lat' dir='ltr'><strong>de</strong></span> <span class='ocrx_word' id='word_1_594' title='bbox 2524 3361 2629 3432; x_wconf 69' lang='lat' dir='ltr'><strong>eo,5</strong></span> <span class='ocrx_word' id='word_1_595' title='bbox 2647 3371 2698 3415; x_wconf 89' lang='lat' dir='ltr'><strong>et</strong></span> <span class='ocrx_word' id='word_1_596' title='bbox 2717 3363 2807 3432; x_wconf 85' lang='lat' dir='ltr'><strong>qui</strong></span> <span class='ocrx_word' id='word_1_597' title='bbox 2838 3378 2942 3416; x_wconf 88' lang='lat' dir='ltr'><strong>non</strong></span> <span class='ocrx_word' id='word_1_598' title='bbox 2978 3360 3284 3425; x_wconf 77' lang='lat' dir='ltr'><strong>audierunt,</strong></span> <span class='ocrx_word' id='word_1_599' title='bbox 3317 3360 3610 3430; x_wconf 75' lang='lat' dir='ltr'><strong>intelligent</strong></span> <span class='ocrx_word' id='word_1_600' title='bbox 3632 3359 3676 3412; x_wconf 79' lang='grc'>³.</span> 
     </span>
    </p>
   </div>
   <div class='ocr_carea' id='block_1_79' title="bbox 2104 3450 3679 3523">
    <p class='ocr_par' dir='ltr' id='par_1_79' title="bbox 2104 3450 3679 3523">
     <span class='ocr_line' id='line_1_79' title="bbox 2104 3450 3679 3523; baseline -0.002 -16"><span class='ocrx_word' id='word_1_601' title='bbox 2104 3455 2354 3519; x_wconf 87' lang='lat' dir='ltr'><strong>Domine,</strong></span> <span class='ocrx_word' id='word_1_602' title='bbox 2397 3454 2513 3523; x_wconf 88' lang='lat' dir='ltr'><strong>quis</strong></span> <span class='ocrx_word' id='word_1_603' title='bbox 2541 3453 2764 3507; x_wconf 85' lang='lat' dir='ltr'><strong>credidit</strong></span> <span class='ocrx_word' id='word_1_604' title='bbox 2804 3452 3014 3506; x_wconf 89' lang='lat' dir='ltr'><strong>auditui</strong></span> <span class='ocrx_word' id='word_1_605' title='bbox 3055 3451 3271 3504; x_wconf 85' lang='lat' dir='ltr'><strong>nostra?</strong></span> <span class='ocrx_word' id='word_1_606' title='bbox 3320 3460 3371 3504; x_wconf 86' lang='lat' dir='ltr'><strong>et</strong></span> <span class='ocrx_word' id='word_1_607' title='bbox 3405 3450 3679 3504; x_wconf 83' lang='lat' dir='ltr'><strong>brachium</strong></span> 
     </span>
    </p>
   </div>
   <div class='ocr_carea' id='block_1_80' title="bbox 2103 3543 3682 3601">
    <p class='ocr_par' dir='ltr' id='par_1_80' title="bbox 2103 3543 3682 3601">
     <span class='ocr_line' id='line_1_80' title="bbox 2103 3543 3682 3601; baseline -0.003 -1"><span class='ocrx_word' id='word_1_608' title='bbox 2103 3547 2314 3601; x_wconf 81' lang='lat' dir='ltr'><strong>Domini</strong></span> <span class='ocrx_word' id='word_1_609' title='bbox 2360 3548 2446 3601; x_wconf 86' lang='lat' dir='ltr'><strong>cui</strong></span> <span class='ocrx_word' id='word_1_610' title='bbox 2487 3545 2772 3601; x_wconf 87' lang='lat' dir='ltr'><strong>revelatum</strong></span> <span class='ocrx_word' id='word_1_611' title='bbox 2813 3546 2930 3600; x_wconf 88' lang='lat' dir='ltr'><strong>est?</strong></span> <span class='ocrx_word' id='word_1_612' title='bbox 2972 3544 3414 3598; x_wconf 81' lang='lat' dir='ltr'><strong>Annuntiauimus</strong></span> <span class='ocrx_word' id='word_1_613' title='bbox 3456 3543 3511 3595; x_wconf 90' lang='lat' dir='ltr'><strong>in</strong></span> <span class='ocrx_word' id='word_1_614' title='bbox 3563 3557 3682 3596; x_wconf 87' lang='lat' dir='ltr'><strong>con-</strong></span> 
     </span>
    </p>
   </div>
   <div class='ocr_carea' id='block_1_81' title="bbox 2100 3634 3677 3708">
    <p class='ocr_par' dir='ltr' id='par_1_81' title="bbox 2100 3634 3677 3708">
     <span class='ocr_line' id='line_1_81' title="bbox 2100 3634 3677 3708; baseline -0.005 -14"><span class='ocrx_word' id='word_1_615' title='bbox 2100 3651 2278 3708; x_wconf 85' lang='lat' dir='ltr'><strong>spectu</strong></span> <span class='ocrx_word' id='word_1_616' title='bbox 2313 3640 2427 3706; x_wconf 82' lang='lat' dir='ltr'><strong>eius</strong></span> <span class='ocrx_word' id='word_1_617' title='bbox 2471 3650 2725 3708; x_wconf 88' lang='lat' dir='ltr'><strong>tanquam</strong></span> <span class='ocrx_word' id='word_1_618' title='bbox 2769 3637 3051 3708; x_wconf 84' lang='lat' dir='ltr'><strong>puerulum</strong></span> <span class='ocrx_word' id='word_1_619' title='bbox 3083 3636 3235 3706; x_wconf 70' lang='lat'><strong>(39.);</strong></span> <span class='ocrx_word' id='word_1_620' title='bbox 3268 3637 3403 3689; x_wconf 85' lang='lat' dir='ltr'><strong>sicut</strong></span> <span class='ocrx_word' id='word_1_621' title='bbox 3434 3634 3594 3688; x_wconf 73' lang='lat' dir='ltr'><strong>radis;</strong></span> <span class='ocrx_word' id='word_1_622' title='bbox 3624 3635 3677 3686; x_wconf 85' lang='lat' dir='ltr'><strong>in</strong></span> 
     </span>
    </p>
   </div>
   <div class='ocr_carea' id='block_1_82' title="bbox 2100 3727 3679 3804">
    <p class='ocr_par' dir='ltr' id='par_1_82' title="bbox 2100 3727 3679 3804">
     <span class='ocr_line' id='line_1_82' title="bbox 2100 3727 3679 3804; baseline -0.001 -22"><span class='ocrx_word' id='word_1_623' title='bbox 2100 3743 2241 3786; x_wconf 91' lang='lat' dir='ltr'><strong>terra</strong></span> <span class='ocrx_word' id='word_1_624' title='bbox 2277 3733 2480 3786; x_wconf 85' lang='lat' dir='ltr'><strong>sitienti</strong></span> <span class='ocrx_word' id='word_1_625' title='bbox 2510 3748 2529 3786; x_wconf 89' lang='lat'><strong><em>:</em></strong></span> <span class='ocrx_word' id='word_1_626' title='bbox 2561 3748 2666 3785; x_wconf 87' lang='lat' dir='ltr'><strong>non</strong></span> <span class='ocrx_word' id='word_1_627' title='bbox 2704 3741 2779 3785; x_wconf 87' lang='lat' dir='ltr'><strong>est</strong></span> <span class='ocrx_word' id='word_1_628' title='bbox 2825 3732 3019 3799; x_wconf 86' lang='lat' dir='ltr'><strong>species</strong></span> <span class='ocrx_word' id='word_1_629' title='bbox 3049 3731 3134 3796; x_wconf 87' lang='lat' dir='ltr'><strong>ei,</strong></span> <span class='ocrx_word' id='word_1_630' title='bbox 3185 3745 3355 3804; x_wconf 81' lang='lat' dir='ltr'><strong>neque</strong></span> <span class='ocrx_word' id='word_1_631' title='bbox 3394 3727 3600 3796; x_wconf 85' lang='lat' dir='ltr'><strong>gloria;</strong></span> <span class='ocrx_word' id='word_1_632' title='bbox 3629 3738 3679 3781; x_wconf 88' lang='lat' dir='ltr'><strong>et</strong></span> 
     </span>
    </p>
   </div>
   <div class='ocr_carea' id='block_1_83' title="bbox 2100 3819 3676 3890">
    <p class='ocr_par' dir='ltr' id='par_1_83' title="bbox 2100 3819 3676 3890">
     <span class='ocr_line' id='line_1_83' title="bbox 2100 3819 3676 3890; baseline -0.004 -12"><span class='ocrx_word' id='word_1_633' title='bbox 2100 3825 2325 3878; x_wconf 82' lang='lat' dir='ltr'><strong>vidimus</strong></span> <span class='ocrx_word' id='word_1_634' title='bbox 2367 3841 2484 3878; x_wconf 88' lang='lat' dir='ltr'><strong>eum</strong></span> <span class='ocrx_word' id='word_1_635' title='bbox 2504 3864 2518 3887; x_wconf 92' lang='lat'><strong>,</strong></span> <span class='ocrx_word' id='word_1_636' title='bbox 2555 3832 2604 3878; x_wconf 89' lang='lat' dir='ltr'><strong>et</strong></span> <span class='ocrx_word' id='word_1_637' title='bbox 2654 3840 2757 3877; x_wconf 87' lang='lat' dir='ltr'><strong>non</strong></span> <span class='ocrx_word' id='word_1_638' title='bbox 2785 3821 3007 3876; x_wconf 81' lang='lat' dir='ltr'><strong>habebat</strong></span> <span class='ocrx_word' id='word_1_639' title='bbox 3035 3825 3281 3890; x_wconf 87' lang='lat' dir='ltr'><strong>speciem,</strong></span> <span class='ocrx_word' id='word_1_640' title='bbox 3332 3837 3496 3890; x_wconf 83' lang='lat' dir='ltr'><strong>neque</strong></span> <span class='ocrx_word' id='word_1_641' title='bbox 3521 3819 3676 3873; x_wconf 82' lang='lat' dir='ltr'><strong>deco-</strong></span> 
     </span>
    </p>
   </div>
   <div class='ocr_carea' id='block_1_84' title="bbox 2032 3911 3676 3984">
    <p class='ocr_par' dir='ltr' id='par_1_84' title="bbox 2032 3911 3676 3984">
     <span class='ocr_line' id='line_1_84' title="bbox 2032 3911 3676 3984; baseline -0.005 -14"><span class='ocrx_word' id='word_1_642' title='bbox 2032 3922 2039 3928; x_wconf 86' lang='lat'>&#39;</span> <span class='ocrx_word' id='word_1_643' title='bbox 2100 3933 2238 3982; x_wconf 84' lang='lat' dir='ltr'><strong>rem;</strong></span> <span class='ocrx_word' id='word_1_644' title='bbox 2286 3918 2375 3970; x_wconf 91' lang='lat' dir='ltr'><strong>sed</strong></span> <span class='ocrx_word' id='word_1_645' title='bbox 2418 3918 2613 3984; x_wconf 89' lang='lat' dir='ltr'><strong>species</strong></span> <span class='ocrx_word' id='word_1_646' title='bbox 2654 3914 2769 3984; x_wconf 85' lang='lat' dir='ltr'><strong>ejus</strong></span> <span class='ocrx_word' id='word_1_647' title='bbox 2816 3915 3172 3979; x_wconf 84' lang='lat' dir='ltr'><strong>inhonorata,</strong></span> <span class='ocrx_word' id='word_1_648' title='bbox 3213 3922 3259 3966; x_wconf 89' lang='lat' dir='ltr'><strong>et</strong></span> <span class='ocrx_word' id='word_1_649' title='bbox 3289 3911 3536 3980; x_wconf 79' lang='lat' dir='ltr'><strong>deﬁciens</strong></span> <span class='ocrx_word' id='word_1_650' title='bbox 3564 3924 3676 3979; x_wconf 68' lang='lat' dir='ltr'><strong>prae</strong></span> 
     </span>
    </p>
   </div>
   <div class='ocr_carea' id='block_1_85' title="bbox 2098 4002 3674 4078">
    <p class='ocr_par' dir='ltr' id='par_1_85' title="bbox 2098 4002 3674 4078">
     <span class='ocr_line' id='line_1_85' title="bbox 2098 4002 3674 4078; baseline -0.004 -17"><span class='ocrx_word' id='word_1_651' title='bbox 2098 4009 2414 4062; x_wconf 79' lang='lat' dir='ltr'><strong>hominibus.</strong></span> <span class='ocrx_word' id='word_1_652' title='bbox 2459 4007 2564 4078; x_wconf 80' lang='lat'><strong>73</strong></span> <span class='ocrx_word' id='word_1_653' title='bbox 2616 4006 2788 4061; x_wconf 85' lang='lat' dir='ltr'><strong>Homo</strong></span> <span class='ocrx_word' id='word_1_654' title='bbox 2839 4007 2893 4059; x_wconf 87' lang='lat' dir='ltr'><strong>in</strong></span> <span class='ocrx_word' id='word_1_655' title='bbox 2938 4005 3095 4075; x_wconf 80' lang='lat' dir='ltr'><strong>plaga</strong></span> <span class='ocrx_word' id='word_1_656' title='bbox 3136 4005 3374 4070; x_wconf 86' lang='lat' dir='ltr'><strong>positus,</strong></span> <span class='ocrx_word' id='word_1_657' title='bbox 3419 4013 3469 4057; x_wconf 90' lang='lat' dir='ltr'><strong>et</strong></span> <span class='ocrx_word' id='word_1_658' title='bbox 3506 4002 3674 4057; x_wconf 86' lang='lat' dir='ltr'><strong>sciens</strong></span> 
     </span>
    </p>
   </div>
   <div class='ocr_carea' id='block_1_86' title="bbox 2096 4095 3676 4170">
    <p class='ocr_par' dir='ltr' id='par_1_86' title="bbox 2096 4095 3676 4170">
     <span class='ocr_line' id='line_1_86' title="bbox 2096 4095 3676 4170; baseline -0.005 -14"><span class='ocrx_word' id='word_1_659' title='bbox 2096 4104 2234 4170; x_wconf 74' lang='lat' dir='ltr'><strong>ferre</strong></span> <span class='ocrx_word' id='word_1_660' title='bbox 2271 4102 2670 4170; x_wconf 81' lang='lat' dir='ltr'><strong>inﬁrmitatem;</strong></span> <span class='ocrx_word' id='word_1_661' title='bbox 2711 4100 2837 4168; x_wconf 88' lang='lat' dir='ltr'><strong>quia</strong></span> <span class='ocrx_word' id='word_1_662' title='bbox 2864 4113 3048 4154; x_wconf 84' lang='lat' dir='ltr'><strong>aversa</strong></span> <span class='ocrx_word' id='word_1_663' title='bbox 3090 4108 3166 4150; x_wconf 87' lang='lat' dir='ltr'><strong>est</strong></span> <span class='ocrx_word' id='word_1_664' title='bbox 3212 4096 3377 4164; x_wconf 84' lang='lat' dir='ltr'><strong>facies</strong></span> <span class='ocrx_word' id='word_1_665' title='bbox 3405 4095 3544 4163; x_wconf 83' lang='lat' dir='ltr'><strong>eius,</strong></span> <span class='ocrx_word' id='word_1_666' title='bbox 3586 4096 3676 4148; x_wconf 87' lang='lat' dir='ltr'><strong>de-</strong></span> 
     </span>
    </p>
   </div>
   <div class='ocr_carea' id='block_1_87' title="bbox 2096 4190 3673 4266">
    <p class='ocr_par' dir='ltr' id='par_1_87' title="bbox 2096 4190 3673 4266">
     <span class='ocr_line' id='line_1_87' title="bbox 2096 4190 3673 4266; baseline -0.005 -18"><span class='ocrx_word' id='word_1_667' title='bbox 2096 4207 2270 4266; x_wconf 87' lang='lat' dir='ltr'><strong>specta</strong></span> <span class='ocrx_word' id='word_1_668' title='bbox 2294 4235 2309 4259; x_wconf 94' lang='lat'><strong>,</strong></span> <span class='ocrx_word' id='word_1_669' title='bbox 2346 4203 2396 4248; x_wconf 90' lang='lat' dir='ltr'><strong>et</strong></span> <span class='ocrx_word' id='word_1_670' title='bbox 2421 4211 2523 4248; x_wconf 85' lang='lat' dir='ltr'><strong>non</strong></span> <span class='ocrx_word' id='word_1_671' title='bbox 2556 4204 2820 4261; x_wconf 87' lang='lat' dir='ltr'><strong>reputata.</strong></span> <span class='ocrx_word' id='word_1_672' title='bbox 2873 4190 2981 4246; x_wconf 84' lang='lat' dir='ltr'><strong>Iste</strong></span> <span class='ocrx_word' id='word_1_673' title='bbox 3007 4201 3222 4260; x_wconf 87' lang='lat' dir='ltr'><strong>peccata</strong></span> <span class='ocrx_word' id='word_1_674' title='bbox 3247 4199 3429 4243; x_wconf 85' lang='lat' dir='ltr'><strong>nostra</strong></span> <span class='ocrx_word' id='word_1_675' title='bbox 3459 4196 3635 4257; x_wconf 85' lang='lat' dir='ltr'><strong>portat</strong></span> <span class='ocrx_word' id='word_1_676' title='bbox 3657 4225 3673 4248; x_wconf 86' lang='lat'><strong>,</strong></span> 
     </span>
    </p>
   </div>
   <div class='ocr_carea' id='block_1_88' title="bbox 2096 4281 3674 4357">
    <p class='ocr_par' dir='ltr' id='par_1_88' title="bbox 2096 4281 3674 4357">
     <span class='ocr_line' id='line_1_88' title="bbox 2096 4281 3674 4357; baseline -0.004 -17"><span class='ocrx_word' id='word_1_677' title='bbox 2096 4300 2143 4341; x_wconf 89' lang='lat' dir='ltr'><strong>et</strong></span> <span class='ocrx_word' id='word_1_678' title='bbox 2168 4305 2262 4357; x_wconf 86' lang='lat' dir='ltr'><strong>pro</strong></span> <span class='ocrx_word' id='word_1_679' title='bbox 2300 4288 2445 4340; x_wconf 87' lang='lat' dir='ltr'><strong>nobis</strong></span> <span class='ocrx_word' id='word_1_680' title='bbox 2487 4286 2625 4340; x_wconf 84' lang='lat' dir='ltr'><strong>dolet</strong></span> <span class='ocrx_word' id='word_1_681' title='bbox 2652 4294 2743 4339; x_wconf 89' lang='lat' dir='ltr'><strong>:et</strong></span> <span class='ocrx_word' id='word_1_682' title='bbox 2772 4302 2866 4338; x_wconf 87' lang='lat' dir='ltr'><strong>nos</strong></span> <span class='ocrx_word' id='word_1_683' title='bbox 2905 4284 3263 4352; x_wconf 88' lang='lat' dir='ltr'><strong>reputavimus</strong></span> <span class='ocrx_word' id='word_1_684' title='bbox 3308 4299 3426 4335; x_wconf 88' lang='lat' dir='ltr'><strong>eum</strong></span> <span class='ocrx_word' id='word_1_685' title='bbox 3465 4296 3575 4334; x_wconf 84' lang='lat' dir='ltr'><strong>esse</strong></span> <span class='ocrx_word' id='word_1_686' title='bbox 3619 4281 3674 4334; x_wconf 88' lang='lat' dir='ltr'><strong>in</strong></span> 
     </span>
    </p>
   </div>
   <div class='ocr_carea' id='block_1_89' title="bbox 2095 4373 3674 4448">
    <p class='ocr_par' dir='ltr' id='par_1_89' title="bbox 2095 4373 3674 4448">
     <span class='ocr_line' id='line_1_89' title="bbox 2095 4373 3674 4448; baseline -0.005 -15"><span class='ocrx_word' id='word_1_687' title='bbox 2095 4380 2296 4446; x_wconf 90' lang='lat' dir='ltr'><strong>labore,</strong></span> <span class='ocrx_word' id='word_1_688' title='bbox 2321 4379 2449 4434; x_wconf 83' lang='lat' dir='ltr'><strong>etin</strong></span> <span class='ocrx_word' id='word_1_689' title='bbox 2486 4379 2666 4448; x_wconf 85' lang='lat' dir='ltr'><strong>plaga,</strong></span> <span class='ocrx_word' id='word_1_690' title='bbox 2694 4388 2739 4430; x_wconf 88' lang='lat' dir='ltr'><strong>et</strong></span> <span class='ocrx_word' id='word_1_691' title='bbox 2766 4376 2823 4430; x_wconf 84' lang='lat' dir='ltr'><strong>in</strong></span> <span class='ocrx_word' id='word_1_692' title='bbox 2850 4377 3153 4446; x_wconf 74' lang='lat' dir='ltr'><strong>afﬂictione.</strong></span> <span class='ocrx_word' id='word_1_693' title='bbox 3186 4374 3309 4443; x_wconf 88' lang='lat' dir='ltr'><strong>Ipse</strong></span> <span class='ocrx_word' id='word_1_694' title='bbox 3349 4384 3526 4428; x_wconf 89' lang='lat' dir='ltr'><strong>autem</strong></span> <span class='ocrx_word' id='word_1_695' title='bbox 3561 4373 3674 4426; x_wconf 82' lang='lat' dir='ltr'><strong>vul-</strong></span> 
     </span>
    </p>
   </div>
   <div class='ocr_carea' id='block_1_90' title="bbox 2096 4467 3674 4541">
    <p class='ocr_par' dir='ltr' id='par_1_90' title="bbox 2096 4467 3674 4541">
     <span class='ocr_line' id='line_1_90' title="bbox 2096 4467 3674 4541; baseline -0.006 -13"><span class='ocrx_word' id='word_1_696' title='bbox 2096 4484 2307 4528; x_wconf 89' lang='lat' dir='ltr'><strong>neratus</strong></span> <span class='ocrx_word' id='word_1_697' title='bbox 2343 4483 2417 4526; x_wconf 90' lang='lat' dir='ltr'><strong>est</strong></span> <span class='ocrx_word' id='word_1_698' title='bbox 2459 4483 2670 4541; x_wconf 85' lang='lat' dir='ltr'><strong>propter</strong></span> <span class='ocrx_word' id='word_1_699' title='bbox 2703 4471 3006 4540; x_wconf 85' lang='lat' dir='ltr'><strong>iniquitates</strong></span> <span class='ocrx_word' id='word_1_700' title='bbox 3033 4478 3264 4530; x_wconf 89' lang='lat' dir='ltr'><strong>nostras,</strong></span> <span class='ocrx_word' id='word_1_701' title='bbox 3293 4476 3340 4520; x_wconf 90' lang='lat' dir='ltr'><strong>et</strong></span> <span class='ocrx_word' id='word_1_702' title='bbox 3372 4467 3674 4534; x_wconf 85' lang='lat' dir='ltr'><strong>inﬁrmatus</strong></span> 
     </span>
    </p>
   </div>
   <div class='ocr_carea' id='block_1_91' title="bbox 404 4553 2000 4640">
    <p class='ocr_par' dir='ltr' id='par_1_91' title="bbox 404 4553 1986 4629">
     <span class='ocr_line' id='line_1_91' title="bbox 404 4553 1986 4629; baseline 0.006 -22"><span class='ocrx_word' id='word_1_703' title='bbox 404 4554 502 4607; x_wconf 77' lang='grc' dir='ltr'><strong>καὶ</strong></span> <span class='ocrx_word' id='word_1_704' title='bbox 533 4553 714 4622; x_wconf 78' lang='grc' dir='ltr'>ἡμεῖς</span> <span class='ocrx_word' id='word_1_705' title='bbox 743 4553 1143 4626; x_wconf 69' lang='grc' dir='ltr'>ἐλογισάμεθα</span> <span class='ocrx_word' id='word_1_706' title='bbox 1174 4559 1361 4613; x_wconf 84' lang='grc' dir='ltr'>αὐτὸν</span> <span class='ocrx_word' id='word_1_707' title='bbox 1393 4557 1545 4614; x_wconf 81' lang='grc' dir='ltr'>εἶναι</span> <span class='ocrx_word' id='word_1_708' title='bbox 1575 4562 1645 4614; x_wconf 84' lang='grc' dir='ltr'>ἐν</span> <span class='ocrx_word' id='word_1_709' title='bbox 1669 4564 1851 4629; x_wconf 76' lang='grc' dir='ltr'>πόνῳ,</span> <span class='ocrx_word' id='word_1_710' title='bbox 1889 4565 1986 4616; x_wconf 77' lang='grc' dir='ltr'><strong>καὶ</strong></span> 
     </span>
    </p>
   </div>
   <div class='ocr_carea' id='block_1_92' title="bbox 2107 4553 3674 4640">
    <p class='ocr_par' dir='ltr' id='par_1_92' title="bbox 2107 4559 3674 4635">
     <span class='ocr_line' id='line_1_92' title="bbox 2107 4559 3674 4635; baseline -0.007 -15"><span class='ocrx_word' id='word_1_711' title='bbox 2107 4577 2166 4620; x_wconf 70' lang='grc' dir='ltr'>εει</span> <span class='ocrx_word' id='word_1_712' title='bbox 2219 4574 2433 4635; x_wconf 87' lang='lat' dir='ltr'><strong>propter</strong></span> <span class='ocrx_word' id='word_1_713' title='bbox 2475 4574 2688 4633; x_wconf 84' lang='lat' dir='ltr'><strong>peccata</strong></span> <span class='ocrx_word' id='word_1_714' title='bbox 2740 4574 2941 4616; x_wconf 88' lang='lat' dir='ltr'><strong>nostra.</strong></span> <span class='ocrx_word' id='word_1_715' title='bbox 2987 4559 3286 4630; x_wconf 86' lang='lat' dir='ltr'><strong>Disciplina</strong></span> <span class='ocrx_word' id='word_1_716' title='bbox 3328 4559 3474 4626; x_wconf 87' lang='lat' dir='ltr'><strong>pacis</strong></span> <span class='ocrx_word' id='word_1_717' title='bbox 3518 4574 3674 4627; x_wconf 88' lang='lat' dir='ltr'><strong>super</strong></span> 
     </span>
    </p>
   </div>
   <div class='ocr_carea' id='block_1_93' title="bbox 400 4650 2000 4725">
    <p class='ocr_par' dir='ltr' id='par_1_93' title="bbox 400 4650 1993 4724">
     <span class='ocr_line' id='line_1_93' title="bbox 400 4650 1993 4724; baseline 0.004 -24"><span class='ocrx_word' id='word_1_718' title='bbox 400 4650 470 4700; x_wconf 86' lang='grc' dir='ltr'>ἐν</span> <span class='ocrx_word' id='word_1_719' title='bbox 495 4650 706 4718; x_wconf 66' lang='grc' dir='ltr'><strong>πληγῇ</strong></span> <span class='ocrx_word' id='word_1_720' title='bbox 730 4688 747 4711; x_wconf 91' lang='grc'><strong>,</strong></span> <span class='ocrx_word' id='word_1_721' title='bbox 783 4652 880 4704; x_wconf 80' lang='grc' dir='ltr'><strong>καὶ</strong></span> <span class='ocrx_word' id='word_1_722' title='bbox 914 4650 984 4703; x_wconf 87' lang='grc' dir='ltr'>ἐν</span> <span class='ocrx_word' id='word_1_723' title='bbox 1021 4650 1297 4706; x_wconf 79' lang='grc' dir='ltr'>κακώσει.</span> <span class='ocrx_word' id='word_1_724' title='bbox 1331 4653 1522 4718; x_wconf 83' lang='grc' dir='ltr'>Αὐτὸς</span> <span class='ocrx_word' id='word_1_725' title='bbox 1545 4652 1614 4705; x_wconf 86' lang='grc' dir='ltr'>δὲ</span> <span class='ocrx_word' id='word_1_726' title='bbox 1644 4653 1993 4724; x_wconf 83' lang='grc' dir='ltr'>ἐτραυματί-</span> 
     </span>
    </p>
   </div>
   <div class='ocr_carea' id='block_1_94' title="bbox 2107 4650 3673 4725">
    <p class='ocr_par' dir='ltr' id='par_1_94' title="bbox 2107 4650 3673 4725">
     <span class='ocr_line' id='line_1_94' title="bbox 2107 4650 3673 4725; baseline -0.009 -12"><span class='ocrx_word' id='word_1_727' title='bbox 2107 4676 2232 4713; x_wconf 72' lang='lat' dir='ltr'><strong>tum.</strong></span> <span class='ocrx_word' id='word_1_728' title='bbox 2281 4657 2466 4712; x_wconf 81' lang='lat' dir='ltr'><strong>Livore</strong></span> <span class='ocrx_word' id='word_1_729' title='bbox 2503 4658 2618 4725; x_wconf 88' lang='lat' dir='ltr'><strong>ejus</strong></span> <span class='ocrx_word' id='word_1_730' title='bbox 2665 4673 2758 4710; x_wconf 87' lang='lat' dir='ltr'><strong>nos</strong></span> <span class='ocrx_word' id='word_1_731' title='bbox 2802 4655 2977 4709; x_wconf 88' lang='lat' dir='ltr'><strong>sanati</strong></span> <span class='ocrx_word' id='word_1_732' title='bbox 3025 4669 3232 4708; x_wconf 89' lang='lat' dir='ltr'><strong>sumus.</strong></span> <span class='ocrx_word' id='word_1_733' title='bbox 3272 4650 3464 4704; x_wconf 86' lang='lat' dir='ltr'><strong>Omnes</strong></span> <span class='ocrx_word' id='word_1_734' title='bbox 3516 4651 3673 4717; x_wconf 85' lang='lat' dir='ltr'><strong>quasi</strong></span> 
     </span>
    </p>
   </div>
   <div class='ocr_carea' id='block_1_95' title="bbox 401 4742 1987 4815">
    <p class='ocr_par' dir='ltr' id='par_1_95' title="bbox 401 4742 1987 4815">
     <span class='ocr_line' id='line_1_95' title="bbox 401 4742 1987 4815; baseline 0.005 -22"><span class='ocrx_word' id='word_1_735' title='bbox 401 4745 517 4808; x_wconf 85' lang='grc' dir='ltr'><strong>σθη</strong></span> <span class='ocrx_word' id='word_1_736' title='bbox 541 4742 639 4796; x_wconf 75' lang='grc' dir='ltr'>διὰ</span> <span class='ocrx_word' id='word_1_737' title='bbox 666 4744 774 4809; x_wconf 85' lang='grc' dir='ltr'>τὰς</span> <span class='ocrx_word' id='word_1_738' title='bbox 809 4745 1061 4812; x_wconf 83' lang='grc' dir='ltr'>ἀνομίας</span> <span class='ocrx_word' id='word_1_739' title='bbox 1087 4743 1276 4814; x_wconf 74' lang='grc' dir='ltr'>ἡμῶν,</span> <span class='ocrx_word' id='word_1_740' title='bbox 1301 4745 1398 4799; x_wconf 82' lang='grc' dir='ltr'><strong>καὶ</strong></span> <span class='ocrx_word' id='word_1_741' title='bbox 1421 4744 1860 4815; x_wconf 79' lang='grc' dir='ltr'>μεμαλάκισται</span> <span class='ocrx_word' id='word_1_742' title='bbox 1887 4747 1987 4801; x_wconf 84' lang='grc' dir='ltr'>διὰ</span> 
     </span>
    </p>
   </div>
   <div class='ocr_carea' id='block_1_96' title="bbox 402 4835 1986 4908">
    <p class='ocr_par' dir='ltr' id='par_1_96' title="bbox 402 4835 1986 4908">
     <span class='ocr_line' id='line_1_96' title="bbox 402 4835 1986 4908; baseline 0.003 -21"><span class='ocrx_word' id='word_1_743' title='bbox 402 4837 507 4902; x_wconf 81' lang='grc' dir='ltr'>τὰς</span> <span class='ocrx_word' id='word_1_744' title='bbox 542 4837 834 4907; x_wconf 79' lang='grc' dir='ltr'>ἁμαρτίας</span> <span class='ocrx_word' id='word_1_745' title='bbox 1073 4837 1316 4892; x_wconf 85' lang='grc' dir='ltr'>Παιδεία</span> <span class='ocrx_word' id='word_1_746' title='bbox 1344 4837 1587 4907; x_wconf 71' lang='grc' dir='ltr'>εἰρήνης</span> <span class='ocrx_word' id='word_1_747' title='bbox 1616 4835 1729 4908; x_wconf 80' lang='grc'>(55)</span> <span class='ocrx_word' id='word_1_748' title='bbox 1759 4837 1852 4890; x_wconf 77' lang='grc' dir='ltr'><strong>ἐπ’</strong></span> <span class='ocrx_word' id='word_1_749' title='bbox 1877 4841 1986 4892; x_wconf 86' lang='grc' dir='ltr'><strong>αὺ-</strong></span> 
     </span>
    </p>
   </div>
   <div class='ocr_carea' id='block_1_97' title="bbox 471 4951 1932 5029">
    <p class='ocr_par' dir='ltr' id='par_1_97' title="bbox 471 4951 1932 5029">
     <span class='ocr_line' id='line_1_97' title="bbox 471 4951 1932 5029; baseline 0.008 -24"><span class='ocrx_word' id='word_1_750' title='bbox 471 4952 493 4982; x_wconf 80' lang='grc'><strong><em>⁹</em></strong></span> <span class='ocrx_word' id='word_1_751' title='bbox 522 4951 629 5006; x_wconf 78' lang='lat' dir='ltr'><strong>lsa.</strong></span> <span class='ocrx_word' id='word_1_752' title='bbox 665 4969 794 5019; x_wconf 69' lang='grc' dir='ltr'><strong>ιη,</strong></span> <span class='ocrx_word' id='word_1_753' title='bbox 828 4955 942 5009; x_wconf 81' lang='grc'><strong>1-3.</strong></span> <span class='ocrx_word' id='word_1_754' title='bbox 1020 4954 1042 4985; x_wconf 92' lang='grc'><em>³</em></span> <span class='ocrx_word' id='word_1_755' title='bbox 1082 4956 1186 5011; x_wconf 81' lang='lat' dir='ltr'><strong>lsa.</strong></span> <span class='ocrx_word' id='word_1_756' title='bbox 1223 4972 1275 5021; x_wconf 89' lang='lat' dir='ltr'><strong>v,</strong></span> <span class='ocrx_word' id='word_1_757' title='bbox 1300 4957 1389 5013; x_wconf 66' lang='grc' dir='ltr'><strong>ευ.</strong></span> <span class='ocrx_word' id='word_1_758' title='bbox 1485 4959 1509 4991; x_wconf 58' lang='grc' dir='ltr'><strong>ι</strong></span> <span class='ocrx_word' id='word_1_759' title='bbox 1547 4960 1648 5014; x_wconf 85' lang='lat' dir='ltr'><strong>Isa.</strong></span> <span class='ocrx_word' id='word_1_760' title='bbox 1691 4978 1808 5029; x_wconf 83' lang='lat' dir='ltr'><strong>LIII,</strong></span> <span class='ocrx_word' id='word_1_761' title='bbox 1844 4962 1932 5017; x_wconf 76' lang='grc'><strong>12.</strong></span> 
     </span>
    </p>
   </div>
   <div class='ocr_carea' id='block_1_98' title="bbox 469 5111 1980 5190">
    <p class='ocr_par' dir='ltr' id='par_1_98' title="bbox 469 5111 1980 5190">
     <span class='ocr_line' id='line_1_98' title="bbox 469 5111 1980 5190; baseline 0.005 -25"><span class='ocrx_word' id='word_1_762' title='bbox 469 5111 580 5190; x_wconf 66' lang='grc'>(29)</span> <span class='ocrx_word' id='word_1_763' title='bbox 642 5115 1250 5190; x_wconf 70' lang='grc' dir='ltr'>ῌαραγενησόμενον.</span> <span class='ocrx_word' id='word_1_764' title='bbox 1303 5116 1484 5172; x_wconf 83' lang='lat' dir='ltr'><strong>Mallet</strong></span> <span class='ocrx_word' id='word_1_765' title='bbox 1539 5119 1980 5190; x_wconf 78' lang='grc' dir='ltr'>παραγενόμενον</span> 
     </span>
    </p>
   </div>
   <div class='ocr_carea' id='block_1_99' title="bbox 399 5183 1977 5259">
    <p class='ocr_par' dir='ltr' id='par_1_99' title="bbox 399 5183 1977 5259">
     <span class='ocr_line' id='line_1_99' title="bbox 399 5183 1977 5259; baseline 0.004 -23"><span class='ocrx_word' id='word_1_766' title='bbox 399 5183 749 5259; x_wconf 71' lang='lat' dir='ltr'><strong>Sylburgins,</strong></span> <span class='ocrx_word' id='word_1_767' title='bbox 787 5197 889 5259; x_wconf 77' lang='lat' dir='ltr'><strong>aut</strong></span> <span class='ocrx_word' id='word_1_768' title='bbox 923 5183 1120 5240; x_wconf 79' lang='lat' dir='ltr'><strong>saltem</strong></span> <span class='ocrx_word' id='word_1_769' title='bbox 1151 5188 1252 5240; x_wconf 90' lang='lat' dir='ltr'><strong>hoc</strong></span> <span class='ocrx_word' id='word_1_770' title='bbox 1280 5191 1503 5241; x_wconf 84' lang='lat' dir='ltr'><strong>verbum</strong></span> <span class='ocrx_word' id='word_1_771' title='bbox 1536 5183 1842 5243; x_wconf 81' lang='lat' dir='ltr'><strong>addendum</strong></span> <span class='ocrx_word' id='word_1_772' title='bbox 1875 5207 1977 5259; x_wconf 88' lang='lat' dir='ltr'><strong>pu-</strong></span> 
     </span>
    </p>
   </div>
   <div class='ocr_carea' id='block_1_100' title="bbox 399 5255 962 5326">
    <p class='ocr_par' dir='ltr' id='par_1_100' title="bbox 399 5255 962 5326">
     <span class='ocr_line' id='line_1_100' title="bbox 399 5255 962 5326; baseline 0 -20"><span class='ocrx_word' id='word_1_773' title='bbox 399 5263 483 5326; x_wconf 68' lang='lat' dir='ltr'><strong>tat</strong></span> <span class='ocrx_word' id='word_1_774' title='bbox 510 5269 636 5326; x_wconf 71' lang='lat' dir='ltr'><strong>ante</strong></span> <span class='ocrx_word' id='word_1_775' title='bbox 663 5255 834 5326; x_wconf 72' lang='grc' dir='ltr'>ᾐγνόη</span> <span class='ocrx_word' id='word_1_776' title='bbox 844 5273 962 5326; x_wconf 74' lang='grc' dir='ltr'>στιν.</span> 
     </span>
    </p>
   </div>
   <div class='ocr_carea' id='block_1_101' title="bbox 465 5322 1977 5399">
    <p class='ocr_par' dir='ltr' id='par_1_101' title="bbox 465 5322 1977 5399">
     <span class='ocr_line' id='line_1_101' title="bbox 465 5322 1977 5399; baseline 0.005 -22"><span class='ocrx_word' id='word_1_777' title='bbox 465 5322 578 5394; x_wconf 72' lang='lat'><strong>(50)</strong></span> <span class='ocrx_word' id='word_1_778' title='bbox 624 5325 709 5390; x_wconf 82' lang='grc' dir='ltr'><strong>Τῷ</strong></span> <span class='ocrx_word' id='word_1_779' title='bbox 729 5322 1045 5399; x_wconf 62' lang='grc' dir='ltr'>ἀγεννήτῳ</span> <span class='ocrx_word' id='word_1_780' title='bbox 1072 5326 1193 5399; x_wconf 72' lang='grc' dir='ltr'><strong>Θεῷ</strong></span> <span class='ocrx_word' id='word_1_781' title='bbox 1217 5327 1314 5382; x_wconf 84' lang='grc' dir='ltr'>διὰ</span> <span class='ocrx_word' id='word_1_782' title='bbox 1341 5329 1445 5382; x_wconf 86' lang='grc' dir='ltr'><strong>τοῦ</strong></span> <span class='ocrx_word' id='word_1_783' title='bbox 1474 5330 1754 5399; x_wconf 85' lang='grc' dir='ltr'>Χριστοῦ.</span> <span class='ocrx_word' id='word_1_784' title='bbox 1777 5329 1977 5387; x_wconf 79' lang='lat' dir='ltr'><strong>Notutu</strong></span> 
     </span>
    </p>
   </div>
   <div class='ocr_carea' id='block_1_102' title="bbox 400 5395 1976 5470">
    <p class='ocr_par' dir='ltr' id='par_1_102' title="bbox 400 5395 1976 5470">
     <span class='ocr_line' id='line_1_102' title="bbox 400 5395 1976 5470; baseline 0.006 -24"><span class='ocrx_word' id='word_1_785' title='bbox 400 5395 619 5470; x_wconf 72' lang='lat' dir='ltr'><strong>dignum</strong></span> <span class='ocrx_word' id='word_1_786' title='bbox 657 5409 741 5452; x_wconf 85' lang='lat' dir='ltr'><strong>est</strong></span> <span class='ocrx_word' id='word_1_787' title='bbox 769 5400 926 5470; x_wconf 82' lang='lat' dir='ltr'><strong>hanc</strong></span> <span class='ocrx_word' id='word_1_788' title='bbox 957 5398 1134 5470; x_wconf 75' lang='lat' dir='ltr'><strong>ipsam</strong></span> <span class='ocrx_word' id='word_1_789' title='bbox 1170 5397 1333 5454; x_wconf 83' lang='lat' dir='ltr'><strong>luisse</strong></span> <span class='ocrx_word' id='word_1_790' title='bbox 1373 5395 1687 5465; x_wconf 79' lang='lat' dir='ltr'><strong>formulam,</strong></span> <span class='ocrx_word' id='word_1_791' title='bbox 1708 5417 1811 5470; x_wconf 84' lang='lat' dir='ltr'><strong>qua</strong></span> <span class='ocrx_word' id='word_1_792' title='bbox 1845 5402 1976 5456; x_wconf 90' lang='lat' dir='ltr'><strong>olim</strong></span> 
     </span>
    </p>
   </div>
   <div class='ocr_carea' id='block_1_103' title="bbox 403 5467 1977 5538">
    <p class='ocr_par' dir='ltr' id='par_1_103' title="bbox 403 5467 1977 5538">
     <span class='ocr_line' id='line_1_103' title="bbox 403 5467 1977 5538; baseline 0.006 -22"><span class='ocrx_word' id='word_1_793' title='bbox 403 5467 779 5538; x_wconf 50' lang='grc' dir='ltr'>ροισι-ἡαπ]εηὶ</span> <span class='ocrx_word' id='word_1_794' title='bbox 813 5508 828 5529; x_wconf 91' lang='grc'><strong>,</strong></span> <span class='ocrx_word' id='word_1_795' title='bbox 876 5477 1001 5534; x_wconf 89' lang='lat' dir='ltr'><strong>post</strong></span> <span class='ocrx_word' id='word_1_796' title='bbox 1032 5467 1252 5534; x_wconf 78' lang='lat' dir='ltr'><strong>aliquod</strong></span> <span class='ocrx_word' id='word_1_797' title='bbox 1286 5482 1496 5538; x_wconf 86' lang='lat' dir='ltr'><strong>tempus</strong></span> <span class='ocrx_word' id='word_1_798' title='bbox 1527 5467 1837 5538; x_wconf 63' lang='lat' dir='ltr'><strong>baptizandi</strong></span> <span class='ocrx_word' id='word_1_799' title='bbox 1861 5511 1876 5537; x_wconf 96' lang='lat'><strong>,</strong></span> <span class='ocrx_word' id='word_1_800' title='bbox 1911 5489 1977 5526; x_wconf 76' lang='lat' dir='ltr'><strong>ex</strong></span> 
     </span>
    </p>
   </div>
   <div class='ocr_carea' id='block_1_104' title="bbox 403 5534 2015 5604">
    <p class='ocr_par' dir='ltr' id='par_1_104' title="bbox 403 5534 2015 5604">
     <span class='ocr_line' id='line_1_104' title="bbox 403 5534 2015 5604; baseline 0.002 -14"><span class='ocrx_word' id='word_1_801' title='bbox 403 5534 638 5592; x_wconf 67' lang='lat' dir='ltr'><strong>Ecclesia</strong></span> <span class='ocrx_word' id='word_1_802' title='bbox 679 5539 891 5591; x_wconf 87' lang='lat' dir='ltr'><strong>dimissi</strong></span> <span class='ocrx_word' id='word_1_803' title='bbox 942 5547 1104 5603; x_wconf 87' lang='lat' dir='ltr'><strong>sunt,</strong></span> <span class='ocrx_word' id='word_1_804' title='bbox 1159 5534 1572 5595; x_wconf 55' lang='lat' dir='ltr'><strong>diacono&#39;inter</strong></span> <span class='ocrx_word' id='word_1_805' title='bbox 1599 5534 1720 5594; x_wconf 75' lang='lat' dir='ltr'><strong>alia</strong></span> <span class='ocrx_word' id='word_1_806' title='bbox 1759 5534 1975 5604; x_wconf 72' lang='lat' dir='ltr'><strong>proeln-</strong></span> <span class='ocrx_word' id='word_1_807' title='bbox 2012 5565 2015 5567; x_wconf 82' lang='lat'><em>-</em></span> 
     </span>
    </p>
   </div>
   <div class='ocr_carea' id='block_1_105' title="bbox 406 5606 1974 5683">
    <p class='ocr_par' dir='ltr' id='par_1_105' title="bbox 406 5606 1974 5683">
     <span class='ocr_line' id='line_1_105' title="bbox 406 5606 1974 5683; baseline 0.006 -25"><span class='ocrx_word' id='word_1_808' title='bbox 406 5619 577 5683; x_wconf 51' lang='lat' dir='ltr'><strong>[tante</strong></span> <span class='ocrx_word' id='word_1_809' title='bbox 603 5625 629 5683; x_wconf 65' lang='grc' dir='ltr'>Ξ</span> <span class='ocrx_word' id='word_1_810' title='bbox 669 5609 937 5683; x_wconf 54' lang='grc' dir='ltr'>Ἑαυτοὺς</span> <span class='ocrx_word' id='word_1_811' title='bbox 981 5606 1238 5683; x_wconf 37' lang='grc' dir='ltr'>τῷΔμόνῳ</span> <span class='ocrx_word' id='word_1_812' title='bbox 1277 5612 1554 5683; x_wconf 67' lang='grc' dir='ltr'>ἀγεννήτῳ</span> <span class='ocrx_word' id='word_1_813' title='bbox 1597 5611 1716 5682; x_wconf 86' lang='grc' dir='ltr'>Θεῷ</span> <span class='ocrx_word' id='word_1_814' title='bbox 1755 5611 1843 5664; x_wconf 73' lang='grc' dir='ltr'>διὰ</span> <span class='ocrx_word' id='word_1_815' title='bbox 1882 5614 1974 5667; x_wconf 78' lang='grc' dir='ltr'>τοῦ</span> 
     </span>
    </p>
   </div>
   <div class='ocr_carea' id='block_1_106' title="bbox 402 5675 1974 5751">
    <p class='ocr_par' dir='ltr' id='par_1_106' title="bbox 402 5675 1974 5751">
     <span class='ocr_line' id='line_1_106' title="bbox 402 5675 1974 5751; baseline 0.004 -22"><span class='ocrx_word' id='word_1_816' title='bbox 402 5675 630 5751; x_wconf 59' lang='grc' dir='ltr'>ξριστοῦ</span> <span class='ocrx_word' id='word_1_817' title='bbox 660 5679 850 5751; x_wconf 19' lang='grc' dir='ltr'><strong>ᾲαῦτοῦ</strong></span> <span class='ocrx_word' id='word_1_818' title='bbox 897 5675 1237 5751; x_wconf 70' lang='grc' dir='ltr'>παράθεσθε.</span> <span class='ocrx_word' id='word_1_819' title='bbox 1295 5675 1536 5751; x_wconf 66' lang='lat' dir='ltr'><strong>Vosipsos</strong></span> <span class='ocrx_word' id='word_1_820' title='bbox 1591 5675 1699 5736; x_wconf 75' lang='lat' dir='ltr'><strong>soli</strong></span> <span class='ocrx_word' id='word_1_821' title='bbox 1745 5683 1974 5751; x_wconf 87' lang='lat' dir='ltr'><strong>ingenito</strong></span> 
     </span>
    </p>
   </div>
   <div class='ocr_carea' id='block_1_107' title="bbox 405 5747 1972 5826">
    <p class='ocr_par' dir='ltr' id='par_1_107' title="bbox 405 5747 1972 5826">
     <span class='ocr_line' id='line_1_107' title="bbox 405 5747 1972 5826; baseline 0.005 -26"><span class='ocrx_word' id='word_1_822' title='bbox 405 5747 504 5826; x_wconf 65' lang='lat' dir='ltr'><strong>Deo</strong></span> <span class='ocrx_word' id='word_1_823' title='bbox 529 5768 619 5826; x_wconf 78' lang='lat' dir='ltr'><strong>per</strong></span> <span class='ocrx_word' id='word_1_824' title='bbox 641 5749 921 5826; x_wconf 80' lang='lat' dir='ltr'><strong>Christum</strong></span> <span class='ocrx_word' id='word_1_825' title='bbox 953 5747 1073 5816; x_wconf 81' lang='lat' dir='ltr'><strong>ejus</strong></span> <span class='ocrx_word' id='word_1_826' title='bbox 1112 5749 1372 5826; x_wconf 69' lang='lat' dir='ltr'><strong>dedicate,</strong></span> <span class='ocrx_word' id='word_1_827' title='bbox 1408 5747 1701 5826; x_wconf 58' lang='lat' dir='ltr'><strong>utili-gitur</strong></span> <span class='ocrx_word' id='word_1_828' title='bbox 1752 5747 1846 5810; x_wconf 76' lang='lat' dir='ltr'><strong>lib.</strong></span> <span class='ocrx_word' id='word_1_829' title='bbox 1877 5770 1972 5808; x_wconf 83' lang='lat' dir='ltr'><strong>vm</strong></span> 
     </span>
    </p>
   </div>
   <div class='ocr_carea' id='block_1_108' title="bbox 402 5818 1974 5889">
    <p class='ocr_par' dir='ltr' id='par_1_108' title="bbox 402 5818 1974 5889">
     <span class='ocr_line' id='line_1_108' title="bbox 402 5818 1974 5889; baseline 0.006 -20"><span class='ocrx_word' id='word_1_830' title='bbox 402 5818 618 5876; x_wconf 77' lang='lat' dir='ltr'><strong>Constit.</strong></span> <span class='ocrx_word' id='word_1_831' title='bbox 645 5821 908 5886; x_wconf 77' lang='lat' dir='ltr'><strong>apostal.,</strong></span> <span class='ocrx_word' id='word_1_832' title='bbox 940 5835 1066 5887; x_wconf 82' lang='lat' dir='ltr'><strong>cup.</strong></span> <span class='ocrx_word' id='word_1_833' title='bbox 1103 5821 1154 5875; x_wconf 84' lang='lat'><strong>6.</strong></span> <span class='ocrx_word' id='word_1_834' title='bbox 1183 5820 1260 5876; x_wconf 83' lang='lat' dir='ltr'><strong>Ad</strong></span> <span class='ocrx_word' id='word_1_835' title='bbox 1286 5838 1447 5889; x_wconf 79' lang='lat' dir='ltr'><strong>quam</strong></span> <span class='ocrx_word' id='word_1_836' title='bbox 1477 5818 1724 5879; x_wconf 63' lang='lat' dir='ltr'><strong>Justinus</strong></span> <span class='ocrx_word' id='word_1_837' title='bbox 1750 5841 1855 5878; x_wconf 88' lang='lat' dir='ltr'><strong>non</strong></span> <span class='ocrx_word' id='word_1_838' title='bbox 1888 5826 1974 5880; x_wconf 86' lang='lat' dir='ltr'><strong>hic</strong></span> 
     </span>
    </p>
   </div>
   <div class='ocr_carea' id='block_1_109' title="bbox 2095 4742 3670 4814">
    <p class='ocr_par' dir='ltr' id='par_1_109' title="bbox 2095 4742 3670 4814">
     <span class='ocr_line' id='line_1_109' title="bbox 2095 4742 3670 4814; baseline -0.01 -7"><span class='ocrx_word' id='word_1_839' title='bbox 2095 4770 2210 4807; x_wconf 76' lang='lat' dir='ltr'><strong>oves</strong></span> <span class='ocrx_word' id='word_1_840' title='bbox 2237 4750 2741 4814; x_wconf 80' lang='lat' dir='ltr'><strong>erravimus;.ltomo</strong></span> <span class='ocrx_word' id='word_1_841' title='bbox 2779 4751 2833 4803; x_wconf 89' lang='lat' dir='ltr'><strong>in</strong></span> <span class='ocrx_word' id='word_1_842' title='bbox 2864 4749 2947 4802; x_wconf 87' lang='lat' dir='ltr'><strong>via</strong></span> <span class='ocrx_word' id='word_1_843' title='bbox 2977 4763 3074 4800; x_wconf 89' lang='lat' dir='ltr'><strong>sua</strong></span> <span class='ocrx_word' id='word_1_844' title='bbox 3100 4747 3316 4800; x_wconf 85' lang='lat' dir='ltr'><strong>erravit.</strong></span> <span class='ocrx_word' id='word_1_845' title='bbox 3353 4742 3417 4796; x_wconf 80' lang='lat' dir='ltr'><strong>Et</strong></span> <span class='ocrx_word' id='word_1_846' title='bbox 3447 4742 3670 4794; x_wconf 87' lang='lat' dir='ltr'><strong>tradidit</strong></span> 
     </span>
    </p>
   </div>
   <div class='ocr_carea' id='block_1_110' title="bbox 2091 4833 3668 4914">
    <p class='ocr_par' dir='ltr' id='par_1_110' title="bbox 2091 4833 3668 4914">
     <span class='ocr_line' id='line_1_110' title="bbox 2091 4833 3668 4914; baseline -0.007 -16"><span class='ocrx_word' id='word_1_847' title='bbox 2091 4861 2210 4898; x_wconf 87' lang='lat' dir='ltr'><strong>eum</strong></span> <span class='ocrx_word' id='word_1_848' title='bbox 2243 4853 2450 4914; x_wconf 89' lang='lat' dir='ltr'><strong>propter</strong></span> <span class='ocrx_word' id='word_1_849' title='bbox 2482 4843 2782 4913; x_wconf 85' lang='lat' dir='ltr'><strong>iniquitates</strong></span> <span class='ocrx_word' id='word_1_850' title='bbox 2811 4853 3056 4906; x_wconf 87' lang='lat' dir='ltr'><strong>nostras;</strong></span> <span class='ocrx_word' id='word_1_851' title='bbox 3080 4847 3128 4893; x_wconf 89' lang='lat' dir='ltr'><strong>et</strong></span> <span class='ocrx_word' id='word_1_852' title='bbox 3155 4838 3267 4909; x_wconf 88' lang='lat' dir='ltr'><strong>ipse</strong></span> <span class='ocrx_word' id='word_1_853' title='bbox 3301 4845 3512 4906; x_wconf 89' lang='lat' dir='ltr'><strong>propter</strong></span> <span class='ocrx_word' id='word_1_854' title='bbox 3537 4833 3668 4904; x_wconf 66' lang='lat' dir='ltr'><strong>afﬂi-</strong></span> 
     </span>
    </p>
   </div>
   <div class='ocr_carea' id='block_1_111' title="bbox 2089 4962 2548 5028">
    <p class='ocr_par' dir='ltr' id='par_1_111' title="bbox 2089 4962 2548 5028">
     <span class='ocr_line' id='line_1_111' title="bbox 2089 4962 2548 5028; baseline 0 -12"><span class='ocrx_word' id='word_1_855' title='bbox 2089 4963 2192 5017; x_wconf 86' lang='lat' dir='ltr'><strong>Isa.</strong></span> <span class='ocrx_word' id='word_1_856' title='bbox 2232 4979 2324 5028; x_wconf 84' lang='lat' dir='ltr'><strong>LII,</strong></span> <span class='ocrx_word' id='word_1_857' title='bbox 2357 4962 2548 5017; x_wconf 77' lang='grc'><strong>15-15.</strong></span> 
     </span>
    </p>
   </div>
   <div class='ocr_carea' id='block_1_112' title="bbox 2087 5109 3667 5186">
    <p class='ocr_par' dir='ltr' id='par_1_112' title="bbox 2087 5109 3667 5186">
     <span class='ocr_line' id='line_1_112' title="bbox 2087 5109 3667 5186; baseline -0.006 -13"><span class='ocrx_word' id='word_1_858' title='bbox 2087 5119 2261 5173; x_wconf 88' lang='lat' dir='ltr'><strong>solum</strong></span> <span class='ocrx_word' id='word_1_859' title='bbox 2313 5119 2523 5183; x_wconf 82' lang='lat' dir='ltr'><strong>allusit,</strong></span> <span class='ocrx_word' id='word_1_860' title='bbox 2566 5117 2661 5172; x_wconf 89' lang='lat' dir='ltr'><strong>sed</strong></span> <span class='ocrx_word' id='word_1_861' title='bbox 2710 5126 2761 5172; x_wconf 89' lang='lat' dir='ltr'><strong>et</strong></span> <span class='ocrx_word' id='word_1_862' title='bbox 2796 5130 2962 5186; x_wconf 86' lang='lat' dir='ltr'><strong>supra</strong></span> <span class='ocrx_word' id='word_1_863' title='bbox 3007 5130 3063 5170; x_wconf 82' lang='grc' dir='ltr'><strong>η.</strong></span> <span class='ocrx_word' id='word_1_864' title='bbox 3104 5113 3171 5168; x_wconf 78' lang='lat' dir='ltr'><strong>M</strong></span> <span class='ocrx_word' id='word_1_865' title='bbox 3211 5123 3266 5168; x_wconf 92' lang='lat' dir='ltr'><strong>et</strong></span> <span class='ocrx_word' id='word_1_866' title='bbox 3295 5111 3388 5178; x_wconf 71' lang='grc'><strong>25,</strong></span> <span class='ocrx_word' id='word_1_867' title='bbox 3422 5120 3479 5165; x_wconf 93' lang='lat' dir='ltr'><strong>et</strong></span> <span class='ocrx_word' id='word_1_868' title='bbox 3526 5109 3667 5163; x_wconf 78' lang='lat' dir='ltr'><strong>infra</strong></span> 
     </span>
    </p>
   </div>
   <div class='ocr_carea' id='block_1_113' title="bbox 2088 5189 2554 5244">
    <p class='ocr_par' dir='ltr' id='par_1_113' title="bbox 2088 5189 2554 5244">
     <span class='ocr_line' id='line_1_113' title="bbox 2088 5189 2554 5244; baseline 0.002 -2"><span class='ocrx_word' id='word_1_869' title='bbox 2088 5207 2142 5243; x_wconf 82' lang='grc' dir='ltr'><strong>ιι.</strong></span> <span class='ocrx_word' id='word_1_870' title='bbox 2179 5190 2266 5241; x_wconf 81' lang='grc'>61.</span> <span class='ocrx_word' id='word_1_871' title='bbox 2296 5189 2554 5244; x_wconf 77' lang='lat' dir='ltr'><strong>GRABIUS.</strong></span> 
     </span>
    </p>
   </div>
   <div class='ocr_carea' id='block_1_114' title="bbox 2160 5250 3665 5331">
    <p class='ocr_par' dir='ltr' id='par_1_114' title="bbox 2160 5250 3665 5331">
     <span class='ocr_line' id='line_1_114' title="bbox 2160 5250 3665 5331; baseline -0.007 -18"><span class='ocrx_word' id='word_1_872' title='bbox 2160 5259 2270 5331; x_wconf 80' lang='grc'>(51)</span> <span class='ocrx_word' id='word_1_873' title='bbox 2311 5261 2447 5328; x_wconf 74' lang='grc' dir='ltr'>Περὶ</span> <span class='ocrx_word' id='word_1_874' title='bbox 2476 5259 2680 5312; x_wconf 79' lang='grc' dir='ltr'>αὑτοῦ.</span> <span class='ocrx_word' id='word_1_875' title='bbox 2713 5257 3021 5331; x_wconf 66' lang='lat' dir='ltr'><strong>Observant</strong></span> <span class='ocrx_word' id='word_1_876' title='bbox 3048 5252 3369 5331; x_wconf 67' lang='lat' dir='ltr'><strong>Sylburgins</strong></span> <span class='ocrx_word' id='word_1_877' title='bbox 3389 5262 3448 5331; x_wconf 68' lang='lat' dir='ltr'><strong>et</strong></span> 
     </span>
    </p>
   </div>
   <div class='ocr_carea' id='block_1_115' title="bbox 2087 5321 3666 5400">
    <p class='ocr_par' dir='ltr' id='par_1_115' title="bbox 2087 5321 3666 5400">
     <span class='ocr_line' id='line_1_115' title="bbox 2087 5321 3666 5400; baseline -0.007 -16"><span class='ocrx_word' id='word_1_878' title='bbox 2087 5321 2211 5384; x_wconf 80' lang='lat' dir='ltr'><strong>hius</strong></span> <span class='ocrx_word' id='word_1_879' title='bbox 2252 5321 2356 5400; x_wconf 71' lang='lat' dir='ltr'><strong>legi</strong></span> <span class='ocrx_word' id='word_1_880' title='bbox 2387 5321 2628 5399; x_wconf 37' lang='lat' dir='ltr'><strong>&quot;moveat</strong></span> <span class='ocrx_word' id='word_1_881' title='bbox 2678 5330 2819 5398; x_wconf 88' lang='lat' dir='ltr'><strong>apud</strong></span> <span class='ocrx_word' id='word_1_882' title='bbox 2855 5321 3232 5400; x_wconf 69' lang='lat' dir='ltr'><strong>septuaginta.</strong></span> <span class='ocrx_word' id='word_1_883' title='bbox 3259 5321 3451 5400; x_wconf 30' lang='lat' dir='ltr'><strong>‘Ad_d_it</strong></span> <span class='ocrx_word' id='word_1_884' title='bbox 3485 5321 3666 5400; x_wconf 53' lang='lat' dir='ltr'><strong>Thul-</strong></span> 
     </span>
    </p>
   </div>
   <div class='ocr_carea' id='block_1_116' title="bbox 2088 5392 3662 5464">
    <p class='ocr_par' dir='ltr' id='par_1_116' title="bbox 2088 5392 3662 5464">
     <span class='ocr_line' id='line_1_116' title="bbox 2088 5392 3662 5464; baseline -0.005 -9"><span class='ocrx_word' id='word_1_885' title='bbox 2088 5401 2212 5455; x_wconf 83' lang='lat' dir='ltr'><strong>bitts</strong></span> <span class='ocrx_word' id='word_1_886' title='bbox 2240 5392 2381 5455; x_wconf 65' lang='lat' dir='ltr'><strong>idem</strong></span> <span class='ocrx_word' id='word_1_887' title='bbox 2417 5392 2640 5453; x_wconf 66' lang='lat' dir='ltr'><strong>vcrbttm</strong></span> <span class='ocrx_word' id='word_1_888' title='bbox 2679 5392 2781 5452; x_wconf 69' lang='lat' dir='ltr'><strong>non</strong></span> <span class='ocrx_word' id='word_1_889' title='bbox 2811 5392 2988 5452; x_wconf 77' lang='lat' dir='ltr'><strong>omitti</strong></span> <span class='ocrx_word' id='word_1_890' title='bbox 3021 5392 3232 5464; x_wconf 75' lang='lat' dir='ltr'><strong>Dialog.</strong></span> <span class='ocrx_word' id='word_1_891' title='bbox 3264 5411 3316 5448; x_wconf 92' lang='lat' dir='ltr'><strong>n.</strong></span> <span class='ocrx_word' id='word_1_892' title='bbox 3353 5393 3420 5446; x_wconf 75' lang='grc'><strong>15</strong></span> <span class='ocrx_word' id='word_1_893' title='bbox 3459 5403 3512 5448; x_wconf 87' lang='lat' dir='ltr'><strong>et</strong></span> <span class='ocrx_word' id='word_1_894' title='bbox 3540 5392 3662 5450; x_wconf 77' lang='lat'><strong>“8.</strong></span> 
     </span>
    </p>
   </div>
   <div class='ocr_carea' id='block_1_117' title="bbox 2157 5464 3661 5542">
    <p class='ocr_par' dir='ltr' id='par_1_117' title="bbox 2157 5464 3661 5542">
     <span class='ocr_line' id='line_1_117' title="bbox 2157 5464 3661 5542; baseline -0.007 -18"><span class='ocrx_word' id='word_1_895' title='bbox 2157 5471 2273 5542; x_wconf 75' lang='lat'><strong>(5‘2)</strong></span> <span class='ocrx_word' id='word_1_896' title='bbox 2317 5470 2648 5542; x_wconf 81' lang='lat' dir='ltr'><strong>Vertendum</strong></span> <span class='ocrx_word' id='word_1_897' title='bbox 2696 5481 2813 5532; x_wconf 87' lang='lat' dir='ltr'><strong>est,</strong></span> <span class='ocrx_word' id='word_1_898' title='bbox 2856 5476 3134 5542; x_wconf 62' lang='grc' dir='ltr'><strong>⁸ζιιηιιιιιηῃ</strong></span> <span class='ocrx_word' id='word_1_899' title='bbox 3197 5465 3488 5542; x_wconf 79' lang='lat' dir='ltr'><strong>puerulus,</strong></span> <span class='ocrx_word' id='word_1_900' title='bbox 3531 5464 3661 5542; x_wconf 68' lang='lat' dir='ltr'><strong>quia</strong></span> 
     </span>
    </p>
   </div>
   <div class='ocr_carea' id='block_1_118' title="bbox 2089 5533 3663 5609">
    <p class='ocr_par' dir='ltr' id='par_1_118' title="bbox 2089 5533 3663 5609">
     <span class='ocr_line' id='line_1_118' title="bbox 2089 5533 3663 5609; baseline -0.006 -13"><span class='ocrx_word' id='word_1_901' title='bbox 2089 5533 2334 5596; x_wconf 77' lang='lat' dir='ltr'><strong>Justinus</strong></span> <span class='ocrx_word' id='word_1_902' title='bbox 2364 5544 2414 5594; x_wconf 87' lang='lat' dir='ltr'><strong>in</strong></span> <span class='ocrx_word' id='word_1_903' title='bbox 2466 5541 2717 5609; x_wconf 86' lang='lat' dir='ltr'><strong>Dialogo,</strong></span> <span class='ocrx_word' id='word_1_904' title='bbox 2757 5557 2809 5592; x_wconf 82' lang='grc' dir='ltr'><strong>ιι.</strong></span> <span class='ocrx_word' id='word_1_905' title='bbox 2843 5539 2943 5598; x_wconf 69' lang='grc'><strong>42,</strong></span> <span class='ocrx_word' id='word_1_906' title='bbox 3101 5533 3204 5609; x_wconf 76' lang='lat' dir='ltr'><strong>hoc</strong></span> <span class='ocrx_word' id='word_1_907' title='bbox 3234 5537 3354 5609; x_wconf 77' lang='lat' dir='ltr'><strong>loco</strong></span> <span class='ocrx_word' id='word_1_908' title='bbox 3385 5533 3663 5609; x_wconf 66' lang='lat' dir='ltr'><strong>concludit</strong></span> 
     </span>
    </p>
   </div>
   <div class='ocr_carea' id='block_1_119' title="bbox 2086 5604 3662 5666">
    <p class='ocr_par' dir='ltr' id='par_1_119' title="bbox 2086 5604 3662 5666">
     <span class='ocr_line' id='line_1_119' title="bbox 2086 5604 3662 5666; baseline -0.006 0"><span class='ocrx_word' id='word_1_909' title='bbox 2086 5613 2426 5666; x_wconf 81' lang='lat' dir='ltr'><strong>Christianos</strong></span> <span class='ocrx_word' id='word_1_910' title='bbox 2469 5604 2662 5663; x_wconf 70' lang='lat' dir='ltr'><strong>onlnth</strong></span> <span class='ocrx_word' id='word_1_911' title='bbox 2715 5611 2887 5661; x_wconf 77' lang='lat' dir='ltr'><strong>instar</strong></span> <span class='ocrx_word' id='word_1_912' title='bbox 2931 5607 3089 5659; x_wconf 88' lang='lat' dir='ltr'><strong>unius</strong></span> <span class='ocrx_word' id='word_1_913' title='bbox 3143 5608 3378 5659; x_wconf 86' lang='lat' dir='ltr'><strong>hominis</strong></span> <span class='ocrx_word' id='word_1_914' title='bbox 3422 5619 3543 5658; x_wconf 79' lang='lat' dir='ltr'><strong>esse</strong></span> <span class='ocrx_word' id='word_1_915' title='bbox 3593 5604 3662 5656; x_wconf 83' lang='lat' dir='ltr'><strong>ob</strong></span> 
     </span>
    </p>
   </div>
   <div class='ocr_carea' id='block_1_120' title="bbox 2086 5677 3296 5744">
    <p class='ocr_par' dir='ltr' id='par_1_120' title="bbox 2086 5677 3296 5744">
     <span class='ocr_line' id='line_1_120' title="bbox 2086 5677 3296 5744; baseline -0.004 -9"><span class='ocrx_word' id='word_1_916' title='bbox 2086 5683 2454 5736; x_wconf 82' lang='lat' dir='ltr'><strong>aretissimam</strong></span> <span class='ocrx_word' id='word_1_917' title='bbox 2485 5683 2796 5733; x_wconf 84' lang='lat' dir='ltr'><strong>animorum</strong></span> <span class='ocrx_word' id='word_1_918' title='bbox 2827 5677 3296 5744; x_wconf 71' lang='lat' dir='ltr'><strong>coniunctionem.</strong></span> 
     </span>
    </p>
   </div>
   <div class='ocr_carea' id='block_1_121' title="bbox 2157 5745 3661 5822">
    <p class='ocr_par' dir='ltr' id='par_1_121' title="bbox 2157 5745 3661 5822">
     <span class='ocr_line' id='line_1_121' title="bbox 2157 5745 3661 5822; baseline -0.004 -15"><span class='ocrx_word' id='word_1_919' title='bbox 2157 5753 2268 5822; x_wconf 79' lang='lat'><strong>(53)</strong></span> <span class='ocrx_word' id='word_1_920' title='bbox 2302 5751 2582 5822; x_wconf 81' lang='grc' dir='ltr'>Εἰρήνης.</span> <span class='ocrx_word' id='word_1_921' title='bbox 2616 5751 2832 5822; x_wconf 73' lang='lat' dir='ltr'><strong>Addunt</strong></span> <span class='ocrx_word' id='word_1_922' title='bbox 2859 5745 3013 5819; x_wconf 78' lang='grc' dir='ltr'>ἡμῶν</span> <span class='ocrx_word' id='word_1_923' title='bbox 3047 5748 3402 5820; x_wconf 79' lang='lat' dir='ltr'><strong>Septuaginta</strong></span> <span class='ocrx_word' id='word_1_924' title='bbox 3453 5759 3502 5803; x_wconf 90' lang='lat' dir='ltr'><strong>ct</strong></span> <span class='ocrx_word' id='word_1_925' title='bbox 3563 5747 3661 5802; x_wconf 78' lang='lat' dir='ltr'><strong>Ju-</strong></span> 
     </span>
    </p>
   </div>
   <div class='ocr_carea' id='block_1_122' title="bbox 2083 5820 2909 5891">
    <p class='ocr_par' dir='ltr' id='par_1_122' title="bbox 2083 5820 2909 5891">
     <span class='ocr_line' id='line_1_122' title="bbox 2083 5820 2909 5891; baseline -0.001 -12"><span class='ocrx_word' id='word_1_926' title='bbox 2083 5820 2259 5880; x_wconf 84' lang='lat' dir='ltr'><strong>stinus</strong></span> <span class='ocrx_word' id='word_1_927' title='bbox 2289 5821 2524 5891; x_wconf 75' lang='lat' dir='ltr'><strong>Dtaiog.,</strong></span> <span class='ocrx_word' id='word_1_928' title='bbox 2561 5822 2648 5875; x_wconf 80' lang='grc'><strong>15.</strong></span> <span class='ocrx_word' id='word_1_929' title='bbox 2681 5820 2909 5878; x_wconf 67' lang='grc' dir='ltr'>Τιηιιιιι.</span> 
     </span>
    </p>
   </div>
  </div>
