4006 6254
399 359 506 416 405

1353 368 1410 424 S.
1445 372 1707 429 JUSTlNl
1738 374 2150 435 PHILOSOPHI
2186 381 2275 435 ET
2315 382 2674 443 MARTYRIS

3536 399 3642 456 804

396 477 620 533 ctionem
648 497 750 536 non
781 486 981 552 aperuit
1005 502 1060 539 os
1091 503 1262 542 suum.
1294 489 1444 546 Sicut
1468 496 1577 549 ovis
1597 497 1667 550 ad
1697 497 1945 551 victiman

2069 503 2201 556 τόν·
2234 502 2314 568 τῷ
2333 505 2577 573 μώλωπι
2607 506 2790 562 αὐτοῦ
2820 508 2990 578 ἡμεῖς
3019 509 3285 581 ἰάθημεν.
3309 513 3541 579 Πάντες
3560 515 3642 581 ὡς

395 572 588 628 ductus
627 586 734 639 est;
757 586 805 630 et
828 578 960 631 sicut
987 597 1152 649 agnus
1176 599 1354 637 coram
1387 589 1633 643 tondente
1663 601 1860 654 mutus,
1888 594 1964 646 sic

395 678 502 716 non
529 667 734 731 aperuit
765 684 822 721 os
844 685 1016 724 suum.
1038 671 1102 725 In
1126 672 1423 730 humilitate
1444 697 1538 733 sua
1550 681 1819 750 judicium
1846 683 1962 752 ejus

393 756 660 810 sublatum
700 770 774 812 est
799 760 842 813 ⁸.
889 761 1187 834 Postquam
1231 767 1398 838 igitur
1421 773 1721 828 cruciﬁxus
1751 784 1865 841 est,
1894 778 1963 832 ab

393 861 461 901 eo
491 848 658 902 etiam
707 851 958 921 discipuli
995 869 1186 911 omnes
1227 858 1569 926 defecerunt,
1603 880 1726 918 eum
1752 881 1964 936 negan-

391 946 513 1000 tes;
555 956 850 1013 rursusque
873 962 938 1001 ex
968 951 1198 1005 mortuis
1225 952 1496 1008 redivivus
1532 971 1653 1010 cum
1687 959 1768 1012 eis
1795 975 1962 1029 appa-

389 1033 616 1101 ruisset,
643 1047 695 1088 et
722 1039 1038 1107 prophetias
1058 1082 1073 1105 ,
1115 1043 1168 1096 in
1200 1045 1395 1112 quibus
1422 1046 1602 1101 futura
1634 1049 1749 1105 hare
1775 1054 1958 1109 omnia

387 1125 710 1193 praedictum
741 1128 938 1195 fuerat,
959 1132 1137 1200 legere
1161 1137 1459 1201 docuisset,
1477 1139 1736 1209 illumque
1763 1158 1959 1198 ascen-

389 1207 605 1268 dentem
631 1216 682 1269 in
707 1220 902 1274 caelum
938 1223 1235 1291 vidissent,
1263 1239 1319 1280 et
1343 1207 1728 1298 credidissent,
1755 1249 1820 1288 ac
1846 1236 1953 1289 vir-

386 1315 537 1371 tute,
577 1323 739 1376 quam
771 1312 894 1368 inde
932 1315 1038 1370 illis
1079 1318 1341 1384 immisit,
1373 1333 1597 1392 accepta
1623 1364 1639 1388 ,
1686 1327 1753 1380 ad
1797 1343 1958 1383 omne

385 1393 670 1450 hominum
701 1415 875 1468 genus
921 1404 1148 1471 profecti
1199 1420 1417 1475 essent;
1470 1412 1585 1468 [nec
1620 1417 1859 1471 docuere
1903 1427 1959 1472 et

387 1489 619 1552 apostoli
647 1492 903 1560 appellati
936 1506 1080 1550 sunt.

2049 593 2329 660 -πρόϐατα
2357 595 2799 667 ἐπλανήθημεν,
2841 600 3147 668 ἅνθρωπος
3185 600 3260 670 τῇ
3299 602 3418 667 όδῷ
3452 603 3642 658 αὐτοῦ

2066 683 2376 753 ἐπλανήθη
2394 703 2408 716 ·
2437 687 2537 740 καὶ
2571 689 2907 757 παρέδωκεν
2937 689 3124 744 αὐτὸν
3161 691 3290 758 ταῖς
3330 692 3645 762 ἁμαρτίαις

2065 775 2263 846 ἡμῶν,
2288 779 2386 832 καὶ
2414 779 2598 846 αὐτὸς
2634 781 2732 835 διὰ
2772 781 2836 834 τὸ
2880 781 3249 837 κεκακῶσθαι
3279 786 3390 838 οὐκ
3414 786 3642 854 ἀνοίγει

2066 869 2130 922 τὸ
2157 872 2348 939 στόμα
2370 872 2574 926 αὐτοῦ.
2613 874 2704 938 Ὡς
2745 875 3040 941 πρόϐατον
3067 875 3166 928 ἐπὶ
3189 877 3436 946 σφαγὴν
3456 875 3638 945 ἤχθη,

2067 961 2168 1012 καὶ
2194 961 2273 1026 ὡς
2305 962 2494 1032 ἀμνὸς
2520 965 2800 1018 ἐναντίον
2820 966 2925 1020 τοῦ
2947 968 3248 1034 κείροντος
3269 968 3455 1022 αὐτὸν
3481 970 3642 1037 ἀρω-

2066 1070 2191 1118 νος,
2235 1054 2421 1120 οὕτως
2462 1057 2572 1109 οὐκ
2599 1055 2824 1124 ἀνοίγει
2861 1057 2927 1110 τὸ
2963 1059 3158 1126 στόμα
3185 1059 3391 1113 αὐτοῦ.
3439 1062 3532 1112 Ἐν
3562 1059 3643 1129 τῇ

2066 1144 2414 1198 ταπεινώσει
2461 1145 2646 1199 αὐτοῦ
2697 1147 2735 1213 ἠ
2782 1147 2982 1214 κρίσις
3031 1149 3216 1202 αὑτοῦ
3261 1149 3431 1218 ἤρθη.
3484 1149 3642 1204 Μετά

2064 1230 2157 1288 οὖν
2185 1235 2245 1288 τὸ
2275 1235 2651 1306 σταυρωθῆναι
2695 1237 2890 1302 αὑτὸν,
2929 1239 3023 1292 καὶ
3069 1241 3118 1293 οἱ
3169 1239 3431 1311 γνώριμοι
3472 1238 3640 1294 αὐτοῦ

2068 1327 2266 1391 πάντες
2297 1328 2631 1400 ἀπέστησαν,
2666 1331 3031 1404 ἀρνησάμενοι
3065 1333 3260 1386 αὐτόν’
3293 1333 3517 1403 ὕστερον
3553 1332 3634 1397 δὲ,

2064 1423 2129 1475 ἐκ
2158 1423 2364 1494 νεκρῶν
2421 1424 2781 1488 ἀναστάντος,
2829 1426 2924 1479 καὶ
2977 1425 3232 1495 ὀφθέντος
3275 1427 3486 1491 αὐτοῖς,
3539 1425 3635 1479 καὶ

2060 1514 2182 1575 ταῖς
2211 1514 2566 1584 προφητείαις
2598 1517 2860 1586 ἐντυχεῖν,
2884 1519 2942 1569 ἐν
2972 1511 3061 1580 αἷς
3093 1518 3268 1571 πάντα
3293 1518 3464 1572 ταῦτα
3498 1533 3636 1588 προ-

384 1580 568 1651 είρητο
593 1586 954 1656 γενησόμενα,
973 1589 1299 1656 διδάξαντος,
1330 1595 1420 1648 καὶ
1455 1599 1534 1661 είς
1564 1599 1791 1670 οὐρανὸν
1812 1601 2169 1673 ἀνερχόμενον
2208 1580 2442 1668 ἰδόντες,
2478 1607 2571 1659 καὶ
2604 1580 3005 1673 πιστεύσαντες,
3031 1610 3123 1663 καὶ
3145 1608 3372 1680 δύναμιν
3426 1580 3639 1664 ἐκεῖθεν

383 1673 567 1737 αὐτοῖς
597 1676 934 1746 πεμφθεῖσαν
971 1684 1100 1753 παρ’
1133 1684 1298 1741 αὐτοῦ
1325 1687 1614 1754 λαϐόντες,
1651 1693 1742 1745 καὶ
1783 1695 1861 1756 είς
1902 1695 2008 1747 πᾶν
2041 1695 2195 1762 γένος
2229 1696 2531 1769 ἀνθρώπων
2566 1699 2843 1765 ἐλθόντες,
2867 1700 3040 1754 ταῦτα
3066 1700 3329 1768 ἐδίδαξαν,
3371 1701 3463 1755 καὶ
3495 1702 3635 1756 ἁπό-

383 1766 558 1820 οτολοι
592 1772 1123 1844 προσηγορεύθησαν.

454 1861 543 1917 Si.
582 1862 750 1921 Nobis
783 1879 966 1922 autem
999 1880 1056 1924 ut
1085 1877 1396 1931 ostenderet
1430 1878 1670 1948 Spiritus
1699 1885 1935 1954 prophe-

2113 1883 2201 1937 51.
2244 1885 2357 1938 Ἵνα
2374 1884 2429 1938 δὲ
2453 1885 2664 1957 μηνύσῃ
2687 1888 2816 1957 ἡμῖν
2837 1903 2897 1938 το
2931 1889 3264 1958 προφητικδιν
3284 1889 3528 1961 Πνεῦμα,
3551 1893 3636 1945 ὅτι

384 1956 528 2010 licus
557 1970 707 2023 eum,
741 1961 831 2029 qui
868 1960 984 2017 lucc
1027 1965 1256 2032 patitur,
1291 1984 1398 2023 non
1435 1975 1744 2030 enarrabile
1784 1995 1956 2049 genus

382 2048 606 2114 habere,
640 2063 694 2106 et
718 2053 957 2109 inimicis
983 2058 1096 2111 suis
1137 2059 1430 2129 imperare,
1466 2065 1548 2120 sic
1587 2048 1798 2125 locutus
1820 2082 1903 2127 est
1939 2091 1950 2124 :

383 2139 784 2200 Generationem
815 2148 930 2217 ejus
970 2151 1087 2218 quis
1140 2156 1452 2212 enarrabili
1479 2156 1617 2222 Quia
1666 2163 1871 2218 tollitur
1892 2168 1956 2221 de

381 2249 524 2291 terra
576 2241 680 2293 vita
739 2242 873 2309 ejus.
911 2245 988 2295 Ab
1037 2245 1406 2316 iniquitatibus
1457 2268 1636 2306 eorum
1676 2260 1868 2312 transit
1899 2262 1953 2314 in

379 2341 620 2385 mortem.
648 2332 715 2386 Et
747 2336 882 2388 dabo
911 2338 1162 2403 pessimos
1191 2356 1284 2406 pro
1321 2342 1590 2409 sepultura
1616 2347 1751 2414 ejus,
1785 2360 1836 2403 et
1865 2353 1951 2404 di-

378 2425 504 2476 vites
551 2441 644 2493 pro
683 2439 849 2483 morte
883 2429 1047 2486 illius.
1101 2431 1239 2495 Quia
1291 2435 1618 2502 iniquitatem
1669 2459 1772 2494 non
1803 2443 1948 2512 fecit,

383 2530 555 2583 neque
605 2517 840 2571 inventus
882 2530 956 2572 est
991 2521 1146 2574 dolus
1208 2524 1264 2576 in
1316 2540 1405 2579 ore
1431 2528 1588 2596 ejus:
1613 2542 1660 2584 et
1696 2533 1950 2590 Dominus

377 2607 484 2658 iult
517 2608 775 2663 mundare
800 2626 918 2663 eum
953 2629 984 2664 a
1025 2613 1201 2683 plaga.
1233 2614 1296 2670 Si
1327 2618 1484 2672 datus
1511 2621 1671 2688 fuerit
1716 2642 1813 2692 pro
1840 2643 1954 2694 pec-

378 2711 528 2766 cato,
570 2704 748 2755 anima
772 2715 940 2757 vestra
975 2705 1164 2758 videbit
1193 2723 1366 2761 semen
1398 2710 1709 2780 longaevum.
1744 2716 1810 2768 Et
1842 2718 1948 2771 vult

375 2795 634 2849 Dominus
665 2796 886 2867 auferre
913 2799 978 2852 de
1009 2800 1192 2854 dolore
1224 2805 1456 2856 animam
1501 2807 1634 2873 ejus,
1678 2815 1949 2866 ostendere

377 2889 424 2940 ei
451 2887 640 2951 lucem,
669 2903 717 2943 et
744 2891 979 2958 formare
1011 2892 1383 2962 intelligentia,
1406 2897 1704 2965 justi/icare
1738 2902 1948 2968 justum

376 2983 504 3034 bene
531 2983 834 3036 servientem
877 2985 1084 3039 multis.
1118 2986 1185 3040 Et
1216 3001 1432 3056 peccata
1478 3003 1657 3064 nostra
1688 2995 1798 3062 ipse
1825 3013 1948 3062 por-

375 3075 544 3138 tabit;
586 3087 867 3143 propterea
906 3079 1016 3144 ipse
1053 3081 1339 3146 possidebit
1390 3082 1607 3148 multos,
1636 3095 1682 3137 et
1722 3088 1942 3154 fortium

373 3169 570 3223 dividet
615 3169 805 3237 spolia,
836 3187 930 3238 pro
957 3188 1017 3224 eo
1061 3174 1202 3240 quod
1251 3174 1450 3227 tradita
1501 3188 1576 3229 est
1615 3182 1684 3230 ad
1725 3190 1944 3234 mortem

2059 1977 2087 2028 ὁ
2113 1975 2284 2028 ταῦτα
2312 1979 2535 2048 πάσχων
2566 1977 2954 2050 ἀνεκδιήγητον
2991 1979 3103 2050 ἔχει
3125 1982 3183 2034 τὸ
3212 1982 3388 2050 γένος,
3411 1984 3502 2036 καὶ
3536 1985 3636 2053 βα-

2059 2066 2256 2120 σιλεύει
2289 2067 2396 2121 τῶν
2423 2068 2653 2140 ἐχθρῶν,
2681 2069 2784 2140 ἔφη
2810 2069 3007 2133 οὕτως’
3041 2070 3158 2139 Τὴν
3194 2075 3407 2142 γενεὰν
3448 2074 3636 2130 αὐτοῦ

2057 2159 2148 2223 τίς
2192 2158 2572 2228 διηγήσεταυ
2617 2161 2705 2215 ὅτι
2755 2161 2979 2230 αἴρεται
3016 2162 3134 2217 ἀπὸ
3164 2161 3274 2232 τῆς
3307 2165 3420 2234 τῆς
3447 2167 3486 2233 ἠ
3519 2162 3633 2232 {iuit

2056 2252 2272 2305 αὐτοῦ·
2301 2252 2420 2307 ἀπὸ
2449 2253 2568 2306 τῶν
2605 2253 2867 2322 ἀνομιῶν
2913 2254 3112 2308 αὐτῶν
3157 2255 3291 2323 ἥκει
3329 2259 3416 2321 εὶς
3455 2256 3636 2310 θάνα-

2055 2361 2178 2397 τον.
2232 2345 2341 2399 Καὶ
2385 2345 2556 2400 δώσω
2603 2346 2744 2412 τοὺς
2788 2348 3088 2416 πονηροὺς
3128 2347 3262 2401 ἀντὶ
3288 2348 3400 2417 τῆς
3439 2350 3634 2418 ταξεῆς

2053 2439 2258 2503 αὑτοῦ,
2292 2440 2388 2493 καὶ
2418 2440 2558 2506 τοὺς
2585 2441 2921 2507 πλουσίους
2947 2441 3080 2495 ἀντὶ
3101 2441 3206 2494 τοῦ
3233 2442 3488 2496 θανάτου
3524 2445 3633 2497 αὐ-

2052 2533 2188 2586 τοῦ·
2224 2533 2312 2586 ὅτι
2341 2533 2596 2602 ἀνομίαν
2633 2536 2745 2587 οὐκ
2777 2534 3088 2600 ἐποίησεν,
3117 2533 3260 2588 οὐδὲ
3287 2535 3498 2603 εὑρέθη
3527 2535 3631 2588 δό-

2051 2629 2162 2692 λος
2198 2626 2267 2678 ἐν
2294 2625 2373 2690 τῷ
2401 2627 2653 2694 στόματι
2705 2627 2890 2680 αὐτοῦ
2911 2645 2924 2657 ·
2956 2627 3055 2680 καὶ
3111 2629 3324 2696 Κύριος
3339 2629 3630 2692 ,βούλεται

2052 2720 2363 2787 καθαρίσαι
2403 2719 2590 2772 αὐτόν
2641 2718 2752 2786 τῆς
2797 2720 3057 2790 πληγῆς.
3102 2721 3233 2774 Ἐὰν
3265 2720 3443 2775 δῶται
3497 2721 3632 2789 περὶ

2049 2809 2354 2879 ἁμαρτίας,
2385 2812 2424 2878 ἡ
2465 2809 2636 2879 ψυχὴ
2675 2811 2842 2880 ὑμῶν
2870 2811 3080 2879 ὄψεται
3129 2813 3365 2881 σπέρμα
3408 2814 3630 2882 μακρό-

2050 2902 2198 2954 ϐιον.
2227 2901 2338 2954 Καὶ
2373 2903 2665 2965 ,βούλεται
2717 2903 2934 2968 Κύριος
2977 2903 3226 2971 ἀφελεῖν
3263 2905 3380 2958 ἀπὸ
3438 2905 3628 2958 πόνου

2049 2994 2163 3062 τὴν
2211 2997 2424 3065 ψυχὴν
2465 2995 2672 3060 αὐτοῦ,
2704 2995 2895 3060 δεῖξαι
2949 2996 3109 3062 αὐτῷ
3163 2995 3308 3065 φῶς,
3355 2995 3450 3048 καὶ
3479 2995 3630 3048 πλά-

2048 3088 2246 3158 σαιτῇ
2277 3090 2547 3153 συνέσει,
2578 3089 2888 3144 δικαιῶσαι
2917 3087 3228 3145 δίκαιονεῦ
3260 3090 3630 3144 δουλεύοντα

2048 3184 2327 3247 πολλοῖς·
2361 3181 2458 3234 καὶ
2495 3182 2600 3248 τὰς
2628 3183 2916 3252 ἁμαρτίας
2949 3183 3117 3252 ημῶν
3148 3183 3329 3248 αὐτὸς
3356 3182 3588 3236 ἀνοίσει
3607 3199 3620 3211 ·

373 3263 553 3314 animo
581 3261 727 3331 ejus;
755 3273 803 3315 et
830 3265 1104 3332 in'iniquis
1153 3276 1426 3335 reputatus
1457 3278 1555 3335 est,
1586 3279 1634 3323 et
1669 3272 1778 3337 ipse
1819 3289 1941 3338 pec-

2051 3273 2141 3326 διὰ
2169 3273 2342 3326 τοῦτο
2369 3273 2552 3338 αὐτὸς
2575 3246 3017 3343 κληρονομήσει
3057 3274 3346 3339 πολλοὺς.
3382 3275 3479 3327 καὶ
3509 3273 3626 3326 τῶν

372 3363 494 3406 cata
535 3354 824 3409 multorum
877 3355 1018 3420 tulit,
1070 3368 1118 3412 et
1163 3370 1376 3428 propter
1406 3362 1718 3430 iniquitates
1761 3381 1942 3417 eorum

372 3447 604 3502 traditus
639 3449 778 3502 est".
814 3448 1096 3515 Quomodo
1130 3461 1308 3505 autem
1337 3460 1393 3505 et
1432 3453 1484 3504 in
1515 3455 1711 3507 etelum
1743 3469 1938 3508 ascen-

371 3555 566 3595 surum
602 3555 725 3596 esse
776 3541 927 3594 illum
961 3545 1282 3611 praedictum
1314 3545 1406 3605 sit,
1438 3546 1645 3601 audite.
1679 3547 1770 3602 Sic
1797 3547 1940 3601 enim

369 3634 575 3688 dictum
603 3643 686 3686 est
716 3651 730 3686 :
761 3633 950 3687 Tollite
1000 3647 1178 3701 portas
1215 3636 1462 3690 caelorum
1487 3655 1506 3692 :
1555 3642 1855 3707 aperimini,
1884 3652 1940 3697 ut

367 3727 702 3796 ingrediatur
747 3743 843 3782 rea:
894 3727 1098 3793 glorite.
1142 3728 1272 3793 Quis
1301 3739 1376 3783 est
1428 3732 1527 3784 iste
1572 3749 1663 3786 rea:
1714 3735 1940 3804 gloria’?

368 3817 632 3872 Dominus
659 3819 831 3886 fortis,
861 3828 908 3872 et
941 3819 1195 3873 Dominus
1234 3831 1414 3890 potens
1433 3825 1474 3877 ⁸.
1508 3823 1787 3890 Quomodo
1841 3843 1940 3881 au-

368 3923 479 3966 tem
513 3920 569 3966 et
611 3911 678 3964 de
709 3910 863 3965 caelis
919 3921 1184 3967 venturus
1217 3914 1288 3966 sit
1332 3930 1456 3968 cum
1500 3917 1695 3985 gloria,
1754 3922 1938 3978 audite

367 4019 490 4072 qua:
525 4018 584 4056 ea
617 4004 683 4057 de
711 4018 770 4057 re
797 4002 938 4056 dicta
987 4013 1110 4057 sunt
1141 4019 1236 4072 per
1262 4005 1552 4061 Jeremiam
1590 4013 1932 4080 prophetam.

367 4094 462 4150 Sic
491 4103 668 4148 autem
701 4110 757 4148 se
784 4095 986 4148 habent
1014 4112 1028 4149 :
1053 4095 1183 4149 Ecce
1217 4108 1465 4168 tanquam
1496 4101 1643 4168 ﬁlius
1703 4104 1935 4160 hominis

365 4186 506 4240 venit
548 4187 606 4239 in
657 4185 877 4239 nubibus
914 4188 1042 4244 caeli.
1069 4199 1115 4242 et
1138 4191 1314 4258 angeli
1348 4193 1462 4261 ejus
1489 4211 1616 4248 cum-
1645 4214 1704 4250 eo
1727 4201 1768 4252 ⁸.

2054 3364 2319 3433 ὶσχιφῶν
2337 3365 2529 3434 μεριεῖ
2549 3367 2750 3419 σκύλα
2771 3383 2784 3395 ·
2817 3368 2944 3421 ἀνθ’
2975 3362 3062 3420 ὧν
3090 3366 3382 3436 παρεδόθη
3407 3368 3492 3431 εἰς
3527 3364 3628 3419 θά-

2050 3473 2236 3510 νατον
2263 3458 2301 3525 η
2333 3458 2504 3526 ψυχὴ
2533 3459 2740 3524 αὐτοῦ,
2771 3459 2868 3512 καὶ
2915 3460 2986 3513 ἐν
3035 3461 3156 3526 τοῖς
3201 3461 3445 3529 ἀνόμοις
3490 3460 3624 3513 ἐλο-

2051 3550 2248 3618 γίσθη,
2267 3551 2363 3603 καὶ
2392 3552 2572 3616 αὐτὸς
2600 3553 2887 3620 ἁμαρτίας
2913 3552 3162 3606 πολλῶν
3189 3552 3502 3622 ἀνήνεγκε,
3527 3551 3626 3606 καὶ

2049 3641 2145 3695 διὰ
2189 3645 2294 3708 τὰς
2337 3643 2587 3712 ἀνομίας
2633 3644 2830 3697 αὐτῶν
2871 3646 3054 3710 αὐτὸς
3099 3643 3416 3712 παρεδόθη.
3461 3643 3624 3707 Ὧςδὲ

2048 3737 2141 3789 καὶ
2174 3741 2253 3801 είς
2307 3737 2398 3791 τὸν
2428 3739 2654 3809 ούρανὺν
2694 3738 2920 3808 ἔμελλεν
2966 3739 3195 3805 ἀνιέναι,
3237 3737 3418 3801 καθὼς
3457 3754 3609 3809 προε-

2047 3829 2311 3900 φητεύθη,
2351 3830 2646 3884 ἀκούσατε·
2685 3830 2877 3901 ἐλέχθη
2919 3830 2976 3884 δέ
3013 3831 3214 3895 οὕτως·
3253 3833 3453 3899 Ἄρατε
3506 3829 3622 3883 πύ-

2009 3923 2016 3925 "
2044 3926 2158 3989 λας
2206 3922 2495 3990 οὐρανῶν,
2543 3924 2884 3991 ἀνοίχθητε,
2933 3925 3033 3978 ἵνα
3077 3925 3318 3992 εἰσέλθῃ
3364 3927 3396 3976 ό
3442 3924 3622 3986 ,βασι-

2042 4015 2190 4080 λεὺς
2219 4014 2327 4083 τῆς
2354 4014 2556 4081 δόξης.
2589 4014 2683 4079 Τίς
2721 4014 2892 4068 ἐστιν
2911 4011 3086 4081 οὗτος
3121 4018 3154 4068 ό
3177 4014 3475 4080 ,ϐασιλεὺς
3509 4011 3622 4082 τῆς

2045 4108 2268 4177 suam;
2324 4109 2540 4175 Κύριος
2593 4106 2869 4174 κραταιὸς
2926 4106 3024 4158 καὶ
3071 4107 3286 4172 Κύριος
3339 4104 3616 4168 δυνατός.

2055 4202 2142 4264 Ὡς
2193 4201 2249 4253 δέ
2302 4200 2396 4253 καὶ
2457 4197 2524 4262 ἐξ.
2559 4198 2805 4270 οὐρανῶν
2845 4196 3240 4268 παραγίνεσθαι
3290 4195 3426 4267 μετά
3463 4194 3620 4265 δόξης

367 4281 589 4351 μέλλει,
642 4281 908 4334 ἀκούσατε
963 4284 1056 4336 καὶ
1109 4283 1215 4337 τῶν
1262 4288 1567 4358 εἰρημένων
1637 4295 1716 4355 εἰς
1762 4293 1920 4347 τοῦτο
1960 4294 2048 4348 διὰ
2091 4295 2354 4366 Ἱερεμίου
2422 4294 2535 4365 (54)
2583 4293 2674 4346 τοῦ
2731 4294 3033 4364 προφήτου.
3103 4291 3259 4342 Ἔστι
3307 4289 3362 4343 δὲ
3413 4289 3614 4341 ταῦτα’

353 4376 533 4431 ίἹδοὺ·
565 4377 645 4443 ὡς
673 4374 802 4441 υἱὸς
854 4377 1164 4445 ἀνθρώπου
1209 4379 1439 4448 ἔρχεται
1492 4383 1692 4438 ἐπάνω
1747 4387 1865 4440 τῶν
1924 4386 2195 4456 νεφελῶν
2253 4385 2359 4439 τοῦ
2398 4385 2679 4453 οὐρανοῦ,
2709 4387 2805 4438 καὶ
2853 4389 2908 4440 οἱ
2965 4385 3204 4454 ἄγγελοι
3270 4385 3454 4438 αὐτοῦ
3496 4383 3620 4438 σὺν

361 4469 541 4534 αὐτῷ.

432 4563 526 4621 52.
565 4563 834 4630 Qttoniam
889 4564 1058 4635 igitur
1096 4583 1217 4638 quae
1252 4581 1580 4634 evenerunt,
1607 4570 1720 4639 jam
1751 4575 1932 4628 omnia

2110 4594 2198 4648 52.
2249 4583 2463 4665 Ἐπειδὴ
2504 4595 2683 4648 τοίνυν
2726 4593 2792 4648 τὰ
2823 4593 3089 4663 γενόμενα
3128 4593 3228 4664 ἤδη
3263 4591 3439 4646 πάντα
3476 4595 3606 4647 ἀπο-

359 4657 705 4712 ostendimus
754 4659 1045 4728 praedicta,
1096 4671 1387 4732 antequam
1451 4665 1776 4732 evenirent,
1834 4681 1934 4735 per

358 4750 657 4819 prophetas
685 4750 888 4817 fuisse;
922 4768 1151 4808 necesse
1180 4764 1266 4809 est
1293 4764 1345 4809 et
1380 4770 1466 4818 ea,
1505 4771 1626 4825 qum
1667 4757 1928 4811 similiter

357 4843 625 4912 prmdiCta'
686 4855 832 4908 sunt,
880 4861 946 4900 ac
999 4846 1298 4917 aliquando
1353 4850 1651 4915 evenient,
1703 4851 1932 4906 omnino

357 4946 625 4991 eventura
679 4939 926 4995 credere.
979 4940 1448 5006 Quemadmodum
1503 4943 1648 4996 enim
1705 4959 1768 4995 ea
1807 4958 1931 5013 quae

354 5030 467 5100 jam
491 5042 809 5094 evenerunt,
835 5035 1096 5102 praedicta
1119 5047 1170 5090 et
1195 5037 1440 5108 ignorata
1470 5047 1775 5094 evenerunt
1799 5055 1812 5102 ;
1849 5039 1926 5092 ita

356 5135 410 5179 et
434 5140 555 5193 qutr
598 5137 913 5195 supersunt,
947 5129 1199 5192 quamvis
1229 5130 1554 5199 ignorentur
1581 5146 1646 5186 ac
1679 5147 1784 5186 non
1813 5145 1932 5185 cre-

357 5219 577 5284 dantur,
603 5222 878 5276 evenient.
913 5223 1056 5277 Duos
1082 5224 1227 5277 enim
1286 5225 1433 5280 illius
1484 5226 1757 5280 advenats
1788 5241 1926 5294 prae-

355 5312 610 5368 dixerunt
655 5316 931 5384 propheta:
966 5331 982 5367 :
1016 5331 1182 5368 unum
1215 5319 1460 5385 quidem,
1487 5320 1576 5388 qui
1626 5320 1738 5389 jam
1773 5317 1924 5374 οιιιίν

470 5519 490 5550 ⁸
520 5524 628 5576 lsa.
659 5536 778 5587 un,
815 5521 932 5576 1-8.
1029 5524 1050 5554 ⁷
1091 5494 1253 5588 lbid.,
1288 5523 1438 5576 8-12.

421 5720 533 5792 (54)
560 5722 665 5795 Διὰ
699 5725 991 5795 Ἱερεμίου.
1036 5726 1153 5782 Non
1203 5727 1448 5787 Jeremite
1485 5741 1612 5783 esse
1654 5725 1798 5784 hunc
1843 5727 1921 5782 lo-

351 5807 496 5860 cum,
529 5794 623 5848 sed
649 5794 908 5864 Danielis,
931 5798 1042 5865 jam
1076 5799 1225 5855 multi
1255 5796 1640 5858 observarunt.

1552 5519 1575 5553 ⁸
1616 5521 1767 5576 Psal.
1815 5537 1976 5584 χχιιι,
2011 5521 2062 5574 7.

2039 4684 2325 4755 δείκνυμεν
2373 4685 2565 4756 πρὶνῆ
2611 4683 2862 4751 γενέσθαι
2891 4683 3335 4755 προκεκηρύχθαι
3378 4683 3465 4738 διὰ
3509 4683 3618 4738 τῶν

2039 4777 2352 4848 προφητῶν,
2371 4776 2584 4848 ἀνάγκη
2610 4775 2703 4829 καὶ
2726 4773 2853 4846 περὶ
2883 4775 2988 4828 τῶν
2999 4776 3195 4846 ὁμοίως
3217 4775 3620 4847 προφητευθὲν-

2037 4887 2165 4934 των,
2198 4869 2496 4940 μελλόντων
2518 4870 2573 4922 δὲ
2596 4868 2855 4938 γίνεσθαι,
2891 4869 3070 4922 πίστιν
3101 4869 3262 4939 ἔχειν,
3302 4868 3377 4931 ὡς
3400 4869 3623 4931 πάντως

2038 4962 2439 5034 γενησομένων.
2481 4964 2575 5014 Ὃν
2597 4961 2708 5033 γὰρ
2737 4963 2935 5033 τρόπον
2962 4962 3028 5015 τά
3049 4961 3150 5031 ἤδη
3178 4961 3464 5031 γενόμενα,
3490 4976 3617 5031 atpo-

2038 5049 2425 5120 κεκηρυγμένα
2457 5048 2549 5102 καὶ
2579 5050 2915 5120 ἀγνοούμενα
2957 5050 3156 5120 ἀπέϐη,
3185 5050 3274 5102 τὸν
3305 5049 3467 5102 αὑτὸν
3492 5050 3618 5121 τρό-

2033 5157 2131 5192 πον
2186 5139 2278 5192 καὶ
2332 5141 2401 5194 τὰ
2452 5141 2728 5205 λείποντα,
2773 5139 2874 5193 κᾶν
2930 5141 3192 5210 ἀγνοῆται
3245 5140 3338 5192 καὶ
3384 5139 3617 5210 ἀπιστῆ-

2032 5247 2121 5282 ται
2161 5230 2293 5302 (55),
2356 5230 2744 5302 ἀποϐήσονται.
2785 5227 2888 5281 Δύο
2932 5228 3041 5299 γὰρ
3089 5226 3250 5280 αὑτοῦ
3311 5224 3619 5297 παρουσίας

2029 5320 2410 5393 προεκήρυξαν
2453 5324 2503 5376 οἱ
2542 5323 2843 5394 προφῆταν
2885 5321 3014 5391 μίαν
3052 5320 3172 5390 μὲν,
3200 5318 3299 5390 τὴν
3340 5318 3439 5388 ἤδη
3465 5333 3617 5385 γενο-

2138 5522 2158 5553 ⁹
2199 5521 2334 5575 Dan.
2361 5537 2458 5586 vn,
2488 5521 2574 5574 I5.

2103 5725 2212 5796 (55)
2255 5726 2358 5780 Καὶ
2395 5722 2736 5791 (intermina.
2774 5722 2845 5776 Ita
2895 5721 3145 5777 Claram-
3171 5719 3312 5776 Editi
3344 5719 3609 5793 ἀπιστεῖ.

2031 5810 2137 5848 ται.
