4006 6254
396 398 497 451 £07

1357 395 1414 452 S.
1448 395 1711 450 JUSTlNl
1751 393 2161 450 PHILOSOPHI
2195 392 2285 448 ET
2316 390 2672 447 MARTYRIS

3543 387 3652 442 408

399 531 530 569 uera
561 529 588 567 a
623 514 941 584 prophetico
967 514 1172 580 Spiritu
1197 524 1385 582 gentes
1415 525 1708 580 vocantur;
1732 515 1970 570 Judaica:

2086 515 2132 567 τὸ
2157 513 2212 566 δὲ
2253 510 2537 565 Ἰουδαϊκὸν
2564 507 2656 563 καὶ
2684 503 3080 578 Σαμαρειτικὸν
3097 501 3279 572 φῦλον,
3315 501 3534 575 Ἰσραὴλ
3555 500 3654 556 καὶ

399 617 580 662 autem
602 618 656 661 et
678 606 1036 662 Samaritana:
1059 605 1256 670 tribus,
1283 605 1450 661 Israel
1481 615 1535 662 et
1554 605 1749 663 domus
1777 607 1966 663 Jacob.

400 700 681 768 Quomodo
731 710 911 752 autem
946 697 1270 766 przedictum
1304 698 1376 753 sit
1406 699 1591 768 plures
1619 716 1686 754 ex
1715 702 1975 769 gentibus

402 795 731 855 credituros,
767 807 927 859 quam
961 805 1023 844 ex
1071 789 1274 845 Iudaeis
1306 801 1360 844 et
1396 791 1785 857 Samaritanis,
1823 792 1972 845 vati-

401 884 605 939 cinium
635 882 947 947 ali’erem'us,
977 884 1122 952 quod
1167 883 1246 937 sic
1287 884 1486 938 habet:
1519 884 1749 948 Lwtare,
1778 886 1974 940 sterilis

401 990 520 1040 qua:
540 990 642 1026 non
676 973 854 1042 paris;
883 989 1092 1039 erumpe
1118 982 1165 1025 et
1208 972 1402 1037 clama,
1428 990 1546 1039 qua:
1580 991 1684 1028 non
1715 976 1973 1043 parturis,

402 1067 651 1136 quoniam
694 1067 863 1119 multo
903 1066 1076 1135 plures
1126 1077 1245 1120 sunt
1267 1066 1367 1135 ﬁlii
1408 1067 1649 1130 desertor,
1674 1084 1830 1137 quam
1861 1070 1975 1138 ejus

401 1174 520 1225 qua:
566 1157 720 1212 habet
763 1158 934 1211 virum
955 1157 1020 1210 η.
1055 1156 1294 1210 Deserta:
1328 1172 1560 1226 namque
1589 1167 1746 1211 erant
1776 1168 1831 1212 et
1861 1160 1979 1213 veri

403 1249 498 1303 Dei
527 1248 733 1318 ignara:
770 1259 960 1318 gentes
989 1263 1180 1302 omnes
1221 1263 1477 1300 manuum
1511 1262 1673 1316 opera
1707 1248 1973 1304 colentes.

403 1341 570 1397 Judaei
617 1354 797 1397 autem
846 1354 902 1397 et
949 1342 1302 1408 Samaritaui,
1335 1343 1424 1411 qui
1482 1341 1575 1398 Dei
1609 1342 1833 1398 verbum
1871 1345 1975 1399 sibi

405 1450 502 1504 per
551 1436 847 1504 prophetas
901 1435 1158 1489 traditum
1209 1435 1508 1502 habebant,
1569 1444 1623 1490 et
1691 1434 1976 1491 Christum

405 1541 622 1595 semper
656 1534 1124 1595 exspectaverant,
1158 1525 1536 1580 advenientem
1569 1535 1623 1580 et
1654 1538 1978 1597 pra-sentem

404 1630 513 1670 non
544 1626 906 1686 agnoverunt,
955 1615 1146 1685 paucis
1193 1616 1440 1684 exceptis
1485 1631 1621 1684 quos
1652 1617 1834 1673 salvos
1863 1618 1979 1674 fore

405 1709 648 1777 Spiritus
683 1709 1038 1778 propheticus
1091 1724 1186 1777 per
1215 1708 1407 1762 Isaiam
1437 1707 1543 1779 75
1569 1710 1844 1778 praedixit.
1875 1709 1977 1764 Lo-

407 1809 566 1851 cutus
587 1809 767 1850 autem
807 1807 892 1851 est
925 1796 1073 1851 velut
1105 1814 1167 1851 ex
1199 1813 1387 1852 eorum
1421 1814 1651 1868 persona
1677 1815 1693 1853 :
1719 1799 1842 1854 Nisi
1874 1802 1980 1856 Do-

406 1893 579 1945 minus
609 1892 898 1960 reliquissel
936 1893 1083 1945 nobis
1124 1909 1318 1956 semen,
1354 1893 1506 1962 quasi
1535 1892 1764 1948 Sodoma
1793 1905 1841 1947 et
1875 1895 1982 1950 Go-

406 1986 620 2037 morrlia
651 1985 781 2052 [acti
805 2001 1032 2038 essemus
1062 1986 1125 2040 ¹⁷.
1159 1985 1394 2040 Sodoma
1420 1988 1565 2040 enim
1597 1999 1653 2041 et
1674 1987 1983 2043 Gomorrha

409 2086 783 2128 memorantur
826 2091 855 2127 a
897 2074 1084 2146 Moyse
1118 2076 1370 2130 civitates
1413 2077 1660 2146 qumdam
1700 2077 1984 2133 hominum

408 2165 703 2232 impiorum
719 2165 906 2232 fuisse,
922 2183 1058 2235 quas
1073 2166 1214 2222 Deus
1231 2169 1353 2237 igne
1367 2177 1422 2222 et
1437 2169 1698 2237 sulphure
1711 2180 1985 2228 crematas

407 2259 625 2325 evertit,
667 2259 883 2313 nemine
939 2259 993 2313 in
1030 2260 1110 2314 eis
1150 2271 1390 2325 servato,
1431 2272 1630 2330 praeter
1664 2264 1984 2333 inquilinum

409 2351 722 2419 quemdam,
754 2350 1066 2406 Cbaldmutn
1100 2368 1300 2423 genere
1323 2355 1541 2408 nomine
1563 2353 1725 2420 Loth,
1764 2357 1984 2425 quicum

411 2442 536 2496 lilia:
551 2443 852 2498 incolumes
865 2456 1178 2498 evaserunt.
1198 2442 1348 2501 Hanc
1364 2447 1640 2515 regionem
1655 2463 1872 2504 omnem
1888 2451 1984 2504 de-

408 2545 611 2588 sertatn
637 2547 692 2589 et
721 2545 970 2590 exustam
991 2552 1112 2592 esse
1142 2547 1197 2592 et
1219 2539 1460 2593 sterilem
1486 2556 1729 2606 manere,
1759 2552 1988 2612 possunt

409 2643 638 2684 cernere
652 2630 743 2698 qui
761 2629 1050 2684 voluerint.
1066 2629 1532 2696 Quemadmodum
1549 2647 1727 2689 autem
1745 2643 1799 2690 et
1813 2635 1987 2690 verio-

409 2737 500 2776 res
534 2723 623 2792 qui
648 2739 712 2778 ex
739 2727 1014 2793 gentibus,
1042 2737 1094 2781 et
1126 2726 1401 2781 ﬁdeliores
1421 2728 1737 2798 praecogniti
1761 2728 1982 2795 fuerint,

410 2811 562 2866 Isaia:
599 2815 875 2884 propheta:
913 2814 1057 2870 dicta
1108 2816 1434 2882 referemus,
1461 2831 1585 2886 qua:
1614 2818 1696 2872 sic
1740 2817 1981 2872 habent:

410 2903 588 2959 Israel
609 2907 1008 2962 incircumcisus
1031 2909 1204 2976 corde,
1240 2919 1418 2978 gentes
1439 2919 1613 2964 autem
1635 2912 1892 2979 prceputio
1918 2911 1982 2964 ¹⁸.

413 2997 517 3051 Tot
546 3014 678 3069 ergo
701 3010 755 3054 et
785 3010 935 3054 tanta
965 3010 1094 3055 ante
1121 3001 1318 3056 oculos
1359 3004 1536 3070 posita
1566 3006 1983 3074 persuasionem

412 3099 468 3145 et
490 3091 646 3146 (idem
672 3093 760 3159 iis,
796 3095 890 3164 qui
940 3111 1127 3150 verum
1175 3096 1606 3166 amplectuntur,
1637 3111 1737 3153 nec
1769 3097 1984 3166 opinio-

2073 600 2223 669 οἶκος
2280 602 2473 657 Ἰακὼὸ
2538 601 2847 673 κέκληνται.
2912 598 3000 661 Ὠς
3053 596 3109 649 δὲ
3155 593 3536 667 προεφητεύθη
3565 594 3656 648 ὅτι

2076 697 2321 760 πλείονες
2344 696 2393 748 oi
2424 693 2531 748 ἀπὸ
2553 693 2659 747 τῶν
2688 691 2855 746 ὲθνῶν
2877 689 3223 752 πιστεύοντες
3244 687 3351 741 τῶν
3381 686 3491 742 ἀπὺ
3524 687 3660 740 Ἰου-

2074 789 2238 842 δαίων
2269 787 2362 840 καὶ
2386 785 2707 858 Σαμαρέων,
2745 783 2813 837 τὰ
2842 781 3284 856 προφητευθέντα
3308 777 3655 848 ἀπαγγελοῦ-

2080 900 2198 953 μεν.
2245 881 2464 953 Ἐλέχθη
2503 880 2561 933 δὲ
2599 879 2771 942 οὕτως
2793 894 2806 908 ⁸
2839 874 3212 946 Εὐφράνθητι
3238 873 3446 942 στεῖρα
3493 874 3532 942 ὴ
3580 873 3659 927 οὐ

2075 977 2378 1037 τίκτουσα,
2404 973 2602 1043 ῥῆξον
2619 973 2716 1026 καὶ
2737 973 2977 1038 ,βόησον
3006 971 3044 1039 ἠ
3075 973 3185 1024 οὐκ
3219 968 3538 1032 ὠδίνουσα,
3566 967 3658 1021 δτι

2077 1065 2277 1119 πολλὰ
2305 1065 2376 1119 τὰ
2401 1064 2581 1118 τέκνα
2619 1062 2729 1132 τῆς
2756 1061 2975 1131 ἐρήμου
2997 1059 3257 1130 μᾶλλον,
3286 1057 3323 1126 ἢ
3353 1058 3463 1126 τῆς
3483 1058 3658 1128 ἐχού-

2077 1172 2195 1223 σης
2215 1156 2319 1210 τὸν
2333 1155 2540 1224 ἄνδρα.
2579 1155 2803 1227 Ἐρημα
2831 1153 2940 1225 γὰρ
2971 1147 3040 1223 ἦν
3075 1153 3252 1205 πάντα
3274 1149 3341 1204 τὰ
3365 1150 3488 1220 ἔθνη
3519 1150 3657 1222 ἀλη-

2083 1243 2230 1297 θινοῦ
2291 1243 2448 1308 Θεοῦ,
2483 1242 2679 1316 χειρῶν
2706 1242 2888 1313 ἔργοις
2931 1240 3287 1313 λατρεύοντα·
3332 1238 3568 1292 Ἰουδαῖοι
3598 1237 3659 1292 δὲ

2083 1339 2177 1392 καὶ
2203 1339 2504 1409 Σαμαρεῖς,
2548 1336 2762 1407 ἔχοντες
2787 1336 2879 1389 τὸν
2922 1335 3074 1407 παρὰ
3104 1333 3193 1387 τοῦ
3223 1332 3356 1386 Θεοῦ
3385 1333 3538 1401 λόγον
3566 1331 3658 1386 διὰ

2079 1429 2184 1483 τῶν
2209 1429 2501 1502 προφητῶν
2529 1427 2900 1501 παραδοθέντα
2925 1427 3127 1492 αὐτοῖς,
3146 1425 3238 1480 καὶ
3254 1425 3340 1480 ἀεὶ
3363 1425 3662 1498 προσδοκή-

2082 1540 2275 1586 σαντες
2305 1521 2396 1576 τὸν
2426 1521 2680 1595 Χριστὸν,
2711 1520 3154 1592 παραγενόμενον
3183 1519 3480 1590 ἠγνόησαν,
3521 1517 3663 1588 πλὴν

2079 1615 2273 1683 ὀλίγων
2289 1613 2473 1678 τινῶν,
2498 1612 2592 1677 οῦς
2621 1615 2851 1685 προεῖπε
2873 1612 2932 1666 τὸ
2958 1612 3110 1681 ἅγιον
3140 1606 3473 1684 προφητικὸν
3493 1609 3666 1664 Πνεῦ-

2084 1726 2158 1778 μα
2187 1707 2273 1761 διὰ
2314 1707 2533 1760 Ἡσαΐου
2564 1705 2915 1776 σωθήσεσθαι.
2959 1702 3092 1758 Εῐπε
3113 1705 3168 1758 δὲ
3201 1705 3276 1768 ὡς
3315 1703 3420 1759 ἀπὸ
3452 1701 3668 1775 προσώ-

2081 1819 2182 1854 που
2221 1801 2397 1854 αὐτῶν
2416 1819 2429 1831 °
2456 1803 2526 1854 El
2550 1799 2636 1871 μὴ
2663 1800 2874 1867 Κύριος
2905 1798 3294 1868 ἐγκατέλιπεν
3323 1796 3466 1866 ἡμῖν
3491 1795 3670 1863 σπέρ-

2013 1903 2056 1958 B
2080 1911 2183 1965 μα,
2213 1894 2294 1959 ὡς
2316 1892 2548 1962 Σόδομα
2570 1891 2668 1945 καί
2699 1894 2969 1962 Γόμορρα
2993 1890 3068 1945 ἂν
3089 1889 3477 1960 ἐγενήθημεν.
3507 1887 3665 1941 Σόδο-

2093 2003 2168 2056 μα
2195 1986 2305 2057 γὰρ
2335 1987 2428 2039 καὶ
2457 1986 2708 2056 Γόμορρα
2762 1986 2944 2049 πόλεις
2991 1985 3134 2048 τινὲς
3183 1981 3397 2036 ἀσεϐῶν
3456 1979 3668 2052 ἀνδρῶν

2091 2077 2426 2149 ἱστοροῦνται
2471 2079 2576 2132 ὑπὸ
2617 2079 2860 2142 Μωσέως
2917 2078 3225 2148 γενόμεναι,
3267 2075 3334 2138 ἃς
3389 2074 3522 2146 πυρὶ
3573 2072 3667 2127 καὶ

2089 2170 2218 2242 θείῳ
2245 2171 2452 2236 καύσας
2481 2173 2510 2224 ὁ
2541 2171 2674 2236 Θεὸς
2703 2171 3060 2243 κατέστρεψε,
3100 2169 3328 2240 μηδενὸς
3357 2167 3463 2222 τῶν
3492 2170 3548 2220 ὲν
3571 2166 3671 2221 αύ-

2088 2265 2207 2326 ταῖς
2253 2263 2536 2328 σωθέντος,
2571 2264 2708 2337 πλὴν
2747 2263 3061 2328 ἀλλοεθνοῦς
3110 2280 3256 2326 τινος
3298 2260 3566 2314 Χαλδαίου
3607 2259 3671 2314 τὸ

2088 2357 2264 2425 γένος,
2362 2357 2532 2428 ὄνομα
2573 2356 2724 2411 Λώτ·
2759 2358 2857 2410 σὺν
2884 2351 2928 2426 ᾧ
2960 2357 3052 2410 καὶ
3077 2355 3380 2426 θυγατέρες
3408 2349 3670 2424 διεσώθη-

2090 2469 2208 2504 σαν.
2241 2451 2349 2504 Kal
2377 2451 2476 2522 τὴν
2502 2453 2683 2505 πᾶσαν
2705 2450 2882 2505 αὐτῶν
2911 2450 3093 2523 χώραν
3119 2449 3322 2521 ἔρημον
3352 2449 3444 2502 καὶ
3467 2464 3668 2501 κεκαυ-

2092 2543 2260 2616 μένην
2307 2539 2490 2608 οὖσαν,
2538 2545 2630 2597 καὶ
2684 2543 2876 2613 ἄγονον
2931 2544 3217 2616 μένουσαν,
3259 2545 3306 2595 oi
3357 2541 3666 2612 βουλόμενοι

2087 2637 2219 2706 ὁρᾷν
2241 2635 2472 2706 ἔχουσιν.
2509 2637 2593 2701 Ὡς
2621 2635 2678 2689 δὲ
2710 2637 2802 2689 καὶ
2825 2636 3175 2708 ἀληθέστεροι
3224 2636 3274 2687 οἱ
3305 2634 3412 2688 ἀπὸ
3452 2632 3557 2687 τῶν
3579 2631 3666 2685 έθ-

2088 2728 2194 2780 νῶν
2226 2727 2334 2799 (41)
2373 2728 2466 2781 καὶ
2487 2729 2795 2800 πιστότεροι
2822 2725 3306 2799 προεγινώσκοντο,
3330 2722 3673 2793 ἀπαγγελοῦ-

2093 2838 2190 2892 μεν
2219 2821 2285 2874 τὰ
2315 2822 2578 2893 εἰρημένα
2606 2822 2692 2876 διὰ
2735 2823 2955 2876 Ἡσαΐου
2997 2820 3088 2874 τοῦ
3119 2821 3418 2892 προφήτου.
3444 2818 3587 2888 Ἔφη
3609 2815 3666 2872 δὲ

2087 2912 2288 2977 οὕτως’
2337 2913 2573 2983 Ἰσραὴλ
2617 2915 3011 2984 ἀπερίτμητος
3055 2913 3170 2980 τὴν
3214 2911 3482 2980 καρδίαν,
3507 2909 3578 2966 τὰ
3598 2908 3666 2962 δὲ

2087 3005 2230 3074 ἔθνη
2257 3006 2372 3074 τὴν
2398 3008 2815 3076 ἀκροϐυστίαν.
2851 3007 2932 3061 Τὰ
2960 3007 3194 3060 τοσαῦτα
3221 3005 3350 3074 γοῦν
3394 3003 3661 3076 ὁρώμενα,

2089 3096 2260 3150 πειθὼ
2286 3099 2377 3152 καὶ
2417 3098 2597 3154 πίστιν
2625 3102 2738 3164 τοῖς
2772 3099 3001 3169 τάληθὲς
3047 3097 3444 3168 ἀσπαζομένοις
3476 3094 3568 3149 καὶ
3590 3093 3663 3165 μὴ

412 3201 513 3240 nes
553 3197 859 3255 seetantur,
915 3204 1016 3245 nec
1053 3191 1442 3261 cupiditatibus
1473 3193 1746 3259 serviunt,
1772 3194 1979 3249 ratione

2090 3187 2440 3258 φιλοδοξοῦσι,
2474 3191 2607 3262 μηδὲ
2637 3191 2740 3245 ὑπὸ
2772 3190 2959 3245 παθῶν
2981 3189 3322 3262 ἀρχομένοις,
3347 3187 3484 3260 μετὰ
3505 3186 3662 3255 λόγου

411 3279 598 3334 nixam
629 3280 824 3338 all'erre
858 3295 1105 3354 possunt.

481 3370 569 3426 54.
611 3372 714 3439 Qui
748 3389 875 3430 vero
903 3374 1146 3434 fabulosa
1189 3391 1471 3450 poetarum
1515 3390 1824 3436 commenta
1869 3391 1984 3434 tra-

411 3462 580 3526 dunt,
631 3466 832 3520 nullam
886 3484 1110 3537 prorsus
1159 3473 1678 3528 demonstrationem
1733 3473 1987 3528 ediscen-

412 3555 555 3608 tibus
581 3555 1024 3617 adolescentibus
1056 3565 1376 3633 proferunt;
1406 3566 1499 3620 sed
1530 3567 1645 3621 hzec
1676 3566 1984 3636 decipiendi

410 3656 466 3700 et
499 3648 812 3704 abducendi
839 3653 1060 3708 humani
1103 3659 1321 3724 generis
1349 3674 1538 3720 causa,
1574 3657 1843 3712 malorum
1872 3657 1986 3711 da:-

412 3754 630 3792 monum
661 3746 976 3810 operatione
1006 3745 1148 3800 dicta
1177 3749 1640 3806 demonstramus.
1673 3748 1809 3803 Cttnt
1836 3748 1984 3804 enim

410 3830 697 3897 praedicari
747 3851 776 3888 a
827 3838 1110 3906 prophetis
1170 3842 1455 3896 audissent
1515 3850 1803 3896 venturum
1863 3856 1986 3896 esse

410 3921 722 3988 Christum,
766 3942 830 3980 ac
884 3929 1079 3998 impios
1138 3932 1387 3988 homines
1438 3935 1815 3988 excruciatum
1873 3933 1983 3996 iri;

409 4015 760 4083 perfecerunt
796 4027 853 4072 ut
899 4019 1053 4074 multi
1100 4021 1416 4077 dicerentur
1456 4008 1624 4093 geniii
1664 4024 1798 4080 Jove
1845 4022 1983 4088 ﬁlii;

411 4107 514 4160 rati
544 4106 758 4164 ellicere
780 4126 839 4164 se
871 4129 1050 4182 posse,
1081 4125 1137 4167 ut
1166 4132 1284 4184 qua:
1311 4117 1377 4170 ad
1403 4116 1678 4171 Christum
1711 4125 1982 4186 Spectant,

411 4216 474 4253 ea
507 4200 754 4257 homines
784 4205 1125 4274 prodigiosas
1151 4207 1385 4274 fabulas,
1418 4220 1473 4263 et
1507 4211 1572 4262 iis
1595 4224 1716 4277 qua:
1746 4226 1775 4261 a
1806 4210 1984 4278 poetis

411 4293 553 4346 dicta
607 4306 766 4359 sunt,
809 4297 1004 4352 similia
1044 4301 1446 4356 existimarent.
1482 4304 1660 4370 Atque
1706 4307 1822 4356 haec
1866 4302 1985 4356 vulp

489 4431 532 4462 ¹⁸
565 4432 671 4490 lsa.
697 4452 806 4501 Ltv,
835 4437 887 4489 l.
973 4440 1012 4469 ³⁷
1049 4439 1153 4494 lsa.
1181 4457 1218 4508 ι,
1243 4445 1298 4496 9.
1397 4444 1439 4472 ’⁸
1477 4440 1590 4496 Jer.
1629 4459 1705 4508 tx,
1737 4443 1838 4500 26..

973 4440 1012 4469 ¹⁷
1049 4439 1153 4494 lsa.
1181 4457 1218 4508 l,
1243 4445 1298 4496 9.

2013 3255 2056 3309 (ἶ
2089 3281 2400 3354 ἐμφορῆσαι
2428 3255 2676 3336 δύναται.

2161 3373 2248 3428 54.
2283 3375 2345 3428 Οἱ
2371 3375 2427 3428 δὲ
2458 3375 2842 3446 παραδιδόντες
2866 3376 2934 3430 τὰ
2964 3374 3393 3448 μυθοποιηθέντα
3424 3373 3529 3427 ὑπὸ
3559 3373 3666 3427 τῶν

2089 3468 2325 3541 ποιητῶν
2357 3469 2610 3540 οὐδεμίαν
2641 3469 2912 3534 ἀπόδειξιν
2959 3471 3182 3542 φέρουσι
3227 3471 3340 3531 τοῖς
3385 3466 3664 3538 ἐκμανθά-

2088 3580 2235 3617 νουσι
2268 3563 2440 3628 νέοις·
2475 3563 2570 3617 καὶ
2604 3565 2697 3617 ἐπὶ
2741 3563 2928 3635 ἀπάτῃ
2961 3562 3070 3634 (42)
3117 3562 3210 3616 καὶ
3253 3563 3524 3632 ἀπαγωγῇ
3569 3559 3660 3614 τοῦ

2087 3657 2427 3729 ἀνθρωπείου
2454 3658 2643 3728 γένους
2669 3656 2922 3728 εἰρῆσθαι
2949 3656 3343 3727 ἀποδείκνυμεν
3370 3657 3489 3710 κατ’
3513 3653 3664 3727 ἐνέρ-

2087 3767 2240 3818 γειαν
2277 3749 2383 3803 τῶν
2427 3749 2646 3818 φαύλων
2689 3750 2978 3820 δαιμόνων.
3025 3748 3378 3812 Ἀκούσαντες
3421 3747 3530 3818 γὰρ
3573 3746 3663 3801 διὰ

2088 3842 2194 3896 τῶν
2225 3843 2516 3914 προφητῶν
2573 3843 2977 3915 κηρυσσόμενον
3021 3841 3532 3916 παραγενησόμενον
3575 3839 3665 3903 τὸν

2088 3936 2341 4006 Χριστὸν,
2375 3935 2471 3989 καὶ
2501 3935 3002 4008 κολασθησομένους
3033 3935 3122 3989 διὰ
3154 3935 3325 4007 πυρὸς
3369 3935 3494 3998 τοὺς
3538 3933 3668 3986 ἀσε-

2088 4028 2203 4092 ϐεῖς
2246 4029 2354 4084 τῶν
2399 4029 2720 4102 ἀνθρώπων,
2768 4031 3160 4103 προεϐάλλοντο
3205 4031 3430 4095 πολλοὺς
3475 4028 3669 4101 λεχθῆ-

2088 4140 2174 4176 ναι
2207 4121 2318 4194 (45)
2351 4121 2676 4195 λεγομένους
2722 4125 2870 4189 υἱοὺς
2901 4124 2977 4196 τῷ
3008 4125 3122 4190 Διὶ,
3157 4124 3465 4196 νομίζοντες
3508 4123 3668 4194 δυνή-

2089 4215 2274 4270 σεσθαι
2318 4218 2609 4291 ἐνεργῆσαι
2641 4217 3020 4290 τερατολογίαν
3053 4217 3358 4290 ἡγήσασθαι
3403 4217 3527 4281 τοὺς
3569 4218 3665 4272 ἀν-

2087 4310 2335 4383 Θρώπους
2366 4311 2432 4366 τὰ
2476 4311 2606 4382 περὶ
2637 4313 2725 4365 τὸν
2756 4311 3006 4383 Χριστὸν,
3040 4311 3134 4364 κα).
3176 4311 3377 4383 ὁμοίως
3420 4314 3531 4374 τοῖς
3562 4309 3666 4364 ὑπὸ

483 4595 598 4680 (41)
652 4601 1066 4680 Ἀληθέστεροι-
1097 4608 1298 4680 olidae
1350 4607 1466 4660 τῶν
1514 4607 1721 4662 ἐθνῶν.
1763 4606 1979 4664 Videtur

2089 4609 2469 4680 singularitate
2499 4609 3002 4680 faciendumgesset.
3030 4603 3439 4680 Setl_libe_ntius
3476 4612 3532 4657 et
3572 4618 3664 4680 ge:

411 4670 587 4748 prima
641 4675 829 4748 specie
873 4670 995 4748 cum
1039 4674 1252 4748 Justiuo
1304 4695 1546 4748 pugnare
1594 4680 1852 4738 lrenmus.
1888 4681 1979 4748 qui

413 4741 535 4807 plus
586 4743 785 4808 negotii
817 4743 870 4797 in
902 4747 1156 4816 ethnicis,
1185 4741 1348 4816 quain
1378 4741 1448 4803 "in
1480 4748 1682 4804 Judasis
1715 4751 1781 4802 ad
1816 4741 1980 4803 Chri-

410 4819 554 4890 stpm
584 4815 1164 4890 convertendisiuisse
1194 4815 1370 4890 docet.
1421 4840 1438 4871 α
1470 4823 1814 4889 Quapropter
1857 4821 1981 4890 plus

410 4879 715 4960 labprabat,
749 4884 921 4952 inquit
953 4886 1047 4942 lib.
1077 4904 1150 4955 tv,
1184 4905 1232 4942 c.
1259 4889 1351 4952 Ἃ,
1389 4879 1565 4960 quiwin
1590 4879 1801 4958 'get'ttcs
1847 4879 1981 4959 apo-

409 4950 666 5028 stolatum
691 4950 994 5028 acceperat,
1021 4950 1182 5026 quam
1207 4962 1299 5028 qui
1329 4950 1380 5014 in
1407 4950 1822 5016 circumcisione
1850 4950 1980 5028 piae-

409 5021 1238 5085 ronaliauturFilinmDei.Illos
1267 5034 1410 5086 enim
1456 5031 1784 5098 adevabaut
1827 5021 1977 5086 Scri-

410 5101 582 5171 ptura:
613 5107 750 5161 quas
777 5097 1130 5171 conﬁrtnavit-
1151 5101 1408 5154 Dominus
1429 5115 1483 5156 et
1514 5097 1830 5170 adimplevit
1855 5102 1978 5158 talis

410 5165 656 5244 veniens,
696 5165 949 5244 qualiset
985 5171 1332 5244 praedicatur.
1369 5171 1468 5228 Hic
1512 5165 1974 5244 vero-peregrina

408 5233 656 5314 quaedam
701 5237 936 5292 eruditio
975 5233 1032 5293 et
1073 5256 1215 5314 nova
1261 5243 1506 5298 doctrina
1556 5233 1703 5299 deos'
1735 5233 1975 5314 gentium

413 5316 519 5380 non
563 5301 738 5358 solum
768 5322 870 5360 non
901 5325 1024 5365 esse
1053 5312 1200 5375 deos,
1227 5314 1320 5366 sed
1353 5323 1406 5367 et
1437 5314 1580 5369 idola
1625 5301 1978 5370 essevdzemo-

414 5387 656 5454 piorum;
691 5391 816 5430 esse
851 5391 1029 5454 autem
1064 5398 1228 5436 unum
1268 5384 1430 5437 Deum
1449 5426 1462 5438 .
1489 5427 1500 5438 .
1527 5427 1541 5440 .
1563 5427 1576 5440 .
1602 5425 1616 5438 .
1639 5429 1652 5442 .
1676 5427 1689 5440 .
1719 5395 1774 5439 et
1817 5386 1977 5454 hujus

412 5439 1011 5526 yerbuurnatttraliter
1054 5455 1272 5522 quidem
1318 5439 1684 5519 invisibiletn,
1733 5439 1976 5524 palpabi;

413 5511 518 5565 lem
544 5526 597 5568 et
630 5517 895 5574 visibilem
928 5524 977 5574 itt
1020 5511 1325 5579 hominibus
1355 5526 1576 5582 factum.
1599 5546 1618 5579 ι
1655 5511 1762 5582 Sed
1789 5511 1975 5579 obser-

411 5588 647 5639 vandutn
679 5600 764 5641 est
791 5590 1052 5648 lrenwunt
1084 5597 1132 5649 in
1173 5597 1272 5650 hoc
1321 5595 1538 5652 Judteos
1568 5615 1690 5652 cuin
1735 5596 1974 5650 ethnicis

412 5669 752 5737 comparare,
798 5665 1035 5737 quodin
1079 5667 1196 5721 istis
1247 5667 1458 5737 Moyses
1502 5669 1773 5736 quoddam
1803 5666 1972 5721 veluti

413 5723 1088 5808 fundamentumjec-issct,
1117 5739 1204 5790 cui
1237 5723 1449 5793 facilius
1481 5723 1736 5808 deinceps
1770 5752 1972 5808 super-

414 5809 686 5851 struerent
717 5804 975 5868 apostoli;
1009 5809 1058 5859 itt
1094 5809 1328 5862 ethnicis
1355 5821 1532 5864 autem
1575 5804 1834 5863 dedendis
1867 5807 1969 5860 ini-

420 5876 553 5927 tium
595 5875 925 5941 pra-dtcandi
955 5878 1024 5934 ab
1069 5879 1200 5948 ipsis
1247 5878 1554 5947 clementis,
1601 5882 1668 5937 ab
1718 5880 1830 5950 ipsa
1873 5879 1968 5937 Dei

2087 4673 2340 4736 nerosius
2363 4680 2616 4734 ethnicos
2643 4677 2940 4734 credidisse
2963 4675 3537 4734 assentiturlrenmns.
3571 4673 3661 4742 qui

2083 4753 2163 4806 sic
2209 4750 2410 4805 ibidem
2465 4750 2705 4819 loquitur
2748 4768 2760 4802 :
2808 4768 2828 4802 ι
2859 4748 3191 4805 Generosior
3238 4758 3418 4819 autem
3469 4760 3662 4819 rursus

2085 4823 2216 4876 tides
2243 4816 2570 4885 ostenditur,
2610 4835 2918 4875 sermonem
2952 4821 3048 4876 Dei
3079 4816 3486 4888 assequentium
3538 4816 3659 4869 sine

2083 4893 2442 4947 instructione
2474 4893 2802 4946 litterarum.
2828 4911 2846 4943 ι

2151 4963 2264 5033 (42)
2306 4964 2416 5017 Καὶ
2453 4963 2552 5015 ἐπὶ
2587 4961 2808 5030 ἀπάτῃ.
2852 4963 2932 5017 Ex
2981 4961 3179 5033 tribus,
3217 4972 3337 5027 qua:
3373 4971 3537 5033 supra
3568 4955 3662 5010 Ju-

2081 5028 2257 5089 stinus
2290 5051 2342 5088 n.
2367 5035 2456 5097 9.5,
2497 5028 2854 5101 probaturum
2891 5048 2950 5086 se
2992 5028 3488 5102 promiserat,_h_oc
3537 5036 3656 5102 erat

2084 5105 2325 5167 tertium,
2353 5096 2666 5173 quod—nunc
2695 5103 2761 5156 de
2788 5096 3287 5173 l‘abttlis'poetarum
3311 5099 3380 5152 ad
3409 5096 3656 5152 homines

2081 5192 2110 5229 a
2139 5172 2592 5250 litieqavertendos
2613 5173 2935 5250 excogitatis
2963 5172 3297 5250 aggreditur.
3339 5242 3350 5250 _
3451 5241 3462 5250 _
3615 5237 3626 5250 .

2151 5245 2266 5314 (45)
2306 5243 2623 5314 Λεχθῆναι.
2672 5241 2854 5297 Prima
2902 5241 3088 5312 specie
3122 5241 3544 5314 convenientius
3575 5241 3658 5291 vi-

2079 5309 2194 5370 deri
2235 5309 2423 5385 possit
2439 5309 2715 5386 τεχθῆναι,
2752 5309 2947 5381 nempe
2969 5330 3061 5368 eos
3093 5315 3184 5386 qui
3222 5313 3388 5386 geniti
3423 5327 3487 5386 ex
3518 5309 3655 5386 Jove

2080 5380 2354 5440 dicuntur.
2377 5387 2480 5440 Sed
2503 5380 2630 5440 cum
2659 5401 2764 5437 non
2797 5380 2963 5436 multo
2985 5380 3272 5452 post’dicat
3298 5380 3545 5436 Justinus
3567 5380 3657 5434 τὸν

2078 5458 2292 5529 ῌερσέα
2342 5452 3102 5529 λεχθῆναι-προεϐάλλοντοη
3126 5453 3278 5529 nihil
3314 5455 3652 5506 mutandum.

2077 5525 2194 5583 Non
2232 5529 2377 5582 enim
2406 5525 2562 5581 “(neu
2609 5525 2856 5580 Justinus
2903 5525 3203 5592 perfecisse
3249 5526 3548 5592 daetnoues.
3599 5532 3658 5574 ut

2075 5600 2391 5669 gigneretur
2435 5599 2685 5661 Perseus,
2713 5595 2808 5650 sed
2839 5591 2912 5669 ur
2927 5596 3147 5664 genitus
3179 5593 3479 5669 diceretur.
3515 5591 3653 5669 Fru-

2075 5663 2187 5722 sua
2233 5684 2363 5739 ergo
2409 5670 2693 5739 legendum
2747 5663 3028 5739 τεχθῆναιᾷ
3063 5666 3343 5739 contendit
3383 5665 3649 5739 Clericus,

2076 5749 2210 5797 tom.
2237 5731 2580 5796 lll'Biblieth.
2610 5738 2788 5792 select.
2814 5731 3070 5803 Legendo
3104 5734 3430 5804 γενομένους
3467 5731 3650 5795 υἱούς,

2073 5825 2204 5863 sana
2234 5822 2397 5864 erunt
2425 5817 2627 5867 omnia.
2654 5808 2770 5864 Mox
2803 5807 3083 5865 Thirlbius
3112 5806 3400 5877 legendum
3426 5805 3663 5874 coniicit

2072 5881 2165 5934 καὶ
2197 5883 2371 5952 ὃμοια.
