4006 6254
282 357 381 414 ωε)
1475 367 1819 426 APOLOGIA
1848 369 1868 422 Ι
1910 368 1964 422 ΡΙ

2080 367 2540 424 CllRlSTlANIS.
3547 374 3646 430 410

289 478 394 532 τῶν
427 480 696 552 ποιητῶν
741 481 1053 555 λεχθεῖσι.
1091 487 1208 542 Καὶ
1239 487 1409 543 ταῦτα
1439 489 1483 542 δ’
1530 490 1722 563 ἐλέχθη
1769 490 1865 544 καὶ
1912 491 1964 542 ἐν

2074 498 2199 555 gata
2234 499 2362 542 sunt
2408 497 2462 542 et
2495 485 2638 556 apud
2671 485 2890 541 (ἑτέρους
2926 496 2981 540 et
3029 486 3170 557 apud
3214 495 3404 558 gentes
3433 503 3648 557 omnes,

299 572 586 645 Ἕλλησιν,
609 575 719 630 καὶ
749 579 818 632 ὲν
856 578 1063 633 ἔθνεσι
1100 584 1288 646 πᾶσιν,
1310 585 1442 636 ὅπου
1479 583 1678 654 μᾶλλον
1701 584 1964 655 ἐπήκουον

2073 579 2162 632 ubi
2213 577 2454 632 futurum
2505 593 2662 642 esse,
2713 585 2770 631 ut
2823 577 3042 631 Christo
3097 580 3269 649 magis
3306 580 3646 647 crederetur,

315 664 419 719 τῶν
439 666 753 739 προφητῶν
780 669 1276 742 πιστευθήσεσθαι
1296 672 1385 726 τὸν
1407 673 1638 745 Χριστὸν
1664 690 1840 745 προκη
1851 689 1964 744 ρυσ⁸

2071 670 2359 740 prophetas
2401 671 2833 741 praauuutiantes
2865 671 3178 726 audiebant.
3227 672 3334 728 Sed
3368 689 3483 734 eos.
3521 691 3646 730 cum

333 758 545 813 εΰντων.
579 759 714 811 Ὀτι
747 758 813 812 δὲ
851 761 960 813 καὶ
995 761 1294 826 ἀκούοντες
1325 763 1390 816 τὰ
1420 762 1507 817 διὰ
1537 763 1645 816 τῶν
1677 761 1964 836 προφητῶν

2071 763 2454 830 prophetarum
2485 762 2627 817 dicta
2671 762 2959 827 audirent,
3003 778 3195 832 parum
3233 775 3492 820 accurate
3523 782 3652 819 sen-

337 851 600 922 λεγὸμενα
638 851 746 904 οὐκ
788 853 993 907 ὲνόουν
1033 854 1313 926 ἀκριϐῶς,
1360 854 1474 908 ἀλλ’
1506 856 1583 919 ὠς
1627 854 1964 926 πλανώμενοι

2071 857 2298 912 tentiam
2335 856 2611 920 calluisse,
2642 871 2706 910 ac
2759 871 2911 910 more
2959 859 3258 912 errantium
3310 873 3397 914 res
3442 860 3648 915 Christi

353 947 685 1017 ἐμιμήσαντο
717 945 793 999 τὰ
844 946 986 1019 περὶ
1033 948 1127 1001 τὸν
1172 949 1436 1020 ἡμέτερον
1479 949 1736 1020 Χριστὸν,
1782 948 1970 1003 διασα-

358 1041 612 1110 φήσομεν.
662 1038 887 1109 Μωσῆς
934 1035 1034 1092 οὖν
1066 1041 1095 1093 ὁ
1141 1043 1458 1112 προφήτης,
1507 1042 1582 1104 ὡς
1627 1041 1965 1113 προέφημεν,

362 1131 726 1202 πρεσϐύτερος
758 1127 832 1203 ἦν
867 1133 1095 1186 πάντων
1128 1133 1486 1205 συγγραφέων
1507 1152 1520 1164 ·
1555 1134 1649 1188 καὶ
1678 1134 1746 1187 δι’
1778 1132 1965 1199 αὐτοῦ,

359 1223 430 1286 ὡς
471 1224 978 1295 προεμηνὺσαμεν,
1029 1224 1410 1297 προεφητεύθη
1457 1226 1658 1291 οὕτως·
1712 1228 1833 1280 Οὐκ
1868 1227 1966 1280 ἑκ-

357 1318 548 1384 λεὶψει
595 1315 811 1386 ἄρχων
853 1317 926 1381 ἐξ
981 1317 1200 1382 Ἰούδα,
1231 1317 1328 1371 καὶ
1367 1319 1699 1387 ἡγούμενος
1740 1319 1808 1371 ἐκ
1849 1317 1968 1371 τῶν

350 1405 574 1475 μηρῶν
593 1408 816 1473 αὐτοῦ,
841 1407 956 1474 ἕως
989 1409 1066 1461 ἂν
1093 1409 1240 1476 ἔλθῃ
1269 1400 1318 1474 ᾧ
1358 1409 1664 1463 ἀπόκειται
1684 1427 1696 1439 ·
1730 1409 1828 1464 καὶ
1862 1412 1967 1464 αὐ-

353 1497 456 1561 τὸς
495 1497 672 1550 ἔσται
715 1499 1059 1566 προσδοκία
1098 1500 1307 1562 ἐθνῶν,
1337 1499 1646 1570 δεσμεύων
1676 1501 1826 1569 πρὸς
1856 1502 1966 1571 ἄμ-

353 1590 550 1640 πελον
591 1586 705 1640 τὸν
753 1588 968 1643 πῶλον
1007 1591 1194 1644 αὐτοῦ
1226 1590 1356 1661 (44),
1393 1593 1640 1645 πλύνων
1686 1592 1802 1659 τὴν
1833 1610 1968 1646 στου

351 1680 478 1747 ,ἰὴν
521 1680 720 1734 αὐτοῦ
752 1682 826 1734 ἐν
863 1684 1064 1751 αἵματι
1108 1683 1448 1752 σταφυλῆς.
1484 1683 1700 1737 Τούτων
1732 1680 1826 1738 οὖν
1856 1685 1966 1739 τῶν

352 1772 723 1842 προφητικῶν
759 1771 935 1842 λόγων
967 1774 1300 1839 ἀκούσαντες
1325 1778 1373 1828 οἱ
1405 1775 1678 1847 δαίμονες,
1713 1777 1964 1830 Διόνυσον

355 1862 459 1931 μὲν
491 1861 714 1930 ἔφασαν
747 1864 1035 1932 γεγονέναι
1067 1867 1180 1919 υἱὸν
1213 1866 1307 1920 τοῦ
1340 1867 1479 1930 Διὸς,
1515 1868 1743 1939 εὑρετὴν
1775 1869 1830 1922 δὲ
1874 1886 1968 1937 γε-
1998 1851 2040 1905 Β

352 1953 545 2008 νέσθαι
579 1956 847 2026 ἀμπέλου
896 1958 1244 2029 παρέδωκαν,
1280 1959 1374 2012 καὶ
1418 1957 1559 2014 οἶνον
1592 1961 1704 2031 (45)
1751 1964 1810 2014 ἐν
1856 1964 1968 2025 τοῖς

353 2051 688 2121 μυστηρίοις
723 2051 896 2105 αὐτοῦ
928 2054 1301 2124 ἀναγράφουσι
1335 2054 1443 2126 (46)
1465 2097 1478 2120 ,
1527 2056 1620 2109 καὶ
1664 2057 1969 2128 διασπαρα-

349 2141 553 2211 χΘὲντα
614 2145 790 2197 αὑτὸν
856 2145 1241 2217 ἀνεληλυθέναι
1285 2149 1364 2211 εἰς
1425 2149 1651 2220 οὐρανὸν
1697 2149 1963 2217 ἐδίδαξαν.

348 2236 462 2287 Καὶ
497 2237 698 2308 ἐπειδὴ
732 2237 825 2290 διά
857 2239 955 2308 τῆς
985 2239 1266 2302 Μωῦσέως
1311 2241 1647 2313 προφητείας
1691 2243 1750 2296 οὐ
1787 2243 1966 2314 ῥητῶς

349 2328 720 2397 ἐσημαίνετο,
753 2328 868 2382 εἴτε
902 2331 1014 2394 υἱὸς
1046 2331 1140 2384 τοῦ
1171 2331 1307 2384 Θεοῦ
1362 2335 1390 2385 ὁ
1443 2336 1966 2407 παραγενησόμενός

383 2437 490 2482 στι,
519 2420 621 2472 καὶ
656 2421 711 2472 εξ
746 2421 1043 2492 ὀχούμενος
1072 2423 1166 2476 ἐπὶ
1199 2413 1376 2476 πώλου
1405 2425 1498 2477 ἐπὶ
1530 2425 1634 2496 γῆς
1662 2431 1814 2497 μενεῖ
1830 2427 1963 2500 (47),

350 2513 388 2583 ἢ
424 2515 501 2575 εἰς
533 2513 780 2584 οὐρανὸν
813 2513 1162 2569 ἀνελεύσεται
1182 2533 1194 2544 ·
1231 2515 1324 2569 καὶ
1355 2517 1414 2570 τὸ
1444 2517 1537 2571 τοῦ
1585 2519 1762 2573 πώλου
1795 2521 1966 2594 ὄνομα

352 2606 450 2658 καὶ
496 2606 624 2659 ὄνου
683 2606 873 2660 πῶλον
921 2608 1018 2661 καὶ
1067 2609 1235 2662 ἵππου
1269 2611 1554 2681 σημαίνειν
1597 2613 1850 2670 ἐδύνατοο
1890 2617 1965 2690 μὴ

353 2698 722 2768 ἐπιστάμενοι
769 2699 884 2751 εἴτε
931 2699 1052 2753 ὄνου
1101 2699 1280 2752 πῶλον
1337 2699 1486 2768 ἄγων
1545 2701 1698 2758 ἔσται
1757 2705 1964 2777 σύμϐο-

353 2787 448 2841 λον
480 2791 596 2859 (48)
633 2793 741 2862 τῆς
792 2793 1098 2863 παρουσίας
1145 2795 1330 2861 αὑτοῦ,
1378 2794 1488 2848 εἴτε
1534 2796 1726 2862 ἵππου,
1760 2802 1789 2852 ὁ
1834 2817 1966 2870 προ-

356 2883 806 2954 κηρπσάμενος,
858 2884 952 2937 καὶ
984 2886 1096 2948 υἱὸς
1127 2885 1263 2938 Θεοῦ
1297 2889 1465 2951 ἐστιν,
1499 2887 1574 2953 ὡς
1620 2890 1962 2962 προέφημεν,

357 2975 391 3045 ἦ
439 2974 742 3045 ἀνθρώπου
770 2993 784 3004 ·
843 2978 934 3031 τὸν
984 2977 1422 3051 Βελλεροφόντην
1482 2981 1576 3033 καὶ
1633 2982 1830 3048 αὑτὸν,
1879 2985 1964 3053 ἐφ’

356 3065 522 3118 ἵππου
557 3066 831 3136 Πηγάσου
879 3066 1166 3139 ἄνθρωπον
1213 3070 1269 3136 ἐξ
1315 3069 1603 3143 ἀνθρώπου
1649 3073 1962 3144 γενόμενον,

2072 950 2314 1004 imitatos
2387 964 2510 1004 esse
2592 951 3122 1004 demonstrabimus.
3195 949 3408 1021 Moyses
3486 951 3651 1022 igitur

2069 1043 2360 1110 propheta,
2409 1053 2466 1095 ut
2514 1043 2622 1112 iam
2661 1043 2903 1098 diximus
2930 1044 2995 1108 '9,
3043 1042 3326 1112 antiquior
3375 1045 3480 1099 fuit
3529 1060 3648 1098 0m-

2070 1132 2228 1188 uibus
2270 1135 2651 1203 scriptoribus,
2695 1137 2909 1204 sicque,
2945 1143 3004 1189 ut
3055 1138 3552 1191 demonstravimus
3581 1138 3649 1203 ”,

2069 1225 2396 1280 vaticinatus
2441 1238 2565 1281 est:
2603 1226 2726 1280 Non
2770 1227 2973 1295 deﬁciet
3017 1226 3257 1295 princeps
3301 1243 3366 1280 ex
3401 1225 3570 1290 Juda,
3603 1238 3651 1281 et

2068 1317 2178 1369 dua:
2198 1315 2262 1369 de
2297 1315 2493 1384 femore
2525 1316 2660 1384 ejus,
2700 1317 2864 1370 donec
2894 1319 3068 1370 veniat
3101 1319 3185 1370 cui
3228 1318 3510 1387 repositum
3540 1332 3652 1386 est;

2067 1420 2114 1462 et
2159 1411 2270 1479 ipse
2315 1411 2412 1462 erit
2461 1411 2787 1477 exspectatio
2833 1413 3105 1480 gentium,
3159 1411 3332 1479 ligans
3376 1413 3444 1464 ad
3495 1413 3653 1466 vitem

2067 1499 2270 1568 pullum
2321 1517 2508 1564 suum,
2567 1500 2753 1554 locans
2821 1503 3015 1554 stolam
3081 1519 3232 1555 suam
3285 1504 3339 1557 in
3395 1505 3655 1573 sanguine

2068 1612 2180 1650 uvae
2216 1597 2284 1649 “.
2333 1594 2456 1649 I'lzec
2493 1595 2769 1664 propheta:
2815 1596 2979 1649 verba
3037 1611 3161 1650 cum
3226 1599 3513 1654 audissent
3547 1598 3656 1652 dae-

2069 1702 2278 1753 mones,
2328 1686 2602 1740 Bacchum
2633 1684 2892 1739 dixerunt
2920 1684 3070 1739 Jovis
3120 1683 3290 1738 lilium
3323 1701 3466 1750 esse,
3499 1687 3656 1740 vitis-

2068 1795 2172 1851 que
2203 1780 2544 1834 inventorem
2576 1793 2698 1832 esse
2739 1777 3103 1841 tradiderunt,
3135 1793 3199 1830 ac
3232 1779 3416 1830 vinum
3455 1778 3512 1832 in
3537 1776 3654 1845 ejus

2071 1872 2347 1943 mysteriis
2391 1871 2674 1934 exhibent,
2718 1884 2953 1937 eumque
2983 1868 3308 1922 dilaniatum
3346 1871 3398 1924 in
3447 1871 3650 1925 coelum

2068 1965 2381 2019 ascendisse
2409 1965 2735 2019 docuerunt.
2775 1962 2841 2016 Et
2875 1963 3002 2032 quia
3039 1963 3090 2016 in
3132 1962 3334 2033 Muysis
3367 1963 3656 2032 prophetia

2069 2059 2393 2112 nominatim
2452 2072 2773 2126 expressum
2831 2072 2939 2110 non
3005 2067 3161 2117 erat,
3217 2066 3398 2108 utrmu
3459 2056 3504 2109 is
3562 2055 3656 2124 qui

2068 2161 2334 2204 venturus
2369 2161 2507 2213 erat,
2538 2147 2709 2202 Filius
2762 2148 2852 2202 Dei
2888 2152 2977 2212 sit,
3023 2163 3086 2201 ac
3131 2157 3310 2200 utrum
3347 2147 3492 2215 pullo
3525 2147 3660 2202 insi-

2067 2244 2200 2296 dens
2233 2242 2341 2312 76
2374 2241 2426 2294 in
2468 2251 2609 2295 terra
2655 2257 2946 2295 mansurus
2975 2257 3042 2294 an
3084 2240 3281 2295 C(Jelum
3323 2254 3658 2296 ascensurus

2067 2344 2254 2400 esset;
2301 2335 2502 2388 deinde
2553 2335 2722 2388 etiam
2773 2334 2900 2417 quia
2948 2333 3078 2402 pulli
3130 2349 3363 2397 nomen,
3407 2343 3463 2389 et
3513 2334 3657 2390 asini

2067 2426 2272 2496 pullum
2305 2434 2360 2479 et
2405 2426 2533 2495 equi
2583 2426 2875 2494 designare
2929 2436 3186 2493 poterat,
3223 2441 3345 2480 cum
3382 2427 3660 2480 nescirent

2069 2527 2248 2571 utrum
2303 2517 2441 2570 asiui
2498 2533 2566 2570 an
2619 2518 2744 2586 equi
2797 2517 3001 2586 pullum
3053 2533 3252 2586 agens,
3304 2519 3655 2588 praesentiam
3699 2529 3704 2532 '

2069 2623 2222 2663 suam
2257 2608 2322 2670 is,
2357 2609 2449 2677 qui
2485 2608 2982 2677 pramuntiabatur.
3028 2618 3175 2663 esset
3219 2609 3654 2678 signiﬁcaturus,

2069 2708 2234 2766 atque
2267 2708 2450 2752 utrum
2484 2698 2600 2763 Dei,
2628 2707 2686 2751 ut
2714 2699 2974 2763 diximus,
3003 2714 3070 2751 an
3107 2699 3346 2752 hominis
3375 2700 3447 2752 sit
3477 2699 3654 2766 (ilius;

2069 2792 2247 2859 ipsum
2304 2805 2521 2860 quoque
2571 2787 3047 2860 Bellerophontem
3101 2806 3242 2860 equo
3308 2788 3516 2858 Pegaso
3573 2791 3658 2844 in-

2066 2895 2304 2951 vectum,
2363 2886 2636 2941 hominem
2695 2900 2761 2938 ex
2808 2884 3121 2940 horninibus
3171 2895 3382 2949 natum,
3441 2883 3493 2937 in
3544 2897 3660 2938 cm.

2067 2973 2176 3028 lum
2235 2977 2552 3031 ascendisse
2610 2977 2889 3030 dixerunt.
2937 2974 3072 3028 Cum
3136 2983 3317 3028 autem
3374 2973 3506 3028 illud
3555 2990 3656 3028 au-

2067 3068 2308 3132 dissent,
2341 3067 2482 3137 quod
2534 3069 2602 3122 ab
2646 3069 2751 3122 alio
2812 3069 3076 3137 propheta
3123 3067 3259 3120 Isaia
3310 3066 3512 3119 dictum
3549 3074 3657 3132 est,

358 3160 437 3221 εἰς
467 3159 708 3229 οὐρανὸν
758 3157 972 3228 ἔφασαν
1019 3161 1423 3233 ἀνεληλυθέναι.
1462 3165 1591 3217 Ὅτε
1636 3164 1692 3216 δὲ
1726 3167 1964 3237 ἤκουσαν

2071 3176 2196 3216 eum
2260 3176 2326 3215 ex
2382 3161 2602 3230 Virgine
2661 3163 3039 3225 nasciturum,
3071 3168 3126 3213 et
3173 3175 3269 3227 per
3313 3159 3553 3228 scipsum
3603 3161 3659 3213 in

358 3249 444 3304 διὰ
488 3252 583 3305 τοῦ
635 3253 808 3306 ἄλλου
857 3257 1136 3326 προφήτου
1195 3256 1414 3310 Ἡσαΐου
1473 3257 1695 3327 λεχθὲν,
1742 3259 1823 3312 ὅτι
1881 3259 1967 3313 διὰ

360 3343 642 3415 Παρθένου
708 3346 1070 3418 τεχθήσεται,
1119 3348 1215 3402 καὶ
1256 3347 1324 3402 δι’
1370 3348 1564 3404 ἑαυτοῦ
1618 3349 1967 3404 ἀνελεύσεται

363 3437 439 3497 εἰς
470 3436 562 3488 τὸν
594 3437 856 3507 οὐρανὸν,
891 3437 982 3490 τὸν
1015 3438 1229 3509 Περσέα
1259 3437 1517 3509 λεχθῆναι
1550 3437 1966 3510 προεϐάλλοντο.

363 3523 469 3577 Καὶ
501 3528 592 3580 ὅτε
627 3525 885 3593 ἔγνωσαν
919 3526 1029 3598 (49)
1062 3526 1370 3598 εἰρημένον,
1404 3529 1480 3592 ὠς
1523 3527 1878 3599 προλέλεκται
1911 3532 1968 3583 ὲν

2072 3254 2268 3307 caelum
2314 3269 2714 3316 escensurum,
2763 3253 3125 3333 perfecerunt
3183 3259 3239 3304 ut
3293 3249 3527 3305 Perseus
3574 3251 3660 3306 di-

2075 3355 2297 3398 ceretur
2325 3345 2393 3397 ¹².
2442 3345 2533 3399 Sic
2583 3346 2747 3398 etiam
2801 3345 2892 3398 ubi
2953 3351 3330 3412 cognoverunt
3387 3342 3462 3409 id,
3512 3343 3659 3411 quod.

2076 3437 2129 3490 in
2196 3437 2498 3507 prophetiis
2553 3453 2715 3505 supra
2791 3436 2968 3490 allatis
3024 3433 3401 3502 praedicitur:
3471 3431 3656 3488 Fortis

2076 3540 2133 3583 ut
2180 3532 2326 3598 gigas
2375 3529 2443 3581 ad
2488 3528 2802 3582 cut-rendam
2842 3529 2978 3581 viam
3007 3527 3072 3591 ‘3,
3121 3527 3315 3581 fortem
3366 3524 3654 3581 Herculem

433 3706 477 3737 ¹³
517 3721 697 3777 supra
725 3722 784 3758 ιι.
813 3705 905 3759 44.
986 3706 1031 3736 ²⁰
1073 3703 1240 3760 11.32.
1318 3706 1360 3736 ²¹
1399 3705 1536 3761 Gen.
1565 3722 1716 3773 xuii,
1745 3706 1828 3760 ιθ.
1907 3706 1953 3736 ¹²

2071 3722 2159 3775 pra
2191 3722 2244 3758 u.
2280 3705 2336 3759 4.
2415 3705 2461 3737 ³³
2498 3703 2647 3758 Psal.
2681 3719 2840 3768 xvnt,
2881 3702 2934 3755 6.

438 3889 552 3954 (μ)
599 3888 718 3941 Τὼ·
759 3886 968 3941 πῶλον
1007 3888 1216 3942 αὑτοῦ.
1247 3887 1390 3944 luter
1435 3889 1549 3942 haec
1599 3888 1761 3942 verba
1803 3897 1856 3940 et
1897 3903 1962 3943 ea

368 3955 486 4030 quin
511 3969 852 4030 sequuntur,
887 3960 1152 4030 habemus
1181 3959 1231 4013 in
1269 3975 1428 4030 sacro
1458 3968 1737 4030 contextu,
1771 3958 1864 4030 καὶ
1896 3961 1959 4029 τῇ

369 4028 507 4085 ἕλικι
558 4032 654 4082 τὸν
707 4028 890 4082 πῶλον
943 4030 1041 4099 τῆς
1099 4029 1222 4082 ὃνου
1269 4028 1456 4083 αὐτοῦ.
1507 4029 1634 4084 llaec
1681 4028 1958 4097 interjecta

369 4103 534 4156 verba
565 4100 824 4154 Justinus
854 4111 946 4153 aut
980 4117 1087 4155 non
1138 4101 1354 4169 legebat
1385 4101 1437 4152 in
1470 4116 1568 4152 suo
1611 4102 1827 4163 codice,
1868 4110 1964 4153 aut

371 4184 518 4229 certe
550 4188 663 4226 non
700 4172 1028 4224 meminerat
1054 4186 1113 4225 se
1143 4170 1340 4240 legere.
1377 4169 1510 4222 Nam
1541 4171 1704 4239 paulo
1736 4177 1855 4238 post
1886 4171 1960 4222 ait

372 4244 496 4314 pulli
541 4257 775 4314 nomen,
813 4241 958 4314 (ιιιοά
1004 4241 1107 4295 hoc
1149 4241 1198 4294 in
1240 4241 1762 4314 loco___me_muralur,
1806 4255 1962 4314 atque

371 4309 510 4368 asini
543 4329 615 4366 ac
646 4311 776 4380 equi
809 4312 958 4378 pullo
986 4326 1309 4378 congruere.
1356 4309 1500 4364 Nihil
1542 4325 1672 4379 ergo
1713 4311 1779 4364 de
1812 4311 1961 4377 pullo

372 4390 540 4440 asinae
582 4385 639 4436 iu
685 4385 790 4436 hoc
837 4381 1154 4452 testimonio
1193 4383 1394 4452 legisse
1435 4395 1495 4434 se
1545 4391 1677 4435 tunc
1714 4384 1961 4449 putabat.

377 4455 506 4510 Vide
549 4453 767 4516 Dialoq.
796 4468 851 4503 n.
879 4451 968 4508 62.

442 4526 561 4594 (45)
605 4522 720 4577 Kal
755 4518 1073 4594 oirmmSic
1120 4522 1284 4594 editio
1321 4523 1386 4577 Β.
1410 4522 1619 4594 διερῇ,
1644 4529 1700 4575 et
1741 4523 1960 4594 codices

373 4591 504 4652 mss.
531 4591 606 4650 At
633 4595 912 4648 editiones
939 4591 1364 4648 Graeco-Latina:
1395 4593 1734 4648 Parisienses
1761 4593 1960 4646 habent

373 4669 528 4733 ενονς
559 4679 734 4736 quam
763 4666 989 4736 quidem
1036 4665 1318 4736 lectionem
1353 4665 1593 4720 del'eudit
1622 4663 1876 4736 Grabius,
1901 4678 1965 4718 ac

376 4734 595 4794 asinum
642 4735 927 4804 mysteriis
962 4734 1160 4789 Bai-chi
1211 4747 1585 4804 consecratum
1626 4734 1797 4788 fuisse
1840 4748 1966 4801 per-

377 4811 572 4865 tendit.
619 4801 732 4861 Sed
778 4806 1124 4860 retinendqu
1170 4816 1253 4859 est
1298 4801 1459 4860 οἶνον.
1497 4805 1631 4858 Nam
1665 4808 1720 4858 1ο
1749 4805 1962 4858 asinum

377 4881 594 4934 Baccho
627 4889 1018 4932 consecratum
1044 4875 1209 4930 fuisse
1237 4891 1343 4930 non
1377 4877 1553 4946 potuit
1573 4893 1641 4931 ex
1671 4879 1772 4930 hoc
1814 4875 1966 4946 testii-

380 4955 562 5005 mnnio
591 4949 858 5018 colligere
894 4947 1167 5018 Justinus,
1208 4949 1258 5000 in
1301 4945 1409 5015 quo
1451 4948 1677 5018 imllam,
1715 4959 1773 4998 ut
1803 4945 1966 5018 modo

377 5024 637 5081 vidimus,
669 5015 813 5072 asini
849 5016 1180 5072 mentionem
1210 5018 1324 5071 lieri
1358 5019 1611 5087 putabat;
1644 5017 1703 5070 2°
1728 5017 1829 5071 etsi
1862 5015 1968 5070 Pli-

376 5096 522 5152 nius.
561 5091 658 5144 lib.
685 5105 842 5154 xxiv,
871 5104 924 5141 c.
954 5091 1007 5154 1,
1055 5098 1116 5140 ut
1145 5089 1398 5142 observat
1443 5089 1698 5154 Grahius,
1747 5088 1964 5141 asinum

377 5165 574 5218 Libero
616 5162 764 5230 patri
817 5159 1094 5228 assignari
1143 5170 1408 5230 tesmtur;
1456 5159 1626 5211 multo
1667 5159 1967 5213 solemuius

377 5234 476 5287 fuit
506 5229 691 5288 eidetn
725 5231 945 5284 Baccho
987 5230 1192 5292 rituun,
1222 5240 1281 5283 ut
1307 5229 1434 5282 vitis
1463 5230 1761 5292 inventori,
1810 5240 1966 5279 acce-

377 5317 523 5373 ptum
551 5298 1002 5356 referre—Kal
1025 5299 1189 5373 ὄζον.
1207 5300 1376 5354 Codd.
1406 5309 1612 5373 mss_.iet
1643 5301 1771 5373 editi
1789 5293 1962 5373 οἶνον.

378 5369 536 5428 Solus
563 5374 828 5428 Morellus
853 5374 1027 5425 edidit
1057 5369 1198 5434 ὄνον,
1233 5385 1393 5438 quam
1426 5371 1644 5438 quidem
1677 5371 1962 5425 lectionem

377 5445 634 5508 Grabius,
664 5443 971 5503 Thirlbius,
1001 5441 1322 5495 Gallandius
1341 5451 1396 5495 et
1427 5440 1696 5494 Braunius
1728 5440 1966 5508 maxime

376 5507 666 5586 eapmpter
694 5513 1124 5586 probanttquod
1155 5528 1277 5586 mox
1309 5523 1566 5586 sequatur
1592 5527 1606 5564 :
1638 5511 1749 5564 Καὶ
1778 5507 1964 5586 τὸλτοῦ

377 5581 553 5638 ,δειλώ
597 5581 775 5656 δνομα
817 5585 912 5637 καὶ
958 5583 1085 5656 ὖνου
1135 5581 1320 5656 πῶλον
1341 5581 1436 5635 κα)⁸
1467 5581 1636 5635 ἵππου
1681 5582 1965 5656 σημαίνειν

377 5658 616 5710 ἐδύνατο.
672 5652 750 5710 Ita
797 5658 946 5710 enim
999 5652 1252 5708 Justinus
1308 5654 1516 5720 iudicat
1560 5671 1574 5707 :
1628 5671 1646 5704 ι
1688 5655 1858 5716 (ium,
1908 5662 1966 5706 ut

379 5728 594 5781 Brauuii
627 5728 811 5782 verbis
841 5738 990 5790 utar,
1021 5740 1130 5777 non
1158 5725 1292 5777 satis
1323 5724 1666 5793 exploratqu
1699 5725 1965 5777 haberent

381 5802 503 5852 ntali
532 5803 832 5859 daemones.
859 5797 954 5866 qui
993 5809 1160 5866 verus
1189 5795 1260 5848 sit
1289 5810 1483 5850 sensus
1513 5797 1802 5849 verborum
1839 5808 1964 5860 pro-

383 5873 723 5938 pheticorum
808 5865 914 5936 quo
954 5865 1165 5922 certius
1202 5866 1345 5935 quod
1391 5865 1642 5922 volebant
1703 5879 1961 5935 asseque-

2067 3896 2283 3952 rentur,
2330 3901 2423 3942 eos
2467 3887 2664 3956 duplici
2708 3887 2922 3941 ratione
2971 3885 3505 3956 hominmn_:mimos
3552 3885 3657 3940 fal-

2065 3957 2182 4012 lere
2210 3959 2508 4021 studuisse,
2544 3954 2710 4028 atque
2739 3959 2813 4010 ita
2843 3967 2897 4011 et
2927 3956 3224 4020 Bacchum,
3253 3954 3404 4010 Joris
3452 3955 3648 4020 lilium,

2065 4039 2118 4081 et
2151 4029 2662 4097 Bellerophontem,
2711 4039 2897 4081 natum
2949 4043 3015 4081 ex
3067 4028 3414 4091 hominibus,
3459 4041 3657 4079 ascen-

2065 4099 2211 4153 disse
2241 4101 2292 4152 in
2324 4100 2521 4154 uelum
2551 4099 2799 4163 tinxisse,
2821 4109 2873 4151 et
2904 4097 3048 4165 quod
3080 4098 3334 4165 ambigua
3373 4106 3519 4150 esset
3551 4113 3655 4150 vos

2065 4169 2231 4238 pulli,
2272 4172 2429 4222 alteri
2469 4169 2683 4221 asinum
2727 4167 3070 4230 attribuisse,
3103 4169 3337 4238 alterum
3376 4183 3518 4236 equo
3565 4183 3656 4220 ve-

2066 4237 2285 4293 hentem
2317 4240 2617 4292 induxisse.
2646 4239 2723 4291 Ad
2757 4240 2900 4307 quod
2926 4253 3050 4307 cum
3083 4237 3294 4289 librarii
3329 4252 3433 4291 non
3465 4247 3646 4290 atten-

2063 4310 2286 4374 derent,
2330 4309 2451 4362 ὄνον
2503 4303 2788 4362 mutarunt
2824 4309 2879 4361 in
2913 4303 3075 4373 οἶνον,
3111 4309 3255 4376 quod
3301 4319 3384 4362 est
3428 4308 3656 4377 vulgare

2064 4379 2264 4433 Bacchi
2295 4383 2680 4436 attributum.»
2721 4380 2902 4434 O'r'ro.

2139 4449 2253 4520 (46)
2306 4448 2755 4519 Ἀναγράρουσι.
2793 4449 3056 4502 Similiter
3090 4450 3156 4504 de
3189 4457 3445 4517 Serpente
3498 4463 3652 4502 num.

2065 4519 2173 4573 27':
2208 4522 2361 4587 Apud
2409 4536 2829 4590 unumquemque
2876 4535 3094 4583 eorum,
3139 4535 3268 4586 quos
3306 4519 3646 4590 existimatis,

1992 4581 2036 4638 D
2065 4581 2303 4653 deorum,
2333 4581 2815 4660 magnum'serpe'ns
2846 4581 3489 4660 symbolum'recensetur,
3518 4581 3652 4642 ἁναὲ

2071 4661 2363 4733 γράφεται,
2397 4659 2451 4715 id
2483 4670 2566 4715 est
2597 4662 2739 4715 inter
2765 4675 2826 4714 ea
2859 4674 3174 4715 recensetur
3196 4660 3312 4733 sive
3337 4659 3648 4722 exhibetur,

2069 4730 2187 4800 qiue
2215 4738 2280 4785 ad
2327 4734 2569 4802 mysterii
2603 4733 3027 4786 celebrationem
3065 4730 3301 4802 maxime
3343 4744 3652 4802 necessaria

2068 4795 2342 4856 videntur.
2377 4795 2430 4854 iu
2469 4803 2690 4868 Dialogo
2723 4818 2870 4856 num.
2896 4804 3000 4855 69:
3033 4795 3188 4854 υἷνον
3217 4801 3274 4852 ὲν
3305 4800 3416 4864 τοῖς
3450 4814 3654 4872 μυστη-

2067 4872 2395 4950 ρίοις-αὑτοῦ
2409 4873 2829 4950 ’παραφέρωσινε

2139 4946 2253 5014 (47)
2293 4944 2423 4997 Ἐπὶ
2451 4939 2566 5013 τῆς
2586 4939 2779 5013 μενεῖ.
2811 4942 3014 4997 Horum
3039 4942 3328 5014 verborum
3360 4941 3405 4994 is
3438 4939 3654 5014 videtur

2067 5011 2186 5069 esse
2237 5031 2428 5068 sensus
2461 5011 2653 5082 {Cum
2693 5017 2968 5068 nescirent
3018 5023 3198 5065 utrum
3247 5013 3349 5064 hoc
3387 5012 3530 5078 pullo
3580 5011 3651 5074 is,

2065 5087 2158 5154 qui
2200 5085 2692 5154 praenuntiabatur,
2727 5087 2779 5139 in
2821 5086 2984 5139 terris
3020 5099 3219 5136 usurus
3266 5092 3547 5154 esset,__an
3594 5084 3650 5135 in

2065 5151 2264 5210 calo—tu
2305 5155 2684 5220 ascendendo;
2734 5158 3129 5210 aberraverunt
3174 5155 3242 5205 ab
3275 5151 3483 5205 oraculi
3527 5167 3650 5204 scn-

2069 5229 2272 5291 tcutia,
2299 5239 2352 5281 et
2382 5226 2526 5297 quod
2555 5229 2820 5296 propheta
2845 5230 2910 5279 de
2943 5226 3162 5297 Christo
3197 5225 3373 5297 adhuc
3405 5224 3456 5274 iu
3485 5222 3653 5297 terris

2067 5307 2322 5352 manente
2367 5293 2728 5366 piardiiierat,
2776 5299 2828 5350 id
2884 5295 3287 5362 Bellerophouti
3339 5293 3392 5345 in
3445 5295 3650 5346 cwluut

2067 5370 2381 5422 ascendenti
2421 5369 2750 5421 tribuerunt.

2137 5437 2251 5506 (48)
2299 5439 2512 5492 Ἔσται
2564 5438 2894 5506 σύμϐολον.
2945 5435 3098 5502 Legit
3149 5435 3396 5488 eruditus
3442 5431 3649 5486 Londi-

2065 5513 2252 5563 neusis
2297 5512 2477 5563 editor
2522 5507 2633 5574 ἕξει
2687 5507 2993 5578 σύμϐολον;
3052 5507 3145 5560 sed
3205 5506 3380 5560 inutili
3437 5506 3647 5557 labore.

2065 5578 2220 5644 Quod
2249 5581 2394 5635 enim
2425 5580 2504 5632 ait
2527 5578 2776 5634 Justinus
2802 5582 3104 5641 (Jlit'istum,
3134 5578 3260 5630 dum
3301 5580 3371 5630 ita
3410 5578 3648 5636 vehitur,

2065 5653 2237 5705 luisse
2268 5652 2532 5705 adventus
2575 5651 2657 5704 sui
2689 5650 3019 5720 symbolum,
3062 5665 3170 5703 nou
3205 5649 3280 5702 ita
3320 5644 3537 5700 diﬂicile
3567 5653 3652 5698 es:

2065 5723 2130 5774 ad
2166 5723 2598 5790 intelligendum.

2133 5791 2248 5862 (49)
2293 5785 2404 5845 Κᾶὶ
2433 5789 2530 5845 ὅτε
2557 5791 2853 5861 ἔγνωσαν.
2898 5790 2969 5846 Ut
3001 5792 3068 5846 de
3099 5790 3298 5846 Jusliui
3348 5785 3645 5862 sententia,

2067 5861 2256 5934 utpar
2287 5873 2385 5931 est,
2413 5864 2710 5934 iudicetur,
2744 5864 3003 5920 nonnulla
3057 5874 3188 5920 sunt
3237 5861 3642 5930 distinguendi.
