4006 6254
457 349 556 404 HI

1420 345 1476 405 S.
1518 344 1782 402 JUSTINI
1819 342 2233 400 PHILOSOPIH
2260 343 2348 398 ET
2383 344 2741 401 MAR-TYRIS

457 465 626 520 fuisse
653 478 720 518 ac
755 472 926 518 totum
961 476 1234 519 terrarum
1260 463 1465 519 'orbem
1500 477 1828 534 peragrasse
1883 463 2000 516 dixe

2136 463 2254 524 ταῖς
2303 461 2821 534 προγεγραμμέναις
2880 457 3270 531 προφητείαις,
3326 454 3594 526 Ἰσχυρὸς
3635 455 3739 521 ὡς

457 566 606 612 runt.
638 557 846 610 Rursus
880 568 1163 625 postquam
1198 557 1511 625 praedictum
1549 570 1671 610 esse
1697 555 2032 618 didicerunt,

457 652 676 704 morbos
707 665 900 704 Omnes
931 659 1245 704 curaturum
1276 657 1329 705 et
1364 659 1611 707 mortuos
1642 651 2032 715 excitaturum,

451 739 827 810 Alsculapium
861 741 1217 796 induxerunt.

653 1004 926 1075 Nusquam
962 1015 1140 1060 autem
1180 1023 1280 1062 nec
1322 1009 1378 1060 in
1413 1007 1522 1062 ullo
1563 1023 1777 1076 eorum,
1809 1009 1900 1079 qui
1947 1010 2028 1063 di-

448 1118 670 1172 cuntur,
718 1106 868 1161 Jovis
923 1107 1156 1161 ﬁliorum
1207 1109 1388 1164 crucis
1435 1108 1762 1178 supplicium
1819 1111 2022 1164 imitati

447 1218 594 1262 sunt.
620 1206 807 1275 Neque
840 1209 984 1261 enim
1017 1207 1123 1262 illis
1154 1208 1206 1261 in
1239 1218 1476 1264 mentem
1511 1221 1758 1275 venerat,
1791 1227 1857 1267 eo
1882 1213 2026 1283 quod

444 1319 552 1360 non
584 1305 702 1358 sine
733 1305 1014 1374 symbolis,
1048 1315 1106 1360 ut
1158 1307 1683 1374 demonstravimus,
1716 1311 1862 1365 dicta
1911 1311 2027 1367 fue-

443 1409 574 1473 rint,
601 1424 939 1479 quzecunque
971 1409 1112 1462 dicta
1156 1423 1220 1462 ea
1252 1409 1316 1462 de
1363 1426 1423 1463 re
1468 1410 1718 1480 fuerant;
1761 1429 1880 1481 quite
1907 1416 2026 1484 qui-

442 1507 586 1570 dem,
617 1516 674 1560 ut
704 1522 867 1576 supra
897 1507 1032 1562 dixit
1058 1508 1317 1578 prepheta
1348 1509 1416 1571 ἐι.
1449 1513 1748 1567 maximum
1778 1519 1861 1568 eSt
1906 1516 2025 1582 ejus

439 1612 725 1678 potestatis
765 1621 817 1666 et
864 1613 1203 1681 principatus
1261 1617 1514 1685 signum,
1566 1619 2019 1686 quemadmodum

438 1716 505 1754 ex
560 1701 644 1756 his
682 1704 874 1768 etiam,
905 1719 1027 1772 qua;
1057 1705 1160 1758 sub
1197 1717 1477 1774 aspectum
1524 1713 1744 1772 cadunt,
1777 1711 2023 1764 ostendi-

438 1802 545 1850 tur.
594 1794 884 1870 Intuemini
932 1797 1076 1850 enim
1111 1799 1296 1849 animo
1340 1812 1678 1868 quazcunque
1727 1801 1779 1855 in
1816 1803 2016 1858 mundo

439 1897 755 1952 versantur,
805 1904 872 1941 an
926 1889 1044 1942 sine
1093 1890 1197 1942 hac
1247 1890 1418 1957 ﬁgura
1489 1893 1911 1960 administrari,
1961 1906 2017 1950 et

435 1981 770 2034 commercio
812 1980 957 2035 inter
1002 1998 1060 2036 se
1107 1985 1364 2055 conjungi
1431 1986 1660 2054 possint.
1707 1985 1857 2042 Mare
1904 2005 2011 2044 non

432 2082 720 2150 Sriuditur,
753 2085 852 2139 nisi
890 2096 1148 2155 tropmum
1198 2087 1353 2153 illud,
1385 2074 1765 2158 quoddicitur
1810 2097 2009 2160 velum,

431 2173 701 2244 integrum
752 2177 804 2230 in
858 2179 977 2231 navi
1021 2189 1265 2234 maneat.
1317 2181 1485 2235 Terra
1524 2198 1652 2237 vero
1697 2187 1907 2255 absque
1944 2204 2010 2242 eo

429 2280 538 2318 non
574 2276 795 2331 aratur;
833 2268 1074 2324 fossores
1115 2286 1253 2340 opus
1299 2287 1404 2326 non
1450 2272 1694 2341 faciunt,
1739 2294 1838 2332 nec
1890 2295 2008 2332 ma-

428 2358 608 2410 nnarii
639 2360 845 2428 pariter
875 2361 1120 2417 artiﬁces
1151 2363 1251 2418 nisi
1287 2366 1547 2423 adhibitis
1593 2369 1733 2424 hanc
1778 2371 2008 2439 ﬁguram

426 2449 843 2518 przeferentilius
874 2456 1276 2512 instrumentis.
1311 2458 1555 2514 llumana
1606 2473 1784 2518 autem
1833 2465 2009 2519 forma

424 2559 533 2597 non
585 2544 690 2597 alia
746 2561 803 2599 re
856 2546 924 2600 ab
976 2551 1352 2608 animantibus
1405 2555 1634 2609 rationis
1692 2557 2008 2626 expertibus

425 2632 629 2698 differt,
677 2635 780 2689 nisi
825 2637 967 2705 quod
1015 2649 1197 2694 erecta
1243 2651 1346 2705 est,
1379 2651 1435 2696 et
1465 2647 1840 2701 extensionem
1893 2663 2008 2700 ma-

423 2741 589 2780 nuum
626 2727 812 2794 habet,
839 2739 892 2782 et
922 2730 972 2784 in
1001 2733 1151 2785 vultu
1187 2750 1376 2790 nasum
1411 2751 1438 2790 a
1474 2739 1656 2794 fronte
1690 2742 2004 2809 prominen-

422 2826 532 2870 tem
563 2819 723 2887 gerit,
751 2821 841 2890 qui
873 2831 924 2877 et
956 2825 1177 2880 animali
1207 2829 1275 2880 ad
1307 2830 1719 2898 respirationem
1747 2835 1865 2888 usui
1897 2844 2000 2901 est,

2138 554 2308 624 γίγας
2339 553 2581 624 δραμεῖν
2609 553 2772 617 ὁδὸν,
2804 552 2893 606 τὸν
2928 549 3199 622 Ἠρακλέα
3233 550 3468 621 ἰσχυρὸν,
3499 547 3596 601 καὶ
3627 550 3738 600 ὲκ-

2139 648 2603 719 περινοστήσαντα
2625 645 2720 717 τὴν
2741 647 2920 698 πᾶσαν
2949 645 3054 714 γῆν
3077 643 3300 712 ἔφασαν.
3323 644 3449 695 Ὅτε
3471 642 3526 694 δὲ
3555 641 3730 694 πάλιν

2137 738 2340 810 ἔμαθον
2405 737 2848 811 προφητευθέντα
2913 735 3270 809 θεραπεύσειν
3315 735 3476 789 αὑτὸν
3535 735 3731 786 πᾶσαν

2142 831 2316 894 νόσον,
2350 830 2446 884 καὶ
2477 829 2703 900 νεκροὺς
2749 829 3048 898 ἀνεγερεῖν,
3083 826 3182 879 τὸν.
3216 825 3539 896 Ἀσκληπιὸν
3573 839 3726 892 παρ-

2136 923 2390 994 ἠνεγκαν.

2339 1015 2476 1068 Ἀλλ’
2508 1013 2743 1086 οὐδαμοῦ
2789 1011 2894 1066 οὐδ’
2929 1013 3019 1066 ὲπί
3065 1028 3208 1074 τινος
3253 1010 3360 1062 τῶν
3403 1007 3727 1078 λεγομένων

2131 1108 2259 1160 υἱῶν
2302 1108 2394 1161 τοῦ
2428 1107 2547 1170 Διὸς
2580 1106 2639 1160 τὸ
2684 1104 3056 1176 σταυρωθῆναι
3091 1102 3450 1174 ἐμιμήσαντο.
3485 1099 3559 1153 Ού
3605 1099 3726 1169 γὰρ

2130 1201 2327 1254 ὲνοεῖτο
2357 1201 2573 1264 αὐτοῖς,
2609 1197 2980 1269 συμϐολικῶς,
3013 1197 3086 1260 ὠς
3131 1193 3561 1266 προδεδήλωται,
3606 1190 3725 1244 τῶν

2129 1294 2208 1355 εἰς
2241 1292 2396 1345 τοῦτο
2427 1291 2732 1364 εἰρημένων
2766 1290 2982 1343 πάντων
3025 1286 3397 1357 λελεγμένων·
3433 1287 3604 1354 ὅπερ,
3637 1282 3722 1343 ὡς

2137 1387 2394 1455 προεῖπεν
2437 1385 2465 1436 ὁ
2512 1382 2827 1456 προφήτης,
2877 1380 2936 1434 τὸ
2999 1379 3252 1450 μέγιστον
3300 1375 3564 1448 σύμϐολον
3609 1372 3720 1442 τῆς

2128 1474 2310 1544 ἰσχύος
2342 1474 2437 1527 καὶ
2467 1473 2641 1546 ἀρχῆς
2671 1470 2833 1526 αὑτοῦ
2868 1470 3122 1542 ὑπάρχει,
3155 1468 3230 1532 ὡς
3260 1469 3354 1522 καὶ
3387 1471 3450 1522 ὲκ
3480 1466 3585 1520 τῶν
3617 1463 3719 1518 ὑπ’

2124 1566 2245 1635 ὄψιν
2278 1566 2583 1619 πιπτόντων
2627 1565 2920 1619 δείκνυται.
2968 1565 3352 1634 Κατανοήσατε
3395 1560 3502 1630 γάρ
3536 1558 3716 1611 πάντα

2053 1677 2094 1731 Β
2123 1657 2188 1709 τά
2222 1659 2279 1709 ἐν
2311 1655 2386 1726 τῷ
2418 1657 2627 1726 κόσμῳ,
2663 1658 2711 1709 εί
2743 1655 2870 1709 ἄνευ
2905 1653 2997 1708 τοῦ
3037 1656 3316 1725 σχήματος
3348 1651 3535 1705 τούτου
3582 1649 3717 1702 διοι-

2112 1754 2320 1812 κεῖται,
2370 1750 2403 1822 ἢ
2464 1750 2747 1804 κοινωνίαν
2812 1749 2955 1820 ἔχειν
3011 1747 3254 1801 δύναται.
3289 1745 3543 1799 Θάλασσα
3611 1743 3712 1813 μὲν

2118 1840 2225 1911 γάρ
2261 1837 2392 1908 (50)
2433 1839 2493 1892 οὐ
2551 1840 2834 1910 τέμνεται,
2869 1840 2937 1911 ἢν
2981 1837 3054 1910 μὴ
3087 1838 3242 1891 τοῦτο
3272 1838 3330 1891 τὸ
3362 1836 3644 1908 τρόπαιον,
3679 1833 3710 1886 ὃ

2117 1932 2362 1985 καλεῖται
2410 1929 2595 1995 ἱστίον,
2631 1933 2688 1984 ἐν
2731 1934 2797 2001 τῇ
2843 1929 2931 2000 νηῒ
2978 1929 3114 1982 σῶον
3163 1930 3352 2001 μείνῃο
3401 1928 3471 1998 γῆ
3516 1926 3573 1979 δὲ
3608 1925 3709 1977 οὐκ

2115 2022 2342 2094 ἀροῦται
2380 2024 2506 2078 ἄνευ
2540 2022 2704 2075 αὐτοῦ
2728 2040 2740 2052 ο
2778 2023 3076 2084 σκαπανεῖς
3108 2021 3163 2073 δὲ
3209 2020 3305 2090 τὴν
3351 2017 3612 2090 ἐργασίαν
3645 2016 3707 2069 οὐ

2115 2113 2420 2177 ποιοῦνται,
2454 2114 2573 2167 οὐδὲ
2609 2113 3005 2184 βαναυσουργοὶ
3036 2112 3256 2184 ὁμοίως,
3293 2113 3340 2164 εί
3377 2111 3451 2182 μὴ
3481 2110 3568 2163 διὰ
3599 2109 3710 2163 τῶν

2113 2206 2172 2259 τὸ
2206 2207 2390 2278 σχῆμα
2436 2206 2592 2261 τοῦτο
2638 2207 2870 2278 ἐχόντων
2918 2205 3240 2276 ἐργαλείων.
3275 2203 3346 2255 Τὸ
3391 2203 3446 2256 δὲ
3492 2200 3712 2274 ἀνθρὼ-

2114 2316 2264 2353 πειον
2297 2299 2484 2370 σχῆμα
2518 2298 2627 2370 (5i)
2654 2299 2828 2350 οὐδενὶ
2860 2297 3002 2366 ἄλλῳ
3033 2295 3139 2349 τῶν
3171 2295 3381 2361 ἀλόγων
3414 2292 3568 2357 ζώων
3598 2294 3715 2346 δια-

2113 2391 2299 2462 φέρει,
2346 2390 2379 2460 ἢ
2429 2388 2504 2459 τῷ
2551 2389 2710 2461 όρθόν
2756 2382 3032 2453 τε-εἷναι,
3085 2388 3179 2440 καὶ
3231 2386 3450 2439 ἔκτασιν
3503 2383 3705 2456 χειρῶν

2111 2481 2274 2552 ἔχειν,
2309 2480 2403 2534 καὶ
2436 2484 2495 2536 ὲν
2527 2479 2603 2551 τῷ
2636 2478 2913 2551 προσώπῳ
2945 2479 3053 2532 ἀπὸ
3086 2477 3176 2531 τοῦ
3227 2477 3501 2548 μετωπίου
3549 2493 3706 2530 τετα-

2109 2573 2311 2642 γμένον
2344 2573 2432 2627 τὸν
2464 2573 2753 2643 λεγόμενον
2786 2571 3082 2642 μυξωτῆρα
3129 2570 3334 2640 φέρειν,
3369 2569 3433 2622 δι’
3469 2563 3528 2622 οὗ
3573 2569 3607 2639 ἦ
3643 2585 3699 2621 τε

2108 2665 2348 2735 ἀναπνοὴ
2384 2667 2499 2716 ἐστι
2531 2662 2608 2733 τῷ
2640 2662 2782 2733 ζώῳ,
2819 2662 2914 2714 καὶ
2945 2661 3095 2713 οὐδὲν
3127 2660 3252 2714 ἄλλο
3281 2660 3548 2713 δείκνυσιν
3575 2659 3606 2730 ἥ
3641 2658 3699 2711 τὸ

2109 2756 2292 2826 σχῆμα
2325 2754 2416 2808 τοῦ
2445 2755 2697 2825 σταυροῦ.
2725 2757 2835 2808 Καὶ
2859 2755 2946 2809 διὰ
2975 2753 3068 2807 τοῦ
3116 2753 3393 2824 προφήτου
3506 2749 3696 2821 ἐλέχθη

2105 2850 2301 2914 οὕτως·
2336 2851 2579 2919 Πνεῦμα
2606 2851 2718 2919 πρό
2748 2852 3072 2919 προσώπου
3099 2850 3208 2921 (5'2)
3239 2848 3428 2918 ἡμῶν,
3447 2846 3698 2915 Χριστὸς

423 2929 524 2968 nec
557 2913 700 2969 aliud
739 2931 897 2984 quam
928 2920 1111 2973 crucis
1157 2921 1386 2976 formam
1435 2927 1696 2981 ostendit.
1730 2927 2000 2997 Pmpheta

2114 2945 2341 3010 Κύριος.
2375 2945 2487 2998 Καὶ
2519 2945 2586 2998 τὰ
2620 2945 2748 3017 παρ’
2784 2947 2912 3016 ὑμῖν
2943 2947 3000 2999 δὲ
3032 2944 3276 3017 σύμϐολα
3309 2943 3407 3014 τὴν
3439 2942 3532 2995 τοῦ
3568 2944 3697 3011 σχή-

420 3019 638 3075 quoque
675 3008 754 3062 sic
806 3009 1020 3064 locutus
1061 3023 1188 3067 e~t:
1225 3014 1456 3082 Spiritus
1493 3029 1616 3070 ante
1662 3019 1853 3086 faciem
1904 3038 2000 3075 no-

419 3105 583 3152 blram
613 3098 854 3155 Christus
887 3103 1143 3158 Dominus
1166 3108 1234 3158 ³⁵.
1268 3106 1439 3174 Hujus
1468 3110 1633 3162 etiam
1665 3110 1851 3178 ﬁgurae
1893 3114 2000 3166 vim

419 3194 706 3248 declarant
735 3197 1053 3251 vexillorum
1082 3201 1225 3266 apud
1251 3217 1347 3255 vos
1374 3211 1429 3257 et
1457 3211 1789 3268 tropaeorum
1820 3207 2001 3275 signa,

418 3287 740 3354 quibuscum
775 3305 990 3360 semper
1033 3293 1084 3346 in
1139 3295 1416 3363 publicum
1468 3299 1792 3365 proceditis,
1833 3315 1897 3355 ac
1947 3301 1999 3355 in

417 3381 498 3433 eis
529 3383 692 3435 vestri
728 3384 940 3452 imperii
974 3393 1029 3438 et
1075 3389 1364 3455 potestatis
1418 3390 1652 3455 insignia
1705 3393 1997 3446 constitui-

419 3469 511 3532 tis,
540 3471 671 3525 licet
704 3473 755 3526 id
787 3491 892 3530 non
921 3477 1424 3533 animadvertentes
1451 3481 1558 3549 7'7
1590 3480 1826 3537 faciatis.
1856 3481 1994 3550 Quin

417 3571 472 3613 et
501 3565 849 3620 morientium
895 3568 1036 3636 apud
1068 3583 1166 3622 vos
1207 3570 1600 3639 imperatorum
1647 3575 1913 3645 imagines
1945 3577 1996 3630 in

1024 3705 1069 3738 ³⁸
1105 3707 1314 3766 Thren.
1357 3725 1434 3776 IV,
1467 3709 1558 3764 20.

422 3815 620 3894 i°_I\_'on
647 3818 1292 3894 .immeritodmmnnihus
1319 3834 1600 3894 acceptum
1634 3823 1805 3878 refert
1842 3826 2001 3893 quid-

418 3887 546 3963 quid
584 3899 758 3963 poetae
784 3892 850 3963 de
882 3893 1006 3946 ﬁliis
1035 3893 1186 3949 .lovis
1214 3887 1506 3948 ﬁnxerunt.
1536 3896 1592 3948 ‘2'
1620 3896 1803 3963 Neque
1831 3887 1998 3950 etiam

418 3958 547 4036 illud
573 3959 819 4036 _dub_it_ari
859 3963 1049 4031 possit.
1097 3967 1240 4031 quod
1276 3966 1332 4018 S.
1369 3976 1574 4036 martyr
1615 3958 1728 4018 nsn'
1750 3975 1805 4019 et
1835 3979 1997 4035 expe-

420 4028 619 4103 rientia
651 4028 872 4103 videtur
903 4028 1271 4102 perspeiisse,
1311 4028 1528 4088 fabulas
1557 4046 1841 4103 poetarum
1876 4028 1994 4091 eth-

417 4098 554 4150 nicis
582 4101 865 4167 permultis
899 4098 1088 4156 ansam
1123 4107 1370 4159 attulisse
1414 4098 1846 4160 Christianorum
1896 4109 1994 4160 do-

417 4169 607 4244 ctrinm
646 4169 974 4236 rejiciendae.
1013 4173 1233 4244 Trypho
1299 4173 1517 4230 Iudaeus
1565 4176 1777 4243 Dialog.
1813 4193 1864 4230 n.
1900 4179 1988 4240 70,

416 4238 612 4315 rejicit,
635 4235 986 4315 utpoctarnm
1003 4244 1066 4297 de
1085 4235 1286 4300 Perseo
1312 4247 1566 4309 fabulam,
1588 4235 1992 4315 ῳιοιΠιιειίηιιέ

415 4310 482 4385 de
513 4309 649 4385 Filio
673 4311 808 4385 _D_ei
836 4329 900 4365 ex
935 4315 1152 4383 Virgine
1199 4317 1383 4380 genito
1414 4309 1662 4371 docebat.
1700 4317 1805 4372 Sed
1847 4319 1990 4385 quod

415 4379 613 4454 Bacchi
667 4380 900 4454 fabulam
950 4379 1352 4454 ex'prophetia
1398 4385 1587 4448 Jacob,
1626 4379 1877 4440 Herculis
1921 4404 1989 4442 ex

415 4451 602 4572 psalmi
638 4451 815 4507 verbis
850 4451 1139 4510 deductam
1173 4451 1358 4511 fuisse
1413 4467 1598 4525 putat,
1646 4459 1696 4509 id
1747 4457 1990 4523 profecto

436 4522 626 4572 unuius
680 4532 910 4572 tractum
960 4526 1193 4572 videtur-
1245 4528 1418 4572 .lnlin:
1467 4528 1738 4572 Firminus
1790 4529 1988 4572 multae

436 4522 626 4587 ungius
680 4532 910 4576 tractum
960 4526 1193 4580 videtur.
1245 4522 1424 4582 Julius
1466 4522 1754 4581 Firmicus’
1790 4529 1988 4582 multas

413 4592 665 4666 similiter
706 4594 944 4666 fabulas,
991 4611 1056 4649 ex
1111 4599 1176 4652 iis
1203 4599 1339 4666 'quze
1371 4599 1439 4652 de
1468 4599 1688 4652 Christo
1729 4601 1985 4663 pnedicta

414 4673 592 4740 erant,
625 4664 923 4740 imitatione
951 4684 979 4719 a
1015 4664 1353 4724 daemonibus
1385 4683 1672 4740 expressas
1703 4679 1858 4738 putat
1889 4669 1984 4724 lib.

412 4731 834 4812 De.m'9f-_r_etitl-
1018 4807 1028 4812 _
1177 4809 1187 4812 _
1290 4807 1317 4812 -
1703 4731 1794 4812 ’ί
1876 4811 1883 4812 ,
1975 4808 1977 4812 .

483 4804 594 4874 (5'0)
638 4806 930 4878 Θάλασσα
958 4807 1075 4876 μὲν
1112 4809 1244 4878 γάρ.
1278 4807 1466 4878 Carpit
1504 4811 1646 4864 hanc
1693 4808 1990 4865 ratiocina-

412 4873 615 4928 tionem
671 4873 1045 4942 Ulericusfut
1085 4873 1590 4934 (dcclamatoriam
1646 4882 1932 4935 rationem.
1965 4901 1983 4933 ι

413 4944 518 5019 _Sed
571 4958 748 5001 tamen
782 4950 880 5002 etsi
935 4949 1197 5018 ejusmodi
1251 4963 1570 5019 argumenta
1620 4968 1723 5005 non
1762 4953 1986 5004 multum

414 5015 635 5092 habent
653 5035 748 5086 per
780 5015 976 5092 seipsa'
1014 5015 1538 5092 ponderisfiuepta
1589 5031 1765 5076 tamen
1817 5023 1989 5075 videri

414 5089 754 5161 nonﬂdebent
799 5092 850 5143 in
889 5090 1254 5159 disputatione
1288 5089 1550 5146 adversus
1595 5093 1861 5155 ethnicos,
1895 5093 1987 5161 qui

413 5159 548 5231 nihil
578 5175 739 5213 cruce
771 5163 945 5230 magis
976 5163 1401 5231 ignominiosum
1435 5163 1725 5217 ducebant.
1763 5162 1878 5216 Non
1914 5159 1991 5215 in-

409 5230 552 5302 sulsa
581 5235 692 5284 visa
720 5243 848 5285 sunt
872 5230 1192 5288 acutissimo
1219 5235 1472 5302 scriptori
1503 5233 1860 5296 Tertulliauo,
1897 5233 1987 5302 qui

408 5298 706 5366 Iustinum,
755 5315 811 5355 ut
846 5307 1004 5358 modo
1051 5298 1381 5368 videbimus,
1427 5305 1671 5358 imitatus
1722 5313 1824 5359 est.
1858 5298 1989 5369 Quae

409 5379 592 5424 autem
639 5374 704 5427 de
740 5377 916 5428 crucis
950 5375 1335 5439 similitudine,
1377 5391 1498 5428 cum
1549 5376 1704 5430 navis
1734 5377 1990 5428 antemnis

409 5450 464 5496 et
487 5442 617 5510 jugo
646 5455 698 5496 et
737 5447 975 5501 hominis
1006 5449 1198 5515 figura,
1226 5446 1360 5498 dicit
1391 5443 1657 5508 JuStinus,
1685 5462 1746 5500 ea
1779 5446 1858 5515 sic
1891 5462 1987 5498 ex-

407 5515 599 5584 primit
634 5515 892 5568 imitando
926 5513 1190 5570 Minucius
1218 5515 1366 5570 Felix
1400 5533 1451 5584 p.
1478 5517 1604 5572 286.
1636 5517 1778 5572 Edit.
1812 5513 1985 5584 Lugd.

406 5583 646 5640 Balatu:
707 5605 725 5636 ι
767 5589 991 5654 Signum
1046 5589 1224 5641 crucis
1280 5583 1608 5642 naturaliter
1658 5583 1984 5640 visimusin

408 5657 557 5718 navi,
590 5669 711 5709 cum
746 5657 879 5710 velis
915 5660 1246 5712 tumentibus
1286 5660 1523 5723 vehitur,
1569 5674 1690 5713 cum
1727 5659 1986 5724 expansis

409 5725 662 5799 palmulis
703 5730 943 5792 vehitur,
977 5739 1032 5782 et
1080 5743 1202 5781 cum
1254 5730 1486 5798 erigitur
1534 5731 1756 5799 jugum,
1803 5729 1986 5782 crucis

408 5797 623 5864 signum
659 5810 766 5859 est,
794 5807 845 5852 et
881 5814 1004 5852 cum
1039 5800 1199 5868 homo
1229 5797 1501 5868 porrectis
1535 5797 1787 5853 inanibus
1817 5799 1984 5853 Deum

404 5881 542 5937 pura
566 5881 745 5927 mente
759 5879 1095 5927 veneratur.»
1134 5867 1250 5927 Vidi.
1275 5870 1492 5928 llierou.
1513 5871 1669 5943 epist.
1693 5871 1758 5926 ad
1777 5869 1982 5928 lleliod.

488 3699 536 3731 “
573 3716 736 3771 supra
771 3719 824 3757 n.
856 3706 945 3759 55.

2111 3051 2279 3104 ματος
2310 3035 2498 3088 τούτου
2543 3035 2771 3106 δύναμιν
2817 3035 2967 3106 δηλοῖ
3000 3035 3247 3106 ’λλωμεν
3295 3033 3404 3105 (5'5)
3451 3033 3547 3086 καὶ
3590 3032 3695 3086 τῶν

2120 3127 2391 3196 τροπαίων
2411 3126 2475 3178 δι’
2495 3121 2568 3177 ὧν
2589 3126 2646 3177 αἴ
2659 3143 2715 3176 τε
2739 3125 2950 3195 πρόοδοι
2971 3125 3121 3193 ὑμῶν
3143 3125 3415 3194 πανταχοῦ
3433 3125 3688 3192 γίνονται·

2119 3216 2216 3285 τῆς
2253 3215 2425 3286 ἀρχῆς
2465 3215 2557 3266 καὶ
2595 3213 2875 3283 δυνάμεως
2907 3214 2972 3266 τὰ
3006 3218 3206 3284 σημεῖα
3244 3216 3298 3266 ὲν
3334 3211 3546 3276 τούτοις
3582 3213 3689 3266 65t-

2115 3307 2357 3370 κνύντες,
2381 3309 2429 3358 εί
2452 3306 2544 3358 καὶ
2585 3305 2656 3375 μὴ
2692 3305 2937 3366 νοοῦντες
2958 3304 3112 3356 τοῦτο
3141 3306 3423 3375 πράττετε.
3450 3306 3557 3357 Καὶ
3583 3305 3688 3357 τῶν

2104 3398 2234 3470 παρ’
2270 3399 2398 3468 ὑμῖν
2443 3398 2898 3471 ἀποθνησκόντων
2943 3396 3363 3467 αὐτοκρατόρων
3410 3395 3508 3458 τὰς
3552 3394 3695 3448 εἰκό-

2105 3507 2200 3553 νας
2235 3489 2343 3562 (54)
2379 3491 2470 3544 ἐπὶ
2490 3491 2662 3560 τούτῳ
2694 3490 2769 3562 τῷ
2802 3491 3040 3561 σχήματι
3072 3485 3371 3548 ἀνατίθετε,
3408 3485 3502 3538 καὶ
3534 3484 3690 3548 θεοὺς

2106 3580 2193 3634 διά
2237 3581 2579 3653 γραμμάτων
2626 3581 2765 3653 (55)
2812 3578 3201 3642 ε’πονοιιὰζετε.
3248 3578 3359 3631 Καὶ
3403 3577 3490 3632 διὰ
3531 3577 3691 3645 λόγου

2177 3827 2291 3905 (iii)
2336 3830 2404 3884 Td
2435 3831 2503 3884 δὲ
2522 3831 2916 3905 ’ἀνθρώπειον-’λ
2938 3833 3166 3904 σχῆμα.
3196 3834 3308 3904 Ipsi
3336 3851 3540 3905 quoque
3567 3853 3688 3888 cor—

2101 3901 2218 3973 pori
2263 3911 2464 3962 nostra,
2519 3903 2695 3969 inquit
2737 3901 3103 3958 Tertullianus
3144 3923 3158 3959 ι
3196 3901 3266 3958 αδ
3322 3901 3462 3960 Nat.
3499 3922 3551 3960 c.
3589 3909 3682 3973 12,

2105 3968 2268 4021 tacita
2313 3981 2361 4023 et
2388 3968 2755 4026 secreta'lmea
2782 3975 2954 4026 crucis
2985 3976 3119 4029 situs
3150 3987 3256 4030 est.

2170 4061 2303 4138 (
2345 4065 2586 4138 Uret”th
2613 4065 2726 4138 πρὸ
2774 4065 3118 4132 προσώπου.
3173 4069 3332 4124 Deest
3367 4069 3685 4138 prmDOSiliO

2099 4131 2151 4184 in
2192 4134 2403 4206 vulgata
2438 4131 2579 4188 LXX
2613 4131 2976 4205 interpretum
3011 4140 3274 4201 editione,
3311 4131 3536 4206 et'apud
3574 4140 3684 4194 Ire-

2100 4203 2406 4278 nrcum_|ib.
2434 4219 2518 4267 Ill,
2551 4221 2670 4274 cap.
2695 4203 2788 4278 to,
2823 4223 2879 4260 η.
2909 4208 2964 4278 gi,
2995 4219 3050 4260 et
3085 4212 3226 4278 apud
3279 4203 3680 4264 Tertullianum

2093 4272 2226 4348 Adv.
2265 4270 2533 4348 liram-mm
2566 4270 2629 4348 (ἒξ
2651 4276 2736 4339 14,
2776 4270 2870 4330 ἰιὺί
2903 4270 3133 4348 legitur;
3164 4277 3398 4346 Spiritus
3445 4295 3683 4348 persona

2094 4343 2230 4408 ejus,
2277 4341 2514 4397 Christus
2566 4345 2841 4403 Dominus.
2887 4341 3019 4402 Cum
3068 4341 3284 4403 Justino
3331 4341 3684 4402 consentiunt

2095 4412 2512 4467 Constitutiones
2543 4417 2848 4482 apostolica:
2881 4419 2973 4471 lib.
3006 4433 3054 4482 ν,
3086 4435 3137 4472 c.
3169 4419 3258 4472 '20.
3291 4419 3554 4474 GBABIUS.

2163 4503 2280 4579 (55)
2322 4505 2340 4524 ‘
2365 4507 2626 4579 .uwysr.
2661 4507 2832 4574 Hujus
2869 4507 3078 4562 lacunae
3113 4511 3431 4576 reparanda:
3466 4510 3676 4579 copiam

2021 4569 2063 4624 D
2094 4569 2302 4648 praebet
2323 4569 3000 4648 codex'Claromoutanus,
3038 4580 3089 4630 in
3116 4569 3226 4648 quo
3249 4582 3484 4634 secunda
3516 4569 3679 4634 manu

2093 4651 2218 4720 ante
2251 4645 2378 4720 illud
2410 4645 2621 4720 λλωμεν
2646 4649 2878 4720 additur
2927 4647 3054 4719 βιξι,
3090 4645 3158 4720 ei
3192 4665 3302 4720 quo
3353 4651 3684 4720 intelligitur

2095 4714 2380 4788 legendum
2409 4714 2534 4788 esse
2582 4717 2858 4788 βιξιλλῶν;
2900 4714 2999 4775 nec
3034 4714 3232 4774 mirum
3268 4721 3312 4774 si
3348 4714 3678 4775 vocem'La-

2096 4785 2262 4838 tinam
2312 4785 2486 4842 Grreci
2540 4785 2747 4842 librarii
2799 4791 3199 4845 deformarunt.
3251 4790 3307 4844 In
3343 4793 3532 4846 codice
3575 4808 3679 4846 ms.

2095 4863 2304 4909 tantum
2338 4858 2497 4925 spatii
2529 4862 2596 4912 ad
2632 4860 2776 4914 hunc
2810 4861 3018 4915 hiatum
3052 4862 3381 4930 explendum
3417 4861 3672 4916 relictum

2093 4936 2207 5003 est,
2251 4938 2515 5003 quantum
2558 4939 2798 5003 quatuor
2850 4941 2949 4985 aut
2982 4931 3243 5003 quinque
3270 4933 3496 5003 syllabis
3544 4933 3680 5003 satis

2096 4995 2667 5072 fui_sset.Fort_e_e_rgo
2700 4995 3150 5072 legendum—$636
3174 4995 3422 5072 βιξιλλῶν
3457 5002 3537 5057 vel
3571 5001 3680 5054 τῶν

2093 5066 2439 5142 καλουμένων
2456 5067 2724 5142 βιξιλλῶν,
2752 5066 2911 5126 Plura
2938 5073 3093 5128 addit
3118 5066 3400 5128 Thirlbius
3417 5075 3507 5142 qui
3535 5074 3677 5128 hunc

2095 5135 2276 5190 locum
2322 5141 2373 5191 in
2421 5135 2616 5195 codice
2664 5141 3088 5200 Claromontano
3133 5135 3532 5198 consulenti-um
3582 5160 3678 5196 cu-

2094 5211 2255 5283 ravit.
2289 5208 2783 5283 Legeinlun'renim
2820 5224 2970 5282 putat
3007 5219 3148 5283 λέγω
3169 5213 3227 5266 δὲ
3259 5213 3327 5267 τὰ
3353 5213 3461 5269 τῶν
3485 5213 3681 5268 καλου-

2095 5277 2574 5352 μένωνηπαρύμῖν
2600 5277 2869 5352 βιξιλλῶν.
2900 5277 3098 5342 Eadem
3132 5287 3404 5339 sententia
3433 5285 3681 5341 occurrit

2092 5352 2236 5426 apud
2273 5351 2672 5426 Tertullianum
2705 5355 2860 5423 Apol.
2893 5372 3014 5426 cap.
3042 5359 3130 5424 16,
3161 5366 3216 5409 et
3249 5354 3542 5411 Minucium
3580 5354 3680 5410 Fc-

2091 5419 2249 5473 lieem
2286 5435 2410 5489 pag.
2435 5421 2562 5475 286.

2163 5502 2295 5576 (5η
2318 5504 2780 5576 Αὐτοκρατόρων
2814 5508 2920 5573 τὰς
2959 5509 3216 5574 εἰκόνας.
3246 5509 3324 5563 De
3358 5509 3445 5562 his
3485 5507 3678 5576 imagi-

2092 5571 2254 5627 nibus
2284 5574 2429 5642 loqui
2462 5571 2676 5629 videtui'
2709 5571 3244 5639 Tertulliauus.cum
3275 5581 3387 5633 ait:
3424 5598 3442 5630 ι
3472 5571 3676 5634 Οηιιῖοε

2093 5642 2168 5715 illi
2219 5647 2515 5713 imaginum
2563 5659 2850 5715 suggestus
2901 5651 3127 5703 m0uilia
3175 5664 3402 5704 crucum
3457 5661 3608 5704 sunt.
3647 5666 3669 5700 ο

2091 5713 2366 5783 Apaloget.
2403 5715 2491 5770 16.
2524 5713 2700 5770 Videt
2727 5719 2794 5769 ad
2827 5717 2981 5782 Nat.,
3024 5720 3112 5772 12.

2163 5805 2422 5881 (ξὲξλΔιὰ
2464 5807 2836 5881 γραμμάτωνἶ
2875 5809 3192 5881 Sylburgius
3242 5812 3526 5879 legendum
3576 5826 3671 5878 pu-

2093 5887 2166 5933 tat
2187 5875 2254 5930 δι’
2284 5875 2743 5950 ἐπιγραμμάτων.
2792 5875 2970 5936 Mallet
3011 5875 3244 5938 Gr'abius
3277 5875 3366 5936 δῐά
3398 5875 3672 5954 διαγραμρ

3611 338 3742 396 ΗΞ
