4006 6254
414 303 521 364 U5
1378 303 1435 360 S.
1476 301 1741 359 JUSTlNl
1780 301 2191 360 PHILOSOPIII
2220 303 2308 357 ET
2343 302 2704 358 MARTYRIS
3573 298 3716 357 416

415 425 750 495 indigentem
783 425 947 479 vitam
978 433 1408 492 consequantur,
1442 423 1683 476 animum
1734 423 1801 477 ad
1839 423 1993 478 insti-

2138 419 2298 493 ρειῶν
2322 423 2468 492 ἡμᾶς
2501 421 2749 493 ρυόμενοι
2773 418 3171 491 εὐεργετοῦσιν,
3200 421 3425 484 ἑαυτοὺς
3462 419 3523 474 δὲ
3547 418 3731 474 φαύοι

417 527 534 572 tuta
569 528 755 572 noStra
789 517 1105 587 adjungere.
1141 517 1197 571 Si
1229 531 1359 570 vero
1397 513 1535 567 nihil
1568 513 1835 584 reliquum
1871 530 1996 570 esse

2135 527 2226 574 ους
2255 510 2363 583 (59)
2393 511 2488 564 καὶ
2519 509 2936 583 μισανθρώπους
2961 509 3057 563 καὶ
3094 509 3400 579 φιλοδόξους
3418 510 3567 564 δεικν
3585 516 3690 564 ὀυ
3713 542 3731 551 ο

419 618 543 678 post
602 624 834 663 mortem
897 609 1150 671 credunt,
1203 616 1368 677 atque
1429 606 1484 660 in
1541 609 1740 661 statum
1801 621 1995 661 sensus

2135 624 2208 660 ιν.
2239 605 2313 659 Οὐ
2351 604 2460 677 γὰρ
2497 605 2573 668 ὡς
2603 603 3003 670 ἀπαλλάξοντες
3039 605 3188 675 ἡμᾶς
3213 603 3548 676 ἀναιροῦσιν,
3578 602 3729 658 ἀλλ’

416 713 696 769 expertem
731 702 1028 756 morientes
1073 701 1272 755 cadere
1314 700 1705 770 pronuntiant;
1760 700 1898 753 bene
1935 701 2004 755 de

2135 700 2189 765 ὸς
2215 697 2636 770 ἀποστεροῦντες
2662 696 2804 768 ζωῆς
2829 697 2925 749 καὶ
2951 696 3143 767 ἡδονῆς
3174 697 3479 766 φονεύουσι.

418 795 573 849 nobis
604 805 900 857 merentur,
927 795 1069 863 quod
1097 795 1377 860 uoshujus
1427 795 1550 848 vita:
1581 793 2021 861 perpessionibus
2056 808 2120 847 ac
2169 793 2497 847 necessariis
2537 790 2855 844 muneribus
2923 789 3188 852 liberent,
3251 790 3464 855 seipsos
3512 798 3723 842 autem

420 888 695 953 improbos
720 897 772 940 et
805 888 1128 942 inlnnnanos
1157 897 1210 940 et
1239 889 1554 957 Opinionem
1619 896 1896 944 amatores
1950 887 2060 957 78
2097 888 2364 957 praebent.
2395 874 2583 954 Neque
2613 884 2758 937 enim
2793 882 3048 937 occidunt
3082 891 3141 935 ut
3191 881 3446 944 liberent,
3504 881 3598 934 sed
3645 876 3722 933 u'

417 983 528 1035 vita
563 991 613 1036 ct
646 983 923 1050 voluptate
951 983 1209 1054 spolient.

493 1093 582 1150 58.
625 1094 951 1152 Marcionem
985 1099 1149 1152 etiam
1199 1098 1506 1167 Ponticum,
1555 1113 1612 1156 ut
1659 1103 1902 1158 diximus
1933 1101 2002 1169 ’⁸,

421 1190 576 1255 pravi
611 1192 888 1243 daemones
939 1190 1306 1254 immiserunt,
1343 1194 1433 1259 qui
1488 1205 1792 1248 creatorem
1840 1192 2005 1248 cccle-

424 1277 590 1332 stium
623 1295 686 1333 ac
713 1281 1056 1335 terrestrium
1091 1283 1334 1337 omnium
1381 1285 1546 1337 Deum
1595 1294 1649 1338 et
1677 1283 2008 1353 przenuntia-

429 1381 542 1425 tum
589 1388 619 1426 a
668 1375 952 1443 prophetis
986 1375 1266 1431 Christum
1315 1378 1433 1446 ejus
1467 1375 1669 1430 Filium
1705 1377 2004 1430 etiamnum

428 1479 631 1534 negare
660 1466 840 1532 docet,
876 1467 1041 1520 alium
1078 1477 1259 1521 autem
1294 1471 1586 1539 quemdam
1629 1479 1829 1538 prmter
1852 1485 2008 1522 crea-

430 1564 602 1608 torem
651 1557 1034 1610 universorum
1087 1557 1254 1611 Deum
1315 1560 1597 1628 prazdicat,
1648 1576 1712 1614 ac
1756 1560 2009 1616 similiter

428 1648 594 1701 alium
641 1649 830 1702 lilium.
864 1649 1000 1702 l-lnic
1041 1651 1194 1704 mulli
1252 1655 1538 1708 credentes
1586 1663 1644 1706 ut
1679 1654 1780 1708 soli
1815 1669 2003 1708 verum

2179 1095 2268 1149 58.
2314 1092 2427 1148 Καὶ
2452 1092 2756 1164 Μαρκίωνα
2782 1090 2838 1143 δὲ
2859 1088 2950 1142 τὸν
2977 1087 3082 1142 ἀπὸ
3111 1088 3336 1149 Πόντου,
3366 1085 3442 1149 ὡς
3463 1084 3730 1157 προέφη-

2113 1205 2233 1261 μεν,
2270 1183 2666 1257 προεϐάλλοντο
2702 1184 2750 1235 οἱ
2779 1179 2969 1251 φαῦλοι
2999 1178 3280 1249 δαίμονες·
3320 1175 3378 1240 ὃς
3415 1174 3725 1248 ἀρνεῖσθαι

2115 1281 2215 1354 μὲν
2256 1281 2346 1334 τὸν
2378 1276 2606 1348 ποιητὴν
2634 1275 2741 1328 τῶν
2773 1271 3038 1345 οὐρανίων
3070 1269 3165 1323 καὶ
3197 1269 3400 1339 γηΐνων
3443 1267 3724 1320 ἁπάντων

2113 1378 2268 1439 Θεὸν,
2301 1374 2396 1429 καὶ
2418 1374 2507 1426 τὸν
2538 1367 2986 1444 προκηρυχθέντα
3014 1366 3099 1420 διὰ
3124 1365 3230 1419 τῶν
3259 1364 3547 1436 προφητῶν
3571 1365 3725 1436 Χρι-

2115 1468 2240 1521 στὸν
2271 1465 2396 1518 Υἱὸν
2419 1461 2606 1526 αὑτοῦ,
2636 1461 2729 1515 καὶ
2753 1459 2845 1513 νῦν
2869 1459 3138 1513 διδάσκει·
3169 1456 3323 1511 ἄλλον
3351 1457 3406 1510 δέ
3433 1473 3552 1509 τινα
3576 1473 3718 1510 κατ-

2113 1560 2366 1631 αγγέλλει
2401 1557 2552 1628 παρὰ
2585 1555 2674 1608 τὸν
2703 1552 3030 1625 δημιουργὸν
3058 1550 3148 1604 τὸν
3167 1549 3379 1603 πάντων
3425 1549 3575 1609 Θεὸν,
3601 1548 3720 1601 καὶ

2115 1655 2316 1727 ὁμοίως
2355 1652 2542 1724 ἕτερον
2585 1649 2698 1701 υἱόν
2742 1646 2885 1718 (60)’
2929 1639 2972 1713 ᾧ
3011 1644 3218 1708 πολλοὶ,
3269 1641 3581 1703 πεισθέντες
3624 1640 3721 1704 ὡς

430 1741 655 1806 scienti,
685 1757 783 1796 nos
818 1741 1076 1807 irrident,
1098 1744 1298 1797 nullam
1333 1762 1522 1800 eorum
1545 1763 1665 1816 qua:
1694 1749 1883 1803 dicunt
1913 1749 2010 1802 de-

2135 1748 2266 1817 ιόνῳ
2294 1742 2501 1815 τάληθῆ
2540 1740 2914 1812 ἐπισταμένῳ,
2947 1736 3104 1810 ἡμῶν
3139 1734 3532 1803 καταγελῶσιν,
3565 1733 3718 1786 ἀπό-

431 1837 890 1888 monstrationem
928 1837 1223 1902 habentes;
1273 1840 1366 1893 sed
1403 1841 1574 1895 stulte
1618 1841 1766 1895 velut
1814 1843 1936 1910 agni
1981 1856 2009 1894 a

433 1925 562 1994 lupo
595 1929 756 1996 rapti,
787 1929 838 1982 in
867 1933 1103 1998 praedam
1138 1931 1320 2000 impiis
1347 1933 1698 1999 opinionibus
1729 1943 1784 1988 et
1810 1934 2014 1987 dtemo-

434 2018 594 2070 nibus
621 2018 842 2072 cedunt.
878 2019 1024 2072 Nihil
1069 2023 1213 2075 enim
1246 2022 1392 2076 aliud
1427 2024 1766 2078 contendunt
1811 2034 1868 2079 ct
1913 2039 2014 2093 pu-

436 2118 607 2176 gnant
647 2109 680 2162 ii
714 2111 806 2178 qui
862 2111 1117 2164 dicuntur
1149 2113 1446 2180 daemones,
1479 2116 1582 2168 nisi
1627 2125 1685 2169 ut
1711 2115 1961 2170 homines
1985 2132 2012 2168 a

435 2213 690 2256 creatore
721 2204 829 2257 Deo
855 2213 909 2257 et
940 2205 1303 2273 primogenito
1329 2207 1449 2276 ejus
1472 2205 1691 2261 Christo
1717 2207 2015 2262 abducant.

435 2292 516 2346 Ac
541 2308 633 2346 eos
662 2297 905 2363 quidem,
942 2298 1034 2364 qui
1066 2313 1124 2352 se
1150 2298 1317 2352 humo
1349 2300 1539 2354 tollere
1573 2310 1873 2368 nequeunt,
1909 2312 2019 2356 ter-

435 2385 584 2437 renis
607 2395 660 2439 et
690 2389 1017 2444 manul'actis
1050 2393 1210 2444 rebus
1235 2390 1523 2445 aﬂixerunt
1553 2404 1610 2447 et
1641 2393 1898 2462 alligant;
1925 2396 2015 2464 qui

438 2488 618 2532 autem
663 2493 722 2534 se
775 2481 842 2534 ad
894 2481 1412 2550 contemplatiOnem
1469 2500 1651 2537 rerum
1703 2484 2016 2539 caelestium

438 2569 676 2636 erigunt,
702 2586 796 2625 eos
837 2573 1255 2640 supplantando,
1291 2576 1395 2629 nisi
1420 2591 1557 2630 sano
1589 2577 1701 2630 sint
1724 2577 1937 2646 judicio
1964 2585 2021 2631 et

440 2676 634 2730 puram
682 2673 738 2718 et
792 2680 1020 2719 vacuam
1073 2667 1242 2720 animi
1296 2668 1805 2738 perturbationibus
1851 2670 2021 2725 vitam

443 2754 662 2824 degant,
697 2758 748 2809 in
781 2758 1113 2826 impietatem
1160 2761 1491 2829 impingunt.

517 2871 604 2925 59.
646 2875 820 2943 Atque
862 2884 920 2927 ut
954 2892 982 2928 a
1016 2876 1338 2930 doctoribus
1375 2879 1604 2941 nostris,
1637 2877 1689 2930 id
1738 2887 1824 2932 est
1866 2894 1894 2931 a
1925 2879 2024 2933 do-

446 2965 624 3018 ctrina
655 2982 750 3034 per
785 2968 1079 3036 prolihetas
1112 2969 1353 3039 vulgata,
1398 2982 1680 3039 acceptum
1712 2986 1834 3025 esse
1866 2971 2024 3024 intel-

2112 1837 2278 1903 δειξιν
2311 1836 2580 1908 μηδεμίαν
2616 1833 2744 1906 περὶ
2778 1825 2852 1885 ὧν
2881 1831 3127 1899 λέγουσιν
3151 1827 3363 1898 ἔχοντες
3382 1843 3394 1855 ·
3421 1824 3554 1879 ἀλλὰ
3579 1824 3718 1876 ἁλό-

2113 1948 2246 2001 γως,
2281 1929 2353 1992 ὼς
2385 1928 2489 1981 ὑπὸ
2523 1926 2688 1979 λύκου
2735 1925 2896 1997 ἄρνες
2939 1920 3401 1994 συνηρπασμένοι,
3435 1917 3564 1988 βορὰ
3595 1916 3715 1969 τῶν

2115 2021 2288 2075 ἀθέων
2316 2019 2598 2091 δογμάτων
2629 2017 2724 2070 καὶ
2753 2015 3021 2086 δαιμόνων
3045 2014 3304 2082 γένονται.
3335 2012 3408 2064 Οὐ
3436 2011 3542 2082 γὰρ
3574 2009 3716 2062 ἄλλο

2117 2133 2167 2167 τι
2194 2111 2552 2182 ἀγωνίζονται
2574 2113 2622 2163 οἱ
2643 2108 2928 2178 λεγόμενοι
2955 2106 3228 2176 δαίμονες,
3254 2105 3287 2178 ἢ
3320 2103 3555 2170 ἁπάγειν
3579 2102 3716 2163 τοὺς

2117 2206 2435 2279 ἀνθρώπους
2467 2204 2575 2258 ἀπὸ
2596 2201 2686 2258 τοῦ
2715 2203 3040 2272 ποιήσαντος
3067 2198 3223 2263 Θεοῦ,
3251 2198 3347 2252 καὶ⁸
3377 2195 3466 2250 τοῦ
3491 2211 3716 2267 πρωτο-

2117 2299 2275 2368 γόνου
2302 2297 2463 2352 αὺτοῦ
2493 2295 2749 2368 Χριστοῦ.
2781 2294 2890 2348 Καὶ
2913 2296 3040 2356 τοὺς
3073 2293 3168 2362 μὲν
3193 2291 3290 2361 τῆς
3319 2289 3422 2359 γῆς
3448 2287 3520 2359 μὴ
3551 2285 3685 2340 sua!
3709 2314 3719 2325 -

2121 2390 2311 2465 ρεσθαι
2360 2389 2693 2461 δυναμένους
2741 2389 2854 2451 τοῖς
2905 2385 3116 2457 γηῖνοις
3165 2383 3260 2436 καὶ
3307 2379 3714 2453 χειροποιήτοις

2121 2483 2500 2555 προσήλωσαν,
2541 2483 2635 2536 καὶ
2677 2479 3040 2552 προσηλοῦσι·
3077 2477 3201 2540 τοὺς
3241 2475 3298 2528 δὲ
3340 2475 3433 2528 ὲπὶ
3473 2471 3717 2545 θεωρίαν

2121 2573 2279 2628 θείων
2328 2575 2631 2648 ὁρμῶντας,
2680 2571 3134 2645 ὑπεκκρούοντες,
3194 2570 3261 2640 ἢν
3325 2567 3399 2639 μὴ
3451 2564 3716 2635 λογισμὸν

2123 2666 2375 2740 σώφρονα
2419 2669 2514 2720 καὶ
2559 2666 2802 2740 καθαρὸν
2849 2665 2945 2719 καὶ
2986 2663 3176 2735 ἀπαθῆ
3221 2664 3333 2735 βίον
3371 2663 3588 2734 ἔχωσιν,
3626 2655 3714 2726 εἰς

2123 2762 2376 2814 ἀσέϐειαν
2409 2760 2786 2832 ἐμϐάλλουσιν.

2194 2882 2282 2937 59.
2333 2883 2450 2934 Ἵνα
2483 2882 2547 2936 ’δὲ
2581 2881 2675 2933 καὶ
2720 2880 2870 2952 παρὰ
2912 2878 3018 2931 τῶν
3055 2877 3340 2952 ἡμετέρων
3376 2875 3713 2929 διδασκάλων

2127 2976 2390 3047 (λέγομεν
2430 2975 2487 3028 δὲ
2522 2973 2612 3028 τοῦ
2649 2974 2809 3043 λόγου
2848 2972 2938 3026 τοῦ
2975 2972 3063 3026 διὰ
3098 2972 3205 3026 τῶν
3246 2968 3536 3043 προφητῶν
3568 2967 3716 3039 (61))

446 3057 646 3126 ligatis,
693 3060 837 3127 quod
885 3061 1023 3114 dixit
1087 3061 1264 3124 Plato,
1314 3065 1505 3127 Deum,
1555 3079 1678 3116 cum
1732 3063 2018 3117 materiam

2135 3069 2355 3123 λαϐόντα
2380 3069 2469 3121 τὸν
2502 3067 2764 3120 Πλάτωνα
2806 3065 3016 3137 μάθητε
3061 3065 3121 3118 τὸ
3147 3067 3344 3125 εἰπεῖν,
3374 3061 3507 3132 ὕλην
3542 3061 3718 3132 ἄμορ-

447 3151 735 3207 informem
778 3155 1047 3216 vertisset,
1097 3158 1359 3210 mundum
1406 3156 1634 3222 fecisse;
1675 3159 1858 3212 audite
1896 3161 2026 3227 quid

449 3245 675 3297 totidem
708 3245 890 3299 verbis
915 3247 1111 3300 dixerit
1143 3247 1376 3318 Moyses,
1405 3247 1612 3317 primus
1641 3251 2028 3318 prophetarum

446 3346 504 3388 et
529 3337 891 3406 scriptoribus
915 3339 1176 3394 omnibus
1203 3340 1494 3404 vetustior,
1536 3350 1594 3394 ut
1617 3355 1778 3410 supra
1806 3341 2030 3394 demon-

449 3430 746 3484 stravimus
773 3432 840 3494 ²⁹,
877 3447 975 3500 per
1007 3447 1174 3500 quem
1228 3431 1465 3500 Spiritus
1501 3435 1852 3502 propheticus
1895 3413 2032 3502 quo-

451 3522 612 3574 modo
637 3525 896 3576 mundum
929 3525 1072 3578 Deus
1101 3525 1260 3579 initio
1287 3535 1341 3579 et
1373 3540 1438 3578 ex
1473 3526 1670 3594 quibus
1699 3527 2026 3592 condiderit,

454 3612 700 3667 declarat
737 3615 821 3668 his
863 3616 1078 3669 verbis:
1111 3615 1175 3669 In
1218 3620 1482 3686 principio
1511 3618 1632 3688 fecit
1670 3618 1808 3673 Deus
1842 3620 2030 3673 cretum

453 3715 502 3756 et
546 3714 759 3758 terram.
811 3705 975 3760 Terra
1018 3718 1192 3761 autem
1225 3720 1336 3761 erat
1373 3709 1652 3762 invisibilis
1683 3719 1729 3762 et
1759 3710 2031 3779 incompo-

455 3799 558 3850 sita
579 3837 594 3861 ,
632 3807 680 3850 et
718 3803 942 3852 teuebrw
974 3817 1130 3870 super
1155 3802 1438 3870 abyssum:
1473 3811 1522 3855 et
1555 3800 1791 3871 Spiritus
1831 3804 1924 3856 Dei
1953 3803 2034 3874 fe-

461 3890 677 3942 rebatur
701 3907 859 3958 super
895 3909 1108 3961 aquam.
1155 3891 1222 3944 Et
1260 3894 1395 3946 dixit
1427 3891 1603 3948 Deus:
1640 3892 1769 3948 Fiat
1812 3897 1907 3950 tua;
1931 3912 1950 3950 :
1984 3905 2032 3950 et

461 3979 604 4048 facta
651 3992 725 4034 est
757 3981 874 4036 luat.
919 3982 1096 4038 Verbo
1139 3983 1305 4052 igitur
1352 3985 1442 4037 Dei
1489 4001 1555 4039 ex
1599 3986 1862 4055 subjectis
1903 3997 1958 4040 et
2002 4002 2032 4041 a

460 4070 646 4141 Moyse
698 4073 994 4143 designatis
1035 4077 1197 4130 rebus
1246 4076 1504 4130 mundum
1551 4077 1868 4133 universum
1913 4095 2033 4134 esse

461 4167 740 4218 ecttditum
780 4177 832 4220 et
863 4165 1038 4232 Plato,
1071 4177 1124 4220 et
1155 4169 1244 4237 qui
1282 4170 1470 4223 eadem
1501 4185 1564 4224 ac
1603 4170 1693 4224 ille
1736 4172 1946 4238 dicunt,
1981 4181 2037 4228 et

461 4274 561 4313 nos
587 4261 684 4327 ipsi
719 4260 1028 4328 didicimus,
1061 4262 1322 4332 vobisque
1354 4261 1481 4317 licet
1522 4263 1663 4318 idem
1701 4266 2033 4334 perspicere.

534 4503 578 4534 ³⁸
621 4520 781 4572 supra
817 4524 870 4560 ιι.
900 4507 991 4560 26.
1070 4507 1113 4537 ’³
1160 4523 1312 4562 ιιιιιιι.
1338 4507 1408 4560 44
1433 4518 1488 4562 et
1518 4508 1608 4562 54.
1673 4500 1675 4502 ’

539 4750 651 4822 (59)
705 4752 989 4819 Ἑαυτοὺς
1008 4752 1076 4805 δὲ
1101 4755 1394 4823 φαύλους.
1431 4755 1676 4810 Similem
1711 4760 2036 4811 sententiam

464 4825 670 4893 profert
694 4824 971 4946 Lbirlbius
993 4840 1058 4878 ex
1103 4825 1358 4896 Apologia
1387 4826 1630 4881 Socratis
1663 4829 1804 4898 apud
1854 4827 2040 4884 Plato-

465 4910 586 4946 nem
615 4909 666 4946 ι).
769 4937 782 4946 .

465 4910 586 4948 Item
615 4909 666 4961 p.
694 4897 782 4951 41,

538 4965 648 5033 (60)
692 4965 938 5033 ’Ἕτερον
975 4965 1129 5020 υἱόν.
1163 4967 1306 5021 Duos
1333 4968 1472 5023 ﬁlios
1501 4985 1606 5022 non
1651 4969 1840 5022 eodem
1876 4984 2038 5024 sensu

465 5035 780 5109 admittebat
812 5037 1071 5109 it-larciou,
1098 5053 1205 5106 quo
1227 5040 1315 5092 alii
1348 5040 1613 5109 nonnulli,
1643 5041 1732 5109 qui
1761 5041 2036 5094 Christum

467 5123 495 5158 a
524 5104 650 5160 Jesu
685 5107 1012 5162 dividebant.
1051 5104 1170 5176 ipse
1202 5110 1344 5162 enim
1381 5108 1566 5164 Jesnm
1607 5104 1726 5163 sine
1758 5126 1944 5176 carne,
1976 5126 2040 5165 ac

469 5187 642 5250 totum
676 5177 841 5250 Deum
885 5193 1006 5233 esse
1045 5180 1296 5250 tingebat.
1339 5181 1442 5236 Sed
1475 5197 1598 5234 cum
1630 5197 1754 5233 eum
1810 5193 2039 5236 conten-

466 5249 641 5320 deret,
673 5263 778 5300 non
806 5248 1106 5315 Crealoris,
1129 5248 1236 5302 sed
1274 5251 1363 5304 Dei
1398 5252 1800 5320 prtestantioris
1824 5267 1944 5307 esse
1976 5254 2037 5305 li-

467 5318 598 5370 lium
623 5326 675 5370 ct
697 5320 1001 5380 Christum;
1027 5338 1180 5373 suutn
1199 5318 1443 5375 Creatori
1465 5320 1661 5376 Filium
1687 5333 1740 5375 et
1760 5321 2038 5376 Christum

469 5388 830 5461 relinquebat,
867 5406 928 5443 ae
970 5392 1244 5444 fatebatur
1285 5411 1302 5442 ι
1355 5393 1549 5446 Filium
1593 5402 1647 5446 et
1681 5393 1942 5461 Spiritum
1989 5405 2042 5447 et

468 5459 831 5530 subsmntiatn
865 5462 1144 5516 Creatoris
1193 5479 1314 5517 esse
1340 5465 1616 5518 Christum
1664 5459 1800 5530 ejus.
1846 5482 1864 5514 ι
1904 5463 2040 5517 Ter—

467 5528 591 5594 tul.,
624 5529 715 5582 lib.
746 5547 827 5598 ιιι,
861 5549 908 5584 c.
945 5533 995 5584 7.

543 5601 655 5669 (b1)
709 5602 814 5654 Διὰ
861 5601 978 5675 τῶν
1019 5602 1356 5675 προφητῶν.
1401 5603 1603 5673 Supple
1651 5603 2039 5675 κηρυχθέντος,

471 5684 579 5746 non
625 5684 826 5746 autem,
860 5684 914 5725 ut
946 5674 1180 5729 Crabius
1225 5688 1281 5729 et
1317 5674 1595 5746 Thirlbius
1643 5674 1762 5742 post
1801 5674 2037 5746 Sylbur-

472 5741 640 5810 gium,
677 5741 1027 5814 λαλήσαντος.
1072 5746 1383 5814 Quinetiam
1408 5739 1701 5817 Thirlbibs
1743 5739 2034 5815 legendum

2129 3177 2225 3230 φον
2254 3154 2420 3212 οὖσαν
2453 3157 2762 3230 στρέψαντα
2791 3157 2899 3226 (6'2)
2937 3155 3025 3207 τὸν
3056 3155 3210 3217 Θεὸν,
3241 3155 3444 3224 κόσμον
3469 3153 3714 3220 ποιῆσαι,

2128 3251 2396 3305 ἀκούσατε
2431 3249 2538 3303 τῶν
2566 3247 2844 3312 αὐτολεξεὶ
2884 3247 3188 3320 εἰρημένων
3227 3245 3314 3298 διὰ
3347 3245 3590 3307 Μωσέως
3622 3239 3717 3296 τοῦ

2129 3341 2606 3414 προδεδηλωμένου
2643 3338 2858 3412 πρώτου
2891 3339 3188 3409 προφήτου,
3220 3337 3314 3389 καὶ
3339 3335 3718 3407 πρεσὸυτέροσ

2129 3436 2235 3490 τῶν
2269 3439 2326 3488 ὲν
2365 3435 2590 3506 Ἕλλησι
2625 3433 2986 3506 συγγραφέων
3011 3449 3024 3461 ’
3065 3431 3130 3484 δι’
3161 3424 3221 3483 οῦ
3259 3428 3458 3501 μηνῦον
3490 3428 3550 3481 τὸ
3584 3445 3718 3499 προ-

2133 3527 2365 3599 φητικὸν
2407 3525 2635 3597 Πνεῦμα
2675 3525 2790 3588 πῶς
2820 3526 2919 3597 τὴν
2958 3523 3130 3597 ἀρχὴν
3172 3521 3267 3576 καὶ
3305 3522 3370 3574 ἐκ
3400 3520 3558 3572 τίνων
3598 3518 3727 3588 ἐδτι-ι

2135 3622 2467 3694 μιούργησεν
2515 3623 2543 3673 ὁ
2602 3620 2734 3683 Θεὸς
2783 3621 2872 3673 τὸν
2921 3619 3144 3689 κόσμον,
3196 3616 3298 3687 ἔφη
3346 3614 3557 3676 οὕτως·
3618 3614 3724 3667 Ἐν

2130 3713 2287 3782 ἀρχῇ
2314 3714 2605 3781 ἐποίησεν
2627 3715 2659 3766 ό
2685 3711 2825 3777 Θεὸς
2857 3710 2966 3764 τὸν
3001 3705 3264 3776 οὐρανὸν
3295 3705 3394 3759 καὶ
3433 3704 3548 3771 τὴν
3577 3701 3714 3771 γῆν.

2144 3806 2217 3860 Ἦ
2259 3805 2326 3857 δὲ
2361 3803 2438 3874 γῆ
2477 3801 2556 3875 ἦν
2600 3805 2851 3872 ἀόρατος
2901 3800 2998 3856 καὶ
3026 3798 3579 3860 ἀκατασκεὺαστος,
3615 3793 3716 3847 καὶ

2133 3891 2351 3963 σὶιότος
2399 3898 2599 3952 ἐπάνω
2639 3897 2748 3965 τῆς
2784 3896 3059 3952 ἀϐύσσου
3086 3911 3098 3922 ’
3146 3892 3245 3946 καὶ
3286 3890 3531 3958 Πνεῦμα
3567 3888 3718 3942 Θεοῦ

2133 3990 2451 4058 ἐπεφέρετο
2487 3991 2686 4043 ἐπάνω
2708 3987 2826 4044 τῶν
2855 3987 3107 4042 ὑδάτων.
3149 3985 3260 4037 Καὶ
3290 3981 3459 4037 εἶπεν
3485 3985 3518 4035 ὁ
3556 3980 3724 4046 Θεὸς,

2134 4081 2454 4150 Γενηθήτω
2484 4081 2610 4151 φῶς
2634 4099 2646 4111 ·
2687 4081 2783 4135 καὶ
2823 4079 3060 4151 ἐγένετο
3105 4077 3294 4143 οὕτως
3320 4117 3334 4131 .
3372 4076 3535 4130 ’Ὠστε
3581 4074 3724 4146 λόγῳ

2137 4174 2268 4227 Θεοῦ
2313 4177 2378 4226 ἐκ
2421 4173 2526 4226 τῶν
2578 4174 2954 4245 ὑποκειμένων
2995 4176 3086 4229 καὶ
3130 4171 3585 4247 προδηλωθέντων
3635 4169 3724 4222 διὰ

2137 4263 2401 4327 Μωσέως,
2449 4263 2775 4335 γεγενῆσθαι
2817 4265 2907 4318 τὸν
2951 4265 3125 4319 πάντα
3164 4265 3388 4338 κόσμον,
3432 4262 3527 4316 καὶ
3576 4259 3724 4314 Πλά-

2073 4786 2116 4840 D
2143 4760 2365 4845 coniicit
2385 4762 2562 4845 “ﬁdei.
2579 4761 2672 4815 τοῦ
2703 4763 2971 4845 ἡμετέρου
2996 4762 3336 4845 διδασκάλου.

2219 4831 2335 4908 (οε)
2376 4831 2752 4908 Στρέψταντίιζ
2805 4831 2934 4908 Legi
2964 4851 3121 4908 posse
3148 4835 3421 4908 τρέψαντα
3449 4835 3728 4908 existimat

2149 4901 2503 4971 Sylburgius;
2537 4905 2615 4957 sic
2643 4905 2786 4957 enim
2826 4901 2974 4957 infra
3011 4901 3556 4973 loquitur-Justinus.
3594 4907 3725 4960 Illud

2149 4983 2335 5026 autem
2373 4976 2772 5029 observandum
2824 4985 2909 5028 est
2955 4975 3196 5030 Platonis
3246 4980 3311 5032 de
3353 4977 3536 5029 mundi
3574 4992 3728 5030 t-rea-

2150 5044 2295 5098 tione
2324 5047 2650 5099 scutentiam
2684 5060 2788 5099 non
2814 5046 2931 5100 sine
2956 5050 3280 5115 exceptione
3305 5064 3332 5100 a
3363 5058 3554 5100 sancto
3583 5063 3728 5100 mar-

2150 5125 2268 5183 tyre
2321 5115 2550 5172 laudari.
2600 5115 2734 5170 Nam
2767 5117 2893 5170 dum
2926 5119 3093 5186 solam
3129 5120 3372 5171 materne
3416 5119 3728 5186 dispositio-

2148 5181 2270 5238 nem
2318 5187 2657 5254 considerat,
2707 5203 2815 5240 non
2863 5181 3136 5242 itnm'crito
3183 5189 3465 5243 Platonem
3505 5181 3728 5252 laudat,

2147 5255 2238 5322 qui
2267 5268 2372 5308 tam
2411 5258 2574 5308 multa
2603 5259 2864 5325 prteclare
2893 5273 2956 5309 ea
2983 5259 3050 5311 de
3085 5274 3141 5313 re
3169 5261 3420 5326 scripsit;
3455 5261 3548 5312 sed
3577 5276 3728 5313 suam

2149 5328 2219 5378 ab
2247 5342 2311 5380 eo
2337 5327 2733 5381 dissensionem
2761 5329 3028 5389 declarat,
3063 5329 3189 5381 dum
3220 5333 3537 5382 universum
3575 5345 3732 5382 mun—

2151 5397 2277 5470 dum
2312 5412 2378 5452 ex
2412 5399 2671 5470 Subiectis
2714 5399 2877 5452 rebus
2917 5411 2970 5452 et
3011 5414 3049 5470 a7
3082 5399 3267 5470 Moyse
3313 5401 3728 5461 demonstratis,

2150 5466 2199 5539 id
2232 5478 2315 5521 est
2349 5483 2420 5539 exi
2444 5469 2582 5522 coelo
2608 5479 2657 5520 et
2689 5475 2856 5532 terra,
2887 5484 3006 5536 quae
3035 5466 3253 5523 Deusin
3289 5471 3554 5539 principio
3577 5484 3734 5524 crea-

2147 5536 2245 5599 vit,
2301 5538 2606 5606 perfectum
2657 5553 2777 5592 esse
2827 5539 3174 5606 pronuntiat.
3223 5536 3477 5594 Platonis
3519 5549 3734 5594 sentcn-

2147 5606 2276 5679 tiam
2305 5611 2468 5662 simili
2502 5612 2661 5664 modo
2704 5609 2922 5662 laudant
2967 5611 3223 5664 Clemens
3265 5611 3466 5664 Strom.
3516 5626 3565 5673 v,
3602 5626 3728 5679 pag.

2146 5677 2276 5748 59!,
2316 5690 2371 5737 et
2397 5679 2771 5738 Theodoretus
2794 5681 2950 5735 initio
2975 5679 3072 5735 lib.
3109 5695 3164 5737 tv
3191 5683 3312 5736 adv.
3348 5681 3581 5738 Gra'cos.
