4006 6254
215 373 296 428 ιιι
1410 374 1753 432 APOLOGIA
1787 377 1808 431 Ι
1843 374 1981 432 PRO
2012 374 2475 433 CHRISTIANIS.

3474 379 3578 434 422

216 487 389 542 soer
407 505 424 519 ·
466 491 760 556 κρίνατε
810 492 1113 562 ὀρφανῷ,
1161 493 1253 547 καὶ
1279 491 1628 548 δικαιώσατε
1650 493 1849 562 χήραν
1870 511 1882 522 ·

2018 499 2186 548 uinus.
2229 493 2360 547 Etsi
2385 493 2580 562 fuerint
2608 504 2821 563 peccata
2849 504 3018 548 vestra
3044 495 3198 564 quasi
3229 493 3576 564 phoeniceum,

219 583 296 633 ια)
313 579 524 644 δεῦτε,
551 583 670 634 καὶ
699 582 1192 654 διαλεχθῶμεν,
1229 585 1384 654 λέγει
1409 585 1640 652 Κύριος.
1665 587 1772 638 Kal
1791 583 1900 638 ἐὰν

220 667 347 726 ὦσιν
372 676 438 725 αὶ
478 673 814 740 ἁμαρτίαι
859 675 1055 744 ὑμῶν
1077 676 1157 743 ὡς
1192 677 1519 745 φοινικοῦν,
1556 675 1700 730 ὡσεὶ
1740 676 1901 743 ἔριον

225 763 490 818 λευκανὼ
511 782 527 793 ·
570 765 684 818 καὶ
710 766 849 819 ἐὰν
865 762 1044 820 ὦσιν
1059 767 1142 834 ὡς
1161 769 1458 833 κόκκινον,
1476 769 1554 834 ὡς
1575 769 1750 836 χιόνα
1761 772 1902 822 λευ-

229 854 388 909 κανῶ-
431 857 586 909 Ἐὰν
621 857 706 909 δὲ
724 857 835 926 μὴ
860 858 1292 927 εἰσακούσητὲ
1304 878 1444 928 μου,
1462 859 1727 929 μάχαιρα
1744 860 1901 929 ὑμᾶς

231 949 548 1002 κατέδεται.
590 951 676 1003 Τὸ
703 951 838 1019 γὰρ
881 951 1103 1020 στόμα
1145 953 1364 1019 Κυρίου
1388 952 1658 1021 ἑλάλησε
1688 955 1896 1008 ταῦτα.

131 1043 142 1050 ⁷
233 1041 325 1095 Καὶ
365 1040 539 1108 λόγον
579 1041 644 1094 δὲ
683 1044 784 1105 εἰς
811 1042 1002 1096 τοῦτο
1027 1044 1184 1116 παρά
1227 1043 1334 1097 τῶν
1366 1046 1677 1098 ἀποστόλων
1703 1046 1902 1117 ἐμάθο-

238 1151 320 1204 μεν
339 1131 561 1186 τοῦτον.
618 1134 883 1206 Ἐπειδὴ
934 1135 1046 1206 τὴν
1095 1135 1317 1207 πρώτην
1362 1137 1471 1209 (71)
1507 1138 1719 1205 γένεσιν
1745 1138 1902 1210 ἡμῶν

238 1227 578 1296 ἀγνοοῦντες,
610 1231 751 1282 κατ’
791 1229 1088 1301 ἀνάγκην
1117 1231 1462 1302 γεγενήμεθα
1496 1230 1554 1296 ἐξ
1578 1234 1750 1304 ὑγρᾶς
1775 1249 1904 1286 σπο-

240 1323 322 1390 ρᾶς
348 1320 499 1373 κατά
544 1319 714 1390 μίξιν
767 1321 887 1392 τὴν
913 1322 1040 1374 τῶν
1086 1325 1293 1391 γονέων
1323 1325 1460 1396 πρὸς
1487 1325 1769 1396 ἀλλήλους,
1808 1327 1902 1380 καὶ

236 1412 282 1462 ἐν
294 1410 438 1463 ἔθεσι
466 1412 723 1479 φαύλοις
747 1413 866 1465 καὶ
903 1417 1189 1485 πονηραῖς
1202 1416 1566 1486 ἀναστροφαῖς
1578 1417 1900 1488 γεγόναμεν,

232 1507 364 1566 ὅπως
427 1504 507 1574 μὴ
565 1504 866 1576 ἀνάγκης
923 1506 1113 1560 τέκνα
1166 1508 1301 1578 μηδὲ
1344 1508 1564 1576 ἀγνοίας
1617 1509 1899 1580 μένωμεν,

232 1596 351 1648 ἀλλὰ
369 1596 800 1666 προαιρέσεως
816 1597 936 1650 καὶ
971 1599 1322 1670 ἐπιστήμης,
1359 1599 1606 1670 ἀφέσεως
1632 1618 1690 1653 τε
1725 1602 1904 1674 ἁμαρ-

232 1687 347 1739 τιῶν
377 1688 527 1757 ὑπὲρ
577 1682 666 1740 ὢν
738 1689 1221 1760 προημάρτομεν
1244 1691 1494 1761 τύχωμεν
1525 1694 1582 1744 ἐν
1618 1691 1696 1763 τῷ
1726 1692 1900 1758 ὕδατι,

233 1778 644 1848 ἐπονομάζεται
707 1778 806 1850 τῷ
860 1779 1125 1851 ἑλομένῳ
1169 1782 1622 1853 ἀναγεννηθῆναι,
1663 1784 1758 1838 καὶ
1810 1802 1904 1856 με-

2001 599 2250 657 tanquam
2284 587 2464 640 lanam
2493 587 2787 651 dealbabo;
2833 597 2880 640 et
2910 587 2954 639 si
2987 588 3252 654 fuerintut
3285 589 3575 654 coccinum,

2001 682 2139 733 sicut
2163 681 2349 733 ‘nivem
2408 679 2682 733 dealbabo.
2714 679 2773 734 Si
2806 691 2978 733 autem
3026 697 3127 734 non
3169 681 3444 735 audieritis
3472 698 3576 745 mc,

2003 769 2211 839 gladius
2235 769 2501 822 devorabit
2527 785 2637 822 vos.
2669 768 2742 822 Os
2774 769 2911 821 enim
2971 768 3184 822 Domini
3229 770 3460 822 locutum
3501 779 3579 823 est

2001 861 2114 912 Ita'c
2147 858 2211 910 ".
2244 858 2393 912 Hanc
2429 867 2609 911 autem
2647 857 2804 924 hujus
2834 858 2910 911 rei
2946 859 3210 911 rationem
3231 859 3297 913 ab
3323 860 3582 928 apostolis

2003 951 2334 1020 accepimus.
2377 950 2604 1016 Quando
2627 950 2847 1018 quidem
2879 951 3115 1019 primam
3143 960 3383 1004 nostram
3412 967 3578 1020 getae-

2004 1045 2271 1098 rationem
2326 1043 2661 1113 ignorantes,
2728 1043 3061 1097 necessitate
3094 1032 3346 1112 quadam.
3372 1058 3440 1098 ex
3475 1047 3578 1100 hu-

2006 1138 2154 1192 mido
2183 1137 2396 1191 semine
2428 1151 2522 1204 per
2547 1146 2785 1188 mutuam
2829 1147 3113 1204 parentum
3157 1138 3460 1192 mistionem
3488 1152 3584 1206 ge-

2005 1228 2104 1283 niti
2158 1243 2366 1292 sumus,
2421 1236 2584 1294 atque
2635 1227 2688 1280 in
2737 1227 2921 1294 pravis
2976 1228 3220 1282 moribus
3261 1241 3316 1284 et
3361 1229 3582 1284 nefariis

2006 1323 2269 1378 institutis
2323 1321 2536 1374 educati
2577 1329 2676 1373 :ut
2726 1319 3072 1374 necessitatis
3119 1333 3176 1375 et
3212 1321 3580 1392 ignorationis

2008 1414 2108 1467 ﬁlii
2173 1429 2279 1467 non
2313 1427 2651 1477 maneamus,
2699 1413 2792 1464 sed
2816 1412 3102 1466 electionis
3139 1423 3192 1466 et
3234 1414 3494 1480 scientias,
3525 1429 3584 1470 et

2006 1506 2380 1560 remissionem
2416 1513 2785 1575 peccatorum,
2821 1519 2940 1572 quae
2989 1504 3141 1573 prius
3188 1507 3580 1575 commisimus,

2006 1612 2406 1668 consequamur
2435 1597 2488 1650 in
2514 1612 2652 1666 aqua
2678 1613 2692 1662 ;
2726 1612 2888 1665 super
2916 1611 2981 1650 eo
3014 1596 3105 1665 qui
3133 1600 3442 1666 regenerari
3488 1615 3584 1654 vo-

2005 1689 2188 1754 luerit,
2222 1696 2275 1742 et
2323 1697 2670 1756 peccatorum
2708 1690 3084 1757 paenitentiam
3118 1692 3308 1761 egerit,
3342 1694 3583 1760 parentis

2005 1783 2246 1836 omnium
2278 1789 2333 1834 et
2363 1779 2577 1835 Domini
2615 1781 2709 1834 Dei
2763 1797 2956 1837 nomen
2986 1783 3394 1852 pronuntiatur,
3420 1794 3583 1854 atque

237 1875 562 1942 wﬁsa‘nt
631 1873 746 1925 ἐπὶ
801 1877 938 1937 τοῖς
991 1874 1429 1945 ἡμαρτημένοις,
1477 1875 1536 1928 τὸ
1565 1875 1658 1930 τοῦ
1693 1877 1904 1949 Πατρὸς

2018 1876 2109 1938 hoc
2130 1876 2302 1943 ipsum
2332 1873 2712 1928 tantummodo
2747 1874 3107 1942 appellamus,
3141 1893 3263 1930 cum
3317 1893 3442 1930 eum
3481 1878 3583 1931 ba-

239 1962 336 2014 τῶν
362 1963 507 2016 ὅλων
536 1965 649 2016 καὶ
691 1965 1009 2017 Δεσπότου
1040 1963 1178 2018 Θεοῦ
1217 1965 1386 2036 ὄνομα
1407 1981 1420 1995 °
1455 1966 1586 2020 αὐτὸ
1617 1966 1776 2020 τοῦτο
1810 1968 1904 2038 μό-

187 2123 200 2134 _
240 2074 322 2110 νον
342 2059 726 2126 ἐπιλέγοντες
759 2059 920 2129 (72),
960 2058 1152 2112 τοῦτον
1184 2059 1506 2130 λουσόμενον
1540 2059 1766 2128 ἄγοντες
1810 2061 1904 2113 ἐπὶ

243 2147 300 2201 τὺ
333 2150 590 2222 λουτρόν.
636 2154 889 2222 Ὀνομα
927 2153 1042 2224 γὰρ
1069 2152 1147 2223 τῷ
1182 2154 1403 2226 ἀρρήτῳ
1436 2153 1554 2224 Θεῷ
1590 2154 1763 2218 οὐδεὶς
1791 2155 1904 2225 ἔχει

247 2243 416 2296 εἰπεῖν
435 2261 448 2272 ·
477 2247 529 2296 εἰ
561 2245 624 2298 δέ
654 2263 755 2309 τις
796 2245 1144 2317 τολμήσειεν
1181 2241 1321 2299 εἶναι
1349 2246 1548 2315 λέγειν,
1577 2248 1786 2318 μέμηνε
1807 2247 1904 2320 τὴν

251 2334 456 2388 ωοτον
523 2336 784 2407 μανίαν.
838 2337 1118 2391 Καλεῖται
1156 2339 1213 2390 δὲ
1260 2337 1415 2391 τοῦτο
1453 2338 1511 2391 τὸ
1543 2338 1765 2409 λουτρὸν
1795 2359 1907 2409 φω-

251 2427 467 2496 τισμος,
488 2429 570 2492 ὡς
597 2429 1037 2499 φωτιζομένων
1059 2430 1157 2501 τὴν
1183 2429 1420 2483 διάνοιαν
1445 2430 1553 2482 τῶν
1574 2429 1744 2484 ταῦτα
1773 2448 1907 2501 μαν-

257 2519 554 2576 θανόντων.
608 2524 743 2576 Καὶ
805 2525 901 2575 ἐπ’
943 2523 1210 2593 ὀνόματος
1233 2525 1289 2577 δέ
1328 2523 1502 2596 Ἰησοῦ
1532 2523 1767 2596 Χριστοῦ
1810 2523 1904 2576 τοῦ

268 2614 691 2684 σταυρωθέντος
720 2616 836 2668 ἐπὶ
864 2616 1097 2668 Ποντίου
1130 2617 1381 2681 Πιλάτου,
1409 2618 1501 2672 καὶ
1530 2619 1616 2670 ἐπ’
1642 2617 1903 2688 ὀνόματος

269 2705 590 2776 Πνεῦματος
634 2709 840 2775 ἁγίου,
869 2707 1014 2760 ὃδιά
1054 2707 1163 2760 τῶν
1215 2710 1508 2780 προφητῶν
1553 2709 1896 2781 προεκήρυξε

271 2798 342 2851 τὰ
363 2801 502 2852 κατά
549 2801 648 2852 τὸν
690 2799 927 2868 Ἰησοῦν
958 2798 1160 2865 πάντα,
1193 2802 1222 2852 ὁ
1272 2801 1634 2870 φωτιζόμενος
1667 2800 1900 2855 λούεται.

343 2890 430 2944 62.
465 2893 582 2945 Καὶ
607 2893 677 2944 τὸ
699 2891 952 2963 λουτρὸν
984 2891 1050 2962 δὴ
1087 2891 1247 2945 τοῦτο
1285 2893 1615 2955 ἀκούσαντες
1636 2895 1684 2946 οἱ
1709 2893 1902 2964 δαίμο-

273 2997 370 3042 νες
390 2982 478 3034 διὰ
498 2981 595 3034 τοῦ
631 2983 945 3053 προφήτου
979 2979 1092 3052 (75)
1142 2984 1568 3054 κεκηρυγμένον,
1593 2985 1904 3056 ἐνήργησαν

277 3079 374 3130 καὶ
424 3075 714 3148 ραντίζειν
765 3076 1008 3139 ἑαυτοὺς
1058 3076 1187 3139 τοὺς
1229 3079 1308 3139 εἰς
1329 3077 1394 3130 τά
1427 3076 1909 3152 ἱεράαὐτῶνέπιῤ-

285 3168 587 3235 βαίνοντας,
616 3168 722 3221 καὶ
759 3167 1060 3235 προσιέναι
1084 3167 1268 3229 αὐτοῖς
1287 3167 1596 3237 μέλλοντας,
1611 3167 1794 3232 λοιϐὰς
1812 3170 1904 3222 καὶ

279 3263 506 3325 ινξσσας
553 3259 985 3323 ἀποτελοῦντας
1007 3277 1020 3289 ο
1045 3260 1228 3312 τέλεον
1241 3260 1296 3312 δὲ
1317 3261 1411 3315 καὶ
1435 3260 1689 3315 λούεσθαι
1723 3262 1910 3316 ἀπιόν-

283 3370 380 3416 τας
405 3355 516 3424 (75)
553 3354 695 3424 πρὶν
721 3352 914 3416 ἐλθεῖν
943 3351 1038 3403 ἐπὶ
1066 3350 1135 3404 τά
1160 3352 1282 3424 ἱερά
1315 3352 1443 3406 ἔνθα
1463 3353 1728 3424 ἵδρυνται,
1755 3354 1909 3424 ἐνερ-

285 3447 459 3514 γοῦσι.
503 3448 626 3500 Καὶ
678 3446 802 3516 γὰρ
843 3444 909 3496 το
973 3443 1308 3498 ὑπολύεσθαι
1359 3444 1746 3507 ἐπιϐαίνοντας
1795 3447 1907 3508 τοῖς

283 3540 477 3609 ἱεροῖς,
513 3541 614 3593 καὶ
647 3542 772 3602 τοῖς
804 3539 996 3601 αὐτοῖς
1037 3538 1152 3608 (75)
1201 3537 1326 3600 τοὺς
1373 3536 1777 3609 θρησκεύοντας
1820 3555 1912 3590 κε-

291 3628 544 3683 λεύεσθαι
749 3627 866 3680 τῶν
905 3627 1318 3698 ἱερατευόντων,
1344 3628 1408 3678 ἐκ
1441 3626 1547 3679 τῶν
1585 3626 1909 3697 συμϐάντων

293 3723 484 3774 Maias?
520 3723 604 3791 τῷ
649 3721 942 3792 εἰρημένῳ
982 3721 1242 3792 προφήτῃ
1279 3718 1541 3789 μαθόντες
1580 3721 1628 3772 οἱ
1661 3719 1912 3789 δαίμονες

298 3815 666 3884 ἐμιμήσαντο.
706 3813 852 3866 Κατ’
887 3813 1068 3864 ἐκεῖνο
1101 3811 1210 3882 γὰρ
1249 3810 1342 3862 τοῦ
1369 3811 1564 3880 καιροῦ
1597 3812 1685 3864 ὅτε
1710 3812 1914 3882 Μωσῆς

304 3906 600 3976 ἐκελεύσθη
632 3903 922 3958 κατελθὼν
946 3906 1026 3967 εἰς
1062 3904 1336 3971 Αἴγυπτον
1371 3902 1660 3970 ἐξαγαγεῖν
1690 3903 1779 3954 τὸν
1800 3904 1919 3954 ἐκεῖ

299 3998 430 4051 λαὸν
449 3999 559 4051 τῶν
589 3997 977 4069 Ἰσραηλιτῶν,
995 3996 1373 4067 ποιμαίνοντος
1394 3995 1557 4048 αὑτοῦ
1585 3998 1640 4048 ἐν
1664 3999 1730 4066 τῇ
1764 3995 1920 4066 Ἀρα-

312 4088 434 4158 ϐικῇ
467 4091 540 4160 γῇ
578 4088 840 4160 πρόϐατα
865 4087 960 4141 τοῦ
979 4087 1116 4159 πρὸς
1135 4087 1343 4160 μητρὸς
1373 4085 1516 4139 θείου
1553 4087 1685 4159 (76),
1711 4090 1768 4141 ἐν
1803 4088 1916 4160 ἰδέᾳ

315 4180 485 4249 mgis;
519 4184 586 4233 ἐκ
619 4181 788 4250 βάτου
825 4179 1252 4251 προσωμίλησεν
1269 4180 1461 4251 αὐτῷό
1496 4180 1760 4253 ἡμέτερος
1788 4182 1922 4250 Χρι-

311 4274 462 4334 στος,
494 4271 598 4324 καὶ
627 4269 782 4324 εἶπεν
807 4290 823 4301 ·
880 4271 1219 4327 ’Υπόλυσαι
1261 4272 1334 4326 τὰ
1375 4271 1732 4340 ὑποδήματά
1776 4286 1915 4337 σου,

315 4365 414 4417 καὶ
445 4362 809 4431 προσελθὼν
829 4363 1120 4418 ἄκουσον.
1171 4364 1229 4416 '0
1271 4363 1350 4426 δὲ,
1397 4363 1804 4435 ὑπολυσάμενος
1825 4365 1919 4417 καὶ

387 4518 436 4551 ³⁸
473 4520 581 4574 lsa.
623 4534 661 4582 I,
718 4514 905 4573 16-20.
984 4519 1028 4551 ³τ
1067 4519 1237 4573 Exod.
1266 4533 1348 4584 In,
1386 4517 1440 4572 5.

2007 1969 2322 2037 ptizandum
2360 1968 2425 2020 ad
2455 1966 3083 2022 lavacrumdeducimus.
3107 1965 3272 2020 Nemo
3305 1975 3390 2022 est
3435 1967 3581 2021 enim

2006 2061 2099 2130 qui
2127 2072 2322 2112 nomen
2357 2058 2540 2111 dicere
2570 2073 2676 2111 non
2712 2057 3002 2112 enarrabili
3046 2057 3159 2112 Deo
3193 2059 3386 2128 possit,
3412 2067 3505 2112 aut
3534 2059 3583 2114 si

2006 2153 2131 2220 quis
2165 2151 2350 2205 dicere
2376 2150 2574 2202 audeat
2599 2163 2798 2202 nomen
2835 2147 2911 2201 illi
2942 2149 3146 2209 inesse.
3185 2150 3230 2202 is
3261 2149 3474 2216 perdite
3498 2150 3585 2204 in-

2005 2243 2170 2298 sanit.
2213 2241 2453 2294 Vocatur
2482 2250 2667 2290 autem
2725 2237 3006 2292 lavacrum
3064 2237 3195 2292 illud
3230 2237 3580 2306 illuminatio,

2004 2349 2070 2390 eo
2094 2335 2235 2403 quod
2262 2341 2446 2386 mente
2481 2331 2860 2384 illuminemur
2893 2331 2986 2398 qui
3023 2330 3137 2383 haec
3186 2329 3424 2383 discunt.
3472 2331 3584 2386 Sed

2005 2436 2062 2481 et
2095 2426 2149 2479 in
2200 2423 2420 2478 nomine
2453 2420 2585 2476 Jesu
2620 2421 2824 2476 Christi
2869 2421 2970 2476 sub
3013 2419 3210 2475 Pontio
3250 2419 3426 2475 Pilato
3449 2435 3584 2475 cru-

2005 2517 2174 2580 ciﬁxi,
2234 2526 2289 2570 et
2319 2516 2372 2569 in
2407 2514 2629 2568 nomine
2676 2512 2914 2583 Spiritus
2968 2511 3172 2577 sancti,
3203 2511 3294 2581 qui
3329 2527 3425 2581 per
3458 2525 3586 2580 pro-

2007 2614 2199 2680 phetas
2233 2606 2415 2661 omnia
2447 2607 2513 2659 ad
2551 2604 2734 2659 Jesum
2767 2603 3070 2673 spectantia
3095 2602 3502 2672 praenuntiavit,
3536 2601 3586 2656 is

2007 2701 2099 2771 qui
2135 2700 2491 2765 illuminatur,
2517 2697 2773 2751 abluitur.

2079 2875 2167 2930 ϐε.
2201 2879 2376 2945 Atque
2411 2877 2512 2932 hoc
2554 2877 2828 2930 lavacrum
2874 2878 3147 2930 daemones
3171 2891 3296 2930 cum
3332 2891 3426 2945 per
3454 2891 3584 2946 pro-

2008 2969 2228 3037 phetam
2260 2969 2612 3034 praedicatum
2647 2968 2947 3033 audissent,
2977 2968 3350 3036 perfecerunt,
3385 2975 3443 3020 ut
3492 2967 3586 3037 qui

2011 3059 2212 3128 templa
2279 3075 2466 3114 eorum
2527 3059 2931 3128 ingrediuntur,
2987 3058 3166 3127 iisque
3229 3057 3588 3126 supplicaturi

2013 3165 2138 3211 sunt
2160 3163 2214 3208 et
2247 3153 2504 3208 libamina
2529 3167 2595 3207 ac
2625 3152 2846 3206 uidores
2903 3149 3160 3214 delaturi,
3188 3151 3396 3217 seipsos
3432 3163 3588 3219 aqua

2016 3247 2334 3317 aspersione
2369 3245 2662 3298 lustrarent
2687 3262 2701 3297 :
2730 3256 2892 3312 atque
2928 3241 3055 3295 illud
3087 3244 3248 3295 etiam
3275 3243 3584 3310 perﬁciunt,

2016 3352 2077 3395 ut
2108 3339 2519 3410 proﬁciscentes
2542 3338 2757 3407 penitus
2804 3336 3004 3401 lavent,
3034 3345 3326 3402 antequam
3365 3333 3586 3402 templa,

2015 3434 2104 3488 ubi
2141 3435 2303 3488 iidem
2340 3433 2615 3487 daemones
2649 3430 2896 3485 collocati
2941 3437 3088 3492 sunt,
3120 3427 3429 3482 deveniunt.
3452 3425 3587 3482 Nam

2013 3540 2068 3584 et
2095 3530 2238 3598 quod
2273 3526 2588 3592 sacerdotes
2622 3523 2835 3593 jubent,
2879 3533 2937 3576 ut
2961 3522 3171 3576 calceos
3225 3519 3460 3586 solvant,
3496 3518 3591 3588 qui

2015 3619 2215 3690 templa
2247 3617 2630 3686 ingrediuntur
2657 3625 2720 3684 et
2774 3615 2965 3670 iisdem
3003 3614 3166 3668 rebus
3199 3613 3468 3666 daemones
3497 3626 3594 3664 co-

2017 3714 2156 3775 lunt,
2190 3711 2242 3766 id
2271 3712 2542 3764 daemones
2576 3722 2644 3762 ex
2683 3707 2792 3772 bis,
2813 3722 2932 3776 quae
2959 3704 3273 3773 supradicto
3308 3704 3586 3771 propheta:

2017 3805 2192 3876 Moysi
2228 3811 2546 3864 evenerunt,
2586 3800 2868 3868 cognitum
2904 3797 3100 3850 imitati
3129 3805 3275 3848 sunt.
3299 3793 3416 3860 Quo
3445 3794 3590 3847 enim

2016 3905 2260 3965 tempore
2296 3891 2513 3963 Moyses
2548 3892 2604 3945 in
2640 3889 2934 3961 IEgyptum
2971 3887 3300 3943 descendere
3335 3895 3388 3940 et
3414 3900 3591 3955 popu-

2019 3989 2128 4044 lum
2173 3987 2530 4042 lsraeliticum
2567 3985 2640 4040 ibi
2689 3991 3112 4039 commorantem
3151 3979 3592 4048 educercjussus

2020 4093 2134 4148 est,
2174 4094 2488 4152 pascentem
2521 4080 2674 4135 illum
2707 4080 2760 4134 in
2796 4079 2997 4133 Arabia
3029 4091 3160 4130 oves
3194 4075 3445 4129 avunculi
3480 4090 3592 4126 Ina-

2025 4175 2440 4230 terniCliristus
2485 4185 2686 4245 noster
2716 4173 2769 4226 in
2816 4172 2996 4241 Specie
3037 4171 3176 4242 ignis
3208 4185 3239 4224 e
3274 4171 3408 4223 rubo
3457 4167 3592 4220 allo-

2023 4279 2185 4324 cutus
2217 4279 2323 4333 esl,
2349 4284 2412 4323 ac
2443 4269 2578 4323 dixit
2605 4287 2618 4321 :
2659 4265 2812 4321 Solve
2847 4264 3201 4318 calceamentu
3239 4273 3350 4323 tua,
3383 4270 3430 4314 et
3454 4273 3597 4311 accc—

2023 4363 2150 4418 dem
2171 4363 2300 4416 audi
2329 4361 2393 4415 ³⁷.
2435 4360 2575 4416 Tum
2608 4359 2700 4413 ille
2721 4355 3109 4413 calceamentis
3140 4354 3398 4424 depositis
3438 4365 3590 4406 acce-

389 4635 508 4702 (7I)
552 4632 796 4700 Ἐπειδὴ
820 4631 934 4702 τὴν
962 4632 1218 4701 πρώτην.
1247 4630 1372 4686 Haec
1405 4629 1634 4702 niirilice
1666 4641 1910 4684 consen-

2020 4626 2078 4702 _S.
2119 4625 2340 4702 martyri
2369 4622 2514 4694 (vide
2534 4635 2700 4702 supra
2728 4637 2782 4674 n.
2811 4619 2922 4692 55),
2949 4632 3070 4702 tum
3097 4622 3227 4702 quia
3256 4637 3417 4702 supra
3439 4621 3590 4702 dixit

319 4709 469 4759 tinnt
492 4701 627 4758 cum
663 4706 914 4758 doctrina
973 4705 1032 4758 S.
1088 4703 1412 4769 Augustini:
1440 4719 1462 4753 ι
1492 4701 1660 4754 Natos
1710 4715 1813 4752 non
1845 4712 1910 4749 ex

317 4780 489 4839 hom,
515 4791 631 4844 quo
656 4774 812 4844 bona:
844 4784 976 4827 sunt
1029 4775 1246 4839 nuptiaa,
1298 4771 1552 4844 inquit],
1603 4769 1678 4844 De
1703 4778 1912 4836 peccat.

321 4841 629 4910 meritum.
662 4843 757 4908 9.8,
816 4846 912 4898 sed
963 4859 1031 4897 ex
1087 4845 1233 4896 malo
1272 4841 1762 4909 conCupiScentizc,
1807 4851 1915 4905 quo

321 4918 470 4969 bene
491 4915 715 4983 quidem
777 4925 1009 4967 utuntur
1061 4913 1282 4983 nuptiae,
1319 4914 1384 4966 de
1417 4928 1525 4982 quo
1561 4919 1740 4983 tamen
1787 4923 1914 4962 eru-

321 4981 566 5041 bescunt
593 4997 647 5039 et
672 4986 892 5054 nuptiae,
937 4999 1064 5037 reos
1113 4982 1362 5036 diabolus
1391 4981 1645 5051 parvulos
1695 4987 1910 5054 tetiet.,.

323 5056 408 5112 Ex
436 5058 539 5111 hac
564 5049 1008 5128 concupiscentia
1046 5056 1319 5128 carn_is_....
1363 5049 1699 5122 quaecunque
1737 5049 1913 5128 nasci-

327 5138 420 5180 tur
453 5127 663 5197 proles,
704 5120 958 5192 originali
1006 5131 1090 5178 est
1137 5120 1807 5197 obligata'peccato,_nisi
1855 5120 1906 5197 in

325 5190 829 5259 illo'renascatur,
882 5209 1046 5265 quem
1105 5193 1225 5248 sine
1256 5190 1407 5248 'ista
1464 5190 1910 5260 concupiscentia

334 5267 498 5334 Virgo
533 5268 803 5336 concepit.

404 5329 516 5406 (7‘2)
546 5329 723 5394 Αὺτδ
745 5338 924 5391 τοῦτο
971 5337 1170 5405 μόνον
1221 5333 1647 5406 ἐπιλέγοντες,-
1679 5329 1913 5406 Necesse

325 5399 439 5466 Ion
471 5399 554 5465 est
587 5425 715 5463 cum
745 5399 1167 5474 Grabio’legere
1196 5399 1535 5473 ἐπιλέγοντες
1559 5401 1752 5474 τούτῳ,
1776 5399 1904 5474 Zoe-

330 5483 577 5553 σύμενον.
607 5468 1120 5553 _Legit_Tltirlbiits
1165 5475 1294 5553 αὐτὸ
1334 5468 1490 5553 τοῦτο
1535 5468 1917 5543 μόνονέπιλέ-

326 5546 518 5620 γοντος
541 5550 634 5605 τοῦ
678 5549 772 5603 τὸν
803 5547 1135 5620 λουσόμενον
1171 5546 1423 5620 ἄγοντος,
1445 5547 1542 5620 (ιοε
1575 5553 1805 5620 tantum“
1825 5556 1916 5604 ap-

329 5608 554 5689 pellarit:
567 5640 655 5689 eo,
669 5622 756 5690 qui
777 5608 1160 5690 baptizdndutn
1187 5608 1330 5690 ducit
1355 5618 1424 5668 ad
1440 5614 1738 5690 iavacrum.
1766 5608 1916 5663 Hauc

332 5685 772 5748 emendationem
827 5685 1050 5759 plurimi
1085 5686 1263 5759 iacio,
1297 5701 1360 5739 ac
1409 5685 1453 5738 si
1484 5685 1606 5759 quis
1636 5697 1756 5735 eam
1797 5694 1918 5759 ain-

334 5763 622 5832 plectatur,
667 5753 892 5832 Infinime
912 5754 1319 5832 obstabo._N_on
1346 5765 1530 5832 tamen
1551 5753 1598 5806 ei
1626 5753 1916 5832 assentior,

337 5825 446 5890 iam
498 5825 629 5899 quia
680 5831 950 5900 ejusmodi
998 5826 1296 5898 participia
1340 5841 1451 5883 non
1500 5825 1762 5882 inusitata
1795 5832 1918 5878 sunt

2016 4691 2406 4765 baptizandum
2458 4708 2565 4748 non
2595 4695 2663 4748 ab
2704 4706 2832 4756 uno,
2867 4694 2962 4746 sed
3000 4710 3027 4745 a
3057 4693 3304 4762 pluribus
3337 4695 3402 4744 ad
3439 4691 3590 4744 laVa-

2013 4784 2168 4822 crum
2197 4767 2339 4819 duci.

2085 4837 2198 4907 (75)
2223 4837 2326 4890 Διά
2372 4836 2479 4890 τοῦ
2529 4831 2859 4907 προφήτου.
2895 4833 3102 4907 _lsaiam
3139 4832 3410 4899 intelligit,
3438 4830 3592 4900 cujus

2012 4903 2744 4980 paulo'antetestimpnium
2775 4903 2974 4980 attulit,

2085 4979 2198 5047 (74)
2249 4977 2464 5030 Τέλεον
2501 4974 2570 5027 δὲ
2629 4975 2728 5047 καὶ
2757 4973 3043 5047 λούεσθαι
3078 4972 3594 5047 ἀπιόντας.-Τ1ιί1’ί-

2013 5043 2135 5103 bius
2166 5043 2435 5103 liicmulta
2466 5046 2758 5115 excogitat.
2785 5044 3090 5113 Legendqu
3120 5052 3297 5115 putat,
3318 5044 3398 5094 vel
3427 5045 3484 5096 ἐν
3500 5043 3590 5096 τέ-

2009 5118 2127 5172 λεσι
2167 5135 2263 5186 pro
2321 5117 2524 5181 τέλεον,
2575 5112 2657 5169 vel
2681 5112 2925 5176 ἅπαντας
2953 5125 3046 5167 aut
3084 5112 3464 5182 ἱερατεύοντας
3491 5128 3590 5182 pro

2014 5190 2297 5251 ἀπιόντας.

2087 5260 2200 5330 (75)
2234 5258 2360 5324 Τοῖς
2411 5256 2633 5330 αὐτοῖς.
2680 5257 2835 5330 Legit
2888 5257 3000 5330 τοῖς
3047 5254 3196 5330 ναοῖς
3247 5251 3589 5330 $ylburg_itts.

2016 5322 2369 5384 Nibil'mutat
2396 5329 2656 5391 Grabius,
2707 5322 2800 5381 sed
2832 5324 3192 5392 subintelligit
3234 5322 3590 5376 daemonibus.

2018 5401 2206 5455 Satius
2239 5401 2450 5452 videtur
2471 5398 2622 5451 rebus
2650 5396 3079 5461 subtulelligere.

2091 5471 2204 5541 (76)
2240 5469 2348 5523 Τοῦ
2375 5469 2523 5537 πρὸς
2546 5467 2771 5541 μητρὸς
2805 5465 2987 5518 θείου.
3044 5463 3251 5541 Minui:
3284 5465 3427 5517 unde
3479 5463 3594 5518 haec

2022 5533 2320 5610 Sfmartyr
2365 5533 2628 5610 hauserit.
2672 5537 2838 5590 Forte
2877 5537 3138 5587 memoria
3169 5533 3424 5610 cllluente
3468 5549 3587 5610 nia-

2021 5621 2234 5666 ternum
2257 5603 2610 5664 'avunculum
2658 5623 2756 5674 pro
2813 5620 3008 5658 socero
3036 5615 3306 5674 sumpsu.
3360 5603 3595 5672 Conjicit

2019 5681 2301 5737 Thirlbius
2327 5697 2449 5737 eum
2489 5680 2546 5736 in
2597 5672 2837 5749 Moysem
2872 5672 3191 5743 transferre,
3222 5675 3366 5745 quod
3388 5674 3599 5732 Jacobo

2021 5763 2298 5811 οοιιγουιι.
