4006 6254
462 331 571 388 ..εδ

1402 329 1461 388 S.
1495 328 1762 387 JUSTle
1801 333 2212 393 PHILOSOPHJ
2251 335 2342 391 ΕΤ
2375 333 2736 392 ΜΛΒΤΥΒΙΒ

3629 341 3742 398 425

465 446 606 500 deus
636 443 845 499 audivit
875 444 1268 500 descensurum
1308 460 1366 500 se
1401 446 1455 501 in
1505 445 1824 520 Egyptum,
1869 449 2039 518 ibique

2155 447 2502 520 προσελθὼν,
2556 451 2760 521 ἀκήκοε
2807 449 3093 506 κατελθεῖν
3139 453 3220 517 εἰς
3280 453 3588 525 Αἴγυπτον,
3640 458 3740 512 καὶ

464 539 828 593 commoranti
889 539 1088 608 populo
1122 538 1421 594 Israelitico
1469 541 1660 595 ducem
1701 542 1916 596 abeunti
1967 541 2045 594 lu-

468 639 687 696 tur-um;
725 646 958 698 cumque
986 645 1014 683 a
1043 631 1285 698 Christo,
1319 633 1408 701 qui
1447 631 1498 685 in
1531 633 1715 702 specie
1759 633 1903 701 ignis
1937 633 2044 704 81

462 721 676 776 locutus
709 739 831 777 cum
859 726 976 792 ipso
1033 722 1233 787 fuerat,
1295 741 1545 794 magnam
1597 727 1852 779 virtutem
1894 741 2050 780 accc-

460 814 650 882 pisset,
679 817 960 870 descendit
992 828 1045 870 et
1078 819 1336 887 populum
1371 819 1577 881 eduxit,
1620 818 1831 888 magnis
1864 825 1919 872 et
1951 818 2048 871 atl-

463 908 730 961 mirandis
775 913 936 962 rebus
990 909 1173 972 editis,
1224 926 1362 980 quas
1403 911 1449 964 si
1495 911 1656 964 vultis
1701 912 1933 978 discere,
1979 927 2047 967 ex

462 1003 580 1073 ejus
613 1005 767 1058 libris
806 1013 1066 1057 accurate
1116 1004 1361 1058 discetis.

535 1096 624 1151 63.
661 1093 832 1148 Judwi
899 1106 1080 1148 autem
1126 1110 1318 1149 omnes
1363 1095 1662 1149 etiamnum
1723 1097 1920 1152 docent
1949 1113 2045 1152 ca-

462 1199 672 1244 rentem
704 1188 922 1241 nomine
952 1187 1117 1241 Deum
1149 1203 1271 1241 cum
1302 1185 1482 1258 Moyse
1513 1188 1859 1244 collocutum.
1889 1189 2044 1248 Unde

459 1279 580 1333 illos
616 1279 855 1349 Spiritus
907 1289 1130 1335 sanctus
1173 1295 1269 1350 per
1298 1282 1670 1350 supradictum
1717 1286 2039 1352 prophetam

462 1371 658 1426 Isaiam
712 1373 1004 1440 increpans
1067 1372 1147 1426 sic
1197 1373 1460 1440 loquitur,
1497 1383 1555 1426 ut
1609 1385 1771 1430 antea
1818 1377 2042 1446 scripsi-

461 1478 585 1519 mus
614 1463 693 1517 '3:
727 1463 977 1533 Cognovit
1032 1465 1122 1518 bos
1157 1480 1505 1531 possessorem
1565 1483 1738 1531 suum,
1767 1479 1814 1521 et
1857 1471 2039 1524 asinus

460 1573 692 1626 prwsepe
729 1559 930 1610 domini
959 1559 1076 1611 sui:
1106 1557 1282 1611 Israel
1332 1569 1508 1610 autem
1559 1576 1638 1613 nte
1670 1576 1770 1613 non
1800 1565 2037 1630 cognorit

461 1661 508 1704 et
535 1651 762 1720 populus
819 1667 900 1704 me
945 1669 1048 1705 non
1094 1651 1354 1706 intellexit
1385 1647 1453 1706 ³⁵.
1481 1652 1560 1708 Ac
1588 1651 1746 1708 Jesus
1787 1652 2038 1709 Christus

461 1759 587 1798 cum
617 1759 711 1798 eos
740 1745 995 1797 similiter
1055 1755 1332 1813 argueret,
1391 1747 1534 1816 quod
1586 1761 1686 1800 nec
1717 1747 1844 1815 quid
1875 1745 2038 1800 Pater

457 1837 556 1902 sit,
597 1851 694 1889 nec
725 1837 852 1904 quid
891 1835 1079 1903 Filius,
1136 1838 1434 1904 novissent,
1487 1837 1568 1893 'sic
1615 1847 1670 1892 et
1706 1837 1822 1907 ipse
1871 1837 2038 1893 dixit:

463 1927 634 1982 Nemo
686 1930 922 1999 cognovit
978 1928 1190 1982 Patrem
1241 1931 1342 1983 nisi
1384 1928 1582 1993 Filius,
1627 1946 1790 1998 neque
1844 1927 2046 1984 Filium

464 2023 568 2075 nisi
613 2019 797 2085 Pater,
835 2033 881 2075 et
921 2024 1108 2093 quibus
1161 2023 1460 2076 revelaverit
1504 2021 1678 2075 Filius
1707 2022 1774 2075 ⁸ο.
1811 2021 2046 2077 Verbum

403 2152 407 2158 .
465 2127 648 2169 autem
700 2115 794 2169 Dei
851 2124 936 2168 est
986 2116 1101 2184 ejus
1138 2113 1329 2180 Filius,
1367 2122 1425 2168 ut
1456 2113 1695 2169 diximus
1716 2113 1783 2167 ⁸³.
1809 2113 2048 2169 Vocatur

460 2209 626 2262 etiam
657 2208 876 2278 angelus
917 2218 974 2263 et
1011 2208 1314 2276 apostolus;
1346 2206 1460 2276 ipse
1489 2206 1632 2260 enim
1673 2207 1886 2260 nuntiat
1908 2221 2049 2275 qua:-

461 2315 675 2370 0unque
715 2301 967 2371 cognosci
1011 2301 1189 2366 decet,
1223 2308 1279 2352 et
1311 2299 1548 2352 mittitur
1578 2308 1635 2351 ut
1664 2297 1866 2352 indicet
1892 2312 2046 2368 quee-

462 2406 676 2460 cunque
719 2391 1043 2444 [nuntiantur
1071 2407 1084 2454 ;
1111 2391 1572 2460 quemadmodum
1617 2398 1672 2442 et
1702 2389 1820 2459 ipse
1857 2389 2046 2443 Domi-

462 2498 566 2536 nus
593 2493 780 2537 noster
808 2485 916 2536 ait:
954 2483 1059 2550 Qui
1085 2499 1166 2536 me
1192 2485 1367 2546 audit,
1397 2499 1513 2536 eum
1535 2465 1632 2552 ‘qui
1665 2499 1744 2535 me
1776 2483 1916 2535 misit
1943 2499 2045 2534 au—

458 2575 538 2629 dit
562 2576 628 2631 “.
659 2579 834 2646 Atque
879 2578 931 2632 id
965 2578 1184 2645 quidem
1218 2576 1432 2646 patebit
1458 2590 1528 2630 ex
1567 2575 1768 2645 Moysis
1803 2575 2043 2645 scriptis,

462 2669 517 2724 in
547 2671 742 2738 quibus
781 2671 898 2725 haec
934 2672 1080 2724 dicta
1112 2670 1368 2739 legimus:
1403 2667 1472 2721 Et
1507 2668 1717 2722 locutus
1761 2678 1836 2722 est
1867 2667 2043 2738 Moysi

458 2761 677 2831 angelus
728 2761 825 2815 Dei
886 2763 938 2815 in
987 2764 1201 2830 ﬂamma
1245 2762 1385 2838 ignis
1419 2760 1602 2814 erubo
1647 2770 1694 2813 et
1724 2761 1896 2813 dixit:
1932 2759 2043 2829 Ego

457 2868 576 2906 sum
610 2855 865 2907 exsistens
891 2855 1000 2918 ille,
1032 2854 1172 2909 Deus
1201 2855 1494 2918 Abraham,
1531 2853 1669 2907 Deus
1697 2852 1880 2917 Isaac,
1903 2853 2042 2908 Deus

452 2941 650 3012 Jacob,
685 2945 826 3000 Deus
857 2961 1068 3016 patrum
1095 2959 1327 3004 tuorum.
1360 2947 1625 3000 Descende
1659 2947 1719 2999 in
1748 2944 2042 3015 lEgyplum

461 3049 509 3092 et
539 3040 671 3092 educ
698 3040 948 3109 papulum
978 3057 1146 3094 meum
1166 3040 1231 3091 ".
1252 3045 1382 3113 Qme
1413 3055 1542 3095 vero
1592 3051 1913 3109 sequuntur,
1945 3055 2042 3110 po—

459 3131 618 3185 testis
649 3149 714 3186 ex
769 3134 900 3201 ipsis
962 3134 1135 3197 libris,
1166 3137 1209 3188 si
1244 3135 1426 3200 vultis,
1462 3149 1831 3205 cognoscere;
1863 3149 2040 3204 neque

2152 541 2442 610 ἐξαγαγεῖν
2490 540 2582 595 τὸν
2615 542 2732 595 ἐκεῖ
2762 542 2889 596 λαὸν
2920 544 3028 597 τῶν
3091 542 3458 617 Ἰσραηλιτῶν,
3505 549 3602 602 κα)⁵
3646 549 3742 604 δύ-

2151 654 2315 708 ναμιν
2352 635 2578 709 ἰσχυράν
2610 635 2768 690 ἔλαϐε
2823 637 2973 710 παρά
3005 638 3097 692 τοῦ
3139 639 3471 711 λαλήσαντος
3503 643 3653 714 αὐτῷ
3678 646 3739 698 έν

2106 799 2111 803 _
2153 729 2267 800 ἰδέᾳ
2302 729 2472 801 πυρὸς
2506 730 2762 800 Χριστοῦ⁸
2783 731 2874 784 καὶ
2899 731 3173 786 κατελθὼν
3215 733 3449 805 ἐξήγαγε
3471 735 3564 790 τὸν
3583 735 3736 802 λαὸν,

2150 821 2388 893 ποιήσας
2413 819 2623 891 μεγάλα
2647 821 2740 874 καὶ
2780 821 3092 893 θαυμάσια·
3127 822 3163 877 ἃ
3211 827 3260 878 εἰ
3313 825 3573 896 βούλεσθε
3624 846 3735 899 μα-

2148 912 2293 976 θεῖν,
2349 915 2414 968 ἐκ
2445 912 2554 967 τῶν
2585 914 3030 985 συγγραμμάτων
3077 916 3288 970 ἐκείνου
3331 918 3575 990 ἀκριϐῶς
3631 938 3740 991 μα·-

2148 1005 2400 1079 θήσεσθε.

2216 1100 2303 1155 65.
2353 1101 2596 1158 Ἰουδαῖοι
2640 1103 2697 1158 δὲ
2744 1103 2944 1169 πάντες
2989 1104 3084 1159 καὶ
3129 1105 3226 1160 νῦν
3286 1107 3596 1161 διδάσκουσι
3643 1105 3736 1163 τὸν

2144 1193 2526 1264 ἀνωνόμαστον
2574 1196 2707 1249 Θεὸν
2752 1195 3109 1268 λελαληκέναι
3157 1197 3234 1268 τῷ
3266 1199 3484 1252 Μωσεῖ·
3519 1198 3642 1252 ὅθεν
3674 1199 3737 1254 τὸ

2145 1285 2487 1356 προφητικὸν
2523 1286 2750 1358 Πνεῦμα
2783 1288 2871 1341 διὰ
2915 1289 3135 1344 Ἡσαΐου
3167 1289 3261 1342 τοῦ
3307 1291 3740 1363 προμεμηνυμέ-

2142 1392 2232 1428 νου
2280 1380 2561 1450 προφήτου
2609 1380 2848 1452 ἐλέγχων
2881 1381 3098 1446 αὐτοὺς,
3146 1383 3221 1446 ὡς
3267 1384 3737 1456 προεγράψαμεν,

2140 1462 2292 1520 εἶπεν
2313 1486 2327 1499 ·
2368 1472 2561 1541 Ἔγνω
2588 1474 2744 1538 ,ϐοῦς
2763 1473 2873 1527 τὸν
2901 1472 3295 1543 κτησάμενον,
3330 1476 3426 1530 καὶ
3460 1477 3598 1544 ὄνος
3622 1477 3741 1547 τὴν

2139 1557 2376 1629 φάτνην
2426 1563 2531 1616 τοῦ
2581 1565 2794 1632 κυρίου
2845 1565 3066 1618 αὐτοῦ’
3101 1565 3353 1634 Ἰσραὴλ
3396 1567 3464 1622 δέ
3503 1585 3581 1638 με
3623 1571 3740 1622 οὐκ

2137 1651 2312 1721 ἔγνω,
2349 1652 2448 1706 καὶ
2477 1657 2508 1709 ὁ
2532 1657 2683 1722 λαός
2718 1672 2795 1726 με
2827 1657 2900 1710 οὑ
2935 1656 3189 1728 συνῆκε.
3226 1657 3338 1712 Καὶ
3383 1659 3586 1729 Ἰησοῦς
3617 1659 3674 1712 δὲ
3706 1661 3736 1713 ὁ

2141 1744 2398 1816 Χριστὸς,
2446 1747 2528 1799 ὅτι
2573 1747 2673 1800 οὐκ
2718 1747 2963 1816 ἔγνωσαν
3009 1751 3251 1804 Ἰουδαῖοι
3297 1751 3350 1804 τί
3381 1752 3594 1824 Πατὴρ,
3640 1753 3741 1806 καὶ

2145 1836 2197 1889 τί
2231 1838 2378 1902 Υἱὸς,
2412 1839 2613 1910 ὁμοίως
2659 1840 2895 1912 ἐλέγχων
2941 1843 3158 1908 αὐτοὺς,
3207 1843 3302 1896 καὶ
3347 1843 3510 1908 αὐτὸς
3543 1840 3734 1900 εἶπεν·

2153 1930 2364 1996 Οὐδεὶς
2401 1931 2555 2001 ἔγνω
2602 1933 2714 2004 (77)
2747 1936 2854 1988 τὸν
2887 1936 3118 2004 Πατέρα
3139 1936 3296 2005 εἰμὴ
3323 1941 3355 1991 ό
3392 1938 3525 2004 Υἱός
3548 1955 3561 1968 ·
3593 1937 3740 1992 οὐδὲ

2149 2023 2256 2076 τὸν
2292 2023 2429 2076 Υὶὸν
2457 2027 2509 2078 εὶ
2549 2023 2634 2094 μὴ
2653 2029 2685 2079 ό
2711 2026 2934 2095 Πατὴρ,
2967 2027 3062 2079 καὶ
3088 2023 3179 2093 οἷς
3203 2028 3280 2082 ἂν
3307 2030 3677 2100 ἀποκαλύψῃ
3703 2033 3740 2086 ό

2158 2117 2308 2182 Υἱός.
2355 2116 2412 2168 ’0
2445 2117 2618 2187 Λόγος
2648 2117 2704 2170 δὲ
2734 2117 2827 2173 τοῦ
2861 2117 2996 2171 Θεοῦ
3044 2122 3190 2172 ἐστιν
3222 2123 3250 2174 ὁ
3281 2120 3409 2186 Υἱὸς
3439 2121 3626 2184 αὑτοῦ,
3659 2121 3738 2185 ὡς
3777 2127 3789 2138 ’

2150 2206 2507 2280 προέφημενσ
2557 2207 2654 2260 καὶ
2709 2208 2941 2276 ἄγγελος
2999 2209 3056 2262 δὲ
3100 2210 3368 2276 καλεῖται,
3415 2211 3510 2266 καὶ
3573 2211 3739 2265 Ἀπό-

2148 2299 2354 2364 στολος.
2389 2299 2560 2365 Αὐτὸς
2591 2301 2700 2372 γάρ
2731 2300 3064 2370 ἀπαγγέλλει
3107 2303 3220 2374 (78)
3254 2305 3354 2357 ὅσα
3381 2304 3462 2358 δεῖ
3490 2304 3743 2384 γνωσῇ-

2146 2407 2254 2456 ναι,
2291 2391 2387 2445 καὶ
2419 2393 2805 2446 ἀποστέλλεται
2856 2392 3107 2464 μηνύσων
3150 2393 3250 2446 ὅσα
3281 2393 3627 2469 ἀγγέλλεται,
3660 2395 3740 2460 ὡς

2147 2485 2244 2538 καὶ
2274 2485 2435 2549 αὐτὸς
2467 2489 2494 2540 ὁ
2527 2485 2730 2557 Κύριος
2763 2486 2919 2556 ἡμῶν
2952 2481 3105 2539 εἶπεν
3125 2502 3140 2515 ·
3187 2486 3250 2539 '0
3287 2487 3434 2557 ἐμοῦ
3476 2489 3738 2552 ἀκούων,

2145 2579 2350 2633 ἀκούει
2408 2578 2516 2633 τοῦ
2579 2580 3057 2648 ἀποστείλαντός
3099 2598 3195 2652 με.
3245 2581 3356 2634 Καὶ
3401 2584 3465 2635 έκ
3501 2583 3609 2634 τῶν
3641 2581 3740 2637 τοῦ

2143 2670 2392 2734 Μωσέως
2437 2670 2492 2723 δὲ
2540 2670 2991 2742 συγγραμμάτων
3037 2672 3274 2744 φανερὸν
3318 2671 3474 2725 τοῦτο
3505 2674 3741 2744 γενήσε-

2144 2777 2257 2813 ται.
2311 2760 2576 2814 Λέλεκται
2621 2761 2678 2814 δὲ
2723 2763 2782 2814 ὲν
2813 2763 2999 2825 αὐτοῖς
3054 2760 3259 2826 οὕτως’
3311 2763 3421 2816 Kal
3465 2762 3740 2832 ἐλάλησε

2143 2852 2352 2910 Μωσεῖ
2396 2853 2652 2923 ἅγγελος
2685 2855 2832 2908 Θεοῦ
2860 2855 2930 2907 ἐν
2951 2854 3130 2925 φλογὶ
3181 2854 3372 2923 πυρὸς
3397 2857 3465 2909 ἐκ
3494 2855 3604 2924 τῆς
3626 2855 3741 2920 ,Βάρ

2143 2963 2272 3009 του,
2321 2947 2417 3000 καὶ
2460 2943 2659 3002 εἶπεν*
2704 2945 2849 3017 Ἐγώ
2887 2949 3005 3016 εἶμι
3039 2949 3072 3001 ό
3108 2945 3228 3011 ὢν,
3277 2948 3422 3014 Θεὸς
3465 2947 3733 3016 Ἀϐραὰμ,

2145 3038 2291 3105 Θεὸς
2332 3039 2557 3103 Ἰσαὰκ,
2598 3038 2740 3105 Θεὸς
2777 3039 3001 3102 Ἰακὼϐ,
3046 3042 3082 3092 ό
3131 3038 3277 3105 Θεὸς
3308 3039 3427 3094 τῶν
3464 3038 3740 3107 πατέρων

2138 3149 2284 3186 σου·
2317 3131 2572 3186 κάτελθε
2599 3135 2685 3198 εἰς
2706 3132 3031 3203 Αἴγυπτον,
3058 3117 3156 3186 καὶ
3176 3131 3430 3204 ἐξάγαγε
3451 3131 3556 3186 τὸν
3576 3132 3738 3186 λαόν

458 3225 603 3278 enim
635 3226 724 3281 hic
751 3227 934 3279 munia
979 3227 1319 3295 perscribere
1353 3241 1668 3296 possumus.
1699 3226 1825 3281 Hice
1857 3236 2038 3280 autem

2144 3242 2282 3294 μου.
2337 3224 2418 3276 Τά
2449 3224 2493 3277 δ’
2527 3224 2770 3294 ἑπόμενα
2816 3222 2876 3288 ἐξ
2906 3225 3132 3278 ἐκείνων
3177 3225 3492 3296 βουλόμενοι
3539 3221 3735 3293 μαθεῖν

453 3327 524 3366 eo
556 3314 817 3379 diximus,
851 3331 958 3386 quo
993 3316 1188 3370 Filium
1238 3315 1330 3371 Dei
1363 3324 1418 3370 et
1479 3316 1782 3385 apostolum
1811 3331 1932 3372 esse
1958 3313 2048 3370 Je-

456 3418 575 3459 sum
620 3407 898 3462 Christum
954 3409 1490 3474 demonstraremus;
1538 3411 1630 3479 qui
1667 3409 1886 3478 quidem
1919 3425 2044 3464 cum

455 3507 622 3551 antea
655 3497 890 3553 Verbum
919 3510 1084 3561 esset,
1117 3516 1182 3554 ac
1208 3502 1368 3554 modo
1399 3501 1452 3554 in
1483 3503 1669 3570 Specie
1691 3501 1850 3572 ignis,
1881 3502 2040 3555 modo

457 3588 512 3644 in
544 3591 776 3660 imagine
811 3594 1138 3664 incorporea
1176 3593 1324 3647 visus
1367 3604 1535 3660 esset,
1569 3610 1714 3649 nunc
1755 3596 2038 3649 voluntate

455 3683 635 3742 Patris
689 3703 786 3755 pro
831 3685 1071 3740 luitnano
1099 3702 1297 3758 genere
1339 3688 1501 3742 homo
1547 3687 1736 3741 factus
1767 3703 1829 3741 ea
1865 3687 2029 3740 etiam

454 3778 667 3848 perpeti
693 3779 974 3840 sustinuit,
999 3793 1337 3847 quacunque
1384 3779 1435 3832 in
1475 3795 1596 3833 eum
1631 3779 1806 3834 insani
1839 3777 2034 3842 Ιυάιιὶί,

456 3871 761 3923 daemonum
812 3871 1065 3939 impulsu,
1111 3872 1283 3925 moliti
1318 3881 1463 3925 sunt.
1497 3871 1598 3937 Qui
1640 3887 1762 3926 cum
1796 3873 2041 3924 nornina-

455 3962 552 4016 tim
585 3964 638 4016 in
671 3963 875 4033 Moysis
925 3965 1340 4019 commentariis
1394 3979 1712 4036 expressum
1751 3966 1989 4020 habeant
2021 3981 2037 4020 :

457 4053 530 4108 Et
565 4057 774 4111 locutus
826 4069 901 4112 est
942 4059 1155 4127 angelus
1182 4057 1277 4112 Dei
1309 4075 1426 4111 cum
1459 4057 1638 4129 Moyse
1670 4060 1723 4112 in
1754 4060 1871 4128 igne
1894 4060 2044 4128 ﬂam-

452 4164 556 4202 ma:
589 4166 616 4203 e
647 4151 800 4213 rubo,
843 4163 889 4204 et
929 4154 1061 4205 dia'it
1094 4165 1113 4203 :
1146 4150 1262 4221 Ego
1306 4168 1422 4204 sum
1456 4152 1712 4205 exsistens
1743 4151 1853 4219 ille,
1889 4151 2026 4206 Deus

454 4242 745 4308 Abraham,
780 4243 918 4298 Deus
949 4243 1106 4300 Isaac
1139 4257 1186 4299 et
1235 4245 1372 4299 Deus
1418 4244 1608 4309 Jacob,
1653 4254 1936 4313 parentem
1973 4255 2029 4300 et

2148 3313 2376 3368 δύνασθε
2396 3331 2408 3344 ⁸
2445 3315 2504 3368 οὐ
2537 3316 2644 3388 γὰρ
2677 3315 2899 3368 δυνατὸν
2931 3318 2990 3369 ἐν
3021 3317 3228 3380 τούτοις
3259 3316 3571 3387 ἀναγράψαι
3604 3314 3740 3367 πάν-

2145 3424 2233 3459 τα.
2285 3405 2420 3459 Ἀλλ’
2453 3408 2533 3470 εἰς
2565 3405 2842 3471 ἀπόδειξιν
2888 3407 3180 3476 γεγόνασιν
3224 3408 3332 3461 οἵδε
3364 3410 3412 3460 oi
3445 3407 3614 3476 λόγοι,
3648 3408 3736 3461 ὅτι

2144 3499 2273 3564 Υἱὸς
2319 3498 2455 3552 Θεοῦ
2517 3499 2613 3552 καὶ
2674 3499 2971 3564 ἀπόστολος
3015 3501 3222 3574 Ἰησοῦς
3254 3505 3282 3555 ὁ
3313 3501 3546 3572 Χριστός
3591 3503 3732 3566 ἐστι,

2140 3592 2405 3664 πρότερον
2437 3591 2610 3660 Λόγος
2640 3588 2736 3654 ὢν,
2771 3592 2864 3644 καὶ
2895 3594 2954 3645 ἐν
2988 3593 3102 3666 ἰδέᾳ
3148 3593 3318 3664 πυρὸς
3353 3592 3482 3646 ποτὲ
3517 3596 3729 3661 φανεὶς,

2141 3684 2274 3738 ποτὲ
2304 3684 2361 3737 δὲ
2375 3683 3162 3758 καὶἐνείκόνιάσωμάτων(79)
3184 3703 3197 3715 ·
3217 3685 3312 3739 νῦν
3341 3685 3418 3750 δὲ,
3451 3685 3540 3739 διὰ
3570 3683 3736 3758 θελή-

2147 3795 2315 3849 ματος
2346 3775 2482 3830 Θεοῦ
2516 3778 2656 3850 ὑπὲρ
2689 3779 2781 3832 τοῦ
2829 3779 3170 3852 ἀνθρωπείου
3218 3779 3410 3847 γένους
3442 3777 3733 3850 ἄνθρωπος

2143 3873 2459 3943 γενόμενος,
2495 3873 2757 3944 ὑπέμεινε
2789 3872 2885 3927 καὶ
2928 3872 3124 3926 παθεῖν
3170 3873 3270 3927 ὃσα
3303 3872 3461 3926 αὐτὸν
3494 3872 3734 3944 ἐνήργη-

2145 3983 2243 4020 σαν
2288 3969 2336 4020 οἱ
2379 3966 2633 4038 δαίμονες
2675 3967 2984 4041 διατεθῆναι
3029 3967 3134 4022 ὑπὸ
3177 3967 3284 4021 τῶν
3315 3969 3553 4039 ἀνοήτων
3597 3967 3734 4020 Ἰου-

2145 4056 2311 4110 δαίων
2331 4075 2343 4087 ·
2369 4058 2564 4122 οἵτινες
2595 4058 2809 4130 ἔχοντες
2844 4059 3022 4132 ῥητῶς
3055 4060 3343 4133 εἰρημένον
3376 4062 3432 4114 ὲν
3463 4062 3573 4122 τοῖς
3604 4059 3732 4112 Μω-

2135 4151 2272 4214 σέως
2298 4140 2637 4222 συντάγμασι
2658 4191 2674 4216 ,
2704 4154 2813 4206 Καὶ
2860 4153 3167 4220 ἐλάλησεν
3185 4153 3438 4221 ἅγγελος
3454 4151 3556 4204 τοῦ
3575 4149 3728 4202 Θεοῦ

2135 4243 2214 4310 τῷ
2229 4242 2437 4298 Μωσεῖ
2460 4243 2530 4298 ἐν
2555 4244 2781 4314 φλογὸς
2795 4245 2937 4314 πυρὶ
2963 4245 3031 4298 ἐκ
3051 4243 3162 4312 τῆς
3177 4243 3394 4309 βάτου,
3416 4241 3512 4295 καὶ
3533 4237 3726 4307 εἶπεν,

528 4423 574 4455 ³⁸
616 4439 781 4494 supra
819 4443 872 4480 n.
898 4426 989 4480 '57.
1063 4426 1107 4458 ⁸³
1147 4427 1252 4486 lsa.
1288 4443 1332 4491 ι,
1360 4426 1415 4482 3.
1491 4428 1538 4459 ‘°
1567 4425 1760 4481 Matth.
1805 4427 1996 4489 v.27.

2162 4427 2270 4482 vid.
2303 4445 2358 4481 n.
2388 4427 2480 4482 46.
2559 4427 2603 4458 δ’
2637 4426 2767 4483 Luc.
2799 4443 2853 4492 κ,
2890 4426 2974 4481 l6.
3052 4426 3098 4458 “
3136 4425 3308 4480 Exod.
3347 4433 3503 4484 ιιιϐ.

531 4581 644 4651 (77)
687 4581 896 4648 Οὐδεὶς
946 4559 1120 4654 emi.
1163 4583 1466 4638 Hmreticos
1502 4582 1755 4654 castigat
1801 4581 2039 4638 Irenaeus

2216 4581 2330 4652 (79)
2381 4582 2484 4636 Ἐν
2499 4579 3052 4654 εἰκόνιᾼάσωμάτων.
3085 4579 3396 4654 Legendum
3422 4579 3726 4654 ἀσωμάτῳ,

455 4651 552 4707 lib.
583 4667 658 4718 tv,
686 4669 806 4720 cap.
861 4656 916 4718 5,
951 4651 1096 4722 quod
1147 4655 1352 4708 Christi
1405 4653 1568 4708 verba
1623 4651 1703 4707 sic
1745 4653 2035 4723 legerent:

459 4723 630 4778 Nemo
656 4725 888 4792 cognovit
916 4739 1012 4792 pro
1051 4723 1219 4777 Nemo
1250 4726 1536 4792 cognoscit.
1575 4742 1594 4773 ι
1631 4723 1691 4776 lli
1723 4734 1929 4786 autem,
1956 4724 2039 4776 in-

457 4797 599 4863 quit,
628 4794 718 4864 qui
748 4796 1034 4862 peritiores
1059 4795 1320 4864 apostolis
1346 4793 1534 4864 volunt
1555 4809 1699 4857 esse,
1731 4795 1810 4848 sic
1843 4794 2041 4864 descri-

458 4862 593 4919 bunt
615 4883 628 4919 :
649 4862 826 4917 Nemo
853 4867 1087 4934 cognovit
1115 4863 1328 4934 Patrem
1362 4864 1463 4917 nisi
1482 4863 1679 4927 Filius,
1709 4862 1881 4934 necf
1885 4865 2042 4919 ilium

454 4937 559 4988 nisi
594 4935 753 4988 Pater
781 4943 828 4988 et
871 4933 955 4988 cui
1001 4937 1219 4990 voluerit
1247 4933 1426 4988 Filius
1477 4936 1729 4990 revelare.
1759 4953 1780 4986 ι
1808 4933 2040 4990 Fraudis

451 5008 823 5075 suspicionem
880 5022 1162 5060 removere
1222 5017 1410 5074 posset
1439 5008 1506 5058 ab
1542 5006 1814 5061 lnereticis
1839 5004 2037 5059 Justini

450 5077 786 5147 exetnplum,
841 5081 952 5144 qui,
996 5086 1052 5128 ut
1098 5077 1367 5140 videmus,
1399 5079 1588 5130 eodem
1617 5092 1846 5147 prorsus
1873 5077 2036 5147 modo

454 5144 743 5215 legit.’Sed
777 5149 890 5201 haec
927 5148 1216 5216 przesentis
1251 5148 1302 5199 in
1353 5144 1684 5216 pra-teritum
1721 5146 2032 5199 immutatio

453 5227 706 5285 suspecta
747 5233 852 5273 non
891 5219 1164 5271 immerito
1210 5218 1310 5271 fuit
1367 5221 1417 5270 in
1467 5218 1693 5285 pertidis
1727 5217 2024 5278 luereticis,

453 5289 570 5354 qui,
593 5299 650 5341 ut
686 5290 761 5342 ait
785 5289 982 5343 ibidem
1027 5289 1282 5352 Irenzens,
1319 5290 1390 5341 ita
1435 5289 1598 5342 hunc.
1629 5286 1811 5340 locum
1855 5287 2028 5340 inter-

453 5361 836 5424 pretabantur:
869 5362 1027 5427 quasi
1073 5377 1104 5412 ο
1152 5359 1300 5412 nullo
1333 5365 1572 5428 cognitus
1599 5358 1663 5410 sit
1697 5373 1850 5411 verus
1887 5355 2028 5410 Deus

450 5441 578 5482 ante
609 5429 822 5484 Domini
852 5433 1018 5484 nostri
1054 5432 1357 5483 adventum.

521 5498 636 5622 εδ)
683 5500 1093 5571 Ἀπαγγελλει.
1120 5500 1351 5554 Codices
1374 5516 1504 5556 mss.
1533 5500 1736 5554 habent
1763 5499 1828 5552 ad
1849 5513 2026 5569 marg.

587 5609 601 5622 .
629 5572 938 5622 Stephanus
971 5573 1034 5622 ad
1081 5573 1287 5622 calcem
1340 5570 1726 5622 παραγγέλλει.
1762 5569 2026 5622 Obsei-Vat

448 5577 506 5642 et
535 5569 938 5642 “(Stephanus
971 5573 1034 5624 ad
1081 5573 1287 5642 calcem
1340 5570 1726 5642 παραγγέλλει.
1760 5569 2031 5642 Obsei-Vat

444 5635 684 5711 Grabius
708 5635 1007 5703 Iustinum,
1031 5643 1156 5694 dum
1183 5635 1462 5696 Christum
1489 5635 1565 5695 ait
1587 5641 1771 5696 vocari
1817 5649 2036 5711 aposte-

450 5709 584 5774 lum,
632 5714 908 5782 respicere
959 5713 1026 5764 ad
1077 5711 1371 5780 Epistolam
1427 5716 1494 5767 ad
1545 5709 2024 5782 l-lebraaoquuam

445 5782 678 5850 proinde
707 5787 761 5838 iu
794 5784 1094 5852 Scripturis
1122 5784 1399 5838 canonicis
1429 5783 1774 5839 numerabat.

2144 4663 2206 4708 ut
2229 4651 2401 4722 paulo
2433 4662 2554 4722 post
2585 4651 2794 4714 εἰκόνος
2825 4651 3139 4720 ἀσωμάτου.
3177 4653 3444 4720 Imagines
3468 4652 3726 4722 incorpo-

2147 4720 2271 4780 reas
2296 4720 2512 4778 videtur
2545 4723 2854 4791 intelligere
2886 4738 3004 4786 eas,
3036 4737 3156 4790 quae
3183 4724 3401 4791 oculos
3421 4735 3528 4774 non
3557 4720 3728 4774 ferie-

2148 4795 2302 4860 bant,
2335 4794 2428 4848 sed
2463 4795 2630 4848 menti
2685 4789 2946 4846 divinitus
2993 4789 3281 4846 illustrata:
3324 4789 3723 4845 offerebantur.

2149 4882 2170 4916 ι
2212 4865 2472 4928 Verbum,
2510 4864 2686 4934 inquit
2741 4862 2978 4918 lrenzeus
3029 4863 3123 4917 lib.
3165 4877 3252 4934 ιν,
3285 4877 3406 4930 cap.
3451 4861 3724 4934 20,4n.»u,

2148 4936 2336 4988 nonin
2369 4951 2472 4988 una
2514 4932 2706 5003 ligura,
2742 4948 2842 4988 nec
2876 4934 2928 4986 in
2979 4949 3086 4988 uno
3127 4933 3456 4988 charactere
3499 4932 3726 4985 videba-

2148 5014 2236 5058 tur
2264 5006 2578 5059 videntibus
2618 5020 2764 5066 eum,
2798 5004 2890 5057 sed
2919 5005 3216 5058 secundutn
3249 5003 3723 5070 dispensatiouum

2142 5075 2261 5144 ejus
2309 5091 2526 5138 causas,
2583 5076 2700 5129 sive
2733 5072 3058 5139 elﬁcaciam,
3101 5075 3243 5128 sicut
3270 5075 3322 5126 in
3352 5073 3568 5126 Daniele
3590 5073 3729 5125 scri-

2141 5158 2288 5213 ptum
2330 5155 2438 5199 est.
2479 5146 2786 5213 Aliquando
2816 5145 2962 5198 enim
2989 5160 3113 5200 cum
3143 5144 3229 5198 his
3259 5145 3348 5213 qui
3378 5153 3540 5196 erant
3571 5144 3723 5196 circa

2133 5217 2427 5278 Ananiatn,
2478 5217 2756 5282 Azariam,
2788 5215 3088 5280 Misaelem,
3132 5214 3419 5269 videbatur
3452 5215 3722 5268 assistens

2134 5291 2214 5340 eis
2237 5287 2288 5339 in
2337 5287 2561 5356 fornace
2611 5289 2770 5356 ignis,
2801 5297 2857 5356 et
2888 5287 2942 5339 in
2983 5286 3222 5347 camino,
3270 5295 3326 5338 et
3354 5283 3592 5356 liberans
3608 5297 3723 5356 eos

2135 5359 2200 5410 de
2224 5358 2380 5427 igne:
2409 5355 2474 5408 Et
2524 5352 2679 5422 visio,
2710 5355 2906 5425 inquit,
2951 5357 3129 5426 quarti
3173 5356 3361 5409 similis
3400 5352 3543 5427 Filio
3595 5352 3717 5427 Dei.

2133 5425 2435 5496 Aliquando
2464 5439 2638 5480 autem
2669 5429 2806 5495 lapis
2837 5446 2866 5479 a
2895 5425 3069 5481 monte
3095 5428 3356 5480 abscissus
3399 5425 3514 5478 sine
3539 5426 3720 5478 mani-

2135 5501 2250 5558 b'ss,
2281 5508 2336 5552 et
2363 5500 2681 5566 percutiens
2712 5499 3029 5566 temporalia
3057 5512 3241 5567 regna.
3271 5507 3326 5551 et
3348 5496 3620 5567 ventilatis
3648 5508 3716 5548 ea

2134 5579 2189 5621 et
2228 5570 2341 5638 ipse
2363 5564 2580 5638 replens
2602 5564 2910 5623 universam
2941 5564 3167 5622 terram.
3194 5565 3430 5620 Rursum
3459 5565 3548 5620 hic
3569 5564 3715 5638 idem

2135 5635 2355 5718 videtur
2387 5635 2542 5706 quasi
2581 5638 2752 5696 Filius
2796 5639 3035 5698 hominis
3079 5639 3135 5694 in
3177 5639 3423 5695 nubibus
3478 5635 3602 5692 cali
3630 5648 3718 5692 vo-

2133 5724 2314 5774 mens,
2353 5727 2372 5761 »
2407 5720 2515 5764 etc.
