4006 6254
475 382 582 442 ητ

1436 384 1492 441 S.
1528 384 1791 443 JUSTINI
1826 387 2232 445 PHILOSOPHI
2270 387 2356 444 ET
2390 388 2745 445 MARTYRIS

3628 391 3734 450 ιεε

464 505 735 564 Similiter
774 476 831 561 et
869 505 1135 576 reliquos,
1168 504 1263 576 qui
1288 502 1566 573 dicuntur,
1587 506 1738 564 Jovis
1762 508 1905 564 filios
1929 511 2004 579 ips

2109 506 2480 579 [λεγομένους
2524 509 2670 572 υἱοὺς
2708 505 2798 560 τοῦ
2850 506 2972 571 Διὸς
3016 508 3072 561 αἱ
3118 507 3345 579 πράξεις
3391 512 3729 584 ἐλέγχουσιν.

463 600 713 655 actiones
737 597 1093 668 redarguunt.

535 690 627 747 65.
651 689 762 746 Nos
792 697 972 744 autem
999 697 1285 758 postquam
1319 701 1468 754 eum,
1514 690 1603 759 qui
1632 690 1793 745 ﬁdem
1816 706 1967 747 suam
1988 701 2045 748 et

462 798 753 839 assensum
795 782 1058 837 doctrinae
1098 788 1299 835 nostra:
1340 788 1568 837 testatus
1592 790 1696 848 est,
1740 784 1820 839 sic
1859 783 2039 839 ablui-

460 890 606 941 mus,
633 874 701 928 ad
726 888 843 937 eos,
875 873 968 943 qui
992 871 1248 928 dicuntur
1285 870 1508 939 fratres,
1552 874 1897 943 deducimus,
1940 877 2034 931 ubi

460 966 541 1022 illi
567 966 879 1038 congregati
902 974 1049 1031 sunt,
1078 978 1393 1020 communes
1412 980 1603 1036 preces
1645 975 1701 1022 et
1726 982 1823 1037 pro
1850 969 2039 1025 nobis-

456 1059 730 1129 metipsis,
752 1068 807 1113 et
853 1072 955 1128 pro
985 1071 1051 1113 eo
1076 1055 1170 1123 qui
1192 1055 1533 1111 illuminatus
1556 1064 1659 1123 est,
1692 1066 1747 1111 et
1772 1072 1871 1128 pro
1906 1059 2031 1114 aliis

456 1150 663 1219 ubique
706 1150 962 1205 omnibus
1004 1148 1215 1203 intento
1241 1147 1425 1201 animo
1448 1144 1671 1212 facturi,
1701 1155 1761 1202 ut
1784 1148 2032 1205 veritatis

455 1242 828 1313 cognitionem
855 1240 1061 1310 adepti,
1104 1238 1208 1294 hac
1233 1238 1400 1293 etiam
1433 1238 1610 1308 gratia
1634 1238 1941 1310 dignemur,
1971 1251 2030 1296 ut

453 1344 661 1390 rectam
685 1333 942 1404 operibus
968 1331 1135 1386 vitam
1178 1338 1403 1401 agentes
1425 1338 1480 1384 et
1502 1341 1900 1401 praeceptorum
1926 1349 2026 1388 cu-

452 1428 638 1483 stodes
670 1425 1036 1491 inveniamur,
1083 1438 1195 1495 quo
1217 1422 1449 1478 salutem
1476 1432 1741 1478 aeternam
1764 1440 2027 1495 assequa-

450 1534 598 1574 mur.
622 1516 859 1571 lnvicem
894 1514 1084 1570 osculo
1128 1514 1453 1578 salutamus,
1496 1513 1587 1569 ubi
1612 1514 1874 1570 desiimus
1898 1531 2023 1585 pre-

451 1609 589 1665 cari.
632 1607 836 1662 Deinde
858 1607 930 1671 ei,
953 1606 1045 1677 qui
1071 1604 1334 1661 fratribus
1351 1616 1571 1676 praeest,
1596 1606 1755 1675 panis
1773 1606 2020 1677 ati'ertur,

449 1707 504 1753 et
548 1696 798 1768 poculum
823 1710 977 1766 aqua;
1018 1705 1073 1752 et
1115 1695 1261 1750 vini:
1297 1695 1493 1765 quibus
1522 1696 1614 1753 ille
1642 1698 1882 1768 acceptis
1904 1698 2022 1753 lau-

447 1790 571 1844 dem
626 1797 682 1844 et
717 1787 951 1859 gloriam
998 1788 1381 1843 universorum
1424 1787 1640 1843 Parenti
1674 1804 2016 1859 per_nomcn

444 1880 573 1938 Filii
603 1891 657 1938 et
681 1882 917 1951 Spiritus
937 1880 1115 1938 sancti
1136 1881 1355 1947 emittit,
1385 1890 1442 1938 et
1462 1883 1875 1948 eucharistiam,
1908 1884 2021 1940 sive
2051 1868 2093 1924 Β

444 1974 744 2046 gratiarum
790 1974 1086 2040 actionem,
1127 1987 1228 2044 pro
1265 1974 1351 2029 his
1378 1973 1563 2029 abillo
1591 1974 1834 2044 acceptis
1865 1976 2051 2033 donis.

443 2063 657 2134 prolixe
712 2063 1050 2133 exsequitur.
1104 2062 1401 2135 Postquam
1454 2077 1644 2133 preces
1677 2072 1734 2119 et
1768 2065 2020 2120 euchari-

442 2154 609 2211 stiam
664 2153 932 2219 absolvit;
974 2152 1205 2224 populus
1250 2152 1430 2209 omnis
1491 2154 1782 2219 acclamat,
1829 2156 2015 2209 Amen.

440 2245 616 2300 Amen
641 2253 822 2308 autem
850 2243 1077 2299 Hebraea
1104 2244 1289 2316 lingua
1320 2244 1461 2301 idem
1483 2246 1631 2301 valet
1654 2260 1721 2300 ac
1744 2244 1890 2301 Fiat.
1907 2247 2017 2318 83

438 2336 738 2408 Postquam
783 2352 914 2393 vero
938 2335 1008 2403 is,
1039 2338 1131 2408 qui
1176 2346 1392 2408 praeest,
1437 2351 1631 2408 preces
1670 2339 1926 2404 absolvit,
1963 2350 2019 2397 et

437 2430 673 2501 populus
709 2429 889 2485 omnis
927 2428 1277 2497 acclamavit,
1318 2430 1413 2501 qui
1461 2430 1604 2500 apud
1636 2446 1737 2486 nos
1764 2432 2018 2487 dicuntur

438 2522 652 2578 diaconi
681 2535 875 2591 panem
895 2529 951 2574 et
975 2520 1159 2574 vinum
1184 2528 1241 2576 et
1270 2535 1493 2590 aquam,
1520 2521 1576 2575 in
1605 2522 1805 2592 quibus
1827 2522 2015 2594 gratiae

435 2622 573 2669 actae
598 2622 749 2679 sunt,
778 2613 1073 2682 unicuique
1100 2614 1451 2683 praesentium
1496 2616 1876 2687 participanda
1897 2618 2013 2675 dis-

434 2707 710 2772 tributtnt,
735 2714 791 2761 et
815 2705 881 2760 ad
906 2704 1157 2760 absentes
1184 2706 1494 2776 perierunt.

502 2796 595 2853 66.
620 2798 798 2869 Atque
824 2797 928 2853 hoc
956 2795 1277 2852 alimentum
1325 2799 1469 2869 apud
1497 2815 1596 2856 nos
1629 2810 1855 2857 vocatur
1912 2815 2012 2856 eu-

432 2890 722 2956 charistia,
755 2890 911 2960 cujus
929 2890 1132 2945 nemini
1160 2890 1250 2944 alii
1275 2890 1399 2947 licet
1431 2907 1553 2948 esse
1578 2894 1873 2965 participi,
1907 2895 2009 2950 nisi

430 2982 523 3051 qui
552 2982 738 3036 credat
768 2995 895 3036 vera
923 2996 1047 3037 esse
1092 2996 1214 3053 qua:
1252 2983 1532 3051 docemus,
1589 2995 1755 3055 atque
1803 2986 1894 3040 illo
1942 2985 2009 3040 ad

429 3074 810 3130 remissionem
839 3085 1187 3146 peccatorum
1216 3084 1271 3131 et
1295 3078 1759 3146 regenerationem
1793 3077 2009 3133 lavacro

2214 688 2301 743 65.
2350 689 2539 759 Ἡμεῖς
2570 685 2645 753 δὲ,
2684 687 2819 757 μετά
2850 687 2909 740 τὸ
2957 687 3131 754 οὕτως
3177 688 3364 744 λοῦσαι
3407 690 3499 745 τὸν
3532 710 3730 746 πεπει-

2141 778 2337 850 σμένον
2368 778 2464 833 καὶ
2495 775 3077 848 συγκατατεθειμένον,
3112 780 3207 833 ἐπὶ
3236 781 3361 844 τοὺς
3391 782 3721 853 λεγομένους

2137 870 2404 941 ἀδελφοὺς
2460 870 2690 943 ἄγομεν,
2724 869 2852 924 ἔνθα
2896 870 3222 943 συνηγμένοι
3251 872 3378 937 εἰσὶ,
3412 875 3599 940 κοινὰς
3631 875 3723 928 εὐ-

2134 961 2236 1031 χάς
2269 963 2617 1034 ποιησόμενοι
2649 962 2789 1035 ὐπέρ
2820 979 2880 1016 τε
2912 962 3119 1017 ἑαυτῶν
3161 964 3256 1019 καὶ
3299 964 3390 1019 τοῦ
3424 964 3724 1036 φωτισθέν-

2131 1070 2242 1117 τος,
2276 1054 2370 1107 καὶ
2390 1054 2564 1109 ἄλλων
2595 1052 2869 1125 πανταχοῦ
2902 1054 3119 1109 πάντων
3140 1055 3393 1121 εὐτόνως,
3410 1058 3560 1121 ὅπως
3581 1074 3720 1111 κατ-

2129 1144 2468 1217 αξιωθῶμεν,
2522 1146 2591 1201 τὰ
2621 1145 2798 1218 ἀληθῆ
2834 1144 3115 1217 μαθόντες,
3152 1148 3247 1202 καὶ
3276 1149 3345 1202 δι’
3376 1149 3554 1222 ἔργων
3584 1151 3731 1220 ἀγα--

2130 1237 2213 1293 θοι
2245 1240 2577 1305 πολιτευταὶ,
2610 1239 2708 1294 καὶ
2740 1238 2980 1309 φύλακες
3023 1239 3130 1296 τῶν
3174 1242 3575 1313 ἐντεταλμένων
3619 1245 3722 1297 εὐ-

2132 1329 2373 1401 ρεθῆναι,
2407 1332 2557 1394 ὅπως
2588 1330 2686 1402 τὴν
2717 1329 2937 1385 αἰώνιον
2969 1332 3243 1404 σωτηρίαν
3275 1332 3557 1405 σωθῶμεν.
3601 1335 3721 1389 ’Λλ-

2125 1422 2323 1493 λήλους
2374 1422 2639 1494 φιλήματι
2672 1422 2785 1491 (82)
2817 1421 3177 1495 ἀσπαζόμεθα
3235 1424 3571 1496 παυσάμενοι
3600 1426 3721 1483 τῶν

2123 1514 2297 1585 εὐχῶν
2316 1532 2328 1545 ·
2364 1515 2557 1569 ἔπειτα
2588 1513 2957 1587 προσφέρεται
2986 1515 3065 1587 τῷ
3096 1516 3393 1589 προεστῶτι
3423 1516 3532 1571 τῶν
3562 1518 3719 1573 ἀδελ-

2124 1606 2239 1675 φῶν
2298 1607 2481 1677 ἄρτος,
2516 1608 2612 1662 καὶ
2665 1610 2924 1681 ποτήριον
2983 1610 3175 1673 ὓδατος
3234 1610 3330 1664 καὶ
3389 1611 3709 1682 κράματοςο

2121 1697 2216 1751 καὶ
2278 1690 2454 1762 οῦτος,
2522 1698 2727 1764 λαϐὼν,
2790 1695 2939 1755 αἶνον
2969 1700 3064 1753 καὶ
3092 1699 3251 1765 δόξαν
3284 1698 3359 1770 τῷ
3390 1700 3566 1772 Πατρὶ
3597 1702 3711 1756 τῶν

2120 1788 2258 1842 ὅλων
2304 1789 2392 1844 διά
2436 1790 2529 1843 τοῦ
2563 1791 2825 1862 ὀνόματος
2857 1791 2947 1845 τοῦ
2981 1791 3109 1844 Υἱοῦ
3142 1791 3237 1845 καὶ
3266 1790 3357 1844 τοῦ
3389 1792 3709 1863 Πνεύματος

2121 1879 2212 1933 τοῦ
2256 1882 2412 1950 ἁγίου
2458 1883 2809 1955 ἀναπέμπει’
2874 1883 2969 1939 καὶ
3028 1883 3377 1956 εὐχαριστίαν
3411 1884 3524 1955 (8'5)
3558 1883 3709 1957 ὑπὲρ

2123 1968 2214 2022 τοῦ
2261 1971 2632 2043 κατηξιῶσθαι
2676 1972 2881 2027 τούτων
2913 1973 3025 2045 (84)
3070 1975 3202 2045 παρ’
3233 1972 3395 2027 αὐτοῦ
3439 1973 3533 2027 ἐπὶ
3562 1973 3707 2028 πολὺ

2123 2065 2386 2117 ποιεῖται·
2420 2057 2481 2117 οῦ
2515 2064 2931 2128 συντελέσαντος
2991 2064 3090 2127 τὰς
3150 2064 3317 2135 εὐχὰς
3358 2064 3454 2118 καὶ
3482 2064 3581 2136 τὴν
3610 2064 3712 2118 εὐ·-

2120 2157 2431 2230 χαριστίαν,
2497 2157 2606 2220 πᾶς
2635 2158 2664 2210 ὁ
2696 2156 2887 2228 παρὼν
2946 2156 3072 2221 λαὸς
3134 2156 3447 2227 ἐπευφημεῖ
3503 2156 3709 2225 λέγων,

2135 2249 2327 2320 Ἀμήν.
2361 2248 2435 2301 Τὸ
2477 2246 2535 2300 δὲ
2576 2246 2741 2314 ἀμὴν
2769 2250 2835 2319 τῇ
2880 2246 3118 2318 Ἐϐραΐδι
3171 2250 3319 2318 φωνῇ
3367 2247 3427 2301 τὸ
3470 2248 3711 2318 γένοιτο

2119 2340 2397 2413 σημαίνει.
2444 2338 2957 2409 Εὐχαριστήσαντος
2987 2338 3043 2391 δὲ
3073 2336 3164 2391 τοῦ
3211 2336 3569 2411 προεστῶτος,
3602 2335 3708 2391 καὶ

2117 2433 2602 2504 ὲπευφημήσαντος
2663 2431 2865 2494 παντὸς
2923 2429 3014 2483 τοῦ
3076 2430 3204 2485 λαοῦ
3225 2470 3241 2495 ,
3283 2430 3333 2483 οἱ
3376 2429 3710 2500 καλούμενοι

2118 2524 2246 2597 παρ’
2279 2525 2410 2595 ἡμῖν
2439 2521 2675 2576 διάκονοι
2734 2520 2968 2575 διδόασιν
3029 2521 3245 2591 ἑκάστῳ
3276 2520 3381 2575 τῶν
3413 2520 3705 2592 παρόντων

2119 2614 2443 2688 μεταλαϐεῖν
2474 2614 2582 2668 ἀπὸ
2606 2612 2697 2667 τοῦ
2723 2610 3211 2686 εὐχαριστηθέντος
3232 2610 3398 2683 ἄρτου
3426 2611 3521 2666 καὶ
3549 2610 3703 2668 οἴνου

2114 2708 2210 2762 καὶ
2242 2706 2453 2770 ὓδατος,
2489 2704 2589 2759 καὶ
2619 2705 2733 2768 τοῖς
2763 2704 2824 2758 οὐ
2858 2702 3125 2776 παροῦσιν
3154 2703 3514 2776 ἀποφέρουσι.

2185 2804 2274 2859 66.
2316 2804 2427 2857 Καὶ
2459 2803 2494 2873 ή
2527 2801 2704 2873 τροφὴ
2748 2798 2887 2869 αῦτη
2921 2798 3163 2853 καλεῖται
3203 2798 3331 2870 παρ’
3366 2800 3496 2870 ἡμῖν
3526 2796 3698 2868 εὐχα-

2115 2896 2326 2968 ριστία’
2370 2890 2439 2969 ἧς
2480 2893 2658 2948 οὐδενὶ
2691 2892 2833 2964 ἄλλῳ
2868 2893 3156 2964 μετασχεῖν
3198 2890 3318 2956 ἐξόν
3355 2890 3500 2943 ἐστιν
3536 2888 3570 2960 ἢ
3611 2889 3699 2961 τῷ

2114 2987 2419 3043 πιστεύοντι
2472 2986 2647 3057 ἀληθῆ
2695 2981 2835 3040 εἶναι
2877 2986 2947 3039 τὰ
2986 2983 3343 3054 δεδιδαγμένα
3376 2983 3465 3052 ὑφ’
3510 2982 3696 3053 ἡμῶν,

2111 3081 2207 3135 καὶ
2244 3079 2562 3151 λουσαμένῳ
2598 3078 2658 3132 τὸ
2695 3078 2836 3151 ὑπὲρ
2873 3077 3119 3147 ἀφέσεως
3157 3075 3437 3148 ἁμαρτιῶν
3479 3074 3570 3128 καὶ
3609 3076 3697 3138 εἰς

427 3168 647 3223 ablutus
684 3166 875 3233 fuerit,
906 3175 963 3223 et
991 3167 1066 3222 ita
1098 3167 1246 3223 vivat
1273 3179 1332 3223 ut
1354 3169 1603 3225 Christus
1630 3171 1869 3225 tradidit.
1898 3170 2004 3225 Ne—

2116 3173 2477 3244 ἀναγέννησιν
2504 3170 2749 3243 λουτρὸν,
2772 3167 2867 3223 καὶ
2887 3168 3058 3232 οὕτως
3080 3166 3279 3240 βιοῦντι
3302 3168 3378 3231 ὠς
3406 3167 3434 3219 ὁ
3458 3164 3697 3238 Χριστὸς

426 3275 537 3330 que
568 3260 715 3314 enim
740 3267 798 3313 ut
825 3273 1173 3315 communem
1218 3274 1433 3331 panem.
1462 3275 1639 3330 neque
1666 3272 1722 3316 ut
1766 3276 2006 3316 commu-

425 3366 551 3406 nem
576 3360 765 3423 potum
801 3352 902 3407 ista
935 3352 1233 3418 sumimus;
1261 3353 1356 3407 sed
1411 3352 1866 3422 quemadmodum
1907 3368 2003 3422 per

431 3441 665 3497 Verbum
692 3444 788 3499 Dei
814 3457 944 3498 caro
967 3442 1144 3500 factus
1167 3443 1324 3501 Jesus
1347 3444 1600 3500 Christus
1630 3444 1882 3500 Salvator
1905 3460 2002 3499 no-

424 3545 542 3592 ster
571 3546 627 3591 et
649 3551 873 3592 carnem
912 3547 968 3593 et
1001 3538 1322 3606 sanguinem
1354 3538 1547 3593 habuit
1576 3548 1777 3593 nostra:
1808 3538 2001 3594 salutis

422 3647 628 3698 causa;
662 3632 742 3688 sic
765 3633 933 3687 etiam
963 3630 1133 3696 illam,
1176 3632 1229 3685 in
1258 3646 1366 3701 qua
1404 3645 1499 3702 per
1557 3644 1775 3701 precem
1830 3631 1999 3700 ipsius

420 3727 589 3782 verba
627 3728 996 3782 continentem
1049 3724 1237 3797 gratiae
1288 3733 1425 3779 actae
1468 3732 1618 3790 sunt,
1652 3723 1989 3787 alimoniam,

492 3883 606 3953 (82)
644 3881 954 3952 Φιλήματι.
991 3880 1251 3948 Quamvis
1302 3878 1361 3953 S_.
1391 3877 1640 3933 Justinus
1672 3878 1815 3953 hanc
1848 3876 1993 3953 Apo-

414 3947 616 4021 legium
668 3947 853 4007 [toruae
931 3947 1251 4021 scripserit,
1304 3950 1443 4021 ritus
1500 3957 1678 4003 tamen
1734 3947 1993 4021 Ecclesiae

419 4016 710 4079 Orientalis
752 4024 803 4077 in
846 4016 1134 4077 scribendo
1181 4020 1446 4088 sequitur,
1495 4028 1550 4071 et
1595 4019 1769 4088 sancti
1818 4016 1990 4071 osculi

421 4102 659 4161 tempus,
718 4108 823 4147 non
857 4099 914 4145 ut
947 4092 1001 4145 in
1041 4090 1231 4144 Latina
1260 4087 1534 4161 Ecclesia
1578 4087 1823 4157 proxime
1864 4097 1989 4161 ante

418 4155 879 4225 conﬁnuhionem,
914 4163 1030 4226 sed,
1067 4172 1123 4213 ιιι
1157 4170 1240 4215 est
1263 4161 1315 4213 in
1353 4155 1639 4212 Consh'tdt.
1692 4165 1862 4225 apost.
1893 4155 1986 4226 lib.

416 4247 515 4286 vttt
559 4243 613 4285 et
642 4234 780 4302 apud
824 4225 1022 4302 Cyrill.
1076 4229 1194 4283 Cat.
1240 4239 1396 4302 myst.
1424 4227 1853 4302 _5,hconstitui_t.
1900 4225 1989 4302 _Ob

416 4295 932 4356 eamdem-causam
984 4303 1250 4363 diaconis,
1293 4295 1382 4366 Qui
1424 4299 1475 4350 in
1517 4296 1757 4350 Ecclesia
1794 4295 1987 4347 Latina

415 4371 639 4424 calicem
689 4381 899 4426 tantum
956 4371 1387 4435 distribuebant,
1446 4369 1734 4434 utriusque
1785 4366 1987 4435 speciei

415 4441 803 4495 distribuendaa
839 4456 1035 4494 munus
1075 4440 1382 4494 committit.

2113 3265 2451 3337 παρέδωκεν.
2502 3263 2579 3317 Οὐ
2626 3264 2734 3335 γὰρ
2778 3262 2855 3325 ῶς
2901 3260 3080 3315 κοινὸν
3130 3260 3292 3333 ἄρτον
3334 3259 3454 3313 οὐδὲ
3511 3256 3699 3313 κοινὸν

2110 3360 2260 3428 πόμα
2288 3356 2459 3410 ταῦτα
2490 3354 2867 3426 λαμϐάνομεν·
2915 3352 3030 3408 ἀλλ’
3065 3352 3125 3407 ὃν
3164 3353 3363 3424 τρόπον
3398 3351 3487 3404 διά
3526 3351 3695 3420 λόγου

2107 3448 2249 3503 Θεοῦ
2287 3448 2399 3519 (85)
2436 3447 2857 3519 σαρκοποιηθεὶς
2900 3444 3106 3517 Ἰησοῦς
3147 3443 3381 3518 Χριστὸς
3424 3446 3451 3497 ό
3495 3443 3693 3517 Σωτὴρ

2107 3539 2296 3610 ἡμῶν,
2348 3538 2440 3591 καὶ
2493 3536 2673 3608 σάρκα
2717 3535 2810 3589 καὶ
2862 3529 2999 3607 αἷμα
3044 3534 3182 3606 ὑπὲρ
3216 3532 3488 3604 σωτηρίας
3527 3531 3689 3603 ἡμῶν

2106 3630 2291 3700 ἔσχεν,
2325 3630 2497 3692 οὓτως
2543 3628 2636 3682 καὶ
2662 3627 2759 3697 τὴν
2798 3627 2863 3680 δι’
2904 3627 3067 3697 εὐχῆς
3109 3624 3267 3694 λόγου
3297 3624 3391 3678 τοῦ
3427 3624 3557 3691 παρ’
3580 3618 3687 3672 αὐ-

2098 3720 2195 3774 τοῦ
2237 3720 2349 3793 (86)
2400 3719 2882 3791 εὐχαριστηθεῖσαν
2920 3716 3160 3789 τροφὴν,
3203 3715 3263 3783 ἐξ
3302 3710 3370 3785 ἦς
3414 3706 3552 3782 αἷμα
3586 3710 3687 3763 καὶ

2095 3874 2193 3929 lib.
2231 3890 2329 3928 vm
2362 3882 2551 3927 contra
2578 3870 2741 3933 Cels"
2764 3869 2974 3940 p.899:
3001 3870 3140 3934 Τοὺς
3178 3865 3294 3939 μετ’
3328 3865 3685 3940 εὐχαριστξας

2095 3884 2193 3929 lib.
2231 3890 2329 3928 vm
2362 3884 2551 3927 contra
2578 3884 2741 3933 υειε..
2764 3884 2974 3940 μωνε
3001 3884 3140 3934 ἰὀυς
3178 3885 3279 3939 μετ
3328 3884 3387 3919 ευ
3428 3884 3613 3935 αριστιι

2094 3946 2189 3999 καὶ
2222 3944 2398 4021 εὐχῆς.
2424 3943 2525 4012 τῆς
2559 3943 2652 3996 ἐπὶ
2676 3943 2795 4021 τοῖς
2841 3939 3047 4021 δὀθεῖσι
3090 3884 3613 4021 προσαγομᾷουςυᾶ

2094 3962 2189 3999 και
2222 3962 2389 4066 ευχῖὶξ
2559 3962 2652 3996 επι
2676 3962 2795 4024 ἔοις
2841 3962 3044 3994 οουεισι
3090 3962 3560 4037 προσαγομενυυςο.
3578 3962 3684 4075 ag-

2093 4032 2218 4087 τους
2282 4020 2344 4068 ὲσ
2384 4014 2574 4087 ίομεν,
2634 4028 2795 4087 σῶμα
2851 4010 3176 4087 γενομένους
3235 4008 3325 4087 διὰ
3369 4005 3606 4087 tri)qu
3650 4023 3684 4058 ν

2093 4073 2248 4154 ᾶγιόν
2281 4104 2364 4151 τι,
2411 4073 2507 4137 θεαὶ
2552 4073 2776 4154 ἀγιάζον
2818 4073 2943 4146 τοὺς
2985 4073 3110 4151 ’μετ’
3146 4076 3329 4154 ὑγιοῦς
3364 4073 3681 4154 προθέσεως

2091 4145 2240 4225 αὐτῷ
2272 4145 2612 4227 χρωμένου-ςξ
2640 4170 2673 4227 Δι
2696 4145 2709 4147 “
2729 4152 2905 4227 Panes
2925 4145 3061 4227 eum
3097 4145 3419 4227 gratiarum
3454 4145 3681 4227 actione

2091 4235 2146 4277 et
2176 4216 2492 4294 precatione
2515 4216 2584 4277 ob
2621 4224 2745 4277 data
2776 4223 2891 4276 haec
2915 4223 3055 4276 dona
3079 4216 3293 4294 oblatos
3313 4216 3675 4294 comedimus,

2095 4287 2295 4364 corpus
2344 4294 2617 4364 quoddam
2660 4294 2734 4364 ob
2773 4307 2990 4356 precem
3041 4287 3267 4343 effectos
3311 4300 3577 4344 sanctum,
3611 4290 3676 4335 et

2096 4362 2448 4420 Sanctiﬁcans
2503 4378 2597 4417 eos
2646 4362 2741 4431 qui
2771 4378 2838 4417 eo
2880 4370 3107 4415 utuntur
3139 4373 3264 4414 cum
3302 4370 3435 4412 sano
3461 4364 3671 4421 propo-

2095 4434 2223 4487 sito.
2261 4453 2279 4485 ι

1557 4504 1834 4582 ποιεῖται.
1875 4503 1990 4582 __Sic
2019 4520 2066 4576 D
2101 4571 2115 4582 _
2165 4504 2283 4582 (8_5)_
2308 4506 2415 4582 Ὃν
2446 4499 2794 4582 τρόποτςιδιςι
2838 4496 3254 4582 ,λᾴγθοιξηθςειὶιῖῑἶ
3276 4496 3355 4582 iDe
3404 4501 3515 4582 ιποιο
3540 4488 3676 4582 "hac

409 4559 1228 4650 ερὺίιἼιῶἷιῖἑῆῒιῗιὶὺῖ“ιζ’ὲέέιρζ⁷
1250 4559 1336 4645 1-5,
1363 4559 1505 4650 n.2,
1536 4579 1603 4630 de
1648 4576 1832 4628 Marco
1863 4574 1984 4650 _Va-
2019 4559 2064 4576 υ
2089 4559 2584 4650 ξιιὲιίηίόοιξιιῖηε,
2613 4572 2732 4626 vide
2756 4559 2979 4650 i’rasfa't.
3005 4569 3372 4650 lilud_aute'tn,
3404 4559 3674 4650 Per-lter:-

410 4644 703 4704 léntiniano
730 4668 742 4703 :
791 4652 1033 4722 ΙΙοτήρια
1061 4644 1189 4722 οἴνῳ
1220 4644 1557 4722 πεπραμέναΔ
1581 4644 1982 4722 προσποιοῦμε-

406 4738 497 4793 νος
529 4722 891 4793 εὐχαριστεῖν,
921 4714 1053 4793 ’παὶ-λ
1076 4714 1184 4793 ὲπῖ-
1202 4714 1366 4793 πλέον
1400 4714 1791 4793 ’ἐκτείνωνητὸν
1822 4714 1982 4783 λόγον

406 4781 507 4861 τῆς
556 4781 909 4862 ὲᾶξωὶλήσεως.
950 4807 971 4842 ι
1026 4788 1401 4862 Poculuivino
1453 4787 1611 4862 mista
1661 4781 1982 4862 ting_ens;se

408 4856 756 4925 consecrare,
799 4871 962 4928 atque
1022 4860 1383 4913 invocationis
1438 4856 1981 4928 verba_itt__longius

407 4934 765 4999 protendens.
800 4950 818 4982 ι
852 4924 909 4983 lii
955 4933 1199 4999 eamdem
1246 4924 1669 4999 sententiam_S.
1706 4924 1981 4999 Firmtiia-

405 4996 530 5063 itus,
567 5017 654 5069 ep.
691 5001 777 5065 75,
807 5003 946 5054 inter
978 4998 1358 5069 Cyprianicas,
1381 5000 1446 5051 de
1485 4996 1714 5049 muliere
1743 4997 1977 5062 quadam

405 5070 667 5139 loquitur,
698 5088 816 5137 illul:
842 5089 860 5121 ι
906 5070 1071 5123 etiam
1111 5071 1211 5123 hoc
1245 5069 1561 5135 frequenter
1600 5080 1729 5139 ausa
1776 5075 1881 5127 est,
1922 5073 1979 5116 ut

406 5136 871 5194 et'invocatione
916 5154 1023 5193 non
1062 5139 1482 5206 contemptibili,
1518 5136 1865 5189 sanctiﬁcare
1890 5147 1980 5206 _se

404 5222 601 5275 panem
634 5221 689 5264 et
726 5211 1114 5264 eucharistiam
1157 5204 1339 5261 facere
1371 5206 1651 5275 simularet
1683 5216 1739 5257 et
1760 5204 1978 5275 sacriti-

402 5273 546 5331 cium
605 5280 833 5335 Domino
857 5280 1009 5349 (non)
1042 5281 1159 5332 sine
1185 5286 1529 5349 sacramento
1552 5274 1725 5329 solita:
1776 5273 1975 5349 praedi-

402 5350 634 5403 cationis
689 5345 929 5404 oﬂ'erret.
964 5345 1291 5403 o'lnvocatio
1337 5348 1424 5399 illa
1480 5360 1582 5398 non
1645 5345 1976 5409 c0ntempti-

403 5416 531 5498 bilis
561 5420 702 5474 idem
752 5414 967 5474 videtur
1008 5434 1129 5473 esse
1174 5435 1237 5472 ac
1281 5417 1507 5486 prolixm
1551 5427 1738 5484 preces
1773 5415 1973 5467 eucha-

402 5498 591 5542 τιειιαε.

476 5559 589 5627 (δι)
640 5558 817 5628 Ὑπὲρ
854 5558 962 5614 τοῦ
998 5556 1395 5625 κατηξιῶσθαι
1440 5554 1683 5607 τούτων.
1716 5552 1848 5628 Eam
1892 5554 1976 5628 in-

402 5624 543 5699 dicat
570 5624 637 5684 'S.
677 5624 883 5699 Mai-lyr
903 5624 1200 5698 gratiarum
1234 5630 1527 5699 actionem,
1551 5640 1699 5699 __qu:e
1736 5626 1844 5675 Deo
1875 5624 1973 5674 du-

403 5698 527 5762 plici
565 5694 1023 5761 nominefid'est
1046 5701 1116 5752 ob
1151 5708 1396 5750 creatum
1444 5697 1512 5745 ab
1551 5694 1644 5745 illo
1692 5707 1884 5760 panem
1917 5701 1972 5743 et

404 5769 625 5833 vinum,
680 5778 734 5821 et
783 5770 855 5821 ob
900 5774 1088 5823 eadem
1136 5770 1281 5821 dona
1333 5767 1385 5817 in
1434 5764 1638 5816 Christi
1688 5777 1885 5833 corpus
1917 5771 1966 5813 et

398 5832 718 5907 sanguinem
748 5853 1013 5893 conversa
1035 5837 1381 5892 oil'erebatur.
1412 5834 1675 5887 Similiter
1704 5832 1967 5902 Origenes

2092 4644 2215 4697 bum
2257 4643 2359 4696 Dei
2395 4633 2701 4696 incarnatus
2739 4640 2919 4705 Jews,
2939 4650 2991 4712 et
3050 4656 3108 4694 n.
3132 4638 3200 4692 46
3230 4655 3244 4691 :
3276 4633 3381 4688 Per
3399 4633 3669 4712 amntem

2094 4712 2254 4767 Verbi
2280 4713 2435 4783 homo
2471 4714 2665 4783 factus,
2702 4701 2991 4783 illustrari
3018 4721 3194 4783 potest
3218 4716 3271 4783 et
3292 4701 3550 4783 explicari
3594 4714 3671 4781 ex

2086 4796 2239 4837 num.
2264 4783 2355 4849 '55,
2379 4770 2482 4835 ulii'
2496 4770 2732 4851 Spiritus
2756 4797 2849 4835 seu
2872 4770 3107 4835 Verbum
3134 4777 3336 4830 dicitur
3368 4770 3433 4825 in
3484 4770 3668 4851 Virgi-

2083 4868 2205 4906 nem
2241 4849 2610 4914 descendisse,
2640 4852 2801 4921 eique
2831 4852 3190 4906 obumbrasse
3212 4856 3265 4898 et
3291 4849 3667 4913 praegnantem

2084 4924 2281 4977 virtute
2305 4938 2399 4993 sua
2425 4921 2691 4993 effecisse.
2955 4988 2982 4993 _
3147 4986 3161 4993 _
3252 4985 3265 4993 _
3354 4982 3381 4993 ,
3425 4979 3466 4993 ..
3564 4978 3577 4990 .

2152 4975 2275 5061 (86)*
2315 4975 2403 5044 Δι’
2432 4991 2621 5059 εὐχῆς
2657 4988 2985 5062 λότηουίτοῦ
3025 4982 3402 5062 παρξηαὺτοῦ.
3425 4979 3538 5062 γοι
3564 4975 3665 5057 illa

2080 5052 2371 5130 λόγοςίιιιιι
2436 5052 2667 5115 Verbum
2715 5052 2817 5116 h'oc
2859 5061 2975 5114 loco
3022 5052 3311 5124 signiticet,
3359 5052 3451 5103 sed
3472 5052 3668 5130 ipsius

2079 5116 2281 5188 Christi
2314 5134 2499 5196 verba,
2528 5142 2585 5201 ut
2608 5141 2757 5200 patet
2777 5148 2839 5183 ex
2868 5130 2956 5201 his
2979 5116 3101 5195 qua?
3126 5130 3446 5201 sequuntur.
3472 5116 3666 5201 Piefert

2077 5189 2739 5279 eiiithustinu'sChristi
2768 5200 2928 5279 verba
2961 5189 3017 5249 ut
3046 5192 3448 5279 esplriice-ttctir

2079 5276 2244 5327 stiani
2296 5273 2615 5326 alimoniam
2677 5271 2848 5332 illam,
2900 5270 2953 5321 in
2996 5258 3338 5333 qua—gratiae
3374 5258 3440 5311 δι’
3487 5258 3663 5330 εὐχῆς

2076 5344 2236 5411 λόγου
2272 5342 2365 5394 τοῦ
2398 5342 2526 5411 παρ’
2557 5340 2724 5394 αὐτοῦ
2772 5349 2917 5411 θείω
2955 5343 3329 5411 sunl,_eorpus
3353 5340 3407 5382 et
3436 5345 3662 5411 sangui-

2078 5402 2206 5466 nem
2244 5412 2447 5466 Christi
2473 5402 2593 5465 esse
2610 5412 2855 5471 credant.
2885 5402 3353 5474 Quemadmodum
3379 5409 3534 5452 antea
3574 5402 3662 5453 di—

2076 5486 2233 5537 cebat
2280 5500 2336 5534 ιι.
2380 5481 2448 5533 15
2482 5497 2496 5532 :
2529 5481 2688 5550 Λόγῳ
2717 5470 3015 5551 εὐχῆς-Ἰκαὶ
3061 5470 3434 5551 εὐχαριστίας,
3485 5475 3662 5550 verbis

2072 5568 2279 5617 precem
2328 5562 2377 5604 et
2424 5544 2749 5619 gratiarum,
2782 5544 3043 5619 actionem
3096 5544 3521 5619 continentibus;
3584 5544 3657 5593 ita

2075 5612 2181 5676 hoc
2214 5623 2332 5674 loco
2360 5612 2573 5673 videtur
2592 5618 2846 5673 eamdem
2893 5612 3151 5666 adhibere
3182 5612 3471 5663 verborum
3516 5627 3659 5662 con—

2072 5694 2431 5777 strttctiOItettt
2459 5728 2475 5755 ,
2534 5703 2656 5743 cum
2710 5689 2823 5750 ait,
2861 5683 2929 5737 δι’
2964 5681 3130 5751 εὐχῆς
3163 5678 3323 5748 λόγου
3385 5679 3478 5734 τοῦ
3520 5680 3658 5749 παρ’

2071 5779 2257 5815 αὐτου.
