4006 6254
230 342 313 397 “9
1444 353 1789 412 APOLOGIA
1816 353 1836 407 Ι
1864 352 2001 411 PRO
2030 353 2489 412 CHRISTIANIS.

3504 361 3608 416 450

232 466 423 538 σάρκες
482 469 661 523 κατά
730 474 1089 549 μεταϐολὴν
1139 475 1431 547 τρέφονται
1465 474 1661 547 ἡμῶν,
1714 475 1921 529 ἐκείνου

2042 488 2094 529 3x
2124 491 2231 545 qua
2259 475 2481 546 sanguis
2509 482 2565 530 et
2629 490 2827 531 carnes
2877 486 3077 534 nostrae
3126 494 3225 549 per
3252 476 3611 536 mutationem

231 558 309 612 τοῦ
356 564 961 636 σαρκοποιηθέντος
1020 568 1206 640 Ἰησοῦ
1256 567 1349 622 καὶ
1400 566 1580 639 σάρκα
1640 566 1735 620 καὶ
1787 561 1926 637 αἷμα

238 652 617 725 ἐδιδάχθημεν
650 653 856 714 εἶναι.
902 661 977 715 Οἱ
1011 660 1128 733 γὰρ
1151 658 1435 714 ἀπόστολοι
1468 659 1527 712 ὲν
1556 660 1668 722 τοῖς
1701 659 1927 728 γενομέ-

242 762 337 810 νοις
378 748 483 800 ὑπ’
517 749 743 803 αὐτῶν
787 752 1389 824 ἀπομνημονεύμασιν
1424 751 1570 823 (87),
1604 750 1640 805 ἃ
1681 750 1927 805 καλεῖται

251 840 606 910 Euangelus.
647 844 865 909 οὕτως
901 846 1245 918 παρέδωκαν
1274 845 1588 899 ἐντετάλθαι
1630 846 1813 909 αὐτοῖς
1836 845 1928 899 τὸν

268 933 508 1004 Ἰησοῦν
581 934 871 990 λαϐόντα
924 937 1100 1009 ἄρτον
1124 974 1140 998 ,
1202 938 1672 1009 εὐχαριστήσαντα
1717 938 1924 991 εἰπεῖν’

272 1027 445 1081 τοῦτο
474 1029 732 1083 ποιεῖτε
768 1032 873 1096 εἰς
904 1030 1031 1099 τὴν
1067 1030 1416 1100 ἀνάμνησίν
1457 1046 1605 1099 μου·
1649 1028 1927 1083 Τουτέστι

277 1121 337 1174 τὸ
364 1116 547 1190 σῶμά
571 1139 747 1191 μουο
793 1124 904 1176 καὶ
940 1123 1006 1177 τὸ
1040 1125 1299 1195 ποτήριον
1332 1122 1534 1193 ὁμοίως
1571 1120 1803 1175 λαϐόντα
1834 1121 1929 1173 καὶ

288 1218 787 1289 εὖχαριστὴσαντα
825 1220 1015 1272 εἰπεῖν
1038 1236 1052 1249 ο
1096 1218 1276 1272 Τοῦτό
1314 1218 1447 1272 ἐστι
1476 1211 1619 1285 αἷμά
1646 1233 1796 1286 μου·
1834 1215 1929 1266 καὶ

296 1311 466 1381 μονοις
520 1313 727 1376 αὐτοῖς
785 1312 1152 1383 μεταδοῦναι.
1210 1312 1385 1382 Ὅπερ
1438 1311 1532 1364 καὶ
1563 1312 1621 1363 ὲν
1664 1310 1777 1373 τοῖς
1832 1306 1927 1362 τοῦ

296 1402 474 1474 Μίθρα
514 1402 877 1474 μυστηρίοις
915 1402 1244 1475 παρέδωκαν
1277 1402 1523 1472 γίνεσθαι
1560 1402 1928 1473 μιμησάμενοι

297 1494 342 1545 οἱ
379 1496 619 1567 τωνηροὶ
671 1495 974 1567 δαὶμονες.
1019 1497 1143 1549 Ὀτι
1180 1494 1289 1568 γὰρ
1340 1495 1504 1567 ἄρτος
1537 1496 1631 1548 καὶ
1674 1495 1929 1567 ποτήριον

303 1582 489 1647 ὓδατος
520 1584 753 1640 τίθεται
787 1588 851 1639 ὲν
886 1589 1010 1649 ταῖς
1049 1583 1142 1639 τοῦ
1192 1586 1498 1657 μυουμένου
1537 1585 1778 1648 τελεταῖς
1813 1584 1929 1656 μετ’

303 1676 571 1746 ὲπιλὸγων
600 1677 870 1751 τινῶν,ἣ
910 1678 1244 1743 ἐπίστασθε,
1279 1679 1312 1750 ἤ
1351 1678 1540 1750 μαθεῖν
1575 1676 1822 1731 δύνασθε.

369 1770 458 1823 67.
496 1770 711 1842 Ἡμεῖς
740 1771 803 1823 δὲ
836 1770 977 1841 μετὰ
1008 1768 1184 1823 ταῦτα
1207 1769 1389 1823 λοιπὸν
1414 1769 1502 1823 ἀεὶ
1528 1769 1734 1823 τούτων
1766 1768 1929 1840 ἀλλή-

2030 566 2274 630 aluntur,
2301 566 2572 621 incantati
2615 566 2763 623 illius
2791 565 2920 624 Jesu
2946 580 3006 624 et
3027 585 3247 625 carnem
3280 580 3335 626 et
3382 574 3611 643 sangui-

2031 673 2153 713 nem
2183 672 2305 713 esse
2327 659 2502 714 edocti
2538 674 2747 715 sumus.
2785 660 2921 716 Nam
2949 663 3178 731 apostoli
3206 665 3257 719 in
3280 679 3615 722 commenta-

2031 750 2129 805 riis
2158 751 2295 812 suis,
2320 765 2442 820 quae
2468 763 2734 808 vocantur
2757 752 3072 824 Evangelia,
3102 757 3175 810 ita
3195 756 3297 812 sibi
3326 759 3615 814 mandasse

2029 840 2217 896 Jesum
2238 842 2585 899 tradiderunt
2614 860 2627 896 :
2660 858 2783 899 eum
2812 846 3019 902 scilicet
3041 858 3268 916 accepto
3295 865 3457 919 pane,
3485 866 3613 906 cum

2031 934 2235 1002 gratias
2265 935 2490 1004 egisset,
2522 935 2731 991 dixisse
2763 952 2776 989 :
2812 935 2930 991 Hoc
2973 937 3134 1007 facile
3172 939 3227 993 in
3265 957 3436 995 meam
3474 958 3616 997 com-

2031 1027 2464 1082 memorationem
2488 1027 2554 1083 ³⁷.
2579 1027 2695 1082 Hoc
2721 1040 2795 1083 est
2816 1047 3002 1098 corpus
3028 1047 3199 1085 meum
3217 1048 3238 1097 ;
3257 1041 3310 1086 et
3326 1034 3517 1101 poculo
3540 1035 3617 1089 si-

2033 1117 2237 1172 militer
2267 1131 2519 1187 accepto,
2577 1124 2825 1190 actisque
2866 1122 3062 1191 gratiis
3094 1123 3298 1178 dixisse
3331 1142 3346 1179 :
3393 1122 3496 1176 Hic
3535 1134 3614 1178 est

2029 1210 2246 1278 sanguis
2278 1226 2424 1264 meus
2446 1211 2515 1276 ιδ,
2549 1212 2790 1283 ipsisque
2820 1213 2951 1268 solis
2986 1215 3299 1271 tradidisse.
3348 1216 3526 1287 Atque
3559 1218 3613 1272 id

2030 1304 2249 1374 quidem
2279 1315 2335 1360 et
2367 1306 2419 1359 in
2461 1305 2671 1362 Mithrae
2702 1307 2977 1376 mysteriis
3011 1318 3069 1363 ut
3097 1308 3276 1375 fieret,
3312 1312 3461 1380 pravi
3504 1312 3615 1365 dre-

2034 1411 2226 1452 mones
2258 1396 2456 1452 imitati
2491 1398 2814 1453 docuerunt.
2845 1400 2981 1455 Nam
3040 1416 3233 1470 panem
3265 1412 3319 1455 ct
3361 1404 3614 1471 poculum

2033 1504 2189 1558 aquae
2222 1490 2273 1543 in
2298 1489 2434 1557 ejus,
2467 1491 2560 1559 qui
2610 1490 2878 1556 initiatur,
2937 1494 3234 1564 mysteriis,
3289 1495 3617 1562 quihusdam

2038 1582 2218 1636 verbis
2237 1583 2439 1637 additis
2460 1584 2683 1653 apponi,
2707 1593 2799 1637 aut
2830 1583 3343 1647 scitis,autdiscere
3371 1588 3614 1657 potestis.

2104 1672 2196 1728 67.
2225 1671 2305 1727 Ex
2332 1672 2422 1727 illo
2455 1683 2698 1742 tempore
2727 1674 2841 1729 lucc
2867 1689 3086 1744 semper
3112 1675 3267 1729 nobis
3301 1675 3531 1731 invicem
3561 1678 3616 1731 in

2036 1766 2357 1820 memoriam
2388 1780 2747 1830 revocamus;
2783 1776 2837 1821 et
2859 1767 2951 1836 qui
2987 1767 3268 1835 habemus,
3325 1768 3618 1838 indigenti-

304 1863 424 1927 λονς
456 1833 988 1935 ἀναμιμνήσιιομεν
1008 1882 1021 1893 ·
1073 1865 1169 1917 καὶ
1208 1865 1256 1916 οἱ
1287 1862 1501 1932 ἔχοντες
1531 1864 1645 1925 τοῖς
1672 1833 1929 1930 λειπομέ-

2042 1861 2133 1913 bus
2165 1857 2420 1913 omnibus
2475 1858 2849 1923 subvenimus,
2892 1870 2948 1913 et
3001 1873 3218 1929 semper
3275 1875 3378 1913 una
3403 1875 3614 1917 sumus.

304 1971 414 2017 νοις
442 1956 623 2009 πᾶσιν
658 1953 1105 2026 ὲπικουροῦμεν,
1135 1954 1231 2008 καὶ
1258 1953 1525 2024 σύνεσμεν
1551 1951 1798 2024 ἀλλήλοις
1822 1953 1928 2006 ἀεί.

316 2047 440 2100 Ἐπὶ
492 2047 644 2101 πᾶσι
699 2064 762 2100 τε
814 2041 898 2111 οἷς
956 2046 1420 2118 προσφερόμεθα,
1464 2044 1793 2117 εὐλογοῦμεν
1840 2047 1931 2099 τὸν

301 2140 547 2211 Ποιητὴν
591 2139 719 2192 τῶν
771 2139 999 2192 πάντων
1049 2138 1140 2192 διὰ
1198 2138 1293 2192 τοῦ
1342 2138 1474 2193 Υἱοῦ
1527 2139 1693 2193 αὐτοῦ
1758 2139 1930 2211 Ἰησοῦ

300 2231 547 2302 Χριστοῦ
599 2234 705 2285 καὶ
748 2231 843 2285 διὰ
886 2230 1209 2302 Πνεύματος
1247 2230 1342 2285 τοῦ
1374 2232 1563 2302 ἁγίου·
1604 2234 1699 2286 καὶ
1736 2235 1802 2304 τῇ
1836 2232 1931 2286 τοῦ

299 2326 454 2394 ἡλίου
478 2324 775 2396 λεγομένῃ
808 2325 993 2396 ἡμέρᾳ
1026 2324 1245 2379 πάντων
1272 2325 1411 2379 κατά
1447 2325 1631 2389 πόλεις
1659 2326 1692 2397 ἢ
1730 2326 1932 2397 ἀγροὺς

305 2417 587 2487 μενόντων
648 2417 749 2469 ἐπὶ
797 2417 861 2470 τὸ
904 2417 1039 2470 αὐτὸ
1093 2417 1406 2482 συνέλευσις
1439 2419 1680 2487 γίνεται,
1724 2417 1821 2471 καὶ
1864 2417 1934 2470 τὰ

307 2508 881 2580 ἀπομνημονεύματα
930 2508 1041 2563 τῶν
1081 2508 1430 2574 ἀποστόλων,
1472 2510 1505 2580 ἢ
1544 2509 1616 2563 τὰ
1646 2510 1931 2581 συγγράμ-

311 2617 456 2671 ματα
486 2599 606 2653 τῶν
645 2600 958 2671 προφητῶν
986 2600 1422 2668 ἀναγινώσκεται
1454 2601 1650 2672 μέχρις
1675 2602 1929 2673 ἐγχωρεῖ.

308 2687 447 2748 Εἶτα
495 2690 879 2764 παυσαμένου
908 2690 1005 2744 τοῦ
1033 2690 1499 2759 ἀναγινώσκοντος
1522 2732 1536 2755 ,
1584 2694 1613 2746 ὁ
1655 2693 1933 2763 προεστὼς

308 2788 399 2841 διὰ
425 2788 594 2855 λόγου
628 2786 739 2855 τὴν
775 2783 1066 2840 νουθεσίαν
1098 2784 1199 2841 καὶ
1223 2782 1523 2855 πρόκλησιν
1553 2783 1664 2856 (88)
1696 2786 1796 2856 τῆς
1824 2785 1935 2839 τῶν

312 2881 495 2933 δειλῶν
540 2882 766 2935 τούτων
819 2879 1109 2951 μιμήσεως
1143 2878 1397 2932 ποιεῖται.
1436 2877 1671 2931 Ἔπειτα
1716 2878 1936 2932 ἀνιστά-

318 2974 460 3045 μεθτι
487 2977 654 3045 κοινῇ
702 2974 947 3036 πάντες,
1002 2972 1099 3024 καὶ
1142 2970 1309 3042 εὐχὰς
1350 2972 1677 3043 πέμπομεν·
1722 2972 1815 3024 καὶ
1860 2971 1935 3034 ὼς

316 3070 689 3141 προέφημεν,
738 3064 1117 3136 παυσαμένων
1165 3064 1323 3135 ἡμῶν
1381 3066 1483 3136 τῆς
1529 3066 1730 3137 εὐχῆς,
1771 3064 1937 3138 ἄρτος

317 3163 698 3234 πφσφέρεται
734 3160 835 3213 καὶ
880 3152 1025 3222 οἶνος
1076 3158 1172 3211 καὶ
1214 3157 1360 3231 ὕδωρ
1384 3175 1397 3189 °
1441 3160 1536 3212 καὶ
1580 3161 1611 3213 ὁ
1655 3159 1935 3230 προεστὼς
1964 3186 2005 3243 C

320 3256 482 3325 εὐχὰς
504 3256 720 3327 ὁμοίως
744 3253 845 3305 καὶ
865 3250 1241 3322 εὐχαριστίας,
1264 3252 1363 3323 ὅση
1383 3250 1614 3323 δύναμις
1632 3251 1783 3322 αὐτῷ
1799 3250 1929 3323 (89),

319 3349 648 3418 ἀναπέμπει
662 3347 803 3419 (90),
824 3344 921 3397 καὶ
936 3346 966 3396 ὀ
988 3343 1117 3406 λαὸς
1133 3344 1347 3415 ὲπευφη
1356 3346 1446 3414 μεῖ
1458 3344 1631 3413 λέγων
1647 3344 1708 3397 τὸ
1736 3344 1928 3414 Ἀμήν·

320 3444 412 3495 καὶ
444 3445 479 3513 ἠ
506 3441 759 3503 διάδοσις
798 3439 895 3492 καί
923 3440 958 3509 ἡ
995 3436 1299 3509 μετάληψις
1337 3437 1445 3491 ἀπὸ
1472 3436 1582 3491 τῶν
1608 3438 1935 3509 εὐχαριστη-

320 3533 521 3586 θέντων
556 3534 788 3602 ἑκάστῳ
816 3530 1029 3600 γίνεται
1048 3569 1063 3593 ,
1091 3529 1323 3595 καὶτοῖς
1354 3530 1416 3583 οὐ
1451 3528 1688 3602 παροῦσι
1716 3529 1804 3583 διὰ
1827 3530 1935 3583 τῶν

318 3626 591 3679 διακόνων
632 3625 937 3695 πέμπεται.
975 3624 1038 3676 Οἱ
1066 3622 1426 3694 εὐποροῦντες
1460 3622 1516 3675 δὲ
1548 3623 1644 3676 καὶ
1678 3621 1937 3693 βουλόμε-

321 3737 400 3773 νοι
420 3760 437 3781 ,
474 3718 628 3772 κατά
675 3717 1003 3789 προαίρεσιν
1035 3716 1268 3779 ἕκαστος
1298 3716 1396 3786 τὴν
1429 3716 1653 3780 ἑαυτοῦ,
1687 3716 1715 3769 ὃ
1749 3714 1935 3786 βούλε-

316 3830 409 3864 ται
458 3812 688 3865 ὂωωσν
752 3810 848 3863 καὶ
904 3809 966 3862 τὸ
1022 3807 1415 3879 συλλεγόμενον
1470 3808 1623 3879 παρά
1666 3809 1746 3880 τῷ
1803 3827 1938 3880 προ-

320 3905 518 3957 εστῶτι
543 3903 667 3975 (9i)
700 3902 1022 3956 ἀποτίθεται
1049 3942 1064 3965 ,
1099 3901 1193 3954 καὶ
1255 3900 1417 3965 αὐτὸς
1442 3902 1726 3975 ἐπικουρεῖ
1759 3903 1934 3973 ὀρφα-

320 3998 431 4060 νοῖς
457 4014 520 4050 τε
560 3996 665 4050 καὶ
693 3995 896 4067 χήραις
918 4035 933 4057 ,
984 3992 1081 4046 καὶ⁹
1118 3994 1230 4056 τοῖς
1260 3991 1349 4045 διὰ
1376 3992 1561 4057 νόσον,
1594 3991 1628 4063 ἢ
1674 3991 1741 4044 δι’
1770 3992 1936 4062 ἄλλην

318 4091 503 4144 αἰτίαν
546 4089 938 4160 λειπομένοις,
993 4086 1089 4139 καὶ
1130 4088 1244 4150 τοῖς
1288 4088 1346 4139 ὲν
1387 4085 1605 4155 δεσμοῖς
1649 4082 1800 4148 οὖσι,
1834 4088 1929 4139 καὶ

314 4188 434 4248 τοῖς
463 4184 884 4257 παρεπιδήμοις
907 4176 1028 4235 οὖσι
1063 4179 1267 4245 ξένοις,
1299 4178 1396 4232 καὶ
1422 4179 1608 4241 ἁπλῶς
1645 4181 1779 4232 πᾶσι
1817 4183 1930 4243 τοῖς

325 4272 387 4325 ἒν
430 4278 594 4348 χρείᾳ
624 4271 748 4329 οὖσι
784 4272 1039 4345 κηδεμὼν
1086 4271 1320 4339 γίνεται.
1371 4270 1484 4341 Τὴν
1536 4270 1592 4322 δὲ
1638 4269 1732 4322 τοῦ
1781 4271 1931 4341 ἡλίου

322 4368 550 4438 ἡμέραν
609 4370 768 4438 κοινῇ
830 4366 1032 4429 πάντες
1083 4366 1182 4437 τὴν
1244 4362 1557 4417 συνέλευσιν
1602 4362 1922 4432 ποιούμεθα·

432 4464 479 4495 ⁸⁷
521 4463 660 4518 Luc.
687 4480 829 4527 uti,
866 4464 955 4518 i9.
1036 4463 1083 4495 ⁸⁸
1121 4461 1320 4518 Matth.
1349 4476 1507 4526 XXVI,
1543 4459 1638 4514 28.

397 4558 515 4628 (87)
533 4558 1194 4628 Ἀπομντυιονεύμασιν.
1229 4556 1795 4628 Ἀπομνημονεύματα
1817 4563 1940 4628 sunt

326 4629 479 4683 dicta
506 4627 850 4698 sapientium
879 4627 1004 4699 quae
1029 4630 1290 4684 memoria
1320 4627 1667 4699 repetuntur.
1705 4628 1799 4681 Sic
1829 4627 1937 4699 Eu-

328 4701 519 4753 sebius
555 4696 653 4752 lib.
681 4714 712 4747 v
747 4696 911 4753 llistf
948 4702 1077 4752 eccl.
1108 4715 1230 4767 cap.
1267 4699 1323 4759 8.
1350 4696 1416 4753 de
1455 4698 1658 4752 Irenaeo
1681 4699 1756 4750 ait
1789 4696 1939 4749 :Ka‘t

329 4770 929 4840 ἀπομνημονευμάτων
947 4769 1306 4823 ἀποστολικοῦ
1326 4786 1471 4832 τινος
1495 4768 1884 4840 πρεσϐυτέρου.
1900 4807 1937 4819 ..

334 4840 699 4909 μνημονεύει,
746 4839 1037 4893 Dictorum
1078 4840 1357 4907 apostolici
1403 4841 1684 4908 cujusdam
1720 4839 1939 4908 presby-

336 4912 509 4964 teri...
542 4911 806 4963 meminit.
841 4910 981 4964 Hinc
1030 4909 1330 4979 Xenophon
1396 4910 1693 4979 scripsisse
1740 4909 1943 4962 dicitur

333 4980 505 5051 libros
525 4980 637 5031 τῶν
666 4980 994 5051 Σωκράτους
1013 4980 1592 5051 ἀπομνημονευμάτων
1614 5019 1630 5042 ,
1667 4978 1944 5032 Dictorum

336 5049 583 5103 Socratis
604 5067 726 5119 qua:
759 5049 1015 5104 meritoria
1048 5049 1327 5104 rec'oleb‘at.
1385 5049 1584 5104 Eadem
1628 5064 1759 5102 voce
1816 5061 1943 5103 ante

336 5120 620 5175 Justinum
684 5136 815 5191 uStIs
852 5132 936 5175 est
984 5119 1184 5191 Papias
1224 5120 1362 5190 apud
1414 5120 1707 5175 Eusebium
1731 5120 1825 5175 lib.
1856 5134 1940 5181 ιιι,

340 5207 356 5242 ι
397 5206 521 5258 cap.
542 5190 634 5244 39.
667 5190 930 5247 CRABtUS.

410 5263 527 5327 (88)
573 5262 945 5330 Πρόκλησιν.
1006 5260 1320 5329 Legendum
1378 5261 1613 5318 Grabius
1668 5260 1945 5315 existimat

340 5331 635 5419 mpa'adttls
643 5349 711 5384 ιν.

412 5400 527 5471 (89)
583 5400 742 5469 Ὄση
776 5402 1037 5472 δύναμις
1058 5400 1237 5468 αὐτῷ.
1282 5402 1395 5457 Non
1421 5402 1606 5457 favent
1630 5402 1747 5455 hare
1778 5403 1945 5456 verba

341 5474 426 5543 bis
463 5474 558 5541 qui
603 5482 754 5525 ratas
784 5483 838 5527 et
879 5478 1020 5528 lixas
1058 5474 1319 5529 Ecclesia:
1352 5489 1545 5543 preces
1596 5473 1943 5542 impugnant.

340 5542 531 5612 Neque
563 5544 710 5598 enim
751 5558 846 5598 eas
876 5543 1137 5598 Justinus
1174 5544 1225 5596 in
1253 5542 1555 5599 sacerdotis
1584 5543 1813 5596 arbitrio
1844 5559 1943 5610 po-

342 5616 476 5666 sitas
512 5613 689 5667 fuisse
714 5614 871 5679 dicit,
911 5615 1010 5667 sed
1063 5617 1369 5668 sacerdotis
1422 5614 1639 5667 orantis
1680 5616 1940 5666 ardoretn

342 5692 396 5752 et
432 5684 797 5739 intentionem
839 5685 1013 5738 animi
1039 5685 1314 5752 esprimit.
1352 5684 1497 5738 Nihil
1529 5683 1632 5737 sibi
1663 5683 1809 5735 aliud
1844 5699 1945 5735 v0—

350 5750 463 5805 lnut
491 5754 609 5808 haec
644 5757 831 5819 verba,
855 5756 959 5826 ὅση
999 5750 1229 5826 δύναμις
1262 5755 1431 5826 αὐτῷ,
1462 5764 1721 5822 quantum
1751 5762 1947 5826 potest,

351 5836 547 5896 ἕξειν-ιιι
566 5826 802 5896 reddidi.
832 5824 964 5896 totis
999 5824 1221 5879 viribus.
1254 5826 1343 5879 Sic
1366 5824 1527 5896 paulo
1558 5834 1687 5877 ante
1710 5824 1949 5896 dicebat

351 5889 690 5952 Christianos
740 5895 1001 5959 εὐτόνως,
1027 5896 1082 5949 id
1116 5905 1200 5949 est
1229 5889 1381 5951 cum'
1406 5910 1599 5966 magna
1634 5893 1800 5949 anitni
1860 5896 1945 5949 in-

2032 1953 2207 2023 Atque
2275 1953 2331 2007 in
2394 1954 2647 2008 omnibus
2690 1952 3057 2008 oblationibus
3125 1953 3410 2011 laudamus
3456 1970 3618 2009 crea-

2035 2054 2206 2101 torem
2234 2045 2480 2099 omnium
2504 2060 2601 2115 per
2632 2044 2832 2099 Filium
2862 2045 2979 2114 ejus
3015 2043 3201 2099 Jesum
3251 2046 3527 2101 Christum
3561 2058 3617 2103 et

2033 2153 2130 2209 per
2154 2137 2419 2209 Spiritum
2445 2144 2721 2193 sanctum.
2754 2139 2831 2193 Ac
2857 2137 3008 2202 solis,
3045 2149 3101 2193 ut
3126 2139 3344 2204 dicitur,
3377 2141 3465 2195 die
3490 2156 3617 2195 ont-

2033 2230 2183 2284 niutn
2207 2230 2322 2285 sive
2348 2229 2512 2285 urbes
2533 2231 2647 2285 sive
2673 2246 2837 2301 agros
2873 2232 3232 2287 incolentium
3266 2234 3319 2286 in
3360 2238 3614 2289 eumdem

2034 2321 2211 2376 locum
2236 2323 2295 2377 lit
2325 2331 2654 2390 conventus,
2688 2331 2745 2377 et
2776 2324 3169 2378 commentaria
3219 2327 3615 2394 apostolorum,

2035 2425 2127 2469 aut
2164 2415 2369 2483 scripta
2396 2418 2789 2485 prophetarum
2844 2414 3119 2486 leguntur,
3150 2420 3330 2487 quoad
3365 2417 3493 2471 licet
3521 2433 3620 2486 per

2037 2517 2271 2577 tempus.
2318 2507 2549 2576 Deinde,
2582 2510 2671 2564 ubi
2698 2509 2872 2564 lector
2896 2508 3079 2574 desiit,
3108 2513 3151 2565 is
3179 2514 3270 2582 qui
3294 2522 3490 2582 praeest
3518 2513 3619 2567 ad-

2037 2599 2394 2654 monitionem
2417 2598 2601 2655 verbis
2628 2611 2683 2653 et
2704 2601 3140 2656 adhortationem
3160 2604 3225 2656 ad
3244 2619 3327 2657 res
3345 2613 3448 2656 tam
3480 2618 3620 2673 pra:-

2036 2689 2215 2743 claras
2252 2690 2539 2744 imitandas
2578 2691 2827 2760 suscipit.
2859 2690 3053 2747 Postea
3085 2707 3274 2749 omnes
3302 2695 3463 2749 simul
3490 2709 3621 2749 con-

2037 2782 2335 2851 surgimus,
2363 2791 2419 2835 et
2451 2797 2644 2852 preces
2669 2783 3013 2849 emittimus;
3048 2796 3231 2853 atque,
3263 2787 3447 2858 utjam
3478 2789 3621 2842 dixi-

2037 2891 2179 2941 mus,
2212 2876 2300 2929 ubi
2331 2875 2595 2931 desiimus
2634 2877 2868 2946 precari,
2896 2881 3054 2945 panis
3083 2878 3311 2934 all‘ertur
3339 2892 3395 2936 et
3426 2884 3614 2938 vinum

2037 2977 2093 3024 et
2114 2981 2252 3037 aqua
2275 2985 2290 3023 :
2319 2969 2484 3037 etqui
2510 2978 2727 3037 praeest,
2754 2985 2942 3038 preces
2968 2980 3022 3025 et
3045 2972 3341 3040 gratiarum
3371 2975 3620 3030 actiones

2039 3060 2167 3114 totis
2196 3059 2402 3114 viribus
2431 3060 2654 3124 emittit,
2680 3070 2735 3114 et
2758 3060 2990 3130 populus
3012 3062 3305 3127 acclamat,
3344 3066 3531 3131 Amen,
3567 3077 3625 3123 et

2039 3167 2252 3216 eorum,
2277 3151 2331 3205 in
2360 3152 2558 3220 quibus
2589 3152 2783 3223 gratia:
2827 3163 2964 3208 acta:
2990 3163 3137 3217 sunt,
3190 3157 3501 3211 distributio
3562 3163 3624 3213 lit

2039 3262 2094 3301 et
2148 3244 2576 3301 communicatio
2616 3243 2908 3315 unicuique
2943 3248 3316 3312 praesentium,
3344 3260 3399 3303 et
3429 3252 3624 3305 absen-

2040 3339 2183 3393 tibus
2213 3353 2312 3409 per
2338 3338 2599 3395 diaconos
2638 3338 2892 3393 mittitur.
2944 3337 3048 3406 Qui
3102 3341 3381 3397 abundant
3427 3355 3483 3399 et
3530 3363 3625 3400 vo-

2041 3433 2181 3498 lunt,
2208 3447 2307 3488 suo
2329 3433 2583 3502 arbitrio,
2623 3432 2770 3503 quod
2824 3434 3054 3504 quisque
3102 3436 3238 3503 vult,
3295 3438 3623 3510 largiuntur,

2036 3525 2150 3597 84
2177 3536 2230 3580 et
2261 3528 2405 3596 quod
2432 3525 2709 3597 colligitur
2731 3526 2874 3597 apud
2904 3543 3053 3593 eum,
3089 3530 3181 3599 qui
3206 3543 3427 3598 prmest,
3462 3537 3628 3605 depo-

2041 3622 2210 3685 nitur,
2239 3635 2302 3676 ac
2334 3619 2450 3691 ipse
2477 3621 2730 3677 subvenit
2769 3621 2990 3693 pupillis
3018 3633 3074 3679 et
3111 3622 3308 3689 viduis,
3358 3638 3415 3680 et
3440 3626 3505 3680 iis
3532 3628 3626 3696 qui

2040 3713 2124 3768 vel
2151 3715 2221 3769 ob
2249 3717 2519 3780 morbum,
2554 3716 2638 3771 vel
2680 3717 2845 3770 aliam
2894 3716 2965 3772 ob
3004 3734 3224 3775 causam
3277 3731 3460 3792 egent,
3511 3731 3625 3777 tum

2040 3808 2210 3862 etiam
2244 3809 2310 3864 iis
2333 3809 2424 3881 qui
2467 3809 2520 3863 in
2554 3810 2785 3865 vinculis
2825 3820 2954 3865 sunt
2995 3823 3051 3868 et
3076 3814 3498 3873 advenientibus
3534 3831 3629 3888 pe-

2042 3915 2199 3972 regre
2242 3903 2585 3973 hospitibus;
2638 3921 2748 3960 uno
2778 3906 2946 3961 verbo
2980 3909 3223 3963 omnium
3265 3909 3626 3979 indigentium

2030 4009 2228 4059 curam
2256 3996 2505 4065 suscipit.
2533 3996 2627 4052 Die
2654 4007 2838 4052 autem
2877 3999 3008 4055 solis
3046 4015 3237 4055 onmes
3274 4002 3436 4056 simul
3497 4020 3629 4058 (‘Oll-

2038 4087 2309 4151 venimus,
2344 4095 2454 4141 tum
2483 4088 2608 4156 quia
2635 4088 2809 4157 prima
2849 4090 2965 4145 lucc
3012 4094 3128 4147 dies
3166 4101 3269 4156 est,
3301 4109 3408 4160 qua
3460 4094 3625 4159 Deus,

2038 4196 2161 4234 cum
2196 4182 2451 4237 tenebras
2471 4194 2525 4237 et
2551 4186 2835 4239 materiam
2862 4188 3139 4253 vertisset,
3170 4189 3431 4241 mumlum
3465 4204 3626 4242 crea-

2040 4272 2141 4336 vit,
2175 4280 2292 4327 tum
2323 4274 2448 4342 quia
2477 4273 2637 4331 Jesus
2664 4276 2913 4332 Christus
2942 4278 3193 4333 Salvator
3224 4292 3410 4333 nosrer
3434 4281 3627 4337 eadem

2038 4362 2125 4419 die
2153 4380 2218 4420 ex
2250 4367 2480 4423 mortuis
2511 4371 2834 4426 resurrexit.
2868 4370 3049 4426 Pridie
3073 4371 3216 4426 enim
3243 4370 3469 4426 Saturni
3500 4388 3628 4429 eum

2047 4556 2504 4633 tentionepreces
2528 4555 2782 4633 intulere.
2808 4557 2875 4633 Et
2895 4574 3057 4633 supra
3084 4576 3138 4615 ιι.
3174 4560 3432 4633 15:”an
3464 4563 3630 4617 δύνα-

2046 4642 2139 4702 μις
2180 4624 2477 4702 αξνοῦντες.
2524 4624 3117 4702 Νἰηίνὶιωίάνεϐὁησαν
3164 4632 3299 4702 πρὸς
3353 4624 3444 4685 τὸν
3499 4634 3633 4687 Θεὸν

2044 4695 2300 4769 ἐκτενςυς,
2328 4698 2478 4769 Jonas
2503 4714 2591 4769 tu,
2616 4715 2665 4750 ν.
2691 4700 2745 4753 8.
2771 4701 2865 4753 Sic
2894 4695 3057 4753 etiam
3088 4695 3351 4769 Origenes
3384 4719 3457 4760 vr.
3486 4707 3633 4759 Cels.

2045 4782 2169 4831 pag.
2193 4767 2297 4821 586
2332 4788 2343 4819 :
2366 4766 2527 4820 Ἀλλά
2547 4767 2638 4821 τὸν
2661 4771 2755 4822 ἕνα
2772 4771 2924 4835 Θεὸν,
2956 4772 3051 4825 καὶ
3081 4773 3172 4825 τὸν
3188 4766 3296 4826 ἕνα
3315 4774 3439 4826 Υἰὸν
3464 4774 3631 4828 αὐτοῦ

2044 4839 2140 4915 καὶ
2160 4838 2332 4915 Λόγον
2354 4839 2464 4915 erat
2486 4841 2838 4915 sixdva,_frai;
2866 4843 3007 4915 κατά
3020 4844 3081 4895 τὸ
3108 4843 3329 4915 δυνατὸν
3356 4847 3488 4915 ἡμῖν
3520 4847 3632 4899 ἱκε-

2046 4907 2599 4984 σίαιςκαὶάξιώσεσι
2648 4912 2896 4984 σέϐομεν.
2962 4913 3139 4967 Unum
3191 4907 3411 4979 Deum,"
3436 4917 3635 4984 inquit,

2046 4986 2095 5029 et
2123 4979 2337 5031 unicum
2358 4984 2475 5046 ejus
2506 4980 2701 5054 Filium
2717 4979 2789 5035 el~
2812 4982 3033 5036 Verbum
3062 4995 3111 5036 et
3137 4985 3441 5053 imaginem,
3465 4979 3637 5054 quan-

2046 5060 2167 5123 tum“
2189 5053 2989 5123 possumus,supplicationibus
3012 5064 3059 5107 et
3091 5058 3355 5123 precibus,
3388 5057 3633 5111 colimus.

2120 5120 2233 5189 (90)
2286 5120 2668 5190 Ἀναπέμπει.
2699 5123 2811 5176 lloc
2847 5126 3032 5190 verbo,
3075 5120 3183 5192 quo
3227 5125 3474 5179 Justinus
3534 5128 3637 5180 hoc

2048 5187 2171 5265 loco
2208 5187 2271 5265 et
2290 5200 2447 5244 antea
2470 5187 2525 5246 ei.
2548 5208 2691 5262 saepe
2713 5194 2847 5246 alias
2872 5187 3063 5260 utitur,
3093 5187 3409 5248 ’clamorem
3442 5211 3634 5265 quem-

2049 5260 2194 5323 dam,
2229 5260 2557 5333 sive__vocem
2594 5260 2788 5333 magno
2817 5275 3010 5317 conatu
3040 5266 3293 5318 emissam
3328 5260 3636 5331 signiﬁcari

2047 5333 2305 5454 tﬁbsetgjat
2340 5329 2591 5388 Valesius
2620 5329 2834 5403 ad'cap.
2872 5336 2961 5389 15.
2998 5336 3091 5389 lib.
3140 5350 3209 5387 Iv.
3248 5329 3403 5390 Hist.—
3447 5335 3633 5389 eccles.

2096 5416 2190 5454 use
2233 5418 2290 5454 ιι.

2096 5416 2290 5457 ιιδουιι.

2120 5472 2431 5546 (θη-Παρὰ
2450 5471 2531 5539 τῷ
2563 5473 2914 5546 προεστῶτι.
2945 5474 3058 5529 llac
3086 5489 3220 5529 voce
3250 5476 3636 5546 presbyterum

2050 5544 2494 5615 aut_episc0pum
2544 5546 2819 5615 designat.
2855 5544 3087 5615 Utrique
3118 5548 3262 5599 enim
3318 5544 3640 5600 communes

2050 5612 2459 5680 perfunctiones
2495 5615 2560 5668 de
2594 5612 2791 5683 quibus
2828 5617 2917 5669 hic
2974 5612 3173 5683 agitur,
3217 5631 3410 5686 nempe
3460 5616 3639 5684 bapti-

2050 5697 2202 5757 zare,
2233 5687 2549 5739 sacriﬁcare
2577 5699 2633 5739 et
2658 5701 2956 5755 pauperum
2990 5701 3177 5740 curam
3214 5701 3428 5757 gerere.
3458 5688 3641 5749 Atque

2050 5753 2105 5807 id
2138 5770 2316 5808 causa:
2355 5769 2477 5808 esse
2512 5753 2781 5819 arbitror,
2809 5772 2909 5810 cur
2937 5757 3071 5809 nihil
3095 5753 3245 5812 dicat
3288 5758 3534 5812 Justinus
3570 5760 3640 5808 «te

2050 5825 2503 5904 continuatione;
2534 5827 2662 5897 quia
2706 5829 2919 5885 scilicet
2965 5827 3065 5885 soli
3115 5843 3236 5886 eam
3289 5830 3495 5886 dabant
3533 5827 3641 5895 epis

2052 5909 2224 5965 sc0pt.
