4006 6254
399 393 500 452 631

1358 392 1419 447 S.
1453 390 1717 449 JUSTINI
1756 394 2168 452 PHILOSOPHI
2208 394 2296 450 ΕΤ
2338 397 2699 455 MARTYRIS

3556 408 3669 463 452

398 508 815 573 cruciﬁxerunt,
841 513 895 561 et
918 505 1180 575 postridie
1208 506 1450 577 ejusdem
1491 510 1619 574 diei,
1650 510 1701 563 id
1729 519 1814 565 est
1842 508 1982 565 Solis

2092 511 2275 581 ἐπειδὴ
2332 512 2520 587 πρώτη
2564 514 2711 566 ἐστὶν
2755 512 2955 585 ἡμέρα,
2990 513 3049 567 ὲν
3144 516 3172 568 ὁ
3200 516 3353 583 Θεὸς,
3384 517 3446 572 τὸ
3479 522 3677 584 σκότος

400 603 510 667 die,
538 599 797 671 apostolis
827 600 940 653 suis
961 609 1015 653 et
1038 599 1319 669 discipulis
1347 600 1500 656 visus
1531 616 1596 655 ea
1624 602 1829 668 docuit,
1858 618 1979 672 quae

398 695 555 749 vobis
581 707 795 762 quoque
823 690 1219 747 consideranda
1261 692 1604 749 tradidimus.

2086 606 2182 658 καὶ
2224 604 2323 676 τὴν
2366 605 2497 676 ὓλην
2542 606 2778 675 τρέψας,
2810 607 3013 677 κόσμον
3042 608 3295 680 ἐποίησε,
3331 612 3425 665 καὶ
3466 613 3677 683 Ἰησοῦς

2085 695 2318 766 Χριστὸς
2343 698 2370 750 ὁ
2393 696 2660 769 ἡμέτερος
2689 699 2878 769 Σωτὴρ
2904 702 2969 770 τῇ
2995 700 3134 773 αὐτῇ
3157 701 3339 774 ἡμέρᾳ
3368 704 3432 757 ἐκ
3463 704 3678 776 νεκρῶν

396 784 618 861 ἀνέστη.
656 790 735 860 Τῇ
784 788 894 860 γὰρ
936 787 1042 860 πρὸ
1070 788 1170 858 τῆς
1218 788 1495 859 Κρονικῆς
1518 789 1625 860 (92)
1670 791 2023 863 ἐσταύρωσαν
2069 792 2263 846 αὐτόν’
2300 792 2396 847 καὶ
2422 796 2490 864 τῇ
2545 794 2681 864 μετὰ
2718 794 2814 865 τὴν
2853 796 3148 867 Κρονικὴν,
3188 798 3310 867 ἥτις
3337 799 3489 854 ἐστὶν
3520 799 3678 870 ἡλίου

403 886 614 961 ἡμέρα,
634 884 823 955 φανεὶς
849 887 961 948 τοῖς
996 885 1314 947 ἀποστόλοις
1341 884 1506 939 αὑτοῦ
1528 886 1623 940 καὶ
1659 886 1949 958 μαθηταῖς,
1967 886 2169 952 ἐδίδαξε
2194 886 2387 952 ταῦτα,
2411 888 2557 959 ἆπερ
2587 889 2667 951 εἰς
2707 888 2993 958 ἐπίσκεψιν
3025 890 3120 943 καὶ
3137 892 3265 962 ὑμῖν
3298 891 3676 963 ἀνεδὼκαμεν.

471 980 562 1035 68.
588 981 766 1048 Atque
798 980 914 1034 haec
939 978 1157 1049 quidem
1186 980 1230 1033 si
1264 979 1418 1035 vobis
1447 980 1645 1034 rationi
1668 991 1724 1035 et
1755 983 1981 1036 veritati

405 1082 774 1128 consentanea
815 1073 1091 1135 videntur,
1124 1071 1176 1125 in
1202 1074 1378 1140 pretio
1407 1073 1631 1140 habete;
1674 1074 1759 1128 sin
1798 1084 1980 1129 autem

398 1180 558 1237 Baga:
597 1167 751 1220 vobis
781 1166 1058 1230 videntur,
1093 1175 1152 1219 ut
1179 1182 1350 1237 nugas
1380 1169 1741 1233 contemnite,
1772 1184 1895 1236 nec,
1926 1178 1987 1224 ut

399 1259 667 1314 adversus
698 1259 906 1322 hostes,
962 1258 1037 1313 ita
1084 1258 1352 1313 adversus
1410 1259 1666 1315 homines
1717 1261 1990 1316 innocuos

401 1360 635 1406 mortem
676 1351 979 1407 decernite.
1014 1349 1181 1406 Vobis
1225 1351 1368 1406 enim
1396 1353 1742 1422 pracdicimus
1770 1370 1865 1409 vos
1892 1354 1986 1409 Dei

394 1443 660 1513 judicium
699 1457 806 1497 non
830 1443 1159 1508 evitaturos,
1191 1444 1237 1497 si
1266 1442 1321 1498 in
1365 1443 1630 1512 injustitia
1660 1461 1985 1515 permanen-

402 1538 508 1603 tis;
557 1552 621 1592 ac
650 1553 752 1591 nos
795 1535 1232 1591 exclamabimus
1261 1554 1274 1591 :
1306 1535 1462 1604 Quod
1506 1538 1616 1624 Deo
1657 1539 1857 1609 placet,
1928 1541 1979 1595 id

2152 981 2242 1037 68.
2281 982 2393 1036 Καὶ
2420 984 2468 1036 εί
2496 982 2596 1053 μὲν
2628 982 2777 1036 δοκεῖ
2804 983 2931 1054 ύμῖν
2962 982 3123 1054 λόγου
3152 985 3246 1039 καὶ
3272 984 3526 1055 ἀληθείας
3558 985 3683 1056 ἔχε-

2087 1075 2243 1140 σθαι,
2283 1074 2555 1145 τιμήσατε
2590 1074 2762 1127 αὑτά·
2800 1076 2848 1127 εί
2882 1074 2937 1127 δὲ
2979 1074 3144 1147 λῆρος
3191 1077 3319 1147 ὑμῖν
3360 1077 3547 1142 δοκεῖ,
3597 1078 3683 1141 ὡς

2088 1165 2344 1239 ληρωδῶν
2399 1167 2741 1237 πραγμάτων
2800 1169 3244 1238 καταφρονήσατε
3263 1209 3278 1233 ,
3344 1169 3437 1224 καὶ
3482 1169 3557 1240 μὴ
3597 1169 3681 1231 ὡς

2090 1258 2209 1312 κατ’
2244 1257 2455 1329 ἐχθρῶν
2478 1300 2494 1323 ,
2528 1259 2669 1311 κατὰ
2713 1257 2821 1311 τῶν
2859 1260 3023 1329 μηδὲν
3070 1259 3399 1314 ἀδικούντων
3444 1260 3682 1315 θάνατον

2091 1355 2324 1427 ὁρίζετε.
2356 1353 2700 1427 Προλέγομεν
2745 1354 2853 1425 γὰρ
2903 1355 3032 1425 ὑμῖν
3077 1355 3158 1408 ὅτι
3200 1356 3299 1409 οὐκ
3346 1354 3681 1425 ἐκφεύξεσθε

2089 1446 2187 1517 τὴν
2219 1447 2481 1517 ἐσομένην
2507 1444 2601 1499 τοῦ
2634 1445 2769 1499 Θεοῦ
2803 1447 3004 1518 κρίσιν,
3030 1448 3123 1501 ἐὰν
3145 1448 3436 1519 ἐπιμένητε
3461 1451 3527 1519 τῇ
3559 1448 3681 1501 ἀδι-

2088 1538 2215 1607 κία,
2281 1537 2377 1589 καὶ
2436 1537 2598 1607 ἡμεῖς
2650 1535 3041 1608 ἐπιϐοήσομεν·
3091 1538 3157 1589 Ὃ
3202 1536 3352 1607 φίλον
3400 1535 3480 1607 τῷ
3519 1536 3678 1609 Θεῷ,

399 1628 518 1684 flat.
558 1628 626 1682 Et
658 1643 780 1683 cum
856 1642 924 1680 ex
989 1627 1217 1696 epistola
1265 1628 1493 1684 maximi
1533 1640 1588 1683 et
1614 1630 1974 1687 illustrissimi

2092 1628 2234 1681 τοῦτο
2268 1627 2377 1698 (95)
2426 1627 2689 1695 γενέσθω.
2740 1629 2853 1681 Καὶ
2909 1626 2971 1692 ἐξ
3018 1628 3305 1698 ἐπιπολῆς
3343 1627 3451 1698 (94)
3488 1627 3543 1680 δὲ
3576 1628 3679 1679 τοῦ

399 1721 635 1776 Caesaris
659 1722 905 1789 Adriani,
936 1722 1178 1792 parentis
1200 1722 1394 1787 vestri,
1429 1722 1711 1789 postulare
1755 1738 1786 1776 a
1824 1724 1981 1779 vobis

400 1826 707 1880 possemus,
764 1822 824 1867 ut
871 1813 1101 1883 judicia,
1140 1813 1593 1882 quemadmodum
1648 1815 1981 1884 rogavimus,

399 1903 520 1958 ﬁeri
568 1904 841 1972 jubeatis;
881 1922 987 1960 non
1037 1915 1217 1961 tamen
1267 1905 1439 1976 magis
1467 1905 1538 1960 ob
1590 1906 1730 1962 hanc
1760 1921 1983 1963 causam

400 1997 737 2064 rogavimus,
762 1998 905 2066 quod
930 1998 1004 2052 ita
1045 1997 1405 2052 constitutum
1438 2006 1583 2052 esset
1609 1997 1678 2053 ab
1706 1998 1982 2065 Adriano;

401 2090 497 2145 sed
542 2090 671 2158 quia
708 2089 909 2143 scimus
936 2104 1034 2144 nos
1057 2090 1203 2160 justa
1230 2101 1437 2159 petere,
1462 2090 1771 2145 orationem
1793 2101 1849 2147 et
1900 2106 1986 2146 re-

401 2196 524 2236 rum
565 2192 877 2236 nostrarum
912 2182 1315 2236 enarrationem
1367 2181 1720 2238 confecimus.
1758 2181 1985 2237 Adriani

401 2280 584 2324 autem
622 2270 866 2339 epistola:
894 2271 1202 2341 exemplum
1227 2271 1393 2325 etiam
1442 2271 1800 2341 subjecimus,
1827 2283 1888 2329 ut
1926 2274 1983 2328 in

400 2361 505 2417 hoc
538 2375 756 2431 quoque
778 2378 964 2416 verum
990 2379 1019 2417 a
1044 2363 1205 2418 nobis
1236 2362 1343 2418 dici
1361 2364 1731 2433 perspiciatis.
1762 2365 1855 2422 Sic
1882 2366 1983 2421 ha-

398 2454 493 2509 bet
519 2453 651 2508 illud
689 2453 1000 2522 exemplum
1041 2472 1055 2507 :

681 2568 906 2620 Adriani
949 2583 1045 2636 pro
1083 2564 1402 2624 Christianis
1438 2569 1702 2639 Epistola.

470 2703 560 2759 69.
598 2722 617 2756 ι
662 2702 895 2758 Minucio
920 2702 1202 2758 Fundano.
1260 2702 1501 2761 Litteras
1530 2708 1716 2778 accepi
1773 2709 1839 2763 ad
1901 2726 1987 2766 me

402 2800 692 2867 scriptasa
726 2796 955 2851 Serenio
1008 2795 1291 2853 Graniano
1342 2797 1653 2854 clarissimo
1703 2802 1842 2869 viro,
1896 2805 1984 2858 cui

400 2886 738 2944 successisti.
764 2884 993 2941 Videtur
1021 2886 1182 2955 igitur
1203 2886 1335 2942 mihi
1363 2902 1450 2942 res
1474 2902 1581 2942 non
1610 2888 1732 2944 sine
1755 2888 1986 2960 inquisi-

2089 1720 2344 1789 μεγίστου
2374 1720 2468 1773 κα)¹
2490 1720 2921 1789 ἐπιφανεστάτου
2948 1718 3224 1791 Καίσαρος
3260 1718 3558 1791 Ἀδριανοῦ,
3578 1718 3680 1771 τοῦ

2086 1811 2293 1882 πατρὸς
2326 1811 2510 1882 ὑμῶν,
2548 1812 2763 1883 ἔχοντες
2796 1812 3046 1865 ἀπαιτεῖν
3076 1812 3221 1881 ὑμᾶς
3252 1811 3397 1864 καθά
3435 1810 3681 1882 ἠξιώσα-

2091 1920 2189 1975 μεν
2236 1902 2494 1957 κελεῦσαι
2529 1904 2639 1967 τὰς
2686 1902 2895 1974 κρίσεις
2923 1901 3213 1971 γενέσθαι,
3244 1902 3343 1955 οὐκ
3371 1904 3435 1956 ἐκ
3459 1902 3554 1955 τοῦ
3585 1918 3683 1954 κε-

2087 1993 2305 2067 κρίςθαι
2333 1994 2442 2066 (95)
2468 1996 2627 2050 τοῦτο
2653 1997 2757 2050 ὑπὸ
2795 1993 3072 2069 Ἀδριανοῦ
3107 1995 3304 2067 μᾶλλον
3336 1995 3679 2066 ἠξιώσαμεν,

2086 2088 2201 2142 ἀλλ’
2226 2091 2291 2142 ἐκ
2324 2089 2416 2143 τοῦ
2440 2090 2763 2144 ἐπίστασθαι
2790 2090 2972 2143 δίκαια
3002 2090 3209 2157 ἀξιοῦν,
3234 2090 3332 2160 τὴν
3357 2088 3686 2161 προσφώνηο

2058 2196 2174 2235 νσιν
2206 2182 2301 2235 καὶ⁸
2339 2181 2599 2255 ἐξήγησιν
2634 2182 2982 2255 πεποιήμεθα
3015 2182 3145 2255 (96).
3194 2182 3574 2253 ’Υπετάξαμεν
3619 2182 3685 2236 δὲ

2088 2271 2305 2343 καὶτῆς
2329 2273 2621 2344 ἐπιστολῆς
2664 2273 2943 2345 Ἀδριανοῦ
2980 2272 3041 2326 τὸ
3076 2273 3429 2345 ἀντίγραφον,
3460 2275 3548 2327 ἵνα
3579 2274 3685 2326 καὶ

2087 2367 2229 2421 κατά
2254 2365 2414 2421 τοῦτο
2438 2367 2548 2439 (97)
2577 2367 2861 2439 ἀληθεύειν
2889 2369 3039 2439 ἡμᾶς
3066 2369 3399 2439 γνωρίζητε·
3432 2368 3528 2422 καὶ
3557 2368 3686 2421 ἔστι

2084 2460 2148 2512 τὸ
2176 2459 2508 2531 ἀντίγραφον
2541 2460 2699 2515 τοῦτο
2724 2461 2833 2533 (98)
2880 2479 2893 2491 “

2179 2573 2483 2643 Ἀδριανοῦ
2520 2575 2675 2644 ὑπὲρ
2703 2574 3074 2645 Χριστιανῶν
3116 2574 3435 2643 Ἐπιστολή
3463 2575 3598 2647 (99).

2161 2687 2249 2743 69.
2297 2708 2315 2739 ι
2367 2690 2646 2762 Μινουκίῳ
2694 2690 2994 2761 Φουνδανᾷλ
3040 2690 3355 2771 Ἐπιστολὴν
3402 2690 3683 2763 ἐδεξάμην

2089 2782 2393 2853 γραφεῖσάν
2428 2800 2517 2854 μοι
2550 2784 2659 2837 ἀπὸ
2688 2784 2946 2857 Σερηνίου
2976 2783 3051 2855 (l)
3083 2782 3382 2855 Γρανιανοῦ
3418 2783 3679 2855 λαμπρο-

2087 2876 2251 2928 τάτου
2298 2875 2523 2945 ἀνδρὸς,
2565 2877 2749 2931 ὅντινα
2786 2880 2849 2932 σὺ
2889 2877 3126 2944 διεδέξω.
3166 2878 3239 2931 Oti
3269 2876 3417 2931 δοκεῖ
3448 2872 3543 2931 οὖν
3582 2895 3683 2949 μοι

400 2980 552 3035 tione
581 2978 1076 3050 prmtermittenda,
1103 2993 1171 3033 ne
1202 2988 1257 3032 et
1283 2978 1533 3033 homines
1581 2982 1982 3048 perturbentur,

2092 2969 2149 3021 τὸ
2182 2971 2413 3040 πρᾶγμα
2436 2969 2707 3041 ἀζήτητον
2730 2970 3072 3035 καταλιπεῖν,
3101 2971 3187 3025 ἵνα
3220 2973 3357 3043 μήτε
3384 2973 3434 3024 οί
3458 2971 3679 3044 ἄνθρω-

399 3084 456 3129 et
486 3071 836 3144 syc0phantis
859 3070 1089 3125 materia
1119 3070 1346 3125 sceleris
1379 3071 1713 3139 praebeatur.
1765 3071 1825 3127 Si
1855 3088 1985 3145 ergo

399 3165 469 3219 ad
493 3165 632 3219 hanc
655 3163 933 3233 petitionis
958 3163 1225 3217 rationem
1254 3163 1619 3232 provinciales
1664 3178 1786 3219 sese
1809 3167 1981 3220 oblir-

400 3272 553 3312 mare
579 3266 812 3326 possunt
842 3257 1105 3312 adversus
1130 3253 1498 3321 Christianos,
1559 3264 1619 3309 ut
1674 3257 1841 3310 etiam
1888 3272 1985 3327 pro

399 3350 662 3407 tribunali
692 3352 1077 3422 respondeant,
1113 3350 1243 3405 illuc
1302 3360 1511 3407 tantum
1567 3365 1691 3405 sese
1746 3361 1981 3420 vertant,

398 3458 510 3498 non
538 3452 716 3498 autem
744 3443 1098 3515 petitionibus
1121 3452 1215 3497 aut
1234 3443 1364 3498 solis
1386 3450 1610 3498 utantur
1627 3444 1980 3500 clamoribus.

400 3534 568 3593 ιιυιιο
594 3535 741 3592 enim
776 3538 950 3606 magis
973 3538 1250 3605 convenit,
1288 3537 1335 3592 si
1363 3537 1486 3607 quis
1539 3552 1796 3593 accusare
1836 3539 1984 3605 velit,

475 3691 591 3761 (92)
622 3691 741 3759 Πρὸ
779 3692 889 3760 τῆς
912 3690 1551 3761 Κρονικῆς.ΗιιΙΙοίιίιιδ
1585 3696 1840 3750 observat
1880 3696 1982 3754 γει.

398 3759 598 3816 Justini
641 3777 693 3829 p.
729 3759 847 3825 155,
886 3759 1028 3819 diem
1066 3759 1288 3817 Veneris
1326 3764 1468 3818 nolle
1493 3767 1769 3833 appellare
1819 3766 1985 3823 Justi-

400 3847 530 3901 num
564 3833 651 3901 ob
701 3848 971 3886 summam
1030 3835 1190 3901 hujus
1225 3836 1340 3889 dea:
1376 3836 1785 3901 turpitudinem.
1824 3837 1986 3893 Ridet

399 3898 728 3973 llalloixium
763 3903 1061 3971 Thirlbius,
1089 3898 1235 3973 Quod
1266 3906 1401 3970 haec,
1438 3898 1497 3959 υἰ
1523 3909 1772 3962 abstrusa
1805 3921 1858 3962 et
1879 3910 1987 3963 dif-

402 3971 587 4045 ticilia,
624 3989 730 4045 non
774 3976 891 4028 sine
924 3971 1122 4045 magno
1144 3985 1407 4044 apparatu
1439 3976 1783 4032 observanda
1817 3984 1986 4034 duxe-

398 4043 512 4105 rit;
570 4057 639 4119 ac
663 4044 791 4119 joco
847 4059 964 4119 non
1004 4043 1564 4119 titultutn_probando
1616 4049 1825 4119 gratias
1874 4051 1987 4119 agit

408 4127 428 4162 ι
461 4112 818 4181 sagacissimo
849 4113 1145 4181 Halloixio,
1175 4115 1261 4169 vel
1287 4112 1491 4184 'potius
1533 4112 1811 4173 Ludovico
1841 4112 1985 4175 de'la

399 4179 575 4237 Cerda
607 4199 636 4235 ιι
669 4199 777 4238 uno
813 4186 915 4238 hoc
937 4184 1230 4238 suil‘nratus
1253 4196 1357 4238 est.
1399 4204 1418 4237 ι

548 4200 575 4235 a
607 4199 636 4235 a
669 4199 777 4241 ano
813 4199 915 4239 IIOC
937 4199 1230 4241 suunralus
1253 4199 1357 4239 εει.
1399 4204 1418 4237 ι

474 4199 575 4235 :rua
607 4199 636 4235 ιι
669 4199 777 4253 quo
813 4199 915 4239 hoc
937 4199 1230 4241 suuuratus
1253 4199 1357 4239 est.
1399 4204 1418 4237 ι

474 4251 594 4331 (93)
628 4255 688 4331 ’ξφ
724 4255 910 4323 φίλον
936 4254 1016 4320 τῷ
1039 4254 1403 4331 Θεῷ,,ςοῦξο.
1438 4256 1662 4331 Legitur
1690 4259 1757 4331 ad
1810 4275 1985 4331 marg.

2087 3080 2179 3117 ποι
2205 3065 2582 3135 ταράττωνται
2605 3106 2619 3130 ,
2650 3066 2743 3119 καὶ
2768 3069 2881 3130 τοῖς
2919 3068 3282 3138 συκοφάνταις
3312 3070 3545 3141 χορηγία
3574 3088 3682 3123 κα-

2086 3154 2346 3224 κουργίας
2388 3156 2727 3227 παραηεθῇ.
2771 3158 2865 3210 Ἂν
2903 3155 2997 3212 οὖν
3028 3158 3103 3230 (2)
3134 3159 3320 3229 σαφῶς
3346 3163 3425 3224 είς
3464 3160 3679 3233 ταύτην

2084 3244 2183 3316 τὴν
2221 3246 2443 3312 ἀξίωσιν
2478 3250 2528 3301 oi
2556 3250 2895 3320 ἐπαρχιῶται
2929 3250 3196 3305 δύνωνται
3238 3252 3677 3326 διισχυρίζεσθαι

2088 3338 2229 3393 κατὰ
2263 3338 2371 3392 τῶν
2402 3341 2765 3411 Χριστιανῶν,
2796 3343 2873 3407 ὡς
2898 3342 2990 3395 καὶ
3017 3344 3125 3415 πρὸ
3158 3344 3402 3417 βήματος
3441 3346 3677 3419 ἀποκρί-

2086 3432 2269 3487 νεσθαι
2290 3433 2385 3503 (⁸5),
2413 3435 2505 3487 ἐπὶ
2532 3433 2691 3488 τοῦτο
2724 3436 2884 3506 μόνον
2907 3436 3209 3508 τραπῶσιν,
3241 3437 3356 3491 ἀλλ’
3377 3438 3478 3493 οὐκ
3509 3438 3678 3505 ἀξιώ-

2089 3542 2236 3578 σεσιν
2260 3525 2355 3597 (4),
2378 3528 2498 3581 οὐδὲ
2526 3529 2714 3599 μόναις
2740 3528 2909 3599 βοαῖς.
2940 3528 3127 3601 Πολλῷ
3154 3530 3264 3601 γὰρ
3288 3530 3486 3602 μᾶλλον
3506 3548 3675 3603 προσ-

2086 3686 2503 3762 preta_tioni§_(l.
2536 3706 2586 3743 c.
2612 3705 2661 3743 c.
2695 3690 2748 3750 9.
2776 3705 2828 3759 p.
2854 3691 2983 3757 5l5,
3018 3692 3127 3761 sq.)
3157 3691 3277 3748 loco
3330 3693 3673 3762 subrogavit.

2087 3754 2353 3831 ἰἏζΜίι-ῑ.Δ
2382 3754 2671 3813 Comment.
2708 3754 2913 3831 inivel.
2965 3754 3221 3816 marmor.
3280 3762 3334 3817 8.
3360 3754 3669 3831 'Nea'polt‘l.

2086 3828 2550 3903 negligentior.
2586 3870 2601 3894 ,
2636 3832 2743 3885 vol.
2774 3829 2837 3903 ll2
2871 3848 2924 3899 p.
2959 3833 3088 3896 476,
3112 3848 3233 3902 sqq.
3268 3833 3406 3903 (rec.
3435 3835 3487 3887 in
3509 3828 3519 3831 ⁷
3542 3835 3675 3889 Gal-

2088 3899 2579 3973 landii_Biblio_tlt.._
2602 3910 2711 3973 etc_.
2747 3912 2787 3956 t.
2817 3901 2859 3962 Ι,
2893 3903 3107 3973 [ιτ-728,
3141 3899 3323 3972 έιι-(ι.);
3360 3907 3484 3958 add.
3535 3903 3672 3960 Ern.

2087 3969 2470 4046 .inkKiinmel
2497 3971 2627 4046 ;_Qe
2676 3970 2866 4046 Rufino
2894 3969 3134 4028 'Eusebii
3183 3969 3464 4045 interprete
3492 3974 3677 4046 (Geta:

2089 4041 2253 4106 1858,
2290 4042 2371 4109 8,)
2407 4058 2458 4111 p.
2489 4042 2613 4104 175,
2641 4057 2748 4111 sq.,
2772 4042 3004 4097 Secutus
3031 4055 3213 4098 autem
3253 4041 3373 4097 sunt
3421 4041 3672 4101 eamdem

2090 4112 2269 4166 Rulini
2285 4114 2579 4183 editionem
2599 4112 2965 4183 Basileensem
2990 4129 3210 4183 recogn.
3230 4130 3330 4183 per
3353 4115 3503 4170 Beat.
3522 4116 3675 4171 Rhe-

2090 4199 2293 4238 nanqu
2322 4182 2511 4251 (Basil.
2535 4197 2623 4256 ap_.
2645 4181 2729 4237 Jo.
2748 4183 2991 4256 (Froben.
3018 4181 3389 4256 1523,1'ol.)c.
3416 4187 3469 4250 9,
3492 4204 3545 4254 p.
3580 4187 3671 4249 78,

2088 4269 2252 4323 quam
2303 4256 2546 4322 possedit
2589 4251 2674 4308 Jo.
2736 4255 2903 4309 Andr.
2959 4251 3174 4322 Bosius,
3216 4251 3367 4310 lente
3422 4251 3553 4311 olim
3587 4257 3673 4308 bi-

400 4320 757 4418 innmtdicib'us
781 4337 1022 4418 tussi-(et
1053 4328 1192 4395 apud
1217 4324 1284 4379 Β.
1315 4320 1648 4398 Stephanum
1673 4328 1749 4392 ὡς
1774 4330 1852 4401 τῷ
1869 4320 1988 4403 Θέῷ
2016 4358 2067 4418 D
2094 4320 2521 4418 l'iltothecagns';
2555 4325 2645 4418 hic
2674 4327 2819 4379 enim
2862 4320 3344 4418 a...1672,ltnst_um
3374 4326 3670 4418 quemdam

397 4392 574 4467 φίλον,
606 4394 777 4467 ταύτῃ
801 4396 1057 4467 γενέσθω.

470 4465 585 4533 (ιιι)
633 4465 1008 4534 Ἐπιστολῆς.
1044 4466 1328 4523 Habebant
1366 4467 1496 4523 editi
1556 4468 1727 4523 nostri
1759 4478 1815 4525 et
1847 4486 1980 4527 mss.

396 4532 723 4606 ἀποστολῆς,
772 4541 865 4592 sed
902 4532 1095 4591 melius
1152 4539 1419 4594 Eusebius
1464 4544 1556 4607 qui
1618 4542 1763 4595 hunc
1797 4543 1981 4597 locum

400 4606 691 4660 transtulit
727 4609 778 4661 in
807 4608 844 4660 Ι.
880 4623 934 4661 tv
962 4607 1133 4672 Ηὶει.,
1166 4623 1216 4663 c.
1250 4610 1305 4665 8.

469 4675 583 4747 (95)
622 4680 745 4731 Οὐκ
778 4678 849 4731 ἐκ
873 4678 979 4747 τοῦ
993 4681 1320 4747 κεκρίσθαι.
1348 4678 1615 4731 Eusebius
1650 4696 1663 4732 :
1694 4680 1853 4736 τοῦτο
1884 4682 1945 4735 ού

469 4702 583 4745 (δυ)
622 4702 745 4731 υυι
778 4702 849 4731 εκ
873 4702 979 4732 του
993 4702 1320 4747 κεκμιιῑυαι.
1348 4702 1615 4731 ιδιιδυιιιιιδ
1650 4702 1663 4732 ἶ
1694 4702 1853 4736 τουτο
1884 4702 1945 4735 Ου

394 4745 605 4870 ὼςὶὺἐπδ
639 4746 919 4827 ⁹ᾼδριανοῖῖι
952 4748 1238 4803 κελευσθὲν
1266 4748 1464 4820 μᾶλλον
1485 4749 1826 4822 ἠξιώσαμεν·
1847 4702 1986 4808 ἀλλέ

395 4834 468 4870 κα
548 4835 582 4870 κ
605 4835 719 4870 του.

395 4834 490 4871 και
518 4834 582 4870 εκ
605 4835 719 4872 του.

471 4888 586 4958 (96)
624 4889 737 4941 Kal
767 4888 1062 4960 ἐξήγησιν
1106 4888 1490 4961 πεποιήμεθα.
1560 4891 1816 4949 Mentlose
1869 4894 1983 4949 ιιωο

394 4958 590 5047 ρεδιιιιιι
614 4961 755 5047 apud
779 4958 1099 5047 Eusebium,
1142 4965 1280 5047 apud
1322 4958 1483 5030 quem
1515 4961 1714 5033 legitur
1746 4976 1980 5032 tantum,

393 5027 815 5112 δικαίανίηξίουν
842 5032 941 5112 τῂν
971 5027 1377 5112 προσφῴνησιν.

467 5100 581 5168 (97)
615 5102 723 5154 Καὶ
751 5100 908 5156 κατᾶ
930 5100 1137 5156 τοῦτο.
1168 5100 1431 5157 Eusebius
1458 5101 1749 5157 καὶτοῦτο.

468 5172 581 5240 (98)
608 5172 877 5244 Καὶγέστι
893 5173 959 5226 τὸ
985 5174 1353 5244 ἀντίγραφον
1374 5174 1571 5228 τοῦτο.
1604 5175 1827 5244 Legitur
1859 5187 1979 5231 tan-

395 5248 510 5294 tttm
544 5244 682 5309 apud
726 5243 1037 5308 Eusebium,
1065 5243 1159 5297 καὶ
1181 5243 1297 5297 ἐστι
1326 5244 1465 5297 τόδε.
1485 5243 1811 5301 -οιιιδιίιιιιε
1842 5260 1979 5302 teste

392 5311 626 5390 Eusebio
650 5313 709 5390 (Ι.
744 5329 796 5390 c.
826 5327 842 5365 :
891 5313 1059 5390 αὐτὴν
1079 5314 1467 5390 παρατέθειται
1502 5314 1611 5390 (se.
1638 5315 1979 5390 Jus_titi.]'ci)v

405 5381 722 5459 Ῥωιμαῖκὴν
773 5381 1130 5459 ἀντιγραφὴν,
1161 5381 1346 5459 ξῆμείς
1376 5387 1420 5439 δ’
1449 5381 1543 5438 ἐπὶ
1566 5387 1626 5439 τὸ
1671 5381 1977 5459 Ἑλληνικόν

393 5452 536 5505 κατὰ
558 5452 787 5538 δύναμιν
809 5452 1437 5538 αὺτῆνμέτειλήφαμεν)
1474 5462 1769 5538 genuinum
1799 5452 1978 5538 ’ἰοει-

394 5539 477 5574 mt-
505 5528 759 5606 epistola:
783 5528 1093 5596 exemplum
1143 5530 1408 5653 aJJOIOgltc
1451 5530 1710 5598 ascripsit
1758 5531 1919 5599 idque
1946 5549 1976 5583 ιι

395 5592 594 5647 ltuhno
620 5607 901 5668 servatum
926 5597 1142 5667 repetii.
1200 5614 1283 5652 am
1310 5597 1463 5653 Alex.
1486 5602 1637 5668 Sym.
1666 5598 1976 5655 Muzochius

397 5669 653 5738 rescripti
682 5666 827 5723 illius
852 5666 1112 5725 Adrianei
1164 5679 1399 5735 textum,
1437 5666 1599 5738 quem
1633 5672 1973 5738 Aquileieusi

395 5736 712 5808 presbytero
744 5738 1048 5795 redivivqu
1097 5741 1380 5798 debemus.
1430 5736 1748 5797 Eusebiauie
1803 5741 1975 5796 inter-

2092 4396 2336 4465 codicem
2367 4393 2859 4465 Norimbergensem
2914 4396 2985 4449 ita
3040 4399 3316 4461 exhausit,
3347 4393 3538 4451 omnes
3588 4395 3672 4449 le-

2084 4464 2300 4538 ctiones
2319 4474 2379 4519 ut
2403 4468 2633 4532 margini
2651 4464 2793 4538 illius
2816 4467 3077 4538 editionis
3093 4485 3238 4524 nunc
3264 4484 3317 4522 tn
3339 4465 3673 4521 bibliotheca

2094 4530 2305 4589 lenensi
2321 4530 2609 4586 asservabat:
2621 4535 2937 4593 ascriberet.
2960 4536 3133 4593 Orro.

2156 4606 2267 4678 (99)
2304 4605 2431 4678 Haec
2467 4615 2553 4678 est
2600 4608 2848 4675 rescripti
2886 4608 3292 4677 interpretatio,
3327 4621 3491 4678 quam
3520 4619 3677 4675 post-

2086 4676 2305 4748 modum
2334 4676 2563 4741 librarii,
2590 4678 2865 4748 primitivo
2890 4676 3186 4748 exemplari
3230 4688 3437 4747 spreto,
3462 4676 3672 4731 Justini

2083 4745 2362 4871 apologiw
2394 4761 2460 4801 ex
2497 4747 2712 4801 Eusebii
2745 4744 2891 4803 Hist.
2915 4744 3070 4814 ach,
3110 4764 3186 4815 tv,
3212 4744 3670 4816 8,2ttexuerunt.

2134 4833 2263 4871 ττο.

2134 4833 2263 4872 ττο.

2153 4891 2230 4956 (li
2266 4888 2573 4957 Σερηνίου.
2596 4886 2775 4944 Mallet
2805 4887 3053 4944 Valesius
3086 4904 3207 4943 cum
3241 4886 3438 4944 Rufino
3464 4900 3517 4945 et
3544 4889 3675 4946 Hie-

2086 4972 2314 5027 ronymo
2375 4961 2736 5015 Serenianum
2804 4961 2949 5014 hunc
3008 4961 3394 5029 proconsulem
3448 4975 3671 5025 vocare,

2082 5045 2240 5097 quem
2266 5030 2484 5098 quidem
2522 5041 2645 5098 post
2675 5032 2886 5085 litteras
2900 5030 3142 5085 Adriano
3169 5032 3363 5085 missas
3385 5045 3414 5083 e
3445 5032 3557 5085 vita
3584 5034 3667 5087 vel

2083 5114 2114 5152 e
2146 5100 2424 5169 provntcia
2468 5102 2773 5156 decessisse
2813 5109 2991 5170 putat,
3017 5112 3073 5155 et
3123 5101 3328 5155 ideirco
3363 5101 3666 5156 Atlrianttnt

2082 5169 2231 5224 illius
2268 5172 2578 5225 suecessori
2645 5169 3013 5240 respondisse.
3040 5170 3196 5225 Hanc
3229 5181 3410 5225 autem
3442 5172 3667 5226 Adriani

2081 5243 2366 5310 epistolam
2389 5240 2584 5296 Latino
2602 5258 2855 5297 sermone
2881 5244 3002 5295 huic
3027 5241 3225 5297 Justini
3246 5242 3515 5311 Apologia:
3539 5244 3672 5297 sub-

2075 5311 2276 5381 jectum
2322 5313 2590 5367 Eusebius
2631 5312 2819 5368 Grznce
2857 5312 3113 5375 reddidit,
3147 5320 3204 5365 ut
3235 5313 3349 5379 ipse
3395 5323 3667 5382 testatur;

2080 5394 2135 5437 et
2167 5399 2233 5437 ex
2264 5384 2406 5436 illius
2434 5383 2671 5438 Historia
2706 5385 2799 5437 lib.
2836 5399 2908 5442 tv.
2946 5399 2998 5435 e.
3022 5383 3075 5447 9,
3125 5385 3234 5437 huc
3268 5384 3528 5437 translata
3555 5396 3669 5439 εει.

2122 5454 2230 5537 .(2)
2263 5456 2363 5508 Ἂν
2398 5449 2530 5508 οὖν.
2566 5458 2762 5510 Euseb.
2796 5456 2844 5506 ei
2873 5448 2989 5516 οὖν,
3043 5464 3100 5507 et
3152 5468 3280 5507 mox
3324 5453 3670 5525 ἐπαρχιῶται

2077 5523 2724 5667 auzgﬁthpn-wmu.
2758 5596 2957 5667 Euseb.
2990 5594 3413 5667 ἀποκρίνασθαι.
3448 5593 3555 5650 Sed
3612 5594 3671 5651 in

2080 5665 2352 5723 nonnullis
2387 5685 2519 5722 mss.
2553 5668 2830 5737 codicibus
2876 5666 3078 5737 legitur
3113 5665 3171 5719 ut
3199 5667 3340 5737 apud
3363 5665 3667 5723 Justinum.

2149 5739 2226 5809 (4)
2262 5737 2622 5803 Ἀξιώσεσιν.
2651 5734 2953 5794 Observat'
2975 5734 3355 5794 Valesius‘hac
3396 5750 3530 5792 voce
3572 5740 3669 5795 do
