4006 6254
382 401 489 456 455

1326 398 1384 455 S.
1424 396 1685 453 JUSTINI
1724 388 2131 449 PHILOSOPHI
2165 387 2251 443 ET
2287 382 2645 439 MARTYBIS

3526 366 3640 429 I36

383 524 512 575 illuu
546 531 760 589 tempus
780 520 913 572 deos
945 521 1161 574 nescire
1194 516 1471 580 videmini,
1520 524 1574 570 et
1611 515 1810 583 templa
1849 527 1947 567 ne-
1975 546 1985 573 ι

2096 505 2202 559 εόν.
2234 504 2344 556 Καὶ
2383 502 2537 571 ὑμεῖς
2564 500 2659 569 μὲν
2693 499 2906 565 ἀγνοεῖν
2930 494 3133 549 δοκεῖτε
3158 493 3286 564 παρ’
3311 491 3518 543 ἐκεῖνον
3538 488 3635 543 τὸν

382 615 608 682 gligitis.
652 628 753 667 nec
785 611 879 664 Dei
910 611 1122 665 colendi
1171 610 1438 663 rationem
1475 610 1667 663 nostis.
1709 606 1859 662 Unde
1895 614 1951 659 et

386 707 513 770 illis,
553 707 643 775 qui
706 722 827 758 eum
887 704 1091 767 colant,
1145 705 1422 764 invidetis,
1482 712 1538 755 et
1597 701 1664 753 ad
1722 709 1949 753 mortem

387 784 962 866 usque'insectamiui.
995 795 1069 849 De
1096 793 1358 864 ejusmodi
1404 791 1713 845 hominibus
1759 800 1815 842 et
1862 787 1956 840 alii

387 890 611 957 quidam
672 888 1074 958 provinciarum
1136 898 1379 941 rectores
1448 882 1783 936 divinissimo
1836 896 1956 933 meo

386 983 527 1051 patri
552 983 904 1051 scripserunt.
940 982 1146 1047 Quibus
1174 979 1262 1033 ille
1296 978 1580 1047 rescripsit
1628 976 1760 1030 nihil
1794 988 1958 1041 nego-

390 1075 450 1128 tii
480 1074 845 1129 exhibendum
872 1090 992 1129 esse
1037 1073 1235 1127 talibus
1287 1072 1615 1133 hominibus,
1670 1068 1773 1122 nisi
1829 1066 1957 1135 quid

389 1164 655 1218 adversus
686 1164 975 1232 imperium
1001 1165 1306 1218 Romanum
1339 1161 1516 1215 moliri
1546 1159 1961 1230 deprehendan-

388 1264 497 1307 tur.
525 1254 665 1319 Quin
697 1265 751 1309 et
774 1254 841 1308 ad
876 1270 961 1309 me
988 1254 1140 1308 multi
1175 1253 1238 1307 de
1262 1252 1370 1306 illis
1395 1250 1719 1314 retulerunt,
1756 1248 1956 1318 quibus

389 1360 491 1416 ego
531 1346 783 1412 respondi
832 1351 1012 1414 patris
1057 1345 1161 1398 mei
1213 1342 1544 1398 sententiam
1598 1350 1838 1396 secutus.
1902 1338 1962 1393 Si

390 1441 515 1508 quis
547 1452 727 1496 autem
772 1444 1034 1495 adversus
1082 1440 1318 1507 aliquem
1364 1436 1617 1499 illorum,
1672 1445 1731 1488 ut
1777 1433 1963 1497 talem,

392 1533 665 1587 actionem
728 1535 1017 1595 instituat,
1079 1530 1293 1586 delatus
1340 1530 1569 1583 crimine
1612 1526 1963 1589 absolvatur,

391 1627 606 1682 etiamsi
637 1628 784 1679 illum
819 1626 981 1679 talem
1013 1639 1134 1679 esse
1158 1629 1371 1679 constet
1411 1642 1422 1675 :
1458 1620 1667 1675 delator
1698 1633 1828 1673 vero
1846 1632 1962 1687 pm-

392 1736 494 1775 nas
518 1720 651 1774 luet.
695 1738 713 1772 ι

2056 598 2246 669 χρόνον
2273 595 2396 657 τοὺς
2420 593 2573 655 θεοὺς
2598 590 2731 660 (16),
2760 588 2855 641 καὶ
2886 586 2991 640 τῶν
3020 584 3181 656 ἱερῶν
3211 584 3481 653 ἀμελείτε,
3507 582 3639 655 θρη.

2056 688 2245 741 σκείαν
2273 685 2329 739 δέ
2371 685 2470 755 τὴν
2510 682 2637 754 περ)¹
2676 682 2765 733 τὸν
2807 680 2938 732 Θεὸν
2985 679 3085 732 οὐκ
3116 674 3427 729 ἐπίστασθε.
3473 672 3640 727 Ὅθεν

2056 780 2299 842 καὶτοὺς
2332 775 2734 849 θρησκεύοντας
2772 769 3102 843 ἐζηλώκατε,
3139 770 3234 822 καὶ
3262 766 3491 821 διώκετε
3528 768 3639 827 ἓως

2059 872 2307 925 θανάτου.
2366 870 2538 939 Ὑπὲρ
2577 867 2682 920 τῶν
2716 864 2967 920 τοιούτων
3011 863 3106 916 καὶ
3152 861 3301 915 ἄλλοι
3343 860 3486 922 τινές
3528 858 3645 911 τῶν

2059 963 2185 1035 περὶ
2211 963 2306 1026 τὰς
2341 962 2609 1033 ἐπαρχίας
2641 958 2922 1029 ἡγεμόνων
2943 954 3018 1025 τῷ
3055 953 3316 1023 θειοτάτῳ
3342 970 3441 1023 μου
3468 950 3641 1022 πατρὶ

2060 1053 2303 1124 ἔγραψαν
2324 1070 2336 1082 ·
2360 1046 2440 1115 οἷς
2463 1051 2557 1102 καὶ
2591 1046 2899 1119 ἀντέγραψε
2941 1045 3105 1116 μηδὲν
3135 1043 3309 1114 ὀχλείν
3338 1045 3449 1104 τοῖς
3466 1039 3640 1094 τοιού-

2059 1164 2191 1209 τοις,
2215 1148 2263 1198 ei
2293 1145 2366 1216 μὴ
2397 1142 2669 1213 φαίνοιντό
2702 1159 2752 1193 τι
2783 1139 2876 1192 ἐπὶ
2905 1138 3001 1209 τὴν
3030 1134 3325 1208 ἠγεμονίαν
3354 1132 3642 1203 Ῥωμαίων

2062 1235 2432 1307 ἐγχειροῦντες
2451 1252 2463 1264 ο
2501 1234 2596 1286 καὶ
2619 1233 2743 1303 ἐμοὶ
2780 1232 2839 1285 δὲ
2869 1230 2999 1302 περὶ
3023 1230 3129 1282 τῶν
3166 1228 3421 1281 τοιούτων
3451 1225 3641 1279 πολλοὶ

2061 1330 2334 1400 ἐσήμαναν
2352 1345 2364 1357 °
2394 1322 2473 1390 οἷς
2495 1326 2559 1397 δὴ
2580 1327 2674 1379 καὶ
2695 1323 3031 1395 ἀντέγραψα,
3061 1324 3125 1392 τῇ
3156 1320 3248 1375 τοῦ
3284 1319 3489 1391 πατρός
3530 1334 3639 1387 μου

2063 1419 2472 1477 κατακολουθῶν
2506 1417 2720 1491 γνώμῃ.
2778 1418 2840 1469 Εἰ
2868 1416 2924 1469 δέ
2952 1432 3035 1479 τις
3059 1414 3171 1484 ἔχει
3204 1413 3315 1484 (17)
3346 1411 3481 1483 πρός
3516 1427 3641 1463 τινα

2064 1512 2170 1565 τῶν
2198 1510 2454 1565 τοιούτων
2487 1512 2720 1583 πρᾶγμα
2746 1508 3079 1577 καταφέρειν
3104 1506 3179 1569 ὼς
3207 1504 3468 1569 τοιούτου,
3494 1504 3644 1555 ἐκεῖ-

2064 1621 2153 1667 νος
2181 1604 2209 1656 ό
2248 1602 2691 1674 καταφερόμενος
2731 1598 3080 1655 ἀπολελύσθω
3131 1596 3223 1651 τοῦ
3260 1597 3644 1668 ἐγκλήματος,

2065 1695 2169 1750 κᾶν
2199 1696 2453 1766 φαίνηται
2482 1694 2718 1757 τοιοῦτος
2751 1692 2827 1746 ὥν
2847 1710 2859 1722 ³
2889 1693 3094 1755 ἐκεῖνος
3126 1690 3182 1743 δέ
3224 1692 3254 1744 ό
3295 1688 3651 1759 καταφέρων,

2067 1784 2251 1856 ἔνοχος
2286 1784 2436 1838 ἔσται
2469 1787 2536 1855 τῇ
2569 1784 2715 1855 δίκῃ.
2758 1802 2775 1835 ι

396 1897 569 1953 Marci
598 1897 929 1969 imperatoris
964 1893 1203 1969 Epistula
1226 1892 1295 1944 ad
1321 1900 1580 1969 senatuin,
1601 1904 1708 1969 qua
1744 1896 1965 1942 testatur

2094 1901 2307 1969 Idpxqv
2322 1897 2626 1969 βασιλέως
2650 1896 2974 1969 Ἐπιστολὴ
2986 1894 3262 1969 πρὸς-τὴν
3276 1896 3653 1969 σύγκλητον,

644 1966 970 2022 Christianos
1011 1960 1245 2018 uictoria:
1282 1977 1498 2015 causam
1533 1960 1716 2028 fuisse.

468 2125 554 2178 71.
602 2142 619 2174 ι
657 2123 959 2192 Imperator
987 2120 1172 2175 Caesar
1226 2117 1300 2172 Μ.
1338 2116 1592 2171 Aurelius
1638 2114 1965 2175 Antoninus,

397 2214 781 2279 Germanicus,
840 2212 1154 2279 Parthicus,
1214 2209 1577 2272 Sarmaticus,
1632 2207 1833 2277 p0pulo
1862 2204 1969 2259 Ro-

399 2325 564 2364 mano
589 2319 643 2363 et
671 2324 829 2363 sacro
861 2308 1072 2363 senatui
1110 2303 1714 2361 salutem—Certiores
1732 2318 1828 2357 vos
1862 2300 1970 2355 feci

399 2404 467 2457 de
497 2401 707 2458 consilii
734 2403 837 2457 mei
862 2400 1253 2471 magnitudine,
1281 2399 1394 2470 86
1416 2398 1603 2468 quales
1629 2398 1695 2451 ad
1726 2396 1968 2452 confinia

400 2495 712 2550 Germaniae
741 2510 805 2549 ex
840 2491 1184 2556 discrimine,
1220 2491 1273 2545 in
1315 2490 1458 2561 quod
1491 2490 1557 2545 ab
1586 2489 1835 2545 hostibus
1864 2489 1973 2544 cir-

400 2589 684 2643 cumdatus
715 2600 989 2650 veneram,
1029 2584 1290 2638 utilitates
1338 2592 1391 2637 et
1441 2582 1725 2637 commoda
1776 2596 1972 2636 conse-

404 2687 564 2734 cutus
589 2680 712 2741 sim,
735 2692 859 2731 cum
895 2694 982 2732 me
1008 2676 1349 2731 laborantem
1378 2683 1433 2731 et
1462 2673 1732 2730 defessum
1769 2673 1974 2729 cinxis-

404 2778 528 2826 sent
550 2770 888 2840 septuaginta
934 2779 1171 2839 quatuor
1216 2771 1503 2834 dracones,
1551 2783 1742 2823 novem
1779 2768 1976 2822 millia-

478 2888 590 2956 (16)
626 2890 880 2958 Ἀγνοεῖν
915 2887 1206 2943 δοκεῖτε...
1241 2886 1384 2952 τοὺς
1409 2886 1603 2951 θεούς.
1622 2884 1773 2958 Quod
1788 2885 1977 2958 ethni-

407 2955 493 3016 cis
511 2955 801 3028 exprobrat
841 2962 1093 3015 ethnicus
1136 2959 1452 3026 imperator,
1513 2972 1609 3011 eos
1651 2956 1702 3009 in
1734 2955 1977 3009 adversis

408 3030 574 3086 rebus
605 3032 829 3085 deorum
857 3031 1056 3099 templa
1082 3029 1373 3098 negligere,
1403 3042 1503 3099 nec
1550 3036 1730 3099 tamen
1792 3039 1977 3078 veram

412 3101 507 3156 Dei
554 3102 763 3155 colendi
803 3096 1069 3156 rationem
1107 3096 1364 3166 assequi,
1413 3098 1464 3151 id
1509 3096 1641 3150 satis
1692 3106 1978 3166 consenta-

412 3186 573 3227 neum
601 3183 683 3225 est
711 3173 796 3226 his
844 3189 963 3242 qua:
989 3165 1496 3242 apudiLactantium
1522 3167 1774 3242 leguntur
1798 3165 1891 3219 lib.
1914 3180 1975 3242 t_t,

414 3256 539 3309 cap.
569 3257 582 3294 ι
612 3260 623 3293 :
664 3260 682 3292 ‹
717 3245 785 3296 At
812 3230 965 3307 vero,
1000 3230 1193 3312 inquit,
1225 3239 1415 3312 si_qua
1468 3230 1765 3312 necessitas
1795 3236 1980 3304 gravis
2009 3230 2051 3288 C

413 3306 867 3394 presserithtune
904 3306 1484 3394 Deum'recorda’ntnur.
1536 3307 1591 3389 Si
1632 3306 1757 3387 belli
1784 3316 1982 3394 ‘terro-r

415 3376 795 3447 inh'emuerit;
825 3384 870 3437 si
901 3383 1214 3451 morborum
1242 3377 1499 3451 pestifera
1530 3378 1611 3451 vis
1654 3376 1982 3451 incubuerit,

416 3451 463 3505 si
496 3454 752 3505 alimenta
780 3445 1026 3522 frugibus
1068 3445 1494 3522 l'ongafsiccitas
1524 3446 1897 3522 denegaverit,
1938 3445 1985 3499 si

418 3536 559 3576 saeva
595 3518 911 3591 tempestas,
937 3525 981 3577 si
1011 3518 1219 3591 grando
1244 3519 1545 3591 ingruerit:
1566 3518 1631 3572 ad
1665 3519 1829 3571 Deum
1855 3530 1987 3570 con-

421 3593 662 3660 fugiunt;
696 3587 724 3644 a
757 3594 864 3647 Deo
893 3587 1094 3662 petifur
1113 3587 1472 3643 auxilium...
1492 3587 1785 3656 Postquam
1812 3596 1991 3662 metus

421 3656 683 3726 deseruit,
714 3672 767 3715 et
794 3656 1037 3731 pericula
1080 3668 1446 3731 recesserunt,
1480 3668 1592 3731 tum
1620 3656 1991 3731 veroalacres

422 3733 493 3783 ad
520 3725 744 3787 deordm
775 3725 971 3801 templa
999 3740 1370 3801 concurrunt;
1400 3730 1482 3782 his
1506 3728 1695 3801 libant,
1717 3726 1802 3801 liis
1823 3725 1992 3779 sacri-

422 3803 610 3867 ﬁcant,
642 3806 741 3857 hos
772 3798 1061 3857 coronant.
1093 3800 1202 3853 Deo
1227 3808 1405 3853 autem
1447 3813 1609 3868 quem
1654 3798 1706 3850 in
1736 3798 1852 3865 ipsa
1898 3810 1995 3868 ne-

424 3866 683 3927 cessitate
712 3873 1174 3942 imploraverunt,
1207 3884 1275 3923 ne
1307 3866 1481 3942 verbo
1518 3868 1735 3942 quidem
1760 3866 1996 3942 _gra_tias

426 3956 615 4014 agunt.
646 3962 664 3995 ι
686 3936 990 4014 γδιιὲιοιιὶυδ
1017 3944 1084 3996 de
1109 3936 1613 4014 morteGermanici
1644 3937 1722 4014 sic
1760 3936 1997 4014 loquitur

428 4006 490 4070 ui
519 4013 634 4068 Vita
659 4013 773 4068 Caii
796 4014 1073 4081 Caligulaz:
1096 4031 1114 4062 ι
1138 4013 1253 4077 Quo
1272 4009 1555 4065 defunctus
1574 4008 1774 4071 estdie,
1796 4006 1995 4081 inquit,

432 4086 665 4153 lapidata
692 4093 819 4139 sunt
854 4076 1072 4153 templa,
1098 4076 1373 4153 subversa:
1428 4082 1594 4153 Deum
1644 4093 1772 4153 arte,
1801 4076 1943 4153 lares
1968 4092 1999 4129 a

431 4146 754 4225 quibusdam
788 4146 1086 4209 familiares
1122 4155 1173 4205 in
1206 4152 1475 4220 publicum
1509 4148 1723 4219 abjecti.
1762 4165 1780 4198 ›
1830 4146 2001 4201 Totus

434 4227 525 4280 hic
581 4226 734 4278 locus
759 4229 897 4294 apud
946 4225 1141 4279 Euseb.
1172 4241 1281 4294 non
1308 4231 1622 4294 accuratus.

508 4294 621 4364 (Π)
651 4298 721 4348 Εἰ
745 4288 812 4349 δέ
841 4313 929 4361 τις
950 4297 1093 4365 ἔχει.
1128 4293 1392 4349 Eusebius
1417 4307 1439 4365 _:
1469 4291 1532 4342 El
1564 4289 1623 4365 δε
1650 4308 1732 4365 τις
1758 4288 2002 4365 ἐπιμένοι

438 4359 559 4423 τινὰ
571 4359 676 4420 τῶν
695 4359 946 4438 τοιούτων
959 4359 1036 4430 εἷς
1055 4368 1352 4438 πράγματα
1365 4362 1563 4438 φέρων,
1580 4361 1653 4423 ὡς
1668 4361 1731 4431 δὴ
1744 4359 2002 4438 τοιοῦτον.

508 4442 620 4509 (18)
660 4436 1045 4506 Αὐτοκράτωρ
1067 4433 1312 4503 Καῐόαρ.
1336 4434 1413 4509 De
1437 4435 1537 4485 hac
1572 4433 1820 4499 epistola,
1842 4446 2004 4498 quam

436 4505 657 4579 quidam
690 4524 796 4563 non
824 4505 1300 4579 doctissimusbtti
1334 4505 1415 4556 sui
1445 4514 1852 4579 tito_ttutnentu_tn
1884 4514 2006 4554 esse

440 4576 631 4647 voluit,
686 4580 1005 4633 disserimus
1060 4576 1279 4631 Prmfat.

439 4640 783 4708 Eichstadius
810 4650 863 4703 in
893 4649 1187 4703 Exercitat.
1216 4640 1471 4701 Antoniu.
1507 4645 1567 4701 Il.
1602 4643 1639 4695 Ι.
1674 4659 1746 4706 c.,
1776 4658 1828 4709 p.
1873 4640 2001 4705 245,

438 4731 555 4776 not.
580 4721 633 4783 4,
664 4730 911 4789 apertum
941 4735 1061 4774 esse
1090 4721 1231 4773 hanc
1255 4717 1539 4789 epistolam
1572 4717 1637 4767 ab
1659 4716 1772 4782 ipso
1791 4711 2003 4789 iustitio

440 4794 514 4847 ibi
545 4781 730 4859 reponi
765 4806 870 4845 non
905 4794 1167 4859 potuisse,
1221 4781 1313 4858 qui
1362 4787 1453 4859 diu
1510 4798 1654 4859 ante,
1678 4781 1870 4859 ;t]uatll
1916 4781 2001 4834 illa

439 4854 715 4925 ederetur,
736 4854 1007 4932 inartjrio
1037 4854 1328 4932 periisseta
1363 4854 1508 4932 Idem
1563 4856 1625 4910 V.
1676 4854 2003 4932 “textum

441 4922 925 4994 reddidit,'Gra:ci's
943 4922 1191 5003 appOsuit
1214 4929 1402 5003 Latina
1425 4927 1491 5003 (|_._
1512 4940 1583 5003 c._,
1610 4941 1662 4994 p.
1687 4922 2000 5003 216,.sqq.):

444 5022 465 5054 ι
489 5006 562 5057 Ea
575 5003 820 5074 quidem,
850 4994 1260 5074 qute't'anquam
1285 5014 1350 5074 ert
1368 4997 1707 5074 bibliotheca;
1728 4994 2002 5074 Vaticana:

440 5068 675 5127 cimeltis
700 5068 977 5144 protracta
1011 5068 1219 5144 primus
1252 5072 1302 5144 ιιι
1331 5070 1504 5122 lucem
1551 5069 1724 5144 edidit
1763 5068 2001 5134 Angelus

442 5146 662 5197 ltoccha
694 5138 794 5213 (De
817 5138 1130 5197 bibliotheca
1171 5141 1423 5195 Vaticana
1454 5155 1507 5207 p.
1572 5138 1719 5207 288),
1780 5146 1835 5213 ut
1889 5151 2001 5203 ipsa

441 5215 655 5268 scilicet
683 5206 1029 5283 imperatoris
1058 5229 1243 5277 manu,
1266 5226 1427 5283 quam
1456 5206 1637 5275 vocat,
1666 5206 1763 5283 nos
1788 5206 1999 5272 bearet,

442 5288 535 5354 qui
564 5300 695 5339 sane
727 5280 830 5338 non
869 5285 975 5337 alia
1005 5288 1182 5355 lingua
1207 5280 1369 5349 quam
1394 5280 1726 5355 llontanaad
1749 5289 2000 5333 senatum

442 5352 748 5410 Rollianuut
819 5352 1113 5410 scribebat.
1161 5356 1392 5409 Baccha:
1452 5352 1831 5407 auctoritatem
1892 5364 1999 5401 non

444 5434 667 5480 tuentur
712 5430 918 5491 ett-teri,
972 5428 1062 5497 qui
1101 5428 1347 5480 eamdem
1388 5424 1691 5478 Versionem
1732 5420 1999 5497 reperire:

445 5505 592 5552 runt.
630 5497 763 5551 Nam
786 5488 1101 5553 Lati—na'tlla
1125 5497 1393 5551 recentius
1420 5509 1559 5558 esse,
1590 5502 1709 5562 post
1739 5488 2001 5557 Scaligeri

444 5570 583 5620 adeo
610 5578 849 5633 aetatem,
896 5572 1240 5632 conlicta,ne
1288 5568 1322 5619 ii
1378 5564 1595 5633 quidem
1648 5575 1846 5633 negare
1874 5570 2002 5614 sunt

445 5638 590 5701 ausi,
616 5639 709 5710 qui
734 5632 976 5709 epistola:
1006 5655 1173 5709 Ipsius
1199 5632 1465 5710 vindictas
1492 5644 1740 5710 egerunt.
1769 5632 2001 5710 goncin-

444 5700 721 5765 natast-int
746 5700 889 5765 enim
919 5712 983 5763 ad
1008 5700 1294 5765 censuram
1320 5700 1630 5762 Graecorum
1672 5700 1998 5771 Scaligeria-

448 5792 571 5850 nam
606 5781 685 5850 (cf
729 5783 842 5837 Jos.
873 5780 1137 5850 Scaligeri
1179 5778 1542 5850 Animadvers.
1584 5776 1637 5850 in
1675 5770 1994 5850 Chronolog.

445 5844 641 5909 Euseb.
672 5869 723 5926 p.
754 5852 906 5926 225),
952 5844 1142 5923 ιη’ρὶδ
1188 5850 1397 5909 scilicet
1450 5848 1638 5904 fraude
1677 5844 1999 5903 tollerentur

2136 1965 2207 2027 ἐν
2230 1965 2269 2041 ᾖ
2289 1968 2575 2039 ⁶ιιοιοτυριεῖ
2597 1967 2987 2041 {mortar-00¢
3024 1967 3252 2034 αἰτίους
3290 1966 3653 2036 γεγενῆσθαι

2139 2038 2262 2110 τῆξ
2286 2038 2462 2109 νίκης
2494 2038 2711 2093 αὐτῶν.

2140 2134 2228 2186 71.
2275 2131 2649 2203 Αὐτοκράτωρ
2695 2133 2913 2204 Καῖσαρ
2960 2130 3072 2202 (18)
3111 2130 3337 2202 Μάρκος
3378 2127 3652 2201 Αὐρήλιος

2084 2224 2780 2297 Ἀντωνῖνος,Γερμανικὸς,
2802 2223 3091 2298 Παρθικὸς,
3105 2224 3469 2296 Σαρματικὸς,
3492 2222 3553 2293 δή
3564 2240 3661 2293 μῳ

2084 2316 2385 2388 Ῥωμαίων,
2415 2316 2509 2370 καὶ
2536 2318 2600 2387 τῇ
2638 2316 2759 2387 ἱερᾷ
2793 2314 3081 2385 συγκλήτῳ
3106 2312 3655 2386 χαίρειν.-Φανερὲ

2072 2410 2200 2481 ύμῖν
2228 2410 2461 2480 ἐποίησα
2483 2408 2549 2462 τὰ
2575 2406 2664 2462 τοῦ
2692 2406 2823 2478 ἐμοῦ
2856 2406 3057 2461 σκοποῦ
3093 2405 3294 2479 μεγέθη
3320 2403 3451 2477 (19),
3490 2405 3657 2456 ὁποῖα

2073 2503 2132 2554 ἐν
2163 2503 2230 2571 τῇ
2264 2498 2543 2574 Γερμανίᾳ
2573 2500 2638 2552 ἐκ
2668 2486 3042 2571 περιστάσεως
3076 2496 3161 2550 διὰ
3190 2494 3481 2568 περιϐολῆς
3510 2496 3656 2547 ἐπα-

2076 2591 2454 2663 κολουθήματα
2478 2591 2709 2663 ἐποίησα
2741 2592 2799 2644 ἐν
2830 2593 2894 2661 τῇ
2927 2588 3154 2661 μεθορίᾳ
3183 2587 3377 2659 καμὼν
3410 2587 3504 2641 καὶ
3546 2604 3660 2639 πα-

2077 2683 2186 2737 θὼν
2212 2684 2343 2756 (20),
2374 2686 2431 2737 ἐν
2451 2684 2664 2753 Κοτὶνῳ
2690 2682 2800 2755 (21)
2829 2681 3382 2753 καταλαμϐανομένου
3419 2697 3516 2751 μου
3544 2680 3657 2732 ὑπὸ

2076 2779 2381 2853 δρακόντων
2419 2778 2531 2850 (22)
2570 2777 2939 2850 ἐϐδομήκοντα
2976 2775 3275 2847 τεσσάρων,
3312 2773 3419 2828 ἀπὸ
3460 2772 3659 2845 μιλίων

2079 2894 2483 2959 dubitationes,
2533 2892 2732 2962 quibus
2769 2893 2995 2949 criticus
3050 2891 3358 2962 primarius
3407 2888 3657 2958 epistola:

2079 2964 2366 3018 αύθεντίαν
2393 2959 2734 3032 impugnaret
2766 2967 2826 3031 (l.
2861 2978 2936 3027 c.,
2968 2977 3022 3030 p.
3050 2959 3157 3015 265
3186 2963 3293 3032 sq).
3326 2959 3507 3032 O'r'ro.

2154 2977 2366 3017 υεντιαν
2393 2977 2734 3043 nnpugnaret
2766 2977 2826 3031 (l.
2861 2978 2936 3027 c.,
2968 2977 3022 3030 p.
3050 2977 3157 3015 240
3186 2977 3293 3082 sq).
3326 2977 3507 3015 υττο.

2150 3034 2262 3104 (19)
2295 3034 2369 3088 Τὰ
2388 3050 2493 3086 του
2513 3033 2659 3104 ἐμοῦ
2681 3033 2916 3086 σκοποῦ
2933 3033 3175 3104 μεγέθη.
3255 3032 3389 3104 oluit
3415 3028 3659 3104 e_nitr_t_M.

2081 3097 2409 3167 Antoninus,
2429 3097 2884 3172 quemadmodum
2922 3097 3031 3158 Jul.
3067 3097 3401 3169 Capitolinus
3443 3102 3495 3154 in
3534 3097 3658 3153 Vita

2083 3176 2200 3244 ejus
2223 3190 2273 3229 c.
2303 3175 2392 3235 24,
2422 3189 2475 3241 p.
2511 3173 2637 3238 584,
2674 3182 2896 3244 _narrat,
2930 3173 3392 3244 Marcomanniam
3420 3172 3663 3244 provin-

2084 3242 2245 3304 ciam,
2276 3244 2446 3297 voluit
2475 3244 2635 3296 etiam
2667 3242 3000 3297 Sarmatiam
3044 3242 3255 3306 facere;
3307 3250 3365 3295 et
3413 3242 3661 3304 fecisset,

2088 3316 2191 3370 nisi
2222 3316 2447 3368 Avidius
2469 3312 2693 3369 Cassius
2720 3314 2821 3369 sub
2843 3314 3032 3369 eodem
3058 3314 3111 3366 in
3141 3312 3369 3368 Oriente
3395 3311 3667 3367 rebellas-

2088 3396 2187 3442 set.
2218 3385 2597 3439 EICHSTADIUS.

2160 3456 2270 3526 (20)
2299 3453 2515 3526 Kartg)?
2536 3453 2633 3507 καὶ
2659 3452 2881 3508 παθών.
2904 3450 3087 3523 Vulgo
3101 3450 3350 3526 ended”.
3377 3448 3484 3526 S__ed
3529 3449 3671 3526 illud

2091 3520 2334 3594 Scaliger
2354 3520 2409 3580 et
2435 3524 2717 3594 Eichstad.
2746 3535 2891 3578 recte
2922 3520 3269 3594 receperunt.
3318 3520 3665 3594 Sylburgain

2090 3591 2308 3665 vulgata
2337 3593 2575 3665 lectione
2616 3595 2864 3665 argutius
2894 3591 3064 3665 quam
3098 3593 3285 3665 verius
3328 3591 3550 3665 nomina
3580 3591 3667 3644 in-

2092 3659 2245 3722 venit
2272 3664 2592 3735 populorum
2627 3659 2850 3735 Κόάδων
2883 3659 2977 3718 καὶ
3008 3659 3551 3735 Σαρματι”ἱ›ν.ηοττοτ

2164 3729 2289 3806 (21)
2316 3729 2410 3788 Ἐν
2428 3735 2673 3806 Κοτμίνῳ.
2715 3734 2869 3802 Legit
2906 3729 3201 3806 Salmasius
3235 3736 3292 3785 ἐν
3341 3729 3668 3806 Καρνούτῳ.

2094 3801 2230 3861 Ibid.
2258 3801 2373 3874 leg.
2408 3803 2616 3874 παθών.
2643 3836 2714 3847 -
2734 3801 3111 3873 Κάρνούντῳ.
3136 3805 3213 3857 lta
3231 3801 3461 3857 emendo
3486 3801 3673 3874 Thirl-

2098 3878 2248 3931 bium
2284 3872 2523 3929 secutus.
2552 3872 2893 3929 Eichstadius
2918 3890 3039 3929 cum
3067 3873 3345 3943 Scaligero
3374 3874 3499 3945 legit
3521 3872 3676 3945 Kap-

2098 3948 2305 4018 νούτῳ;
2342 3945 2486 4018 illius
2526 3946 2924 4018 correctionem
2952 3946 3165 4018 ietiam_
3191 3945 3394 4018 recepit
3425 3943 3671 4018 ﬂocchm

2101 4012 2376 4142 Biter‘pres
2404 4014 2550 4085 (sane
2583 4016 2707 4067 dum
2738 4014 2962 4069 Carnuti
2989 4013 3200 4082 essent).
3234 4016 3405 4084 Vulgo
3425 4012 3666 4083 Κοτίνῳ.

2150 4102 2258 4141 ττο

2150 4102 2258 4141 ἰ’Το

2170 4158 2285 4226 (22)
2327 4156 2457 4228 Ὑπὸ
2480 4154 2837 4228 δρακόντων.
2867 4158 3153 4228 Δρούγκων
3203 4156 3256 4209 in
3310 4153 3485 4211 locum
3537 4154 3674 4226 δρα·

2103 4227 2306 4280 κόντων
2338 4227 2620 4280 substituit
2654 4227 2923 4296 Scaliger;
2952 4239 3165 4290 notans,
3191 4241 3378 4280 vocem
3423 4228 3673 4294 drungus

2105 4298 2415 4367 significare
2460 4296 2778 4367 cohortem,
2827 4311 3057 4367 eamque
3097 4313 3126 4348 a
3174 4297 3424 4367 barbaris
3470 4296 3671 4350 smculo

2108 4365 2427 4422 Diocletiani
2461 4369 2527 4420 ad
2547 4365 2794 4429 Latinos,
2822 4374 2875 4420 et
2898 4365 2984 4421 ιώ
3003 4368 3085 4422 his
3112 4368 3177 4419 ad
3210 4366 3431 4420 Graecos
3486 4374 3673 4418 trans-

2110 4439 2334 4492 missam
2370 4451 2511 4491 esse.
2576 4437 2681 4491 Sed
2713 4437 3011 4490 Salmasius
3063 4439 3113 4491 in
3167 4434 3289 4489 Not.
3344 4436 3409 4489 ad
3464 4434 3673 4488 Julium

2111 4508 2476 4576 Capitolinum
2500 4506 2577 4560 De
2606 4507 2711 4559 vita
2741 4508 3018 4572 Antonini,
3045 4523 3160 4575 cap.
3194 4507 3286 4567 21,
3330 4504 3673 4559 retinendam

1318 4584 1458 4643 part.
1508 4574 1571 4649 ξ).
1602 4602 1684 4649 ⁸-
1728 4573 1978 4649 Admone

2107 4573 2265 4632 docet
2291 4593 2479 4631 vocem
2505 4576 2834 4649 δρακόντων,
2870 4589 3056 4647 utpote
3100 4573 3220 4645 quae
3264 4576 3475 4645 signum
3525 4576 3674 4627 mili-

2109 4660 2224 4702 tare
2253 4651 2497 4711 denotat,
2529 4650 2713 4716 aitque
2740 4649 3008 4702 dracones
3037 4650 3225 4701 decem
3245 4649 3296 4700 in
3345 4658 3674 4713 unaquaque

2106 4720 2314 4787 legione
2341 4717 2528 4780 fuisse,
2561 4723 2697 4770 adeo
2718 4728 2775 4771 ut
2798 4719 3135 4787 septuaginta
3162 4718 3430 4771 dracones
3460 4723 3674 4781 septem

2104 4790 2385 4844 eﬂecerint
2418 4790 2657 4856 legiones
2688 4810 2699 4841 ;
2736 4803 2913 4856 neque
2953 4790 3224 4842 liomanos
3265 4789 3465 4851 solum,
3496 4788 3592 4840 sed
3618 4794 3677 4840 et

2105 4860 2358 4923 Parthos,
2389 4859 2545 4913 Indos
2576 4869 2739 4926 atque
2767 4860 3000 4981 Sc'ythas
3034 4861 3134 4911 hoc
3180 4860 3334 4926 signo
3394 4872 3522 4911 usos
3549 4870 3674 4910 esse

2106 4932 2336 4981 Droltal:
2368 4944 2677 4981 auanuuam
2707 4928 2810 4981 hoc
2855 4944 2957 4981 oco
2989 4929 3054 4981 de
3082 4928 3344 4981 Romanis
3374 4929 3554 4981 nouus
3578 4941 3674 4979 co.

2106 4932 2336 4998 probat;
2368 4944 2677 4999 quanquam
2707 4928 2810 4982 hoc
2836 4928 2957 4983 loco
2989 4929 3054 4983 de
3082 4928 3344 4981 Romanis
3374 4929 3554 4997 potius
3578 4941 3674 4999 c_o-

2104 4995 2209 5069 piis
2232 4995 2501 5070 accipiat,
2518 4995 2755 5070 maxime
2780 5012 2906 5051 vero
2956 5000 3023 5052 ad
3059 4995 3390 5070 praesentem
3436 5012 3548 5070 rem
3586 4995 3678 5070 [ι-

2105 5066 2256 5125 ctunt
2292 5066 2453 5127 verba
2482 5068 2706 5122 Luciani
2742 5072 2898 5139 abeo
2924 5070 3151 5139 allegat‘a
3178 5087 3190 5121 :
3219 5067 3522 5138 Σημεῖονδὲ
3544 5066 3679 5139 πλή-

2104 5140 2229 5205 θους
2258 5139 2412 5194 τοῦτο
2440 5140 2641 5211 αὐτοῖς.
2676 5138 2892 5211 Χιλίους
2938 5136 3050 5211 γὰρ
3078 5136 3233 5209 οἶμαι
3262 5136 3477 5211 δράκων
3528 5137 3673 5205 ἄγει.

2104 5212 2360 5267 Gtuatus.
2391 5242 2462 5251 —-
2496 5208 2630 5262 Ὑπὸ
2668 5208 3029 5278 δρακόντωνζ
3057 5208 3173 5265 Non
3206 5208 3433 5278 possunt
3461 5210 3576 5263 huic
3605 5222 3679 5262 ex

2103 5293 2400 5336 contextus
2426 5282 2637 5337 ratione
2668 5284 2770 5335 nisi
2810 5283 2877 5333 ad
2925 5283 3152 5335 hostiles
3207 5284 3397 5349 copias
3437 5279 3672 5344 reterri;

2104 5353 2332 5421 ideoque
2355 5352 2601 5420 Scaliger
2631 5367 2728 5419 pro
2757 5351 3066 5423 δρακόντων
3087 5351 3274 5420 reponi
3300 5349 3677 5423 Ῑιιεείιδρούγτ

2104 5420 2257 5487 κωνί
2292 5424 2559 5493 siquidem
2606 5420 2862 5476 dracones
2901 5424 3071 5493 signa,
3100 5424 3347 5493 Romano
3400 5420 3672 5493 exercitui

2104 5491 2559 5563 propriaﬂtrungi
2588 5501 2770 5546 autem
2804 5505 3013 5563 vocata:
3050 5492 3255 5546 fuerint
3304 5491 3664 5544 barbarorum

2102 5562 2379 5627 cohortes,
2413 5562 2555 5633 quod
2591 5562 2908 5616 vocabulum
2944 5563 3263 5617 Diocletiani
3310 5564 3527 5633 demum
3563 5575 3671 5633 ste-

2103 5635 2225 5689 culo
2259 5637 2309 5688 in
2342 5629 2591 5688 Latinam
2624 5633 2861 5701 linguam
2892 5633 3199 5701 irrepserit.
3233 5632 3338 5685 Sed
3369 5647 3435 5683 ne
3457 5629 3537 5701 sic
3557 5630 3677 5701 qui-

2102 5705 2223 5760 dem
2255 5708 2340 5758 his
2358 5715 2666 5773 cougruunt
2690 5699 3110 5770 sequentia,‘ubi
3138 5703 3490 5773 barbarorum
3512 5699 3677 5773 όχλος

2102 5788 2436 5831 memoratur
2468 5771 2717 5843 χιλιάδων
2748 5773 3074 5825 ἐννακοσίων
3102 5772 3475 5841 ἑϐδομήκοντα
3504 5771 3667 5822 ἑπτά.

2104 5845 2214 5905 Nec
2237 5848 2503 5903 dracones
2522 5860 2747 5917 prorsus
2774 5846 3159 5922 ignoraserunt
3180 5844 3427 5898 barbara:
3449 5852 3667 5911 gentes.
