4006 6254
419 383 526 441 443

1385 377 1441 435 S.
1482 376 1745 433 JUSTINI
1784 374 2195 433 PHILOSOPHI
2227 376 2316 433 ET
2346 375 2705 435 ΜΒτῖωὸ

3601 378 3709 435 ιιι

419 518 546 561 cum
577 500 626 557 is
653 507 877 572 propter
911 498 1261 555 obfirmatam
1308 496 1647 553 voluntatem
1675 506 1731 551 et
1757 511 2001 551 amorem

2128 514 2217 562 ιον,
2267 497 2362 551 καὶ
2389 499 2709 571 δυσκίνητον
2744 494 2881 568 πρὸς
2912 497 2973 551 τὸ
3003 495 3168 553 καλὸν
3209 498 3472 570 ὁρμῆσαι,
3516 497 3611 552 καὶ
3650 497 3708 550 εί

422 592 731 663 voluptatis,
764 607 828 646 ac
851 592 1076 646 minime
1100 590 1336 645 ﬂexilem
1360 590 1427 645 ad
1454 592 1712 645 virtutem
1736 591 2008 655 animum,

423 694 534 737 tum
566 683 731 737 etiam
762 682 913 751 pravi
947 682 1238 746 daemones,
1267 682 1362 751 qui
1402 682 1557 736 nobis
1604 680 1803 736 infensi
1864 689 2010 747 sunt,

422 789 487 829 ae
520 773 787 843 ejusmodi
818 773 1031 843 judices
1059 773 1113 827 in
1143 787 1241 827 sua
1287 780 1560 841 potestate
1609 782 1665 828 et
1712 773 1879 827 cultui
1912 788 2012 829 suo

419 864 665 920 addictos
708 865 936 928 habent,
968 878 1086 929 eos,
1118 872 1305 932 utpote
1328 864 1609 919 dzemoniis
1632 864 1867 933 agitatos
1892 880 2011 919 ma-

421 958 706 1027 gistratus,
748 956 814 1009 ad
850 969 1044 1010 necem
1076 954 1234 1009 nobis
1272 952 1613 1009 inferendam
1654 955 1907 1010 incitant.
1938 955 2011 1013 Ut

425 1055 605 1102 autem
665 1046 831 1102 totius
890 1046 970 1101 rei
1030 1044 1131 1100 sub
1189 1043 1393 1101 Urbice
1446 1054 1613 1115 gestae
1655 1054 2003 1116 perspectam

424 1152 645 1193 causam
674 1137 945 1202 habeatis,
973 1136 1104 1206 quid
1130 1146 1317 1192 actum
1348 1136 1421 1190 sit
1440 1150 1731 1205 exponam.

492 1230 548 1284 2.
593 1229 783 1285 Mulier
834 1230 1083 1299 quaedam
1132 1244 1256 1283 eum
1306 1229 1426 1283 viro
1464 1228 1698 1299 degebat
1741 1228 2011 1296 intempe-

423 1323 588 1386 ranti,
636 1322 1008 1391 intemperans
1060 1330 1116 1375 et
1169 1321 1282 1390 ipsa
1336 1322 1523 1389 prius;
1580 1321 1673 1375 sed
1725 1331 2009 1390 postquam

423 1418 627 1473 Christi
651 1419 950 1473 doctrinam
975 1418 1250 1487 cognovit,
1278 1418 1395 1487 ipsa
1448 1418 1516 1471 ad
1576 1417 1690 1488 89
1721 1417 2005 1472 meliorem

424 1510 635 1580 frugem
659 1525 719 1565 se
751 1511 975 1579 recepit,
1006 1524 1071 1563 ac
1102 1510 1223 1565 viro
1250 1521 1311 1563 ut
1342 1508 1597 1564 similiter
1627 1524 1745 1564 sese
1787 1508 2009 1578 collige-

424 1610 510 1657 ret
534 1603 863 1671 persuadere
901 1612 1096 1657 conata
1127 1610 1244 1663 est,
1274 1600 1647 1656 Christianam
1688 1600 1765 1654 illi
1802 1600 2007 1655 doctri-

425 1708 550 1747 nam
583 1706 879 1763 exponens,
909 1701 964 1746 et
989 1691 1173 1747 futura
1206 1691 1312 1755 his,
1338 1691 1429 1761 qui
1455 1690 1751 1746 libidinose
1773 1704 1838 1745 ae
1872 1703 2013 1758 pra:-

424 1794 509 1841 ter
534 1793 737 1841 reetam
778 1785 1043 1839 rationem
1080 1784 1335 1849 vixerint,
1380 1782 1434 1835 in
1474 1792 1680 1835 aeterno
1717 1781 1839 1851 igne
1880 1793 2012 1849 sup-

2115 589 2310 659 φαῦλοι
2359 590 2472 663 (42)
2523 591 2797 668 δαίμονες,
2840 590 3217 664 ἐχθραίνοντες
3258 593 3409 663 ἡμῖν,
3438 592 3531 645 καὶ
3574 590 3712 654 τοὺς

2113 682 2388 747 τοιούτους
2418 683 2529 755 (45)
2564 684 2822 748 δικαστὰς
2855 684 3071 754 ἔχοντες
3104 683 3448 756 ὑποχειρίους
3478 682 3571 737 καὶ
3608 679 3706 735 λα-

2112 774 2422 843 τρεύοντας,
2459 774 2535 837 ὡς
2578 769 2671 827 οὖν
2722 774 2988 846 ἄρχοντας
3025 773 3416 845 δαιμονιῶντας
3452 772 3705 843 φονεύειν

2111 866 2258 935 ἡμᾶς
2304 865 2834 937 παρασκευάζουσιν.
2879 866 3067 930 ’Ὅπως
3111 866 3169 919 δὲ
3214 866 3309 920 καὶ
3340 868 3372 935 ή
3408 865 3559 919 αίτία
3602 860 3701 917 τοῦ

2111 956 2312 1021 παντὸς
2335 956 2629 1027 γενομένου
2658 958 2751 1010 ἐπὶ
2773 957 2846 1009 Οὐ
2856 956 3041 1028 ρϐίκου
3064 957 3273 1029 φανερά
3300 958 3425 1028 ὑμῖν
3448 956 3702 1027 γένηται,

2109 1047 2178 1102 τὰ
2198 1047 2563 1119 πεπραγμένα
2585 1047 2910 1117 ἀπαγγελῶ.

2179 1228 2233 1282 2.
2258 1229 2397 1301 Γυνή
2421 1248 2504 1294 τις
2527 1229 2774 1283 συνεϐίου
2794 1229 2904 1301 (44)
2922 1230 3076 1302 ἀνδρὶ
3093 1230 3552 1295 ἀκολασταίνοντι,
3573 1232 3709 1286 ἀκο-

2110 1320 2469 1375 λασταίνουσα
2504 1322 2599 1374 καὶ
2623 1322 2759 1394 αὐτὴ
2785 1324 3067 1395 πρότερον.
3104 1324 3255 1376 Ἐπεὶ
3275 1324 3330 1376 δὲ
3346 1323 3413 1378 τά
3439 1323 3531 1378 τοῦ
3562 1327 3709 1396 Χρι-

2112 1411 2239 1464 στοῦ
2267 1411 2571 1483 διδάγματα
2592 1412 2733 1481 ἔγνω
2750 1413 2887 1484 α’ύτη
2905 1414 3039 1483 (45),
3060 1415 3427 1487 ἐσωφρονίσθη
3444 1456 3459 1479 ,
3483 1417 3573 1470 καὶ
3606 1417 3709 1470 τὸν

2111 1501 2283 1572 ἄνδρα
2308 1502 2510 1572 ὁμοίως
2536 1507 2841 1575 σωφρονεῖν
2869 1504 3077 1558 πείθειν
3105 1506 3379 1576 ἐπειρᾶτο,
3396 1506 3710 1578 διδάγματα

2111 1593 2479 1663 ἀναφέρουσα,
2504 1594 2601 1665 τήν
2625 1612 2682 1647 τε
2719 1594 3017 1665 μέλλουσαν
3046 1598 3157 1659 τοῖς
3184 1596 3243 1649 ού
3281 1598 3573 1669 σωφρόνως
3603 1598 3709 1651 καὶ⁵

2115 1682 2254 1753 μετά
2275 1683 2434 1752 λόγου
2448 1684 2609 1755 ὀρθοῦ
2629 1683 2832 1755 βιοῦσιν
2851 1685 3071 1740 ἔσεσθαι
3091 1689 3149 1740 ἐν
3165 1688 3366 1759 αἰωνίῳ
3386 1706 3456 1741 πυ
3464 1689 3517 1759 ρί
3540 1689 3711 1743 κόλα-

2116 1790 2200 1827 σιν
2215 1774 2653 1844 ἀπαγγέλλουσα.
2686 1775 2743 1830 '0
2757 1776 2814 1829 δέ
2831 1780 2949 1841 ταῖς
2966 1778 3155 1842 αὐταῖς
3174 1780 3481 1849 ἀσελγείαις
3506 1783 3597 1834 ἐπι
3604 1780 3710 1851 μέ-

423 1876 587 1946 plicia
637 1873 994 1931 denuntians.
1044 1875 1247 1931 Verum
1290 1872 1380 1928 ille
1434 1873 1488 1926 in
1545 1872 1738 1925 iisdem
1796 1868 2012 1941 ﬂagitiis

2128 1882 2239 1932 νων,
2262 1866 2548 1938 ἀλλοτρίαν
2586 1866 2675 1921 διά
2717 1867 2824 1922 τῶν
2854 1869 3104 1939 πράξεων
3128 1871 3364 1925 ἐποιεῖτο
3397 1871 3495 1943 τὴν
3523 1888 3712 1942 γαμε-

424 1983 779 2040 permanens,
833 1966 996 2023 factis
1046 1968 1162 2022 suis
1217 1965 1477 2020 alienavit
1507 1979 1535 2017 a
1569 1978 1629 2017 se
1657 1964 1846 2017 uxoris
1892 1961 2013 2016 ani-

424 2073 597 2113 mum.
631 2057 860 2128 ltnpiuin
896 2056 1042 2110 enim
1074 2070 1195 2111 esse
1226 2055 1421 2108 mulier
1449 2053 1770 2109 existimans
1804 2066 1926 2107 eum
1948 2066 2014 2109 eo

426 2150 684 2219 deinceps
706 2150 846 2214 viro,
876 2149 969 2219 qui
1001 2157 1197 2217 praeter
1228 2157 1436 2216 natura}
1480 2146 1676 2213 legem,
1707 2155 2015 2215 praeterque

422 2241 514 2314 jus
534 2244 900 2311 undecunque
929 2240 1223 2310 voluptatis
1247 2240 1362 2294 vias
1381 2238 1712 2309 exquireret,
1748 2238 1851 2294 tori
1879 2254 2012 2294 con-

427 2335 602 2389 sortio
624 2335 799 2405 jungi,
834 2333 1118 2389 discedere
1146 2346 1177 2385 a
1208 2332 1463 2402 conjugio
1494 2329 1685 2386 voluit.
1728 2330 1835 2385 Sed
1883 2346 2014 2386 suo-

428 2442 550 2481 rum
576 2425 959 2481 auctoritatem
994 2425 1255 2489 reverita,
1279 2424 1370 2493 qui
1400 2425 1705 2479 suadebant
1740 2431 1801 2477 ut
1832 2424 2016 2479 adhuc

428 2528 699 2583 maneret,
734 2533 799 2573 ac
834 2519 1089 2572 maritum
1125 2518 1344 2572 tandem
1379 2517 1673 2587 aliquando
1707 2532 1858 2588 spem
1886 2532 2013 2571 mu-

430 2608 658 2663 tationis
692 2608 985 2662 allaturum
1022 2607 1312 2673 dicebant;
1354 2607 1465 2662 vim
1500 2607 1630 2663 fecit
1665 2608 1777 2678 ipsa
1814 2608 1917 2663 sibi
1952 2616 2015 2662 ut

428 2709 703 2756 maneret.
735 2702 808 2756 At
838 2711 1123 2771 postquam
1159 2700 1307 2756 illius
1344 2700 1432 2755 vir
1464 2700 1847 2756 Alexandriam
1888 2717 2014 2771 pro-

431 2793 628 2861 fectus,
663 2792 849 2865 pejora
896 2794 1080 2849 facere
1122 2794 1401 2849 nuntiatus
1443 2803 1559 2861 est,
1598 2794 1773 2849 verita
1809 2793 1897 2847 illa
1945 2809 2015 2850 ne

428 2885 616 2956 inique
639 2898 696 2942 et
728 2887 893 2957 impie
923 2886 1193 2942 factorum
1228 2885 1505 2956 particeps
1535 2886 1712 2953 ﬁeret,
1731 2886 1775 2942 si
1796 2887 1849 2940 in
1882 2901 2016 2941 con-

422 2979 577 3051 jugio
611 2989 880 3045 maneret,
914 2980 1200 3049 victusque
1230 2994 1295 3034 ac
1323 2981 1425 3035 tori
1447 2995 1676 3036 consors
1697 2988 1861 3047 esset,
1885 2980 2016 3036 mis—

430 3088 494 3129 so
525 3088 616 3141 eo,
649 3074 794 3143 quod
826 3072 1061 3137 vocatis,
1091 3072 1340 3142 repudio,
1370 3072 1649 3128 discessit.
1702 3070 1837 3126 Tum
1875 3088 2014 3143 pra:-

429 3166 612 3221 clarus
644 3174 701 3221 et
731 3167 905 3222 bonus
931 3165 1022 3219 ille
1054 3165 1158 3230 vir,
1185 3180 1309 3220 cum
1335 3166 1577 3234 gaudere
1596 3164 1845 3228 deberet,
1869 3167 2014 3233 quod

431 3276 553 3332 qua:
584 3258 712 3315 olim
748 3273 885 3313 uxor
923 3273 1048 3313 eum
1069 3258 1243 3312 servis
1272 3268 1327 3312 et
1349 3258 1710 3312 mercenariis
1738 3256 1795 3311 in
1822 3259 2009 3312 vinum

430 3362 598 3423 atque
634 3366 797 3407 omne
828 3351 1088 3406 vitiorum
1124 3363 1297 3420 genus
1338 3346 1509 3403 eﬂ‘usa
1545 3347 1775 3403 licenter
1819 3364 2013 3421 perpe-

430 3445 634 3507 trabat,
673 3444 741 3498 ab
775 3444 859 3498 his
873 3443 985 3513 jam
1012 3440 1274 3496 faciendis
1306 3440 1573 3496 deterrita
1600 3438 1815 3507 fuisset,
1842 3456 1907 3495 ac
1935 3441 2016 3510 ip-

430 3551 552 3590 sum
589 3537 755 3591 etiam
799 3536 868 3590 ab
904 3535 1097 3589 iisdem
1146 3531 1371 3602 ﬂagitiis
1417 3532 1695 3587 deterrere
1735 3531 2012 3597 studeret;

435 3629 723 3699 repudium
749 3642 855 3682 non
883 3625 1207 3695 obsequenti
1240 3625 1582 3679 nuntiantem
1611 3633 1854 3690 accusat,
1872 3624 2017 3693 quod

507 3786 618 3857 (42)
658 3784 769 3839 Καὶ
811 3785 866 3838 οἱ
910 3782 1150 3857 φαῦλοι.
1187 3783 1329 3837 Ante
1383 3782 1497 3857 haec
1544 3780 1709 3857 verba
1763 3780 2017 3857 lacunam

435 3851 887 3925 interposuerunt
915 3851 1148 3919 librarii,
1188 3870 1293 3907 non
1338 3852 1501 3925 quod
1528 3852 1828 3921 quidquam
1850 3851 2020 3925 __desit

436 3926 502 3981 ad
532 3921 817 3981 sententiae
863 3923 1201 3993 juncturam,
1232 3926 1327 3978 sed
1358 3921 1504 3992 quod
1561 3927 1754 3977 deesse
1812 3921 2019 3989 aliquid

436 3997 545 4052 illis
578 3997 875 4050 videretur.
906 3995 1258 4063 Aptissimum
1292 3993 1440 4047 enim
1471 4004 1554 4047 est
1586 3993 1689 4047 hoc
1728 3994 2015 4063 exordium

435 4078 488 4121 et
510 4082 706 4119 nexum
726 4082 847 4120 cum
870 4062 963 4119 iis
986 4080 1106 4134 qua:
1130 4065 1388 4132 deinceps
1411 4072 1730 4117 narraturus
1751 4069 1855 4118 est.
1884 4062 2017 4114 Nam

437 4153 564 4190 enin
597 4137 645 4190 ei
677 4136 1012 4205 propositum
1074 4135 1146 4188 sit
1196 4135 1572 4205 demonstrare
1611 4135 2019 4205 persecutiones

438 4209 507 4261 ali
545 4202 808 4273 improbis
853 4205 1165 4258 hominibus
1216 4214 1271 4257 et
1317 4220 1347 4256 a
1392 4203 1549 4257 malis
1594 4204 1933 4256 daemonibus
1967 4202 2018 4254 in

436 4272 780 4331 Christianos
794 4275 1020 4329 excitari
1041 4289 1305 4343 ;cumqne
1336 4289 1459 4326 mox
1477 4284 1795 4326 narraturus
1822 4273 1889 4325 sit
1910 4272 2023 4325 liis-

441 4350 636 4401 toriani
676 4347 921 4399 mulieris
958 4361 987 4397 a
1025 4346 1243 4408 niarilo,
1280 4345 1436 4411 cujus
1470 4344 1673 4412 ﬂagitia
1728 4346 2023 4413 reprehen-

439 4418 625 4481 debat,
663 4418 714 4469 iu
752 4418 945 4485 capitis
987 4416 1285 4485 periculum
1313 4416 1592 4485 adductae;
1631 4414 1759 4482 quid
1796 4414 2020 4485 mirum,

441 4488 483 4541 si
522 4487 574 4540 iti
630 4484 897 4542 orationis
955 4484 1255 4555 primordio
1300 4484 1567 4549 declarat,
1619 4494 1671 4538 et
1724 4499 1817 4537 eos
1863 4484 2020 4555 quia

2112 1958 2234 2029 τήν.
2271 1958 2489 2023 Ἀσεϐὲς
2511 1959 2620 2031 γὰρ
2647 1960 2922 2032 ἡγουμένη
2950 1960 3011 2014 τὸ
3048 1960 3234 2015 λοιπὸν
3267 1964 3300 2034 ἡ
3328 1962 3463 2034 γυνὴ
3496 1980 3711 2033 συγκα-

2114 2048 2459 2105 τακλίνεσθαι
2497 2050 2652 2123 ἀνδρὶ
2688 2051 2841 2123 παρά
2884 2052 2977 2105 τὸν
3013 2052 3114 2123 τῆς
3156 2053 3371 2122 φύσεως
3411 2057 3575 2127 νόμον
3610 2057 3713 2111 καὶ

2116 2142 2267 2214 παρά
2289 2141 2349 2195 τὸ
2380 2142 2587 2196 δίκαιον
2614 2144 2815 2215 πόρους
2844 2144 3039 2215 ἡδονῆς
3059 2148 3122 2199 ἐκ
3151 2147 3349 2211 παντὸς
3378 2149 3712 2220 πειρωμένῳ

2115 2236 2407 2302 ποιεῖσθαι,
2431 2237 2532 2307 τῆς
2579 2237 2840 2307 συζυγίας
2887 2238 3223 2311 χωρισθῆναι
3266 2240 3553 2314 ἐϐουλήθη.
3594 2244 3713 2296 Καὶ

2116 2330 2240 2382 ἐπεὶ
2287 2328 2686 2396 ἐξεδυσωπεῖτο
2739 2330 2844 2384 ὑπὸ
2906 2331 3016 2386 τῶν
3072 2331 3265 2402 αὐτῆς,
3330 2333 3408 2386 ἔτι
3462 2336 3713 2405 προσμέ-

2114 2440 2226 2477 νειν
2252 2420 2749 2493 συμϐουλευόντων,
2784 2424 2859 2487 ὡς
2887 2425 2966 2487 είς
2996 2423 3217 2488 ἐλπίδας
3243 2424 3351 2495 (46)
3400 2426 3713 2496 μεταϐολῆς

2113 2514 2334 2586 ἥξοντός
2361 2531 2492 2568 ποτε
2516 2514 2608 2569 τού
2633 2514 2845 2586 ἀνδρὸς,
2874 2516 3167 2589 βιαζομένη
3194 2517 3390 2589 ἑαυτὴν
3420 2518 3717 2588 ἐπέμενεν.

2123 2607 2343 2680 Ἐπειδὴ
2370 2607 2427 2661 δὲ
2454 2609 2483 2662 ό
2509 2607 2712 2680 ταύτης
2742 2608 2900 2680 ἀνὴρ,
2918 2612 2997 2673 είς
3036 2609 3133 2681 τὴν
3177 2607 3582 2682 Ἀλεξάνδρειαν
3612 2628 3715 2664 πο-

2118 2697 2352 2769 ρευθεὶς,
2387 2696 2744 2769 χαλεπώτερα
2776 2698 3035 2770 πράττειν
3068 2700 3410 2772 ἀπηγγέλθη,
3445 2702 3595 2766 ὅπως
3631 2701 3714 2775 μὴ

2115 2790 2369 2856 κοινωνὸς
2406 2790 2516 2861 (47)
2552 2790 2658 2844 τῶν
2692 2790 3047 2863 ἀδικημάτων
3082 2794 3177 2847 καὶ
3210 2793 3576 2865 ἀσεϐημάτων
3609 2794 3713 2864 γέ-

2114 2900 2294 2956 νηται,
2333 2882 2574 2953 μένουσα
2609 2885 2667 2937 ἐν
2700 2887 2764 2956 τῇ
2801 2885 3070 2958 συζυγίᾳ,
3120 2886 3216 2941 καὶ
3260 2888 3567 2958 ὁμοδίαιτος
3614 2887 3717 2940 καὶ

2113 2975 2397 3044 ὁμόκοιτος
2457 2979 2756 3050 γινομένη,
2804 2978 2865 3032 τὸ
2908 2977 3203 3048 λεγόμενον
3249 2977 3377 3050 παρ’
3424 2978 3552 3049 ὑμῖν
3601 2976 3715 3047 (48)

2116 3068 2397 3139 ρεπούδιον
2449 3069 2616 3125 δοῦσα
2680 3070 2972 3143 ἐχωρίσθη.
3022 3069 3085 3123 '0
3137 3070 3195 3122 δὲ
3246 3069 3410 3133 καλὸς
3465 3068 3714 3138 κάγαθὸς

2117 3162 2323 3235 ταύτης
2357 3164 2518 3236 ἀνὴρ,
2554 3164 2675 3218 δέον
2710 3164 2871 3218 αὑτὸν
2903 3163 3139 3235 χαίρειν,
3174 3163 3257 3216 ὅτι
3290 3161 3325 3216 ἃ
3360 3162 3524 3216 πάλαι
3574 3162 3718 3231 μετά

2117 3256 2224 3310 τῶν
2244 3256 2532 3329 ὑπηρετῶν
2560 3257 2655 3312 καὶ
2683 3256 2789 3310 τῶν
2814 3256 3158 3328 μισθοφόρων
3181 3256 3421 3327 εὐχερῶς
3447 3254 3713 3326 ἔπραττε,

2120 3349 2314 3421 μέθαις
2347 3350 2613 3423 χαίρουσα
2645 3350 2740 3404 καὶ
2784 3350 2955 3421 κακίᾳ
3000 3350 3182 3421 πάσῃ,
3218 3347 3421 3401 τούτων
3471 3348 3571 3417 μὲν
3602 3346 3719 3406 τῶν

2118 3442 2373 3514 πράξεων
2418 3443 2687 3507 πέπαυτο,
2736 3442 2832 3497 καὶ
2874 3441 3038 3496 αὐτὸν
3083 3441 3150 3495 τὰ
3196 3441 3336 3495 αύτά
3392 3440 3713 3495 παύσασθαι

2118 3536 2425 3606 πράττοντα
2472 3533 2747 3588 ἐϐούλετο·
2789 3533 2862 3605 μὴ
2914 3532 3240 3603 βουλομένου
3276 3530 3409 3603 (49)
3461 3531 3715 3587 ἀπαλλα-

2113 3629 2308 3699 γείσης
2341 3626 2672 3699 κατηγορίαν
2703 3627 3017 3697 πεποίηται,
3047 3624 3220 3694 λέγων
3255 3622 3424 3695 αὐτὴν
3451 3624 3714 3695 Χριστια-

2122 3788 2411 3843 articulum
2446 3795 2771 3858 agnoscunt.
2791 3785 3010 3858 ibidem
3035 3785 3236 3858 Euseb.
3272 3782 3459 3858 ἐπειδὴ
3484 3782 3565 3835 δέ.

2194 3859 2302 3931 (45)
2344 3855 2536 3931 "Erro;
2573 3858 2750 3931 αῇτηἒ
2775 3855 3242 3931 ρηίάηηζίῌηιι-ι)
3296 3856 3395 3907 has
3444 3866 3610 3907 voces
3659 3861 3719 3931 et

2122 3924 2256 3984 istas
2289 3924 2582 4000 ⁷ὀνόματος
2615 3928 2671 3980 δὲ
2706 3926 3035 4000 ξριστιανοῦ
3053 3925 3419 4000 _i_nterjectum
3476 3934 3587 3986 est,
3635 3924 3715 4000 _id

2122 4001 2275 4055 deest
2305 4000 2358 4054 in
2407 3996 2684 4053 codicibus
2717 3996 2884 4065 Regio
2934 4007 2989 4051 et
3042 3996 3485 4055 Claromontano,
3514 4007 3575 4045 ac
3619 3996 3716 4047 de-

2123 4080 2399 4138 sumptum
2434 4080 2516 4125 est
2567 4084 2632 4123 ex
2693 4068 2946 4129 Eusebio,
2979 4068 3087 4138 qui
3120 4067 3373 4138 lacunam
3404 4071 3715 4138 Opportune

2122 4133 2326 4207 explet.
2378 4142 2574 4194 Monuit
2635 4138 2915 4191 Tliirlbins
2974 4133 3265 4206 legendum
3319 4134 3481 4204 ἔγνω,
3546 4133 3713 4205 αὐτή.

2127 4211 2451 4276 DeeStapud
2486 4210 2774 4263 Eusebium
2814 4217 3090 4275 postrema
3124 4222 3247 4259 vox.

2197 4280 2308 4352 (46)
2349 4272 2653 4352 Ἔλπίδαςι.
2683 4278 2773 4332 Sic
2797 4272 2923 4352 cum
2948 4276 3362 4352 edit_is_no§lris_
3401 4274 3507 4352 duo
3545 4272 3714 4352 codd.

2124 4343 2491 4420 antiquissimi
2522 4343 2674 4403 Coll).
2709 4357 2763 4420 et
2797 4348 2932 4420 Reg.
2960 4356 3013 4400 et
3045 4347 3181 4401 Rob.
3203 4346 3423 4420 Steph:
3457 4346 3522 4398 At
3553 4343 3719 4398 Vale-

2126 4421 2239 4475 sius
2264 4413 2435 4477 habet
2467 4420 2674 4473 ἐλπίδα.
2721 4416 2972 4472 Ἐλπίδα
3000 4417 3245 4483 reposuit
3276 4415 3335 4468 Ι).
3387 4413 3535 4469 Οιιυ.

2202 4490 2311 4562 (47)
2356 4492 2553 4556 Ὅπως
2575 4489 2660 4559 μὴ
2693 4488 3000 4562 κοινωνός.
3040 4487 3188 4541 Multi
3222 4501 3288 4562 ex
3314 4484 3554 4552 antiquis
3578 4484 3720 4561 scri-

441 4554 1089 4633 Ινέιΐβηυίιιῆεῑίδιισ,θυι
1134 4569 1305 4608 uxore
1344 4563 1437 4607 θυι
1489 4556 1669 4633 νίυίιξο
1714 4563 1807 4605 θυι
1842 4554 2019 4606 aulico
2052 4556 2097 4610 Ι)
2128 4554 2372 4633 ptorilins
2418 4554 3008 4633 ideni'existimarunt,
3062 4574 3165 4610 non
3226 4556 3391 4608 licere
3424 4570 3545 4633 cum
3598 4556 3721 4609 viro

439 4630 509 4681 ob
546 4628 802 4683 delictum
860 4628 1238 4695 castigantur,
1274 4636 1329 4677 et
1364 4638 1560 4693 pravos
1594 4626 1865 4677 daemones
1898 4638 2024 4695 ope-

442 4714 558 4750 ram
594 4700 726 4751 dare
754 4692 1168 4751 utChristianos
1184 4692 1477 4749 occidant?
1502 4695 1632 4747 lllud
1660 4709 1791 4762 ergo
1824 4692 2026 4762 φονεύ-

438 4784 545 4841 ειν(
585 4769 734 4841 ἡμᾶς
779 4766 1290 4841 παρασκευάζουσιν
1346 4766 1538 4818 referri
1589 4764 2025 4841 debet‘tantnad

442 4832 919 4899 ittalos'homine's.
943 4852 1105 4906 quam
1126 4839 1191 4890 ad
1218 4836 1512 4899 daemones,
1546 4846 1603 4887 ut
1639 4851 1696 4890 ιι.
1730 4834 1817 4888 li:
1859 4852 1877 4883 t
1915 4832 2027 4889 Nec

440 4909 782 4977 potentiores
817 4905 975 4962 nobis
1007 4915 1196 4977 essent
1230 4906 1403 4974 iniqui
1442 4905 1695 4959 homines
1734 4916 1790 4958 et
1820 4905 2026 4958 dmino-

440 4976 560 5033 nes.
597 4999 616 5031 ι
673 4978 731 5033 Si
763 4980 886 5047 quis
920 4989 1099 5032 tamen
1148 4976 1351 5043 aliquid
1389 4977 1578 5031 deesse
1620 4977 1936 5039 contendat,
1983 4977 2029 5029 is

440 5052 629 5115 addat,
661 5068 678 5102 t
719 5051 785 5103 ad
814 5048 1106 5103 tribunalia
1135 5063 1234 5101 nos
1262 5048 1462 5113 trahit,
1503 5064 1522 5099 ι
1565 5056 1692 5101 ante
1720 5050 1819 5101 has
1864 5060 2027 5100 voces

445 5137 465 5170 ς
504 5131 618 5175 ιιιιιι
650 5122 814 5175 etiam
845 5121 997 5189 pravi
1038 5120 1330 5189 daemones.
1365 5136 1383 5189 ι

513 5189 624 5262 (45)
672 5187 1009 5256 Τοιούτους.
1046 5188 1234 5257 Qualis
1284 5188 1496 5243 scilicet
1558 5187 1823 5257 Urbicus,
1863 5202 2028 5258 quem

435 5261 560 5333 jam
581 5262 903 5333 nominavit.

512 5330 626 5403 (Μ)
666 5332 975 5387 Συνεϐιου.
1002 5330 1155 5387 llanc
1192 5330 1481 5403 historiam
1520 5330 1784 5403 Eusebius
1800 5328 2031 5403 ex_Jus-

443 5399 937 5474 tinoexeerptam
1002 5404 1203 5474 Ιίθη-ιν
1248 5402 1396 5474 Hist.
1436 5399 1608 5467 Eccl.,
1644 5416 1786 5474 cap._
1820 5400 1906 5464 l7,
1945 5401 2030 5474 in-

445 5472 641 5527 texuit.
708 5470 1057 5529 ln'editione
1106 5472 1309 5529 Valesii
1366 5473 1565 5542 legitur
1628 5470 2031 5542 συνεϐίου.ᾼΛι

446 5543 860 5614 Christophors.
898 5547 1060 5601 habet
1093 5546 1361 5608 συνεϐίω;
1416 5539 1504 5597 cui
1559 5542 1776 5614 lectioni
1833 5539 2029 5614 suifra-

450 5623 655 5687 gantur
673 5612 787 5669 duo
810 5615 1025 5670 codices
1049 5615 1413 5687 antiquissimi
1440 5613 1657 5687 Eusebii
1690 5628 1719 5665 e
1740 5612 2031 5687 bibliothe-

451 5684 515 5739 ca
544 5684 881 5757 Colbertina.
912 5697 969 5740 et
996 5687 1136 5741 alius
1168 5684 1199 5739 ε
1228 5686 1420 5757 Regia.
1452 5685 1903 5757 bloxaute‘hanc
1928 5698 2027 5757 vo-_

450 5770 571 5827 cem
599 5755 929 5827 διδάγματα,
951 5772 1073 5827 quae
1109 5758 1193 5814 bis
1224 5753 1348 5816 cun'i
1392 5755 1628 5812 articulo
1662 5754 1857 5827 legitur
1886 5753 2030 5827 apud

456 5825 794 5899 Eusebium,
853 5825 1017 5885 iidem
1067 5844 1200 5887 mss.
1257 5828 1478 5887 codices
1546 5836 1740 5884 neutro
1799 5826 1854 5881 in
1911 5826 2031 5883 loco

2129 4626 2377 4687 adultero
2400 4643 2492 4686 aut
2524 4646 2647 4685 cum
2678 4644 2843 4683 uxore
2880 4627 3125 4682 adultera
3152 4640 3398 4687 manere,
3424 4626 3508 4678 sic
3530 4635 3718 4679 tamen

2130 4713 2189 4755 ut
2220 4704 2365 4755 aliud
2392 4701 2798 4756 matrimonimn
2858 4699 3082 4751 minimc
3138 4696 3523 4750 concederent.
3579 4692 3720 4750 Vide

2128 4773 2454 4828 Cotclerinni
2485 4773 2536 4825 in
2566 4771 2760 4823 librum
2788 4785 2819 4821 n
2848 4766 3081 4821 Hermae.

2202 4843 2309 4915 (48)
2333 4840 2663 4915 Παρίύμῖν.
2692 4839 2828 4893 Male
2851 4840 2905 4893 in
2934 4836 3267 4915 editionibus
3295 4834 3495 4915 Euseb.
3521 4833 3724 4902 legitur

2129 4907 2258 4984 παρ’
2292 4907 2455 4984 τήμῇ).
2488 4907 2800 4984 Lectionent
2853 4920 3092 4984 nostram
3117 4907 3456 4984 confirmant
3484 4913 3592 4957 tres
3607 4922 3723 4984 So.

2129 4973 2277 5038 dices
2312 4973 2700 5051 antiquissimi,
2748 4983 2856 5033 dno
2886 4978 3186 5051 Colbertini
3222 4988 3275 5030 et
3317 4988 3457 5051 unus
3493 4989 3558 5029 ex
3602 4973 3721 5028 Re-

2130 5055 2255 5123 giis.
2290 5046 2473 5107 Facile
2504 5052 2832 5123 perspicitur
2866 5064 2980 5123 cur
3025 5046 3276 5102 Justinus
3330 5046 3578 5123 Latinam
3614 5060 3720 5099 vo-

2130 5115 2248 5177 cem
2280 5115 2551 5192 usurpatis
2583 5115 2804 5182 dixerit,
2829 5190 2834 5192 _
2860 5138 2878 5172 t
2911 5119 3078 5173 misso
3100 5133 3166 5171 eo
3201 5118 3346 5192 quod
3382 5115 3610 5192 vocatis“
3633 5129 3723 5170 re-

2130 5195 2317 5262 pudio.
2357 5213 2376 5246 ι
2417 5182 2548 5247 ¹Μοιι
2579 5192 2731 5245 deest
2766 5190 2915 5261 πάσῃ
2941 5198 3061 5262 post
3086 5182 3256 5262 κακία
3277 5186 3547 5262 in_eodem
3574 5182 3719 5255 Reg.

2130 5256 2186 5317 et
2228 5264 2441 5320 duobus
2489 5263 2820 5319 Colbertinis
2850 5256 3276 5329 antiquioribus.
3335 5256 3526 5324 Magna
3580 5271 3719 5311 sane

2131 5336 2437 5393 auctoritas
2466 5344 2657 5391 contra
2696 5348 2885 5387 vocem
2914 5345 3013 5384 sua
3057 5340 3251 5399 sponte
3296 5342 3403 5381 non
3460 5340 3723 5382 necessa-

2132 5420 2290 5459 riam.

2204 5475 2312 5549 (49)
2334 5474 2431 5543 Μὴ
2456 5472 2859 5549 βουλομένου.
2894 5468 3301 5549 Nuirleguntur
3329 5468 3443 5549 haec
3468 5468 3638 5549 verba
3664 5468 3722 5549 in

2131 5538 2307 5602 tribus
2339 5538 2617 5600 codicibus
2650 5538 2808 5597 valde
2830 5538 3316 5609 antiquisfnetnpe
3355 5538 3567 5592 duobus
3587 5538 3723 5609 Gol-

2131 5618 2362 5672 bertinis
2385 5628 2440 5671 et
2466 5632 2574 5669 uno
2606 5615 2796 5683 Regio.
2828 5605 3013 5679 Neque
3036 5613 3217 5683 etiani_
3236 5605 3303 5683 ea
3330 5608 3581 5683 agnoscit
3624 5605 3725 5662 Ni-

2132 5692 2444 5757 cephorus,
2514 5690 2607 5741 sed
2675 5678 2866 5757 tamen
2924 5678 3123 5757 legisse
3188 5678 3417 5757 Rufinus
3475 5679 3720 5735 videtur.

2134 5747 2250 5815 ut};
2284 5768 2397 5817 tres
2425 5747 2640 5814 codices
2667 5747 3002 5812 recentiores
3030 5752 3231 5809 habent
3274 5747 3533 5803 ἀνέδωκε.
