  <div class='ocr_page' id='page_1' title='image "/cluster/home/n/w/nwhite01/storage/ocr_20150623/6/mdp.39015004289917/236.png"; bbox 0 0 4006 6254; ppageno 0'>
   <div class='ocr_carea' id='block_1_1' title="bbox 229 383 3619 448">
    <p class='ocr_par' dir='ltr' id='par_1_1' title="bbox 229 383 3619 448">
     <span class='ocr_line' id='line_1_1' title="bbox 229 383 3619 448; baseline 0.001 -7"><span class='ocrx_word' id='word_1_1' title='bbox 229 383 313 441; x_wconf 65' lang='grc' dir='ltr'>ιὸθ</span> <span class='ocrx_word' id='word_1_2' title='bbox 1411 389 1759 448; x_wconf 80' lang='lat' dir='ltr'><strong>APOLOGIA</strong></span> <span class='ocrx_word' id='word_1_3' title='bbox 1795 388 1839 443; x_wconf 85' lang='lat' dir='ltr'><strong>ll</strong></span> <span class='ocrx_word' id='word_1_4' title='bbox 1875 385 2015 445; x_wconf 79' lang='lat' dir='ltr'><strong>PRO</strong></span> <span class='ocrx_word' id='word_1_5' title='bbox 2052 387 2519 447; x_wconf 81' lang='lat' dir='ltr'><strong>CHRISTIANIS.</strong></span> <span class='ocrx_word' id='word_1_6' title='bbox 3510 384 3619 444; x_wconf 69' lang='grc' dir='ltr'><strong>ιω</strong></span> 
     </span>
    </p>
   </div>
   <div class='ocr_carea' id='block_1_2' title="bbox 243 504 1907 584">
    <p class='ocr_par' dir='ltr' id='par_1_2' title="bbox 243 504 1907 584">
     <span class='ocr_line' id='line_1_2' title="bbox 243 504 1907 584; baseline -0.002 -19"><span class='ocrx_word' id='word_1_7' title='bbox 243 521 356 570; x_wconf 71' lang='grc' dir='ltr'>ται.</span> <span class='ocrx_word' id='word_1_8' title='bbox 387 504 652 579; x_wconf 73' lang='grc' dir='ltr'>δημοσίᾳ</span> <span class='ocrx_word' id='word_1_9' title='bbox 703 514 1222 584; x_wconf 78' lang='grc' dir='ltr'><strong>καταμαρτυρεῖ,</strong></span> <span class='ocrx_word' id='word_1_10' title='bbox 1256 511 1328 576; x_wconf 85' lang='grc' dir='ltr'>ὡς</span> <span class='ocrx_word' id='word_1_11' title='bbox 1370 510 1547 566; x_wconf 78' lang='grc' dir='ltr'>ἀθέων</span> <span class='ocrx_word' id='word_1_12' title='bbox 1580 511 1678 565; x_wconf 76' lang='grc' dir='ltr'>καὶ</span> <span class='ocrx_word' id='word_1_13' title='bbox 1717 508 1907 565; x_wconf 54' lang='grc' dir='ltr'>ἀσεϐῶς</span> 
     </span>
    </p>
   </div>
   <div class='ocr_carea' id='block_1_3' title="bbox 2021 504 3589 584">
    <p class='ocr_par' dir='ltr' id='par_1_3' title="bbox 2032 510 3589 583">
     <span class='ocr_line' id='line_1_3' title="bbox 2032 510 3589 583; baseline 0.005 -23"><span class='ocrx_word' id='word_1_14' title='bbox 2032 523 2155 578; x_wconf 75' lang='lat' dir='ltr'><strong>qua:</strong></span> <span class='ocrx_word' id='word_1_15' title='bbox 2196 524 2424 579; x_wconf 92' lang='lat' dir='ltr'><strong>prorsus</strong></span> <span class='ocrx_word' id='word_1_16' title='bbox 2471 511 2711 580; x_wconf 77' lang='lat' dir='ltr'><strong>ignorat,</strong></span> <span class='ocrx_word' id='word_1_17' title='bbox 2762 510 2956 566; x_wconf 87' lang='lat' dir='ltr'><strong>atheos</strong></span> <span class='ocrx_word' id='word_1_18' title='bbox 2987 518 3044 567; x_wconf 90' lang='lat' dir='ltr'><strong>et</strong></span> <span class='ocrx_word' id='word_1_19' title='bbox 3077 512 3275 583; x_wconf 80' lang='lat' dir='ltr'><strong>impios</strong></span> <span class='ocrx_word' id='word_1_20' title='bbox 3298 526 3425 569; x_wconf 81' lang='lat' dir='ltr'><strong>esse</strong></span> <span class='ocrx_word' id='word_1_21' title='bbox 3454 511 3589 568; x_wconf 84' lang='lat' dir='ltr'><strong>Chri</strong></span> 
     </span>
    </p>
   </div>
   <div class='ocr_carea' id='block_1_4' title="bbox 246 597 1907 676">
    <p class='ocr_par' dir='ltr' id='par_1_4' title="bbox 246 597 1907 676">
     <span class='ocr_line' id='line_1_4' title="bbox 246 597 1907 676; baseline -0.001 -24"><span class='ocrx_word' id='word_1_22' title='bbox 246 597 586 671; x_wconf 70' lang='grc' dir='ltr'>Χριστιανῶν</span> <span class='ocrx_word' id='word_1_23' title='bbox 609 599 835 664; x_wconf 71' lang='grc' dir='ltr'>ὅντων,</span> <span class='ocrx_word' id='word_1_24' title='bbox 864 603 1030 676; x_wconf 79' lang='grc' dir='ltr'>πρὸς</span> <span class='ocrx_word' id='word_1_25' title='bbox 1058 605 1219 674; x_wconf 84' lang='grc' dir='ltr'>χάριν</span> <span class='ocrx_word' id='word_1_26' title='bbox 1241 602 1333 655; x_wconf 76' lang='grc' dir='ltr'>καὶ</span> <span class='ocrx_word' id='word_1_27' title='bbox 1356 601 1547 672; x_wconf 77' lang='grc' dir='ltr'>ἡδονὴν</span> <span class='ocrx_word' id='word_1_28' title='bbox 1572 600 1680 653; x_wconf 84' lang='grc' dir='ltr'>τῶν</span> <span class='ocrx_word' id='word_1_29' title='bbox 1706 597 1907 653; x_wconf 66' lang='grc' dir='ltr'>πολλῶν</span> 
     </span>
    </p>
   </div>
   <div class='ocr_carea' id='block_1_5' title="bbox 2021 597 3607 676">
    <p class='ocr_par' dir='ltr' id='par_1_5' title="bbox 2023 602 3607 676">
     <span class='ocr_line' id='line_1_5' title="bbox 2023 602 3607 676; baseline 0.001 -18"><span class='ocrx_word' id='word_1_30' title='bbox 2023 602 2263 667; x_wconf 86' lang='lat' dir='ltr'><strong>stianos,</strong></span> <span class='ocrx_word' id='word_1_31' title='bbox 2293 605 2360 657; x_wconf 92' lang='lat' dir='ltr'><strong>ad</strong></span> <span class='ocrx_word' id='word_1_32' title='bbox 2390 603 2624 672; x_wconf 88' lang='lat' dir='ltr'><strong>gratiam</strong></span> <span class='ocrx_word' id='word_1_33' title='bbox 2647 612 2703 658; x_wconf 91' lang='lat' dir='ltr'><strong>et</strong></span> <span class='ocrx_word' id='word_1_34' title='bbox 2730 604 3067 675; x_wconf 87' lang='lat' dir='ltr'><strong>voluptatem</strong></span> <span class='ocrx_word' id='word_1_35' title='bbox 3092 606 3336 676; x_wconf 76' lang='lat' dir='ltr'><strong>deceptze</strong></span> <span class='ocrx_word' id='word_1_36' title='bbox 3355 606 3607 673; x_wconf 86' lang='lat' dir='ltr'><strong>plebecu-</strong></span> 
     </span>
    </p>
   </div>
   <div class='ocr_carea' id='block_1_6' title="bbox 259 688 1907 764">
    <p class='ocr_par' dir='ltr' id='par_1_6' title="bbox 259 688 1907 764">
     <span class='ocr_line' id='line_1_6' title="bbox 259 688 1907 764; baseline -0.001 -21"><span class='ocrx_word' id='word_1_37' title='bbox 259 704 354 743; x_wconf 75' lang='grc' dir='ltr'><strong>των</strong></span> <span class='ocrx_word' id='word_1_38' title='bbox 379 688 862 760; x_wconf 69' lang='grc' dir='ltr'>πεπλανημένων</span> <span class='ocrx_word' id='word_1_39' title='bbox 880 692 1016 764; x_wconf 78' lang='grc'>(75)</span> <span class='ocrx_word' id='word_1_40' title='bbox 1034 692 1212 745; x_wconf 78' lang='grc' dir='ltr'>ταῦτα</span> <span class='ocrx_word' id='word_1_41' title='bbox 1236 690 1505 761; x_wconf 81' lang='grc' dir='ltr'><strong>πράττων.</strong></span> <span class='ocrx_word' id='word_1_42' title='bbox 1523 690 1660 743; x_wconf 74' lang='grc' dir='ltr'>Εἴτε</span> <span class='ocrx_word' id='word_1_43' title='bbox 1687 689 1816 760; x_wconf 86' lang='grc' dir='ltr'>γὰρ,</span> <span class='ocrx_word' id='word_1_44' title='bbox 1839 688 1907 760; x_wconf 72' lang='grc' dir='ltr'><strong>μὴ</strong></span> 
     </span>
    </p>
   </div>
   <div class='ocr_carea' id='block_1_7' title="bbox 2021 688 3610 764">
    <p class='ocr_par' dir='ltr' id='par_1_7' title="bbox 2021 694 3610 761">
     <span class='ocr_line' id='line_1_7' title="bbox 2021 694 3610 761; baseline 0.004 -14"><span class='ocrx_word' id='word_1_45' title='bbox 2021 694 2084 749; x_wconf 68' lang='lat' dir='ltr'><strong>la:</strong></span> <span class='ocrx_word' id='word_1_46' title='bbox 2114 710 2464 750; x_wconf 85' lang='lat' dir='ltr'><strong>asseverans.</strong></span> <span class='ocrx_word' id='word_1_47' title='bbox 2504 694 2640 749; x_wconf 76' lang='lat' dir='ltr'><strong>Nam</strong></span> <span class='ocrx_word' id='word_1_48' title='bbox 2677 696 2745 761; x_wconf 88' lang='lat' dir='ltr'><strong>si,</strong></span> <span class='ocrx_word' id='word_1_49' title='bbox 2779 711 2902 750; x_wconf 91' lang='lat' dir='ltr'><strong>cum</strong></span> <span class='ocrx_word' id='word_1_50' title='bbox 2927 698 3233 752; x_wconf 91' lang='lat' dir='ltr'><strong>doctrinam</strong></span> <span class='ocrx_word' id='word_1_51' title='bbox 3267 699 3474 754; x_wconf 89' lang='lat' dir='ltr'><strong>Christi</strong></span> <span class='ocrx_word' id='word_1_52' title='bbox 3503 714 3610 754; x_wconf 89' lang='lat' dir='ltr'><strong>non</strong></span> 
     </span>
    </p>
   </div>
   <div class='ocr_carea' id='block_1_8' title="bbox 271 780 1907 860">
    <p class='ocr_par' dir='ltr' id='par_1_8' title="bbox 271 782 1907 856">
     <span class='ocr_line' id='line_1_8' title="bbox 271 782 1907 856; baseline -0.002 -17"><span class='ocrx_word' id='word_1_53' title='bbox 271 782 493 854; x_wconf 75' lang='grc' dir='ltr'>ἐντυχὼν</span> <span class='ocrx_word' id='word_1_54' title='bbox 510 785 629 847; x_wconf 82' lang='grc' dir='ltr'>τοῖς</span> <span class='ocrx_word' id='word_1_55' title='bbox 649 783 756 837; x_wconf 68' lang='grc' dir='ltr'>τοῦ</span> <span class='ocrx_word' id='word_1_56' title='bbox 771 786 825 837; x_wconf 82' lang='grc' dir='ltr'>Χ</span> <span class='ocrx_word' id='word_1_57' title='bbox 837 783 1048 856; x_wconf 78' lang='grc' dir='ltr'>ριστοῦ</span> <span class='ocrx_word' id='word_1_58' title='bbox 1060 784 1372 854; x_wconf 77' lang='grc' dir='ltr'><strong>διδάγμασι,</strong></span> <span class='ocrx_word' id='word_1_59' title='bbox 1386 783 1714 855; x_wconf 82' lang='grc' dir='ltr'><strong>κατατρέχει</strong></span> <span class='ocrx_word' id='word_1_60' title='bbox 1734 782 1907 854; x_wconf 74' lang='grc' dir='ltr'><strong>ήμῶνς</strong></span> 
     </span>
    </p>
   </div>
   <div class='ocr_carea' id='block_1_9' title="bbox 2021 780 3613 860">
    <p class='ocr_par' dir='ltr' id='par_1_9' title="bbox 2021 780 3613 860">
     <span class='ocr_line' id='line_1_9' title="bbox 2021 780 3613 860; baseline 0.007 -25"><span class='ocrx_word' id='word_1_61' title='bbox 2021 780 2228 853; x_wconf 87' lang='lat' dir='ltr'><strong>legerit,</strong></span> <span class='ocrx_word' id='word_1_62' title='bbox 2262 798 2361 838; x_wconf 92' lang='lat' dir='ltr'><strong>nos</strong></span> <span class='ocrx_word' id='word_1_63' title='bbox 2404 793 2587 839; x_wconf 89' lang='lat' dir='ltr'><strong>tamen</strong></span> <span class='ocrx_word' id='word_1_64' title='bbox 2619 787 2894 853; x_wconf 85' lang='lat' dir='ltr'><strong>exagitat,</strong></span> <span class='ocrx_word' id='word_1_65' title='bbox 2946 789 3318 857; x_wconf 86' lang='lat' dir='ltr'><strong>nequissimus</strong></span> <span class='ocrx_word' id='word_1_66' title='bbox 3366 790 3613 860; x_wconf 83' lang='lat' dir='ltr'><strong>profecto</strong></span> 
     </span>
    </p>
   </div>
   <div class='ocr_carea' id='block_1_10' title="bbox 280 874 1913 948">
    <p class='ocr_par' dir='ltr' id='par_1_10' title="bbox 280 874 1913 948">
     <span class='ocr_line' id='line_1_10' title="bbox 280 874 1913 948; baseline -0.001 -17"><span class='ocrx_word' id='word_1_67' title='bbox 280 875 630 946; x_wconf 69' lang='grc' dir='ltr'>καμπόνηρός</span> <span class='ocrx_word' id='word_1_68' title='bbox 670 877 838 941; x_wconf 83' lang='grc' dir='ltr'>ἐστι,</span> <span class='ocrx_word' id='word_1_69' title='bbox 880 878 989 931; x_wconf 73' lang='grc' dir='ltr'>καὶ</span> <span class='ocrx_word' id='word_1_70' title='bbox 1042 878 1268 933; x_wconf 77' lang='grc' dir='ltr'>ἰδιωτῶν</span> <span class='ocrx_word' id='word_1_71' title='bbox 1314 875 1493 947; x_wconf 85' lang='grc' dir='ltr'>πολλῷ</span> <span class='ocrx_word' id='word_1_72' title='bbox 1542 876 1741 947; x_wconf 86' lang='grc' dir='ltr'>χείρων</span> <span class='ocrx_word' id='word_1_73' title='bbox 1776 874 1913 948; x_wconf 85' lang='grc'>(76),</span> 
     </span>
    </p>
   </div>
   <div class='ocr_carea' id='block_1_11' title="bbox 288 965 1917 1043">
    <p class='ocr_par' dir='ltr' id='par_1_11' title="bbox 288 965 1917 1043">
     <span class='ocr_line' id='line_1_11' title="bbox 288 965 1917 1043; baseline -0.001 -20"><span class='ocrx_word' id='word_1_74' title='bbox 288 970 335 1023; x_wconf 77' lang='grc' dir='ltr'>οἶ</span> <span class='ocrx_word' id='word_1_75' title='bbox 363 968 731 1037; x_wconf 65' lang='grc' dir='ltr'><strong>φυλάττονται</strong></span> <span class='ocrx_word' id='word_1_76' title='bbox 767 970 1058 1035; x_wconf 80' lang='grc' dir='ltr'><strong>πολλάκις</strong></span> <span class='ocrx_word' id='word_1_77' title='bbox 1091 973 1222 1043; x_wconf 74' lang='grc' dir='ltr'>περὶ</span> <span class='ocrx_word' id='word_1_78' title='bbox 1251 965 1324 1025; x_wconf 84' lang='grc' dir='ltr'>ὧν</span> <span class='ocrx_word' id='word_1_79' title='bbox 1341 972 1441 1024; x_wconf 83' lang='grc' dir='ltr'><strong>οὐκ</strong></span> <span class='ocrx_word' id='word_1_80' title='bbox 1463 969 1779 1023; x_wconf 82' lang='grc' dir='ltr'>ἐπίστανται</span> <span class='ocrx_word' id='word_1_81' title='bbox 1799 968 1917 1022; x_wconf 89' lang='grc' dir='ltr'>δια-</span> 
     </span>
    </p>
   </div>
   <div class='ocr_carea' id='block_1_12' title="bbox 290 1060 1913 1134">
    <p class='ocr_par' dir='ltr' id='par_1_12' title="bbox 290 1060 1913 1134">
     <span class='ocr_line' id='line_1_12' title="bbox 290 1060 1913 1134; baseline -0.001 -19"><span class='ocrx_word' id='word_1_82' title='bbox 290 1061 535 1129; x_wconf 77' lang='grc' dir='ltr'>λέγεσθαι</span> <span class='ocrx_word' id='word_1_83' title='bbox 550 1061 652 1113; x_wconf 70' lang='grc' dir='ltr'><strong>καὶ</strong></span> <span class='ocrx_word' id='word_1_84' title='bbox 666 1061 1195 1134; x_wconf 75' lang='grc' dir='ltr'>ψευδομαρτυρεῖν.</span> <span class='ocrx_word' id='word_1_85' title='bbox 1216 1065 1285 1117; x_wconf 84' lang='grc' dir='ltr'><strong>Ἦ</strong></span> <span class='ocrx_word' id='word_1_86' title='bbox 1317 1065 1366 1116; x_wconf 78' lang='grc' dir='ltr'>εἰ</span> <span class='ocrx_word' id='word_1_87' title='bbox 1398 1060 1657 1132; x_wconf 84' lang='grc' dir='ltr'>ἐντυχὼν,</span> <span class='ocrx_word' id='word_1_88' title='bbox 1684 1061 1757 1134; x_wconf 82' lang='grc' dir='ltr'><strong>μὴ</strong></span> <span class='ocrx_word' id='word_1_89' title='bbox 1787 1076 1913 1113; x_wconf 76' lang='grc' dir='ltr'>συν-</span> 
     </span>
    </p>
   </div>
   <div class='ocr_carea' id='block_1_13' title="bbox 293 1151 1913 1236">
    <p class='ocr_par' dir='ltr' id='par_1_13' title="bbox 293 1151 1913 1236">
     <span class='ocr_line' id='line_1_13' title="bbox 293 1151 1913 1236; baseline -0.002 -29"><span class='ocrx_word' id='word_1_90' title='bbox 293 1156 390 1225; x_wconf 75' lang='grc' dir='ltr'><strong>ῆκε</strong></span> <span class='ocrx_word' id='word_1_91' title='bbox 452 1154 513 1207; x_wconf 74' lang='grc' dir='ltr'>τὸ</span> <span class='ocrx_word' id='word_1_92' title='bbox 545 1155 608 1207; x_wconf 88' lang='grc' dir='ltr'><strong>ἐν</strong></span> <span class='ocrx_word' id='word_1_93' title='bbox 644 1155 847 1218; x_wconf 81' lang='grc' dir='ltr'>αὐτοῖς</span> <span class='ocrx_word' id='word_1_94' title='bbox 886 1153 1188 1225; x_wconf 74' lang='grc' dir='ltr'><strong>μεγαλεῖον</strong></span> <span class='ocrx_word' id='word_1_95' title='bbox 1222 1155 1421 1236; x_wconf 48' lang='grc' dir='ltr'><strong>(77)’.ἢ</strong></span> <span class='ocrx_word' id='word_1_96' title='bbox 1460 1153 1661 1217; x_wconf 74' lang='grc' dir='ltr'>συνεὶς,</span> <span class='ocrx_word' id='word_1_97' title='bbox 1685 1153 1820 1224; x_wconf 82' lang='grc' dir='ltr'>πρὸς</span> <span class='ocrx_word' id='word_1_98' title='bbox 1853 1151 1913 1205; x_wconf 88' lang='grc' dir='ltr'>τὸ</span> 
     </span>
    </p>
   </div>
   <div class='ocr_carea' id='block_1_14' title="bbox 297 1244 1912 1317">
    <p class='ocr_par' dir='ltr' id='par_1_14' title="bbox 297 1244 1912 1317">
     <span class='ocr_line' id='line_1_14' title="bbox 297 1244 1912 1317; baseline 0.001 -19"><span class='ocrx_word' id='word_1_99' title='bbox 297 1248 369 1317; x_wconf 79' lang='grc' dir='ltr'>μὴ</span> <span class='ocrx_word' id='word_1_100' title='bbox 400 1245 824 1317; x_wconf 73' lang='grc' dir='ltr'>ὑποπτευθῆναι</span> <span class='ocrx_word' id='word_1_101' title='bbox 858 1246 1109 1311; x_wconf 79' lang='grc' dir='ltr'>τοιοῦτος</span> <span class='ocrx_word' id='word_1_102' title='bbox 1142 1246 1315 1300; x_wconf 79' lang='grc' dir='ltr'>ταῦτα</span> <span class='ocrx_word' id='word_1_103' title='bbox 1347 1248 1511 1309; x_wconf 86' lang='grc' dir='ltr'>ποιεῖ,</span> <span class='ocrx_word' id='word_1_104' title='bbox 1539 1245 1674 1299; x_wconf 83' lang='grc' dir='ltr'>πολὺ</span> <span class='ocrx_word' id='word_1_105' title='bbox 1713 1244 1912 1316; x_wconf 83' lang='grc' dir='ltr'>μᾶλλον</span> 
     </span>
    </p>
   </div>
   <div class='ocr_carea' id='block_1_15' title="bbox 294 1336 1912 1411">
    <p class='ocr_par' dir='ltr' id='par_1_15' title="bbox 294 1336 1912 1411">
     <span class='ocr_line' id='line_1_15' title="bbox 294 1336 1912 1411; baseline -0.001 -21"><span class='ocrx_word' id='word_1_106' title='bbox 294 1340 521 1409; x_wconf 76' lang='grc' dir='ltr'>ἀγεννὴς</span> <span class='ocrx_word' id='word_1_107' title='bbox 557 1340 661 1392; x_wconf 74' lang='grc' dir='ltr'>καὶ</span> <span class='ocrx_word' id='word_1_108' title='bbox 698 1340 1094 1411; x_wconf 80' lang='grc' dir='ltr'><strong>παμπόνηρος,</strong></span> <span class='ocrx_word' id='word_1_109' title='bbox 1134 1339 1408 1409; x_wconf 79' lang='grc' dir='ltr'>ἰδιωτικῆς</span> <span class='ocrx_word' id='word_1_110' title='bbox 1443 1338 1538 1392; x_wconf 74' lang='grc' dir='ltr'><strong>καὶ</strong></span> <span class='ocrx_word' id='word_1_111' title='bbox 1584 1338 1780 1406; x_wconf 85' lang='grc' dir='ltr'>ἀλόγου</span> <span class='ocrx_word' id='word_1_112' title='bbox 1824 1336 1912 1390; x_wconf 88' lang='grc' dir='ltr'>δό-</span> 
     </span>
    </p>
   </div>
   <div class='ocr_carea' id='block_1_16' title="bbox 291 1425 1919 1498">
    <p class='ocr_par' dir='ltr' id='par_1_16' title="bbox 291 1425 1919 1498">
     <span class='ocr_line' id='line_1_16' title="bbox 291 1425 1919 1498; baseline -0.003 -17"><span class='ocrx_word' id='word_1_113' title='bbox 291 1428 385 1497; x_wconf 69' lang='grc' dir='ltr'><strong>ξης</strong></span> <span class='ocrx_word' id='word_1_114' title='bbox 432 1429 535 1481; x_wconf 74' lang='grc' dir='ltr'><strong>καὶ</strong></span> <span class='ocrx_word' id='word_1_115' title='bbox 582 1427 761 1496; x_wconf 75' lang='grc' dir='ltr'>φόϐου</span> <span class='ocrx_word' id='word_1_116' title='bbox 797 1428 1043 1483; x_wconf 85' lang='grc' dir='ltr'>ἐλάττων</span> <span class='ocrx_word' id='word_1_117' title='bbox 1064 1429 1162 1481; x_wconf 78' lang='grc' dir='ltr'>ὢν.</span> <span class='ocrx_word' id='word_1_118' title='bbox 1200 1428 1313 1483; x_wconf 75' lang='grc' dir='ltr'>Καὶ</span> <span class='ocrx_word' id='word_1_119' title='bbox 1345 1427 1455 1498; x_wconf 85' lang='grc' dir='ltr'>γὰρ</span> <span class='ocrx_word' id='word_1_120' title='bbox 1490 1425 1762 1498; x_wconf 83' lang='grc' dir='ltr'>προθέντα</span> <span class='ocrx_word' id='word_1_121' title='bbox 1797 1425 1919 1498; x_wconf 79' lang='grc'>(78).</span> 
     </span>
    </p>
   </div>
   <div class='ocr_carea' id='block_1_17' title="bbox 294 1517 1908 1592">
    <p class='ocr_par' dir='ltr' id='par_1_17' title="bbox 294 1517 1908 1592">
     <span class='ocr_line' id='line_1_17' title="bbox 294 1517 1908 1592; baseline -0.002 -20"><span class='ocrx_word' id='word_1_122' title='bbox 294 1538 360 1591; x_wconf 76' lang='grc' dir='ltr'>με</span> <span class='ocrx_word' id='word_1_123' title='bbox 394 1521 496 1573; x_wconf 76' lang='grc' dir='ltr'><strong>καὶ</strong></span> <span class='ocrx_word' id='word_1_124' title='bbox 530 1522 903 1591; x_wconf 76' lang='grc' dir='ltr'>ἐρωτήσαντα</span> <span class='ocrx_word' id='word_1_125' title='bbox 936 1521 1100 1574; x_wconf 82' lang='grc' dir='ltr'>αὑτὸν</span> <span class='ocrx_word' id='word_1_126' title='bbox 1123 1521 1418 1592; x_wconf 74' lang='grc' dir='ltr'>ἐρωτήσεις</span> <span class='ocrx_word' id='word_1_127' title='bbox 1451 1517 1602 1581; x_wconf 85' lang='grc' dir='ltr'>τινὰς</span> <span class='ocrx_word' id='word_1_128' title='bbox 1634 1517 1908 1581; x_wconf 84' lang='grc' dir='ltr'>τοιαύτας,</span> 
     </span>
    </p>
   </div>
   <div class='ocr_carea' id='block_1_18' title="bbox 289 1608 1911 1684">
    <p class='ocr_par' dir='ltr' id='par_1_18' title="bbox 289 1608 1911 1684">
     <span class='ocr_line' id='line_1_18' title="bbox 289 1608 1911 1684; baseline -0.004 -17"><span class='ocrx_word' id='word_1_129' title='bbox 289 1614 389 1668; x_wconf 77' lang='grc' dir='ltr'><strong>καὶ</strong></span> <span class='ocrx_word' id='word_1_130' title='bbox 422 1613 624 1684; x_wconf 76' lang='grc' dir='ltr'>μαθεῖν</span> <span class='ocrx_word' id='word_1_131' title='bbox 660 1614 781 1684; x_wconf 77' lang='lat'><strong>(79)</strong></span> <span class='ocrx_word' id='word_1_132' title='bbox 831 1613 927 1668; x_wconf 75' lang='grc' dir='ltr'><strong>καὶ</strong></span> <span class='ocrx_word' id='word_1_133' title='bbox 973 1613 1193 1681; x_wconf 79' lang='grc' dir='ltr'>ἐλέγξαι</span> <span class='ocrx_word' id='word_1_134' title='bbox 1226 1611 1308 1665; x_wconf 83' lang='grc' dir='ltr'><strong>ὅτι</strong></span> <span class='ocrx_word' id='word_1_135' title='bbox 1341 1610 1557 1683; x_wconf 83' lang='grc' dir='ltr'>άληθῶς</span> <span class='ocrx_word' id='word_1_136' title='bbox 1592 1608 1757 1682; x_wconf 82' lang='grc' dir='ltr'>μηδὲν</span> <span class='ocrx_word' id='word_1_137' title='bbox 1791 1611 1911 1662; x_wconf 84' lang='grc' dir='ltr'>ἐπί-</span> 
     </span>
    </p>
   </div>
   <div class='ocr_carea' id='block_1_19' title="bbox 292 1700 1905 1774">
    <p class='ocr_par' dir='ltr' id='par_1_19' title="bbox 292 1700 1905 1774">
     <span class='ocr_line' id='line_1_19' title="bbox 292 1700 1905 1774; baseline -0.002 -18"><span class='ocrx_word' id='word_1_138' title='bbox 292 1720 510 1767; x_wconf 83' lang='grc' dir='ltr'>σταται,</span> <span class='ocrx_word' id='word_1_139' title='bbox 536 1704 754 1758; x_wconf 78' lang='grc' dir='ltr'>εἰδέναι</span> <span class='ocrx_word' id='word_1_140' title='bbox 789 1704 938 1774; x_wconf 73' lang='grc' dir='ltr'>ὑμᾶς</span> <span class='ocrx_word' id='word_1_141' title='bbox 974 1703 1259 1773; x_wconf 81' lang='grc' dir='ltr'>βούλομαι.</span> <span class='ocrx_word' id='word_1_142' title='bbox 1283 1702 1395 1755; x_wconf 77' lang='grc' dir='ltr'><strong>Καὶ</strong></span> <span class='ocrx_word' id='word_1_143' title='bbox 1425 1702 1508 1754; x_wconf 84' lang='grc' dir='ltr'>ὅτι</span> <span class='ocrx_word' id='word_1_144' title='bbox 1541 1700 1716 1772; x_wconf 84' lang='grc' dir='ltr'>ἀληθῆ</span> <span class='ocrx_word' id='word_1_145' title='bbox 1739 1700 1905 1769; x_wconf 84' lang='grc' dir='ltr'>λέγω,</span> 
     </span>
    </p>
   </div>
   <div class='ocr_carea' id='block_1_20' title="bbox 286 1792 1905 1867">
    <p class='ocr_par' dir='ltr' id='par_1_20' title="bbox 286 1792 1905 1867">
     <span class='ocr_line' id='line_1_20' title="bbox 286 1792 1905 1867; baseline -0.001 -20"><span class='ocrx_word' id='word_1_146' title='bbox 286 1798 341 1847; x_wconf 76' lang='grc' dir='ltr'><strong>εί</strong></span> <span class='ocrx_word' id='word_1_147' title='bbox 392 1795 466 1866; x_wconf 75' lang='grc' dir='ltr'><strong>μὴ</strong></span> <span class='ocrx_word' id='word_1_148' title='bbox 510 1794 910 1867; x_wconf 75' lang='grc' dir='ltr'>ἀνηνέχθησαν</span> <span class='ocrx_word' id='word_1_149' title='bbox 958 1796 1087 1865; x_wconf 83' lang='grc' dir='ltr'>ὑμῖν</span> <span class='ocrx_word' id='word_1_150' title='bbox 1136 1796 1193 1848; x_wconf 77' lang='grc' dir='ltr'>αἱ</span> <span class='ocrx_word' id='word_1_151' title='bbox 1239 1794 1516 1846; x_wconf 82' lang='grc' dir='ltr'>κοινωνίαι</span> <span class='ocrx_word' id='word_1_152' title='bbox 1561 1792 1667 1847; x_wconf 83' lang='grc' dir='ltr'>τῶν</span> <span class='ocrx_word' id='word_1_153' title='bbox 1709 1792 1905 1861; x_wconf 83' lang='grc' dir='ltr'>λόγων,</span> 
     </span>
    </p>
   </div>
   <div class='ocr_carea' id='block_1_21' title="bbox 2018 876 3611 952">
    <p class='ocr_par' dir='ltr' id='par_1_21' title="bbox 2018 876 3611 952">
     <span class='ocr_line' id='line_1_21' title="bbox 2018 876 3611 952; baseline 0.006 -24"><span class='ocrx_word' id='word_1_154' title='bbox 2018 883 2102 929; x_wconf 88' lang='lat' dir='ltr'><strong>est</strong></span> <span class='ocrx_word' id='word_1_155' title='bbox 2128 890 2193 929; x_wconf 90' lang='lat' dir='ltr'><strong>ac</strong></span> <span class='ocrx_word' id='word_1_156' title='bbox 2229 876 2399 930; x_wconf 87' lang='lat' dir='ltr'><strong>multo</strong></span> <span class='ocrx_word' id='word_1_157' title='bbox 2434 876 2676 931; x_wconf 85' lang='lat' dir='ltr'><strong>deterior</strong></span> <span class='ocrx_word' id='word_1_158' title='bbox 2697 877 2803 947; x_wconf 76' lang='lat'><strong>91</strong></span> <span class='ocrx_word' id='word_1_159' title='bbox 2836 880 3153 935; x_wconf 89' lang='lat' dir='ltr'><strong>hominibus</strong></span> <span class='ocrx_word' id='word_1_160' title='bbox 3195 881 3479 950; x_wconf 84' lang='lat' dir='ltr'><strong>imperitis,</strong></span> <span class='ocrx_word' id='word_1_161' title='bbox 3517 882 3611 952; x_wconf 97' lang='lat' dir='ltr'><strong>qui</strong></span> 
     </span>
    </p>
   </div>
   <div class='ocr_carea' id='block_1_22' title="bbox 2018 970 3613 1044">
    <p class='ocr_par' dir='ltr' id='par_1_22' title="bbox 2018 970 3613 1044">
     <span class='ocr_line' id='line_1_22' title="bbox 2018 970 3613 1044; baseline 0.004 -23"><span class='ocrx_word' id='word_1_162' title='bbox 2018 980 2162 1037; x_wconf 57' lang='lat' dir='ltr'><strong>sape</strong></span> <span class='ocrx_word' id='word_1_163' title='bbox 2194 977 2431 1033; x_wconf 89' lang='lat' dir='ltr'><strong>cavent,</strong></span> <span class='ocrx_word' id='word_1_164' title='bbox 2470 984 2538 1023; x_wconf 92' lang='lat' dir='ltr'><strong>ne</strong></span> <span class='ocrx_word' id='word_1_165' title='bbox 2571 970 2638 1025; x_wconf 89' lang='lat' dir='ltr'><strong>de</strong></span> <span class='ocrx_word' id='word_1_166' title='bbox 2672 970 2857 1037; x_wconf 85' lang='lat' dir='ltr'><strong>rebus,</strong></span> <span class='ocrx_word' id='word_1_167' title='bbox 2898 987 3037 1043; x_wconf 85' lang='lat' dir='ltr'><strong>quas</strong></span> <span class='ocrx_word' id='word_1_168' title='bbox 3071 974 3343 1044; x_wconf 82' lang='lat' dir='ltr'><strong>ignorant,</strong></span> <span class='ocrx_word' id='word_1_169' title='bbox 3382 976 3613 1043; x_wconf 79' lang='lat' dir='ltr'><strong>loquan-</strong></span> 
     </span>
    </p>
   </div>
   <div class='ocr_carea' id='block_1_23' title="bbox 2017 1060 3608 1138">
    <p class='ocr_par' dir='ltr' id='par_1_23' title="bbox 2017 1060 3608 1138">
     <span class='ocr_line' id='line_1_23' title="bbox 2017 1060 3608 1138; baseline 0.003 -23"><span class='ocrx_word' id='word_1_170' title='bbox 2017 1071 2111 1115; x_wconf 89' lang='lat' dir='ltr'><strong>tur</strong></span> <span class='ocrx_word' id='word_1_171' title='bbox 2139 1070 2193 1115; x_wconf 91' lang='lat' dir='ltr'><strong>et</strong></span> <span class='ocrx_word' id='word_1_172' title='bbox 2219 1060 2418 1115; x_wconf 72' lang='lat' dir='ltr'><strong>falsum</strong></span> <span class='ocrx_word' id='word_1_173' title='bbox 2458 1062 2829 1117; x_wconf 84' lang='lat' dir='ltr'><strong>testimonium</strong></span> <span class='ocrx_word' id='word_1_174' title='bbox 2861 1065 3073 1121; x_wconf 83' lang='lat' dir='ltr'><strong>dicant.</strong></span> <span class='ocrx_word' id='word_1_175' title='bbox 3099 1066 3197 1119; x_wconf 86' lang='lat' dir='ltr'><strong>Sin</strong></span> <span class='ocrx_word' id='word_1_176' title='bbox 3220 1077 3417 1121; x_wconf 83' lang='lat' dir='ltr'><strong>autem</strong></span> <span class='ocrx_word' id='word_1_177' title='bbox 3454 1067 3608 1138; x_wconf 76' lang='lat' dir='ltr'><strong>legit,</strong></span> 
     </span>
    </p>
   </div>
   <div class='ocr_carea' id='block_1_24' title="bbox 2016 1153 3608 1225">
    <p class='ocr_par' dir='ltr' id='par_1_24' title="bbox 2016 1153 3608 1225">
     <span class='ocr_line' id='line_1_24' title="bbox 2016 1153 3608 1225; baseline 0.004 -18"><span class='ocrx_word' id='word_1_178' title='bbox 2016 1169 2125 1208; x_wconf 90' lang='lat' dir='ltr'><strong>non</strong></span> <span class='ocrx_word' id='word_1_179' title='bbox 2177 1153 2450 1209; x_wconf 81' lang='lat' dir='ltr'><strong>intellexit</strong></span> <span class='ocrx_word' id='word_1_180' title='bbox 2504 1155 2665 1225; x_wconf 89' lang='lat' dir='ltr'><strong>hujus</strong></span> <span class='ocrx_word' id='word_1_181' title='bbox 2700 1156 2963 1211; x_wconf 64' lang='lat' dir='ltr'><strong>doctrinae</strong></span> <span class='ocrx_word' id='word_1_182' title='bbox 2998 1159 3376 1225; x_wconf 84' lang='lat' dir='ltr'><strong>majestatem;</strong></span> <span class='ocrx_word' id='word_1_183' title='bbox 3425 1170 3524 1213; x_wconf 90' lang='lat' dir='ltr'><strong>aut</strong></span> <span class='ocrx_word' id='word_1_184' title='bbox 3556 1160 3608 1213; x_wconf 87' lang='lat' dir='ltr'><strong>si</strong></span> 
     </span>
    </p>
   </div>
   <div class='ocr_carea' id='block_1_25' title="bbox 2014 1234 3612 1309">
    <p class='ocr_par' dir='ltr' id='par_1_25' title="bbox 2014 1234 3612 1309">
     <span class='ocr_line' id='line_1_25' title="bbox 2014 1234 3612 1309; baseline 0.003 -11"><span class='ocrx_word' id='word_1_185' title='bbox 2014 1244 2322 1309; x_wconf 86' lang='lat' dir='ltr'><strong>intellexit,</strong></span> <span class='ocrx_word' id='word_1_186' title='bbox 2358 1261 2426 1300; x_wconf 89' lang='lat' dir='ltr'><strong>ne</strong></span> <span class='ocrx_word' id='word_1_187' title='bbox 2455 1246 2828 1303; x_wconf 89' lang='lat' dir='ltr'><strong>Christianum</strong></span> <span class='ocrx_word' id='word_1_188' title='bbox 2877 1264 3002 1304; x_wconf 88' lang='lat' dir='ltr'><strong>esse</strong></span> <span class='ocrx_word' id='word_1_189' title='bbox 3033 1234 3185 1304; x_wconf 68' lang='lat' dir='ltr'><strong>illum</strong></span> <span class='ocrx_word' id='word_1_190' title='bbox 3233 1251 3488 1305; x_wconf 83' lang='lat' dir='ltr'><strong>homines</strong></span> <span class='ocrx_word' id='word_1_191' title='bbox 3519 1267 3612 1305; x_wconf 65' lang='lat' dir='ltr'><strong>suo</strong></span> 
     </span>
    </p>
   </div>
   <div class='ocr_carea' id='block_1_26' title="bbox 2017 1338 3605 1413">
    <p class='ocr_par' dir='ltr' id='par_1_26' title="bbox 2017 1338 3605 1413">
     <span class='ocr_line' id='line_1_26' title="bbox 2017 1338 3605 1413; baseline 0.003 -21"><span class='ocrx_word' id='word_1_192' title='bbox 2017 1338 2401 1409; x_wconf 83' lang='lat' dir='ltr'><strong>spicentur,ita</strong></span> <span class='ocrx_word' id='word_1_193' title='bbox 2419 1353 2478 1393; x_wconf 89' lang='lat' dir='ltr'><strong>se</strong></span> <span class='ocrx_word' id='word_1_194' title='bbox 2495 1339 2656 1408; x_wconf 86' lang='lat' dir='ltr'><strong>gerit,</strong></span> <span class='ocrx_word' id='word_1_195' title='bbox 2685 1356 2749 1395; x_wconf 92' lang='lat' dir='ltr'><strong>ac</strong></span> <span class='ocrx_word' id='word_1_196' title='bbox 2775 1340 2944 1396; x_wconf 88' lang='lat' dir='ltr'><strong>multo</strong></span> <span class='ocrx_word' id='word_1_197' title='bbox 2970 1344 3142 1413; x_wconf 84' lang='lat' dir='ltr'><strong>magis</strong></span> <span class='ocrx_word' id='word_1_198' title='bbox 3175 1343 3401 1412; x_wconf 84' lang='lat' dir='ltr'><strong>ignavus</strong></span> <span class='ocrx_word' id='word_1_199' title='bbox 3426 1353 3512 1398; x_wconf 89' lang='lat' dir='ltr'><strong>est</strong></span> <span class='ocrx_word' id='word_1_200' title='bbox 3544 1354 3605 1397; x_wconf 83' lang='lat' dir='ltr'><strong>et</strong></span> 
     </span>
    </p>
   </div>
   <div class='ocr_carea' id='block_1_27' title="bbox 2011 1431 3609 1505">
    <p class='ocr_par' dir='ltr' id='par_1_27' title="bbox 2011 1431 3609 1505">
     <span class='ocr_line' id='line_1_27' title="bbox 2011 1431 3609 1505; baseline 0.003 -21"><span class='ocrx_word' id='word_1_201' title='bbox 2011 1431 2305 1501; x_wconf 85' lang='lat' dir='ltr'><strong>pessimus,</strong></span> <span class='ocrx_word' id='word_1_202' title='bbox 2343 1439 2401 1486; x_wconf 93' lang='lat' dir='ltr'><strong>ut</strong></span> <span class='ocrx_word' id='word_1_203' title='bbox 2442 1432 2535 1501; x_wconf 89' lang='lat' dir='ltr'><strong>qui</strong></span> <span class='ocrx_word' id='word_1_204' title='bbox 2572 1434 2818 1502; x_wconf 88' lang='lat' dir='ltr'><strong>populari</strong></span> <span class='ocrx_word' id='word_1_205' title='bbox 2848 1447 2903 1491; x_wconf 86' lang='lat' dir='ltr'><strong>et</strong></span> <span class='ocrx_word' id='word_1_206' title='bbox 2930 1451 2959 1490; x_wconf 89' lang='lat' dir='ltr'><strong>a</strong></span> <span class='ocrx_word' id='word_1_207' title='bbox 3000 1438 3213 1490; x_wconf 79' lang='lat' dir='ltr'><strong>ratione</strong></span> <span class='ocrx_word' id='word_1_208' title='bbox 3250 1436 3428 1491; x_wconf 90' lang='lat' dir='ltr'><strong>aliena</strong></span> <span class='ocrx_word' id='word_1_209' title='bbox 3486 1436 3609 1505; x_wconf 77' lang='lat' dir='ltr'><strong>opi-</strong></span> 
     </span>
    </p>
   </div>
   <div class='ocr_carea' id='block_1_28' title="bbox 2013 1524 3607 1594">
    <p class='ocr_par' dir='ltr' id='par_1_28' title="bbox 2013 1524 3607 1594">
     <span class='ocr_line' id='line_1_28' title="bbox 2013 1524 3607 1594; baseline 0.004 -17"><span class='ocrx_word' id='word_1_210' title='bbox 2013 1524 2176 1577; x_wconf 91' lang='lat' dir='ltr'><strong>nione</strong></span> <span class='ocrx_word' id='word_1_211' title='bbox 2214 1538 2277 1578; x_wconf 88' lang='lat' dir='ltr'><strong>ac</strong></span> <span class='ocrx_word' id='word_1_212' title='bbox 2307 1534 2454 1579; x_wconf 89' lang='lat' dir='ltr'><strong>metu</strong></span> <span class='ocrx_word' id='word_1_213' title='bbox 2479 1537 2788 1594; x_wconf 87' lang='lat' dir='ltr'><strong>superetur.</strong></span> <span class='ocrx_word' id='word_1_214' title='bbox 2827 1528 2962 1582; x_wconf 88' lang='lat' dir='ltr'><strong>Illud</strong></span> <span class='ocrx_word' id='word_1_215' title='bbox 2988 1530 3134 1583; x_wconf 91' lang='lat' dir='ltr'><strong>enim</strong></span> <span class='ocrx_word' id='word_1_216' title='bbox 3166 1530 3315 1584; x_wconf 88' lang='lat' dir='ltr'><strong>scire</strong></span> <span class='ocrx_word' id='word_1_217' title='bbox 3364 1544 3461 1584; x_wconf 90' lang='lat' dir='ltr'><strong>vos</strong></span> <span class='ocrx_word' id='word_1_218' title='bbox 3509 1544 3607 1583; x_wconf 82' lang='lat' dir='ltr'><strong>ve-</strong></span> 
     </span>
    </p>
   </div>
   <div class='ocr_carea' id='block_1_29' title="bbox 2012 1614 3606 1691">
    <p class='ocr_par' dir='ltr' id='par_1_29' title="bbox 2012 1614 3606 1691">
     <span class='ocr_line' id='line_1_29' title="bbox 2012 1614 3606 1691; baseline 0.003 -23"><span class='ocrx_word' id='word_1_219' title='bbox 2012 1614 2104 1669; x_wconf 88' lang='lat' dir='ltr'><strong>lim</strong></span> <span class='ocrx_word' id='word_1_220' title='bbox 2139 1631 2248 1682; x_wconf 89' lang='lat' dir='ltr'><strong>mc,</strong></span> <span class='ocrx_word' id='word_1_221' title='bbox 2276 1631 2399 1671; x_wconf 90' lang='lat' dir='ltr'><strong>cum</strong></span> <span class='ocrx_word' id='word_1_222' title='bbox 2436 1619 2732 1674; x_wconf 90' lang='lat' dir='ltr'><strong>nonnullas</strong></span> <span class='ocrx_word' id='word_1_223' title='bbox 2769 1622 2820 1675; x_wconf 91' lang='lat' dir='ltr'><strong>ei</strong></span> <span class='ocrx_word' id='word_1_224' title='bbox 2852 1622 3312 1691; x_wconf 80' lang='lat' dir='ltr'><strong>interrogationes</strong></span> <span class='ocrx_word' id='word_1_225' title='bbox 3338 1620 3606 1688; x_wconf 85' lang='lat' dir='ltr'><strong>ejusmodi</strong></span> 
     </span>
    </p>
   </div>
   <div class='ocr_carea' id='block_1_30' title="bbox 2011 1699 3605 1781">
    <p class='ocr_par' dir='ltr' id='par_1_30' title="bbox 2011 1699 3605 1781">
     <span class='ocr_line' id='line_1_30' title="bbox 2011 1699 3605 1781; baseline 0.003 -22"><span class='ocrx_word' id='word_1_226' title='bbox 2011 1699 2435 1775; x_wconf 76' lang='lat' dir='ltr'><strong>proposuissem,</strong></span> <span class='ocrx_word' id='word_1_227' title='bbox 2476 1708 2741 1765; x_wconf 89' lang='lat' dir='ltr'><strong>didicisse</strong></span> <span class='ocrx_word' id='word_1_228' title='bbox 2774 1720 2830 1766; x_wconf 89' lang='lat' dir='ltr'><strong>et</strong></span> <span class='ocrx_word' id='word_1_229' title='bbox 2879 1712 3307 1781; x_wconf 86' lang='lat' dir='ltr'><strong>deprehendisse</strong></span> <span class='ocrx_word' id='word_1_230' title='bbox 3334 1712 3487 1765; x_wconf 91' lang='lat' dir='ltr'><strong>illum</strong></span> <span class='ocrx_word' id='word_1_231' title='bbox 3520 1726 3605 1764; x_wconf 76' lang='lat' dir='ltr'><strong>re~</strong></span> 
     </span>
    </p>
   </div>
   <div class='ocr_carea' id='block_1_31' title="bbox 2010 1799 3605 1871">
    <p class='ocr_par' dir='ltr' id='par_1_31' title="bbox 2010 1799 3605 1871">
     <span class='ocr_line' id='line_1_31' title="bbox 2010 1799 3605 1871; baseline 0.003 -21"><span class='ocrx_word' id='word_1_232' title='bbox 2010 1813 2135 1854; x_wconf 86' lang='lat' dir='ltr'><strong>vera</strong></span> <span class='ocrx_word' id='word_1_233' title='bbox 2169 1799 2302 1854; x_wconf 85' lang='lat' dir='ltr'><strong>nihil</strong></span> <span class='ocrx_word' id='word_1_234' title='bbox 2326 1799 2489 1853; x_wconf 86' lang='lat' dir='ltr'><strong>scire.</strong></span> <span class='ocrx_word' id='word_1_235' title='bbox 2523 1802 2704 1871; x_wconf 88' lang='lat' dir='ltr'><strong>Atque</strong></span> <span class='ocrx_word' id='word_1_236' title='bbox 2733 1813 2792 1858; x_wconf 92' lang='lat' dir='ltr'><strong>ut</strong></span> <span class='ocrx_word' id='word_1_237' title='bbox 2820 1818 3010 1858; x_wconf 90' lang='lat' dir='ltr'><strong>verum</strong></span> <span class='ocrx_word' id='word_1_238' title='bbox 3050 1820 3079 1858; x_wconf 94' lang='lat' dir='ltr'><strong>a</strong></span> <span class='ocrx_word' id='word_1_239' title='bbox 3127 1820 3216 1863; x_wconf 85' lang='lat' dir='ltr'><strong>me</strong></span> <span class='ocrx_word' id='word_1_240' title='bbox 3257 1804 3365 1859; x_wconf 89' lang='lat' dir='ltr'><strong>dici</strong></span> <span class='ocrx_word' id='word_1_241' title='bbox 3402 1810 3605 1871; x_wconf 85' lang='lat' dir='ltr'><strong>pateat,</strong></span> 
     </span>
    </p>
   </div>
   <div class='ocr_carea' id='block_1_32' title="bbox 288 1868 1907 1965">
    <p class='ocr_par' dir='ltr' id='par_1_32' title="bbox 288 1884 1907 1958">
     <span class='ocr_line' id='line_1_32' title="bbox 288 1884 1907 1958; baseline -0.001 -19"><span class='ocrx_word' id='word_1_242' title='bbox 288 1888 513 1958; x_wconf 73' lang='grc' dir='ltr'>ἕτοιμος</span> <span class='ocrx_word' id='word_1_243' title='bbox 549 1888 651 1941; x_wconf 76' lang='grc' dir='ltr'><strong>καὶ</strong></span> <span class='ocrx_word' id='word_1_244' title='bbox 688 1890 776 1955; x_wconf 79' lang='grc' dir='ltr'><strong>ἐφ’</strong></span> <span class='ocrx_word' id='word_1_245' title='bbox 813 1886 966 1957; x_wconf 84' lang='grc' dir='ltr'>ὑμῶν</span> <span class='ocrx_word' id='word_1_246' title='bbox 999 1889 1278 1940; x_wconf 83' lang='grc' dir='ltr'>κοινωνεῖν</span> <span class='ocrx_word' id='word_1_247' title='bbox 1310 1884 1419 1937; x_wconf 84' lang='grc' dir='ltr'>τῶν</span> <span class='ocrx_word' id='word_1_248' title='bbox 1451 1885 1775 1956; x_wconf 79' lang='grc' dir='ltr'>ἐρωτήσεων</span> <span class='ocrx_word' id='word_1_249' title='bbox 1808 1885 1907 1938; x_wconf 87' lang='grc' dir='ltr'>πά-</span> 
     </span>
    </p>
   </div>
   <div class='ocr_carea' id='block_1_33' title="bbox 2021 1868 3606 1965">
    <p class='ocr_par' dir='ltr' id='par_1_33' title="bbox 2021 1894 3606 1965">
     <span class='ocr_line' id='line_1_33' title="bbox 2021 1894 3606 1965; baseline 0.001 -19"><span class='ocrx_word' id='word_1_250' title='bbox 2021 1905 2239 1962; x_wconf 83' lang='lat' dir='ltr'><strong>paratus</strong></span> <span class='ocrx_word' id='word_1_251' title='bbox 2282 1907 2422 1955; x_wconf 90' lang='lat' dir='ltr'><strong>sum,</strong></span> <span class='ocrx_word' id='word_1_252' title='bbox 2474 1894 2519 1948; x_wconf 90' lang='lat' dir='ltr'><strong>si</strong></span> <span class='ocrx_word' id='word_1_253' title='bbox 2565 1898 2962 1964; x_wconf 87' lang='lat' dir='ltr'><strong>disputationes</strong></span> <span class='ocrx_word' id='word_1_254' title='bbox 3004 1898 3109 1951; x_wconf 83' lang='lat' dir='ltr'><strong>illae</strong></span> <span class='ocrx_word' id='word_1_255' title='bbox 3142 1898 3208 1951; x_wconf 89' lang='lat' dir='ltr'><strong>ad</strong></span> <span class='ocrx_word' id='word_1_256' title='bbox 3240 1911 3336 1951; x_wconf 90' lang='lat' dir='ltr'><strong>vos</strong></span> <span class='ocrx_word' id='word_1_257' title='bbox 3378 1895 3606 1965; x_wconf 68' lang='lat' dir='ltr'><strong>perlatae</strong></span> 
     </span>
    </p>
   </div>
   <div class='ocr_carea' id='block_1_34' title="bbox 287 1976 1909 2050">
    <p class='ocr_par' dir='ltr' id='par_1_34' title="bbox 287 1976 1909 2050">
     <span class='ocr_line' id='line_1_34' title="bbox 287 1976 1909 2050; baseline -0.003 -18"><span class='ocrx_word' id='word_1_258' title='bbox 287 1981 399 2034; x_wconf 69' lang='grc' dir='ltr'>λιν.</span> <span class='ocrx_word' id='word_1_259' title='bbox 434 1981 744 2035; x_wconf 65' lang='lat' dir='ltr'><strong>Bas-Jube</strong></span> <span class='ocrx_word' id='word_1_260' title='bbox 795 1981 840 2034; x_wconf 78' lang='grc' dir='ltr'>δ’</span> <span class='ocrx_word' id='word_1_261' title='bbox 874 1981 939 2033; x_wconf 83' lang='grc' dir='ltr'><strong>ἂν</strong></span> <span class='ocrx_word' id='word_1_262' title='bbox 973 1980 1070 2033; x_wconf 75' lang='grc' dir='ltr'><strong>καὶ</strong></span> <span class='ocrx_word' id='word_1_263' title='bbox 1104 1978 1262 2032; x_wconf 75' lang='grc' dir='ltr'>τοῦτο</span> <span class='ocrx_word' id='word_1_264' title='bbox 1294 1978 1454 2049; x_wconf 78' lang='grc' dir='ltr'>ἔργον</span> <span class='ocrx_word' id='word_1_265' title='bbox 1488 1978 1593 2050; x_wconf 75' lang='grc' dir='ltr'>εἴη.</span> <span class='ocrx_word' id='word_1_266' title='bbox 1629 1979 1691 2030; x_wconf 85' lang='grc' dir='ltr'>Εἰ</span> <span class='ocrx_word' id='word_1_267' title='bbox 1723 1977 1780 2029; x_wconf 86' lang='grc' dir='ltr'>δὲ</span> <span class='ocrx_word' id='word_1_268' title='bbox 1813 1976 1909 2030; x_wconf 76' lang='grc' dir='ltr'>καὶ</span> 
     </span>
    </p>
   </div>
   <div class='ocr_carea' id='block_1_35' title="bbox 286 2070 1909 2145">
    <p class='ocr_par' dir='ltr' id='par_1_35' title="bbox 286 2070 1909 2145">
     <span class='ocr_line' id='line_1_35' title="bbox 286 2070 1909 2145; baseline -0.002 -20"><span class='ocrx_word' id='word_1_269' title='bbox 286 2073 663 2142; x_wconf 72' lang='grc' dir='ltr'>ἑγνιέη-θησαν</span> <span class='ocrx_word' id='word_1_270' title='bbox 699 2074 834 2142; x_wconf 78' lang='grc' dir='ltr'>ὑμῖν</span> <span class='ocrx_word' id='word_1_271' title='bbox 867 2075 922 2126; x_wconf 88' lang='grc' dir='ltr'>αἱ</span> <span class='ocrx_word' id='word_1_272' title='bbox 958 2073 1261 2145; x_wconf 81' lang='grc' dir='ltr'>ἐρωτήσεις</span> <span class='ocrx_word' id='word_1_273' title='bbox 1296 2089 1418 2140; x_wconf 88' lang='grc' dir='ltr'>μου,</span> <span class='ocrx_word' id='word_1_274' title='bbox 1455 2070 1549 2125; x_wconf 79' lang='grc' dir='ltr'><strong>καὶ</strong></span> <span class='ocrx_word' id='word_1_275' title='bbox 1597 2073 1651 2124; x_wconf 90' lang='grc' dir='ltr'>αἱ</span> <span class='ocrx_word' id='word_1_276' title='bbox 1698 2071 1909 2124; x_wconf 85' lang='grc' dir='ltr'>ἐκείνου</span> 
     </span>
    </p>
   </div>
   <div class='ocr_carea' id='block_1_36' title="bbox 286 2166 1911 2241">
    <p class='ocr_par' dir='ltr' id='par_1_36' title="bbox 286 2166 1911 2241">
     <span class='ocr_line' id='line_1_36' title="bbox 286 2166 1911 2241; baseline -0.002 -19"><span class='ocrx_word' id='word_1_277' title='bbox 286 2168 648 2241; x_wconf 72' lang='grc' dir='ltr'>ἀποκρίσεις,</span> <span class='ocrx_word' id='word_1_278' title='bbox 687 2169 926 2239; x_wconf 74' lang='grc' dir='ltr'>φανερὸν</span> <span class='ocrx_word' id='word_1_279' title='bbox 959 2169 1089 2239; x_wconf 80' lang='grc' dir='ltr'>ὑμῖν</span> <span class='ocrx_word' id='word_1_280' title='bbox 1130 2168 1300 2230; x_wconf 76' lang='grc' dir='ltr'>ἐστιν,</span> <span class='ocrx_word' id='word_1_281' title='bbox 1336 2167 1417 2219; x_wconf 81' lang='grc' dir='ltr'><strong>ὅτι</strong></span> <span class='ocrx_word' id='word_1_282' title='bbox 1450 2166 1601 2219; x_wconf 84' lang='grc' dir='ltr'>οὐδὲν</span> <span class='ocrx_word' id='word_1_283' title='bbox 1634 2166 1741 2219; x_wconf 78' lang='grc' dir='ltr'><strong>τῶν</strong></span> <span class='ocrx_word' id='word_1_284' title='bbox 1774 2169 1911 2237; x_wconf 77' lang='grc' dir='ltr'>ἡμε-</span> 
     </span>
    </p>
   </div>
   <div class='ocr_carea' id='block_1_37' title="bbox 288 2259 1909 2334">
    <p class='ocr_par' dir='ltr' id='par_1_37' title="bbox 288 2259 1909 2334">
     <span class='ocr_line' id='line_1_37' title="bbox 288 2259 1909 2334; baseline -0.001 -19"><span class='ocrx_word' id='word_1_285' title='bbox 288 2263 471 2334; x_wconf 78' lang='grc' dir='ltr'>τέρων</span> <span class='ocrx_word' id='word_1_286' title='bbox 500 2263 621 2330; x_wconf 78' lang='lat'><strong>(80)</strong></span> <span class='ocrx_word' id='word_1_287' title='bbox 662 2262 991 2315; x_wconf 80' lang='grc' dir='ltr'>ἐπίσταται·</span> <span class='ocrx_word' id='word_1_288' title='bbox 1030 2259 1086 2331; x_wconf 83' lang='grc' dir='ltr'>ἢ,</span> <span class='ocrx_word' id='word_1_289' title='bbox 1122 2262 1171 2313; x_wconf 85' lang='grc' dir='ltr'><strong>εί</strong></span> <span class='ocrx_word' id='word_1_290' title='bbox 1204 2260 1298 2314; x_wconf 72' lang='grc' dir='ltr'>καὶ</span> <span class='ocrx_word' id='word_1_291' title='bbox 1331 2259 1617 2313; x_wconf 77' lang='grc' dir='ltr'>ἐπίσταται</span> <span class='ocrx_word' id='word_1_292' title='bbox 1654 2259 1786 2330; x_wconf 78' lang='grc'><strong>(81),</strong></span> <span class='ocrx_word' id='word_1_293' title='bbox 1822 2260 1909 2314; x_wconf 79' lang='grc' dir='ltr'>διὰ</span> 
     </span>
    </p>
   </div>
   <div class='ocr_carea' id='block_1_38' title="bbox 286 2350 1904 2424">
    <p class='ocr_par' dir='ltr' id='par_1_38' title="bbox 286 2350 1904 2424">
     <span class='ocr_line' id='line_1_38' title="bbox 286 2350 1904 2424; baseline 0 -17"><span class='ocrx_word' id='word_1_294' title='bbox 286 2356 418 2417; x_wconf 65' lang='grc' dir='ltr'>τοὺς</span> <span class='ocrx_word' id='word_1_295' title='bbox 451 2354 771 2416; x_wconf 73' lang='grc' dir='ltr'>ἀκούοντας</span> <span class='ocrx_word' id='word_1_296' title='bbox 800 2352 859 2405; x_wconf 81' lang='grc' dir='ltr'>δὲ</span> <span class='ocrx_word' id='word_1_297' title='bbox 892 2354 953 2406; x_wconf 79' lang='grc' dir='ltr'><strong>οὐ</strong></span> <span class='ocrx_word' id='word_1_298' title='bbox 986 2351 1161 2424; x_wconf 83' lang='grc' dir='ltr'>τολμᾷ</span> <span class='ocrx_word' id='word_1_299' title='bbox 1182 2352 1362 2421; x_wconf 84' lang='grc' dir='ltr'>λέγειν</span> <span class='ocrx_word' id='word_1_300' title='bbox 1382 2350 1583 2422; x_wconf 82' lang='grc' dir='ltr'>ὁμοίως</span> <span class='ocrx_word' id='word_1_301' title='bbox 1604 2352 1904 2424; x_wconf 84' lang='grc' dir='ltr'>Σωκράτει,</span> 
     </span>
    </p>
   </div>
   <div class='ocr_carea' id='block_1_39' title="bbox 288 2444 1911 2520">
    <p class='ocr_par' dir='ltr' id='par_1_39' title="bbox 288 2444 1911 2520">
     <span class='ocr_line' id='line_1_39' title="bbox 288 2444 1911 2520; baseline 0.001 -21"><span class='ocrx_word' id='word_1_302' title='bbox 288 2447 370 2510; x_wconf 73' lang='grc' dir='ltr'>ὡς</span> <span class='ocrx_word' id='word_1_303' title='bbox 402 2448 689 2517; x_wconf 72' lang='grc' dir='ltr'>προέφην,</span> <span class='ocrx_word' id='word_1_304' title='bbox 724 2447 791 2499; x_wconf 82' lang='grc' dir='ltr'><strong>οὐ</strong></span> <span class='ocrx_word' id='word_1_305' title='bbox 825 2446 1135 2515; x_wconf 77' lang='grc' dir='ltr'>φιλόσοφος,</span> <span class='ocrx_word' id='word_1_306' title='bbox 1170 2445 1308 2499; x_wconf 82' lang='grc' dir='ltr'>ἀλλὰ</span> <span class='ocrx_word' id='word_1_307' title='bbox 1340 2444 1613 2514; x_wconf 83' lang='grc' dir='ltr'>φιλόδοξος</span> <span class='ocrx_word' id='word_1_308' title='bbox 1636 2445 1748 2516; x_wconf 77' lang='lat'><strong>(8‘2)</strong></span> <span class='ocrx_word' id='word_1_309' title='bbox 1771 2448 1911 2520; x_wconf 82' lang='grc' dir='ltr'>ἀνὴρ</span> 
     </span>
    </p>
   </div>
   <div class='ocr_carea' id='block_1_40' title="bbox 290 2538 1912 2611">
    <p class='ocr_par' dir='ltr' id='par_1_40' title="bbox 290 2538 1912 2611">
     <span class='ocr_line' id='line_1_40' title="bbox 290 2538 1912 2611; baseline 0.001 -18"><span class='ocrx_word' id='word_1_310' title='bbox 290 2539 574 2593; x_wconf 59' lang='lat' dir='ltr'><strong>asinum:</strong></span> <span class='ocrx_word' id='word_1_311' title='bbox 596 2557 611 2568; x_wconf 89' lang='grc'><strong>·</strong></span> <span class='ocrx_word' id='word_1_312' title='bbox 650 2540 711 2602; x_wconf 77' lang='grc' dir='ltr'>ὃς</span> <span class='ocrx_word' id='word_1_313' title='bbox 747 2556 813 2607; x_wconf 84' lang='grc' dir='ltr'><strong>γε</strong></span> <span class='ocrx_word' id='word_1_314' title='bbox 850 2538 925 2610; x_wconf 77' lang='grc' dir='ltr'><strong>μὴ</strong></span> <span class='ocrx_word' id='word_1_315' title='bbox 959 2538 1018 2592; x_wconf 79' lang='grc' dir='ltr'>τὸ</span> <span class='ocrx_word' id='word_1_316' title='bbox 1040 2539 1154 2610; x_wconf 80' lang='grc'><strong>(85)</strong></span> <span class='ocrx_word' id='word_1_317' title='bbox 1189 2539 1555 2608; x_wconf 84' lang='grc' dir='ltr'>Σωκρατικὸν,</span> <span class='ocrx_word' id='word_1_318' title='bbox 1589 2539 1912 2611; x_wconf 82' lang='grc' dir='ltr'>ἀξιέραστον</span> 
     </span>
    </p>
   </div>
   <div class='ocr_carea' id='block_1_41' title="bbox 292 2627 1913 2701">
    <p class='ocr_par' dir='ltr' id='par_1_41' title="bbox 292 2627 1913 2701">
     <span class='ocr_line' id='line_1_41' title="bbox 292 2627 1913 2701; baseline 0 -19"><span class='ocrx_word' id='word_1_319' title='bbox 292 2631 379 2691; x_wconf 75' lang='grc' dir='ltr'>ὃν,</span> <span class='ocrx_word' id='word_1_320' title='bbox 411 2632 575 2700; x_wconf 73' lang='grc' dir='ltr'>τιμᾷ,</span> <span class='ocrx_word' id='word_1_321' title='bbox 618 2648 639 2680; x_wconf 76' lang='grc' dir='ltr'><strong>ι</strong></span> <span class='ocrx_word' id='word_1_322' title='bbox 666 2628 809 2681; x_wconf 77' lang='grc' dir='ltr'>Ἀλλ’</span> <span class='ocrx_word' id='word_1_323' title='bbox 840 2628 957 2682; x_wconf 73' lang='grc' dir='ltr'>οΰτι</span> <span class='ocrx_word' id='word_1_324' title='bbox 991 2646 1056 2697; x_wconf 90' lang='grc' dir='ltr'><strong>γε</strong></span> <span class='ocrx_word' id='word_1_325' title='bbox 1090 2630 1199 2701; x_wconf 87' lang='grc' dir='ltr'><strong>πρὸ</strong></span> <span class='ocrx_word' id='word_1_326' title='bbox 1232 2628 1331 2699; x_wconf 86' lang='grc' dir='ltr'><strong>τῆς</strong></span> <span class='ocrx_word' id='word_1_327' title='bbox 1363 2627 1622 2700; x_wconf 84' lang='grc' dir='ltr'>ἀληθείας</span> <span class='ocrx_word' id='word_1_328' title='bbox 1654 2630 1913 2701; x_wconf 82' lang='grc' dir='ltr'>τιμητέος</span> 
     </span>
    </p>
   </div>
   <div class='ocr_carea' id='block_1_42' title="bbox 293 2722 1911 2797">
    <p class='ocr_par' dir='ltr' id='par_1_42' title="bbox 293 2722 1911 2797">
     <span class='ocr_line' id='line_1_42' title="bbox 293 2722 1911 2797; baseline 0.001 -22"><span class='ocrx_word' id='word_1_329' title='bbox 293 2726 455 2795; x_wconf 74' lang='grc' dir='ltr'>ἁνήρ.</span> <span class='ocrx_word' id='word_1_330' title='bbox 491 2742 512 2775; x_wconf 74' lang='grc' dir='ltr'><strong>ι</strong></span> <span class='ocrx_word' id='word_1_331' title='bbox 534 2722 835 2776; x_wconf 67' lang='grc' dir='ltr'>Ἀδύνατον</span> <span class='ocrx_word' id='word_1_332' title='bbox 851 2722 908 2777; x_wconf 74' lang='grc' dir='ltr'>δὲ</span> <span class='ocrx_word' id='word_1_333' title='bbox 923 2722 1148 2793; x_wconf 83' lang='grc' dir='ltr'>κυνικῷ,</span> <span class='ocrx_word' id='word_1_334' title='bbox 1172 2722 1464 2795; x_wconf 81' lang='grc' dir='ltr'>ἀδιάφορον</span> <span class='ocrx_word' id='word_1_335' title='bbox 1487 2724 1546 2775; x_wconf 84' lang='grc' dir='ltr'>τὺ</span> <span class='ocrx_word' id='word_1_336' title='bbox 1572 2722 1723 2786; x_wconf 84' lang='grc' dir='ltr'>τέλος</span> <span class='ocrx_word' id='word_1_337' title='bbox 1748 2740 1911 2797; x_wconf 84' lang='grc' dir='ltr'>προε-</span> 
     </span>
    </p>
   </div>
   <div class='ocr_carea' id='block_1_43' title="bbox 297 2813 1610 2887">
    <p class='ocr_par' dir='ltr' id='par_1_43' title="bbox 297 2813 1610 2887">
     <span class='ocr_line' id='line_1_43' title="bbox 297 2813 1610 2887; baseline -0.002 -19"><span class='ocrx_word' id='word_1_338' title='bbox 297 2816 467 2886; x_wconf 76' lang='grc' dir='ltr'>μένῳ,</span> <span class='ocrx_word' id='word_1_339' title='bbox 504 2816 565 2868; x_wconf 70' lang='grc' dir='ltr'>τὸ</span> <span class='ocrx_word' id='word_1_340' title='bbox 599 2813 818 2883; x_wconf 79' lang='grc' dir='ltr'>ἀγαθὸν</span> <span class='ocrx_word' id='word_1_341' title='bbox 852 2814 1056 2869; x_wconf 84' lang='grc' dir='ltr'>εἰδέναι</span> <span class='ocrx_word' id='word_1_342' title='bbox 1090 2813 1230 2887; x_wconf 81' lang='grc' dir='ltr'>πλὴν</span> <span class='ocrx_word' id='word_1_343' title='bbox 1264 2814 1610 2884; x_wconf 82' lang='grc' dir='ltr'>ἀδιαφορίας.</span> 
     </span>
    </p>
   </div>
   <div class='ocr_carea' id='block_1_44' title="bbox 2014 1989 3606 2060">
    <p class='ocr_par' dir='ltr' id='par_1_44' title="bbox 2014 1989 3606 2060">
     <span class='ocr_line' id='line_1_44' title="bbox 2014 1989 3606 2060; baseline 0.001 -23"><span class='ocrx_word' id='word_1_344' title='bbox 2014 2000 2119 2039; x_wconf 82' lang='grc' dir='ltr'>ιιυιι</span> <span class='ocrx_word' id='word_1_345' title='bbox 2144 1998 2291 2053; x_wconf 90' lang='lat' dir='ltr'><strong>sunt,</strong></span> <span class='ocrx_word' id='word_1_346' title='bbox 2324 2004 2510 2043; x_wconf 90' lang='lat' dir='ltr'><strong>coram</strong></span> <span class='ocrx_word' id='word_1_347' title='bbox 2538 1990 2694 2044; x_wconf 86' lang='lat' dir='ltr'><strong>vobis</strong></span> <span class='ocrx_word' id='word_1_348' title='bbox 2734 1989 3195 2060; x_wconf 83' lang='lat' dir='ltr'><strong>interrogationes</strong></span> <span class='ocrx_word' id='word_1_349' title='bbox 3234 1989 3430 2041; x_wconf 89' lang='lat' dir='ltr'><strong>iterum</strong></span> <span class='ocrx_word' id='word_1_350' title='bbox 3484 2000 3606 2056; x_wconf 88' lang='lat' dir='ltr'><strong>pro-</strong></span> 
     </span>
    </p>
   </div>
   <div class='ocr_carea' id='block_1_45' title="bbox 2011 2079 3604 2152">
    <p class='ocr_par' dir='ltr' id='par_1_45' title="bbox 2011 2079 3604 2152">
     <span class='ocr_line' id='line_1_45' title="bbox 2011 2079 3604 2152; baseline 0.001 -21"><span class='ocrx_word' id='word_1_351' title='bbox 2011 2091 2233 2146; x_wconf 86' lang='lat' dir='ltr'><strong>ponere.</strong></span> <span class='ocrx_word' id='word_1_352' title='bbox 2267 2081 2495 2152; x_wconf 78' lang='lat' dir='ltr'><strong>Regium</strong></span> <span class='ocrx_word' id='word_1_353' title='bbox 2523 2099 2656 2138; x_wconf 90' lang='lat' dir='ltr'><strong>sane</strong></span> <span class='ocrx_word' id='word_1_354' title='bbox 2688 2083 2792 2138; x_wconf 91' lang='lat' dir='ltr'><strong>hoc</strong></span> <span class='ocrx_word' id='word_1_355' title='bbox 2822 2083 2987 2137; x_wconf 88' lang='lat' dir='ltr'><strong>etiam</strong></span> <span class='ocrx_word' id='word_1_356' title='bbox 3009 2098 3145 2152; x_wconf 90' lang='lat' dir='ltr'><strong>opus</strong></span> <span class='ocrx_word' id='word_1_357' title='bbox 3169 2080 3354 2135; x_wconf 81' lang='lat' dir='ltr'><strong>fuerit.</strong></span> <span class='ocrx_word' id='word_1_358' title='bbox 3387 2079 3443 2133; x_wconf 93' lang='lat' dir='ltr'><strong>Si</strong></span> <span class='ocrx_word' id='word_1_359' title='bbox 3469 2092 3604 2133; x_wconf 86' lang='lat' dir='ltr'><strong>vero</strong></span> 
     </span>
    </p>
   </div>
   <div class='ocr_carea' id='block_1_46' title="bbox 2011 2172 3605 2246">
    <p class='ocr_par' dir='ltr' id='par_1_46' title="bbox 2011 2172 3605 2246">
     <span class='ocr_line' id='line_1_46' title="bbox 2011 2172 3605 2246; baseline 0 -21"><span class='ocrx_word' id='word_1_360' title='bbox 2011 2172 2081 2225; x_wconf 90' lang='lat' dir='ltr'><strong>ad</strong></span> <span class='ocrx_word' id='word_1_361' title='bbox 2129 2188 2290 2229; x_wconf 89' lang='lat' dir='ltr'><strong>aures</strong></span> <span class='ocrx_word' id='word_1_362' title='bbox 2342 2186 2557 2231; x_wconf 87' lang='lat' dir='ltr'><strong>vestras</strong></span> <span class='ocrx_word' id='word_1_363' title='bbox 2617 2177 3079 2246; x_wconf 77' lang='lat' dir='ltr'><strong>interrogationes</strong></span> <span class='ocrx_word' id='word_1_364' title='bbox 3140 2188 3298 2239; x_wconf 67' lang='lat' dir='ltr'><strong>mete,</strong></span> <span class='ocrx_word' id='word_1_365' title='bbox 3347 2173 3605 2241; x_wconf 85' lang='lat' dir='ltr'><strong>illiusque</strong></span> 
     </span>
    </p>
   </div>
   <div class='ocr_carea' id='block_1_47' title="bbox 2010 2264 3603 2337">
    <p class='ocr_par' dir='ltr' id='par_1_47' title="bbox 2010 2264 3603 2337">
     <span class='ocr_line' id='line_1_47' title="bbox 2010 2264 3603 2337; baseline -0.002 -17"><span class='ocrx_word' id='word_1_366' title='bbox 2010 2281 2266 2336; x_wconf 88' lang='lat' dir='ltr'><strong>responsa</strong></span> <span class='ocrx_word' id='word_1_367' title='bbox 2301 2279 2697 2337; x_wconf 78' lang='lat' dir='ltr'><strong>pervenerunt,</strong></span> <span class='ocrx_word' id='word_1_368' title='bbox 2740 2268 2913 2337; x_wconf 86' lang='lat' dir='ltr'><strong>liquet</strong></span> <span class='ocrx_word' id='word_1_369' title='bbox 2944 2267 3098 2321; x_wconf 82' lang='lat' dir='ltr'><strong>vobis</strong></span> <span class='ocrx_word' id='word_1_370' title='bbox 3133 2264 3268 2320; x_wconf 91' lang='lat' dir='ltr'><strong>nihil</strong></span> <span class='ocrx_word' id='word_1_371' title='bbox 3300 2279 3425 2319; x_wconf 89' lang='lat' dir='ltr'><strong>eum</strong></span> <span class='ocrx_word' id='word_1_372' title='bbox 3456 2265 3603 2317; x_wconf 85' lang='lat' dir='ltr'><strong>scire</strong></span> 
     </span>
    </p>
   </div>
   <div class='ocr_carea' id='block_1_48' title="bbox 2013 2359 3605 2430">
    <p class='ocr_par' dir='ltr' id='par_1_48' title="bbox 2013 2359 3605 2430">
     <span class='ocr_line' id='line_1_48' title="bbox 2013 2359 3605 2430; baseline -0.001 -19"><span class='ocrx_word' id='word_1_373' title='bbox 2013 2372 2194 2413; x_wconf 83' lang='lat' dir='ltr'><strong>rerum</strong></span> <span class='ocrx_word' id='word_1_374' title='bbox 2227 2370 2575 2429; x_wconf 86' lang='lat' dir='ltr'><strong>nostrarum;</strong></span> <span class='ocrx_word' id='word_1_375' title='bbox 2611 2372 2704 2415; x_wconf 83' lang='lat' dir='ltr'><strong>aut</strong></span> <span class='ocrx_word' id='word_1_376' title='bbox 2757 2363 2802 2416; x_wconf 89' lang='lat' dir='ltr'><strong>si</strong></span> <span class='ocrx_word' id='word_1_377' title='bbox 2848 2362 2951 2415; x_wconf 86' lang='lat' dir='ltr'><strong>scit</strong></span> <span class='ocrx_word' id='word_1_378' title='bbox 2989 2362 3078 2415; x_wconf 89' lang='lat' dir='ltr'><strong>ille</strong></span> <span class='ocrx_word' id='word_1_379' title='bbox 3102 2361 3348 2430; x_wconf 89' lang='lat' dir='ltr'><strong>quidem,</strong></span> <span class='ocrx_word' id='word_1_380' title='bbox 3371 2359 3466 2412; x_wconf 90' lang='lat' dir='ltr'><strong>sed</strong></span> <span class='ocrx_word' id='word_1_381' title='bbox 3504 2372 3605 2411; x_wconf 90' lang='lat' dir='ltr'><strong>au-</strong></span> 
     </span>
    </p>
   </div>
   <div class='ocr_carea' id='block_1_49' title="bbox 2012 2449 3604 2524">
    <p class='ocr_par' dir='ltr' id='par_1_49' title="bbox 2012 2449 3604 2524">
     <span class='ocr_line' id='line_1_49' title="bbox 2012 2449 3604 2524; baseline -0.001 -20"><span class='ocrx_word' id='word_1_382' title='bbox 2012 2450 2277 2507; x_wconf 91' lang='lat' dir='ltr'><strong>dientium</strong></span> <span class='ocrx_word' id='word_1_383' title='bbox 2332 2467 2477 2511; x_wconf 88' lang='lat' dir='ltr'><strong>metu</strong></span> <span class='ocrx_word' id='word_1_384' title='bbox 2536 2472 2645 2511; x_wconf 91' lang='lat' dir='ltr'><strong>non</strong></span> <span class='ocrx_word' id='word_1_385' title='bbox 2686 2458 2853 2511; x_wconf 85' lang='lat' dir='ltr'><strong>audet</strong></span> <span class='ocrx_word' id='word_1_386' title='bbox 2895 2456 2963 2509; x_wconf 88' lang='lat' dir='ltr'><strong>ad</strong></span> <span class='ocrx_word' id='word_1_387' title='bbox 3005 2452 3316 2524; x_wconf 84' lang='lat' dir='ltr'><strong>exemplum</strong></span> <span class='ocrx_word' id='word_1_388' title='bbox 3348 2449 3604 2506; x_wconf 78' lang='lat' dir='ltr'><strong>Socratis</strong></span> 
     </span>
    </p>
   </div>
   <div class='ocr_carea' id='block_1_50' title="bbox 2014 2541 3601 2619">
    <p class='ocr_par' dir='ltr' id='par_1_50' title="bbox 2014 2541 3601 2619">
     <span class='ocr_line' id='line_1_50' title="bbox 2014 2541 3601 2619; baseline -0.003 -23"><span class='ocrx_word' id='word_1_389' title='bbox 2014 2543 2226 2614; x_wconf 90' lang='lat' dir='ltr'><strong>eloqui;</strong></span> <span class='ocrx_word' id='word_1_390' title='bbox 2270 2561 2375 2599; x_wconf 89' lang='lat' dir='ltr'><strong>non</strong></span> <span class='ocrx_word' id='word_1_391' title='bbox 2407 2547 2817 2619; x_wconf 90' lang='lat' dir='ltr'><strong>philosophum,</strong></span> <span class='ocrx_word' id='word_1_392' title='bbox 2847 2548 3034 2616; x_wconf 89' lang='lat' dir='ltr'><strong>utjam</strong></span> <span class='ocrx_word' id='word_1_393' title='bbox 3062 2546 3206 2611; x_wconf 92' lang='lat' dir='ltr'><strong>dixi,</strong></span> <span class='ocrx_word' id='word_1_394' title='bbox 3238 2545 3333 2599; x_wconf 88' lang='lat' dir='ltr'><strong>sed</strong></span> <span class='ocrx_word' id='word_1_395' title='bbox 3382 2541 3601 2612; x_wconf 90' lang='lat' dir='ltr'><strong>opinio-</strong></span> 
     </span>
    </p>
   </div>
   <div class='ocr_carea' id='block_1_51' title="bbox 2013 2634 3604 2711">
    <p class='ocr_par' dir='ltr' id='par_1_51' title="bbox 2013 2634 3604 2711">
     <span class='ocr_line' id='line_1_51' title="bbox 2013 2634 3604 2711; baseline -0.003 -20"><span class='ocrx_word' id='word_1_396' title='bbox 2013 2652 2142 2691; x_wconf 87' lang='lat' dir='ltr'><strong>num</strong></span> <span class='ocrx_word' id='word_1_397' title='bbox 2176 2652 2479 2695; x_wconf 87' lang='lat' dir='ltr'><strong>amatorem</strong></span> <span class='ocrx_word' id='word_1_398' title='bbox 2515 2642 2886 2711; x_wconf 88' lang='lat' dir='ltr'><strong>deprehendi;</strong></span> <span class='ocrx_word' id='word_1_399' title='bbox 2927 2643 3129 2711; x_wconf 85' lang='lat' dir='ltr'><strong>quippe</strong></span> <span class='ocrx_word' id='word_1_400' title='bbox 3160 2638 3253 2708; x_wconf 87' lang='lat' dir='ltr'><strong>qui</strong></span> <span class='ocrx_word' id='word_1_401' title='bbox 3292 2634 3604 2707; x_wconf 79' lang='lat' dir='ltr'><strong>pulcherri—</strong></span> 
     </span>
    </p>
   </div>
   <div class='ocr_carea' id='block_1_52' title="bbox 2013 2726 3605 2807">
    <p class='ocr_par' dir='ltr' id='par_1_52' title="bbox 2013 2726 3605 2807">
     <span class='ocr_line' id='line_1_52' title="bbox 2013 2726 3605 2807; baseline -0.003 -24"><span class='ocrx_word' id='word_1_402' title='bbox 2013 2745 2162 2785; x_wconf 91' lang='lat' dir='ltr'><strong>mum</strong></span> <span class='ocrx_word' id='word_1_403' title='bbox 2191 2734 2322 2789; x_wconf 90' lang='lat' dir='ltr'><strong>illud</strong></span> <span class='ocrx_word' id='word_1_404' title='bbox 2349 2736 2595 2792; x_wconf 89' lang='lat' dir='ltr'><strong>Socratis</strong></span> <span class='ocrx_word' id='word_1_405' title='bbox 2618 2738 2824 2792; x_wconf 88' lang='lat' dir='ltr'><strong>dictum</strong></span> <span class='ocrx_word' id='word_1_406' title='bbox 2850 2735 3003 2807; x_wconf 91' lang='lat' dir='ltr'><strong>parvi</strong></span> <span class='ocrx_word' id='word_1_407' title='bbox 3034 2733 3200 2788; x_wconf 80' lang='lat' dir='ltr'><strong>faciat</strong></span> <span class='ocrx_word' id='word_1_408' title='bbox 3236 2749 3250 2785; x_wconf 92' lang='lat'>:</span> <span class='ocrx_word' id='word_1_409' title='bbox 3287 2747 3308 2781; x_wconf 78' lang='grc' dir='ltr'><strong>ι</strong></span> <span class='ocrx_word' id='word_1_410' title='bbox 3349 2728 3455 2784; x_wconf 88' lang='lat' dir='ltr'><strong>Sed</strong></span> <span class='ocrx_word' id='word_1_411' title='bbox 3481 2726 3605 2796; x_wconf 88' lang='lat' dir='ltr'><strong>plus</strong></span> 
     </span>
    </p>
   </div>
   <div class='ocr_carea' id='block_1_53' title="bbox 2014 2819 3605 2895">
    <p class='ocr_par' dir='ltr' id='par_1_53' title="bbox 2014 2819 3605 2895">
     <span class='ocr_line' id='line_1_53' title="bbox 2014 2819 3605 2895; baseline -0.004 -19"><span class='ocrx_word' id='word_1_412' title='bbox 2014 2822 2240 2882; x_wconf 88' lang='lat' dir='ltr'><strong>honoris</strong></span> <span class='ocrx_word' id='word_1_413' title='bbox 2298 2846 2405 2885; x_wconf 92' lang='lat' dir='ltr'><strong>non</strong></span> <span class='ocrx_word' id='word_1_414' title='bbox 2458 2841 2543 2887; x_wconf 84' lang='lat' dir='ltr'><strong>est</strong></span> <span class='ocrx_word' id='word_1_415' title='bbox 2600 2831 2906 2887; x_wconf 88' lang='lat' dir='ltr'><strong>habendum</strong></span> <span class='ocrx_word' id='word_1_416' title='bbox 2965 2827 3196 2893; x_wconf 89' lang='lat' dir='ltr'><strong>homini,</strong></span> <span class='ocrx_word' id='word_1_417' title='bbox 3254 2837 3416 2895; x_wconf 87' lang='lat' dir='ltr'><strong>quam</strong></span> <span class='ocrx_word' id='word_1_418' title='bbox 3459 2819 3605 2872; x_wconf 89' lang='lat' dir='ltr'><strong>veri-</strong></span> 
     </span>
    </p>
   </div>
   <div class='ocr_carea' id='block_1_54' title="bbox 293 2909 3603 2990">
    <p class='ocr_par' dir='ltr' id='par_1_54' title="bbox 293 2909 3603 2990">
     <span class='ocr_line' id='line_1_54' title="bbox 293 2909 3603 2990; baseline 0.002 -28"><span class='ocrx_word' id='word_1_419' title='bbox 293 2910 395 2962; x_wconf 71' lang='lat' dir='ltr'><strong>tati</strong></span> <span class='ocrx_word' id='word_1_420' title='bbox 419 2912 528 2961; x_wconf 75' lang='grc'><strong>⁵⁸.»</strong></span> <span class='ocrx_word' id='word_1_421' title='bbox 569 2909 779 2965; x_wconf 77' lang='lat' dir='ltr'><strong>Verum</strong></span> <span class='ocrx_word' id='word_1_422' title='bbox 806 2910 1079 2980; x_wconf 88' lang='lat' dir='ltr'><strong>integrum</strong></span> <span class='ocrx_word' id='word_1_423' title='bbox 1132 2910 1339 2981; x_wconf 83' lang='lat' dir='ltr'><strong>Cynico</strong></span> <span class='ocrx_word' id='word_1_424' title='bbox 1370 2924 1480 2965; x_wconf 91' lang='lat' dir='ltr'><strong>non</strong></span> <span class='ocrx_word' id='word_1_425' title='bbox 1514 2922 1620 2977; x_wconf 88' lang='lat' dir='ltr'><strong>est,</strong></span> <span class='ocrx_word' id='word_1_426' title='bbox 1677 2912 1847 2969; x_wconf 84' lang='lat' dir='ltr'><strong>tinem</strong></span> <span class='ocrx_word' id='word_1_427' title='bbox 1905 2916 2159 2975; x_wconf 92' lang='lat' dir='ltr'><strong>ultimum</strong></span> <span class='ocrx_word' id='word_1_428' title='bbox 2217 2925 2274 2980; x_wconf 87' lang='lat' dir='ltr'><strong>in</strong></span> <span class='ocrx_word' id='word_1_429' title='bbox 2332 2927 2700 2984; x_wconf 78' lang='lat' dir='ltr'><strong>indiﬂ&#39;ereutia</strong></span> <span class='ocrx_word' id='word_1_430' title='bbox 2752 2926 3130 2990; x_wconf 90' lang='lat' dir='ltr'><strong>constituenti,</strong></span> <span class='ocrx_word' id='word_1_431' title='bbox 3191 2921 3337 2976; x_wconf 90' lang='lat' dir='ltr'><strong>aliud</strong></span> <span class='ocrx_word' id='word_1_432' title='bbox 3399 2920 3603 2973; x_wconf 88' lang='lat' dir='ltr'><strong>bonum</strong></span> 
     </span>
    </p>
   </div>
   <div class='ocr_carea' id='block_1_55' title="bbox 293 3002 1498 3073">
    <p class='ocr_par' dir='ltr' id='par_1_55' title="bbox 293 3002 1498 3073">
     <span class='ocr_line' id='line_1_55' title="bbox 293 3002 1498 3073; baseline 0.005 -17"><span class='ocrx_word' id='word_1_433' title='bbox 293 3011 488 3073; x_wconf 74' lang='lat' dir='ltr'><strong>praeter</strong></span> <span class='ocrx_word' id='word_1_434' title='bbox 512 3006 661 3059; x_wconf 87' lang='lat' dir='ltr'><strong>hanc</strong></span> <span class='ocrx_word' id='word_1_435' title='bbox 702 3002 1129 3058; x_wconf 78' lang='lat' dir='ltr'><strong>indiﬂ&#39;erentiam</strong></span> <span class='ocrx_word' id='word_1_436' title='bbox 1157 3006 1498 3062; x_wconf 87' lang='lat' dir='ltr'><strong>existimare.</strong></span> 
     </span>
    </p>
   </div>
   <div class='ocr_carea' id='block_1_56' title="bbox 368 3089 1897 3169">
    <p class='ocr_par' dir='ltr' id='par_1_56' title="bbox 368 3089 1897 3169">
     <span class='ocr_line' id='line_1_56' title="bbox 368 3089 1897 3169; baseline 0.005 -22"><span class='ocrx_word' id='word_1_437' title='bbox 368 3094 420 3147; x_wconf 73' lang='grc' dir='ltr'><strong>ι.</strong></span> <span class='ocrx_word' id='word_1_438' title='bbox 466 3095 661 3159; x_wconf 68' lang='grc' dir='ltr'>Ὅπως</span> <span class='ocrx_word' id='word_1_439' title='bbox 683 3096 745 3150; x_wconf 85' lang='grc' dir='ltr'><strong>δέ</strong></span> <span class='ocrx_word' id='word_1_440' title='bbox 771 3098 846 3167; x_wconf 84' lang='grc' dir='ltr'><strong>μή</strong></span> <span class='ocrx_word' id='word_1_441' title='bbox 876 3114 960 3159; x_wconf 71' lang='grc' dir='ltr'><strong>τις</strong></span> <span class='ocrx_word' id='word_1_442' title='bbox 980 3097 1108 3168; x_wconf 76' lang='grc' dir='ltr'>εἴπῃ</span> <span class='ocrx_word' id='word_1_443' title='bbox 1136 3096 1245 3169; x_wconf 65' lang='grc'><strong>(84)</strong></span> <span class='ocrx_word' id='word_1_444' title='bbox 1266 3113 1279 3128; x_wconf 91' lang='grc'><strong>·</strong></span> <span class='ocrx_word' id='word_1_445' title='bbox 1312 3099 1521 3163; x_wconf 85' lang='grc' dir='ltr'>Πάντες</span> <span class='ocrx_word' id='word_1_446' title='bbox 1543 3089 1637 3153; x_wconf 76' lang='grc' dir='ltr'>οὖν</span> <span class='ocrx_word' id='word_1_447' title='bbox 1666 3101 1897 3165; x_wconf 80' lang='grc' dir='ltr'>ἑαυτοὺς</span> 
     </span>
    </p>
   </div>
   <div class='ocr_carea' id='block_1_57' title="bbox 295 3186 1897 3263">
    <p class='ocr_par' dir='ltr' id='par_1_57' title="bbox 295 3186 1897 3263">
     <span class='ocr_line' id='line_1_57' title="bbox 295 3186 1897 3263; baseline 0.005 -25"><span class='ocrx_word' id='word_1_448' title='bbox 295 3186 663 3256; x_wconf 71' lang='grc' dir='ltr'>φονεύσαντες</span> <span class='ocrx_word' id='word_1_449' title='bbox 695 3186 999 3257; x_wconf 71' lang='grc' dir='ltr'>πορεύεσθε</span> <span class='ocrx_word' id='word_1_450' title='bbox 1029 3188 1132 3259; x_wconf 77' lang='grc' dir='ltr'><strong>ἤδη</strong></span> <span class='ocrx_word' id='word_1_451' title='bbox 1162 3190 1311 3260; x_wconf 77' lang='grc' dir='ltr'>παρὰ</span> <span class='ocrx_word' id='word_1_452' title='bbox 1332 3190 1428 3245; x_wconf 86' lang='grc' dir='ltr'><strong>τὸν</strong></span> <span class='ocrx_word' id='word_1_453' title='bbox 1459 3190 1613 3257; x_wconf 83' lang='grc' dir='ltr'>Θεὸν,</span> <span class='ocrx_word' id='word_1_454' title='bbox 1641 3191 1735 3246; x_wconf 80' lang='grc' dir='ltr'><strong>καὶ</strong></span> <span class='ocrx_word' id='word_1_455' title='bbox 1764 3194 1897 3263; x_wconf 77' lang='grc' dir='ltr'><strong>ἡμῖν</strong></span> 
     </span>
    </p>
   </div>
   <div class='ocr_carea' id='block_1_58' title="bbox 367 3366 1191 3438">
    <p class='ocr_par' dir='ltr' id='par_1_58' title="bbox 367 3366 1191 3438">
     <span class='ocr_line' id='line_1_58' title="bbox 367 3366 1191 3438; baseline -0.001 -16"><span class='ocrx_word' id='word_1_456' title='bbox 367 3367 412 3399; x_wconf 69' lang='grc' dir='ltr'><strong>δ’</strong></span> <span class='ocrx_word' id='word_1_457' title='bbox 446 3366 597 3422; x_wconf 82' lang='lat' dir='ltr'><strong>Plat.</strong></span> <span class='ocrx_word' id='word_1_458' title='bbox 626 3384 665 3422; x_wconf 71' lang='grc' dir='ltr'>ι</span> <span class='ocrx_word' id='word_1_459' title='bbox 703 3366 781 3421; x_wconf 85' lang='lat' dir='ltr'><strong>De</strong></span> <span class='ocrx_word' id='word_1_460' title='bbox 809 3384 950 3435; x_wconf 85' lang='lat' dir='ltr'><strong>rep.,</strong></span> <span class='ocrx_word' id='word_1_461' title='bbox 976 3384 1033 3438; x_wconf 89' lang='lat' dir='ltr'><strong>p.</strong></span> <span class='ocrx_word' id='word_1_462' title='bbox 1067 3366 1191 3424; x_wconf 78' lang='lat'><strong>593.</strong></span> 
     </span>
    </p>
   </div>
   <div class='ocr_carea' id='block_1_59' title="bbox 2076 3101 3602 3175">
    <p class='ocr_par' dir='ltr' id='par_1_59' title="bbox 2076 3101 3602 3175">
     <span class='ocr_line' id='line_1_59' title="bbox 2076 3101 3602 3175; baseline 0.001 -19"><span class='ocrx_word' id='word_1_463' title='bbox 2076 3103 2130 3156; x_wconf 76' lang='grc'>4.</span> <span class='ocrx_word' id='word_1_464' title='bbox 2174 3101 2281 3158; x_wconf 92' lang='lat' dir='ltr'><strong>Sed</strong></span> <span class='ocrx_word' id='word_1_465' title='bbox 2311 3119 2378 3159; x_wconf 92' lang='lat' dir='ltr'><strong>ne</strong></span> <span class='ocrx_word' id='word_1_466' title='bbox 2403 3105 2524 3175; x_wconf 89' lang='lat' dir='ltr'><strong>quis</strong></span> <span class='ocrx_word' id='word_1_467' title='bbox 2565 3106 2639 3159; x_wconf 89' lang='lat' dir='ltr'><strong>ita</strong></span> <span class='ocrx_word' id='word_1_468' title='bbox 2683 3107 2871 3160; x_wconf 90' lang='lat' dir='ltr'><strong>dicat:</strong></span> <span class='ocrx_word' id='word_1_469' title='bbox 2902 3125 2918 3155; x_wconf 79' lang='grc' dir='ltr'><strong>ι</strong></span> <span class='ocrx_word' id='word_1_470' title='bbox 2949 3104 3153 3160; x_wconf 87' lang='lat' dir='ltr'><strong>Omnes</strong></span> <span class='ocrx_word' id='word_1_471' title='bbox 3190 3105 3357 3174; x_wconf 84' lang='lat' dir='ltr'><strong>igitur</strong></span> <span class='ocrx_word' id='word_1_472' title='bbox 3427 3113 3602 3159; x_wconf 87' lang='lat' dir='ltr'><strong>morte</strong></span> 
     </span>
    </p>
   </div>
   <div class='ocr_carea' id='block_1_60' title="bbox 2004 3192 3602 3268">
    <p class='ocr_par' dir='ltr' id='par_1_60' title="bbox 2004 3192 3602 3268">
     <span class='ocr_line' id='line_1_60' title="bbox 2004 3192 3602 3268; baseline -0.001 -19"><span class='ocrx_word' id='word_1_473' title='bbox 2004 3195 2158 3250; x_wconf 82' lang='lat' dir='ltr'><strong>vobis</strong></span> <span class='ocrx_word' id='word_1_474' title='bbox 2187 3196 2318 3265; x_wconf 88' lang='lat' dir='ltr'><strong>ipsis</strong></span> <span class='ocrx_word' id='word_1_475' title='bbox 2343 3197 2489 3251; x_wconf 89' lang='lat' dir='ltr'><strong>illata</strong></span> <span class='ocrx_word' id='word_1_476' title='bbox 2517 3197 2629 3268; x_wconf 86' lang='lat' dir='ltr'><strong>jam</strong></span> <span class='ocrx_word' id='word_1_477' title='bbox 2661 3213 2805 3253; x_wconf 88' lang='lat' dir='ltr'><strong>nunc</strong></span> <span class='ocrx_word' id='word_1_478' title='bbox 2826 3198 2972 3252; x_wconf 86' lang='lat' dir='ltr'><strong>abite</strong></span> <span class='ocrx_word' id='word_1_479' title='bbox 3006 3198 3074 3252; x_wconf 89' lang='lat' dir='ltr'><strong>ad</strong></span> <span class='ocrx_word' id='word_1_480' title='bbox 3104 3198 3295 3261; x_wconf 89' lang='lat' dir='ltr'><strong>Deum,</strong></span> <span class='ocrx_word' id='word_1_481' title='bbox 3320 3209 3420 3249; x_wconf 90' lang='lat' dir='ltr'><strong>nec</strong></span> <span class='ocrx_word' id='word_1_482' title='bbox 3446 3192 3602 3249; x_wconf 80' lang='lat' dir='ltr'><strong>nobis</strong></span> 
     </span>
    </p>
   </div>
   <div class='ocr_carea' id='block_1_61' title="bbox 368 3520 1907 3596">
    <p class='ocr_par' dir='ltr' id='par_1_61' title="bbox 368 3520 1907 3596">
     <span class='ocr_line' id='line_1_61' title="bbox 368 3520 1907 3596; baseline 0.001 -21"><span class='ocrx_word' id='word_1_483' title='bbox 368 3522 479 3593; x_wconf 79' lang='lat'><strong>(75)</strong></span> <span class='ocrx_word' id='word_1_484' title='bbox 514 3522 1055 3596; x_wconf 61' lang='lat' dir='ltr'><strong>Hszlamyérom_</strong></span> <span class='ocrx_word' id='word_1_485' title='bbox 1086 3520 1175 3575; x_wconf 88' lang='lat' dir='ltr'><strong>Sic</strong></span> <span class='ocrx_word' id='word_1_486' title='bbox 1207 3522 1371 3576; x_wconf 80' lang='lat' dir='ltr'><strong>etiam</strong></span> <span class='ocrx_word' id='word_1_487' title='bbox 1398 3522 1631 3579; x_wconf 83' lang='lat' dir='ltr'><strong>Rutinus</strong></span> <span class='ocrx_word' id='word_1_488' title='bbox 1672 3532 1728 3596; x_wconf 66' lang='lat' dir='ltr'><strong>et</strong></span> <span class='ocrx_word' id='word_1_489' title='bbox 1761 3525 1907 3579; x_wconf 82' lang='lat' dir='ltr'><strong>Nice-</strong></span> 
     </span>
    </p>
   </div>
   <div class='ocr_carea' id='block_1_62' title="bbox 2021 3520 3602 3596">
    <p class='ocr_par' dir='ltr' id='par_1_62' title="bbox 2023 3522 3602 3596">
     <span class='ocr_line' id='line_1_62' title="bbox 2023 3522 3602 3596; baseline 0.003 -20"><span class='ocrx_word' id='word_1_490' title='bbox 2023 3525 2119 3593; x_wconf 78' lang='lat' dir='ltr'><strong>git,</strong></span> <span class='ocrx_word' id='word_1_491' title='bbox 2151 3525 2183 3596; x_wconf 81' lang='grc' dir='ltr'>ἢ</span> <span class='ocrx_word' id='word_1_492' title='bbox 2210 3526 2257 3577; x_wconf 81' lang='grc' dir='ltr'><strong>εί</strong></span> <span class='ocrx_word' id='word_1_493' title='bbox 2280 3522 2478 3588; x_wconf 84' lang='grc' dir='ltr'>συνείς,</span> <span class='ocrx_word' id='word_1_494' title='bbox 2504 3533 2557 3577; x_wconf 91' lang='lat' dir='ltr'><strong>et</strong></span> <span class='ocrx_word' id='word_1_495' title='bbox 2587 3523 3010 3596; x_wconf 78' lang='lat' dir='ltr'><strong>d_istinguitpost</strong></span> <span class='ocrx_word' id='word_1_496' title='bbox 3042 3524 3300 3596; x_wconf 82' lang='grc' dir='ltr'>ἐντυχὼν.</span> <span class='ocrx_word' id='word_1_497' title='bbox 3327 3525 3464 3596; x_wconf 80' lang='lat' dir='ltr'><strong>Male</strong></span> <span class='ocrx_word' id='word_1_498' title='bbox 3494 3525 3602 3580; x_wconf 70' lang='lat' dir='ltr'><strong>Eu~</strong></span> 
     </span>
    </p>
   </div>
   <div class='ocr_carea' id='block_1_63' title="bbox 299 3593 1913 3665">
    <p class='ocr_par' dir='ltr' id='par_1_63' title="bbox 299 3593 1913 3665">
     <span class='ocr_line' id='line_1_63' title="bbox 299 3593 1913 3665; baseline 0.001 -18"><span class='ocrx_word' id='word_1_499' title='bbox 299 3594 511 3665; x_wconf 79' lang='lat' dir='ltr'><strong>phorus</strong></span> <span class='ocrx_word' id='word_1_500' title='bbox 545 3603 637 3665; x_wconf 88' lang='lat' dir='ltr'><strong>_et</strong></span> <span class='ocrx_word' id='word_1_501' title='bbox 704 3601 821 3645; x_wconf 83' lang='lat' dir='ltr'><strong>tres</strong></span> <span class='ocrx_word' id='word_1_502' title='bbox 851 3593 1187 3665; x_wconf 76' lang='lat' dir='ltr'><strong>antiquiores</strong></span> <span class='ocrx_word' id='word_1_503' title='bbox 1230 3609 1359 3665; x_wconf 82' lang='lat' dir='ltr'><strong>mss.</strong></span> <span class='ocrx_word' id='word_1_504' title='bbox 1409 3597 1648 3649; x_wconf 85' lang='lat' dir='ltr'><strong>codices.</strong></span> <span class='ocrx_word' id='word_1_505' title='bbox 1689 3594 1793 3649; x_wconf 86' lang='lat' dir='ltr'><strong>Sed</strong></span> <span class='ocrx_word' id='word_1_506' title='bbox 1831 3604 1913 3649; x_wconf 87' lang='lat' dir='ltr'><strong>ta-</strong></span> 
     </span>
    </p>
   </div>
   <div class='ocr_carea' id='block_1_64' title="bbox 299 3662 1911 3735">
    <p class='ocr_par' dir='ltr' id='par_1_64' title="bbox 299 3662 1911 3735">
     <span class='ocr_line' id='line_1_64' title="bbox 299 3662 1911 3735; baseline 0.002 -18"><span class='ocrx_word' id='word_1_507' title='bbox 299 3662 720 3735; x_wconf 78' lang='lat' dir='ltr'><strong>inenValesius</strong></span> <span class='ocrx_word' id='word_1_508' title='bbox 774 3663 1477 3735; x_wconf 16' lang='grc' dir='ltr'>τοιὶιιθιηπεπλανημὲνως,</span> <span class='ocrx_word' id='word_1_509' title='bbox 1514 3674 1680 3734; x_wconf 87' lang='lat' dir='ltr'><strong>atque</strong></span> <span class='ocrx_word' id='word_1_510' title='bbox 1725 3668 1799 3719; x_wconf 90' lang='lat' dir='ltr'><strong>ita</strong></span> <span class='ocrx_word' id='word_1_511' title='bbox 1836 3666 1911 3721; x_wconf 88' lang='lat' dir='ltr'><strong>le-</strong></span> 
     </span>
    </p>
   </div>
   <div class='ocr_carea' id='block_1_65' title="bbox 310 3733 1061 3804">
    <p class='ocr_par' dir='ltr' id='par_1_65' title="bbox 310 3733 1061 3804">
     <span class='ocr_line' id='line_1_65' title="bbox 310 3733 1061 3804; baseline -0.003 -17"><span class='ocrx_word' id='word_1_512' title='bbox 310 3733 552 3804; x_wconf 73' lang='lat' dir='ltr'><strong>gendum</strong></span> <span class='ocrx_word' id='word_1_513' title='bbox 591 3734 1061 3804; x_wconf 75' lang='lat' dir='ltr'><strong>esse_cor:tendit.</strong></span> 
     </span>
    </p>
   </div>
   <div class='ocr_carea' id='block_1_66' title="bbox 372 3801 1911 3873">
    <p class='ocr_par' dir='ltr' id='par_1_66' title="bbox 372 3801 1911 3873">
     <span class='ocr_line' id='line_1_66' title="bbox 372 3801 1911 3873; baseline 0.003 -17"><span class='ocrx_word' id='word_1_514' title='bbox 372 3803 483 3873; x_wconf 80' lang='lat'><strong>(76)</strong></span> <span class='ocrx_word' id='word_1_515' title='bbox 520 3801 753 3867; x_wconf 69' lang='grc' dir='ltr'><strong>Πολλῷ</strong></span> <span class='ocrx_word' id='word_1_516' title='bbox 792 3804 1028 3873; x_wconf 72' lang='grc' dir='ltr'>χείρων.</span> <span class='ocrx_word' id='word_1_517' title='bbox 1066 3803 1139 3857; x_wconf 89' lang='lat' dir='ltr'><strong>Ita</strong></span> <span class='ocrx_word' id='word_1_518' title='bbox 1174 3803 1439 3859; x_wconf 84' lang='lat' dir='ltr'><strong>editiones</strong></span> <span class='ocrx_word' id='word_1_519' title='bbox 1472 3805 1689 3860; x_wconf 88' lang='lat' dir='ltr'><strong>Eusebii</strong></span> <span class='ocrx_word' id='word_1_520' title='bbox 1726 3815 1779 3860; x_wconf 91' lang='lat' dir='ltr'><strong>et</strong></span> <span class='ocrx_word' id='word_1_521' title='bbox 1812 3822 1911 3861; x_wconf 87' lang='lat' dir='ltr'><strong>co-</strong></span> 
     </span>
    </p>
   </div>
   <div class='ocr_carea' id='block_1_67' title="bbox 302 3871 1912 3936">
    <p class='ocr_par' dir='ltr' id='par_1_67' title="bbox 302 3871 1912 3936">
     <span class='ocr_line' id='line_1_67' title="bbox 302 3871 1912 3936; baseline 0.004 -12"><span class='ocrx_word' id='word_1_522' title='bbox 302 3874 403 3930; x_wconf 67' lang='lat' dir='ltr'><strong>dex</strong></span> <span class='ocrx_word' id='word_1_523' title='bbox 460 3871 886 3927; x_wconf 71' lang='lat' dir='ltr'><strong>vetusussimus</strong></span> <span class='ocrx_word' id='word_1_524' title='bbox 955 3871 1135 3936; x_wconf 90' lang='lat' dir='ltr'><strong>Colb.,</strong></span> <span class='ocrx_word' id='word_1_525' title='bbox 1173 3876 1258 3927; x_wconf 92' lang='lat' dir='ltr'><strong>cui</strong></span> <span class='ocrx_word' id='word_1_526' title='bbox 1311 3877 1587 3930; x_wconf 89' lang='lat' dir='ltr'><strong>consentit</strong></span> <span class='ocrx_word' id='word_1_527' title='bbox 1643 3877 1782 3930; x_wconf 88' lang='lat' dir='ltr'><strong>alius</strong></span> <span class='ocrx_word' id='word_1_528' title='bbox 1843 3892 1912 3930; x_wconf 83' lang='lat' dir='ltr'><strong>ex</strong></span> 
     </span>
    </p>
   </div>
   <div class='ocr_carea' id='block_1_68' title="bbox 304 3944 1908 4018">
    <p class='ocr_par' dir='ltr' id='par_1_68' title="bbox 304 3944 1908 4018">
     <span class='ocr_line' id='line_1_68' title="bbox 304 3944 1908 4018; baseline 0.001 -20"><span class='ocrx_word' id='word_1_529' title='bbox 304 3945 494 4018; x_wconf 77' lang='lat' dir='ltr'><strong>Regiis</strong></span> <span class='ocrx_word' id='word_1_530' title='bbox 549 3944 713 3996; x_wconf 79' lang='lat' dir='ltr'><strong>valde</strong></span> <span class='ocrx_word' id='word_1_531' title='bbox 748 3945 1028 4018; x_wconf 74' lang='lat' dir='ltr'><strong>antiquus,</strong></span> <span class='ocrx_word' id='word_1_532' title='bbox 1047 3955 1284 4018; x_wconf 68' lang='lat' dir='ltr'><strong>excepto</strong></span> <span class='ocrx_word' id='word_1_533' title='bbox 1315 3946 1458 4018; x_wconf 85' lang='lat' dir='ltr'><strong>quod</strong></span> <span class='ocrx_word' id='word_1_534' title='bbox 1495 3947 1658 4018; x_wconf 85' lang='lat' dir='ltr'><strong>habet</strong></span> <span class='ocrx_word' id='word_1_535' title='bbox 1707 3948 1908 4018; x_wconf 88' lang='grc' dir='ltr'>χεῖρον.</span> 
     </span>
    </p>
   </div>
   <div class='ocr_carea' id='block_1_69' title="bbox 302 4013 1909 4084">
    <p class='ocr_par' dir='ltr' id='par_1_69' title="bbox 302 4013 1909 4084">
     <span class='ocr_line' id='line_1_69' title="bbox 302 4013 1909 4084; baseline 0.001 -14"><span class='ocrx_word' id='word_1_536' title='bbox 302 4016 543 4070; x_wconf 85' lang='lat' dir='ltr'><strong>Codices</strong></span> <span class='ocrx_word' id='word_1_537' title='bbox 578 4015 923 4084; x_wconf 78' lang='lat' dir='ltr'><strong>recentiores</strong></span> <span class='ocrx_word' id='word_1_538' title='bbox 956 4024 1012 4068; x_wconf 90' lang='lat' dir='ltr'><strong>et</strong></span> <span class='ocrx_word' id='word_1_539' title='bbox 1042 4013 1384 4083; x_wconf 85' lang='lat' dir='ltr'><strong>Nicephorus</strong></span> <span class='ocrx_word' id='word_1_540' title='bbox 1419 4016 1644 4084; x_wconf 89' lang='lat' dir='ltr'><strong>habent,</strong></span> <span class='ocrx_word' id='word_1_541' title='bbox 1683 4013 1742 4070; x_wconf 79' lang='lat' dir='ltr'><strong>ut</strong></span> <span class='ocrx_word' id='word_1_542' title='bbox 1776 4013 1909 4071; x_wconf 82' lang='lat' dir='ltr'><strong>editi</strong></span> 
     </span>
    </p>
   </div>
   <div class='ocr_carea' id='block_1_70' title="bbox 303 4082 1912 4147">
    <p class='ocr_par' dir='ltr' id='par_1_70' title="bbox 303 4082 1912 4147">
     <span class='ocr_line' id='line_1_70' title="bbox 303 4082 1912 4147; baseline 0.001 -8"><span class='ocrx_word' id='word_1_543' title='bbox 303 4086 509 4147; x_wconf 85' lang='lat' dir='ltr'><strong>nostri,</strong></span> <span class='ocrx_word' id='word_1_544' title='bbox 546 4082 708 4137; x_wconf 80' lang='grc' dir='ltr'>πολύ.</span> <span class='ocrx_word' id='word_1_545' title='bbox 746 4082 893 4137; x_wconf 81' lang='lat' dir='ltr'><strong>Infra</strong></span> <span class='ocrx_word' id='word_1_546' title='bbox 949 4082 1360 4140; x_wconf 80' lang='lat' dir='ltr'><strong>vetustissimus</strong></span> <span class='ocrx_word' id='word_1_547' title='bbox 1408 4090 1579 4141; x_wconf 81' lang='lat' dir='ltr'><strong>codex</strong></span> <span class='ocrx_word' id='word_1_548' title='bbox 1631 4082 1912 4142; x_wconf 33' lang='lat' dir='ltr'><strong>&#39;Colberti-</strong></span> 
     </span>
    </p>
   </div>
   <div class='ocr_carea' id='block_1_71' title="bbox 305 4152 1909 4216">
    <p class='ocr_par' dir='ltr' id='par_1_71' title="bbox 305 4152 1909 4216">
     <span class='ocr_line' id='line_1_71' title="bbox 305 4152 1909 4216; baseline 0.002 -9"><span class='ocrx_word' id='word_1_549' title='bbox 305 4173 408 4209; x_wconf 80' lang='lat' dir='ltr'><strong>nus</strong></span> <span class='ocrx_word' id='word_1_550' title='bbox 439 4154 613 4208; x_wconf 83' lang='lat' dir='ltr'><strong>habet</strong></span> <span class='ocrx_word' id='word_1_551' title='bbox 646 4152 733 4205; x_wconf 84' lang='grc' dir='ltr'>ὼν</span> <span class='ocrx_word' id='word_1_552' title='bbox 768 4152 1000 4216; x_wconf 79' lang='grc' dir='ltr'>ἐλάττω,</span> <span class='ocrx_word' id='word_1_553' title='bbox 1037 4156 1176 4208; x_wconf 90' lang='lat' dir='ltr'><strong>alius</strong></span> <span class='ocrx_word' id='word_1_554' title='bbox 1212 4156 1396 4215; x_wconf 84' lang='lat' dir='ltr'><strong>itidem</strong></span> <span class='ocrx_word' id='word_1_555' title='bbox 1431 4156 1583 4211; x_wconf 79' lang='lat' dir='ltr'><strong>Colb.</strong></span> <span class='ocrx_word' id='word_1_556' title='bbox 1622 4159 1778 4212; x_wconf 88' lang='lat' dir='ltr'><strong>valde</strong></span> <span class='ocrx_word' id='word_1_557' title='bbox 1812 4174 1909 4211; x_wconf 84' lang='lat' dir='ltr'><strong>an-</strong></span> 
     </span>
    </p>
   </div>
   <div class='ocr_carea' id='block_1_72' title="bbox 306 4216 1908 4297">
    <p class='ocr_par' dir='ltr' id='par_1_72' title="bbox 306 4216 1908 4297">
     <span class='ocr_line' id='line_1_72' title="bbox 306 4216 1908 4297; baseline 0.001 -18"><span class='ocrx_word' id='word_1_558' title='bbox 306 4227 492 4293; x_wconf 84' lang='lat' dir='ltr'><strong>tiquus</strong></span> <span class='ocrx_word' id='word_1_559' title='bbox 527 4216 603 4297; x_wconf 70' lang='grc' dir='ltr'>ὧν</span> <span class='ocrx_word' id='word_1_560' title='bbox 640 4224 902 4277; x_wconf 74' lang='grc' dir='ltr'>ἐλάττων.</span> <span class='ocrx_word' id='word_1_561' title='bbox 932 4226 1008 4297; x_wconf 83' lang='lat' dir='ltr'><strong>lt_a</strong></span> <span class='ocrx_word' id='word_1_562' title='bbox 1045 4234 1108 4297; x_wconf 80' lang='lat' dir='ltr'><strong>et</strong></span> <span class='ocrx_word' id='word_1_563' title='bbox 1135 4224 1407 4297; x_wconf 73' lang='lat' dir='ltr'><strong>Bobertus</strong></span> <span class='ocrx_word' id='word_1_564' title='bbox 1441 4226 1775 4297; x_wconf 87' lang='lat' dir='ltr'><strong>Stephanus.</strong></span> <span class='ocrx_word' id='word_1_565' title='bbox 1801 4226 1908 4281; x_wconf 85' lang='lat' dir='ltr'><strong>Re-</strong></span> 
     </span>
    </p>
   </div>
   <div class='ocr_carea' id='block_1_73' title="bbox 304 4288 1301 4367">
    <p class='ocr_par' dir='ltr' id='par_1_73' title="bbox 304 4288 1301 4367">
     <span class='ocr_line' id='line_1_73' title="bbox 304 4288 1301 4367; baseline 0 -19"><span class='ocrx_word' id='word_1_566' title='bbox 304 4288 424 4367; x_wconf 79' lang='lat' dir='ltr'><strong>gius</strong></span> <span class='ocrx_word' id='word_1_567' title='bbox 448 4295 626 4367; x_wconf 56' lang='lat' dir='ltr'><strong>fail-le</strong></span> <span class='ocrx_word' id='word_1_568' title='bbox 663 4304 928 4367; x_wconf 78' lang='lat' dir='ltr'><strong>antiquus</strong></span> <span class='ocrx_word' id='word_1_569' title='bbox 958 4288 1047 4367; x_wconf 76' lang='grc' dir='ltr'>ὧν</span> <span class='ocrx_word' id='word_1_570' title='bbox 1068 4294 1301 4367; x_wconf 82' lang='grc' dir='ltr'>ἐλάσσω.</span> 
     </span>
    </p>
   </div>
   <div class='ocr_carea' id='block_1_74' title="bbox 380 4362 1896 4435">
    <p class='ocr_par' dir='ltr' id='par_1_74' title="bbox 380 4362 1896 4435">
     <span class='ocr_line' id='line_1_74' title="bbox 380 4362 1896 4435; baseline 0.004 -17"><span class='ocrx_word' id='word_1_571' title='bbox 380 4366 502 4433; x_wconf 82' lang='grc'><strong>(77)</strong></span> <span class='ocrx_word' id='word_1_572' title='bbox 538 4365 637 4432; x_wconf 75' lang='grc' dir='ltr'><strong>Μὴ</strong></span> <span class='ocrx_word' id='word_1_573' title='bbox 668 4362 905 4432; x_wconf 78' lang='grc' dir='ltr'>συνῆκε</span> <span class='ocrx_word' id='word_1_574' title='bbox 932 4366 996 4418; x_wconf 84' lang='grc' dir='ltr'>τὸ</span> <span class='ocrx_word' id='word_1_575' title='bbox 1026 4366 1095 4418; x_wconf 79' lang='grc' dir='ltr'>ἐν</span> <span class='ocrx_word' id='word_1_576' title='bbox 1120 4365 1323 4432; x_wconf 79' lang='grc' dir='ltr'>αὐτοῖς</span> <span class='ocrx_word' id='word_1_577' title='bbox 1348 4367 1689 4435; x_wconf 70' lang='grc' dir='ltr'>μεγαλεῖον.</span> <span class='ocrx_word' id='word_1_578' title='bbox 1732 4368 1896 4424; x_wconf 87' lang='lat' dir='ltr'><strong>Euse-</strong></span> 
     </span>
    </p>
   </div>
   <div class='ocr_carea' id='block_1_75' title="bbox 305 4435 1902 4498">
    <p class='ocr_par' dir='ltr' id='par_1_75' title="bbox 305 4435 1902 4498">
     <span class='ocr_line' id='line_1_75' title="bbox 305 4435 1902 4498; baseline 0.002 -8"><span class='ocrx_word' id='word_1_579' title='bbox 305 4438 397 4491; x_wconf 82' lang='lat' dir='ltr'><strong>bio</strong></span> <span class='ocrx_word' id='word_1_580' title='bbox 430 4437 669 4490; x_wconf 82' lang='lat' dir='ltr'><strong>debetur</strong></span> <span class='ocrx_word' id='word_1_581' title='bbox 700 4435 863 4498; x_wconf 76' lang='lat' dir='ltr'><strong>hujus</strong></span> <span class='ocrx_word' id='word_1_582' title='bbox 906 4436 1009 4489; x_wconf 89' lang='lat' dir='ltr'><strong>loci</strong></span> <span class='ocrx_word' id='word_1_583' title='bbox 1047 4441 1377 4491; x_wconf 78' lang='lat' dir='ltr'><strong>emendatio.</strong></span> <span class='ocrx_word' id='word_1_584' title='bbox 1418 4439 1705 4492; x_wconf 82' lang='lat' dir='ltr'><strong>tlabebant</strong></span> <span class='ocrx_word' id='word_1_585' title='bbox 1755 4441 1902 4493; x_wconf 89' lang='lat' dir='ltr'><strong>enim</strong></span> 
     </span>
    </p>
   </div>
   <div class='ocr_carea' id='block_1_76' title="bbox 302 4506 1903 4579">
    <p class='ocr_par' dir='ltr' id='par_1_76' title="bbox 302 4506 1903 4579">
     <span class='ocr_line' id='line_1_76' title="bbox 302 4506 1903 4579; baseline 0.001 -18"><span class='ocrx_word' id='word_1_586' title='bbox 302 4507 443 4579; x_wconf 78' lang='lat' dir='ltr'><strong>editi</strong></span> <span class='ocrx_word' id='word_1_587' title='bbox 483 4506 664 4579; x_wconf 81' lang='lat' dir='ltr'><strong>nostri</strong></span> <span class='ocrx_word' id='word_1_588' title='bbox 698 4506 811 4579; x_wconf 75' lang='grc' dir='ltr'><strong>εᾜ</strong></span> <span class='ocrx_word' id='word_1_589' title='bbox 842 4506 1153 4579; x_wconf 13' lang='grc' dir='ltr'>είίέντυχὼν</span> <span class='ocrx_word' id='word_1_590' title='bbox 1199 4506 1276 4577; x_wconf 87' lang='grc' dir='ltr'>τῷ</span> <span class='ocrx_word' id='word_1_591' title='bbox 1308 4510 1367 4561; x_wconf 87' lang='grc' dir='ltr'><strong>ἐν</strong></span> <span class='ocrx_word' id='word_1_592' title='bbox 1403 4508 1585 4572; x_wconf 79' lang='grc' dir='ltr'>αὐτοῖς</span> <span class='ocrx_word' id='word_1_593' title='bbox 1611 4509 1903 4579; x_wconf 83' lang='grc' dir='ltr'>μεγαλείῳ,</span> 
     </span>
    </p>
   </div>
   <div class='ocr_carea' id='block_1_77' title="bbox 2021 3593 3601 3665">
    <p class='ocr_par' dir='ltr' id='par_1_77' title="bbox 2021 3593 3601 3665">
     <span class='ocr_line' id='line_1_77' title="bbox 2021 3593 3601 3665; baseline 0.002 -16"><span class='ocrx_word' id='word_1_594' title='bbox 2021 3593 2206 3649; x_wconf 73' lang='lat' dir='ltr'><strong>sobius</strong></span> <span class='ocrx_word' id='word_1_595' title='bbox 2238 3596 2329 3647; x_wconf 73' lang='grc' dir='ltr'><strong>καὶ</strong></span> <span class='ocrx_word' id='word_1_596' title='bbox 2358 3596 2405 3647; x_wconf 88' lang='grc' dir='ltr'>εἰ</span> <span class='ocrx_word' id='word_1_597' title='bbox 2432 3593 2689 3664; x_wconf 85' lang='grc' dir='ltr'>ἐντυχών.</span> <span class='ocrx_word' id='word_1_598' title='bbox 2725 3593 2900 3649; x_wconf 83' lang='lat' dir='ltr'><strong>Habet</strong></span> <span class='ocrx_word' id='word_1_599' title='bbox 2923 3593 3286 3665; x_wconf 52' lang='lat' dir='ltr'><strong>Nicephoi‘us,</strong></span> <span class='ocrx_word' id='word_1_600' title='bbox 3312 3606 3369 3651; x_wconf 91' lang='lat' dir='ltr'><strong>ut</strong></span> <span class='ocrx_word' id='word_1_601' title='bbox 3398 3595 3601 3653; x_wconf 82' lang='lat' dir='ltr'><strong>Justini</strong></span> 
     </span>
    </p>
   </div>
   <div class='ocr_carea' id='block_1_78' title="bbox 2019 3667 2307 3720">
    <p class='ocr_par' dir='ltr' id='par_1_78' title="bbox 2019 3667 2307 3720">
     <span class='ocr_line' id='line_1_78' title="bbox 2019 3667 2307 3720; baseline -0.007 0"><span class='ocrx_word' id='word_1_602' title='bbox 2019 3667 2307 3720; x_wconf 71' lang='lat' dir='ltr'><strong>editiones.</strong></span> 
     </span>
    </p>
   </div>
   <div class='ocr_carea' id='block_1_79' title="bbox 2091 3733 3601 3805">
    <p class='ocr_par' dir='ltr' id='par_1_79' title="bbox 2091 3733 3601 3805">
     <span class='ocr_line' id='line_1_79' title="bbox 2091 3733 3601 3805; baseline 0.001 -16"><span class='ocrx_word' id='word_1_603' title='bbox 2091 3738 2205 3804; x_wconf 82' lang='lat'><strong>(78)</strong></span> <span class='ocrx_word' id='word_1_604' title='bbox 2244 3736 2562 3803; x_wconf 76' lang='grc' dir='ltr'>Προθέντα.</span> <span class='ocrx_word' id='word_1_605' title='bbox 2606 3733 2681 3790; x_wconf 91' lang='lat' dir='ltr'><strong>lta</strong></span> <span class='ocrx_word' id='word_1_606' title='bbox 2715 3736 2913 3792; x_wconf 87' lang='lat' dir='ltr'><strong>Euseb.</strong></span> <span class='ocrx_word' id='word_1_607' title='bbox 2935 3734 3129 3791; x_wconf 90' lang='lat' dir='ltr'><strong>melius</strong></span> <span class='ocrx_word' id='word_1_608' title='bbox 3160 3750 3322 3805; x_wconf 88' lang='lat' dir='ltr'><strong>quam</strong></span> <span class='ocrx_word' id='word_1_609' title='bbox 3350 3737 3479 3792; x_wconf 89' lang='lat' dir='ltr'><strong>editi</strong></span> <span class='ocrx_word' id='word_1_610' title='bbox 3506 3751 3601 3791; x_wconf 88' lang='lat' dir='ltr'><strong>no-</strong></span> 
     </span>
    </p>
   </div>
   <div class='ocr_carea' id='block_1_80' title="bbox 2016 3806 2504 3876">
    <p class='ocr_par' dir='ltr' id='par_1_80' title="bbox 2016 3806 2504 3876">
     <span class='ocr_line' id='line_1_80' title="bbox 2016 3806 2504 3876; baseline -0.004 -15"><span class='ocrx_word' id='word_1_611' title='bbox 2016 3810 2115 3862; x_wconf 88' lang='lat' dir='ltr'><strong>stri</strong></span> <span class='ocrx_word' id='word_1_612' title='bbox 2147 3806 2504 3876; x_wconf 80' lang='grc' dir='ltr'>προταθέντα,</span> 
     </span>
    </p>
   </div>
   <div class='ocr_carea' id='block_1_81' title="bbox 2089 3875 3562 3945">
    <p class='ocr_par' dir='ltr' id='par_1_81' title="bbox 2089 3875 3562 3945">
     <span class='ocr_line' id='line_1_81' title="bbox 2089 3875 3562 3945; baseline 0 -16"><span class='ocrx_word' id='word_1_613' title='bbox 2089 3875 2203 3945; x_wconf 69' lang='lat'><strong>(79)</strong></span> <span class='ocrx_word' id='word_1_614' title='bbox 2242 3877 2486 3931; x_wconf 79' lang='grc' dir='ltr'>Μαθεῖν.</span> <span class='ocrx_word' id='word_1_615' title='bbox 2528 3877 2692 3931; x_wconf 85' lang='lat' dir='ltr'><strong>Deest</strong></span> <span class='ocrx_word' id='word_1_616' title='bbox 2722 3876 3036 3945; x_wconf 70' lang='lat' dir='ltr'><strong>coniunctio</strong></span> <span class='ocrx_word' id='word_1_617' title='bbox 3069 3875 3213 3943; x_wconf 87' lang='lat' dir='ltr'><strong>apud</strong></span> <span class='ocrx_word' id='word_1_618' title='bbox 3242 3876 3562 3936; x_wconf 88' lang='lat' dir='ltr'><strong>Eusebium.</strong></span> 
     </span>
    </p>
   </div>
   <div class='ocr_carea' id='block_1_82' title="bbox 2089 3946 3604 4021">
    <p class='ocr_par' dir='ltr' id='par_1_82' title="bbox 2089 3946 3604 4021">
     <span class='ocr_line' id='line_1_82' title="bbox 2089 3946 3604 4021; baseline -0.002 -17"><span class='ocrx_word' id='word_1_619' title='bbox 2089 3950 2201 4018; x_wconf 85' lang='grc'>(80)</span> <span class='ocrx_word' id='word_1_620' title='bbox 2400 3948 2727 4021; x_wconf 59' lang='grc' dir='ltr'>ἡμετέρων.</span> <span class='ocrx_word' id='word_1_621' title='bbox 2768 3948 3202 4021; x_wconf 54' lang='lat' dir='ltr'><strong>[itecaddiditex</strong></span> <span class='ocrx_word' id='word_1_622' title='bbox 3225 3947 3459 4003; x_wconf 87' lang='lat' dir='ltr'><strong>Eusebio</strong></span> <span class='ocrx_word' id='word_1_623' title='bbox 3485 3946 3604 4021; x_wconf 77' lang='lat' dir='ltr'><strong>Syl—</strong></span> 
     </span>
    </p>
   </div>
   <div class='ocr_carea' id='block_1_83' title="bbox 2014 4017 3047 4087">
    <p class='ocr_par' dir='ltr' id='par_1_83' title="bbox 2014 4017 3047 4087">
     <span class='ocr_line' id='line_1_83' title="bbox 2014 4017 3047 4087; baseline -0.002 -11"><span class='ocrx_word' id='word_1_624' title='bbox 2014 4017 2263 4085; x_wconf 81' lang='lat' dir='ltr'><strong>burgins.</strong></span> <span class='ocrx_word' id='word_1_625' title='bbox 2295 4020 2388 4073; x_wconf 87' lang='lat' dir='ltr'><strong>Sic</strong></span> <span class='ocrx_word' id='word_1_626' title='bbox 2421 4021 2587 4072; x_wconf 76' lang='lat' dir='ltr'><strong>etiam</strong></span> <span class='ocrx_word' id='word_1_627' title='bbox 2628 4018 2755 4087; x_wconf 85' lang='lat' dir='ltr'><strong>legit</strong></span> <span class='ocrx_word' id='word_1_628' title='bbox 2796 4017 3047 4073; x_wconf 80' lang='lat' dir='ltr'><strong>Ruﬁnus.</strong></span> 
     </span>
    </p>
   </div>
   <div class='ocr_carea' id='block_1_84' title="bbox 2012 4087 3603 4217">
    <p class='ocr_par' dir='ltr' id='par_1_84' title="bbox 2012 4087 3603 4217">
     <span class='ocr_line' id='line_1_84' title="bbox 2012 4087 3603 4217; baseline -0.013 -60"><span class='ocrx_word' id='word_1_629' title='bbox 2012 4163 2066 4217; x_wconf 45' lang='grc' dir='ltr'><strong>Β,</strong></span> <span class='ocrx_word' id='word_1_630' title='bbox 2086 4091 2198 4161; x_wconf 73' lang='grc'><strong>(81)</strong></span> <span class='ocrx_word' id='word_1_631' title='bbox 2240 4092 2326 4155; x_wconf 83' lang='grc' dir='ltr'>Ἢ,</span> <span class='ocrx_word' id='word_1_632' title='bbox 2354 4091 2407 4143; x_wconf 77' lang='grc' dir='ltr'>εὶ</span> <span class='ocrx_word' id='word_1_633' title='bbox 2437 4088 2536 4142; x_wconf 77' lang='grc' dir='ltr'>καὶ</span> <span class='ocrx_word' id='word_1_634' title='bbox 2559 4088 2892 4144; x_wconf 76' lang='grc' dir='ltr'>ἐπίσταται.</span> <span class='ocrx_word' id='word_1_635' title='bbox 2931 4087 3095 4144; x_wconf 89' lang='lat' dir='ltr'><strong>Deest</strong></span> <span class='ocrx_word' id='word_1_636' title='bbox 3128 4089 3225 4144; x_wconf 84' lang='grc' dir='ltr'><strong>καί</strong></span> <span class='ocrx_word' id='word_1_637' title='bbox 3255 4090 3397 4160; x_wconf 90' lang='lat' dir='ltr'><strong>apud</strong></span> <span class='ocrx_word' id='word_1_638' title='bbox 3430 4089 3603 4146; x_wconf 81' lang='lat' dir='ltr'><strong>Ense.</strong></span> 
     </span>
     <span class='ocr_line' id='line_1_85' title="bbox 2056 4180 2186 4217; baseline 0 0"><span class='ocrx_word' id='word_1_639' title='bbox 2056 4180 2186 4217; x_wconf 80' lang='lat' dir='ltr'><strong>tum.</strong></span> 
     </span>
    </p>
   </div>
   <div class='ocr_carea' id='block_1_85' title="bbox 2056 4180 2186 4218">
    <p class='ocr_par' dir='ltr' id='par_1_85' title="bbox 2056 4180 2186 4218">
     <span class='ocr_line' id='line_1_86' title="bbox 2056 4180 2186 4218; baseline -0.008 0"><span class='ocrx_word' id='word_1_640' title='bbox 2056 4180 2186 4218; x_wconf 86' lang='grc' dir='ltr'>Ιυιιι.</span> 
     </span>
    </p>
   </div>
   <div class='ocr_carea' id='block_1_86' title="bbox 2086 4228 3601 4303">
    <p class='ocr_par' dir='ltr' id='par_1_86' title="bbox 2086 4228 3601 4303">
     <span class='ocr_line' id='line_1_87' title="bbox 2086 4228 3601 4303; baseline -0.002 -17"><span class='ocrx_word' id='word_1_641' title='bbox 2086 4231 2198 4303; x_wconf 74' lang='grc'><strong>(82)</strong></span> <span class='ocrx_word' id='word_1_642' title='bbox 2240 4228 2585 4303; x_wconf 58' lang='lat' dir='ltr'><strong>dia/1660509.</strong></span> <span class='ocrx_word' id='word_1_643' title='bbox 2627 4228 2860 4285; x_wconf 84' lang='lat' dir='ltr'><strong>Notatur</strong></span> <span class='ocrx_word' id='word_1_644' title='bbox 2878 4230 2982 4285; x_wconf 87' lang='lat' dir='ltr'><strong>hac</strong></span> <span class='ocrx_word' id='word_1_645' title='bbox 2998 4245 3132 4303; x_wconf 88' lang='lat' dir='ltr'><strong>voce</strong></span> <span class='ocrx_word' id='word_1_646' title='bbox 3147 4246 3252 4285; x_wconf 90' lang='lat' dir='ltr'><strong>non</strong></span> <span class='ocrx_word' id='word_1_647' title='bbox 3280 4239 3390 4285; x_wconf 90' lang='lat' dir='ltr'><strong>tam</strong></span> <span class='ocrx_word' id='word_1_648' title='bbox 3410 4229 3601 4303; x_wconf 74' lang='lat' dir='ltr'><strong>gloriae</strong></span> 
     </span>
    </p>
   </div>
   <div class='ocr_carea' id='block_1_87' title="bbox 2014 4302 3598 4373">
    <p class='ocr_par' dir='ltr' id='par_1_87' title="bbox 2014 4302 3598 4373">
     <span class='ocr_line' id='line_1_88' title="bbox 2014 4302 3598 4373; baseline -0.003 -16"><span class='ocrx_word' id='word_1_649' title='bbox 2014 4302 2173 4373; x_wconf 88' lang='lat' dir='ltr'><strong>quam</strong></span> <span class='ocrx_word' id='word_1_650' title='bbox 2208 4302 2484 4371; x_wconf 87' lang='lat' dir='ltr'><strong>opinionis</strong></span> <span class='ocrx_word' id='word_1_651' title='bbox 2508 4312 2563 4354; x_wconf 90' lang='lat' dir='ltr'><strong>et</strong></span> <span class='ocrx_word' id='word_1_652' title='bbox 2592 4303 2859 4355; x_wconf 89' lang='lat' dir='ltr'><strong>mendacii</strong></span> <span class='ocrx_word' id='word_1_653' title='bbox 2892 4316 3067 4373; x_wconf 85' lang='lat' dir='ltr'><strong>amor.</strong></span> <span class='ocrx_word' id='word_1_654' title='bbox 3099 4302 3309 4355; x_wconf 88' lang='lat' dir='ltr'><strong>Idcirco</strong></span> <span class='ocrx_word' id='word_1_655' title='bbox 3331 4302 3475 4356; x_wconf 89' lang='lat' dir='ltr'><strong>enim</strong></span> <span class='ocrx_word' id='word_1_656' title='bbox 3504 4318 3598 4369; x_wconf 82' lang='grc' dir='ltr'><strong>φι-</strong></span> 
     </span>
    </p>
   </div>
   <div class='ocr_carea' id='block_1_88' title="bbox 2011 4372 3600 4442">
    <p class='ocr_par' dir='ltr' id='par_1_88' title="bbox 2011 4372 3600 4442">
     <span class='ocr_line' id='line_1_89' title="bbox 2011 4372 3600 4442; baseline -0.001 -15"><span class='ocrx_word' id='word_1_657' title='bbox 2011 4372 2222 4440; x_wconf 84' lang='grc' dir='ltr'>λόδοξος</span> <span class='ocrx_word' id='word_1_658' title='bbox 2250 4382 2474 4426; x_wconf 87' lang='lat' dir='ltr'><strong>vocatnr</strong></span> <span class='ocrx_word' id='word_1_659' title='bbox 2518 4372 2809 4435; x_wconf 80' lang='lat' dir='ltr'><strong>Crescens,</strong></span> <span class='ocrx_word' id='word_1_660' title='bbox 2833 4372 2957 4440; x_wconf 88' lang='lat' dir='ltr'><strong>quia</strong></span> <span class='ocrx_word' id='word_1_661' title='bbox 2988 4373 3270 4426; x_wconf 87' lang='lat' dir='ltr'><strong>veritatem</strong></span> <span class='ocrx_word' id='word_1_662' title='bbox 3300 4373 3600 4442; x_wconf 69' lang='lat' dir='ltr'><strong>prmdicare</strong></span> 
     </span>
    </p>
   </div>
   <div class='ocr_carea' id='block_1_89' title="bbox 2014 4442 3598 4512">
    <p class='ocr_par' dir='ltr' id='par_1_89' title="bbox 2014 4442 3598 4512">
     <span class='ocr_line' id='line_1_90' title="bbox 2014 4442 3598 4512; baseline -0.001 -15"><span class='ocrx_word' id='word_1_663' title='bbox 2014 4460 2120 4499; x_wconf 87' lang='lat' dir='ltr'><strong>non</strong></span> <span class='ocrx_word' id='word_1_664' title='bbox 2148 4444 2331 4506; x_wconf 82' lang='lat' dir='ltr'><strong>audet,</strong></span> <span class='ocrx_word' id='word_1_665' title='bbox 2357 4457 2420 4495; x_wconf 87' lang='lat' dir='ltr'><strong>ac</strong></span> <span class='ocrx_word' id='word_1_666' title='bbox 2453 4442 2571 4510; x_wconf 84' lang='lat' dir='ltr'><strong>plus</strong></span> <span class='ocrx_word' id='word_1_667' title='bbox 2598 4443 2913 4496; x_wconf 84' lang='lat' dir='ltr'><strong>hominibus</strong></span> <span class='ocrx_word' id='word_1_668' title='bbox 2943 4443 3132 4512; x_wconf 83' lang='lat' dir='ltr'><strong>tribuit</strong></span> <span class='ocrx_word' id='word_1_669' title='bbox 3163 4458 3327 4512; x_wconf 88' lang='lat' dir='ltr'><strong>quam</strong></span> <span class='ocrx_word' id='word_1_670' title='bbox 3353 4442 3598 4512; x_wconf 81' lang='lat' dir='ltr'><strong>veritati.</strong></span> 
     </span>
    </p>
   </div>
   <div class='ocr_carea' id='block_1_90' title="bbox 2013 4509 3601 4582">
    <p class='ocr_par' dir='ltr' id='par_1_90' title="bbox 2013 4509 3601 4582">
     <span class='ocr_line' id='line_1_91' title="bbox 2013 4509 3601 4582; baseline -0.003 -15"><span class='ocrx_word' id='word_1_671' title='bbox 2013 4514 2183 4567; x_wconf 86' lang='lat' dir='ltr'><strong>Paulo</strong></span> <span class='ocrx_word' id='word_1_672' title='bbox 2210 4522 2334 4567; x_wconf 85' lang='lat' dir='ltr'><strong>ante</strong></span> <span class='ocrx_word' id='word_1_673' title='bbox 2367 4509 2655 4568; x_wconf 80' lang='lat' dir='ltr'><strong>dicebatur</strong></span> <span class='ocrx_word' id='word_1_674' title='bbox 2696 4530 2711 4566; x_wconf 89' lang='lat'><strong>:</strong></span> <span class='ocrx_word' id='word_1_675' title='bbox 2749 4511 3046 4581; x_wconf 73' lang='grc' dir='ltr'>’ἰδιωτικῆς</span> <span class='ocrx_word' id='word_1_676' title='bbox 3078 4509 3403 4580; x_wconf 60' lang='grc' dir='ltr'>καῖάλόγου</span> <span class='ocrx_word' id='word_1_677' title='bbox 3440 4509 3601 4582; x_wconf 79' lang='grc' dir='ltr'>δόξης</span> 
     </span>
    </p>
   </div>
   <div class='ocr_carea' id='block_1_91' title="bbox 301 4564 1907 4653">
    <p class='ocr_par' dir='ltr' id='par_1_91' title="bbox 301 4564 1903 4653">
     <span class='ocr_line' id='line_1_92' title="bbox 301 4564 1903 4653; baseline 0.007 -31"><span class='ocrx_word' id='word_1_678' title='bbox 301 4577 338 4649; x_wconf 73' lang='grc' dir='ltr'>ἦ</span> <span class='ocrx_word' id='word_1_679' title='bbox 379 4578 589 4653; x_wconf 43' lang='grc' dir='ltr'>σοντες,</span> <span class='ocrx_word' id='word_1_680' title='bbox 616 4576 765 4653; x_wconf 85' lang='lat' dir='ltr'><strong>quod</strong></span> <span class='ocrx_word' id='word_1_681' title='bbox 795 4578 1012 4653; x_wconf 72' lang='lat' dir='ltr'><strong>quidem</strong></span> <span class='ocrx_word' id='word_1_682' title='bbox 1041 4564 1374 4653; x_wconf 66' lang='lat' dir='ltr'><strong>postretiium</strong></span> <span class='ocrx_word' id='word_1_683' title='bbox 1406 4564 1630 4653; x_wconf 45' lang='lat' dir='ltr'><strong>verliu&#39;ni</strong></span> <span class='ocrx_word' id='word_1_684' title='bbox 1660 4564 1903 4653; x_wconf 42' lang='lat' dir='ltr'><strong>necessi-z</strong></span> 
     </span>
    </p>
   </div>
   <div class='ocr_carea' id='block_1_92' title="bbox 2021 4564 3600 4653">
    <p class='ocr_par' dir='ltr' id='par_1_92' title="bbox 2021 4564 3600 4653">
     <span class='ocr_line' id='line_1_93' title="bbox 2021 4564 3600 4653; baseline -0.003 -15"><span class='ocrx_word' id='word_1_685' title='bbox 2021 4564 2615 4653; x_wconf 42' lang='lat' dir='ltr'><strong>inesseinesse&quot;</strong></span> <span class='ocrx_word' id='word_1_686' title='bbox 2631 4564 2710 4636; x_wconf 23' lang='lat' dir='ltr'><strong>‘In&#39;</strong></span> <span class='ocrx_word' id='word_1_687' title='bbox 2731 4564 2980 4638; x_wconf 72' lang='lat' dir='ltr'><strong>eamdem</strong></span> <span class='ocrx_word' id='word_1_688' title='bbox 3003 4564 3345 4653; x_wconf 55' lang='lat' dir='ltr'><strong>sententiam</strong></span> <span class='ocrx_word' id='word_1_689' title='bbox 3384 4564 3600 4635; x_wconf 75' lang='lat' dir='ltr'><strong>videiu‘i-</strong></span> 
     </span>
    </p>
   </div>
   <div class='ocr_carea' id='block_1_93' title="bbox 305 4647 1903 4720">
    <p class='ocr_par' dir='ltr' id='par_1_93' title="bbox 305 4647 1903 4720">
     <span class='ocr_line' id='line_1_94' title="bbox 305 4647 1903 4720; baseline 0.001 -17"><span class='ocrx_word' id='word_1_690' title='bbox 305 4647 482 4720; x_wconf 66' lang='lat' dir='ltr'><strong>tatem</strong></span> <span class='ocrx_word' id='word_1_691' title='bbox 514 4647 754 4720; x_wconf 65' lang='lat' dir='ltr'><strong>imponit</strong></span> <span class='ocrx_word' id='word_1_692' title='bbox 791 4647 1010 4720; x_wconf 79' lang='lat' dir='ltr'><strong>legendi</strong></span> <span class='ocrx_word' id='word_1_693' title='bbox 1042 4658 1200 4702; x_wconf 84' lang='lat' dir='ltr'><strong>antea</strong></span> <span class='ocrx_word' id='word_1_694' title='bbox 1238 4649 1311 4720; x_wconf 87' lang='grc' dir='ltr'><strong>μὴ</strong></span> <span class='ocrx_word' id='word_1_695' title='bbox 1336 4648 1558 4718; x_wconf 82' lang='grc' dir='ltr'>συνῆκε.</span> <span class='ocrx_word' id='word_1_696' title='bbox 1587 4648 1720 4703; x_wconf 83' lang='lat' dir='ltr'><strong>Post</strong></span> <span class='ocrx_word' id='word_1_697' title='bbox 1745 4651 1903 4704; x_wconf 84' lang='grc' dir='ltr'>ἐντυ-</span> 
     </span>
    </p>
   </div>
   <div class='ocr_carea' id='block_1_94' title="bbox 301 4716 1901 4789">
    <p class='ocr_par' dir='ltr' id='par_1_94' title="bbox 301 4716 1901 4789">
     <span class='ocr_line' id='line_1_95' title="bbox 301 4716 1901 4789; baseline 0.006 -23"><span class='ocrx_word' id='word_1_698' title='bbox 301 4718 439 4789; x_wconf 73' lang='grc' dir='ltr'>χών,</span> <span class='ocrx_word' id='word_1_699' title='bbox 476 4716 752 4789; x_wconf 51' lang='lat' dir='ltr'><strong>virgulam</strong></span> <span class='ocrx_word' id='word_1_700' title='bbox 788 4716 1036 4785; x_wconf 87' lang='lat' dir='ltr'><strong>apposui,</strong></span> <span class='ocrx_word' id='word_1_701' title='bbox 1076 4716 1467 4789; x_wconf 21' lang='lat' dir='ltr'><strong>subaudiendoi</strong></span> <span class='ocrx_word' id='word_1_702' title='bbox 1490 4720 1542 4773; x_wconf 89' lang='lat' dir='ltr'><strong>id</strong></span> <span class='ocrx_word' id='word_1_703' title='bbox 1573 4720 1715 4788; x_wconf 85' lang='lat' dir='ltr'><strong>quod</strong></span> <span class='ocrx_word' id='word_1_704' title='bbox 1743 4732 1901 4776; x_wconf 82' lang='lat' dir='ltr'><strong>antea</strong></span> 
     </span>
    </p>
   </div>
   <div class='ocr_carea' id='block_1_95' title="bbox 305 4786 1903 4859">
    <p class='ocr_par' dir='ltr' id='par_1_95' title="bbox 305 4786 1903 4859">
     <span class='ocr_line' id='line_1_96' title="bbox 305 4786 1903 4859; baseline 0.002 -17"><span class='ocrx_word' id='word_1_705' title='bbox 305 4786 448 4842; x_wconf 75' lang='lat' dir='ltr'><strong>dixit</strong></span> <span class='ocrx_word' id='word_1_706' title='bbox 488 4786 773 4851; x_wconf 81' lang='lat' dir='ltr'><strong>Justinus,</strong></span> <span class='ocrx_word' id='word_1_707' title='bbox 806 4789 1130 4859; x_wconf 81' lang='grc' dir='ltr'>κατατρέχει</span> <span class='ocrx_word' id='word_1_708' title='bbox 1160 4788 1339 4859; x_wconf 83' lang='grc' dir='ltr'>ἡμῶν.</span> <span class='ocrx_word' id='word_1_709' title='bbox 1380 4786 1673 4859; x_wconf 81' lang='lat' dir='ltr'><strong>Sequentia</strong></span> <span class='ocrx_word' id='word_1_710' title='bbox 1720 4802 1903 4845; x_wconf 85' lang='lat' dir='ltr'><strong>autem</strong></span> 
     </span>
    </p>
   </div>
   <div class='ocr_carea' id='block_1_96' title="bbox 307 4860 1905 4929">
    <p class='ocr_par' dir='ltr' id='par_1_96' title="bbox 307 4860 1905 4929">
     <span class='ocr_line' id='line_1_97' title="bbox 307 4860 1905 4929; baseline 0.003 -17"><span class='ocrx_word' id='word_1_711' title='bbox 307 4860 390 4912; x_wconf 78' lang='lat' dir='ltr'><strong>sic</strong></span> <span class='ocrx_word' id='word_1_712' title='bbox 438 4860 843 4929; x_wconf 83' lang='lat' dir='ltr'><strong>interpretatus</strong></span> <span class='ocrx_word' id='word_1_713' title='bbox 873 4874 1012 4922; x_wconf 81' lang='lat' dir='ltr'><strong>sunt,</strong></span> <span class='ocrx_word' id='word_1_714' title='bbox 1057 4872 1116 4914; x_wconf 91' lang='lat' dir='ltr'><strong>ut</strong></span> <span class='ocrx_word' id='word_1_715' title='bbox 1142 4870 1457 4914; x_wconf 85' lang='lat' dir='ltr'><strong>contextum</strong></span> <span class='ocrx_word' id='word_1_716' title='bbox 1501 4861 1648 4915; x_wconf 90' lang='lat' dir='ltr'><strong>nullo</strong></span> <span class='ocrx_word' id='word_1_717' title='bbox 1681 4876 1905 4929; x_wconf 85' lang='lat' dir='ltr'><strong>prorsus</strong></span> 
     </span>
    </p>
   </div>
   <div class='ocr_carea' id='block_1_97' title="bbox 308 4928 1903 4992">
    <p class='ocr_par' dir='ltr' id='par_1_97' title="bbox 308 4928 1903 4992">
     <span class='ocr_line' id='line_1_98' title="bbox 308 4928 1903 4992; baseline 0.003 -9"><span class='ocrx_word' id='word_1_718' title='bbox 308 4930 363 4983; x_wconf 85' lang='lat' dir='ltr'><strong>in</strong></span> <span class='ocrx_word' id='word_1_719' title='bbox 411 4928 579 4981; x_wconf 80' lang='lat' dir='ltr'><strong>verbo</strong></span> <span class='ocrx_word' id='word_1_720' title='bbox 624 4928 999 4983; x_wconf 87' lang='lat' dir='ltr'><strong>immutarem.</strong></span> <span class='ocrx_word' id='word_1_721' title='bbox 1033 4929 1328 4992; x_wconf 80' lang='lat' dir='ltr'><strong>Nimirum.</strong></span> <span class='ocrx_word' id='word_1_722' title='bbox 1375 4947 1499 4986; x_wconf 92' lang='lat' dir='ltr'><strong>cum</strong></span> <span class='ocrx_word' id='word_1_723' title='bbox 1544 4928 1811 4987; x_wconf 80' lang='lat' dir='ltr'><strong>Crescens</strong></span> <span class='ocrx_word' id='word_1_724' title='bbox 1849 4935 1903 4987; x_wconf 94' lang='lat' dir='ltr'><strong>in</strong></span> 
     </span>
    </p>
   </div>
   <div class='ocr_carea' id='block_1_98' title="bbox 310 4999 1904 5071">
    <p class='ocr_par' dir='ltr' id='par_1_98' title="bbox 310 4999 1904 5071">
     <span class='ocr_line' id='line_1_99' title="bbox 310 4999 1904 5071; baseline 0.002 -18"><span class='ocrx_word' id='word_1_725' title='bbox 310 4999 770 5071; x_wconf 82' lang='lat' dir='ltr'><strong>responsionibus</strong></span> <span class='ocrx_word' id='word_1_726' title='bbox 797 5000 912 5054; x_wconf 84' lang='lat' dir='ltr'><strong>suis</strong></span> <span class='ocrx_word' id='word_1_727' title='bbox 950 5015 1218 5055; x_wconf 87' lang='lat' dir='ltr'><strong>summam</strong></span> <span class='ocrx_word' id='word_1_728' title='bbox 1268 5002 1668 5071; x_wconf 78' lang='lat' dir='ltr'><strong>ignorationem</strong></span> <span class='ocrx_word' id='word_1_729' title='bbox 1720 5017 1904 5056; x_wconf 89' lang='lat' dir='ltr'><strong>rerum</strong></span> 
     </span>
    </p>
   </div>
   <div class='ocr_carea' id='block_1_99' title="bbox 309 5070 1904 5139">
    <p class='ocr_par' dir='ltr' id='par_1_99' title="bbox 309 5070 1904 5139">
     <span class='ocr_line' id='line_1_100' title="bbox 309 5070 1904 5139; baseline 0.003 -15"><span class='ocrx_word' id='word_1_730' title='bbox 309 5070 764 5124; x_wconf 77' lang='lat' dir='ltr'><strong>Christianarum</strong></span> <span class='ocrx_word' id='word_1_731' title='bbox 790 5071 1194 5139; x_wconf 84' lang='lat' dir='ltr'><strong>signiﬁcasset,</strong></span> <span class='ocrx_word' id='word_1_732' title='bbox 1229 5073 1553 5125; x_wconf 88' lang='lat' dir='ltr'><strong>alterutrum</strong></span> <span class='ocrx_word' id='word_1_733' title='bbox 1583 5087 1650 5127; x_wconf 89' lang='lat' dir='ltr'><strong>ex</strong></span> <span class='ocrx_word' id='word_1_734' title='bbox 1689 5073 1904 5128; x_wconf 88' lang='lat' dir='ltr'><strong>duobus</strong></span> 
     </span>
    </p>
   </div>
   <div class='ocr_carea' id='block_1_100' title="bbox 310 5139 1905 5211">
    <p class='ocr_par' dir='ltr' id='par_1_100' title="bbox 310 5139 1905 5211">
     <span class='ocr_line' id='line_1_101' title="bbox 310 5139 1905 5211; baseline 0.001 -16"><span class='ocrx_word' id='word_1_735' title='bbox 310 5144 694 5211; x_wconf 65' lang='lat' dir='ltr'><strong>necessarium</strong></span> <span class='ocrx_word' id='word_1_736' title='bbox 741 5155 866 5195; x_wconf 87' lang='lat' dir='ltr'><strong>esse</strong></span> <span class='ocrx_word' id='word_1_737' title='bbox 898 5139 1196 5211; x_wconf 88' lang='lat' dir='ltr'><strong>colligitur,</strong></span> <span class='ocrx_word' id='word_1_738' title='bbox 1237 5152 1296 5195; x_wconf 91' lang='lat' dir='ltr'><strong>ut</strong></span> <span class='ocrx_word' id='word_1_739' title='bbox 1338 5142 1782 5197; x_wconf 79' lang='lat' dir='ltr'><strong>Christianorum</strong></span> <span class='ocrx_word' id='word_1_740' title='bbox 1833 5143 1905 5197; x_wconf 90' lang='lat' dir='ltr'><strong>li-</strong></span> 
     </span>
    </p>
   </div>
   <div class='ocr_carea' id='block_1_101' title="bbox 310 5209 1908 5275">
    <p class='ocr_par' dir='ltr' id='par_1_101' title="bbox 310 5209 1908 5275">
     <span class='ocr_line' id='line_1_102' title="bbox 310 5209 1908 5275; baseline 0.003 -10"><span class='ocrx_word' id='word_1_741' title='bbox 310 5209 440 5265; x_wconf 79' lang='lat' dir='ltr'><strong>bros</strong></span> <span class='ocrx_word' id='word_1_742' title='bbox 478 5209 727 5275; x_wconf 71' lang='lat' dir='ltr'><strong>tegendo</strong></span> <span class='ocrx_word' id='word_1_743' title='bbox 773 5226 883 5265; x_wconf 90' lang='lat' dir='ltr'><strong>non</strong></span> <span class='ocrx_word' id='word_1_744' title='bbox 932 5209 1281 5275; x_wconf 78' lang='lat' dir='ltr'><strong>intellexerit,</strong></span> <span class='ocrx_word' id='word_1_745' title='bbox 1328 5213 1416 5268; x_wconf 88' lang='lat' dir='ltr'><strong>vel</strong></span> <span class='ocrx_word' id='word_1_746' title='bbox 1469 5213 1804 5269; x_wconf 88' lang='lat' dir='ltr'><strong>intellexisse</strong></span> <span class='ocrx_word' id='word_1_747' title='bbox 1847 5229 1908 5269; x_wconf 86' lang='lat' dir='ltr'><strong>se</strong></span> 
     </span>
    </p>
   </div>
   <div class='ocr_carea' id='block_1_102' title="bbox 312 5279 1906 5352">
    <p class='ocr_par' dir='ltr' id='par_1_102' title="bbox 312 5279 1906 5352">
     <span class='ocr_line' id='line_1_103' title="bbox 312 5279 1906 5352; baseline 0.003 -19"><span class='ocrx_word' id='word_1_748' title='bbox 312 5279 646 5336; x_wconf 85' lang='lat' dir='ltr'><strong>dissimulet.</strong></span> <span class='ocrx_word' id='word_1_749' title='bbox 708 5279 957 5349; x_wconf 79' lang='lat' dir='ltr'><strong>Ruﬁnus,</strong></span> <span class='ocrx_word' id='word_1_750' title='bbox 1013 5298 1175 5352; x_wconf 82' lang='lat' dir='ltr'><strong>quem</strong></span> <span class='ocrx_word' id='word_1_751' title='bbox 1216 5285 1469 5352; x_wconf 87' lang='lat' dir='ltr'><strong>sequitur</strong></span> <span class='ocrx_word' id='word_1_752' title='bbox 1506 5284 1773 5348; x_wconf 80' lang='lat' dir='ltr'><strong>Valesius,</strong></span> <span class='ocrx_word' id='word_1_753' title='bbox 1828 5284 1906 5338; x_wconf 89' lang='lat' dir='ltr'><strong>ita</strong></span> 
     </span>
    </p>
   </div>
   <div class='ocr_carea' id='block_1_103' title="bbox 314 5352 1906 5424">
    <p class='ocr_par' dir='ltr' id='par_1_103' title="bbox 314 5352 1906 5424">
     <span class='ocr_line' id='line_1_104' title="bbox 314 5352 1906 5424; baseline 0.003 -22"><span class='ocrx_word' id='word_1_754' title='bbox 314 5353 497 5405; x_wconf 78' lang='lat' dir='ltr'><strong>reddit</strong></span> <span class='ocrx_word' id='word_1_755' title='bbox 530 5370 544 5403; x_wconf 87' lang='lat'><strong>:</strong></span> <span class='ocrx_word' id='word_1_756' title='bbox 583 5373 602 5403; x_wconf 72' lang='grc' dir='ltr'>ς</span> <span class='ocrx_word' id='word_1_757' title='bbox 628 5352 686 5424; x_wconf 79' lang='lat' dir='ltr'><strong>Si</strong></span> <span class='ocrx_word' id='word_1_758' title='bbox 718 5365 853 5424; x_wconf 81' lang='lat' dir='ltr'><strong>vero</strong></span> <span class='ocrx_word' id='word_1_759' title='bbox 878 5354 1009 5423; x_wconf 82' lang='lat' dir='ltr'><strong>legit</strong></span> <span class='ocrx_word' id='word_1_760' title='bbox 1035 5370 1157 5423; x_wconf 72' lang='lat' dir='ltr'><strong>qua:</strong></span> <span class='ocrx_word' id='word_1_761' title='bbox 1187 5359 1329 5423; x_wconf 88' lang='lat' dir='ltr'><strong>apud</strong></span> <span class='ocrx_word' id='word_1_762' title='bbox 1366 5370 1468 5410; x_wconf 89' lang='lat' dir='ltr'><strong>nos</strong></span> <span class='ocrx_word' id='word_1_763' title='bbox 1501 5355 1705 5424; x_wconf 82' lang='lat' dir='ltr'><strong>scripta</strong></span> <span class='ocrx_word' id='word_1_764' title='bbox 1742 5365 1906 5419; x_wconf 90' lang='lat' dir='ltr'><strong>sunt,</strong></span> 
     </span>
    </p>
   </div>
   <div class='ocr_carea' id='block_1_104' title="bbox 310 5422 1910 5490">
    <p class='ocr_par' dir='ltr' id='par_1_104' title="bbox 310 5422 1910 5490">
     <span class='ocr_line' id='line_1_105' title="bbox 310 5422 1910 5490; baseline 0.004 -16"><span class='ocrx_word' id='word_1_765' title='bbox 310 5432 365 5474; x_wconf 79' lang='lat' dir='ltr'><strong>et</strong></span> <span class='ocrx_word' id='word_1_766' title='bbox 393 5433 490 5475; x_wconf 75' lang='lat' dir='ltr'><strong>aut</strong></span> <span class='ocrx_word' id='word_1_767' title='bbox 516 5439 631 5475; x_wconf 89' lang='lat' dir='ltr'><strong>non</strong></span> <span class='ocrx_word' id='word_1_768' title='bbox 662 5422 949 5477; x_wconf 85' lang='lat' dir='ltr'><strong>intellexit</strong></span> <span class='ocrx_word' id='word_1_769' title='bbox 970 5422 1161 5478; x_wconf 86' lang='lat' dir='ltr'><strong>eorum</strong></span> <span class='ocrx_word' id='word_1_770' title='bbox 1196 5422 1485 5490; x_wconf 81' lang='lat' dir='ltr'><strong>virtutem,</strong></span> <span class='ocrx_word' id='word_1_771' title='bbox 1513 5422 1910 5481; x_wconf 52' lang='lat' dir='ltr'><strong>aut&#39;iutellexit</strong></span> 
     </span>
    </p>
   </div>
   <div class='ocr_carea' id='block_1_105' title="bbox 312 5493 1909 5565">
    <p class='ocr_par' dir='ltr' id='par_1_105' title="bbox 312 5493 1909 5565">
     <span class='ocr_line' id='line_1_106' title="bbox 312 5493 1909 5565; baseline 0.004 -21"><span class='ocrx_word' id='word_1_772' title='bbox 312 5494 558 5565; x_wconf 76' lang='lat' dir='ltr'><strong>quidem,</strong></span> <span class='ocrx_word' id='word_1_773' title='bbox 586 5496 682 5547; x_wconf 84' lang='lat' dir='ltr'><strong>sed</strong></span> <span class='ocrx_word' id='word_1_774' title='bbox 714 5493 1088 5549; x_wconf 89' lang='lat' dir='ltr'><strong>dissimulat...</strong></span> <span class='ocrx_word' id='word_1_775' title='bbox 1122 5496 1295 5550; x_wconf 85' lang='lat' dir='ltr'><strong>multo</strong></span> <span class='ocrx_word' id='word_1_776' title='bbox 1323 5496 1554 5565; x_wconf 87' lang='lat' dir='ltr'><strong>nequior</strong></span> <span class='ocrx_word' id='word_1_777' title='bbox 1582 5504 1638 5549; x_wconf 91' lang='lat' dir='ltr'><strong>et</strong></span> <span class='ocrx_word' id='word_1_778' title='bbox 1667 5497 1909 5550; x_wconf 83' lang='lat' dir='ltr'><strong>detesta-</strong></span> 
     </span>
    </p>
   </div>
   <div class='ocr_carea' id='block_1_106' title="bbox 313 5562 1909 5635">
    <p class='ocr_par' dir='ltr' id='par_1_106' title="bbox 313 5562 1909 5635">
     <span class='ocr_line' id='line_1_107' title="bbox 313 5562 1909 5635; baseline 0.003 -19"><span class='ocrx_word' id='word_1_779' title='bbox 313 5562 475 5616; x_wconf 82' lang='lat' dir='ltr'><strong>bilior</strong></span> <span class='ocrx_word' id='word_1_780' title='bbox 493 5565 839 5633; x_wconf 83' lang='lat' dir='ltr'><strong>judicandus</strong></span> <span class='ocrx_word' id='word_1_781' title='bbox 877 5575 981 5619; x_wconf 86' lang='lat' dir='ltr'><strong>est.</strong></span> <span class='ocrx_word' id='word_1_782' title='bbox 1014 5584 1033 5620; x_wconf 69' lang='grc' dir='ltr'><strong>ι</strong></span> <span class='ocrx_word' id='word_1_783' title='bbox 1071 5565 1241 5635; x_wconf 86' lang='lat' dir='ltr'><strong>Sequi</strong></span> <span class='ocrx_word' id='word_1_784' title='bbox 1282 5562 1431 5620; x_wconf 80' lang='lat' dir='ltr'><strong>uolui</strong></span> <span class='ocrx_word' id='word_1_785' title='bbox 1464 5567 1609 5621; x_wconf 84' lang='lat' dir='ltr'><strong>hanc</strong></span> <span class='ocrx_word' id='word_1_786' title='bbox 1639 5566 1909 5635; x_wconf 88' lang='lat' dir='ltr'><strong>interpre-</strong></span> 
     </span>
    </p>
   </div>
   <div class='ocr_carea' id='block_1_107' title="bbox 319 5635 1908 5704">
    <p class='ocr_par' dir='ltr' id='par_1_107' title="bbox 319 5635 1908 5704">
     <span class='ocr_line' id='line_1_108' title="bbox 319 5635 1908 5704; baseline 0.004 -18"><span class='ocrx_word' id='word_1_787' title='bbox 319 5635 614 5700; x_wconf 66' lang='lat' dir='ltr'><strong>tationem,</strong></span> <span class='ocrx_word' id='word_1_788' title='bbox 667 5636 799 5702; x_wconf 88' lang='lat' dir='ltr'><strong>quia</strong></span> <span class='ocrx_word' id='word_1_789' title='bbox 850 5651 1063 5704; x_wconf 66' lang='lat' dir='ltr'><strong>asquum</strong></span> <span class='ocrx_word' id='word_1_790' title='bbox 1115 5652 1224 5690; x_wconf 89' lang='lat' dir='ltr'><strong>non</strong></span> <span class='ocrx_word' id='word_1_791' title='bbox 1275 5638 1491 5690; x_wconf 86' lang='lat' dir='ltr'><strong>videtur</strong></span> <span class='ocrx_word' id='word_1_792' title='bbox 1539 5648 1598 5690; x_wconf 93' lang='lat' dir='ltr'><strong>ut</strong></span> <span class='ocrx_word' id='word_1_793' title='bbox 1645 5636 1908 5693; x_wconf 84' lang='lat' dir='ltr'><strong>Crescens</strong></span> 
     </span>
    </p>
   </div>
   <div class='ocr_carea' id='block_1_108' title="bbox 312 5705 1907 5776">
    <p class='ocr_par' dir='ltr' id='par_1_108' title="bbox 312 5705 1907 5776">
     <span class='ocr_line' id='line_1_109' title="bbox 312 5705 1907 5776; baseline 0.005 -22"><span class='ocrx_word' id='word_1_794' title='bbox 312 5705 489 5776; x_wconf 69' lang='lat' dir='ltr'><strong>multo</strong></span> <span class='ocrx_word' id='word_1_795' title='bbox 520 5706 704 5775; x_wconf 82' lang='lat' dir='ltr'><strong>magis</strong></span> <span class='ocrx_word' id='word_1_796' title='bbox 730 5705 962 5776; x_wconf 81' lang='lat' dir='ltr'><strong>ignavus</strong></span> <span class='ocrx_word' id='word_1_797' title='bbox 994 5716 1049 5761; x_wconf 88' lang='lat' dir='ltr'><strong>et</strong></span> <span class='ocrx_word' id='word_1_798' title='bbox 1092 5707 1369 5776; x_wconf 86' lang='lat' dir='ltr'><strong>improbus</strong></span> <span class='ocrx_word' id='word_1_799' title='bbox 1398 5708 1639 5770; x_wconf 86' lang='lat' dir='ltr'><strong>dicatur,</strong></span> <span class='ocrx_word' id='word_1_800' title='bbox 1670 5721 1735 5759; x_wconf 93' lang='lat' dir='ltr'><strong>eo</strong></span> <span class='ocrx_word' id='word_1_801' title='bbox 1763 5709 1907 5776; x_wconf 88' lang='lat' dir='ltr'><strong>quod</strong></span> 
     </span>
    </p>
   </div>
   <div class='ocr_carea' id='block_1_109' title="bbox 324 5771 1909 5846">
    <p class='ocr_par' dir='ltr' id='par_1_109' title="bbox 324 5771 1909 5846">
     <span class='ocr_line' id='line_1_110' title="bbox 324 5771 1909 5846; baseline 0.006 -23"><span class='ocrx_word' id='word_1_802' title='bbox 324 5771 783 5846; x_wconf 62' lang='lat' dir='ltr'><strong>librorum,&#39;quos</strong></span> <span class='ocrx_word' id='word_1_803' title='bbox 806 5775 1032 5844; x_wconf 86' lang='lat' dir='ltr'><strong>legerat,</strong></span> <span class='ocrx_word' id='word_1_804' title='bbox 1052 5771 1471 5846; x_wconf 9' lang='lat' dir='ltr'><strong>inteirligentiam</strong></span> <span class='ocrx_word' id='word_1_805' title='bbox 1490 5771 1909 5832; x_wconf 61' lang='lat' dir='ltr'><strong>assecutus&#39;non</strong></span> 
     </span>
    </p>
   </div>
   <div class='ocr_carea' id='block_1_110' title="bbox 322 5842 1907 5916">
    <p class='ocr_par' dir='ltr' id='par_1_110' title="bbox 322 5842 1907 5916">
     <span class='ocr_line' id='line_1_111' title="bbox 322 5842 1907 5916; baseline 0.004 -19"><span class='ocrx_word' id='word_1_806' title='bbox 322 5842 536 5901; x_wconf 60' lang='lat' dir='ltr'><strong>fuisset.</strong></span> <span class='ocrx_word' id='word_1_807' title='bbox 559 5842 883 5910; x_wconf 59' lang='lat' dir='ltr'><strong>&#39;lbirlbius,</strong></span> <span class='ocrx_word' id='word_1_808' title='bbox 907 5855 966 5897; x_wconf 89' lang='lat' dir='ltr'><strong>ut</strong></span> <span class='ocrx_word' id='word_1_809' title='bbox 998 5849 1096 5901; x_wconf 80' lang='lat' dir='ltr'><strong>hoc</strong></span> <span class='ocrx_word' id='word_1_810' title='bbox 1123 5842 1344 5916; x_wconf 67' lang='lat' dir='ltr'><strong>eﬂ’ugiat</strong></span> <span class='ocrx_word' id='word_1_811' title='bbox 1380 5848 1806 5916; x_wconf 84' lang='lat' dir='ltr'><strong>incommodum,</strong></span> <span class='ocrx_word' id='word_1_812' title='bbox 1827 5848 1907 5903; x_wconf 87' lang='lat' dir='ltr'><strong>le-</strong></span> 
     </span>
    </p>
   </div>
   <div class='ocr_carea' id='block_1_111' title="bbox 2007 4652 3601 4723">
    <p class='ocr_par' dir='ltr' id='par_1_111' title="bbox 2007 4652 3601 4723">
     <span class='ocr_line' id='line_1_112' title="bbox 2007 4652 3601 4723; baseline -0.004 -14"><span class='ocrx_word' id='word_1_813' title='bbox 2007 4652 2270 4723; x_wconf 84' lang='lat' dir='ltr'><strong>strepitus</strong></span> <span class='ocrx_word' id='word_1_814' title='bbox 2324 4663 2380 4708; x_wconf 87' lang='lat' dir='ltr'><strong>et</strong></span> <span class='ocrx_word' id='word_1_815' title='bbox 2438 4653 2825 4708; x_wconf 87' lang='lat' dir='ltr'><strong>ostentationis</strong></span> <span class='ocrx_word' id='word_1_816' title='bbox 2878 4652 3063 4706; x_wconf 91' lang='lat' dir='ltr'><strong>vocari</strong></span> <span class='ocrx_word' id='word_1_817' title='bbox 3109 4664 3361 4723; x_wconf 77' lang='lat' dir='ltr'><strong>amator,</strong></span> <span class='ocrx_word' id='word_1_818' title='bbox 3405 4665 3601 4723; x_wconf 87' lang='lat' dir='ltr'><strong>nempe</strong></span> 
     </span>
    </p>
   </div>
   <div class='ocr_carea' id='block_1_112' title="bbox 2009 4721 3597 4792">
    <p class='ocr_par' dir='ltr' id='par_1_112' title="bbox 2009 4721 3597 4792">
     <span class='ocr_line' id='line_1_113' title="bbox 2009 4721 3597 4792; baseline -0.004 -13"><span class='ocrx_word' id='word_1_819' title='bbox 2009 4721 2278 4779; x_wconf 83' lang='lat' dir='ltr'><strong>mendacii</strong></span> <span class='ocrx_word' id='word_1_820' title='bbox 2318 4734 2373 4778; x_wconf 91' lang='lat' dir='ltr'><strong>et</strong></span> <span class='ocrx_word' id='word_1_821' title='bbox 2404 4723 2666 4778; x_wconf 81' lang='lat' dir='ltr'><strong>falsarum</strong></span> <span class='ocrx_word' id='word_1_822' title='bbox 2713 4724 3060 4792; x_wconf 90' lang='lat' dir='ltr'><strong>opinionum.</strong></span> <span class='ocrx_word' id='word_1_823' title='bbox 3106 4722 3420 4790; x_wconf 87' lang='lat' dir='ltr'><strong>Philosophi</strong></span> <span class='ocrx_word' id='word_1_824' title='bbox 3454 4721 3597 4792; x_wconf 77' lang='grc' dir='ltr'>κόμ-</span> 
     </span>
    </p>
   </div>
   <div class='ocr_carea' id='block_1_113' title="bbox 2006 4791 3601 4920">
    <p class='ocr_par' dir='ltr' id='par_1_113' title="bbox 2006 4791 3601 4920">
     <span class='ocr_line' id='line_1_114' title="bbox 2006 4791 3601 4920; baseline -0.002 -72"><span class='ocrx_word' id='word_1_825' title='bbox 2006 4813 2150 4919; x_wconf 50' lang='grc' dir='ltr'>ιιὲουῆ</span> <span class='ocrx_word' id='word_1_826' title='bbox 2169 4814 2223 4850; x_wconf 88' lang='grc' dir='ltr'><strong>ιι.</strong></span> <span class='ocrx_word' id='word_1_827' title='bbox 2248 4795 2302 4860; x_wconf 89' lang='lat'><strong>9,</strong></span> <span class='ocrx_word' id='word_1_828' title='bbox 2335 4795 2609 4920; x_wconf 55' lang='lat' dir='ltr'><strong>aggellant</strong></span> <span class='ocrx_word' id='word_1_829' title='bbox 2628 4791 2938 4850; x_wconf 77' lang='lat' dir='ltr'><strong>doctrinam</strong></span> <span class='ocrx_word' id='word_1_830' title='bbox 2971 4794 3039 4847; x_wconf 87' lang='lat' dir='ltr'><strong>de</strong></span> <span class='ocrx_word' id='word_1_831' title='bbox 3065 4793 3188 4864; x_wconf 85' lang='lat' dir='ltr'><strong>igne</strong></span> <span class='ocrx_word' id='word_1_832' title='bbox 3213 4802 3439 4847; x_wconf 81' lang='lat' dir='ltr'><strong>:eterno.</strong></span> <span class='ocrx_word' id='word_1_833' title='bbox 3464 4791 3601 4846; x_wconf 82' lang='lat' dir='ltr'><strong>Vide</strong></span> 
     </span>
     <span class='ocr_line' id='line_1_115' title="bbox 2062 4883 2461 4920; baseline 0 0"><span class='ocrx_word' id='word_1_834' title='bbox 2062 4884 2128 4920; x_wconf 84' lang='lat' dir='ltr'><strong><em>DO</em></strong></span> <span class='ocrx_word' id='word_1_835' title='bbox 2158 4906 2172 4920; x_wconf 74' lang='grc' dir='ltr'><strong>ο</strong></span> <span class='ocrx_word' id='word_1_836' title='bbox 2203 4883 2243 4920; x_wconf 83' lang='grc' dir='ltr'><strong>Ι.</strong></span> <span class='ocrx_word' id='word_1_837' title='bbox 2277 4885 2330 4919; x_wconf 90' lang='grc' dir='ltr'><strong>ιι.</strong></span> <span class='ocrx_word' id='word_1_838' title='bbox 2447 4905 2461 4920; x_wconf 82' lang='grc' dir='ltr'><strong><em>ο</em></strong></span> 
     </span>
    </p>
   </div>
   <div class='ocr_carea' id='block_1_114' title="bbox 2008 4866 2461 4930">
    <p class='ocr_par' dir='ltr' id='par_1_114' title="bbox 2008 4866 2461 4930">
     <span class='ocr_line' id='line_1_116' title="bbox 2008 4866 2461 4930; baseline 0.002 -11"><span class='ocrx_word' id='word_1_839' title='bbox 2008 4867 2172 4930; x_wconf 78' lang='lat' dir='ltr'><strong>Apol.</strong></span> <span class='ocrx_word' id='word_1_840' title='bbox 2203 4883 2243 4930; x_wconf 92' lang='grc' dir='ltr'><strong>ι,</strong></span> <span class='ocrx_word' id='word_1_841' title='bbox 2277 4885 2330 4919; x_wconf 89' lang='grc' dir='ltr'><strong>ιι.</strong></span> <span class='ocrx_word' id='word_1_842' title='bbox 2371 4866 2461 4920; x_wconf 82' lang='grc'><strong>57.</strong></span> 
     </span>
    </p>
   </div>
   <div class='ocr_carea' id='block_1_115' title="bbox 2060 4886 3595 5011">
    <p class='ocr_par' dir='ltr' id='par_1_115' title="bbox 2060 4886 3595 5011">
     <span class='ocr_line' id='line_1_117' title="bbox 2060 4886 3595 5011; baseline -0.008 -12"><span class='ocrx_word' id='word_1_843' title='bbox 2060 4886 2331 5011; x_wconf 28' lang='lat' dir='ltr'><strong>ﬂagitii:</strong></span> <span class='ocrx_word' id='word_1_844' title='bbox 2370 4886 2555 5006; x_wconf 44' lang='lat'><strong>$81.11;]</strong></span> <span class='ocrx_word' id='word_1_845' title='bbox 2586 4936 2695 5011; x_wconf 69' lang='grc' dir='ltr'><strong>τό.Δ</strong></span> <span class='ocrx_word' id='word_1_846' title='bbox 2731 4934 2811 4990; x_wconf 83' lang='lat' dir='ltr'><strong>Ita</strong></span> <span class='ocrx_word' id='word_1_847' title='bbox 2856 4933 2924 4988; x_wconf 79' lang='grc' dir='ltr'>Β.</span> <span class='ocrx_word' id='word_1_848' title='bbox 2976 4933 3239 5003; x_wconf 90' lang='lat' dir='ltr'><strong>Stephani</strong></span> <span class='ocrx_word' id='word_1_849' title='bbox 3284 4931 3595 5011; x_wconf 83' lang='lat' dir='ltr'><strong>Eusebiana</strong></span> 
     </span>
    </p>
   </div>
   <div class='ocr_carea' id='block_1_116' title="bbox 2008 5005 3597 5074">
    <p class='ocr_par' dir='ltr' id='par_1_116' title="bbox 2008 5005 3597 5074">
     <span class='ocr_line' id='line_1_118' title="bbox 2008 5005 3597 5074; baseline -0.004 -12"><span class='ocrx_word' id='word_1_850' title='bbox 2008 5005 2181 5063; x_wconf 81' lang='lat' dir='ltr'><strong>editio</strong></span> <span class='ocrx_word' id='word_1_851' title='bbox 2230 5019 2286 5063; x_wconf 91' lang='lat' dir='ltr'><strong>et</strong></span> <span class='ocrx_word' id='word_1_852' title='bbox 2333 5018 2442 5061; x_wconf 88' lang='lat' dir='ltr'><strong>tres</strong></span> <span class='ocrx_word' id='word_1_853' title='bbox 2497 5008 2832 5062; x_wconf 87' lang='lat' dir='ltr'><strong>vetustiores</strong></span> <span class='ocrx_word' id='word_1_854' title='bbox 2884 5021 3016 5060; x_wconf 84' lang='lat' dir='ltr'><strong>mss.</strong></span> <span class='ocrx_word' id='word_1_855' title='bbox 3047 5019 3278 5074; x_wconf 88' lang='lat' dir='ltr'><strong>quorum</strong></span> <span class='ocrx_word' id='word_1_856' title='bbox 3328 5005 3435 5057; x_wconf 89' lang='lat' dir='ltr'><strong>duo</strong></span> <span class='ocrx_word' id='word_1_857' title='bbox 3488 5017 3597 5056; x_wconf 89' lang='lat' dir='ltr'><strong>non</strong></span> 
     </span>
    </p>
   </div>
   <div class='ocr_carea' id='block_1_117' title="bbox 2009 5074 3594 5149">
    <p class='ocr_par' dir='ltr' id='par_1_117' title="bbox 2009 5074 3594 5149">
     <span class='ocr_line' id='line_1_119' title="bbox 2009 5074 3594 5149; baseline -0.004 -19"><span class='ocrx_word' id='word_1_858' title='bbox 2009 5089 2311 5149; x_wconf 85' lang='lat' dir='ltr'><strong>agnoscunt</strong></span> <span class='ocrx_word' id='word_1_859' title='bbox 2347 5092 2587 5146; x_wconf 90' lang='lat' dir='ltr'><strong>sequens</strong></span> <span class='ocrx_word' id='word_1_860' title='bbox 2625 5078 2874 5149; x_wconf 79' lang='lat' dir='ltr'><strong>verhuin_</strong></span> <span class='ocrx_word' id='word_1_861' title='bbox 2894 5076 2977 5149; x_wconf 75' lang='grc' dir='ltr'><strong>δν,</strong></span> <span class='ocrx_word' id='word_1_862' title='bbox 3028 5076 3181 5149; x_wconf 86' lang='lat' dir='ltr'><strong>quod</strong></span> <span class='ocrx_word' id='word_1_863' title='bbox 3226 5076 3392 5149; x_wconf 72' lang='lat' dir='ltr'><strong>etiam</strong></span> <span class='ocrx_word' id='word_1_864' title='bbox 3443 5088 3471 5125; x_wconf 92' lang='lat' dir='ltr'><strong>a</strong></span> 
     </span>
    </p>
   </div>
   <div class='ocr_carea' id='block_1_118' title="bbox 2010 5143 3598 5272">
    <p class='ocr_par' dir='ltr' id='par_1_118' title="bbox 2010 5143 3598 5272">
     <span class='ocr_line' id='line_1_120' title="bbox 2010 5143 3598 5272; baseline -0.003 -71"><span class='ocrx_word' id='word_1_865' title='bbox 2010 5143 2287 5272; x_wconf 51' lang='lat' dir='ltr'><strong>sgepliano</strong></span> <span class='ocrx_word' id='word_1_866' title='bbox 2321 5143 2652 5219; x_wconf 74' lang='lat' dir='ltr'><strong>expunctum</strong></span> <span class='ocrx_word' id='word_1_867' title='bbox 2686 5147 2808 5202; x_wconf 80' lang='lat' dir='ltr'><strong>fuit.</strong></span> <span class='ocrx_word' id='word_1_868' title='bbox 2836 5146 2982 5202; x_wconf 86' lang='lat' dir='ltr'><strong>Editi</strong></span> <span class='ocrx_word' id='word_1_869' title='bbox 3010 5143 3184 5201; x_wconf 82' lang='lat' dir='ltr'><strong>nostri</strong></span> <span class='ocrx_word' id='word_1_870' title='bbox 3218 5162 3232 5199; x_wconf 92' lang='lat'><strong>:</strong></span> <span class='ocrx_word' id='word_1_871' title='bbox 3264 5145 3431 5212; x_wconf 78' lang='grc' dir='ltr'>Ὃσγε</span> <span class='ocrx_word' id='word_1_872' title='bbox 3461 5143 3598 5214; x_wconf 77' lang='grc' dir='ltr'>μηδὲ</span> 
     </span>
     <span class='ocr_line' id='line_1_121' title="bbox 2010 5236 2088 5272; baseline -0.026 0"><span class='ocrx_word' id='word_1_873' title='bbox 2010 5236 2040 5272; x_wconf 86' lang='grc' dir='ltr'><strong>τ</strong></span> <span class='ocrx_word' id='word_1_874' title='bbox 2075 5259 2088 5270; x_wconf 93' lang='grc'><strong>.</strong></span> 
     </span>
    </p>
   </div>
   <div class='ocr_carea' id='block_1_119' title="bbox 2009 5236 2088 5272">
    <p class='ocr_par' dir='ltr' id='par_1_119' title="bbox 2009 5236 2088 5272">
     <span class='ocr_line' id='line_1_122' title="bbox 2009 5236 2088 5272; baseline -0.025 0"><span class='ocrx_word' id='word_1_875' title='bbox 2009 5236 2088 5272; x_wconf 86' lang='grc' dir='ltr'><strong>το.</strong></span> 
     </span>
    </p>
   </div>
   <div class='ocr_carea' id='block_1_120' title="bbox 2083 5282 3597 5361">
    <p class='ocr_par' dir='ltr' id='par_1_120' title="bbox 2083 5282 3597 5361">
     <span class='ocr_line' id='line_1_123' title="bbox 2083 5282 3597 5361; baseline -0.006 -17"><span class='ocrx_word' id='word_1_876' title='bbox 2083 5289 2195 5361; x_wconf 73' lang='grc'><strong>(84)</strong></span> <span class='ocrx_word' id='word_1_877' title='bbox 2237 5291 2436 5356; x_wconf 82' lang='grc' dir='ltr'>’Ὅπως</span> <span class='ocrx_word' id='word_1_878' title='bbox 2469 5289 2538 5343; x_wconf 84' lang='grc' dir='ltr'>δὲ</span> <span class='ocrx_word' id='word_1_879' title='bbox 2568 5288 2653 5361; x_wconf 82' lang='grc' dir='ltr'><strong>μή</strong></span> <span class='ocrx_word' id='word_1_880' title='bbox 2683 5306 2773 5355; x_wconf 82' lang='grc' dir='ltr'><strong>τις</strong></span> <span class='ocrx_word' id='word_1_881' title='bbox 2802 5288 2962 5357; x_wconf 76' lang='grc' dir='ltr'>εἴπῃ.</span> <span class='ocrx_word' id='word_1_882' title='bbox 3005 5285 3306 5361; x_wconf 81' lang='lat' dir='ltr'><strong>Dicte_riu_m_</strong></span> <span class='ocrx_word' id='word_1_883' title='bbox 3339 5282 3597 5361; x_wconf 79' lang='lat' dir='ltr'><strong>illud,cui</strong></span> 
     </span>
    </p>
   </div>
   <div class='ocr_carea' id='block_1_121' title="bbox 2009 5356 3596 5428">
    <p class='ocr_par' dir='ltr' id='par_1_121' title="bbox 2009 5356 3596 5428">
     <span class='ocr_line' id='line_1_124' title="bbox 2009 5356 3596 5428; baseline -0.007 -12"><span class='ocrx_word' id='word_1_884' title='bbox 2009 5356 2255 5417; x_wconf 81' lang='lat' dir='ltr'><strong>occurrit</strong></span> <span class='ocrx_word' id='word_1_885' title='bbox 2286 5356 2722 5428; x_wconf 44' lang='lat' dir='ltr'><strong>Justinusfsaspe</strong></span> <span class='ocrx_word' id='word_1_886' title='bbox 2748 5363 2800 5413; x_wconf 93' lang='lat' dir='ltr'><strong>iu</strong></span> <span class='ocrx_word' id='word_1_887' title='bbox 2835 5356 2937 5413; x_wconf 89' lang='lat' dir='ltr'><strong>ore</strong></span> <span class='ocrx_word' id='word_1_888' title='bbox 2959 5366 3079 5412; x_wconf 92' lang='lat' dir='ltr'><strong>erat</strong></span> <span class='ocrx_word' id='word_1_889' title='bbox 3105 5356 3461 5428; x_wconf 31' lang='lat' dir='ltr'><strong>ethnicis};</strong></span> <span class='ocrx_word' id='word_1_890' title='bbox 3496 5357 3596 5406; x_wconf 73' lang='lat' dir='ltr'><strong>Ar-</strong></span> 
     </span>
    </p>
   </div>
   <div class='ocr_carea' id='block_1_122' title="bbox 2011 5424 3595 5501">
    <p class='ocr_par' dir='ltr' id='par_1_122' title="bbox 2011 5424 3595 5501">
     <span class='ocr_line' id='line_1_125' title="bbox 2011 5424 3595 5501; baseline -0.005 -14"><span class='ocrx_word' id='word_1_891' title='bbox 2011 5433 2127 5487; x_wconf 88' lang='lat' dir='ltr'><strong>rius</strong></span> <span class='ocrx_word' id='word_1_892' title='bbox 2166 5433 2495 5497; x_wconf 85' lang='lat' dir='ltr'><strong>Antoninus,</strong></span> <span class='ocrx_word' id='word_1_893' title='bbox 2537 5424 2712 5501; x_wconf 80' lang='lat' dir='ltr'><strong>inquit</strong></span> <span class='ocrx_word' id='word_1_894' title='bbox 2740 5428 3114 5501; x_wconf 75' lang='lat' dir='ltr'><strong>Tertullianqs</strong></span> <span class='ocrx_word' id='word_1_895' title='bbox 3154 5427 3249 5479; x_wconf 79' lang='grc' dir='ltr'>ιιι).</span> <span class='ocrx_word' id='word_1_896' title='bbox 3286 5425 3366 5477; x_wconf 83' lang='lat' dir='ltr'><strong>Ad</strong></span> <span class='ocrx_word' id='word_1_897' title='bbox 3404 5424 3595 5492; x_wconf 75' lang='lat' dir='ltr'><strong>Scap..</strong></span> 
     </span>
    </p>
   </div>
   <div class='ocr_carea' id='block_1_123' title="bbox 2010 5498 3596 5571">
    <p class='ocr_par' dir='ltr' id='par_1_123' title="bbox 2010 5498 3596 5571">
     <span class='ocr_line' id='line_1_126' title="bbox 2010 5498 3596 5571; baseline -0.008 -12"><span class='ocrx_word' id='word_1_898' title='bbox 2010 5521 2062 5559; x_wconf 91' lang='lat' dir='ltr'><strong>c.</strong></span> <span class='ocrx_word' id='word_1_899' title='bbox 2089 5504 2142 5568; x_wconf 85' lang='grc'>4,</span> <span class='ocrx_word' id='word_1_900' title='bbox 2190 5502 2244 5555; x_wconf 90' lang='lat' dir='ltr'><strong>in</strong></span> <span class='ocrx_word' id='word_1_901' title='bbox 2277 5505 2405 5556; x_wconf 84' lang='lat' dir='ltr'><strong>Asia</strong></span> <span class='ocrx_word' id='word_1_902' title='bbox 2444 5519 2567 5557; x_wconf 89' lang='lat' dir='ltr'><strong>cum</strong></span> <span class='ocrx_word' id='word_1_903' title='bbox 2605 5498 3032 5571; x_wconf 85' lang='lat' dir='ltr'><strong>persequeretur</strong></span> <span class='ocrx_word' id='word_1_904' title='bbox 3072 5498 3369 5571; x_wconf 77' lang='lat' dir='ltr'><strong>instanter,</strong></span> <span class='ocrx_word' id='word_1_905' title='bbox 3404 5508 3596 5547; x_wconf 84' lang='lat' dir='ltr'><strong>omnes</strong></span> 
     </span>
    </p>
   </div>
   <div class='ocr_carea' id='block_1_124' title="bbox 2012 5566 3598 5644">
    <p class='ocr_par' dir='ltr' id='par_1_124' title="bbox 2012 5566 3598 5644">
     <span class='ocr_line' id='line_1_127' title="bbox 2012 5566 3598 5644; baseline -0.009 -16"><span class='ocrx_word' id='word_1_906' title='bbox 2012 5566 2158 5628; x_wconf 88' lang='lat' dir='ltr'><strong>illius</strong></span> <span class='ocrx_word' id='word_1_907' title='bbox 2176 5574 2415 5628; x_wconf 90' lang='lat' dir='ltr'><strong>civitatis</strong></span> <span class='ocrx_word' id='word_1_908' title='bbox 2431 5566 2729 5626; x_wconf 77' lang='lat' dir='ltr'><strong>Christiani</strong></span> <span class='ocrx_word' id='word_1_909' title='bbox 2763 5566 3217 5644; x_wconf 48' lang='lat' dir='ltr'><strong>a_nte__tribunalia</strong></span> <span class='ocrx_word' id='word_1_910' title='bbox 3248 5566 3366 5644; x_wconf 77' lang='lat' dir='ltr'><strong>ejus</strong></span> <span class='ocrx_word' id='word_1_911' title='bbox 3398 5579 3455 5644; x_wconf 79' lang='lat' dir='ltr'><strong>se</strong></span> <span class='ocrx_word' id='word_1_912' title='bbox 3486 5579 3598 5644; x_wconf 83' lang='lat' dir='ltr'><strong>ina-</strong></span> 
     </span>
    </p>
   </div>
   <div class='ocr_carea' id='block_1_125' title="bbox 2012 5637 3594 5708">
    <p class='ocr_par' dir='ltr' id='par_1_125' title="bbox 2012 5637 3594 5708">
     <span class='ocr_line' id='line_1_128' title="bbox 2012 5637 3594 5708; baseline -0.008 -10"><span class='ocrx_word' id='word_1_913' title='bbox 2012 5644 2085 5698; x_wconf 80' lang='lat' dir='ltr'><strong>nu</strong></span> <span class='ocrx_word' id='word_1_914' title='bbox 2122 5645 2265 5698; x_wconf 80' lang='lat' dir='ltr'><strong>facta</strong></span> <span class='ocrx_word' id='word_1_915' title='bbox 2310 5644 2628 5698; x_wconf 88' lang='lat' dir='ltr'><strong>obtulerunt</strong></span> <span class='ocrx_word' id='word_1_916' title='bbox 2658 5660 2671 5695; x_wconf 89' lang='lat'><strong>:</strong></span> <span class='ocrx_word' id='word_1_917' title='bbox 2703 5655 2826 5696; x_wconf 87' lang='lat' dir='ltr'><strong>cum</strong></span> <span class='ocrx_word' id='word_1_918' title='bbox 2877 5637 2983 5699; x_wconf 91' lang='lat' dir='ltr'><strong>ille,</strong></span> <span class='ocrx_word' id='word_1_919' title='bbox 3023 5637 3368 5708; x_wconf 83' lang='lat' dir='ltr'><strong>paucisduci</strong></span> <span class='ocrx_word' id='word_1_920' title='bbox 3404 5637 3594 5703; x_wconf 85' lang='lat' dir='ltr'><strong>jussis,</strong></span> 
     </span>
    </p>
   </div>
   <div class='ocr_carea' id='block_1_126' title="bbox 2012 5707 3595 5784">
    <p class='ocr_par' dir='ltr' id='par_1_126' title="bbox 2012 5707 3595 5784">
     <span class='ocr_line' id='line_1_129' title="bbox 2012 5707 3595 5784; baseline -0.008 -16"><span class='ocrx_word' id='word_1_921' title='bbox 2012 5714 2242 5784; x_wconf 88' lang='lat' dir='ltr'><strong>reliquis</strong></span> <span class='ocrx_word' id='word_1_922' title='bbox 2270 5714 2345 5784; x_wconf 82' lang='lat' dir='ltr'><strong>ait</strong></span> <span class='ocrx_word' id='word_1_923' title='bbox 2372 5709 2481 5767; x_wconf 73' lang='lat'><strong>2&#39;0</strong></span> <span class='ocrx_word' id='word_1_924' title='bbox 2520 5711 2705 5784; x_wconf 77' lang='grc' dir='ltr'>δειλοὶ,</span> <span class='ocrx_word' id='word_1_925' title='bbox 2734 5712 2783 5764; x_wconf 75' lang='grc' dir='ltr'>εἰ</span> <span class='ocrx_word' id='word_1_926' title='bbox 2824 5708 3005 5766; x_wconf 79' lang='grc' dir='ltr'>θέλετε</span> <span class='ocrx_word' id='word_1_927' title='bbox 3024 5707 3420 5779; x_wconf 63' lang='grc' dir='ltr'>ἀποθνήσκειν,</span> <span class='ocrx_word' id='word_1_928' title='bbox 3456 5719 3595 5776; x_wconf 73' lang='grc' dir='ltr'>κρη-</span> 
     </span>
    </p>
   </div>
   <div class='ocr_carea' id='block_1_127' title="bbox 2016 5782 2738 5856">
    <p class='ocr_par' dir='ltr' id='par_1_127' title="bbox 2016 5782 2738 5856">
     <span class='ocr_line' id='line_1_130' title="bbox 2016 5782 2738 5856; baseline -0.006 -18"><span class='ocrx_word' id='word_1_929' title='bbox 2016 5782 2235 5856; x_wconf 65' lang='grc' dir='ltr'>μνοῧςῆ</span> <span class='ocrx_word' id='word_1_930' title='bbox 2263 5782 2491 5856; x_wconf 83' lang='grc' dir='ltr'>βρόχους</span> <span class='ocrx_word' id='word_1_931' title='bbox 2514 5782 2685 5854; x_wconf 78' lang='grc' dir='ltr'>ἔχετε.</span> <span class='ocrx_word' id='word_1_932' title='bbox 2718 5801 2738 5834; x_wconf 71' lang='grc' dir='ltr'><strong>ι</strong></span> 
     </span>
    </p>
   </div>
  </div>
