4006 6254
430 383 533 442 ισι

1422 377 1481 438 S.
1519 377 1785 436 JUSTINI
1824 372 2236 436 PHILOSOPHI
2266 372 2356 429 ET
2390 370 2753 429 MABTYRIS

3633 378 3754 433 ‘52

431 499 654 570 negotia
677 494 968 565 facessite;
989 514 1010 548 ι
1032 494 1211 551 dicam
1233 490 1366 563 quid
1390 506 1574 548 causae
1598 493 1693 559 sit,
1716 492 1893 559 curid
1916 505 2024 546 non

2147 486 2434 560 πράγματα
2466 485 2541 557 μὴ
2570 484 2842 556 παρέχετε
2864 502 2878 515 ⁸
2905 484 3019 557 ἐρῶ
3056 484 3124 539 δι’
3153 484 3220 557 ἢν
3263 484 3443 540 αἰτίαν
3479 488 3641 543 τοῦτο
3676 490 3752 542 οὐ

432 591 728 655 faciamus,
758 600 817 646 et
854 603 956 645 cur
982 584 1307 655 interrogati
1339 584 1615 654 impavide
1638 584 2022 641 confiteamur.

433 683 560 741 Non
596 686 805 741 frustra
847 680 1112 737 mundum
1146 694 1176 733 a
1210 679 1319 731 Deo
1344 676 1623 730 conditum
1669 689 1793 730 esse
1829 672 2027 728 didici-

2129 579 2466 650 πράττομεν,
2510 578 2604 630 καὶ
2645 578 2713 631 δι’
2743 578 2810 648 ἥν
2859 577 3239 647 ἐξεταζόμενοι
3284 578 3503 646 ἀφόϐως
3546 580 3755 651 ὁμολο-

2127 670 2357 742 γοῦμεν.
2394 671 2507 724 Οὐκ
2546 670 2673 739 εἰκῆ
2719 670 2810 724 τὸν
2858 671 3062 741 κόσμον
3092 670 3454 741 πεποιηκέναι
3479 670 3571 723 τὸν
3601 670 3751 725 Θεὸν

435 794 584 846 mus,
614 778 708 834 sed
753 785 980 848 propter
1016 774 1321 830 humanum
1351 786 1554 843 genus;
1600 769 1818 839 placere
1846 775 2027 821 autem

2147 761 2509 833 ἰεδιδάγμεθα,
2536 760 2653 815 ἀλλ’
2675 761 2708 833 ἢ
2734 761 2822 816 διά
2848 761 2909 815 τὸ
2936 759 3275 834 ἀνθρώπειον
3304 763 3459 831 γένος
3482 781 3496 792 ·
3522 765 3752 836 χαίρειν

440 873 520 930 illi
562 871 676 939 jam
727 869 969 925 diximus
1035 882 1156 934 eos,
1194 866 1288 936 qui
1330 865 1481 919 illum
1510 862 1815 923 imitantur,
1837 866 2031 914 contra

440 964 740 1035 displicere
769 961 862 1030 qui
905 959 1184 1015 deteriora
1232 956 1320 1012 vel
1374 957 1522 1010 dicto
1570 953 1658 1007 vel
1714 951 1864 1007 facto
1915 964 2033 1003 am-

440 1057 779 1129 plectuntur.
803 1054 974 1125 Igitur
1004 1052 1050 1107 si
1078 1064 1272 1105 omnes
1300 1048 1459 1104 nobis
1490 1047 1591 1116 ipsi
1617 1058 1810 1099 manus
1842 1043 2036 1095 allera-

441 1165 586 1213 mus,
618 1147 911 1218 quominus
934 1144 1229 1214 quisquam
1261 1142 1542 1211 gignatur,
1584 1146 1678 1192 aut
1722 1136 1907 1191 divina
1936 1136 2034 1189 do-

440 1239 619 1294 ctrina
652 1235 955 1300 imbuatur,
990 1234 1272 1287 autetiam
1303 1230 1601 1300 quominus
1624 1236 1806 1282 exstet
1836 1227 2035 1280 huma-

2131 871 2193 907 τε
2240 858 2355 918 τοῖς
2403 854 2473 908 τὰ
2526 854 2800 926 προσόντα
2849 853 2999 925 αὐτῷ
3065 854 3426 925 μιμουμένοις
3491 857 3753 927 προέφη-

2136 962 2234 1017 μεν
2265 945 2399 1016 (85),
2424 943 2837 1017 ἀπαρέσκεσθαι
2868 944 2925 998 δὲ
2960 946 3073 1008 τοῖς
3109 944 3181 999 τὰ
3213 945 3394 1015 φαῦλα
3416 947 3754 1019 ἀσπαζομέ-

2133 1055 2266 1104 νοις,
2298 1038 2331 1109 ἢ
2372 1038 2536 1109 λόγῳ,
2566 1039 2601 1110 ἢ
2640 1038 2808 1111 ἔργῳ.
2834 1037 2898 1089 El
2929 1033 3023 1091 οὖν
3053 1037 3254 1104 πάντες
3292 1039 3519 1105 ἑαυτοὺς
3546 1041 3754 1111 φονεύ-

2137 1147 2323 1201 σομεν,
2345 1130 2439 1184 τοῦ
2462 1129 2557 1183 καὶ
2592 1129 2921 1200 γεννηθῆναί
2945 1128 3058 1200 (86)
3095 1147 3238 1196 τινα,
3269 1132 3365 1187 xui.
3390 1134 3753 1206 μαθητευθῆ-

2137 1238 2224 1275 ναι
2254 1221 2335 1285 είς
2360 1221 2427 1275 τά
2452 1220 2571 1273 θεῖα
2594 1212 2924 1291 διδάγματα,
2965 1220 2999 1291 ἦ
3032 1222 3127 1274 καὶ
3160 1223 3236 1294 μὴ
3266 1223 3406 1277 εἶναι
3438 1225 3498 1279 τὸ
3522 1226 3753 1299 ἀνθρώ-

438 1347 573 1385 num
607 1344 802 1400 genus,
827 1328 881 1382 in
904 1342 1092 1389 causa,
1116 1335 1383 1394 quantum
1415 1324 1470 1377 in
1501 1323 1657 1377 nobis
1679 1329 1785 1385 est,
1807 1320 2036 1383 erimus,

2147 1329 2290 1367 πειον
2325 1313 2503 1382 γένος,
2540 1315 2664 1368 ὅσον
2696 1317 2781 1385 ἐφ’
2806 1317 2958 1387 ἡμῖν,
2998 1316 3164 1372 αἴτιοι
3204 1321 3461 1393 ἐσόμεθα,
3492 1324 3753 1378 ἐναντίον

443 1423 545 1492 ipsi
572 1436 790 1490 quoque
829 1429 1021 1474 contra
1052 1417 1144 1471 Dei
1174 1416 1469 1471 consilium
1511 1416 1819 1480 venientes,
1869 1412 1913 1467 si
1964 1412 2039 1465 ita

2147 1406 2207 1476 τῇ
2256 1403 2350 1457 τοῦ
2394 1404 2530 1459 Θεοῦ
2582 1406 2743 1478 βουλῇ
2793 1407 2887 1460 xui.
2912 1408 3068 1461 αὐτοὶ
3102 1410 3405 1477 ποιοῦντες,
3436 1415 3532 1469 ἐάν
3573 1415 3753 1469 τοῦτο

441 1512 734 1567 faciamus.
751 1510 1081 1580 Interrogati
1105 1515 1289 1561 autem
1319 1524 1426 1562 non
1449 1520 1739 1576 negamus,
1762 1514 1874 1557 tum
1898 1501 2039 1570 quod

2147 1497 2463 1569 πράξωμεν.
2502 1499 2906 1569 Ἐξεταζόμενοι
2938 1500 2997 1554 δὲ
3030 1501 3132 1555 οὐκ
3168 1502 3500 1575 ἀρνούμεθα,
3542 1506 3645 1560 διάΔ
3679 1509 3749 1562 τὸ

442 1605 647 1661 nullius
682 1604 811 1658 mali
842 1604 999 1657 nobis
1029 1602 1231 1657 conscii
1262 1601 1455 1663 simus,
1484 1610 1598 1651 tum
1626 1597 1771 1667 quod
1806 1595 2037 1665 impium

2147 1590 2568 1645 συνεπίστασθαι
2595 1594 2811 1658 ἑαυτοῖς
2841 1594 3008 1665 μηδὲν
3036 1595 3259 1663 φαῦλον,
3280 1597 3472 1663 ἀσεϐὲς
3492 1599 3550 1653 δὲ
3572 1602 3749 1671 ἠγούι-

440 1698 827 1755 existimemus
857 1695 1147 1749 veritatem
1176 1695 1228 1747 in
1266 1692 1524 1748 omnibus
1551 1704 1657 1745 non
1685 1689 1891 1751 dicere,
1918 1701 2039 1741 cum

2148 1698 2301 1752 μενοι
2326 1683 2400 1754 μὴ
2422 1684 2564 1737 κατά
2604 1683 2781 1737 πάντα
2806 1684 3111 1755 ἀληθεύειν,
3137 1686 3167 1739 ὃ
3195 1686 3289 1740 xui.
3322 1687 3474 1757 φίλον
3513 1692 3595 1762 τῷ
3616 1691 3750 1763 Θεῷ

445 1792 500 1846 id
554 1791 665 1845 Deo
714 1799 927 1859 gratum
960 1802 1085 1842 esse
1118 1788 1399 1852 sciamus;
1440 1794 1552 1839 tum
1574 1784 1742 1839 etiam
1771 1782 1918 1851 quod
1946 1795 2039 1835 vos

2147 1774 2491 1847 γινώσκομεν
2510 1793 2523 1805 ·
2555 1776 2700 1844 ὑμᾶς
2716 1776 2773 1829 δὲ
2789 1776 2884 1830 καὶ
2902 1777 3001 1849 τῆς
3020 1776 3207 1831 ἀδίκου
3225 1780 3547 1851 προλήψεως
3561 1783 3748 1837 ἀπαλ-

442 1882 703 1953 opinione
726 1880 911 1947 inique
935 1877 1236 1947 anticipata
1260 1892 1405 1931 nunc
1430 1876 1665 1930 liberare
1691 1873 2033 1929 Studeamus.

2147 1869 2303 1935 λάξαι
2323 1868 2419 1922 νῦν
2448 1868 2792 1934 σπεύδοντες.

516 1973 572 2027 5.
617 1973 675 2027 Si
708 1986 872 2040 quem
906 1978 1087 2024 autem
1123 1969 1239 2023 haec
1263 1967 1527 2035 cogitatio
1555 1967 1777 2030 subeat,
1812 1964 2040 2018 minime

441 2074 795 2125 eventurum,
825 2062 870 2117 si
898 2063 1064 2116 Deum
1092 2059 1399 2129 adiutorem
1427 2059 1910 2129 proﬁteremur,ut
1943 2054 2040 2109 ini-

441 2157 560 2225 qui,
614 2156 1076 2226 quemadmodum
1135 2156 1392 2222 dicimus,
1447 2152 1731 2207 dominatu
1787 2163 1888 2205 suo
1939 2161 2040 2202 nos

440 2256 759 2318 premerent
788 2263 853 2302 ac
881 2245 1166 2316 suppliciis
1196 2246 1508 2311 adicerent;
1542 2243 1650 2314 92
1685 2242 1737 2296 id
1768 2256 1987 2312 quoque
2007 2251 2039 2292 a

442 2353 534 2392 me
560 2338 918 2393 dissolvetur.
950 2341 1090 2393 Deus
1119 2338 1210 2407 qui
1246 2338 1507 2392 mundqu
1530 2336 1844 2389 universum
1881 2346 2038 2387 crea-

441 2430 544 2494 vit,
573 2444 697 2483 cum
728 2440 947 2485 terrena
977 2430 1293 2485 hominibus
1330 2428 1677 2499 subiecisset,
1703 2441 1767 2480 ac
1794 2424 2039 2481 coalestia

440 2520 735 2585 elementa,
767 2536 890 2588 qua:
928 2529 985 2576 et
1030 2521 1147 2591 ipsa
1195 2520 1437 2575 hominis
1465 2533 1632 2574 causa
1660 2518 1729 2573 ab
1752 2532 1819 2572 eo
1852 2526 2040 2572 creata

440 2628 563 2668 esse
598 2613 791 2683 liquet,
830 2614 897 2669 ad
954 2615 1171 2684 frugum
1223 2622 1577 2683 proventum,
1624 2620 1679 2667 et
1735 2618 2040 2681 temporum

440 2707 836 2764 conversiones
864 2707 1214 2772 adornasset,
1238 2715 1405 2774 atque
1427 2706 1572 2760 hanc
1592 2705 1835 2760 divinam
1866 2706 2040 2776 legem

440 2798 745 2862 sanxisset,
781 2797 1070 2851 hominum
1102 2812 1167 2852 ac
1194 2812 1379 2851 rerum
1416 2796 1516 2850 sub
1562 2795 1705 2851 ctelo
1737 2797 2040 2865 positarum

440 2904 628 2945 curam
659 2888 884 2959 angelis,
914 2904 1055 2959 quos
1091 2889 1220 2943 huic
1246 2888 1491 2959 praefecit
1521 2888 1759 2953 muneri,
1810 2890 2041 2944 commi-

441 2982 537 3039 sit.
565 2982 763 3052 Angeli
791 2990 973 3037 autem
1011 2982 1263 3037 ordinem
1302 2982 1612 3037 institutum
1646 2984 2041 3065 pratergressi,

443 3074 498 3129 in
527 3082 715 3143 stupra
748 3074 1212 3129 cumnmulieribus
1241 3074 1477 3145 prolapsi
1514 3084 1731 3130 sunt-ac
1758 3074 1901 3130 ﬁlios
1925 3090 2044 3131 sns-

443 3176 715 3236 ceperunt
768 3182 888 3231 eos,
921 3167 1015 3237 qui
1048 3168 1324 3223 daemones
1354 3168 1651 3238 appellati;
1681 3176 1847 3239 atque
1874 3167 2041 3222 etiam

442 3264 633 3325 postea
675 3270 847 3325 genus
888 3256 1186 3312 humanum
1222 3257 1328 3313 sibi
1359 3258 1414 3312 in
1447 3257 1770 3312 servitutem
1815 3257 2045 3311 addixe-

443 3356 597 3415 runt,
636 3349 836 3418 partim
869 3350 1093 3421 scriptis
1122 3350 1377 3423 magicis,
1408 3350 1608 3420 partim
1655 3352 1964 3407 terroribus
1992 3360 2047 3407 et

442 3441 732 3511 suppliciis
763 3442 1094 3511 inferendis,
1133 3444 1335 3516 partim
1374 3445 1687 3511 sacriﬁciis,
1720 3444 2046 3501 suliimentis

443 3539 505 3585 et
556 3532 915 3589 libaminibus
960 3534 1290 3601 edocendis;
1324 3535 1524 3604 quibus
1556 3537 1719 3590 rebus
1747 3551 1910 3604 egere
1934 3550 2045 3590 cae-

444 3635 745 3694 perunt,ex
767 3642 876 3695 quo
893 3628 1260 3698 cupiditatum
1289 3629 1501 3684 morbis
1529 3629 1861 3699 emancipati
1892 3637 2043 3703 sunt;

444 3716 687 3783 denique
727 3716 781 3771 in
833 3717 1131 3776 humanum
1181 3732 1355 3788 genus
1399 3718 1598 3781 cades,
1635 3717 1795 3783 bella,
1830 3718 2043 3772 adulte-

446 3806 553 3875 ria,
581 3806 787 3877 ﬂagitia
815 3818 978 3878 atque
1006 3824 1169 3865 omne
1208 3811 1469 3866 vitiorum
1506 3826 1681 3881 genus
1706 3812 2046 3882 prosemina-

446 3908 602 3953 runt.
636 3898 775 3954 Hinc
811 3908 985 3970 poetae
1020 3908 1076 3956 et
1099 3900 1406 3957 fabularum
1432 3903 1756 3973 scriptores,
1790 3916 1910 3956 cum
1949 3917 2045 3955 an-

447 3987 599 4059 gelos
626 3990 945 4059 ignorarent
974 3993 1403 4063 progenitosqne
1440 4008 1509 4049 ex
1542 3993 1651 4048 illis
1676 3993 1950 4048 daemones
1978 4007 2041 4045 ea

450 4082 505 4135 in
538 4082 811 4138 masculos
837 4092 897 4138 et
923 4083 1184 4149 feminas,
1218 4086 1271 4138 in
1302 4086 1463 4140 urbes
1488 4094 1543 4139 et
1571 4085 1825 4141 nationes
1852 4099 2044 4154 perpu-

450 4181 649 4242 trasse,
695 4189 818 4245 quae
846 4174 1047 4233 litteris
1074 4178 1439 4245 mandabant;
1472 4178 1524 4232 in
1556 4178 1732 4249 ipsum
1768 4178 1959 4244 Deum,
1981 4193 2045 4233 ac

551 4420 641 4489 85)
683 4422 837 4489 Apol.
876 4437 915 4485 I,
953 4423 1127 4489 n,10.

547 4492 637 4563 86)
682 4492 791 4546 Τοῦ
822 4493 1694 4570 καὶ-γεφςνηθῆναι.υιεςοηιιιιιη
1746 4496 1820 4568 μὴ
1852 4515 2041 4570 γεννη-

453 4561 627 4637 θῆναι
647 4578 907 4637 monuere
937 4561 1228 4637 Perionius
1255 4576 1307 4619 et
1342 4561 1693 4637 Syib'urgius.

526 4632 637 4708 (87)
678 4635 748 4686 El
770 4632 838 4687 δέ
864 4634 1297 4708 τιναᾼύπέλθοι.
1340 4632 1399 4691 Id
1432 4632 1626 4693 solitos
1648 4651 1769 4693 esse
1796 4638 2039 4708 obiicere

452 4702 705 4758 ethuiCos
732 4714 963 4758 testatur
985 4705 1239 4760 Clemens
1266 4708 1700 4770 Alexandrinus,
1727 4708 1819 4774 qui
1841 4702 2036 4765 eurum

452 4774 601 4851 dicta
646 4774 726 4851 sic
757 4774 926 4851 refert
951 4774 1146 4829 Strom.
1178 4792 1254 4851 tv,
1274 4793 1335 4851 p7,;
1359 4778 1465 4833 505
1492 4796 1506 4833 :
1534 4780 1633 4834 Διά
1662 4779 1715 4831 τί
1736 4778 1877 4851 δέού
1904 4780 2036 4851 βοη-

454 4843 632 4897 θεῖσθε
669 4843 1017 4915 διωκόμενοι;
1056 4847 1208 4915 φασί.
1248 4843 1412 4903 (ϐυτ
1443 4860 1623 4902 autem
1654 4843 1915 4903 auxiliuui
1946 4843 2042 4903 vo-

453 4915 668 4996 bistnon
700 4914 892 4978 fertur,
930 4932 1055 4971 cum
1072 4914 1393 4987 persecutio
1422 4920 1476 4973 in
1509 4936 1603 4975 vos
1642 4921 1928 4975 movetur?
1958 4922 2040 4976 in—

454 4994 677 5053 quiunt.
702 5002 721 5035 ι

526 5053 636 5125 (88)
665 5056 1062 5132 ἕετᾳὸξολαῒς.
1102 5056 1414 5128 Legendum
1449 5076 1571 5115 esse
1619 5062 1917 5132 μεταϐολάς
1937 5063 2040 5118 ob-

453 5124 967 5199 servat'i‘hirlbius,
992 5140 1047 5181 et
1073 5124 1313 5199 στοιχεῖα
1336 5146 1458 5185 esse
1487 5124 1655 5185 solent
1692 5144 1747 5187 et
1774 5124 1958 5187 lunam
1984 5141 2039 5186 et

454 5195 800 5273 utiansidegtt
824 5200 1165 5273 demonstrat
1192 5195 1260 5253 Ex
1283 5198 1495 5273 ,ΙιιςξιὶιιίΔ
1528 5202 1749 5273 Dialogo
1773 5220 1866 5258 nn.
1894 5204 1966 5257 25
1986 5212 2042 5257 et

452 5264 541 5343 ss.
574 5263 709 5343 vide
740 5262 1229 5343 'ltheopllililibttt,
1275 5286 1329 5343 η.
1354 5270 1409 5324 ι.
1456 5271 1621 5327 Valde
1661 5262 1795 5328 uina
1834 5275 2041 5327 arridet

454 5336 850 5415 ciusdemuv'trt
884 5340 1085 5415 eruditi
1117 5339 1223 5393 alia
1262 5342 1591 5415 observatio,
1624 5345 1715 5415 qui
1747 5344 2037 5413 legendum

454 5415 657 5481 putat:
688 5406 801 5481 [ἰαὶ
827 5405 969 5481 θεῖον
997 5408 1209 5481 τούτοις
1231 5411 1394 5481 νόμον
1424 5405 1609 5479 τάξας.
1641 5405 1659 5415 ’
1799 5405 1825 5413 ”

524 5474 636 5550 (89)
676 5477 991 5550 Γυναικῶν
1033 5474 1309 5550 μίξεσιν]
1385 5474 1584 5537 Eadeni
1654 5484 1923 5539 habemus
1984 5485 2037 5539 in

452 5546 611 5606 Apol.
641 5562 682 5608 ι,
725 5562 781 5600 n.
808 5548 863 5602 5.
910 5546 1047 5605 Haec
1083 5552 1148 5604 de
1194 5552 1403 5610 aligelis
1447 5558 1721 5610 sententia
1752 5570 1781 5608 a
1813 5555 2039 5610 Philone

452 5614 639 5670 Judaao
664 5617 758 5671 lib.
792 5617 867 5672 De
899 5621 1185 5694 gigantaet
1210 5642 1240 5675 a
1262 5614 1502 5691 Ioseplio
1535 5642 1551 5679 ι
1589 5627 1767 5694 Antiq.
1803 5626 1871 5679 ad
1900 5627 2039 5681 scri-

454 5698 646 5768 ptores
672 5698 892 5768 nostros
910 5692 1179 5768 pervenit,
1213 5708 1447 5768 quorum
1480 5692 1734 5768 pluribus
1765 5712 1832 5751 eo
1864 5698 2038 5766 magis

455 5760 666 5832 arrisit,
706 5760 853 5827 quod
878 5760 1316 5832 ipsiphilosophi
1340 5760 1749 5821 deos'nidorum
1773 5782 1897 5821 esse
1920 5760 2037 5820 avi-

455 5824 924 5892 dosfatercuturl
959 5824 1091 5887 Vide
1137 5824 1437 5890 Lucianum
1480 5835 1576 5892 lib.
1620 5834 1698 5891 De
1732 5837 2035 5906 sacriﬁciis,

2158 1978 2169 1985 '
2208 1963 2263 2018 5.
2304 1964 2368 2017 El
2402 1964 2461 2017 δέ
2483 1981 2605 2017 τινα
2625 1964 2848 2019 ὑπέλθοι
2868 1966 2982 2039 (87)
3014 1968 3108 2022 xui
3131 1970 3165 2040 ἡ
3192 1968 3367 2023 ἔννοια
3390 1969 3552 2042 αὕτη,
3582 1971 3668 2024 ὅτι
3692 1972 3745 2024 εἰ

2138 2055 2271 2109 Θεὸν
2310 2056 2699 2128 ὡμολογοῦμεν
2740 2056 2959 2129 βοηθὸν,
2988 2060 3091 2113 οὐκ
3115 2060 3204 2127 ἂν,
3244 2061 3321 2125 ὡς
3350 2061 3606 2133 λέγομεν,
3634 2064 3748 2116 ὑπὸ

2139 2146 2341 2200 ἀδίκων
2388 2147 2775 2220 ἐκρατούμεθα
2815 2148 2912 2202 xui.
2953 2150 3408 2224 ἐτιμωρούμεθα,
3446 2154 3542 2206 καὶ
3580 2154 3748 2207 τοῦτο

2139 2238 2395 2292 διαλύσω.
2414 2239 2473 2294 '0
2511 2239 2647 2305 Θεὸς
2681 2240 2774 2294 τὸν
2812 2240 2994 2295 πάντα
3017 2242 3223 2313 κόσμον
3264 2244 3519 2314 ποιήσας,
3555 2244 3651 2298 καὶ
3677 2245 3751 2299 τὰ

2142 2332 2364 2401 ἐπίγεια
2383 2331 2695 2405 ἀνθρώποις
2716 2332 3009 2398 ὑποτάξας,
3033 2334 3128 2387 καὶ
3153 2334 3223 2388 τά
3239 2334 3467 2406 οὐράνια
3496 2338 3751 2406 στοιχεῖα

2141 2427 2223 2488 είς
2247 2424 2475 2496 αὔξησιν
2498 2426 2751 2497 καρπῶν,
2788 2426 2885 2480 καὶ
2934 2426 3094 2497 ὡρῶν
3145 2426 3469 2497 μεταϐολαῖς
3498 2426 3611 2498 (88)
3645 2445 3748 2482 xo-

2144 2518 2381 2588 σμήσας,
2412 2518 2508 2571 καὶ
2530 2518 2673 2573 θεῖον
2696 2518 2885 2573 τοῦτον
2917 2519 3081 2590 νόμον
3104 2519 3293 2584 τάξας,
3322 2517 3358 2573 ἃ
3380 2520 3474 2573 καὶ
3495 2519 3640 2573 αύτά
3676 2519 3751 2573 δι’

2142 2608 2471 2681 ἀνθρώπους
2500 2610 2751 2680 φαίνεται
2772 2612 3116 2683 πεποιηκὼς,
3141 2612 3239 2684 τὴν
3263 2612 3364 2685 μὲν
3395 2611 3504 2665 τῶν
3523 2610 3749 2683 ἀνθρώ-

2143 2719 2262 2756 πων
2293 2703 2388 2756 xui
2416 2702 2527 2756 τῶν
2551 2704 2657 2757 ὑπὸ
2682 2703 2774 2758 τὸν
2802 2704 3030 2777 οὐρανὸν
3050 2704 3308 2777 πρόνοιαν
3342 2704 3619 2773 ἀγγέλοις,
3648 2704 3750 2768 οὓς

2143 2793 2238 2845 ἐπὶ
2278 2792 2490 2857 τούτοις
2526 2792 2703 2861 ἔταξε,
2734 2795 3068 2866 παρέδωκεν.
3091 2796 3156 2849 Οἱ
3196 2796 3240 2848 δ’
3274 2794 3515 2863 ἄγγελοι,
3562 2812 3752 2867 παρα-

2145 2884 2338 2947 ϐάντες
2366 2883 2523 2955 τήνδε
2545 2885 2645 2957 τὴν
2682 2885 2857 2952 τάξιν,
2880 2884 3157 2955 γυναικῶν
3192 2883 3402 2956 μίξεσιν
3429 2885 3538 2957 (89)
3572 2886 3748 2957 ἡττή-

2151 2978 2350 3048 θησαν,
2385 2978 2479 3032 καὶ
2511 2979 2709 3043 παῖδας
2736 2979 3066 3043 ἐτέκνωσαν,
3096 2979 3150 3032 οῖ
3174 2980 3312 3034 εἰσιν
3358 2980 3410 3032 οί
3458 2979 3752 3051 λεγόμενοι

2143 3071 2428 3142 δαίμονεςο
2475 3071 2567 3126 xui.
2611 3072 2839 3144 προσέτι
2879 3072 3064 3126 λοιπὸν
3103 3072 3165 3125 τὸ
3204 3070 3541 3145 ἀνθρώπειον
3585 3072 3752 3141 γένος

2145 3164 2359 3228 ἑαυτοῖς
2390 3163 2691 3219 ἐδούλωσαν
2709 3182 2721 3194 ·
2746 3164 2815 3218 τά
2835 3165 2932 3236 μὲν
2951 3164 3041 3219 διὰ
3070 3164 3322 3236 μαγικῶν
3352 3165 3581 3236 γραφῶν
3603 3166 3747 3237 (90),

2147 3255 2217 3309 τά
2259 3256 2316 3310 δὲ
2360 3255 2449 3311 διά
2481 3257 2664 3327 φόϐων
2697 3260 2793 3311 xui.
2822 3257 3102 3329 τιμωριῶν
3142 3258 3431 3330 ἐπέφερον,
3465 3258 3533 3311 τά
3563 3258 3621 3311 δὲ
3651 3258 3752 3312 διὰ

2145 3348 2364 3421 διδαχῆς
2398 3349 2656 3421 θυμάτων
2688 3352 2783 3403 xui.
2814 3350 3173 3422 θυμιαμάτων
3220 3352 3317 3404 καὶ
3364 3352 3629 3417 σπονδῶν,
3666 3346 3750 3406 ὧν

2147 3442 2346 3507 ἐνδεεῖς
2374 3444 2632 3512 γεγόνασι
2668 3442 2807 3514 μετὰ
2836 3444 2900 3497 τὸ
2932 3443 3162 3498 πάθεσιν
3194 3443 3501 3516 ἐπιθυμιῶν
3540 3445 3752 3499 δουλω-

2147 3533 2345 3605 θῆναισ
2376 3536 2470 3589 xui.
2513 3538 2593 3600 είς
2640 3534 2962 3608 ἀνθρώπους
3015 3536 3231 3606 φόνους,
3281 3538 3573 3608 πολέμους,
3623 3555 3751 3609 μοι-

2145 3629 2319 3699 χείας,
2354 3628 2669 3695 ἀκολασίας,
2704 3628 2799 3682 καὶ
2832 3630 3012 3683 πᾶσαν
3042 3629 3239 3683 κακίαν
3269 3626 3553 3700 έσπειραν.
3579 3629 3749 3685 Ὅθεν

2144 3723 2241 3776 xui.
2264 3722 2488 3794 ποιηταὶ
2509 3721 2603 3775 xui.
2630 3721 2937 3792 μυθολόγοι,
2960 3720 3281 3790 ἀγνοοῦντες
3301 3722 3425 3786 τοὺς
3448 3720 3744 3789 ἀγγέλους,

2146 3814 2241 3867 καὶ
2274 3815 2402 3877 τοὺς
2435 3812 2495 3879 ἐξ
2528 3812 2708 3867 αὐτῶν
2738 3812 3099 3885 γεννηθέντας
3132 3812 3392 3884 δαίμονας
3412 3813 3546 3885 (91),
3568 3814 3747 3867 ταῦτα

2146 3904 2353 3979 πρᾶξαι
2387 3909 2465 3971 εἰς
2498 3906 2735 3979 ἄρρενας
2765 3905 2860 3959 xui.
2894 3905 3135 3977 θηλείας,
3159 3907 3253 3960 καὶ
3274 3905 3456 3969 πόλεις
3476 3906 3570 3959 καὶ
3587 3904 3743 3977 ἔθνη,

2146 4001 2289 4072 ἆπερ
2322 4000 2688 4071 συνέγραψαν,
2724 4002 2804 4063 είς
2848 4000 3010 4055 αὑτὸν
3058 3999 3149 4053 τὸν
3195 3999 3347 4063 Θεὸν,
3384 3999 3631 4061 καὶτοὺς
3662 3999 3745 4063 ὡς

2144 4092 2239 4146 ἀπ’
2273 4091 2439 4145 αὐτοῦ
2474 4094 2652 4164 σπορᾷ
2683 4091 3223 4163 γενομένουςςυίοὺς,
3256 4091 3350 4144 xui.
3381 4091 3489 4144 τῶν
3521 4090 3745 4161 λεχθέν-

2144 4201 2250 4238 των
2285 4185 2396 4255 (92)
2445 4185 2654 4237 ἐκείνου
2703 4183 2969 4255 ἀδελφῶν,
3005 4183 3100 4238 xui.
3143 4184 3349 4237 τέκνων
3391 4182 3595 4254 ὁμοίως
3626 4182 3745 4235 τῶν

2142 4427 2496 4503 Plutarchum
2530 4429 2637 4503 lib.,
2664 4429 2737 4503 De
2762 4429 2927 4496 Iside,
2952 4447 3060 4503 non
3092 4431 3352 4503 longeab
3382 4432 3558 4503 initio,
3596 4430 3738 4485 Por-

2145 4502 2399 4572 phyrium
2432 4501 2509 4572 De
2536 4502 2733 4558 abstin.
2756 4502 2981 4560 animal.
3016 4520 3071 4558 n.
3106 4501 3208 4558 ιεξ
3230 4502 3351 4558 Mox
3377 4502 3517 4557 forte
3543 4503 3603 4555 τὸ
3628 4503 3739 4556 λοι-

2067 4568 2116 4628 D
2142 4568 2244 4624 πὸν
2269 4570 2515 4642 ἀνθρώπ.

2213 4642 2327 4715 (90)
2370 4641 2474 4715 Διὰ
2510 4643 2781 4715 μαγικῶν
2831 4641 3090 4715 γραφῶν.
3134 4642 3357 4715 Legitur
3406 4644 3460 4698 in
3499 4644 3660 4712 Apol.
3692 4662 3731 4712 I,

2142 4713 2362 4801 IIl-.43
2510 4800 2515 4801 γ
2535 4712 2782 4801 μαγεκῶν
2810 4712 3100 4801 στροφῶν,
3130 4712 3235 4801 ὐι’
3259 4712 3406 4801 idem.
3452 4716 3734 4801 observat.

2141 4782 2264 4856 Mox
2281 4784 2455 4856 etiam
2480 4782 2767 4856 legendum
2798 4782 2921 4856 esse
2950 4782 3025 4840 ὧν
3046 4784 3316 4856 ἐπέφερον
3342 4784 3620 4856 admonet.

2214 4852 2779 4926 (91)]ενξνὴθέντας
2803 4854 3110 4926 δαίμονας.
3128 4852 3233 4910 διὰ
3248 4856 3415 4926 etiam
3443 4854 3737 4926 Tertullia-

2142 4924 2312 4996 nusta‘
2337 4924 2832 4996 Thirlbiotcitatns
2873 4924 3031 4996 Apol.
3077 4941 3198 4995 cap.
3232 4924 3347 4979 22:
3390 4942 3407 4975 ι
3439 4924 3543 4980 Sed
3588 4942 3736 4995 quo-

2142 4994 2303 5049 modo
2347 4996 2415 5049 de
2456 4995 2665 5065 angelis
2706 4994 3033 5065 quibusdam
3082 4994 3179 5050 sua
3220 5007 3415 5065 sponte
3456 4994 3737 5065 corruptis

2142 5014 2303 5049 mouo
2347 5014 2415 5049 ue
2456 5014 2665 5065 angens
2706 5014 3033 5065 quibusnam
3082 5014 3179 5050 sua
3220 5014 3415 5065 sponte
3456 5014 3615 5049 corru
3662 5014 3735 5053 us

2141 5067 2455 5135 corruptior
2484 5081 2619 5135 gens
2649 5067 2951 5120 dzcmonum
2982 5067 3223 5121 evaserit
3261 5067 3519 5121 damnata
3551 5082 3579 5119 a
3616 5014 3735 5123 ﬂeo

2141 5149 2263 5188 eum
2298 5136 2514 5205 generis
2549 5139 2872 5190 auctoribus
2910 5148 2965 5193 et
2994 5152 3115 5192 cum
3153 5152 3243 5201 eo,
3278 5151 3437 5205 quem
3468 5137 3729 5200 diximus,

2142 5206 2412 5275 principe,
2444 5210 2585 5275 apud
2635 5208 2844 5261 litteras
2889 5219 3113 5263 sanctas
3134 5209 3550 5277 cognoscitur.»
3593 5210 3728 5273 Alii,

2141 5285 2203 5349 ut
2225 5278 2608 5349 Athenagoras
2640 5279 2797 5345 Apol.
2828 5295 2883 5332 n.
2904 5278 2997 5342 25,
3030 5281 3276 5349 gigantes
3300 5293 3365 5333 ex
3394 5279 3603 5348 angelis
3631 5296 3730 5349 ge-

2141 5346 2288 5401 nitos
2320 5347 2531 5401 dixere.

2214 5417 2327 5488 (92)
2372 5415 2881 5489 Tértlszﬂért‘wr.
2924 5418 3049 5474 Haec
3075 5434 3292 5489 quoque
3310 5420 3437 5473 mihi
3470 5418 3731 5474 videntur

2180 5496 2414 5569 eracnte
2463 5488 2730 5569 illustrari
2770 5491 2847 5569 tab
2871 5488 3441 5569 Διῖοιιεηις(ιοριίεειρὶ-ιρο
3486 5492 3725 5569 editoret

2140 5558 2301 5626 Legit
2326 5558 2471 5610 enim
2498 5558 2593 5611 xui.
2624 5560 2747 5621 τοὺς
2770 5558 3059 5628 λεχθέντας
3088 5560 3293 5612 ἐκείνου
3331 5560 3593 5627 ἀδελφοὺς
3629 5562 3730 5613 xui.

2139 5627 2306 5681 τέκνα
2325 5628 2527 5698 ὁμοίως
2555 5629 2624 5681 τά
2651 5629 2743 5681 ἀπ’
2771 5629 2953 5682 αὐτῶν
2992 5630 3235 5683 ἐκείνων.
3265 5631 3371 5684 Sed
3395 5643 3573 5683 tamen
3610 5639 3730 5686 tunc

2141 5704 2560 5768 generationum
2592 5702 2787 5762 series,
2819 5699 3103 5767 Neptunus
3127 5712 3184 5753 et
3210 5700 3386 5759 Pluto.
3421 5716 3730 5769 eorumque

2142 5769 2238 5822 lilii
2283 5779 2339 5823 et
2373 5778 2625 5838 nepotes,
2663 5770 2993 5839 respondere
3035 5770 3263 5840 angelis,
3298 5770 3637 5825 daemonibus
3668 5782 3729 5827 et

2143 5840 2409 5896 heroibus
2441 5841 2677 5895 videtur.
