4006 6254
423 390 535 450 855

1387 379 1445 436 S.
1481 378 1747 437 JUSTINI
1778 373 2195 434 PHILOSOPHI
2229 375 2315 430 ET
2350 374 2714 431 ΗΑΒτῖῐίΙὸ

3594 384 3716 443 456

426 515 725 562 etiamnum
756 505 976 565 sanant,
1007 494 1200 551 fractis
1226 503 1281 550 et
1308 494 1504 566 ejectis
1530 495 1873 551 daemonibus
1908 494 2006 548 ho—

2116 492 2204 544 καὶ
2237 490 2490 562 ἐπᾳστῶν
2524 491 2617 544 καὶ
2651 491 3057 563 φαρμακευτίῖω
3091 489 3170 563 (1)
3221 491 3297 564 μὴ
3334 492 3583 560 ίαθὲντας
3620 500 3687 551 id

426 597 604 652 mines
625 592 1021 649 detiuentibus.

496 871 553 926 7.
600 870 943 938 Quapropter
979 864 1123 919 Deus
1184 868 1407 932 propter
1444 860 1885 917 Christianorum
1924 873 2011 914 se-

429 963 744 1031 meu,qnod
788 959 842 1013 in
891 973 1057 1013 causa
1097 969 1225 1009 esse
1268 954 1441 1018 novit,
1467 968 1566 1007 cur
1588 967 1771 1007 rerum
1816 961 2010 1005 natura

428 1061 810 1116 conservetur,
858 1060 1007 1104 tenet
1054 1063 1114 1103 se
1156 1062 1227 1101 ne
1270 1046 1650 1101 confusionem
1688 1045 1932 1109 inducat,
1957 1053 2013 1099 et

428 1146 842 1203 dissolutionem
872 1142 1042 1196 totius
1067 1139 1279 1202 mundi,
1304 1138 1378 1192 ita
1403 1148 1464 1192 ut
1491 1137 1622 1192 nulli
1643 1136 1753 1204 jam
1780 1133 2012 1204 improbi

428 1249 648 1296 exstent
672 1236 849 1306 angeli
874 1244 931 1289 et
952 1236 1226 1289 daemones
1248 1240 1302 1286 et
1340 1232 1611 1286 homines.
1637 1228 1774 1284 Nam
1810 1229 1912 1283 nisi
1937 1229 2013 1282 ita

429 1341 595 1396 esset,
634 1345 742 1383 non
773 1327 885 1396 jam
913 1327 1067 1381 vobis
1100 1326 1215 1380 haec
1248 1323 1432 1378 facere
1455 1331 1511 1376 et
1543 1338 1571 1376 a
1610 1323 1791 1391 pravis
1814 1323 2014 1377 daemo-

429 1422 594 1475 nibus
626 1419 841 1473 incitari
898 1417 1123 1481 liceret;
1169 1416 1264 1470 sed
1320 1416 1462 1485 ignis
1504 1413 1694 1482 jndicii
1737 1415 2010 1483 delapsus,

431 1515 578 1569 nullo
613 1512 936 1568 discrimine
958 1512 1142 1564 omnia
1177 1510 1523 1575 dissolveret,
1557 1508 2011 1579 quemadmodum

428 1607 558 1661 olim
582 1605 875 1666 diluvium,
898 1604 1044 1672 quod
1075 1607 1352 1657 nemiuem
1387 1602 1660 1670 reliquum
1697 1601 1845 1665 fecit,
1876 1614 2014 1670 pra:-

431 1706 515 1752 ter
537 1714 700 1751 unum
732 1714 854 1752 cum
894 1698 1007 1751 suis
1048 1699 1190 1765 apud
1224 1712 1326 1750 nos
1373 1705 1623 1749 vocatum
1672 1693 1823 1757 Noe,
1873 1694 2014 1762 apud

430 1805 527 1844 vos
556 1789 984 1854 Denealionem,
1017 1804 1082 1843 ex
1137 1804 1247 1857 quo
1297 1802 1488 1842 rursus
1536 1794 1683 1840 tanta
1733 1786 2011 1841 hominum

431 1882 721 1937 multitudo
743 1890 1041 1951 propagata
1074 1890 1182 1945 est,
1212 1881 1408 1951 partim
1448 1880 1845 1949 improborum,
1874 1893 2012 1945 par-
2043 1869 2086 1924 Β

432 1972 528 2022 tim
554 1972 844 2026 bonorum.
881 1972 975 2028 Sic
1022 1974 1168 2026 enim
1215 1988 1316 2026 nos
1364 1970 1845 2042 conﬂagratiouem
1875 1968 2011 2023 dici-

430 2076 555 2117 mus
582 2063 845 2131 futuram,
880 2065 975 2119 sed
1033 2079 1164 2126 non,
1215 2073 1273 2117 ut
1317 2061 1512 2126 Stoici,
1560 2060 1858 2115 secundum
1890 2074 2011 2113 out-

431 2153 584 2207 nium
612 2168 794 2207 rerum
834 2161 1038 2207 mutua:
1077 2152 1131 2206 in
1164 2166 1223 2206 se
1256 2151 1487 2205 invicem
1521 2146 1895 2204 conversionis
1922 2160 2011 2198 ra-

434 2246 678 2312 tionem;
715 2246 863 2315 quod
901 2244 1279 2314 turpissimum
1331 2243 1567 2297 videtur.
1618 2240 1807 2310 Neque
1845 2240 2011 2294 etiam

432 2334 546 2390 fato
584 2336 834 2391 homines
871 2349 1036 2405 agere
1090 2345 1186 2387 aut
1216 2348 1279 2387 ea
1306 2348 1427 2402 quae
1454 2331 1713 2386 eveniunt
1747 2329 1882 2400 pati,
1917 2328 2014 2384 sed

432 2432 605 2486 libero
637 2443 911 2499 quemque
948 2426 1177 2481 arbitrio
1232 2425 1496 2492 praeclare
1538 2436 1700 2493 agere
1748 2430 1841 2476 aut
1885 2435 2013 2489 pec-

430 2540 592 2589 care;
622 2524 796 2577 bonos
820 2532 1002 2574 autem
1036 2519 1306 2573 malorum
1341 2518 1646 2571 daemonum
1669 2514 2008 2584 operatione,

430 2616 595 2670 veluti
625 2614 907 2668 Socratem
942 2620 999 2666 et
1046 2610 1186 2665 alios
1217 2608 1447 2672 similes,
1480 2608 1673 2661 vexari
1716 2616 1767 2660 et
1801 2607 1854 2659 iu
1888 2606 2011 2659 vin--

431 2706 573 2762 culis
629 2720 786 2771 esse;
847 2713 1037 2759 contra
1089 2699 1552 2770 Sardanapalum,
1609 2698 1905 2767 Epicurum
1957 2707 2014 2752 et

431 2801 570 2856 alios
599 2798 866 2865 ejusmodi
922 2798 976 2851 in
1016 2811 1200 2851 rerum
1243 2796 1489 2849 omnium
1538 2793 1692 2863 c0pia
1744 2802 1801 2847 et
1833 2792 2014 2860 splen-

430 2894 565 2948 dore
591 2894 778 2948 beatos
812 2890 1010 2945 videri.
1045 2888 1199 2956 Quod
1236 2905 1359 2942 enm
1389 2885 1557 2942 Stoici
1588 2886 1770 2941 minus
1812 2883 2012 2940 intelli-

432 2994 646 3055 gerent,
693 2982 790 3037 fati
839 2982 1171 3037 necessitate
1224 2979 1406 3033 omnia
1459 2978 1580 3033 fieri
1628 2979 2010 3032 decreverunt.

432 3079 697 3145 Quoniam
723 3085 902 3130 autem
936 3076 1078 3130 Deus
1121 3073 1192 3127 ab
1231 3072 1389 3127 initio
1414 3071 1652 3125 liberum
1690 3069 2011 3138 angelorum

2113 601 2296 646 σαντο,
2332 585 2426 637 καὶ
2458 583 2537 637 ἔτι
2571 583 2667 637 νῦν
2705 583 2911 649 ἰῶνται,
2947 584 3350 657 καταργοῦντες
3382 587 3477 639 καὶ
3510 588 3718 642 ἐκδιώ-

2111 692 2301 739 κοντες
2333 676 2457 740 τοὺς
2493 676 2819 747 κατέχοντας
2853 678 2931 748 (‘2)
2977 678 3103 744 τοὺς
3141 676 3467 748 ἀνθρώπους
3510 680 3721 752 δαίμο-

2112 785 2229 832 νας.

2184 862 2239 915 7.
2270 861 2436 914 Ὅθεν
2480 862 2576 914 καὶ
2614 860 2862 932 ἐπιμένει
2908 860 2937 913 ὁ
2980 859 3115 926 Θεὸς
3163 862 3266 934 τὴν
3316 861 3581 934 σύγχυσιν
3613 863 3721 917 καὶ⁸

2113 952 2409 1007 κατάλυσιν
2432 952 2526 1006 τοῦ
2561 952 2765 1017 παντὸς
2794 952 2998 1024 κόσμου
3032 953 3108 1025 μὴ
3141 954 3387 1024 ποιῆσαι,
3413 955 3501 1007 ἵνα
3526 954 3626 1008 καὶ
3657 956 3719 1009 οἱ

2114 1044 2307 1114 φαῦλοι
2330 1044 2574 1114 ἄγγελοι,
2607 1046 2705 1099 καὶ
2738 1044 3013 1116 δαίμονες,
3058 1045 3157 1099 καὶ
3194 1046 3471 1118 ἄνθρωποι
3500 1049 3724 1119 μηκέτι

2112 1131 2237 1203 ὦσι,
2262 1137 2352 1191 διὰ
2381 1138 2443 1191 τὸ
2470 1138 2696 1209 σπέρμα
2723 1136 2833 1190 τῶν
2868 1137 3232 1209 Χριστιανῶν,
3280 1139 3309 1192 ὃ
3356 1139 3618 1208 γινώσκει
3646 1142 3721 1195 ὲν

2112 1232 2179 1300 τῇ
2206 1229 2364 1298 φύσει
2388 1231 2471 1282 ὅτι
2495 1230 2665 1283 αἴτιόν
2704 1229 2781 1299 (5)
2827 1229 2995 1282 ἐστιν.
3039 1228 3191 1283 Ἐπεὶ
3231 1231 3281 1284 ει
3324 1230 3399 1303 μὴ
3428 1231 3587 1285 τοῦτο
3610 1227 3713 1303 ἦν,

2112 1325 2213 1379 οὐκ
2235 1324 2301 1378 ἂν
2324 1325 2447 1378 οὐδὲ
2468 1324 2610 1395 ύμῖν
2643 1322 2817 1376 ταῦτα
2870 1321 2952 1375 ἔτι
2996 1325 3171 1377 ποιεῖν
3223 1325 3319 1378 καὶ
3361 1326 3719 1397 ἐνεργεῖσθαι

2114 1415 2220 1468 ὑπὸ
2247 1415 2354 1469 τῶν
2385 1414 2603 1485 φαύλων
2645 1414 2915 1485 δαιμόνων
2939 1415 3163 1469 δυνατὸν
3194 1410 3284 1487 ἦν,
3326 1415 3462 1469 ἀλλά
3486 1416 3548 1469 τὸ
3589 1416 3718 1488 πῦρ

2112 1509 2174 1564 τὸ
2197 1509 2296 1580 τῆς
2322 1508 2559 1579 κρίσεως
2579 1507 2859 1572 κατελθὸν,
2884 1507 3079 1579 ἀνέδην
3108 1507 3289 1561 πάντα
3317 1508 3609 1581 διέκρινεν,
3626 1511 3715 1573 ὡς

2113 1602 2505 1675 καὶπρότερον
2553 1602 2581 1654 ὁ
2630 1599 3019 1670 κατακλυσμὸς
3061 1600 3266 1671 μηδένα
3307 1600 3499 1665 λιπὼν,
3532 1600 3648 1654 ἀλλ’
3672 1604 3713 1674 ἢ

2112 1696 2204 1749 τὸν
2236 1695 2397 1766 μόνον
2425 1696 2522 1747 σὺν
2544 1696 2656 1758 τοῖς
2691 1694 2839 1757 ἰδίοις
2889 1696 3017 1763 παρ’
3042 1694 3172 1763 ἡμῖν
3199 1692 3531 1764 καλούμενον
3554 1694 3712 1759 Νῶε,

2114 1791 2244 1858 παρ’
2273 1789 2400 1859 ὑμῖν
2427 1787 2485 1840 δὲ
2513 1785 2881 1849 Δευκαλίωνα,
2910 1784 2970 1850 ἐξ
2995 1780 3056 1839 οὗ
3086 1785 3246 1840 πάλιν
3273 1788 3323 1840 oi
3349 1786 3593 1840 τοσοῦτοι
3619 1804 3715 1857 γε·

2114 1881 2356 1950 γόνασιν,
2383 1874 2458 1934 ὧν
2480 1882 2529 1933 οἱ
2569 1881 2667 1951 μὲν
2700 1878 2910 1948 φαῦλοι,
2932 1880 2983 1933 οἱ
3003 1879 3060 1932 δὲ
3086 1879 3382 1934 σπουδαῖοι.
3414 1880 3573 1933 Οὕτω
3593 1880 3715 1951 γὰρ

2115 1974 2275 2043 ἡμεῖς
2300 1974 2400 2043 τὴν
2443 1971 2755 2043 ἐκπύρωσιν
2778 1969 2956 2041 φαμὲν
2983 1969 3332 2040 γενήσεσθαι,
3368 1967 3482 2023 ἀλλ’
3507 1971 3606 2041 ούχ
3629 1970 3715 2033 ὡς

2112 2068 2160 2119 οἱ
2190 2064 2416 2117 Στωϊκοὶ
2439 2062 2583 2117 κατά
2614 2064 2704 2115 τὸν
2730 2062 2829 2133 τῆς
2860 2064 2939 2125 εἰς
2990 2061 3194 2133 ἄλληλα
3222 2062 3439 2116 πάντων
3473 2062 3716 2133 μεταϐοα

2114 2154 2213 2225 λῆς
2227 2152 2383 2223 λόγον
2403 2171 2415 2181 ·
2440 2153 2467 2205 ὃ
2484 2154 2763 2223 αἴσχιστον
2782 2151 2975 2222 ἐφάνη.
3006 2151 3141 2205 Ἀλλ’
3161 2152 3281 2205 οὐδὲ
3298 2152 3418 2206 καθ’
3435 2154 3717 2225 εἱμαρμέ-

2112 2267 2211 2320 νην
2234 2248 2492 2321 πράττειν
2522 2248 2648 2309 τοὺς
2664 2245 3037 2318 ἀνθρώπουςῆ
3070 2246 3301 2317 πάσχειν
3328 2243 3399 2299 τὰ
3420 2245 3711 2315 γινόμενα,

2116 2338 2255 2394 ἀλλὰ
2306 2338 2449 2393 κατὰ
2488 2340 2586 2409 μὲν
2628 2340 2728 2411 τὴν
2774 2340 3093 2411 προαίρεσιν
3122 2338 3355 2391 ἕκαστον
3401 2337 3714 2408 κατορθοῦν

2113 2433 2147 2505 ἢ
2177 2431 2511 2504 ἁμαρτάνειν
2533 2450 2546 2463 ο
2581 2432 2675 2485 καὶ
2722 2432 2864 2486 κατά
2893 2433 2991 2503 τὴν
3019 2430 3128 2486 τῶν
3170 2431 3390 2500 φαύλων
3429 2430 3713 2501 δαιμόνων

2113 2525 2396 2597 ἐνέργειαν
2421 2526 2547 2589 τοὺς
2596 2526 2943 2589 σπουδαίους,
2975 2520 3087 2578 οἷον
3115 2525 3414 2595 Σωκράτην
3454 2523 3714 2586 καὶτοὺς

2112 2616 2352 2688 όμοίους,
2380 2616 2695 2681 διώκεσθαι,
2729 2617 2825 2670 καὶ
2853 2619 2911 2669 ὲν
2938 2617 3158 2688 δεσμοῖς
3200 2612 3341 2670 εἶναι
3361 2635 3374 2647 ·
3430 2616 3711 2688 Σαρδανά-

2115 2708 2283 2763 παλον
2326 2710 2405 2775 δὲ,
2464 2709 2560 2763 καὶ⁵
2634 2708 2991 2780 Ἐπίκουρον,
3044 2709 3140 2762 καὶ
3192 2709 3322 2773 τοὺς
3366 2709 3608 2779 ὁμοίους,
3642 2711 3709 2762 ἐν

2114 2800 2344 2874 ἀφθονίᾳ
2372 2802 2466 2854 καλ¹
2490 2801 2616 2873 δόξῃ
2638 2801 2816 2855 δοκεῖν
2839 2800 3195 2872 εὐδαιμονεῖν.
3219 2801 3284 2854 Ὃ
3309 2801 3383 2871 μὴ
3408 2801 3707 2871 νοήσαντες

2114 2892 2162 2943 οἱ
2195 2892 2442 2954 Στωϊκοὶ,
2467 2891 2589 2945 καθ’
2607 2892 2952 2963 εἱμαρμένης
2972 2890 3220 2962 ἀνάγκην
3246 2891 3423 2945 πάντα
3452 2890 3708 2961 γίνεσθαι

2114 2984 2484 3054 ἀπεφήναντο.
2534 2982 2674 3036 Ἀλλ’
2704 2985 2787 3038 ὅτι
2835 2983 3180 3051 αὐτεξούσιον
3206 2984 3265 3037 τό
3290 3000 3349 3036 τε
3375 2983 3483 3036 τῶν
3532 2983 3707 3051 ἀγγέ-

2114 3076 2220 3128 λων
2258 3076 2416 3144 γένος
2443 3075 2671 3129 καὶτῶν
2698 3075 3003 3148 ἀνθρώπων
3048 3074 3147 3147 τὴν
3185 3076 3360 3148 ἀρχὴν
3393 3076 3648 3147 ἐποίησεν
3673 3078 3709 3129 ὁ

429 3183 487 3229 et
516 3171 794 3227 hominum
822 3184 994 3239 genus
1019 3167 1248 3232 creavit,
1283 3165 1483 3219 merito
1506 3178 1721 3230 eorum,
1750 3177 1871 3232 quae
1892 3177 2012 3232 pec-

2118 3168 2271 3235 Θεὸς,
2295 3169 2519 3234 δικαίως
2546 3171 2686 3243 ὑπὲρ
2713 3164 2787 3225 ὧν
2813 3171 2880 3225 ἂν
2916 3170 3373 3243 πλημμελήσωσι,
3403 3170 3501 3242 τὴν
3529 3188 3710 3241 τιμω-

432 3264 705 3329 caverint,
769 3260 1035 3331 supplicia
1096 3260 1149 3314 in
1214 3270 1419 3313 teterno
1486 3256 1612 3327 igne
1674 3258 2012 3327 persolvent.

433 3355 644 3410 Creatae
691 3361 874 3406 autem
930 3349 1220 3419 cujuslibet
1273 3347 1351 3404 rei
1414 3348 1532 3402 hzec
1565 3355 1761 3400 natura
1816 3355 1921 3412 est,
1956 3355 2017 3402 ut

435 3445 660 3500 virtutis
696 3453 749 3499 et
789 3445 908 3499 vitii
952 3444 1025 3497 sit
1059 3457 1271 3512 capax;
1320 3455 1496 3510 neque
1528 3440 1675 3495 enim
1711 3439 2012 3509 quidquam

431 3539 703 3594 laudabile
761 3539 994 3605 faceret,
1047 3537 1152 3591 nisi
1189 3550 1310 3591 sese
1362 3536 1415 3589 in
1471 3547 1761 3603 utramque
1799 3544 2011 3604 partem

430 3631 677 3685 vertendi
706 3629 1023 3684 facultatem
1055 3628 1302 3682 haberet.
1337 3626 1517 3696 Atque
1550 3627 1603 3681 id
1630 3626 1799 3681 etiam
1830 3627 2015 3681 decla-

431 3731 558 3778 rant
580 3722 669 3789 qui
703 3722 757 3773 in
795 3721 1041 3788 qualibet
1074 3720 1297 3785 regione
1331 3728 1455 3787 apte
1497 3719 1564 3771 ad
1600 3729 1805 3773 rectam
1838 3719 2012 3772 ratio-

433 3828 560 3868 nem
602 3812 747 3882 leges
771 3811 943 3866 tulere
975 3817 1067 3863 aut
1098 3811 1471 3881 philosophati
1505 3820 1650 3875 sunt,
1677 3826 1741 3865 ex
1779 3824 1844 3865 eo
1869 3812 2012 3880 quod

432 3905 535 3960 alia
570 3904 686 3959 fieri
718 3905 1098 3975 pra‘scribant,
1134 3903 1238 3957 alia
1292 3904 1479 3957 vitari.
1513 3901 1637 3959 Haec
1660 3906 1850 3959 eadem
1888 3919 2014 3959 con-

431 4007 646 4054 stanter
669 3997 902 4066 probant
945 3994 1117 4051 Stoici
1150 4012 1273 4051 cum
1306 3996 1373 4051 de
1406 3997 1652 4052 moribus
1692 3997 2007 4065 disputant;

432 4100 494 4145 ut
517 4090 679 4145 facile
711 4099 900 4159 pateat
948 4092 1000 4144 iu
1036 4089 1323 4158 principiis
1371 4099 1427 4144 et
1462 4094 1623 4145 rebus
1676 4090 2013 4159 iucorporeis

432 4184 838 4252 pertractandis
872 4198 979 4237 non
1010 4191 1213 4237 rectam
1249 4195 1344 4237 eos
1392 4182 1533 4236 viam
1565 4183 1838 4238 insistere.
1874 4181 2009 4237 Nam

432 4275 479 4330 si
523 4274 631 4331 fato
662 4274 777 4330 fieri
830 4276 1039 4341 dicent,
1092 4291 1215 4345 qua:
1249 4277 1318 4332 ab
1341 4275 1672 4333 .bominibus
1692 4274 1804 4347 94
1832 4275 2007 4343 ﬁunt;

505 4469 583 4540 (l)
605 4541 616 4552 .
640 4471 1062 4555 Φαρμακευτάς
1104 4472 1436 4555 interpretor
1467 4475 1743 4555 veneficos,
1781 4476 1907 4545 quia
1932 4478 2014 4530 sic.

2120 3262 2242 3332 ρίαν
2269 3264 2326 3315 ὲν
2369 3262 2572 3334 αἰωνίῳ
2615 3264 2750 3336 πυρὶ
2779 3264 3119 3337 κομίσονται.
3167 3263 3429 3336 Γεννητοῦ
3469 3265 3527 3319 δὲ
3565 3282 3710 3319 παν-

2110 3352 2209 3417 τὸς
2240 3353 2337 3424 ⁴ἦδε
2364 3354 2398 3425 ἡ
2430 3353 2590 3423 φύσις
2609 3394 2623 3417 ,
2667 3356 2869 3421 κακίας
2909 3358 3005 3412 καὶ
3034 3358 3235 3431 ἀρετῆς
3272 3358 3516 3413 δεκτικὸν
3535 3354 3705 3414 εἶναι.

2117 3446 2194 3500 Οὐ
2232 3446 2341 3515 γὰρ
2371 3448 2438 3501 ἂν
2462 3444 2531 3519 ἦν
2556 3450 2841 3503 ἐπαινετὸν
2874 3452 3025 3505 οὐδὲν
3055 3453 3255 3516 αὐτῶν,
3291 3456 3341 3507 εί
3365 3454 3465 3507 οὐκ
3511 3449 3581 3525 ἦν
3622 3456 3705 3525 (4)

2116 3538 2203 3591 ἐπ’
2219 3539 2505 3611 ἀμφότερα
2530 3541 2849 3612 τρέπεσθαι,
2868 3544 2962 3596 καὶ
2983 3543 3208 3615 δύναμιν
3237 3541 3368 3615 εἶχε.
3387 3546 3708 3601 Δεικνύουσι

2114 3629 2171 3685 δὲ
2194 3631 2353 3685 τοῦτο
2380 3633 2475 3687 καὶ
2500 3636 2548 3687 οἱ
2577 3636 2853 3707 πανταχοῦ
2877 3636 3018 3690 κατὰ
3042 3637 3200 3706 λόγον
3228 3637 3320 3692 τὸν
3358 3638 3515 3710 ὀρθὸν
3541 3656 3709 3709 νομο-

2116 3722 2442 3796 θετήσαντες
2480 3728 2577 3780 καὶ
2623 3727 3088 3800 φιλοσοφήσαντες
3136 3728 3436 3801 ἄνθρωποι,
3489 3731 3555 3783 ὲκ
3604 3729 3705 3783 τοῦ

2116 3815 2479 3888 ὑπαγορεύειν
2511 3819 2630 3872 τόδε
2662 3821 2760 3890 μὲν
2788 3821 3068 3893 πράττειν,
3094 3820 3263 3874 τῶνδε
3294 3821 3351 3874 δὲ
3376 3821 3701 3892 ἀπέχεσθαι.

2115 3908 2227 3961 Kal.
2262 3911 2311 3962 οί
2340 3910 2570 3964 Στωϊκοὶ
2599 3912 2900 3983 φιλόσοφοι,
2927 3916 2986 3967 ἐν
3005 3912 3083 3984 τῷ
3110 3914 3240 3986 περὶ
3272 3913 3416 3985 ἠθῶν
3441 3913 3605 3983 λόγῳ,
3630 3914 3707 3969 τὰ

2115 3999 2256 4053 αύτά
2281 4002 2482 4072 τιμῶσι
2503 4005 2786 4076 καρτερῶς
2806 4022 2819 4035 ·
2848 4006 2925 4069 ὼς
2943 4005 3231 4077 δηλοῦσθαι
3265 4008 3324 4059 ὲν
3354 4005 3431 4077 τῷ
3452 4007 3580 4077 περὶ
3597 4009 3709 4078 ἀρ-

2115 4093 2225 4164 χῶν
2250 4096 2346 4148 καὶ
2372 4097 2680 4169 ἀσωμάτων
2706 4098 2850 4170 λόγῳ
2891 4100 2990 4152 οὐκ
3034 4098 3251 4153 εὐοδοῦν
3303 4100 3519 4163 αὐτούς.
3570 4098 3705 4153 Εἴτε

2114 4187 2223 4259 γὰρ
2262 4188 2386 4243 καθ’
2409 4193 2755 4265 εἱμαρμένην
2783 4195 3013 4266 φήσουσι
3057 4194 3127 4248 τὰ
3159 4195 3419 4267 γινόμενα
3444 4194 3578 4266 πρὸς
3605 4195 3707 4247 ἀν-

2116 4280 2350 4353 θρώπων
2381 4283 2646 4351 γίνεσθαι,
2692 4286 2726 4355 ἢ
2790 4286 2954 4357 μηδὲν
3002 4283 3142 4342 εἶναι
3174 4288 3307 4342 Θεὸν
3352 4286 3706 4359 παρατρεπό-

2116 4488 2338 4553 mundo,
2376 4498 2630 4557 tauquam
2666 4492 2717 4544 in
2742 4494 3121 4558 custodia,sod
3145 4492 3245 4559 ipsi
3277 4494 3536 4545 mundum
3567 4507 3705 4546 con-

651 4541 1300 4632 soll‘ebantﬂ‘luihmagicis
1325 4541 1815 4632 rc‘tru‘etl’iis'sanaré
1840 4563 2012 4603 colta-
2044 4557 2089 4612 D
2118 4541 2412 4632 servaniq:
2431 4541 3703 4632 :Christianusﬂciiagiitit.Casus,quasi-dicti-

432 4611 651 4685 bautur.
704 4607 1084 4685 Observat‘S.
1142 4607 1464 4685 Kmbrosius
1499 4616 1555 4668 in
1594 4618 1787 4685 psalm.
1819 4632 2011 4681 cxvul,

429 4680 800 4746 Christianos,
835 4682 940 4735 etsi
993 4683 1047 4737 in
1097 4684 1214 4738 solo
1278 4685 1479 4740 Christi
1525 4680 1745 4743 nomine
1788 4680 2014 4742 morbos

430 4752 728 4826 curabant,
755 4754 1031 4826 veneficos
1072 4764 1251 4808 tamen
1304 4755 1564 4826 appellari
1624 4757 1813 4812 solitos
1842 4758 2013 4813 fuisse

431 4821 501 4897 ab
527 4822 785 4897 ethnicis,
826 4824 916 4890 qui
972 4827 1086 4879 habe
1145 4821 1409 4879 miracula
1443 4827 1669 4897 magicae
1710 4829 1813 4881 arti
1848 4832 2011 4882 attri-

432 4892 695 4968 linebant.
726 4893 1089 4968 impugnatur
1121 4897 1275 4962 quasi
1310 4892 1565 4964 vene/icqu
1594 4898 1681 4968 qui
1708 4899 1765 4952 in
1799 4900 2013 4954 nomine

431 4958 646 5015 Domini
684 4958 944 5032 gloriatur

505 5032 1029 5110 (2)_Katé7;01fzuc.
1086 5034 1327 5095 Clarom.
1385 5038 1793 5110 κατασχόντας,
1837 5050 1893 5096 et
1945 5041 2014 5097 ad

430 5104 733 5175 marginem
764 5103 1113 5175 κατέχοντας.

506 5172 582 5245 (5)
618 5172 695 5243 Τῇ
721 5172 1040 5243 φύσεῐότι
1097 5177 1310 5232 αἴτιον.
1375 5179 1556 5235 Mundi
1596 5182 2011 5238 dissolutionem

470 5255 656 5326 rapte}:
682 5245 1026 5326 Cliristianps
1054 5247 1261 5326 diﬂ'e_rri
1320 5249 1477 5326 docet
1513 5251 1760 5309 Justinus
1805 5254 1928 5326 aliis
1957 5254 2011 5326 in

452 5315 587 5397 ocis,
618 5314 776 5397 ῥινοί.
827 5316 1020 5397 ηιιεβ8
1049 5330 1104 5372 et
1138 5321 1231 5383 45,
1269 5331 1325 5397 et
1353 5321 1564 5393 Dialog.
1586 5340 1741 5397 num.
1764 5324 1887 5397 759,
1920 5325 2015 5397 Sic

432 5388 601 5466 etiam
642 5388 873 5466 Hermas
909 5388 1005 5443 lib.
1045 5405 1085 5453 ι,
1119 5407 1243 5461 cap.
1274 5388 1538 5466 2,_nunt'.
1569 5396 1603 5449 4
1632 5415 1644 5450 :
1708 5416 1727 5447 σ
1761 5395 2011 5450 Ecclesia

433 5460 678 5536 omnium
732 5460 905 5536 prima
927 5470 1146 5536 _creata
1192 5460 1472 5536 esttﬁideo
1513 5481 1671 5529 auus,
1698 5478 1755 5521 et
1787 5476 2012 5536 propter

433 5526 581 5608 illam
634 5526 870 5608 mundus
920 5529 1099 5608 factus
1124 5542 1261 5608 est.)
1429 5535 1635 5592 Auctor
1659 5526 1907 5608 ἐνίεἱοιώ
1939 5537 2011 5589 ad

428 5597 751 5680 pinguetum
783 5599 923 5653 infra
952 5620 1009 5680 n_.
1034 5600 1104 5656 6:
1143 5603 1647 5680 «Quodestaninta
1676 5597 1727 5662 in
1754 5621 2007 5680 corpore,

430 5671 633 5749 inquit,
668 5671 774 5724 hoc
819 5680 949 5749 sunt.
982 5673 1038 5727 in
1091 5677 1295 5729 mundo
1337 5675 1631 5749 Christiani
1653 5717 1672 5736 .
1698 5717 1713 5732 .
1741 5720 1757 5734 .
1790 5671 2008 5732 Inclusa

431 5740 652 5807 quidem
680 5749 764 5817 est
818 5744 1004 5817 anima
1035 5758 1287 5817 corpore,
1331 5746 1427 5799 sed
1479 5746 1594 5817 ipsa
1646 5765 1844 5814 corpus
1878 5765 2008 5803 con-

432 5819 657 5865 servat:
715 5812 795 5866 sic
842 5821 897 5867 et
948 5812 1247 5870 Christiani
1309 5812 1626 5874 detinentur
1684 5812 1905 5890 quidem
1953 5819 2004 5873 in

2119 4636 2341 4703 tat-ent:
2376 4630 2510 4703 ’Ὅτι
2554 4630 2689 4703 θεός
2746 4635 2915 4697 ἐστιν,
2945 4630 3087 4687 ἐἶτα
3128 4633 3243 4703 μετέ
3280 4635 3486 4703 ἐκεῖνον
3537 4635 3703 4703 ἡμεῖς

2118 4697 2211 4751 ὑπ’
2240 4698 2403 4752 αὑτοῦ
2434 4700 2720 4783 γεγονότες
2769 4703 2947 4774 πάντη
2975 4697 3150 4775 ὅμοιοὶ
3174 4702 3251 4773 τῷ
3270 4702 3407 4756 Θεῶ·
3437 4703 3532 4757 καὶ
3559 4697 3705 4774 ’ἡμῖν

2117 4768 2298 4845 πάντα
2342 4770 2732 4845 ὑποϐέὸδηται,
2772 4774 2863 4845 γῆ,
2916 4775 3012 4828 καὶ
3063 4772 3228 4845 ὕδωρ,
3284 4755 3382 4826 καὶ
3424 4774 3555 4845 ἀὴρ,
3597 4774 3704 4845 καὶ

2403 4802 2732 4838 ιυυιυλιμαι,
2783 4802 2863 4838 ιη,
2918 4802 3012 4828 και
3064 4802 3228 4838 νυινρ,
3287 4802 3382 4826 και
3424 4802 3555 4838 any,

2116 4838 2315 4915 ἄστρα,
2350 4841 2446 4894 καὶ
2472 4838 2627 4911 ἡμῶν
2656 4838 2841 4896 ἕνεκα
2864 4846 3060 4909 πάντα,
3108 4838 3204 4898 καὶ
3251 4846 3385 4915 ἡμῖν
3426 4838 3703 4898 δουλεύειν

2114 4909 2411 4985 τέτακται.-
2452 4909 2659 4985 {Deus
2678 4924 2760 4967 est
2806 4925 2868 4985 et
2905 4930 3009 4970 nos
3045 4927 3166 4985 post
3204 4909 3351 4978 enin,
3378 4917 3445 4969 ab
3475 4930 3544 4969 eo
3568 4915 3700 4969 facti

2115 4981 2341 5034 omnino
2371 4981 2577 5035 similes
2634 4983 2769 5037 Deo.
2826 4983 2993 5039 Nobis
3024 4981 3210 5041 omnia
3269 4984 3518 5053 subjecta
3545 4996 3696 5049 sunt,

2117 5058 2292 5126 terra.
2327 5068 2490 5126 aqua,
2523 5066 2638 5117 aer,
2691 5065 2876 5121 astra;
2934 5069 3158 5126 propter
3185 5070 3284 5110 nos
3312 5057 3515 5117 omnia,
3545 5066 3601 5109 et
3637 5066 3701 5109 ut

2117 5120 2541 5197 nobisserviaut
2567 5126 2891 5197 ordinata,»
2936 5120 3088 5196 'aptid
3118 5126 3345 5197 Origen.
3388 5126 3496 5179 lib.
3522 5140 3597 5197 tv,
3639 5142 3697 5195 p.

2116 5189 2241 5263 175.
2277 5191 2452 5263 Negat
2487 5192 2753 5263 Origenes
2797 5200 2913 5253 haec
2932 5214 2961 5251 a
2983 5189 3320 5252 Christia’nis
3343 5196 3449 5251 diei
3476 5189 3657 5250 solere
3685 5218 3698 5251 ;

2116 5258 2326 5317 fatetur
2349 5258 2938 5337 angelos'homiuibus
2968 5267 3378 5337 praastantiores
3406 5283 3561 5328 esse;
3595 5281 3699 5320 ne-

2114 5341 2207 5400 gat
2230 5342 2384 5405 astra
2417 5335 2525 5405 illis
2548 5350 2672 5390 esse
2700 5338 2943 5405 subjecta
2969 5335 2983 5402 ξ
3011 5337 3254 5391 animata
3284 5337 3431 5391 enim
3462 5337 3551 5389 illa
3574 5350 3700 5391 esse

2114 5403 2391 5476 credebat.
2433 5404 2539 5460 Sed
2576 5415 2761 5460 tamen
2800 5403 2940 5462 idem
2984 5409 3040 5462 iu
3081 5407 3177 5461 lib.
3214 5422 3333 5471 vttt,
3359 5423 3410 5476 p.
3442 5408 3571 5469 424,
3600 5410 3701 5462 de-

2113 5471 2288 5527 clarat
2337 5494 2356 5527 ι
2388 5477 2835 5533 constitutionem
2879 5479 3079 5533 terreni
3130 5478 3317 5532 mundi
3359 5471 3427 5532 ab
3456 5479 3698 5532 homini-

2112 5544 2217 5598 bus
2247 5544 2340 5600 Dei
2370 5549 2743 5602 conservari.»
2782 5549 2914 5603 Vide
2944 5548 3119 5603 Clem.
3164 5549 3435 5605 Alexand.
3488 5550 3543 5603 in
3592 5548 3695 5604 lib.

2114 5614 2253 5689 Quis
2277 5618 2423 5671 dives
2447 5617 2700 5689 salvetur,
2733 5636 2786 5689 p.
2817 5618 2908 5673 36.

2183 5682 2262 5759 (4)
2288 5689 2492 5759 Είούκ
2539 5687 2639 5755 ἦν.
2673 5682 2831 5759 Legit
2863 5689 3145 5745 Thirlbius
3166 5693 3215 5743 εί
3240 5692 3300 5744 ού
3325 5690 3420 5744 καὶ
3451 5691 3569 5756 (aut
3592 5688 3698 5743 οὐκ

2110 5753 2200 5824 ἂν)
2227 5758 2314 5808 ἐπ’
2347 5753 2631 5828 ἀμφότερα
2660 5753 2956 5831 τρέπεσθαι
2977 5759 3207 5833 δύναμιν
3236 5759 3369 5831 εἶχε.
3402 5753 3521 5815 Ilo:
3547 5765 3695 5816 idem

2113 5826 2244 5881 legit
2271 5828 2394 5881 τάδε
2431 5827 2551 5881 μέν.

2133 5840 2244 5895 egit
2271 5840 2394 5881 τασε
2431 5840 2551 5895 μεν.
