4006 6254
412 368 519 426 £59

1390 358 1448 416 S.
1482 356 1750 416 JUSTINI
1783 350 2191 412 PHILOSOPHI
2232 347 2322 403 ΕΤ
2355 346 2715 404 MARTYRIS

3569 344 3690 400 460

376 550 382 555 ,
488 491 546 546 ‘9.
572 486 679 543 Sed
703 498 771 540 ne
792 482 918 552 quis
941 480 1084 537 forte
1108 479 1250 535 idem
1275 478 1445 540 dicat,
1480 477 1630 546 quod
1668 475 1705 529 ii
1739 473 1830 542 qui
1874 471 1990 526 exi-

2167 466 2219 520 9.
2255 466 2372 518 ’Ίνα
2398 464 2453 517 δὲ
2484 465 2556 535 μή
2590 481 2674 527 τις
2698 464 2826 535 εἴπῃ
2853 463 2917 518 τὸ
2957 462 3252 534 λεγόμενον
3301 460 3406 515 ὑπὸ
3445 460 3559 515 τῶν
3589 478 3692 515 νο-

416 586 711 640 stimantur
732 574 1063 646 philosophi,
1106 572 1368 642 strepitus
1412 570 1604 624 inanes
1636 581 1757 623 esse
1781 580 1846 619 ac
1882 574 1990 617 ter-

419 675 615 735 ricula.
653 685 774 740 quae
800 668 863 724 de
888 665 1255 734 improborum
1302 663 1355 714 in
1382 661 1506 731 igne
1547 666 1749 712 aeterno
1772 654 1989 709 crucia-

420 770 568 824 tibus
593 764 844 826 dicimus,
888 773 954 813 ac
996 766 1237 811 nostram
1267 768 1333 809 eo
1356 761 1607 821 spectare
1642 746 1991 811 sententiam,

419 870 475 914 nt
509 859 762 912 virtutem
788 852 1037 908 homines
1066 858 1211 902 metu
1241 844 1490 899 conducti
1516 842 1845 904 colant,non
1869 852 1996 906 pro-

419 962 545 1023 pter
572 950 743 1021 ipsius
784 943 1271 1019 pulchritudinem,
1320 951 1418 991 nec
1459 936 1585 1004 quia
1631 932 1737 987 illis
1786 932 1991 1001 placet;

421 1042 612 1114 paucis
637 1037 998 1109 respondebo,
1023 1033 1129 1088 nisi
1163 1033 1237 1086 ita
1270 1044 1329 1086 se
1352 1044 1440 1084 res
1462 1028 1691 1090 haheat,
1715 1026 1800 1080 vel
1823 1026 1992 1078 Deum

423 1152 532 1192 non
556 1149 701 1200 esse,
724 1132 831 1196 vel,
872 1130 919 1186 si
962 1130 1055 1195 sit,
1094 1126 1295 1181 nuliam
1350 1122 1632 1178 hominum
1674 1134 1860 1174 curam
1905 1132 1999 1186 ge-

425 1238 571 1286 rere.
591 1237 693 1277 nec
714 1219 1012 1289 quidquam
1059 1228 1180 1269 esse
1207 1212 1465 1265 virtutem
1490 1220 1546 1263 et
1566 1210 1777 1272 vitium,
1805 1224 1868 1262 ac
1894 1209 2000 1261 ini-

426 1328 534 1383 que
556 1329 583 1367 a
610 1311 787 1380 legum
819 1307 1085 1361 latoribus
1104 1302 1320 1374 puniri,
1344 1302 1435 1370 q-ti
1462 1300 1722 1369 praeclara
1750 1299 1997 1354 instituta

427 1404 926 1475 transgrediuntur.
951 1399 1059 1455 Sed
1101 1396 1227 1466 quia
1268 1395 1442 1463 iniqui
1475 1409 1579 1448 non
1611 1402 1758 1460 sunt,
1783 1407 2003 1446 eorum-

427 1512 534 1569 que
564 1510 761 1568 parens
795 1494 983 1548 eadem
1010 1504 1128 1560 qua:
1172 1489 1288 1558 ipse
1327 1485 1483 1550 facit,
1539 1485 1724 1541 facere
1748 1500 1842 1554 per
1870 1486 2004 1540 Ver-

429 1592 558 1645 bum
592 1586 878 1659 ‘prmcipit;
925 1584 1095 1653 iniqui
1127 1591 1273 1646 sunt,
1309 1580 1399 1650 qui
1443 1580 1524 1634 eis
1565 1594 1670 1633 non
1710 1577 1820 1649 95
1843 1579 2004 1634 obse-

430 1688 693 1751 quuntur.
718 1677 775 1732 Si
800 1675 923 1745 quis
940 1683 1120 1727 autem
1146 1673 1327 1726 varias
1365 1670 1648 1725 hominum
1693 1670 1839 1739 leges
1865 1669 2004 1738 obji-

430 1772 632 1837 ciat,-et
658 1769 798 1838 apud
824 1768 959 1821 alios
985 1767 1202 1835 quidem
1224 1763 1486 1832 praeclara
1513 1762 1762 1831 quaedam
1788 1771 1842 1816 et
1864 1777 2006 1831 quae—

2096 555 2403 627 μιζομένων
2431 555 2759 623 φιλοσόφων,
2802 556 2883 608 ὅτι
2929 553 3254 625 κόμποικαὶ
3296 551 3544 622 φόϐητρά
3563 553 3695 604 ἐστι

2092 648 2161 700 τὰ
2181 646 2455 718 λεγόμενα
2484 645 2573 715 ὑφ’
2598 649 2629 718 ὴ
2639 646 2774 716 μῶν,
2792 648 2874 699 ὅτι
2897 646 3215 710 κολάζονται
3242 646 3299 697 ἐν
3323 644 3530 714 αἰωνίῳ
3552 642 3698 714 πυρὶ

2094 740 2145 793 οἱ
2194 739 2392 803 ἄδικοι,
2438 740 2533 793 καὶ
2576 738 2663 791 διὰ
2693 739 2877 808 φόϐον,
2906 738 3019 792 ἀλλ’
3043 739 3103 791 οὑ
3139 738 3226 790 διὰ
3254 737 3314 790 τὸ
3354 737 3518 790 καλὸν
3544 733 3699 791 εἶναι

2096 831 2190 883 καὶ
2216 831 2468 902 ἀρεστὸν,
2509 830 2781 902 ἐναρέτως
2809 830 2955 900 βιοῦν
2990 831 3116 893 τοὺς
3163 828 3483 902 ἀνθρώπους
3508 829 3702 895 ἀξιοῦ-

2101 942 2221 997 μεν,
2246 922 2569 994 βραχυεπῶς
2598 922 2735 994 πρὸς
2758 921 2913 974 τοῦτο
2941 920 3379 993 ἀποκρινοῦμαι,
3406 922 3511 986 ὅτι,
3538 924 3591 975 εἰ
3612 921 3703 993 μὴ

2097 1018 2264 1072 τοῦτό
2293 1020 2461 1082 ἐστιν,
2485 1015 2609 1069 οὔτε
2633 1015 2748 1069 ἐστι
2775 1015 2926 1079 Θεὸς,
2953 1015 2985 1085 ἢ
3010 1017 3059 1067 εἰ
3088 1014 3256 1079 ἔστιν,
3278 1016 3340 1067 οὐ
3372 1013 3705 1085 μέλειαύτῷ

2097 1113 2204 1167 τῶν
2244 1107 2569 1181 ἀνθρώπων,
2610 1109 2707 1163 καὶ
2735 1109 2885 1162 οὐδέν
2915 1110 3063 1161 ἐστιν
3104 1108 3295 1180 ἀρετὴ,
3337 1109 3457 1161 οὐδὲ
3497 1109 3703 1170 κακία,

2098 1204 2193 1257 καὶ
2218 1201 2293 1265 ὼς
2325 1201 2666 1273 προέφημεν,
2707 1198 2908 1262 ἀδίκως
2948 1198 3284 1270 τιμωροῦσιν
3316 1200 3365 1251 οἱ
3404 1200 3707 1271 νομοθέται

2099 1294 2226 1358 τοὺς
2283 1292 2721 1364 παραϐαίνοντας
2758 1290 2826 1343 τὰ
2882 1290 3286 1361 διατεταγμένα
3330 1291 3490 1346 καλά.
3550 1293 3706 1345 Ἀλλ’

2102 1384 2225 1439 ἐπεὶ
2251 1384 2349 1438 οὐκ
2380 1383 2557 1437 ἄδικοι
2609 1382 2827 1445 ἐκεῖνοι,
2850 1380 2945 1434 καὶ
2980 1382 3007 1434 ό
3053 1379 3231 1434 αὐτῶν
3276 1382 3457 1454 πατὴρ
3483 1383 3593 1452 (11)
3625 1383 3706 1436 τὰ

2102 1475 2243 1532 αὺτά
2282 1474 2430 1545 αὐτῷ
2461 1474 2723 1545 πράττειν
2751 1472 2839 1527 διὰ
2863 1472 2953 1526 τοῦ
2983 1472 3144 1542 λόγου
3175 1473 3464 1536 διδάσκων,
3498 1476 3546 1527 οἱ
3573 1474 3709 1527 τού-

2102 1585 2217 1632 τοις
2247 1565 2621 1638 συντιθέμενοι
2652 1566 2753 1619 οὐκ
2796 1565 2973 1619 ἄδικοι
3003 1564 3138 1635 (12).
3188 1565 3315 1617 Ἐὰν
3358 1566 3412 1618 δέ
3448 1583 3531 1628 τις
3572 1567 3708 1628 τοὺς

2103 1658 2395 1731 διαφόρους
2416 1658 2614 1728 νόμους
2644 1658 2753 1711 τῶν
2773 1656 3077 1729 ἀνθρώπων
3120 1656 3459 1728 προόάληται
3482 1697 3494 1717 ,
3525 1657 3709 1725 λέγων
3754 1664 3767 1669 “

2106 1755 2187 1806 ὅτι
2216 1750 2347 1821 παρ’
2377 1743 2458 1813 οἷς
2494 1747 2593 1820 μὲν
2625 1747 2934 1820 ἀνθρώποις
2972 1747 3100 1800 τάδε
3147 1746 3306 1811 καλὰ,
3341 1746 3471 1799 τάδε
3495 1746 3711 1817 αἰσχρὰ

432 1863 562 1918 dam
590 1860 764 1929 turpia
808 1833 1025 1913 censeri
1050 1856 1237 1923 dicat;
1272 1854 1369 1910 sed
1419 1869 1541 1924 qua:
1585 1854 1725 1924 apud
1750 1854 1881 1908 istos
1907 1865 2015 1907 tur-

2125 1842 2449 1913 νενόμισται,
2482 1841 2613 1912 παρ’
2647 1840 2826 1903 ἄλλοις
2858 1840 2912 1892 δὲ
2962 1839 3029 1891 τὰ
3060 1840 3193 1910 παρ’
3227 1838 3457 1901 ἐκείνοις
3498 1838 3711 1908 αἰσχρὰ

430 1954 544 2024 pia,
569 1952 709 2020 apud
733 1950 868 2004 alios
901 1946 1185 2018 praeclara,
1236 1954 1295 2000 et
1339 1961 1459 2014 quae
1500 1946 1785 2014 praeclara,
1836 1946 2014 2014 turpia

432 2043 772 2109 existimari;
804 2042 851 2096 is
875 2040 1064 2095 audiat
1087 2037 1217 2108 quid
1239 2051 1302 2091 ea
1327 2051 1543 2107 quoque
1567 2037 1634 2090 de
1656 2050 1715 2091 re
1750 2036 2013 2090 dicamus.

434 2140 571 2198 Cum
605 2123 753 2207 leges
806 2137 874 2191 ab
914 2133 1184 2203 improbis
1227 2130 1438 2201 angelis
1488 2129 1898 2184 accommodate
1949 2128 2017 2184 ad

435 2246 625 2291 eorum
655 2228 956 2297 nequitiam
998 2224 1281 2280 institutas
1320 2221 1549 2287 scimus,
1573 2219 1772 2289 quibus
1809 2219 2017 2275 similes

439 2342 625 2384 eorum
648 2324 897 2379 homines
920 2319 1298 2384 delectantur;
1340 2324 1454 2371 tum
1489 2329 1625 2370 vero
1671 2323 1824 2369 recta
1874 2313 2016 2369 ratio

448 2419 769 2479 adveniens,
795 2430 900 2470 non
928 2427 1119 2469 omnes
1138 2412 1444 2481 opiniones,
1465 2423 1564 2464 nec
1598 2409 1814 2464 decreta
1832 2406 2016 2463 omnia

442 2513 710 2584 pmciara
741 2524 862 2564 esse
896 2507 1249 2569 demonstrat,
1274 2503 1371 2559 sed
1400 2504 1648 2572 quaedam
1683 2500 1846 2566 mala,
1869 2515 2018 2570 quae-

446 2604 751 2661 dambona.
781 2600 969 2666 Quare
997 2596 1265 2668 ejusmodi
1297 2595 1610 2651 hominibus
1632 2592 1820 2648 eadem
1839 2592 2015 2647 dicam

440 2706 496 2753 et
522 2694 746 2759 similia,
773 2701 829 2748 et
865 2691 1104 2753 uberius,
1122 2689 1172 2744 si
1202 2702 1344 2760 opus
1365 2686 1495 2752 erit,
1537 2685 1829 2743 disseram.
1860 2684 2019 2741 Nunc

443 2791 509 2845 ad
534 2787 870 2857 propositum
898 2784 1084 2838 redeo.

516 2876 608 2931 10.
644 2874 840 2944 Liquet
863 2888 991 2944 ergo
1009 2886 1096 2928 res
1141 2879 1357 2927 nostras
1412 2885 1531 2927 esse
1586 2870 1735 2927 omni
1780 2871 2016 2925 humana

444 2968 690 3025 doctrina
740 2966 1110 3026 sublimiores,
1156 2964 1285 3033 quia
1348 2962 1612 3034 quidquid
1659 2964 1727 3018 ad
1780 2960 2017 3019 Verbum

442 3063 699 3133 pertinet,
718 3058 769 3114 id
793 3058 1006 3116 exstitit
1026 3056 1276 3111 Christus
1311 3058 1407 3124 qui
1426 3070 1525 3126 pro
1558 3056 1715 3111 nobis
1742 3055 2015 3125 apparuit,

2118 1935 2282 1999 καλὰ,
2312 1933 2503 1988 καὶτὰ
2548 1934 2691 1988 καλά
2742 1933 2942 2006 αἰσχρὰ
2981 1930 3281 2004 νομίζεται,
3313 1931 3560 1984 ἀκουέτω
3608 1930 3713 1983 καὶ¹

2117 2026 2225 2079 τῶν
2245 2028 2327 2089 είς
2358 2024 2514 2079 τοῦτο
2561 2023 2888 2094 λεγομένων.
2941 2023 3053 2076 Καὶ
3093 2023 3292 2093 νόμους
3346 2020 3711 2087 διατάξασθαι

2117 2120 2182 2190 τῇ
2212 2117 2421 2171 ἑαυτῶν
2466 2115 2636 2189 κακίᾳ
2686 2116 2905 2187 ὁμοίους
2939 2115 3066 2177 τοὺς
3118 2113 3389 2183 πονηροὺς
3436 2112 3713 2181 ἀγγέλους

2117 2210 2479 2283 ἐπιστάμεθα,
2502 2205 2583 2274 οἷς
2609 2208 2891 2282 χαίρουσιν
2920 2209 2968 2260 οί
2989 2209 3161 2278 ὅμοιοι
3183 2206 3464 2276 γενόμενοι
3495 2204 3716 2277 ἄνθρω-

2118 2319 2243 2359 ποι·
2278 2304 2373 2356 καὶ
2416 2301 2575 2374 ὀρθὸς
2598 2300 2757 2370 λόγος
2786 2298 3073 2372 παρελθὼν
3105 2296 3237 2368 (15),
3283 2298 3343 2349 οὐ
3374 2297 3561 2360 πάσας
3617 2296 3716 2348 δό-

2118 2396 2237 2466 ξας,
2268 2397 2389 2450 οὐδὲ
2427 2395 2605 2450 πάντα
2642 2394 2894 2465 δόγματα
2953 2390 3095 2445 καλὰ
3139 2389 3537 2454 ἀποδείκνυσιν,
3569 2388 3717 2442 ἀλλά

2117 2489 2188 2545 τὰ
2215 2490 2312 2561 μὲν
2340 2488 2541 2559 φαῦλα,
2572 2487 2642 2541 τά
2674 2486 2731 2539 δὲ
2762 2483 2962 2553 ἀγαθά·
2995 2482 3135 2536 ὥστε
3170 2499 3258 2554 μοι
3288 2482 3383 2535 καὶ
3416 2481 3553 2552 πρὸς
3580 2481 3716 2543 τοὺς

2118 2582 2389 2647 τοιούτους
2410 2582 2478 2637 τὰ
2512 2579 2652 2636 αὐτά
2699 2578 2795 2633 καὶ
2834 2577 2902 2632 τά
2937 2578 3099 2649 ὃμοια
3138 2577 3439 2648 εἰρήσεται,
3483 2575 3580 2627 καὶ
3620 2573 3716 2625 λεδ

2119 2674 2485 2747 χθήσεταιδιά
2507 2671 2793 2735 πλειόνων,
2821 2671 2915 2724 ἐὰν
2944 2666 3104 2741 χρεία
3228 2665 3404 2721 Τανῦν
3426 2665 3483 2719 δὲ
3520 2666 3616 2718 ἐπί
3649 2664 3715 2718 τὺ

2120 2764 2478 2837 προκείμενον
2510 2763 2833 2835 ἀνέρχομαι.
3272 2806 3292 2823 ,

2190 2880 2277 2936 10.
2318 2877 2734 2949 Μεγαλειότερα
2784 2874 2880 2945 μὲν
2911 2869 3005 2927 οὖν
3035 2872 3216 2942 πάσης
3262 2869 3597 2942 ἀνθρωπείου
3632 2870 3716 2925 δι·-

2118 2972 2413 3035 δασκαλίας
2441 2970 2687 3040 φαίνεται
2715 2966 2783 3020 τὰ
2811 2967 3057 3038 ἡμέτερα
3081 2983 3092 2995 ·
3129 2966 3216 3019 διὰ
3236 2962 3391 3019 τοῦτο
3416 2962 3526 3034 (14)
3564 2962 3715 3031 λογι-

2120 3067 2215 3122 κὸν
2239 3064 2299 3118 τὸ
2322 3064 2443 3119 ὅλον
2476 3063 2567 3116 τὸν
2597 3060 2829 3131 φανέντα
2858 3058 2926 3113 δι’
2956 3058 3102 3130 ἡμᾶς
3135 3057 3367 3129 Χριστὸν
3402 3055 3709 3123 γεγονέναι,

444 3170 640 3226 nempe
663 3168 863 3223 corpus
911 3159 968 3206 et
1011 3148 1251 3204 Verbum
1307 3156 1364 3201 et
1418 3147 1622 3203 anima.
1674 3147 2017 3217 Quaecunque

2125 3158 2218 3214 καὶ
2263 3156 2423 3228 σῶμα
2444 3196 2459 3220 ,
2499 3155 2595 3209 καὶ
2629 3153 2821 3222 Λόγον,
2863 3152 2958 3205 καὶ
2984 3150 3184 3221 ψυχήν.
3220 3150 3358 3201 Ὅσα
3383 3146 3494 3218 γὰρ
3527 3146 3714 3208 καλῶς

445 3250 591 3303 enim
611 3246 871 3317 praeclare
894 3257 1134 3314 unquam
1167 3241 1357 3297 dixere
1374 3249 1466 3297 aut
1497 3242 1872 3311 excogitavere
1894 3241 2014 3309 phi-

448 3341 655 3411 losophi
681 3348 775 3394 aut
801 3340 981 3410 legum
1011 3337 1239 3400 latores,
1270 3335 1386 3389 haec
1420 3334 1641 3389 invento
1686 3343 1737 3387 et
1769 3332 2019 3402 conside-

449 3443 571 3486 rato
607 3432 790 3499 aliqua
823 3445 888 3484 ex
915 3436 1069 3499 parte
1096 3425 1278 3481 Verbo
1312 3426 1685 3480 elaborarunt.
1741 3423 1849 3477 Sed
1895 3423 2023 3491 quia

449 3539 557 3582 non
584 3522 767 3577 omnia
792 3534 914 3588 quae
950 3527 1079 3572 sunt
1102 3515 1289 3578 Verbi,
1328 3514 1381 3569 id
1416 3522 1503 3568 est
1542 3511 1770 3574 Christi,
1822 3525 2024 3579 cogno-

446 3626 663 3680 verunt,
705 3628 943 3685 persmpe
968 3627 1151 3667 secum
1177 3609 1310 3679 ipsis
1340 3609 1635 3680 pugnantia
1662 3607 1936 3661 dixerunt.
1956 3603 2024 3659 Et

447 3708 544 3778 qui
573 3706 793 3762 Christo
836 3706 1131 3758 secundum
1166 3702 1459 3755 humanam
1499 3708 1749 3754 naturam
1784 3696 2021 3766 antiqui-

449 3816 577 3858 ores
632 3812 1082 3867 unamquamque
1130 3810 1246 3850 rem
1290 3793 1502 3849 ratione
1546 3792 1880 3861 investigare
1932 3797 2027 3844 aut

452 3892 713 3950 refellere
743 3890 986 3961 aggressi
1024 3896 1172 3953 sunt,
1199 3888 1236 3942 ii
1268 3896 1328 3941 ut
1349 3886 1569 3955 intpiiet
1584 3883 1785 3938 curiosi
1807 3882 1859 3936 in
1881 3881 2028 3953 judi-

451 3989 597 4044 cium
625 3986 844 4041 abducti
875 3984 1050 4039 fuere.
1082 3983 1321 4049 Quorum
1351 3979 1595 4035 omnium
1630 3979 1788 4050 longe
1828 3978 2027 4033 ﬁrmis-

457 4083 628 4138 simus
659 4082 761 4135 hac
786 4078 837 4131 in
866 4092 926 4131 re
960 4075 1216 4130 Socrates
1242 4073 1295 4127 in
1324 4069 1511 4126 eadem
1542 4086 1605 4126 ac
1645 4085 1743 4125 nos
1796 4070 2027 4123 crimina

454 4180 682 4227 vocatus
713 4180 817 4226 est.
848 4167 996 4222 Nova
1049 4165 1194 4221 enim
1249 4165 1509 4221 dixerunt
1555 4163 1623 4217 ab
1667 4177 1731 4218 eo
1761 4162 2029 4217 damonia

531 4304 641 4376 (11)
698 4304 759 4357 '0
816 4296 1525 4376 abtdir_:tazﬁp.__§imilia
1579 4294 2031 4376 loquitur_Pltilo

457 4365 554 4431 lib.
587 4365 662 4429 Ue
688 4375 872 4441 sacrif.
914 4374 1081 4435 Abel.,
1108 4365 1243 4441 pag;
1267 4369 1370 4441 152
1396 4385 1409 4421 :
1451 4365 1768 4441 Νομοθέτης
1791 4367 1899 4441 γὰρ
1935 4366 2031 4419 καὶ

456 4446 608 4517 πηγὴ
633 4435 841 4517 νόμωνς
858 4443 1040 4517 αὐτός,
1070 4435 1159 4517 ὑφ’
1181 4435 1248 4517 οὗ
1264 4439 1481 4517 ’πάντες
1503 4435 1563 4517 ος
1576 4435 1719 4517 κατᾲ
1741 4435 1907 4517 μέρός
1945 4454 2034 4491 νο.

460 4507 714 4588 μόθέταιῖ
754 4533 772 4565 ι
806 4515 899 4567 Est
924 4515 1071 4566 enim
1104 4507 1401 4588 legislator
1440 4517 1495 4588 et
1525 4507 1663 4588 fons
1690 4507 1865 4588 legunt

2122 3252 2209 3306 ἀεὶ
2241 3248 2570 3320 ἐφθέγξαντο
2607 3248 2703 3301 καὶ
2735 3236 2894 3318 εὗρον
2920 3246 2969 3298 οἱ
2998 3243 3458 3314 φιλοσοφήσαντες
3488 3241 3521 3311 ἢ
3549 3256 3717 3309 νομο-

2125 3344 2468 3414 θετήσαντες,
2497 3337 2637 3394 κατὰ
2656 3338 2826 3407 Λόγου
2859 3335 3022 3409 μέρος
3050 3334 3322 3406 εὑρέσεως
3354 3332 3448 3385 καὶ
3474 3331 3713 3401 θεωρίας

2124 3435 2241 3488 ἐστὶ
2273 3431 2574 3502 πονηθέντα
2603 3430 2804 3493 αὐτοῖς.
2845 3427 3061 3498 Ἐπειδὴ
3104 3426 3161 3478 δὲ
3203 3425 3263 3477 οὐ
3312 3422 3487 3475 πάντα
3514 3420 3583 3475 τά
3614 3419 3716 3475 τοῦ

2125 3526 2297 3594 Λόγου
2329 3522 2649 3595 ἐγνώρισαν,
2670 3522 2729 3584 ὃς
2756 3524 2872 3574 ἐστι
2904 3518 3157 3590 Χριστὸς,
3198 3515 3290 3569 καὶ
3325 3513 3543 3568 ἐναντία
3578 3514 3716 3566 ἐαυ-

2124 3618 2238 3680 τοῖς
2264 3614 2521 3677 πολλάκις
2554 3608 2728 3665 εἷπον.
2757 3611 2868 3664 Καὶ
2889 3611 2936 3662 οἱ
2961 3605 3444 3679 προγεγραμμένοι
3472 3603 3583 3675 (15)
3615 3602 3717 3655 τοῦ

2125 3706 2361 3779 Χριστοῦ
2395 3704 2535 3760 κατά
2560 3704 2621 3757 τὸ
2646 3702 2984 3773 ἀνθρώπινον
3008 3698 3117 3772 (16)
3142 3739 3157 3763 ,
3184 3698 3328 3767 λόγῳ
3364 3695 3717 3766 πειραθέντες

2126 3796 2195 3850 τὰ
2226 3797 2525 3867 πράγματα
2558 3794 2833 3864 θεωρῆσαι
2858 3790 2954 3845 καὶ
2979 3789 3195 3858 ἐλέγξαι
3219 3827 3234 3851 ,
3270 3787 3345 3850 ὡς
3373 3785 3589 3848 ἀσεϐεῖς
3618 3784 3719 3837 καὶ

2128 3890 2412 3961 περίεργοι
2436 3889 2515 3951 είς
2537 3887 2864 3956 δικαστήρια
2890 3883 3153 3954 ῆχθησαν.
3192 3882 3249 3933 Ὀ
3278 3882 3497 3933 πάντων
3525 3878 3581 3930 δέ
3609 3876 3715 3929 αὐ-

2127 3980 2235 4035 τῶν
2261 3978 2617 4048 εὐτονώτερος
2649 3976 2783 4048 πρὸς
2810 3974 2967 4028 τοῦτο
2998 3971 3288 4043 γενόμενος
3321 3971 3615 4040 Σωκράτης
3642 3966 3715 4022 τὰ

2130 4071 2269 4125 αὐτὰ
2313 4073 2445 4141 ἡμῖν
2478 4068 2763 4139 ἐνεκλήθη.
2815 4066 2926 4120 Καὶ
2960 4064 3069 4136 γὰρ
3100 4064 3310 4134 ἔφασαν
3357 4064 3515 4117 αὐτὸν
3547 4060 3716 4115 καινὰ

2129 4162 2381 4234 δαιμόνια
2424 4161 2533 4232 (17)
2589 4158 2898 4227 εἰσφέρειν,
2950 4156 3045 4208 καὶ
3092 4154 3185 4218 οὓς
3228 4156 3262 4225 ἡ
3316 4153 3469 4216 πόλις
3499 4150 3715 4222 νομίζει

2132 4314 2253 4368 qua:
2284 4305 2610 4368 sequuntur,
2648 4302 2761 4368 tum
2794 4291 2963 4368 etiam
2999 4304 3063 4342 ex
3105 4285 3262 4351 Apol.
3310 4302 3349 4368 ς,
3380 4301 3437 4338 n.
3468 4284 3509 4368 5.
3529 4292 3585 4337 et
3621 4284 3713 4338 10.

2133 4355 2318 4435 Quare
2359 4355 2519 4436 paulo
2551 4355 2671 4433 post
2710 4364 2786 4436 ait
2817 4360 3068 4414 Justinus
3113 4373 3175 4436 se
3221 4357 3411 4411 eadem
3445 4355 3715 4407 adversus

2134 4429 2400 4507 Ejusmodi
2446 4429 2699 4490 homines
2737 4432 3046 4497 dicturum;
3078 4429 3264 4482 eadem
3314 4440 3510 4494 nempe
3551 4440 3617 4479 ac
3647 4439 3716 4478 ea

2179 4526 2260 4562 ua:
2289 4508 2522 4561 Verbum
2552 4506 2831 4558 docuerat.

460 4522 704 4588 μοθέται.
754 4533 772 4565 ι
806 4522 899 4567 Est
924 4527 1071 4566 emm
1123 4522 1401 4580 legiSIator
1440 4522 1495 4562 et
1540 4522 1663 4561 tons
1690 4522 1907 4575 legum:
1949 4522 2017 4569 se,

457 4590 560 4641 sub
592 4602 699 4655 quo
728 4599 919 4641 omnes
974 4583 1336 4705 Earticularcs
1384 4577 1778 4656 legislatoresq
1809 4578 1875 4630 Et
1897 4524 2017 4631 {ger-

457 4657 721 4705 lnllianus
755 4654 911 4705 Anol.
938 4654 971 4705 4
1036 4671 1048 4705 :
1080 4672 1098 4704 ί
1136 4652 1269 4705 Dum
1314 4661 1493 4704 tamen
1526 4649 1712 4703 sciatis
1748 4663 1913 4705 ipsas.
1947 4647 2017 4701 ins

2135 4525 2260 4579 qua:
2292 4522 2522 4561 verbum
2552 4522 2831 4558 (lOCllt'l'al.

2207 4579 2320 4649 (14)
2359 4576 2463 4630 Διὰ
2491 4574 2686 4628 τοῦτο.
2720 4570 3029 4639 Legendum
3079 4566 3168 4621 διὰ
3201 4567 3282 4628 τό,
3328 4576 3382 4616 et
3408 4564 3717 4618 observan-

2137 4652 2265 4703 dum
2314 4661 2500 4702 vocem
2532 4643 2747 4705 λογικόν
2779 4637 3045 4705 singulari
3082 4651 3247 4689 sensu
3295 4635 3386 4687 hic
3436 4635 3715 4700 usurpari.

456 4645 721 4711 tullia'nus
755 4654 911 4724 Apol.
938 4645 1008 4705 45
1036 4671 1048 4706 :
1080 4672 1098 4704 ί
1136 4652 1269 4705 Dum
1314 4661 1493 4704 tamen
1526 4649 1712 4724 sciatis
1748 4645 1913 4724 ipsas,
1947 4647 2033 4701 in-

458 4728 597 4796 quit,
628 4727 773 4797 leges
803 4719 1019 4793 qnoqne
1053 4732 1302 4797 vestras,_
1323 4734 1444 4789 quae
1488 4719 1836 4797 videntur-ad
1870 4720 2032 4797 in_no-

458 4788 710 4852 cent'iam'
724 4788 969 4865 pergere,
995 4793 1263 4865 dedirina
1292 4788 1429 4859 lege,
1465 4788 1894 4865 ut_anti_quiore,.
1914 4788 2031 4865 ζον-

459 4882 616 4991 ιηοὲιέ
658 4859 949 4922 mutuatas.
984 4882 1003 4915 ι
1059 4862 1178 4918 Vid.
1232 4864 1371 4932 Aug.
1417 4877 1459 4930 ι,
1506 4859 1585 4915 De
1651 4859 1746 4912 lib.
1810 4859 2029 4926 arbitr.,

459 4953 510 4991 η.
625 4980 636 4991 ,

455 4953 510 4992 II.
548 4953 636 4991 ID.

529 5008 641 5079 (12)
685 5010 806 5062 Οὐκ
833 5007 1042 5062 ἄδικοι.
1075 5006 1387 5079 Legendum
1421 5003 1471 5057 οἱ
1509 5000 1719 5079 τούτοις
1741 4996 1802 5050 οὐ
1847 5014 2031 5079 συντι-

459 5070 697 5150 Θέμενοι,
725 5081 924 5143 ἄδικοι,
967 5088 1062 5150 aut
1108 5070 1477 5150 qdisﬂsensus
1526 5088 1594 5127 ex
1644 5071 1748 5123 hac
1803 5070 2031 5150 periodo

391 5194 404 5218 ,
459 5139 578 5204 erui
606 5139 797 5219 possit,
828 5139 931 5203 non
983 5139 1161 5203 video.
1218 5146 1462 5219 Necesse
1500 5158 1605 5197 non
1644 5148 1727 5219 est
1757 5153 1877 5191 cum
1908 5139 2032 5209 Syl-

400 5211 403 5283 ξ
458 5211 656 5289 burgio
687 5211 868 5289 legere
894 5220 962 5273 τὰ
1002 5219 1141 5273 αὐτὰ
1182 5219 1383 5289 αὐτοῖς.
1421 5213 1545 5289 Haec
1584 5211 1866 5289 enituhest
1901 5225 2030 5263 sen-

400 5278 403 5337 έ
462 5278 673 5344 tentia:
725 5278 858 5344 Cum
914 5290 1255 5358 legislatures
1311 5278 1416 5340 alia
1456 5279 1795 5358 facere,_alia
1842 5278 2031 5358 fugere

459 5363 795 5431 praecipiant,
827 5377 890 5415 ac
922 5350 1034 5428 ipse
1081 5361 1225 5431 Deus
1252 5358 1437 5431 legem
1478 5353 1633 5431 nobis
1677 5350 2026 5418 imposuerit;

462 5424 591 5487 inde
619 5424 866 5499 sequitur
898 5424 1171 5483 hominem
1210 5424 1380 5499 libero
1424 5424 1783 5499 arbitrio__non
1816 5434 2027 5499 carere,

459 5519 525 5556 ac
556 5491 784 5571 proinde
818 5502 1035 5567 iniquos
1077 5515 1199 5555 esse
1237 5500 1328 5571 qui
1370 5494 1900 5571 legislatoribus‘non
1932 5491 2030 5571 ob:

459 5558 783 5640 sequuntur.
812 5558 1039 5626 Videtur
1069 5558 1521 5640 autem-Justinus
1547 5565 1723 5640 locum
1750 5558 2027 5640 Evangelii

460 5630 725 5705 indicare,
772 5644 863 5697 ubi
906 5641 1059 5709 jubet
1112 5640 1365 5699 Christus
1398 5646 1456 5691 ut
1503 5634 1778 5709 imitemur
1809 5630 2027 5683 Patrem

460 5714 765 5776 cwlestem.
798 5705 929 5767 Luc.
961 5727 1035 5776 vr,
1065 5710 1165 5777 55;
1203 5711 1394 5764 Matth.
1428 5722 1478 5773 ν,
1508 5705 1601 5760 45.

532 5785 647 5855 (15)
685 5772 873 5855 Λόγος
903 5772 1233 5855 παρελθών.
1265 5780 1389 5855 Haec
1411 5772 1477 5855 de
1498 5775 1686 5855 _Verbo
1720 5772 2022 5855 iincarna‘to,

462 5841 570 5911 nou
600 5841 665 5912 de
700 5841 934 5912 humana
962 5841 1176 5910 ratione
1218 5850 1391 5922 accipi
1427 5848 1626 5904 debere
1658 5850 1808 5915 patet
1836 5856 1903 5896 ex
1941 5841 2023 5895 bis

2137 4635 2265 4703 dum
2302 4635 2500 4702 'vocem
2532 4643 2747 4712 λογικόν
2779 4635 3045 4712 singulari
3082 4651 3247 4712 sensu
3295 4635 3386 4687 hic
3436 4635 3715 4712 usurpari.

2137 4718 2253 4774 Non
2285 4719 2428 4772 enim
2462 4705 2736 4785 signiﬁcat
2764 4712 2831 4785 id
2860 4705 3002 4778 quod
3039 4707 3268 4785 rationis
3299 4714 3382 4758 est
3412 4705 3717 4785 particeps2

2135 4772 2230 4843 sed
2261 4772 2546 4858 quidquid
2562 4785 2626 4836 ad
2654 4772 2894 4837 Verbum
2924 4776 3183 4858 pertinet,
3218 4792 3313 4858 seu
3341 4784 3509 4858 totam
3547 4772 3715 4827 Verbi

2133 4843 2434 4930 personam
2461 4864 2532 4930 _et
2559 4864 2875 4930 utramque
2913 4843 3199 4930 naturam.
3250 4847 3341 4927 Sic
3381 4843 3543 4930 pa.qu
3584 4854 3719 4930 ante

2134 4914 2192 4983 ἦ.
2226 4930 2259 4984 8
2288 4945 2302 4982 :
2330 4925 2487 4980 Κατὰ
2521 4924 2620 4995 τὴν
2646 4922 2743 4995 τοῦ
2770 4914 2979 4995 παντὸς.
3003 4917 3162 4995 λόγου
3188 4914 3564 4995 γνῶσινκιιφο
3598 4914 3721 4964 illn-

2133 5000 2297 5054 strari
2349 4984 2693 5067 possunt'_ex
2735 4989 3051 5067 hi_s___verbi_s
3080 4984 3489 5067 '_S._'Augustini
3523 4998 3714 5067 ‘serm.

2141 5069 2268 5133 214,
2311 5055 2365 5122 ηξ
2406 5067 2476 5120 7:
2518 5084 2537 5116 ι
2572 5064 2742 5118 Totus
2791 5061 2961 5133 Filius
3009 5056 3383 5133 Dei__Verbum
3429 5055 3716 5133 ethomo,

2134 5123 2318 5207 atque,
2352 5145 2411 5192 ut
2457 5134 2769 5206 expressius
2812 5132 3031 5195 dicam,
3085 5127 3325 5183 Verbum
3355 5166 3370 5190 ,
3427 5123 3609 5177 anima
3658 5132 3719 5176 et

2133 5225 2278 5263 caro.
2326 5227 2345 5258 ι

2203 5280 2315 5349 (15)
2359 5279 2423 5330 Οἱ
2468 5268 3340 5349 npoysrpamtégjoi._Legendum
3373 5278 3720 5336 προγεγενηο

2135 5340 2310 5421 μένοι,
2346 5358 2403 5421 ut
2438 5340 2837 5421 iti_'Ap'ol_ZVr.'t_i.
2869 5343 2957 5396 45.
2990 5340 3304 5421 Τιξμιφριυε.

2204 5399 2317 5489 (1-6)
2348 5399 2511 5471 Κατὰ
2529 5399 2595 5489 τό
2626 5399 3032 5489 ἀνθρώπινον..
3054 5410 3231 5462 Malim
3260 5410 3373 5460 haec
3404 5402 3613 5489 reierre
3642 5399 3717 5454 ad
3774 5466 3781 5477 ‘

2131 5474 2336 5544 Ch‘ris'ti
2369 5474 2798 5549 humanitatem,
2832 5482 3129 5537 secundum
3161 5493 3323 5547 quam
3373 5474 3717 5549 antiquiores

2130 5542 2284 5614 liuere
2317 5556 2649 5627 ριιίῗοεοριιί,
2670 5542 2834 5627 quain
2864 5569 2985 5605 cum
3016 5550 3139 5602 aliis
3164 5542 3555 5616 interpretibus
3582 5542 3718 5595 red-

2138 5630 2292 5692 dere,
2318 5625 2346 5680 -ι
2383 5644 2479 5697 pro
2514 5627 2673 5697 captu
2714 5625 2981 5697 humano.
3011 5637 3030 5671 ι

2202 5679 2550 5771 (ι’ἤγιξᾲινά
2580 5679 2877 5762 δαιμόνια.
2920 5684 3270 5771 I_’_|a‘10_Apol.
3314 5682 3464 5738 Socr.
3514 5698 3566 5752 p.
3610 5679 3719 5749 ξι,

2131 5759 2385 5840 Xenoph.
2425 5759 2741 5836 Ἀπομνημ.
2772 5778 2809 5830 ι,
2838 5778 2891 5832 p.
2922 5759 3049 5815 “2.
3081 5759 3396 5813 Τιιιιιιιιιυδ.
