4006 6254
1376 352 1719 411 APOLOGIA
1752 352 1797 409 ll
1828 351 1966 410 PRO
2000 351 2463 411 CHRISTIANIS.

3521 364 3629 419 ιιι

312 455 476 520 θεοὺς,
498 456 574 528 μὴ
592 458 860 528 ἡγεῖσθαι
885 462 1092 518 αὐτόν.
1125 464 1193 519 '0
1213 466 1271 521 δὲ
1285 466 1535 540 δαίμονας
1553 469 1668 541 (18)
1695 469 1792 542 μὲν
1810 468 1912 522 του

2042 469 2250 533 induci,
2285 480 2340 526 et
2365 486 2506 542 quos
2541 472 2741 529 civitas
2785 477 3067 534 existimat
3110 483 3261 543 deos.
3303 485 3371 538 ab
3405 498 3471 540 eo
3523 501 3631 540 non

318 549 557 621 φαῦλως,
592 553 693 606 καὶ
714 551 834 626 (19)
859 558 1003 621 τοὺς
1032 559 1363 631 πράξαντας
1389 563 1424 616 ἀ
1456 563 1665 632 ἔφασαν
1696 567 1745 619 οί
1780 585 1938 641 ποιη-

319 644 411 696 ταὶ
432 684 446 708 ,
474 643 723 698 ἐκϐαλὼν
762 646 871 717 τῆς
919 648 1218 715 πολιτείας
1259 654 1350 707 καὶ
1385 656 1630 727 ’Όμηρον
1669 660 1763 712 καὶ
1808 660 1937 725 τοὺς

328 737 506 799 ἄλλους
538 737 771 809 ποιητὰς
795 779 811 803 ,
850 744 1261 813 παραιτεῖσθαι
1296 746 1420 810 τοὺς
1453 748 1776 820 ἀνθρώπους
1823 754 1932 807 tet-

323 830 445 896 δειξε
469 847 483 859 ο
525 831 661 902 πρὸς
709 831 853 886 Θεοῦ
885 833 944 886 δὲ
978 835 1081 889 τοῦ
1127 836 1408 905 ἀγνώστου
1432 840 1542 911 (‘20)
1591 842 1774 907 αὐτοῖς
1797 884 1811 908 ,
1845 844 1934 898 διὰ

324 922 484 990 λόγου
556 924 840 997 ζητήσεως
913 929 1223 997 ἐπίγνωσιν
1286 930 1660 1002 προύτρέπετο
1720 935 1891 989 εἰπών
1916 954 1929 967 ·

326 1035 348 1067 ι
392 1017 496 1069 Τὸν
529 1018 584 1070 δὲ
616 1019 839 1091 πατέρα
888 1021 988 1075 καὶ
1030 1023 1366 1097 δημιουργὸν
1419 1030 1637 1083 πάντων
1685 1029 1797 1084 οὔθ’
1842 1034 1933 1087 εὐ-

322 1110 441 1177 ρεῖν
476 1108 663 1180 ῥᾴδιον
686 1150 703 1173 ,
737 1110 855 1163 οὗθ’
898 1114 1136 1186 εὑρόντα
1180 1118 1261 1182 εἰς
1294 1119 1500 1184 πάντας
1532 1123 1705 1175 εἰπεῖν
1755 1125 1932 1192 ἀσφαο

318 1198 415 1262 λές
440 1199 584 1270 (21).
621 1221 641 1253 ι
682 1202 753 1254 'A
798 1205 828 1256 ὁ
875 1206 1149 1279 ἡμέτερος
1180 1210 1411 1281 Χριστὸς
1456 1211 1544 1265 διὰ
1578 1213 1681 1284 τῆς
1734 1216 1928 1270 ἑαυτοῦ

315 1288 611 1359 δυνάμεως
632 1290 860 1364 ἔπραξε.
876 1296 1158 1367 Σωκράτει
1181 1301 1279 1371 μὲν
1297 1302 1406 1372 γὰρ
1421 1304 1596 1370 οὐδεὶς
1609 1309 1902 1382 ἐπιστεύθη
1910 1354 1925 1379 ,

316 1383 468 1456 ὑπὲρ
503 1386 701 1441 τούτου
730 1388 828 1442 τοῦ
882 1392 1151 1463 δόγματος
1184 1396 1547 1469 ἀποθνήσκειν
1574 1416 1587 1430 ·
1619 1402 1841 1474 Χριστῷ
1870 1405 1927 1458 δὲ

312 1477 398 1547 τῷ
427 1479 529 1531 καὶ
556 1480 669 1533 ὑπὸ
698 1482 1028 1555 Σωκράτους
1051 1487 1159 1540 ἀπὸ
1186 1487 1385 1561 μέρους
1412 1492 1709 1560 γνωσοέντι
1736 1495 1927 1566 (Λόγος

312 1570 429 1641 τὰρ
453 1566 527 1642 ἦν
559 1574 661 1627 καὶ
694 1574 845 1627 ἐστιν
869 1578 898 1630 ὁ
919 1579 978 1629 ἐν
1012 1581 1175 1633 παντὶ
1204 1581 1300 1647 ὢν,
1336 1584 1429 1636 καὶ
1458 1583 1547 1638 διὰ
1571 1585 1683 1640 τῶν
1715 1604 1928 1661 προφη-

312 1663 430 1717 τῶν
460 1665 751 1735 προειπὼν
782 1669 849 1723 τά
883 1669 1143 1741 μέλλοντα
1169 1673 1413 1741 γίνεσθαι
1437 1717 1452 1742 ,
1488 1676 1583 1730 καὶ
1622 1677 1691 1731 δι’
1729 1681 1923 1734 ἑαυτοῦ

309 1756 696 1826 ὁμοιοτοαθοῦς
747 1762 1042 1833 γενομένου
1088 1766 1185 1818 καὶ
1225 1766 1533 1832 διδάξαντος
1576 1769 1812 1842 ταῦτα),
1859 1776 1921 1828 οὐ

2040 562 2369 619 existimari.
2400 566 2579 634 Atque
2608 566 2699 622 hic
2728 571 2952 636 quidem
2991 588 3112 628 cum
3146 586 3203 630 et
3233 576 3535 634 Homerum
3583 593 3630 633 et

2039 652 2176 707 alios
2214 663 2407 721 poetas
2438 654 2662 723 ejiceret
2688 673 2719 712 e
2750 660 3000 728 civitate,
3026 677 3219 721 auctor
3242 678 3360 722 erat
3384 669 3510 725 hom
3524 670 3633 726 ini-

2039 739 2141 797 bus
2166 751 2225 797 ut
2250 758 2449 813 pravos
2470 747 2768 816 daemones,
2788 766 2817 804 a
2845 753 3044 822 quibus
3072 769 3136 811 ea
3164 769 3474 828 perpetrata
3500 744 3646 833 quia:i

2038 843 2210 902 poetae
2273 837 2638 906 scripserunt,
2693 854 3086 899 aversarentur
3133 860 3145 894 :
3198 848 3366 903 Deum
3413 844 3643 937 ποιοίη

2037 939 2203 994 quem
2228 929 2580 1001 ignorabant,
2614 942 2673 987 ut
2698 935 2929 990 rationis
2960 936 3379 1009 investigatione
3418 959 3631 1015 cogno-

2035 1028 2277 1085 scerent,
2324 1021 2412 1077 his
2440 1036 2536 1079 eos
2565 1025 2747 1080 verbis
2806 1026 3138 1083 hortabatur
3168 1048 3182 1083 :
3217 1031 3508 1089 Parentem
3573 1045 3628 1089 et

2034 1111 2284 1180 opiﬁcem
2310 1115 2693 1170 universorum
2729 1134 2906 1188 neque
2936 1121 3377 1190 invenirefacile,
3402 1142 3524 1193 nec,
3577 1127 3626 1181 si

2033 1201 2331 1270 inveneris,
2363 1207 2505 1276 aqud
2529 1223 2721 1264 omnes
2744 1213 3049 1278 praedicare
3089 1224 3262 1271 tutum
3298 1228 3402 1273 est.
3434 1238 3454 1273 ι
3489 1219 3619 1277 Haec

2032 1301 2216 1348 autem
2248 1295 2498 1353 Cbrisms
2517 1311 2705 1356 noster
2735 1320 2837 1359 sua
2876 1305 3048 1374 ipsius
3083 1317 3358 1376 potestate
3404 1313 3620 1381 praesti-

2034 1385 2121 1441 tit.
2157 1385 2375 1443 Socrati
2402 1392 2547 1446 enim
2577 1408 2738 1449 nemo
2764 1404 2973 1451 tantum
2998 1398 3189 1455 habuit
3221 1401 3372 1470 ﬁdei,
3413 1413 3473 1457 ut
3517 1419 3618 1475 pro

2031 1475 2136 1532 hac
2185 1483 2459 1537 sententia
2517 1493 2746 1540 mortem
2796 1498 3104 1559 oppeteret.
3159 1491 3381 1550 Christo
3409 1507 3615 1565 autem,

2031 1584 2189 1639 quem
2210 1571 2467 1630 Socrates
2501 1576 2681 1647 aliqua
2710 1594 2778 1633 ex
2805 1591 2960 1650 parte
2992 1585 3253 1655 cognovit
3292 1588 3436 1657 (erat
3468 1591 3614 1644 enim

2030 1670 2189 1716 etest
2212 1662 2451 1719 Verbum
2484 1666 2614 1722 illud
2644 1673 2829 1723 omnia
2870 1676 3197 1741 pervadens,
3250 1679 3394 1747 quod
3420 1688 3476 1734 et
3520 1695 3617 1750 per

2027 1755 2327 1824 prophetas
2358 1756 2542 1813 futura
2570 1762 2839 1830 praedixit,
2857 1773 2912 1818 et
2938 1779 3035 1833 per
3065 1770 3329 1837 seipsum,
3359 1787 3482 1826 cum
3513 1788 3612 1826 na-

313 1848 607 1920 ςιλόσοφοι
655 1852 782 1906 οὐδὲ
832 1854 1102 1924 φιλόλογοι
1160 1858 1318 1927 μόνον
1365 1860 1732 1933 ἐπείσθησαν,
1786 1865 1912 1921 ἀλλὰ

2027 1849 2151 1899 tura
2181 1855 2369 1901 nostra
2397 1860 2647 1919 suscepta
2679 1853 2797 1907 haec
2828 1853 3074 1924 doceret)
3107 1856 3346 1925 Christo,
3368 1861 3612 1930 inquam,

310 1943 409 1996 καὶ
440 1945 837 2017 χειροτέχναι,
876 1949 971 2001 καὶ
1015 1951 1296 2016 παντελῶς
1339 1954 1547 2009 ίδιῶται
1574 1998 1588 2022 ,
1635 1958 1729 2012 καὶ
1760 1960 1922 2034 δόξης

315 2035 411 2088 καὶ
458 2037 638 2104 φόϐου
688 2040 788 2093 καὶ
839 2039 1072 2094 θανάτου
1122 2048 1668 2120 καταφρονιίπσαντες⁸
1732 2055 1919 2128 ἐπειδὴ

318 2127 556 2201 δύναμίς
599 2130 719 2203 (22)
766 2135 883 2186 ἐστι
935 2134 1031 2189 τοῦ
1067 2137 1305 2209 ἀρρήτου
1349 2140 1601 2215 Πατρός,
1657 2147 1748 2200 καὶ
1799 2127 1920 2220 οὐχ).

306 2219 666 2292 ἀνθρωπείου
699 2224 865 2293 λόγου
892 2225 963 2280 τὰ
998 2227 1189 2301 σκεύη.

370 2400 466 2455 ii.
496 2402 623 2497 95x
654 2403 725 2457 ἂν
746 2403 803 2457 δὲ
835 2405 959 2460 οὐδὲ
988 2408 1379 2483 ὲφονευόμεθα,
1408 2415 1530 2470 οὐδὲ
1556 2416 1918 2497 δυνατώτεροι

301 2493 465 2562 ἡμῶν
503 2488 659 2565 ἦσαν
686 2496 746 2549 οῖ
770 2513 830 2549 τε
853 2498 1035 2553 ἄδικοι
1057 2501 1336 2575 ἄνθρωποι
1360 2508 1455 2561 καὶ
1474 2509 1745 2581 δαίμονες,
1769 2518 1817 2569 ει
1833 2488 1915 2589 ’μὴ

307 2589 532 2650 πάντως
561 2591 737 2643 παντὶ
760 2592 1089 2665 γεννωμένῳ
1116 2595 1386 2671 ἀνθρώπῳ
1419 2602 1511 2655 καὶ
1552 2604 1732 2661 θανεῖν
1755 2609 1918 2678 ὠφεί-

304 2678 448 2735 λετο.
488 2684 662 2737 ’θθεν
698 2686 796 2738 καὶ
821 2685 883 2739 τὺ
910 2687 1133 2760 ὄφλημα
1158 2691 1495 2759 ἀποδιδόντες
1516 2737 1530 2760 ,
1566 2698 1916 2772 εὐχαριστοῦ-

307 2790 431 2843 μεν.
457 2776 665 2829 Καίτοι
709 2794 775 2845 γε
811 2779 907 2831 καὶ
932 2779 993 2833 τὸ
1025 2780 1420 2851 Ξενοφώντειον
1445 2788 1622 2841 ἐκεῖνο
1649 2790 1743 2844 νῦν
1776 2794 1916 2863 πρός

299 2879 361 2915 τε
419 2866 750 2936 Κρίσκεντα
802 2870 898 2922 καὶ
947 2872 1076 2936 τοὺς
1116 2873 1318 2943 ὁμοίως
1355 2876 1504 2947 αὐτῷ
1550 2880 1913 2952 ἀφραίνοντας

303 2955 471 3010 καλὸν
503 2959 606 3012 καὶ
641 2958 908 3033 εὔκαιρον
950 2964 1128 3017 εἰπεῖν
1162 2966 1461 3037 ἡγούμεθα.
1498 2971 1602 3025 Τὸν
1636 2973 1911 3044 Ἡρακλέα

300 3050 395 3101 ἐπὶ
426 3050 648 3122 τρίοδον
688 3069 816 3106 τινα
837 3094 851 3118 ,
881 3054 984 3126 ἔφη
1018 3058 1046 3109 ό
1074 3055 1343 3128 Ξενοφῶν,
1385 3060 1692 3131 βαδίζοντα,
1730 3068 1909 3139 εὑρεῖν

298 3140 401 3206 τήν
431 3156 493 3192 τε
524 3141 741 3212 ἀρετὴν
764 3145 861 3198 καὶ
891 3146 991 3217 τὴν
1029 3147 1247 3213 κακίαν,
1279 3151 1337 3202 ἐν
1365 3154 1639 3219 γυναικῶν
1674 3160 1909 3227 μορφαῖς

300 3232 645 3302 φαινομένας
668 3250 685 3263 ·
724 3235 820 3288 καὶ¹
851 3236 951 3307 τὴν
988 3237 1089 3309 μὲν
1121 3240 1342 3307 κακίαν,
1380 3244 1523 3317 ἀϐρᾷ
1552 3246 1737 3319 ἐσθῆτι
1763 3290 1777 3313 ,
1814 3251 1907 3303 καὶ

298 3322 851 3397 ἐρωτοπεποιημένῳ
875 3327 990 3399 (9.5)
1060 3330 1152 3382 καὶ
1185 3329 1436 3388 ἀνθοῦντι
1476 3338 1542 3389 ὲκ
1585 3339 1693 3391 τῶν
1730 3342 1906 3394 τοιού-

297 3429 406 3465 των
430 3414 745 3486 προσώπῳ,
764 3417 1055 3490 θελκτικήν
1076 3437 1134 3473 τε
1157 3421 1320 3486 εὐθὺς
1346 3425 1482 3496 πρὸς
1500 3427 1599 3491 τὰς
1623 3429 1774 3498 ὄψεις
1794 3431 1907 3505 (24)

296 3503 507 3571 οὖσαν,
562 3511 747 3561 εἰπεῖν
798 3510 935 3580 πρὸς
977 3512 1070 3566 τὸν
1123 3514 1436 3588 Ἡρακλέα,
1467 3520 1590 3584 ὅτι,
1644 3522 1713 3593 ἢν
1766 3503 1903 3596 αὑτῇ

297 3600 504 3672 ἱπηται
528 3643 546 3666 ,
582 3603 851 3673 ἡδόμενόν
876 3622 937 3658 τε
966 3608 1058 3660 καὶ
1092 3612 1508 3683 κεκοσμημένον
1546 3614 1625 3686 τῷ
1658 3615 1907 3690 λαμπρο-

301 3694 455 3765 τάτῳ
482 3695 585 3749 καὶ
614 3697 793 3768 ὁμοίῳ
816 3698 895 3770 τῷ
924 3700 1053 3772 περὶ
1079 3702 1246 3775 αὐτὴν
1279 3706 1468 3776 κόσμῳ
1497 3706 1795 3781 διαιτήσειν
1820 3713 1907 3765 ἀεὶ

300 3790 523 3857 τοιήσει
547 3804 563 3816 ·
601 3788 702 3841 καὶ
733 3790 837 3860 τὴν
861 3790 1082 3863 ἀρετὴν,
1118 3796 1176 3847 ὲν
1209 3796 1480 3870 αὐχμηρῷ
1512 3800 1609 3870 μὲν
1634 3800 1713 3871 τῷ
1737 3819 1905 3872 προσ-

304 3878 441 3950 ώπῳ
460 3882 561 3934 καὶ
590 3885 662 3953 τῇ
692 3882 955 3955 περιϐολῇ
985 3883 1172 3950 οὖσαν,
1198 3890 1371 3942 εἰπεῖν
1397 3907 1409 3920 ·
1450 3910 1469 3942 ι
1516 3891 1655 3945 Ἀλλ’
1686 3893 1754 3964 ἢν
1780 3895 1906 3965 ἐμοὶ

302 3974 470 4045 πείθῃ
496 4014 512 4036 ,
555 3976 619 4027 οὐ
658 3977 851 4047 κόσμῳ
874 4016 889 4039 ,
924 3978 1042 4032 οὐδὲ
1088 3978 1272 4033 κάλλει
1304 3981 1382 4052 τῷ
1417 3982 1593 4055 ῥέοντι
1623 3985 1716 4037 καὶ
1750 3984 1904 4055 φθει-

306 4066 525 4136 ρομένῳ
559 4069 762 4121 ἑαυτὸν
792 4071 1122 4141 κοσμήσεις,
1151 4072 1284 4125 ἀλλά
1317 4079 1427 4139 τοῖς
1461 4076 1650 4141 ἀϊδίοις
1680 4078 1773 4131 καὶ
1806 4097 1905 4132 κα-

304 4153 415 4218 λοῖς
441 4156 695 4227 κόσμοις.
741 4176 762 4209 ι
796 4159 906 4211 Καὶ
941 4160 1098 4213 πάνθ’
1132 4163 1371 4217 ὁντινοῦν
1401 4167 1746 4238 πεπείσμεθα
1781 4168 1906 4238 φεύ-

304 4264 477 4314 γοντα
520 4250 593 4302 τὰ
634 4250 898 4305 δοκοῦντα
930 4252 1067 4306 καλὰ
1093 4294 1107 4318 ,
1142 4256 1210 4309 τὰ
1243 4255 1298 4307 δὲ
1333 4258 1657 4329 νομιζόμενα
1693 4260 1904 4334 σκληρά

305 4342 402 4391 καὶ
448 4340 623 4409 ἄλογα
680 4345 1116 4415 μετερχόμενον,
1171 4348 1515 4419 εὐδαιμονίαν
1564 4352 1899 4423 ἐκδέχεσθαι.

317 4430 383 4483 Ἠ
414 4432 526 4505 γὰρ
560 4435 736 4488 κακία
763 4436 905 4509 (25),
946 4437 1240 4509 πρόϐλημα
1273 4441 1473 4513 ἑαυτῆς
1505 4442 1615 4496 τῶν
1650 4445 1903 4515 πράξεων

2027 1953 2137 1993 non
2156 1939 2467 2012 philosophi
2499 1944 2670 1998 solum
2696 1956 2753 2000 et
2771 1946 2999 2005 litterati
3032 1951 3284 2007 homines
3303 1954 3611 2022 credidere,

2025 2033 2124 2087 sed
2144 2036 2389 2103 operarii
2434 2038 2599 2092 etiam
2638 2050 2692 2094 et
2724 2043 2950 2098 omnino
2996 2044 3258 2115 imperiti,
3287 2048 3378 2117 qui
3410 2057 3467 2103 et
3493 2047 3615 2117 gloo

2027 2123 2164 2179 riam
2198 2136 2252 2181 et
2276 2138 2481 2183 metum
2504 2141 2561 2186 et
2590 2141 2823 2188 mortem
2843 2145 3294 2207 contempserunt
3322 2154 3334 2188 ε
3363 2142 3613 2209 quando-

2031 2216 2254 2286 quidem
2287 2220 2402 2276 haec
2429 2226 2603 2279 virtus
2648 2227 3033 2284 inenarrabilis
3068 2229 3245 2286 Patris
3280 2231 3470 2302 elﬁcit,
3503 2250 3609 2289 non

2035 2304 2290 2364 humana:
2319 2313 2550 2369 rationis
2574 2316 2961 2375 instrumenta.

2093 2401 2183 2456 11.
2222 2400 2335 2460 Nec
2356 2419 2488 2462 vero
2532 2409 2910 2468 occideremur
2940 2428 3041 2470 nec
3073 2416 3411 2485 potentiores
3452 2422 3610 2477 nobis

2019 2495 2395 2567 essentiniqui
2422 2499 2670 2559 homines
2692 2514 2747 2560 et
2762 2505 3059 2573 daemones,
3082 2508 3183 2563 nisi
3203 2512 3425 2567 omnino
3450 2514 3610 2569 cuili-

2019 2585 2114 2640 bet
2166 2589 2377 2645 homini
2427 2593 2610 2662 genito
2648 2595 2817 2651 etiam
2860 2599 2998 2653 mori
3037 2602 3403 2657 constitutum
3433 2614 3606 2661 esset.

2022 2676 2159 2735 Hinc
2184 2696 2309 2737 cum
2329 2684 2571 2742 debitum
2603 2688 2988 2760 persolvimus,
3005 2693 3118 2766 96
3144 2696 3350 2765 gratias
3373 2699 3607 2768 agimus,

2016 2768 2173 2830 Nunc
2194 2786 2375 2834 autem
2403 2781 2457 2835 in
2482 2782 2832 2841 Crescentem
2864 2798 2919 2841 et
2954 2802 3070 2853 eos,
3096 2789 3189 2857 qui
3213 2790 3402 2844 eadem
3427 2806 3495 2845 ac
3517 2792 3608 2848 ille

2018 2862 2314 2932 insaniunt,
2368 2871 2693 2939 praeclarum
2724 2883 2779 2929 et
2814 2886 3185 2946 opportunum
3207 2892 3326 2934 esse
3367 2879 3610 2935 arbitror

2018 2953 2395 3027 Xenophontis
2426 2961 2557 3015 illud
2586 2963 2858 3032 proferre.
2906 2965 3197 3022 Herculem
3226 2967 3373 3022 enim
3413 2969 3609 3023 scribit

2016 3045 2321 3120 XenOphon
2353 3053 2408 3108 in
2449 3056 2685 3124 quodam
2716 3059 2881 3114 trivio
2928 3060 3308 3119 ambulantem
3340 3064 3606 3118 incidisse

2013 3138 2069 3193 in
2103 3140 2361 3197 virtutem
2391 3152 2447 3199 et
2472 3146 2850 3215 vitiositatem,
2878 3165 3002 3219 quae
3032 3150 3085 3206 ei
3132 3155 3318 3222 specie
3349 3154 3603 3211 muliebri

2014 3231 2142 3287 visae
2191 3246 2353 3303 sunt;
2412 3250 2479 3291 ac
2517 3237 2680 3292 istam
2713 3239 2935 3308 quidem
2983 3243 3133 3298 molli
3184 3255 3242 3299 et
3272 3246 3341 3300 ad
3386 3261 3605 3304 amores

2011 3334 2140 3392 apto
2164 3330 2388 3390 vestitu,
2417 3339 2474 3384 et
2500 3329 2818 3387 ﬂorescenti
2846 3347 2911 3388 ex
2945 3334 3032 3388 his
3070 3337 3408 3392 ornamentis
3427 3338 3600 3405 vultu,

2010 3431 2075 3471 ac
2104 3418 2279 3474 oculis
2309 3421 2375 3475 ad
2405 3422 2826 3479 demulcendum
2852 3429 3141 3496 promptis,
3170 3429 3245 3482 ita
3292 3444 3415 3484 eum
3465 3430 3602 3485 allo-

2008 3522 2229 3567 cutam:
2281 3515 2326 3569 si
2357 3528 2416 3570 se
2451 3527 2795 3585 sequeretur,
2856 3517 3122 3575 Iacturam
3163 3532 3221 3575 ut
3281 3522 3599 3593 splendidis-

2012 3608 2154 3664 simo
2184 3608 2368 3678 cultu,
2403 3616 2621 3683 qualem
2653 3617 2878 3686 gerebat
2914 3618 3051 3687 ipsa,
3106 3617 3261 3673 laetus
3290 3630 3346 3674 et
3369 3624 3600 3677 decorus

2008 3710 2271 3772 perpetuo
2303 3704 2548 3777 degeret.
2579 3705 2853 3764 Virtutem
2894 3721 3077 3765 autem
3107 3712 3404 3781 squallcnti
3442 3713 3596 3769 vultu

2010 3808 2075 3848 ac
2100 3804 2251 3850 veste
2302 3796 2377 3852 ita
2430 3798 2682 3855 dixisse:
2722 3800 2780 3857 Si
2813 3803 2947 3858 mihi
2999 3804 3344 3874 obsequaris,
3403 3820 3510 3861 non
3546 3814 3600 3863 te

2009 3887 2219 3944 caduco
2244 3902 2300 3945 et
2347 3894 2598 3961 perituro
2629 3895 2778 3949 cultu
2809 3911 2873 3951 ac
2909 3897 3107 3953 decore
3137 3901 3453 3965 exornabis,
3501 3900 3598 3955 sed

2007 3980 2231 4036 aeternis
2266 3991 2319 4036 et
2351 3984 2631 4052 praeclaris
2688 3990 3045 4043 ornamentis.
3083 4008 3101 4041 ι
3134 3990 3391 4061 Quisquis
3430 3992 3599 4062 igitur

2006 4086 2070 4128 ea
2100 4072 2259 4143 fugit,
2300 4089 2422 4145 quae
2465 4078 2722 4133 videntur
2761 4081 3011 4150 pulchra,
3071 4097 3136 4136 ea
3192 4095 3374 4139 autem
3411 4100 3599 4156 perse-

2006 4169 2217 4240 quitur,
2242 4187 2363 4243 quae
2390 4172 2525 4227 dura
2548 4182 2603 4228 et
2630 4190 2658 4229 a
2695 4176 2907 4231 ratione
2951 4176 3129 4231 aliena
3184 4179 3593 4246 existimantur,

2005 4260 2154 4316 hunc
2177 4276 2277 4331 pro
2302 4271 2453 4318 certo
2478 4275 2732 4320 tenemus
2761 4269 2977 4321 beatam
3033 4270 3201 4322 vitam
3242 4270 3591 4338 adepturum.

2006 4348 2211 4404 Vitium
2271 4350 2442 4420 enim,
2497 4363 2787 4423 postquam
2859 4358 3178 4413 actionibus
3220 4359 3359 4425 suis,
3424 4361 3592 4416 veluti

2006 4444 2279 4513 quoddam
2328 4445 2787 4517 integumentum,
2816 4465 2879 4504 ea
2906 4466 3025 4519 qum
3070 4452 3255 4507 insunt
3284 4454 3473 4508 virtuti
3528 4468 3594 4508 ac

305 4524 376 4577 τὰ
409 4528 689 4597 προσόντα
725 4530 791 4598 τῇ
827 4531 995 4601 ἀρετῇ
1032 4532 1126 4584 καὶ
1155 4531 1324 4595 ὅντως
1353 4531 1481 4586 ὄντα
1520 4533 1658 4587 καλά
1689 4535 1776 4589 διὰ
1808 4556 1898 4606 μι-

2022 4551 2139 4591 vere
2170 4537 2311 4592 bona
2343 4546 2488 4603 sunt,
2533 4539 2837 4596 imitatione
2868 4556 3051 4596 rerum
3092 4543 3591 4614 incorruptibilimn

313 4615 535 4685 μήσεως
569 4616 831 4688 φθαρτῶν
852 4619 961 4690 (26)
997 4620 1426 4694 περιϐαλλομένη
1469 4623 1760 4697 (ἄφθαρτον
1792 4626 1902 4698 γὰρ

308 4706 460 4759 οὐδὲν
502 4708 622 4777 ἔχει
664 4709 787 4762 οὐδὲ
833 4712 1055 4781 ποιῆσαι
1088 4712 1363 4783 δύναται),
1411 4715 1744 4787 δουλαγωγεῖ
1775 4719 1901 4785 τοὺς

382 4848 414 4931 (-
410 4845 493 4931 18)
533 4848 592 4900 Ὁ
621 4846 691 4900 δὲ
722 4848 1030 4931 δαίμονας.
1058 4851 1210 4931 υἷε-μθ
1241 4852 1378 4906 Plat.
1414 4853 1491 4931 De
1522 4855 1651 4925 Rep.
1680 4857 1718 4913 Ι.
1751 4874 1814 4925 It,
1843 4874 1897 4931 p.

314 4914 493 4993 5Ἱῖῃεί
524 4933 691 4993 seqq.
728 4927 780 4993 et
809 4914 847 4973 l'.
873 4936 937 4993 χ,
964 4914 1017 4989 p.
1056 4922 1163 4976 595
1192 4934 1247 4976 et
1274 4938 1429 4993 seqq.
1466 4914 1615 4982 lustr.

383 4986 494 5055 (l9)
550 4986 855 5070 Dclcndnm
882 4986 1107 5070 videtur
1134 4986 1556 5070 illudgca'l'ante
1574 4995 1899 5070 Δτοὺςῄέιιτρά-

317 5056 541 5134 ξανεεις,
574 5061 660 5134 vel
702 5060 989 5128 legendum
1022 5062 1119 5116 καὶ
1150 5062 1485 5134 πράξαντας.
1525 5056 1820 5122 ΡΙοιοἸίὺῖ
1864 5084 1899 5123 x

318 5126 543 5206 De‘Rep.
574 5130 683 5183 duo
719 5126 919 5206 retinet
952 5126 1389 5206 poesisgenera,
1417 5126 1647 5206 h'ymnos
1676 5139 1730 5191 in
1774 5137 1898 5194 deos

316 5206 364 5249 et
390 5201 651 5251 bonorum
689 5216 752 5252 ac
780 5201 1073 5254 illustrium
1108 5201 1341 5257 virorum
1369 5201 1729 5260 laudationes.

386 5268 905 5394 (τωςῖᾼῖ-κώστου.
938 5272 1185 5341 Ignotum
1211 5274 1443 5330 Athenis
1464 5275 1636 5331 Deum
1668 5278 1900 5335 indicari

393 5349 463 5391 tat
549 5358 605 5392 ra
633 5358 763 5394 ηας.

356 5349 463 5391 utat
493 5343 763 5394 Granius.

319 5352 463 5407 putat
493 5352 763 5394 Urabtus.

372 5410 493 5479 ,(21)
537 5410 860 5486 Ἀςφαλές.
897 5409 1182 5486 Οὺεετνοι
1212 5412 1489 5486 Thirlbius
1537 5416 1681 5486 apud
1713 5417 1900 5473 Plato-

318 5494 432 5532 nem
465 5489 522 5551 et
555 5483 697 5533 alios
729 5484 1069 5549 scriptores,
1098 5484 1187 5551 qui
1216 5485 1317 5540 hoc
1349 5483 1724 5542 testimonium
1762 5490 1901 5545 cita-

320 5562 456 5607 runt.
492 5549 600 5616 legi
632 5550 919 5606 ἀδύνατον.

383 5618 494 5689 (£2)
534 5624 825 5691 Δύναμις.
879 5621 1217 5677 Subauditur
1269 5626 1304 5697 ἠ
1349 5625 1508 5681 τοῦτο
1556 5627 1895 5699 πράττουσα.

317 5686 430 5740 Ῠίά.
477 5694 644 5740 Dauln
678 5704 833 5740 ante.

368 5694 430 5744 id.
477 5694 644 5746 paulo
678 5704 833 5746 ante.

374 5706 1141 5841 Efer‘iﬁiggkmw.
1154 5762 1344 5841 liabet
1362 5766 1665 5841 Xenophon
1696 5767 1901 5841 ἐσθῆτα

318 5829 374 5884 δὶ
397 5832 455 5896 εξ
476 5830 547 5904 ἧς
570 5829 633 5889 iv
662 5832 907 5901 μάλιστα
926 5829 1042 5905 ὥρα
1066 5833 1376 5904 διαλάμποι,
1396 5838 1487 5897 lib.
1512 5829 1551 5895 it
1584 5829 1896 5910 Memorem,

2008 4631 2260 4686 obtendit
2288 4629 2451 4703 (nihil
2488 4633 2633 4688 enim
2666 4635 3078 4705 incorruptibile
3114 4638 3318 4692 habere
3362 4646 3458 4692 aut
3506 4639 3589 4691 fa-

2005 4736 2133 4778 cere
2178 4725 2394 4795 potest)
2446 4725 2501 4779 in
2539 4727 2859 4782 servitutem
2900 4729 3098 4799 redigit
3139 4729 3391 4783 homines
3440 4729 3588 4783 humi

2012 4848 2138 4914 αἱ,
2166 4850 2193 4922 §
2346 4850 2703 4923 ’Eptortmale
2728 4850 2793 4923 ad
2824 4849 3131 4923 éaﬂ._refert
3165 4851 3297 4907 Mar.
3322 4843 3591 4908 EnJ’un.

2080 4920 2192 4992 (24)
2219 4920 2375 4990 Πρὸς
2395 4920 2503 4987 τὰς
2529 4921 2718 4989 ὄψεις.
2747 4921 2898 4994 Apud
2925 4920 3333 4990 Xenophontem
3362 4924 3584 4994 ὄμματα

2001 4998 2457 5072 ἀναπεπταμένα.
2488 5001 2679 5072 Quare
2699 4992 2893 5072 melius
2924 5000 3097 5056 multo
3127 5000 3400 5072 legeretur
3420 4992 3589 5053 {851.

2000 5072 2198 5141 κτικήν
2227 5087 2287 5122 τε
2302 5066 2471 5134 ἐὐθὺς
2498 5066 2599 5134 τὰς
2625 5069 2774 5140 ὄψεις
2794 5066 2981 5123 οὖσαν.

2074 5135 2192 5211 (25)
2246 5140 2308 5196 'H
2332 5141 2444 5210 γὰρ
2468 5135 2680 5219 xussqu
2707 5142 2919 5219 §imiiis
2954 5137 3393 5219 sententiaﬁapud
3422 5135 3583 5219 J'oan.

2003 5210 2399 5268 Damascenum
2431 5224 2583 5281 orat.
2611 5214 2666 5264 in
2700 5211 2989 5265 Sabbatum
3017 5212 3100 5273 S.,
3137 5228 3170 5281 p
3223 5210 3348 5281 817,
3391 5210 3588 5281 tribui-

2004 5293 2092 5338 tur
2120 5284 2185 5335 ad
2222 5281 2524 5349 marginem
2559 5280 2721 5347 Grcg.
2754 5281 2913 5359 N_yss.
2943 5293 2997 5333 et
3024 5277 3153 5334 Nazl
3184 5300 3196 5335 :
3228 5279 3448 5363 Πέφυκε
3476 5277 3586 5348 γάρ
3620 5342 3623 5343 ν

2004 5371 2122 5402 πως
2148 5355 2180 5402 ἡ
2228 5354 2398 5402 κακία
2425 5353 2503 5402 τῶ
2526 5351 2622 5402 τοῦ
2652 5351 2819 5402 καλου
2849 5354 3060 5402 ποοσνή
3073 5368 3198 5402 ιιατι
3246 5349 3587 5402 ὲγκαλυπτε-

2003 5371 2122 5418 πως
2148 5355 2181 5424 ἡ
2228 5354 2398 5407 κακία
2425 5353 2503 5423 τῷ
2526 5351 2622 5404 τοῦ
2652 5351 2819 5405 καλοῦ
2849 5354 3198 5424 προσχήματι
3246 5351 3581 5433 ἐγκαλύπτε-

2004 5426 2146 5478 σθαι.
2169 5424 2283 5494 Καὶ
2310 5423 2418 5494 γὰρ
2438 5424 2506 5476 τὰ
2538 5425 2716 5476 οἰκεῖα
2741 5423 2901 5493 αἴσχη
2932 5426 2998 5493 τῇ
3029 5424 3197 5493 ἀρετῇ
3220 5419 3581 5492 ἐπιτριϐεται.

2003 5496 2141 5551 Vide
2165 5493 2452 5563 Prologum
2484 5496 2543 5546 ὃ.
2578 5495 2786 5555 lt'entni,
2820 5509 2874 5547 ιι.
2911 5495 2963 5545 1.

2073 5557 2660 5643 (Ξ6)“Διὰ“μιμήσεως
2688 5563 2983 5643 φθαρτῶν.
3013 5560 3327 5643 Legendum
3370 5557 3585 5643 defiat?-

1999 5630 2131 5690 των.
2167 5630 2302 5688 ’Νοη
2352 5630 2505 5689 'en'un
2544 5630 2923 5711 corruptibilia
2946 5674 2962 5700 ,
2995 5630 3117 5711 sedi
3145 5630 3586 5711 incorruptibilia

2002 5706 2312 5775 imitando,
2358 5706 2635 5763 vitiositas
2681 5704 2782 5761 sub
2821 5704 3042 5762 virtutis
3078 5702 3421 5761 ornamentis
3444 5702 3583 5757 delr-

2004 5778 2185 5834 tescit.
