4006 6254
402 361 509 415 463

1372 367 1429 425 S.
1469 368 1733 426 JUSTINI
1765 368 2176 427 PHILOSOPIII
2215 366 2303 424 ET
2340 367 2701 424 MARTYBIS

3551 371 3662 427 468

403 478 611 547 aﬂixos,
650 481 794 538 mala
828 481 934 537 sibi
964 481 1283 539 inhaerentia
1321 485 1515 542 virtuti
1547 486 1831 560 affingens.
1871 490 1971 557 Qui

2080 488 2440 557 χαμαιπετεῖς
2493 486 2604 540 τῶν
2658 483 2961 555 ἀνθρώπιον
2989 524 3004 551 ,
3052 484 3125 539 τὰ
3184 485 3455 555 προσόντα
3515 487 3660 558 αὐτῇ

402 582 583 627 autem
606 588 736 629 vera
760 573 905 629 bona
932 589 996 631 ac
1027 576 1252 632 minime
1282 576 1465 633 fucata
1500 581 1899 647 internoscunt,
1935 582 1975 636 ii

400 663 622 718 virtutis
664 663 935 722 beneﬁcio
968 666 1293 736 incorrupti.
1347 669 1501 735 Quod
1542 673 1760 740 quidem
1805 682 1860 728 et
1908 675 1978 727 de

399 754 733 812 Christianis
762 771 826 812 ac
851 759 918 813 de
942 759 1190 823 athletis,
1239 760 1417 830 iisque
1457 762 1547 830 qui
1586 779 1674 818 res
1706 762 1974 831 ejusmodi

398 862 650 917 gessere,
685 850 875 919 quales
908 860 1077 922 poeta:
1107 854 1175 907 de
1208 854 1502 911 celebratis
1544 857 1827 911 hominum
1854 856 1977 926 Opi-

400 940 567 996 nione
625 943 731 996 diis
780 944 1092 1012 scripsere,
1141 960 1247 999 non
1302 946 1698 1003 insulsissimus
1746 948 1977 1018 quisque

396 1034 719 1089 existimare
742 1036 925 1100 debet,
947 1036 1049 1090 hoc
1075 1038 1272 1093 ductus
1296 1050 1639 1108 argumento,
1670 1041 1811 1110 quod
1837 1055 1977 1095 mor-

398 1133 535 1190 tem,
569 1141 690 1196 quze
714 1128 933 1183 videtur
960 1128 1238 1199 fugienda,
1271 1140 1708 1187 contemnamus.

469 1306 559 1362 12.
601 1306 732 1362 Nam
763 1318 815 1364 et
846 1309 960 1379 ipse
996 1324 1118 1381 ego,
1154 1324 1279 1364 cum
1311 1308 1557 1366 Platonis
1597 1311 1847 1367 doctrina
1880 1315 1976 1370 de-

395 1401 655 1467 lectarer,
693 1419 758 1458 ac
783 1402 852 1459 de
889 1402 1212 1458 criminibus
1242 1403 1296 1457 in
1332 1404 1679 1461 Christianos
1712 1408 1975 1477 conjeCtis

397 1496 679 1561 audirem,
707 1508 802 1551 eos
843 1506 1024 1550 autem
1056 1497 1121 1549 ad
1156 1505 1389 1550 mortem
1422 1506 1478 1551 et
1506 1498 1573 1552 ad
1617 1498 1722 1553 alia
1766 1500 1970 1565 omnia,

396 1603 517 1657 quae
544 1587 800 1642 videntur
833 1588 1150 1651 metuenda,
1180 1587 1484 1656 impavidos
1507 1603 1823 1657 cernerem;
1857 1591 1974 1647 ﬁeri

394 1696 508 1734 non
535 1693 693 1749 posse
724 1678 1104 1749 intelligebam
1138 1687 1197 1733 ut
1227 1679 1279 1733 in
1305 1680 1548 1750 nequitia
1569 1691 1623 1736 et
1647 1682 1701 1736 in
1730 1682 1975 1753 volupta-

396 1775 513 1825 tum
543 1782 734 1823 amore
771 1768 1041 1822 viverent.
1073 1767 1211 1835 Quis
1250 1770 1396 1824 enim
1444 1769 1772 1828 libidinosus
1804 1783 1859 1828 et
1891 1775 1975 1827 in-

2078 577 2256 646 φαῦλα
2301 579 2367 648 τῇ
2415 577 2582 649 ἀρετῇ
2646 576 2952 648 περιθεῖσα.
3007 576 3071 629 Oi
3114 574 3175 629 δὲ
3225 578 3541 648 νενοηκότες
3590 580 3664 633 τὰ

2079 668 2346 740 προσόντα
2372 667 2449 739 τῷ
2477 668 2589 722 ὄντι
2623 667 2731 739 (27)
2766 668 2927 730 καλὰ,
2952 669 3047 722 καὶ
3077 666 3345 739 ἄφθαρτοι
3370 669 3437 739 τῇ
3465 669 3658 739 ἀρετῇ.

2082 762 2149 813 Ὃ
2177 760 2273 813 καὶ
2295 760 2423 832 περί
2447 758 2808 830 Χριστιανῶν,
2841 760 2935 812 καὶ
2965 759 3076 813 τῶν
3107 759 3216 813 ἀπὸ
3235 758 3328 812 τοῦ
3355 758 3517 813 ἄθλου
3549 761 3665 814 τῶν

2075 849 2396 922 ἀνθρώπων,
2431 850 2525 904 καί⁹
2555 849 2665 904 τῶν
2694 849 2917 903 τοιαῦτα
2946 849 3269 921 πραξάντων
3300 853 3458 905 ὁποῖα
3489 851 3663 920 ἐφθα-

2078 959 2179 995 σαν
2221 944 2269 996 οἱ
2302 943 2525 1014 ποιηταὶ
2563 943 2694 1014 περὶ
2730 942 2840 995 τῶν
2874 943 3243 1014 νομιζομένων
3297 943 3433 996 θεῶν
3457 983 3472 1007 ,
3526 946 3666 998 ὑπο-

2076 1035 2259 1088 λαϐεῖν
2305 1035 2387 1088 δεῖ
2436 1036 2614 1089 πάντα
2665 1031 2757 1090 οὖν
2808 1035 2920 1107 ἔχει
2954 1035 3063 1106 (28)
3088 1075 3102 1099 ,
3138 1038 3203 1090 ὲκ
3247 1036 3341 1090 τοῦ
3375 1037 3469 1091 καὶ
3516 1035 3665 1109 [τοῦ]

2079 1127 2313 1198 φευκτοῦ
2370 1128 2732 1201 καταφρονεῖν
2787 1128 2935 1199 ἡμᾶς
2968 1127 3200 1182 θανάτου
3223 1170 3238 1196 ,
3272 1128 3531 1200 λογισμὸν
3574 1130 3669 1182 ἕλ-

2078 1236 2260 1274 κοντα.

2147 1313 2233 1365 12.
2276 1311 2388 1365 Καὶ
2436 1311 2547 1382 γὰρ
2591 1310 2753 1374 αὐτὸς
2802 1310 2914 1379 ὲγὼ
2962 1313 3076 1375 τοῖς
3120 1313 3403 1378 Πλάτωνος
3451 1315 3664 1385 χαίρων

2075 1404 2407 1474 διδάγμασι,
2464 1403 2917 1475 διαϐαλλομένους
2973 1403 3187 1458 ἁκούων
3247 1407 3607 1477 Χριστιανοὺς
3643 1446 3660 1470 ,

2075 1495 2218 1569 ὀρῶν
2254 1496 2312 1549 δὲ
2351 1493 2587 1564 ἀφόϐους
2626 1493 2736 1565 (Ξθ)
2780 1495 2918 1568 πρὸς
2969 1495 3199 1549 Θάνατον
3244 1498 3337 1550 καὶ
3371 1498 3547 1552 πάντα
3590 1501 3663 1554 τὰ

2075 1588 2210 1642 ἄλλα
2235 1586 2565 1660 νομιζόμενα
2597 1588 2805 1660 φοϐερὰ
2825 1629 2840 1653 ,
2875 1589 3121 1643 ἐνενόουν
3144 1590 3404 1645 ἀδύνατον
3428 1588 3567 1647 εἶναι
3600 1594 3664 1647 ὲν

2076 1680 2248 1752 κακίᾳ
2278 1680 2373 1734 καὶ
2405 1679 2684 1750 φιληδονίᾳ
2723 1680 2992 1752 ὑπάρχειν
3041 1682 3256 1744 αὐτούς.
3295 1682 3390 1745 Τίς
3421 1682 3529 1754 γὰρ
3571 1702 3663 1754 φι-

2076 1773 2327 1845 λήδονος,
2361 1770 2396 1845 ἢ
2431 1771 2703 1844 ἀκρατὴς,
2738 1771 2835 1826 καὶ
2866 1773 3221 1844 ἀνθρωπίνων
3248 1774 3465 1845 σαρκῶν
3492 1774 3665 1847 βορὰν

396 1872 730 1937 temperans,
767 1879 832 1919 ac
864 1866 1117 1919 humana:
1147 1866 1335 1921 carnis
1368 1866 1554 1935 epulas
1586 1868 1641 1922 in
1686 1867 1845 1924 bonis
1873 1886 1972 1923 nu-

2077 1842 2280 1934 ἀγαθὸν
2311 1842 2646 1935 ἡγούμενος,
2678 1862 2893 1917 δύναιτο
2924 1842 2988 1918 ἂν
3021 1864 3250 1919 θάνατον
3276 1842 3618 1927 ἀσπάζεσθαι
3644 1908 3661 1931 ,

395 1973 649 2023 merans,
708 1967 936 2012 mortem
988 1957 1241 2028 amplecti
1291 1958 1505 2027 possit,
1558 1968 1619 2013 ut
1673 1960 1831 2016 bonis
1862 1962 1975 2016 suis

392 2058 599 2117 careat,
643 2064 709 2105 ac
750 2066 857 2106 non
893 2051 1075 2121 potius
1111 2050 1339 2106 omnino
1368 2051 1421 2104 in
1454 2050 1561 2106 hac
1602 2052 1716 2107 vita
1758 2068 1977 2123 semper

391 2144 625 2207 versari,
666 2150 723 2197 et
770 2143 1131 2213 magistratus
1172 2142 1348 2198 latere
1377 2152 1626 2209 conetur,
1653 2145 1852 2200 nedum
1888 2162 1975 2201 se-

392 2235 570 2304 ipsum
617 2235 834 2291 deferat
883 2246 1063 2292 morte
1104 2236 1521 2293 damnandum?
1551 2238 1632 2295 Ac
1675 2256 1971 2310 pravorum

391 2328 611 2395 quidem
667 2327 976 2383 daemonum
1036 2328 1270 2398 impulsu
1318 2328 1437 2400 jam
1490 2329 1690 2386 nefarii
1751 2332 1973 2402 quidam

391 2418 645 2473 homines
677 2418 778 2472 hoc
808 2417 1020 2474 facinus
1047 2420 1294 2475 edidere.
1334 2418 1471 2476 Cum
1502 2421 1647 2475 enim
1682 2422 1972 2477 nonnullos

390 2510 702 2565 occiderent
728 2511 798 2564 ob
825 2509 1006 2566 allicta
1037 2511 1127 2566 illa
1164 2512 1326 2568 nobis
1362 2513 1623 2581 crimina,
1669 2527 1974 2585 rapuerunt

390 2600 561 2655 etiam
599 2602 665 2655 ad
701 2610 974 2656 tormenta
1017 2614 1330 2659 nostrorum
1364 2617 1579 2671 servos,
1610 2607 1808 2676 partim
1839 2622 1973 2678 pue-

394 2701 515 2759 ros,
548 2694 745 2763 partim
779 2693 1163 2761 mulierculas,
1206 2711 1271 2750 ac
1303 2697 1597 2752 horrendis
1637 2699 1971 2756 cruciatibus

394 2783 642 2837 fabulosa
688 2783 779 2838 illa
826 2782 1112 2852 facinora,
1163 2801 1283 2856 quas
1322 2788 1500 2858 palam
1550 2798 1606 2843 et
1638 2798 1827 2857 aperte
1871 2792 1969 2862 ipsi

394 2885 732 2946 perpetrant,
768 2876 1026 2947 proferre
1062 2889 1386 2950 coegerunt.
1430 2880 1560 2947 Quae
1593 2881 1813 2952 quidem
1843 2885 1969 2953 quia

392 2986 420 3020 a
454 2970 610 3024 nobis
637 2969 810 3024 aliena
841 2979 994 3035 sunt,
1040 2986 1234 3042 parum
1276 2972 1624 3039 laboramus;
1653 2990 1778 3029 cum
1818 2977 1970 3045 inge-

391 3061 562 3114 nitum
598 3075 661 3115 ac
700 3077 805 3116 non
847 3064 1218 3118 enarrabilem
1261 3064 1436 3120 Deum
1487 3066 1880 3135 cogitationum
1916 3078 1973 3125 et

392 3150 669 3206 actionum
705 3161 898 3207 testem
928 3155 1251 3211 habeamus.
1283 3154 1424 3223 Quid
1466 3158 1614 3212 enim
1646 3171 1830 3214 causa:
1860 3169 1965 3227 est,
1998 3193 2040 3250 ρ

389 3246 489 3298 cur
519 3243 628 3315 97
665 3260 773 3298 non
805 3244 972 3300 etiam
1015 3245 1233 3314 publice
1261 3246 1621 3318 profiteamur
1658 3250 1779 3305 haec
1820 3261 1971 3306 recte

390 3328 535 3401 fieri,
564 3352 631 3392 ac
656 3338 892 3392 divinam
917 3338 1315 3410 philosophiam
1344 3356 1464 3397 esse
1491 3342 1966 3409 demonstremus;

391 3428 616 3485 Saturni
646 3432 907 3502 mysteria
940 3447 970 3485 a
1001 3432 1158 3489 nobis
1186 3432 1377 3505 peragi
1410 3434 1681 3501 dicentes,
1710 3451 1835 3490 cum
1871 3439 1971 3493 ho-

388 3523 596 3579 minem
615 3538 912 3589 necamus;
942 3540 1005 3580 ac
1026 3525 1153 3580 dum
1178 3527 1467 3595 sanguine,
1496 3537 1555 3583 ut
1576 3528 1735 3599 vulgo
1758 3529 1967 3597 dicunt,

458 3681 571 3756 (27)
614 3681 692 3735 Τὰ
720 3683 1026 3756 προσόντα
1070 3682 1149 3748 τῷ
1189 3683 1337 3738 ὄντι.
1376 3684 1523 3739 Nihil
1568 3686 1657 3741 hic
1704 3688 1967 3756 corrupti,

390 3755 487 3807 sed
530 3768 657 3807 vera
694 3753 1359 3826 et_solid_a_ornamenta,
1414 3772 1644 3826 quaeque
1682 3771 1809 3810 vere
1851 3753 1971 3812 exi-

390 3830 563 3896 stunt.
597 3822 806 3896 umbris
838 3822 1069 3896 et_fal_sis
1104 3822 1830 3896 imaginibus—apponitotur.

456 3892 568 3964 (28)
607 3887 953 3967 Hdwapﬁr
972 3892 1119 3967 ἔχει.
1153 3887 1324 3961 Hujus
1356 3887 1600 3967 loci,'q'ui
1643 3898 1969 3967 interpretes

390 3963 591 4035 mirum
617 3963 674 4035 in
710 3964 1152 4035 modumtorsit,
1197 3967 1386 4019 Vitium
1435 3963 1615 4021 sanari
1661 3963 1879 4035 potest,
1922 3973 1965 4025 si

390 4048 495 4108 una
525 4033 709 4108 addita
750 4032 984 4086 litterula
1004 4033 1258 4108 legamus
1289 4037 1472 4108 iuvre
1502 4032 1749 4108 voweﬁ.
1789 4040 1844 4091 In
1875 4054 1969 4094 co-

388 4104 510 4157 dice
540 4101 966 4178 Qlaromontano
1004 4101 1201 4178 legitur
1228 4106 1407 4160 πάντα
1434 4101 1692 4178 λογισμὸν
1718 4101 1966 4175 ἕλκοντα,

385 4171 604 4249 c:_nte_r_is
631 4173 686 4226 in
721 4184 869 4227 textu
916 4171 1171 4249 omissis,
1212 4179 1307 4249 sed
1348 4171 1529 4231 tamen
1559 4171 1625 4232 ait
1661 4171 1966 4249 marginem

388 4242 592 4315 ahalia
623 4260 785 4296 manu
816 4245 1103 4315 restitutis.
1132 4244 1287 4315 Legit
1316 4250 1483 4301 etiam
1510 4242 1971 4305 Thirlbius'vouv-

386 4313 485 4452 ἕξ
518 4352 533 4378 ,
591 4325 645 4367 et
702 4314 862 4384 paulo
927 4324 1054 4368 ante
1117 4313 1241 4370 cum
1290 4316 1548 4373 Perionio
1600 4317 1808 4389 ἔφασαν
1870 4338 1968 4392 pro

433 4401 449 4415 ν
490 4399 648 4437 ασαν.

433 4399 648 4437 βυασαν.

458 4453 570 4525 (29)
610 4453 914 4529 ἰιλξριόϐοίυςἒ
941 4452 1166 4529 Legitur
1200 4457 1298 4510 καὶ
1337 4457 1575 4526 ἀφόϐους
1620 4460 1760 4529 apud
1797 4460 1968 4516 Euse-

2076 1958 2224 2021 ὅπως
2263 1956 2375 2011 τῶν
2403 1955 2569 2011 αὑτοῦ
2602 1955 2824 2026 ἀγαθῶν
2857 1956 3092 2029 στερηθῇ
3121 1956 3233 2027 (50)
3256 1972 3271 1987 ⁸
3308 1957 3422 2016 ἀλλ’
3454 1959 3555 2011 οὐκ
3595 1960 3665 2012 ὲκ

2077 2048 2275 2113 παντὸς
2309 2047 2408 2121 ζῇν
2439 2048 2538 2121 μὲν
2582 2048 2670 2102 ἀεὶ
2711 2047 2813 2120 τὴν
2842 2048 3029 2102 ἐνθάδε
3077 2047 3296 2120 βιοτὴν,
3333 2047 3427 2101 καὶ
3460 2046 3666 2101 λανθά-

2075 2160 2185 2196 νειν
2209 2142 2337 2207 τοὺς
2370 2142 2635 2215 ἄρχοντας
2653 2142 2913 2212 ἐπειρᾶτο
2932 2155 2945 2171 ⁸
2970 2142 3068 2210 οὐχ
3100 2142 3182 2194 ὅτι
3207 2157 3270 2209 γε
3301 2140 3493 2194 ἑαυτὸν
3521 2157 3662 2193 κατ-

2077 2233 2296 2305 ήγγειλε
2329 2233 2438 2303 (δ’)
2476 2231 2975 2304 φονευθησόμενονς
3012 2232 3149 2304 Ἤδη
3181 2232 3274 2285 καὶ
3306 2231 3464 2285 τοῦτο
3496 2232 3664 2302 ἑνήρ-

2074 2342 2249 2397 γησαν
2274 2328 2322 2379 oi
2347 2324 2540 2395 φαῦλοι
2573 2324 2825 2397 δαίμονες
2852 2325 2941 2378 διά
2968 2342 3130 2379 τινων
3164 2323 3418 2396 πονηρῶν
3450 2322 3664 2396 ἀνθρώ-

2074 2432 2192 2469 πων
2239 2414 2573 2487 πραχθῆναι.
2625 2414 2942 2479 Φονεύοντες
2997 2415 3107 2485 γὰρ
3167 2413 3319 2468 αὐτοι
3364 2431 3517 2477 τινας
3565 2414 3665 2468 ἐπὶ

2077 2507 2410 2579 συκοφαντίᾳ
2442 2509 2508 2578 τῇ
2543 2509 2623 2571 εἰς
2655 2508 2803 2578 ἡμᾶς
2822 2546 2838 2572 ,
2869 2506 2964 2561 καὶ
2996 2509 3076 2570 εἰς
3106 2505 3372 2577 βασάνους
3404 2505 3665 2560 εἵλκυσαν

2073 2599 2289 2663 οἰκέτας
2318 2600 2427 2654 τῶν
2460 2598 2764 2672 ἡμετέρων,
2799 2601 2834 2671 ἢ
2879 2600 3077 2663 παῖδας
3096 2640 3112 2666 ,
3146 2599 3179 2671 ἢ
3209 2598 3435 2669 γύναια,
3464 2598 3561 2653 καὶ
3592 2599 3664 2652 δι’

2073 2691 2349 2764 αἰκισμῶν
2392 2692 2640 2765 φοϐερῶν
2684 2692 3117 2761 ὲξαναγκάζουσι
3158 2696 3439 2747 κατειπεῖν
3487 2692 3663 2746 ταῦτα

2072 2786 2140 2840 τὰ
2186 2784 2632 2857 μυθολογούμενα
2656 2824 2671 2850 ,
2718 2784 2755 2839 ἃ
2798 2786 2953 2839 αὐτοὶ
3003 2786 3250 2857 φανερῶς
3290 2786 3658 2857 πράττουσινο

2072 2871 2149 2932 ὧν
2192 2878 2377 2950 ἐπειδὴ
2412 2874 2563 2931 οὐδὲν
2610 2878 2900 2948 πρόσεστιν
2947 2880 3112 2949 ἡμῖν,
3155 2880 3215 2933 οὐ
3262 2878 3660 2951 φροντίζομεν,

2071 2970 2206 3023 Θεὸν
2236 2970 2329 3024 τόν
2376 2970 2673 3042 ἀγέννητον
2713 2970 2809 3024 καὶ
2858 2970 3095 3043 ἄρρητον
3143 2971 3397 3043 μάρτυρα
3442 2970 3661 3040 ἔχοντες

2070 3062 2179 3117 τῶν
2202 3080 2261 3116 τε
2294 3061 2571 3134 λογισμῶν
2600 3062 2696 3116 καὶ
2729 3062 2837 3117 τῶν
2867 3062 3139 3134 πράξεων.
3173 3063 3330 3126 Τίνος
3355 3062 3465 3134 γὰρ
3494 3062 3661 3132 χάριν

2071 3155 2193 3225 οὐχὶ
2238 3156 2332 3209 καὶ
2377 3154 2549 3209 ταῦτα
2592 3154 2828 3225 δημοσίᾳ
2861 3154 3245 3226 ὡμολογοῦμεν
3297 3153 3476 3223 ἀγαθὰ
3500 3193 3515 3217 ,
3563 3153 3661 3206 καὶ

2074 3246 2394 3316 φιλοσοφίαν
2446 3245 2596 3299 θείαν
2649 3245 2788 3299 αὐτὰ
2838 3246 3263 3317 ἁπεδείκνυμεν,
3318 3248 3658 3315 φάσκοντες,

2074 3340 2286 3412 Κρόνου
2305 3340 2418 3411 (52)
2451 3341 2547 3411 μὲν
2578 3341 2853 3411 μυστήρια
2876 3340 3051 3393 τελεῖν
3080 3340 3138 3393 ὲν
3177 3340 3255 3410 τῷ
3293 3338 3657 3409 άνδροφονεῖν,

2075 3430 2167 3484 καὶ
2214 3432 2272 3483 ὲν
2303 3428 2382 3501 τῷ
2425 3431 2657 3501 αἵματος
2703 3428 3118 3500 ἐμπίπλασθαι,
3169 3430 3244 3493 ὡς
3291 3429 3543 3498 λέγεται,
3589 3429 3660 3483 τὰ

2075 3518 2164 3571 ἴσα
2195 3518 2273 3590 τῷ
2300 3521 2431 3591 παρ’
2461 3520 2590 3589 ὑμῖν
2612 3519 2908 3590 τιμωμένῳ
2939 3518 3143 3589 εἰδώλῳ
3164 3518 3299 3591 (35),
3326 3513 3371 3588 ᾧ
3397 3520 3458 3573 οὐ
3497 3519 3662 3589 μόνον

2074 3705 2114 3751 ι.
2145 3704 2196 3743 c.
2218 3688 2312 3753 2|,
2347 3699 2404 3742 et
2436 3688 2636 3755 Euseb,
2673 3688 2918 3756 Prwpar.
2952 3704 3032 3743 ev.
3067 3703 3142 3753 Iv,
3174 3703 3225 3741 c.
3272 3688 3360 3751 15,
3417 3703 3566 3757 sqq.,
3600 3705 3656 3757 p.

2074 3758 2198 3823 154,
2245 3774 2397 3827 sqq.,
2455 3759 2543 3813 ed.
2582 3757 2765 3827 Viger.
2812 3758 3005 3813 Col0n.
3057 3757 3241 3828 Neque
3279 3758 3411 3812 urbe
3462 3774 3657 3813 eversa

2072 3830 2217 3883 ist-ud
2266 3830 2444 3883 scelus
2470 3830 2801 3883 exstinctum
2831 3840 2937 3893 est,
2964 3842 3153 3883 verum
3190 3828 3355 3881 etiam
3395 3836 3515 3898 post
3554 3837 3655 3885 νο·

2074 3903 2228 3953 titam
2265 3898 2526 3953 Romanis
2556 3899 2765 3968 legibus
2811 3898 3174 3952 humanarum
3207 3897 3509 3952 hostiarum
3550 3899 3659 3951 im-

2076 3968 2455 4033 molationem,
2485 3969 2597 4023 imo
2630 3980 2749 4037 post
2776 3968 3095 4023 sacerdotes
3126 3970 3178 4022 in
3206 3968 3495 4022 arboribus
3527 3978 3661 4021 temo

2072 4040 2143 4106 pli
2184 4041 2264 4094 sui
2302 4040 2803 4094 obumbratricibus
2831 4053 2925 4107 per
2961 4038 3242 4093 Tiberium
3273 4038 3655 4106 proconsulem

2070 4112 2327 4164 crucibus
2360 4112 2664 4175 expositos,
2686 4109 2804 4163 Afri
2842 4109 3193 4162 nihilominus
3218 4110 3405 4162 eadem
3442 4107 3657 4161 sacriﬁ-

2071 4180 2151 4233 cia
2182 4181 2237 4233 in
2261 4181 2474 4233 occulto
2502 4180 2792 4243 faciebant,
2820 4181 2895 4233 uti
2927 4178 3335 4246 Tertullianus,
3357 4176 3473 4246 ipse
3496 4175 3657 4242 Afer,

2074 4254 2354 4304 memoria:
2397 4250 2638 4318 prodidit
2687 4248 2877 4317 (Apol.
2907 4263 2959 4303 c.
2995 4249 3028 4303 9
3061 4246 3223 4318 [Ορρ.
3252 4249 3340 4302 ed.
3390 4247 3655 4314 Leopold.

2071 4336 2131 4445 ὃ.
2157 4319 2203 4391 ι]
2232 4335 2284 4387 p.
2319 4317 2434 4389 67).
2478 4319 2591 4372 llas
2617 4319 3034 4373 observationes
3065 4317 3320 4372 Thirlbio
3366 4318 3653 4372 debemus.

2120 4406 2250 4444 ἰιι-ο.

2120 4406 2250 4444 ῬἸΟ.

2141 4460 2257 4530 (55)
2302 4458 2387 4525 Τῷ
2423 4458 2559 4526 παρ’
2588 4456 2731 4527 ὑμῖν
2764 4455 3067 4526 τιμωμένῳ
3097 4455 3342 4530 εἰδώλῳ.
3374 4454 3531 4530 Saepe
3561 4454 3657 4511 alii

386 4523 563 4601 bium,
592 4528 693 4601 qui
719 4525 864 4601 hunc
888 4523 1085 4601 Justini
1109 4527 1293 4601 locum
1330 4523 1559 4583 inSeruit
1602 4523 1744 4584 libro
1774 4543 1968 4601 quarto
1998 4533 2049 4593 D
2077 4523 2376 4600 scriptores
2431 4523 2597 4601 hanc_
2615 4523 3057 4601 superstitionem
3093 4526 3326 4601 ethnicis
3359 4523 3652 4601 obiecere;

388 4592 559 4661 Νίκη
590 4592 639 4652 θ’.
667 4597 723 4651 8.
763 4594 887 4649 Mox-
924 4594 1059 4672 ἄλλα
1088 4599 1240 4672 deest
1268 4602 1694 4672 apudeumdem
1725 4592 1966 4672 sci-ipto-

388 4673 698 4744 rern,_'\apt_t£t
733 4680 893 4744 quem
924 4668 1088 4744 etiam
1122 4666 1319 4744 legitur
1343 4668 1721 4744 ἁνθριιζπεί-ων.

456 4734 735 4815 (ὖυὶτῶν
775 4736 967 4815 ιζύτοιξ
1008 4734 1245 4815 ἀγαθῶν
1279 4734 1559 4815 στερήᾷῇ.
1619 4739 1816 4815 Euseb.
1861 4741 1970 4815 τῶν

385 4806 580 4882 ἑαυτοῦ
628 4806 915 4882 στερηθείη
953 4807 1276 4882 ἐπιθυμιῶν.
1321 4806 1457 4864 Μωι
1481 4806 1622 4882 idem
1663 4811 1761 4882 ζῇν
1791 4812 1877 4865 ἀεί
1915 4826 1971 4869 et

336 4902 341 4909 ι
385 4877 484 4946 οὐχ
513 4877 593 4930 ὅτι
625 4877 837 4931 ἑαυτόν.
875 4877 940 4930 Η.
976 4877 1289 4948 Stephanus
1319 4883 1447 4935 dum
1480 4881 1676 4936 Justini
1703 4877 1873 4937 'verba
1902 4886 1969 4938 ad

386 4952 777 5022 gratuitiatieas
818 4948 1031 5022 regulas
1065 4963 1310 5022 revocat,
1339 4952 1623 5022 legendum
1666 4965 1823 5021 putat
1849 4970 1970 5006 πει-

388 5015 527 5090 ρῷτο
548 5034 599 5090 et
623 5015 779 5090 εἰδὼς
807 5015 1290 5090 φονευθησόμενον.

457 5087 566 5164 (51)
605 5089 991 5164 Κατήγγειλε.
1029 5087 1366 5164 Sylburgius
1390 5093 1569 5162 posuit
1606 5093 1967 5164 κατήγγελλε,

387 5160 515 5225 quia
548 5161 739 5213 eodem
774 5162 932 5213 modo
958 5161 1154 5230 legitur
1177 5164 1318 5229 apud
1350 5160 1667 5217 Eusebium.
1700 5160 1809 5217 Sed
1832 5166 1969 5218 nihil

386 5229 1177 5304 vetat_quoi_ninus_aoristum
1226 5232 1585 5288 retineamus.
1630 5234 1801 5288 Paulo
1846 5244 1970 5304 post

386 5297 518 5366 legit
545 5298 822 5353 Thirlbius
850 5300 1118 5354 ἕλκουσιν.

456 5369 567 5439 (δὲ)
608 5370 951 5443 Φάσκοντες
982 5372 1237 5439 Κρόνου.
1270 5372 1565 5443 Aptissime
1610 5374 1699 5428 hic
1742 5392 1770 5429 a
1818 5389 1965 5428 mar-

388 5449 505 5513 tyre
538 5452 872 5513 memoratur
906 5442 1216 5506 Saturnus;
1249 5445 1295 5497 is
1323 5442 1468 5497 enim
1515 5460 1812 5513 puerorum
1849 5461 1972 5497 san-

386 5511 548 5583 guine
580 5512 817 5565 maxime
849 5514 1156 5581 gaudebat,
1205 5511 1723 5569 Christiani'autem
1769 5530 1971 5583 pueros

387 5581 713 5634 dicebantur
743 5594 1007 5635 mactare.
1038 5585 1153 5636 Prae
1186 5586 1401 5638 cwteris
1433 5584 1721 5638 Phoenices
1756 5581 1973 5638 corum-

387 5665 493 5713 utre
526 5652 753 5705 coloniae
802 5654 958 5707 deum
1004 5655 1168 5707 istum
1225 5658 1460 5708 victimis
1513 5659 1790 5707 colebant.
1828 5654 1973 5720 Qua-

389 5734 507 5773 rum
546 5722 883 5794 coloniarum
921 5724 1260 5777 nobilissima
1310 5727 1589 5792 Carthago
1639 5734 1968 5794 metrOpotm

388 5804 539 5845 suam
579 5791 860 5861 impietate
893 5798 1190 5864 superavit.
1230 5795 1314 5851 Cf.
1340 5791 1590 5851 Lactant.
1625 5791 1831 5852 Iusti“.
1860 5799 1967 5850 div.

2073 4595 2496 4669 sed-praecipue
2556 4595 2925 4669 Tertullianus
2986 4595 3260 4669 Justitiam
3307 4595 3509 4648 imitari
3573 4597 3660 4669 vi-

2074 4664 2238 4724 detur
2274 4664 2551 4738 Apoiogel.
2585 4683 2706 4736 Cap.
2746 4668 2800 4722 8.
2853 4665 2986 4738 Vide
3034 4667 3109 4720 De
3153 4664 3396 4730 Spectac.
3426 4679 3559 4738 cap.
3597 4666 3654 4719 6.

2071 4741 2222 4795 Citat
2252 4736 2502 4793 eruditus
2534 4737 2895 4792 Londinensis
2943 4739 3118 4791 editor
3152 4738 3289 4788 alios
3328 4736 3653 4803 scriptores,

2071 4812 2161 4879 qui
2210 4810 2350 4864 idem
2388 4812 2617 4863 dixere:
2656 4809 2945 4879 'l‘iatian‘um
2992 4825 3047 4860 n.
3080 4806 3178 4879 ‘26;
3216 4804 3501 4879 TheOphil.
3543 4806 3659 4857 An-

2075 4874 2246 4936 tioch.
2276 4880 2311 4932 Ι.
2343 4895 2433 4941 ιιι,
2470 4897 2526 4934 ιι.
2554 4880 2613 4941 7;
2660 4877 2957 4931 Minucium
3008 4892 3128 4941 cap.
3153 4878 3255 4940 2|;
3308 4874 3657 4927 Lactantium

2075 4892 2246 4936 tiocn.
2276 4892 2311 4932 ι.
2343 4895 2433 4941 ιιι,
2470 4897 2526 4934 ιι.
2555 4892 2613 4946 ·ι;
2660 4892 2957 4931 Minucmm
3008 4892 3069 4928 ca
3115 4916 3128 4929 .
3153 4892 3255 4940 2|;
3308 4892 3657 4927 Laetallltunl

2072 4952 2171 5005 lib.
2195 4962 2232 5009 ι,
2248 4960 2366 5015 cap.
2383 4949 2447 5003 21
2468 4962 2520 5006 et
2534 4948 2633 5018 50;.
2648 4942 2913 4999 Albanas.
2929 4943 3048 4998 adv.
3067 4892 3243 5006 gent"
3260 4955 3312 5009 p.
3328 4942 3421 5018 24;
3455 4943 3659 5018 Firmi-

2072 5036 2196 5075 cum
2240 5018 2316 5072 De
2346 5021 2487 5086 pro].
2533 5015 2654 5082 τοίη
2682 5018 3044 5087 Epiphanium
3076 5020 3206 5069 Anc.
3241 5032 3296 5083 p.
3329 5017 3461 5079 108;
3513 5015 3657 5068 Prn-

2072 5092 2315 5145 dentium
2348 5092 2386 5141 Ι.
2412 5104 2427 5142 ι
2460 5091 2593 5142 Adv.
2621 5086 2927 5157 Symmach.
2952 5102 3005 5139 ν.
3035 5086 3160 5152 380,
3184 5095 3239 5139 et
3264 5100 3414 5153 seqq.
3454 5088 3657 5157 Deinde

2075 5162 2128 5214 in
2165 5170 2455 5227 utramque
2485 5155 2697 5228 partem
2727 5159 2990 5223 disputat,
3016 5172 3084 5228 ac,
3108 5159 3282 5224 primo
3309 5157 3528 5228 quidem
3556 5155 3657 5228 Pa:

2070 5233 2217 5285 trum
2246 5225 2627 5283 auctoritatem
2656 5229 2855 5289 elevat,
2886 5230 3014 5295 quia
3040 5227 3210 5279 altum
3240 5240 3302 5279 ea
3328 5227 3395 5278 de
3420 5242 3477 5277 re
3511 5225 3655 5295 apud

2074 5303 2332 5369 profanos
2362 5303 2661 5368 scriptores
2695 5293 2996 5369 silentium,
3027 5306 3261 5369 excepto
3303 5305 3480 5348 tamen
3518 5293 3657 5369 Por-

2080 5365 2276 5441 phyrio
2310 5370 2404 5424 lib.
2435 5365 2578 5423 ιι“ι)ε
2606 5370 2800 5422 abslin.
2831 5385 2881 5437 p.
2903 5367 3031 5422 220‘.
3063 5368 3196 5441 'l'um
3227 5365 3452 5441 Patrum
3500 5366 3656 5441 testi-

2076 5435 2257 5518 monia
2300 5456 2329 5493 a
2384 5441 2651 5522 mendacii
2701 5449 2756 5492 ct
2788 5435 2991 5522 erroris
3035 5437 3344 5522 snhspijcione
3393 5435 3653 5522 vindicat.

2071 5540 2143 5550 —
2181 5510 2264 5575 Τῷ
2309 5510 2444 5576 παρ’
2479 5509 2622 5577 ὑμῖν
2668 5508 2974 5577 τιμωμένῳ
3023 5503 3265 5569 εἰδώλῳ.
3313 5511 3429 5577 δυ.-
3454 5503 3654 5557 τελεῖν.

2074 5574 2254 5637 Locus
2304 5574 2549 5649 apprime
2586 5591 2672 5633 est
2724 5574 3377 5649 insignis..Etettint___liis_
3406 5574 3658 5629 Justinus

2076 5654 2255 5707 verbis
2284 5646 2471 5705 Jovem
2511 5649 2774 5703 Latialem
2808 5646 3074 5715 designat,
3105 5648 3191 5699 cui
3229 5646 3318 5700 illo
3368 5647 3485 5714 ipso
3514 5656 3658 5698 tem-

2075 5738 2207 5793 pore
2236 5721 2422 5776 Bonna:
2457 5723 2703 5775 homines
2744 5720 3198 5793 imumtabantur.
3245 5719 3419 5793 Quam
3455 5730 3657 5793 super-

2075 5790 2351 5850 S'titionem
2399 5808 2590 5845 omnes
2622 5791 2931 5859 Apo'ogeta:
2978 5792 3233 5843 Romanis
3279 5790 3662 5853 obtinebant,
