4006 6254
345 362 444 419 ωδ

1464 366 1809 423 ΑΡοιοοιΑ
1846 367 1886 421 Il
1922 367 2059 425 PRO
2090 367 2545 427 CHRISTIANIS.

3523 375 3629 435 466

345 478 536 546 ἀλόγων
582 472 741 540 ζώων
791 475 1012 547 αἵματα
1056 484 1499 555 προσραίνεται,
1533 483 1670 537 ἀλλὰ
1714 484 1809 537 καὶ
1854 485 1926 537 ἀνι

2058 488 2378 554 implentur,
2426 502 2812 542 ceremomam
2868 502 2989 543 esse
3040 488 3275 544 similem
3327 500 3519 547 vestra:
3566 496 3621 548 iu

345 570 575 642 θρώπεια
594 608 609 631 ,
637 567 729 621 διὰ
760 567 859 621 τοῦ
882 572 1021 640 παρ’
1057 572 1205 643 ὑμῖν
1233 574 1636 644 ὲπισημοτάτου
1669 574 1763 627 καὶ
1790 574 1948 641 εὐγε-

346 661 587 716 νεστάτου
621 660 819 732 ἀνδρὸς
844 663 945 732 τὴν
966 664 1295 735 πρόσχυσιν
1321 665 1414 718 τοῦ
1443 665 1551 718 τῶν
1586 664 1950 735 φονευθέντων

348 755 569 825 αἵματος
594 752 916 825 ποιούμενοι
940 753 1064 826 (⁸54)
1093 774 1107 787 ·
1136 756 1264 821 Διὸς
1288 759 1345 811 δὲ
1370 758 1592 811 καὶτῶν
1615 756 1790 811 ἄλλων
1812 756 1949 811 θεῶν

352 847 579 917 μιμηταὶ
621 847 914 918 γενόμενοι
962 851 1026 902 ὲν
1069 848 1156 920 τῷ
1191 850 1534 922 ἀνδροϐατεῖν
1577 850 1671 904 καὶ
1702 849 1949 918 γυναιξὶν

346 936 515 1001 ἀδεῶς
546 938 845 1009 μίγνυσθαι
874 978 889 1000 ,
934 938 1273 1012 Ἐπικούρου
1311 939 1408 1011 μὲν
1431 940 1525 994 καὶ
1548 938 1617 994 τὰ
1651 939 1760 993 τῶν
1789 957 1947 1012 ποιη-

345 1028 452 1081 τῶν
486 1031 909 1101 συγγράμματα
945 1031 1251 1100 ἀπολογίαν
1284 1033 1578 1104 φέροντες;
1632 1032 1848 1103 Ἐπειδὴ
1892 1034 1948 1087 δὲ

345 1121 523 1176 ταῦτα
544 1122 618 1175 τὰ
645 1122 971 1193 μαθήματα,
1007 1124 1110 1177 καὶ
1154 1124 1281 1185 τοὺς
1306 1123 1480 1179 ταῦτα
1505 1123 1819 1195 πράξαντας
1852 1124 1948 1179 καὶ

351 1214 730 1284 μιμουμένους
762 1215 985 1283 φεύγειν
1014 1213 1297 1285 πείθομεν,
1324 1214 1399 1278 ὡς
1424 1215 1519 1268 καὶ
1546 1215 1642 1268 νῦν
1664 1214 1750 1267 διὰ
1780 1214 1946 1267 τῶνδε

348 1306 457 1359 τῶν
524 1306 707 1375 λόγων
763 1306 1154 1378 ἠγωνίσμεθα,
1220 1306 1482 1371 ποικίλως
1541 1306 1942 1378 πολεμούμεθα.

359 1399 507 1453 Ἀλλ’
538 1400 605 1453 οὐ
642 1400 1043 1471 φροντίζομεν,
1080 1400 1203 1452 ἐπεὶ
1239 1398 1370 1453 Θεὸν
1409 1398 1517 1452 τῶν
1558 1400 1774 1453 πάντων
1820 1400 1947 1451 ὲπό-

344 1506 493 1558 πτην
521 1489 734 1543 δίκαιον
766 1488 1009 1559 οἴδαμεν.
1035 1490 1100 1541 Εί
1122 1488 1179 1541 δὲ
1214 1488 1309 1542 καὶ
1337 1488 1431 1541 νῦν
1457 1488 1542 1552 τὶς
1559 1483 1627 1561 ἦν
1654 1486 1788 1559 ('55),
1811 1505 1946 1559 τρα-

342 1584 476 1651 γικῇ
507 1584 664 1652 φωνῇ
700 1581 998 1653 ἀνεϐόησεν
1041 1581 1135 1634 ἐπὶ
1174 1580 1228 1633 τὶ
1275 1580 1429 1652 βῆμα,
1470 1581 1673 1652 ὑψηλὸν
1701 1581 1940 1645 ἀναϐάς.

348 1693 370 1724 ι
401 1672 727 1744 Δίδέσθητε,
754 1672 1037 1745 αἰδέσθητε
1062 1671 1099 1726 ἃ
1122 1672 1372 1745 φανερῶς
1401 1675 1670 1743 πράττετε
1692 1675 1770 1737 εἰς
1792 1674 1945 1727 ἀναι-

342 1765 496 1828 τίους
524 1764 901 1835 ἀναφέροντες
923 1805 938 1828 ,
973 1764 1070 1818 καὶ
1095 1763 1164 1817 τὰ
1193 1764 1459 1834 προσόντα
1484 1764 1581 1819 καὶ
1614 1764 1829 1828 ἑαυτοῖς
1849 1763 1942 1818 καὶ

2053 576 2183 632 illud
2215 577 2571 632 simulacrum
2604 578 2877 645 religioni,
2919 578 3064 646 quod
3090 594 3199 633 non
3232 581 3496 648 pecudum
3528 597 3624 637 so-

2050 669 2184 733 lum,
2219 671 2316 726 sed
2350 670 2630 724 hominum
2664 670 2830 725 etiam
2869 670 3140 740 sanguine
3194 669 3470 738 proluitis,
3525 674 3623 727 ho-

2052 764 2256 817 minum
2289 764 2600 818 occisorum
2630 763 2970 835 sanguinem’
2989 763 3298 819 clarissimo
3336 765 3477 833 apud
3526 780 3623 817 vos

2049 866 2104 909 et
2138 854 2475 910 nobilissimo
2500 856 2618 908 viro
2641 854 2880 921 libante;
2910 853 3063 910 Jovis
3097 863 3277 909 autem
3306 864 3361 911 et
3389 856 3620 909 aliorum

2051 946 2358 1001 imitatores
2390 962 2513 1001 esse
2535 985 2551 1011 ,
2582 946 2710 1003 dum
2742 946 2796 1000 in
2832 960 3128 1015 puerorum
3172 947 3377 1014 stupris
3407 956 3463 1001 et
3496 961 3620 1015 pro-

2048 1039 2261 1094 miscuo
2293 1054 2418 1095 cum
2469 1038 2789 1094 mulieribus
2829 1039 3120 1094 concubitu
3170 1038 3514 1103 volutamur;
3552 1052 3619 1091 ex

2048 1128 2266 1195 Epicuri
2291 1129 2457 1184 etiam
2488 1136 2545 1183 et
2574 1137 2858 1198 poetarum
2890 1129 3109 1197 scriptis
3132 1127 3498 1197 patrocinium
3528 1142 3624 1197 pe-

2049 1221 2265 1275 tentes?
2290 1221 2399 1275 Sed
2428 1220 2555 1289 quia
2582 1228 2638 1274 et
2667 1220 2735 1274 ab
2765 1219 2852 1275 his
2880 1218 3148 1274 institutis
3175 1228 3233 1274 et
3257 1220 3324 1275 ab
3354 1217 3618 1287 ejusmodi

2048 1311 2352 1366 facinorum
2381 1312 2701 1367 auctoribus
2738 1319 2794 1366 et
2831 1311 3196 1367 imitatoribus
3241 1311 3617 1382 refugientium

2047 1402 2361 1466 suademus,
2428 1402 2482 1456 id
2537 1404 2681 1472 quod
2741 1403 3046 1458 etiamnum
3102 1404 3205 1459 hac
3264 1403 3318 1458 in
3374 1405 3620 1459 oratione

2046 1494 2445 1559 contendimus,
2477 1504 2767 1565 propterea
2800 1495 2969 1549 variis
3011 1496 3184 1550 modis
3213 1510 3618 1565 oppugnamur.

2043 1583 2115 1639 At
2136 1585 2284 1654 parvi
2314 1586 2619 1654 pendimus,
2650 1586 2774 1655 quia
2797 1586 2967 1640 Deum
2986 1586 3194 1655 justum
3224 1602 3347 1642 esse
3374 1588 3617 1643 omnium

2046 1676 2410 1746 inspectorem
2444 1677 2673 1732 scimus.
2727 1676 2949 1733 Utinam
2998 1690 3180 1733 autem
3227 1696 3371 1735 nunc
3425 1680 3622 1749 aliquis

2044 1784 2179 1823 voce
2206 1770 2412 1839 tragica
2451 1783 2482 1824 e
2526 1769 2647 1824 loco
2690 1771 2977 1839 superiore
3006 1771 3317 1827 clamaret:
3355 1790 3375 1824 ι
3414 1772 3622 1827 Pudeat

346 1860 459 1919 τοῖς
516 1858 816 1927 ὑμετέροις
882 1856 1060 1921 θεοῖς,
1131 1855 1545 1928 περιϐάλλοντες
1596 1856 1803 1920 τούτοις
1867 1850 1926 1911 ὧι

2046 1876 2165 1927 vos,
2190 1863 2410 1930 pudeat,
2441 1876 2561 1930 quae
2604 1860 2786 1931 palam
2821 1859 3036 1929 facitis,
3066 1877 3129 1915 ea
3164 1863 3216 1915 in
3250 1862 3506 1917 homines
3535 1863 3621 1916 in-

341 1950 493 2002 οὑδὲν
524 1947 642 2001 οὐδ’
676 1949 773 2001 ἐπὶ
799 1948 965 2001 ποσὸν
1000 1949 1263 2019 μετουσία
1295 1946 1430 2001 ὲστί.
1460 1947 1776 2003 Μετάθεσθε
1796 1989 1809 2014 ,
1838 1965 1941 2003 σω-

346 2040 707 2111 φρονίσθητε.
723 2060 741 2091 ι

408 2240 493 2293 13.
537 2241 655 2293 Καὶ
685 2241 799 2309 γὰρ
831 2240 961 2307 ἐγὼ,
1002 2240 1190 2311 μαθὼν
1223 2239 1536 2312 πρίόλημα
1582 2241 1818 2315 πονηρὸν
1858 2245 1938 2306 είς

336 2327 694 2400 ἀποστροφὴν
728 2328 848 2381 -τῶν
892 2330 1068 2383 ἄλλων
1120 2330 1449 2403 ἀνθρώπων,
1498 2331 1937 2402 περιτεθειμένον

334 2422 439 2475 ὑπὸ
475 2422 593 2474 τῶν
637 2421 865 2492 φαύλων
908 2424 1183 2494 δαιμόνων
1229 2428 1341 2489 τοῖς
1386 2424 1727 2497 Χριστιανῶν
1772 2426 1935 2491 θείοις

333 2515 655 2585 δ.δάγμασι,
691 2515 788 2567 καὶ
820 2514 1311 2585 ψευδολογούμενον
1344 2515 1456 2587 (36)
1488 2516 1680 2580 ταῦτα,
1715 2517 1808 2570 καὶ
1840 2519 1933 2571 τοῦ

333 2606 564 2678 τεεριδλή
574 2624 749 2677 ματος
774 2608 1119 2675 κατεγέλασα
1152 2608 1365 2679 καὶτῆς
1397 2609 1549 2680 παρὰ
1580 2612 1692 2672 τοῖς
1719 2609 1934 2675 πολλοῖς

328 2698 507 2770 “ire,
534 2699 873 2770 Χριστιανὸς
897 2700 1190 2772 εὑρεθῆναι
1216 2701 1309 2753 καὶ
1338 2701 1632 2771 εὐχόμενος
1660 2702 1757 2755 καὶ
1786 2719 1934 2773 παμ-

334 2792 519 2860 μὰχως
545 2790 958 2859 ἀγωνιζόμενος
981 2790 1229 2861 ὁμολογῶ
1248 2808 1261 2819 ·
1288 2791 1385 2859 οὐχ
1417 2791 1500 2843 ὅτι
1529 2791 1785 2862 ἀλλότριά
1815 2794 1932 2846 ἐστι

331 2882 396 2933 τὰ
426 2881 723 2943 Πλάτωνος
766 2880 1072 2950 διδάγματα
1116 2879 1209 2933 τοῦ
1255 2880 1511 2951 Χριστοῦ,
1546 2882 1661 2934 ἀλλ’
1709 2884 1790 2936 ὅτι
1833 2884 1930 2936 οὐκ

330 2971 442 3027 [ﬁt
473 2972 660 3042 πάντη
699 2972 886 3041 ὅμοια,
920 2968 1110 3040 ὥσπερ
1141 2969 1261 3023 οὐδὲ
1292 2969 1359 3023 τὰ
1388 2969 1499 3023 τῶν
1529 2971 1725 3035 ἄλλων,
1760 2973 1929 3025 Στωϊ-

329 3063 438 3116 κῶν
466 3081 553 3127 τε,
578 3062 684 3117 καὶ
715 3062 981 3133 ποιητῶν,
1010 3063 1104 3115 καὶ
1137 3063 1496 3133 συγγραφέων
1516 3080 1528 3093 ·
1561 3062 1791 3127 ἕκαστος
1822 3064 1929 3135 γάρ

327 3171 408 3216 τις
449 3154 563 3208 ἀπὸ
611 3152 824 3225 μέρους
868 3153 962 3207 τοῦ
1026 3152 1400 3225 σπερματικοῦ
1458 3152 1603 3206 θείου
1649 3155 1820 3223 Λόγου
1867 3154 1927 3207 τὸ

328 3246 595 3313 συγγενὲς
638 3245 824 3317 δρῶν,
870 3244 1050 3307 καλῶς
1095 3242 1410 3312 ἐφθέγξατο.
1460 3246 1523 3297 Οἱ
1566 3244 1623 3297 δὲ
1667 3246 1925 3299 τάναντία

325 3338 508 3402 αὐτοῖς
542 3341 604 3393 ἐν
637 3339 999 3410 κυριωτέροις
1031 3338 1312 3407 εἰρηκότες
1343 3338 1442 3390 οὐκ
1486 3339 1795 3410 ἐπιστήμην
1826 3338 1925 3410 τὴν

326 3431 569 3485 dm
603 3430 722 3501 (37)
757 3431 854 3484 καὶ
899 3429 1101 3499 γνῶσιν
1132 3430 1229 3500 τὴν
1274 3430 1597 3498 ἀνέλεγκτον
1643 3431 1924 3498 φαίνονται

326 3523 645 3592 ἐσχηκέναι.
675 3523 818 3575 Ὅσα
841 3518 933 3575 οὖν
959 3521 1110 3592 παρὰ
1133 3522 1264 3574 πᾶσι
1292 3521 1470 3584 καλῶς
1502 3521 1739 3592 εἴρηται,
1768 3521 1925 3593 ἡμῶν

326 3613 431 3665 τῶν
463 3613 817 3684 Χριστιανῶν
863 3614 998 3667 ἐστί.
1036 3615 1139 3666 Τὸν
1182 3614 1289 3683 γὰρ
1334 3614 1442 3668 ἀπὸ
1488 3615 1781 3685 ἀγεννήτου
1829 3615 1925 3668 καὶ

325 3708 569 3778 ἀρρήτου
602 3706 745 3760 Θεοῦ
779 3707 950 3775 Λόγον
985 3705 1123 3778 μετὰ
1155 3705 1243 3759 τὸν
1275 3705 1407 3758 Θεὸν
1441 3705 1552 3776 (58)
1587 3706 1923 3777 προσκυνοῦτ

330 3886 607 3953 prrcipne
642 3885 1041 3948 Tertullianus,
1066 3886 1157 3955 qui
1190 3886 1242 3939 in
1273 3885 1427 3953 Apol.
1453 3902 1504 3938 c.
1532 3885 1587 3944 8.
1625 3901 1678 3953 p.
1709 3885 1801 3950 68,
1833 3902 1925 3939 no-

331 3966 507 4027 atrum
555 3956 798 4027 fortasse
830 3954 1104 4009 Justinum
1149 3957 1435 4027 imitatus:
1474 3975 1491 4006 ι
1527 3954 1687 4027 Ecce,
1723 3957 1920 4027 inquit,

332 4026 384 4077 in
418 4025 507 4075 illa
542 4026 956 4093 religiosissima
1001 4027 1137 4079 urbe
1175 4026 1545 4080 Eneadarum
1580 4025 1921 4093 piorum'est

333 4094 547 4160 Jupiter
587 4097 831 4162 quidam,
863 4112 1014 4164 quem
1057 4096 1197 4149 ludis
1239 4096 1351 4148 suis
1396 4097 1629 4148 humano
1667 4096 1920 4161 proluunt

332 4168 615 4232 sanguine.
634 4164 746 4219 Sed
777 4167 1045 4229 bestiarii,
1075 4165 1319 4233 inquitis;
1343 4166 1467 4228 hoc,
1493 4165 1708 4233 opinor,
1739 4168 1919 4221 minus

334 4249 498 4302 quam
527 4234 789 4289 hominis.
814 4238 897 4289 An
926 4237 1027 4291 hoc
1059 4239 1291 4302 turpius,
1317 4237 1457 4303 quod
1488 4234 1617 4288 mali
1648 4234 1920 4290 hominis?

332 4304 495 4356 Certe
534 4312 721 4359 tamen
761 4306 828 4360 de
861 4307 1145 4359 homicidio
1194 4306 1461 4360 funditur.
1491 4325 1510 4357 ι
1549 4304 1690 4359 Call.
1736 4319 1919 4360 contra

334 4370 575 4427 Gnostic.
612 4390 661 4427 c.
687 4375 744 4429 7.
773 4391 827 4442 p.
851 4377 978 4430 252.
1013 4376 1189 4430 Οττο.

380 4443 520 4511 ’(54)
557 4446 933 4516 Ποιούμενοι.
973 4444 1042 4499 Ut
1071 4445 1385 4500 accuratior
1409 4447 1481 4499 sit
1504 4448 1703 4516 oratio,
1740 4447 1920 4516 legen-

331 4513 459 4590 dutn
496 4514 1003 4590 mone_t_Thirlbius
1051 4516 1394 4590 ποιουμένου,
1440 4514 1523 4571 vel
1552 4532 1713 4584 supra
1745 4513 1909 4590 προσ-

333 4583 577 4653 ραὶνετε.
610 4582 731 4635 Viil.
757 4586 911 4647 Apol.
942 4602 981 4649 1,
1014 4602 1068 4639 n.
1091 4587 1180 4640 6L

402 4654 518 4721 (35)
553 4653 740 4726 ,ει-δέ
770 4655 875 4726 καὶ,
904 4658 1022 4709 νῦν
1063 4656 1155 4721 τὶς
1195 4651 1291 4726 ἦν.
1344 4654 1656 4725 Legendum
1699 4656 1915 4712 videtur

330 4722 444 4798 ιςθε
475 4724 577 4798 καὶ
608 4722 821 4798 νῦνᾼτὶς
850 4725 936 4779 ἄν.
962 4726 1153 4798 ΑΡιιυΙυ
1198 4722 1321 4795 post
1362 4722 1549 4798 mallet
1595 4727 1914 4798 Sylburgins

330 4789 411 4856 οἷς
442 4794 677 4846 τούτων.
707 4794 813 4849 Sed
846 4795 1067 4849 minime
1102 4789 1409 4850 necessaria
1436 4798 1549 4851 haec
1581 4789 1911 4852 ininiuta'tio.

337 4863 449 4938 δίου
478 4867 639 4938 video
665 4881 782 4938 cur
794 4882 894 4938 pro
919 4866 1005 4928 τὶς
1030 4866 1133 4936 legi
1163 4880 1322 4935 posse
1350 4867 1605 4938 conjiciat
1631 4866 1913 4923 Thirlbius

333 4933 629 5006 Σιωιρὰτης
662 4936 740 5006 vel
767 4936 1010 5006 Κράτης.

400 5004 514 5071 (56)
562 5003 1152 5077 Ψευδολόγηούμενον.
1198 5007 1506 5077 Legendum
1561 5007 1912 5077 ψευδολογου-

335 5074 536 5147 pinos,
573 5084 632 5127 ut
669 5076 796 5129 huic
826 5076 1118 5147 verborum
1156 5074 1512 5147 coniplexioni
1550 5074 1642 5129 lux
1669 5074 1914 5132 adunda-

332 5156 438 5220 tur.
470 5144 601 5220 μοι
649 5148 816 5220 etiam
860 5145 1147 5220 legendum
1183 5144 1293 5220 καῖ
1342 5147 1913 5220 Χριστιανός-Μυκη

332 5212 619 5290 Τὴὶξιὺίιιε
658 5212 1141 5290 legere_.lnanneaii
1172 5212 1440 5290 Clericuin
1483 5218 1589 5272 τῶν
1634 5217 1727 5270 τοῦ
1773 5220 1910 5290 Χρι-

329 5283 496 5406 3:96,
530 5284 681 5351 quod
721 5283 954 5352 quidem
1012 5300 1122 5339 non
1182 5289 1337 5343 valde
1395 5290 1763 5344 necessarium
1825 5283 1909 5343 vi-

400 5363 511 5405 tur.

424 5370 511 5405 ur.

402 5423 518 5490 (37)
567 5425 889 5477 'Azoxtor.
934 5423 1163 5494 Legitur
1200 5428 1338 5496 apud
1384 5428 1523 5483 Rob.
1574 5428 1907 5496 Stephanum

330 5492 708 5573 CW‘J,‘eI
734 5509 843 5565 quo
860 5492 1039 5573 μοιριιί
1056 5492 1689 5573 conlirmariconjectura
1715 5499 1907 5569 Langi,

328 5565 421 5631 qui
454 5564 586 5629 legit
614 5562 892 5616 ἄπτώτον.
925 5565 1207 5630 Vulgatam
1253 5562 1539 5621 lectionem
1582 5582 1686 5620 non
1719 5562 1910 5625 carere

327 5635 622 5707 cor-modo
664 5648 829 5707 sensu
870 5634 1155 5707 existimat
1195 5636 1535 5707 Sylburgius,
1566 5638 1612 5691 si
1653 5638 1908 5694 nimirum

333 5704 624 5757 scientiam
661 5703 911 5756 ἄποπτον
942 5703 1307 5772 intelligamus
1349 5703 1629 5761 scientiam
1671 5723 1779 5762 non
1828 5709 1908 5762 la-

334 5773 440 5826 cile
471 5774 870 5847 parabilemet
907 5786 941 5825 a
968 5775 1242 5847 communi
1275 5786 1432 5844 captu
1465 5787 1520 5831 et
1550 5778 1903 5847 intelligentia

338 5855 621 5897 uinctam.
671 5842 917 5898 Grabius
959 5841 1290 5900 reddendum
1318 5841 1504 5906 eodem
1537 5863 1697 5908 sensu
1728 5841 1906 5917 putat,

2043 1965 2309 2009 nocentes
2338 1952 2614 2016 conferre,
2646 1961 2701 2008 et
2735 1967 2858 2020 quae
2882 1954 3040 2009 vobis
3071 1969 3137 2009 ac
3164 1953 3267 2009 diis
3296 1954 3494 2008 vestris
3534 1954 3619 2007 ἰη-

2044 2048 2289 2110 haerent,
2345 2046 2467 2099 istis
2507 2044 2797 2117 alIingere,
2839 2061 2979 2116 quos
3021 2061 3090 2101 ne
3135 2045 3362 2101 minima
3397 2046 3619 2114 quidem

2039 2153 2105 2192 ex
2140 2145 2295 2208 parte
2323 2139 2666 2209 contingunt.
2703 2138 3098 2203 lmmutamini,
3134 2140 3458 2207 resipiscite.
3501 2158 3520 2190 ι

2110 2230 2198 2287 l5.
2252 2228 2387 2284 Nam
2430 2238 2485 2285 et
2534 2244 2636 2301 ego
2687 2246 2813 2286 cum
2860 2230 3125 2285 nefarium
3188 2231 3617 2299 integumentum

2038 2335 2067 2374 a
2108 2320 2290 2390 pravis
2336 2320 2701 2387 daemonibus,
2753 2320 2820 2374 ad
2858 2320 3215 2375 deterrendos
3264 2320 3401 2373 alios
3440 2319 3620 2372 horni-

2038 2428 2157 2475 nes.
2191 2412 2389 2467 divinae
2430 2412 2869 2468 Christianorum
2912 2413 3176 2467 doctrina:
3225 2410 3488 2481 injectum
3537 2411 3620 2463 vi-

2037 2505 2261 2569 derem,
2313 2514 2369 2559 et
2415 2503 2679 2573 ejusmodi
2759 2496 3171 2559 mendaciorum
3226 2513 3512 2570 auctores,
3561 2512 3618 2556 et

2038 2599 2210 2668 ipsum
2255 2599 2684 2669 integumentum
2722 2609 2779 2652 et
2812 2598 3126 2669 popularem
3173 2597 3486 2665 Opinionem
3541 2596 3615 2648 ir-

2036 2690 2170 2754 risi,
2218 2706 2394 2760 neque
2424 2692 2680 2761 proﬁteor
2717 2691 2864 2745 laudi
2911 2692 3132 2755 ducere,
3165 2704 3235 2743 ac
3264 2689 3616 2744 dimicatione

2033 2784 2182 2838 omni
2230 2788 2594 2851 contendere,
2644 2792 2704 2836 ut
2759 2782 3115 2837 Christianus
3170 2781 3456 2848 reperiar;
3507 2795 3613 2835 non

2034 2875 2175 2945 quod
2216 2874 2393 2930 aliena
2439 2876 2548 2929 sint
2577 2890 2607 2928 a
2642 2873 2862 2929 Christo
2905 2874 3157 2927 instituta
3196 2870 3463 2936 Platonis,
3513 2872 3608 2926 sed

2033 2967 2178 3035 quod
2222 2982 2328 3022 non
2365 2967 2588 3023 omnino
2624 2965 2848 3032 similia,
2893 2973 2955 3019 ut
3004 2979 3106 3018 nec
3158 2962 3321 3017 etiam
3356 2962 3612 3025 aliorum,

2033 3058 2345 3115 Stoicorum
2376 3059 2652 3124 videlicet,
2690 3068 2973 3128 poetarum
3002 3068 3059 3111 et
3104 3056 3510 3111 historicorum.
3544 3052 3615 3109 Ut

2030 3152 2263 3221 quisque
2289 3152 2434 3206 enim
2478 3152 2845 3206 disseminata:
2896 3150 3127 3203 rationis
3160 3148 3358 3202 divinae
3401 3155 3609 3215 partem

2028 3244 2264 3313 aliquam
2296 3244 2400 3299 sibi
2446 3253 2741 3313 cognatam
2787 3241 3033 3305 videbat,
3081 3238 3345 3309 przeclare
3391 3236 3607 3291 locutus

2027 3348 2129 3393 est.
2161 3336 2264 3405 Qui
2306 3346 2491 3390 autem
2530 3348 2715 3390 secum
2754 3333 2853 3403 ipsi
2898 3332 2954 3388 in
3005 3332 3170 3386 rebus
3212 3329 3373 3399 longe
3404 3328 3612 3399 gravis-

2026 3427 2180 3483 simis
2226 3436 2575 3498 pugnarunt,
2621 3426 2655 3479 ii
2708 3440 2808 3479 nec
2848 3423 3137 3479 scientiam
3182 3421 3562 3477 sublimiorem
3592 3462 3607 3488 ,

2028 3536 2128 3576 nec
2156 3520 2543 3593 cognitionem,
2591 3534 2714 3589 qua;
2756 3517 2927 3573 refelli
2971 3532 3079 3570 non
3117 3515 3321 3586 possit,
3367 3515 3605 3575 assecuti

2026 3615 2298 3670 videntur.
2324 3612 2669 3681 Quaecunque
2709 3610 2877 3681 igitur
2905 3609 3047 3678 apud
3080 3608 3219 3663 alios
3246 3622 3438 3663 omnes
3465 3623 3609 3676 prah

2027 3708 2173 3779 clare
2199 3707 2365 3774 dicta,
2405 3720 2469 3761 ea
2503 3714 2688 3759 nostra
2730 3712 2856 3759 sunt
2895 3702 3361 3759 Christianorum.
3405 3699 3607 3766 Natum

2031 3906 2050 3939 ι
2075 3887 2359 3941 scientiam
2388 3885 2777 3939 sublimiorem.
2805 3905 2824 3937 ι

2098 3958 2213 4027 (38)
2250 3956 2414 4027 Μετὰ
2446 3956 2555 4009 τόν
2582 3954 3404 4027 Qedr._SzepeAoccqultapud
3438 3952 3609 4027 Justi-

2028 4024 2155 4082 num
2196 4024 2321 4082 haec
2359 4026 2614 4095 loquendi
2665 4025 2828 4088 ratio,
2876 4024 2979 4095 Sed
3017 4026 3084 4080 de
3126 4024 3247 4079 Filii
3289 4026 3605 4093 aequalitate

2027 4099 2159 4151 nihil
2206 4094 2466 4152 detrahit.
2498 4096 2631 4149 Nam
2676 4096 2729 4149 l'
2759 4096 2838 4149 sic
2882 4094 3076 4148 Filium
3123 4095 3366 4149 secundo
3402 4095 3523 4150 loco
3550 4103 3606 4149 et

2027 4168 2288 4235 Spiritum
2334 4175 2581 4220 sanctum
2626 4166 2786 4220 tertio
2826 4164 3062 4235 collocat
3088 4163 3359 4235 Justinus,
3407 4175 3465 4218 ut
3508 4180 3606 4220 eos

2024 4233 2150 4293 cum
2197 4238 2362 4292 rebus
2390 4235 2596 4290 creatis
2630 4236 2853 4289 minime
2878 4234 3194 4302 conjungat,
3221 4233 3315 4287 sed
3344 4251 3466 4288 cum
3501 4235 3602 4289 Pa-

2027 4318 2128 4373 tre,
2176 4320 2235 4360 ιιι
2282 4307 2464 4359 videre
2512 4313 2596 4360 est
2643 4304 2757 4359 n.6
2785 4314 2841 4359 et
2870 4304 2938 4358 15
2970 4302 3129 4368 Apol.
3170 4319 3209 4357 ι.
3246 4302 3385 4360 Hinc
3433 4306 3600 4359 etiam

2025 4376 2269 4431 declarat
2296 4391 2552 4446 magnum
2580 4376 2759 4446 inesse
2788 4375 2921 4446 huic
2952 4374 3217 4446 doctrinm
3254 4376 3599 4444 mysterium,

2025 4448 2169 4516 quod
2218 4444 2452 4501 ethnicis
2516 4444 2835 4499 incredibile
2878 4444 3232 4516 et_insanum
3293 4446 3599 4503 videbatur.

2020 4513 2078 4570 2ο
2116 4518 2268 4584 Apud
2316 4516 2463 4584 ipsos
2497 4516 2796 4583 scriptores
2839 4513 3099 4582 profanos
3129 4516 3468 4584 smpeqlocus
3517 4529 3604 4569 so-

2019 4582 2229 4641 cundus
2254 4582 2375 4639 cum
2401 4582 2713 4652 :equalitate
2738 4584 3103 4653 conjungitur.
3130 4582 3599 4653 Sichhcmistius,

2017 4658 2120 4711 etsi
2167 4658 2373 4725 primas
2425 4650 2593 4709 veteri
2628 4650 2849 4725 Roma},
2897 4650 3169 4725 secundas
3208 4650 3592 4725 Constantino;

2017 4727 2125 4796 poli
2154 4722 2327 4780 defert
2353 4724 2599 4796 pluribus
2626 4724 2783 4796 locis,
2812 4723 3081 4796 inprimis
3119 4731 3262 4796 orat.
3282 4722 3339 4788 5,
3365 4722 3598 4796 pagum,

2014 4792 2222 4865 aequale
2255 4792 2438 4849 tamen
2469 4795 2755 4865 imperium
2784 4792 3305 4865 utrique_a_ttribnit1
3333 4794 3597 4865 Sicut-uim

2017 4861 2256 4936 loquitur
2298 4865 2367 4919 de
2401 4861 2585 4936 vetere
2603 4863 2811 4936 Roma,
2834 4861 2982 4936 orat.
3004 4862 3095 4936 ἥδ,
3122 4878 3176 4936 p.
3208 4862 3353 4936 290:
3389 4863 3459 4915 Ἢ
3491 4861 3600 4915 τῶν

2016 4932 2115 5007 μὲν
2148 4934 2562 5007 ἄλλωνίπόλεων
2596 4932 2891 5007 βασιλεύει,
2923 4934 2989 5006 τῇ
3017 4932 3085 5007 Δδε
3112 4932 3355 5007 ὑμετέρᾳ
3389 4935 3601 5002 συμὸαν

2014 5002 2237 5061 σιλεύει.
2272 5027 2290 5057 ι
2321 5006 2451 5071 Quae
2476 5002 2693 5060 czeteris
2727 5002 3298 5074 quidem'civitatibus
3331 5002 3595 5074 imperat,

2013 5079 2108 5131 sed
2136 5076 2299 5130 simul
2328 5093 2448 5130 cum
2490 5084 2667 5129 vestra
2715 5073 2967 5143 imperat.
2990 5091 3010 5124 ›
3055 5074 3111 5126 5°
3135 5073 3270 5127 Cum
3313 5073 3627 5142 aequalitas}

2013 5146 2068 5202 in
2102 5147 2351 5215 personis
2394 5146 2595 5201 divinis
2639 5146 2692 5198 in
2741 5145 2902 5199 unius
2945 5143 3292 5215 substantite_
3313 5144 3623 5215 consortio:

2012 5212 2186 5285 posita
2226 5219 2326 5281 sit;
2365 5216 2771 5284 generationem
2812 5228 2879 5285 es
2923 5212 3223 5285 substantia
3262 5212 3445 5285 Patris
3486 5214 3623 5285 m_i-'

2013 5282 2163 5342 i‘ilice
2189 5282 2489 5356 esposi'tain
2518 5286 2824 5339 videbimus
2856 5284 2909 5338 in
2941 5283 3163 5351 Dialogo
3194 5300 3247 5336 ιι.
3276 5282 3338 5336 61
3373 5293 3424 5336 et
3454 5283 3591 5356 128;

2012 5359 2106 5412 sed
2140 5354 2354 5411 interim
2397 5358 2691 5411 observare
2719 5356 2875 5425 juvat
2922 5368 3093 5425 quam
3134 5362 3458 5425 constanter
3490 5354 3594 5405 hoc

2010 5428 2208 5498 dogma
2258 5428 2493 5481 ethnicis
2533 5423 2827 5498 praedicet.
2872 5423 3117 5498 Ait-sub
3160 5425 3320 5498 linem
3371 5423 3590 5498 Colum.

2010 5494 2288 5552 Christum
2315 5512 2439 5551 esse
2482 5512 2501 5547 ι
2533 5494 2767 5549 Verbum
2798 5496 2914 5559 Dei,
2947 5494 3151 5546 virtute
3185 5494 3253 5547 ab
3280 5507 3346 5546 eo
3375 5494 3593 5562 insepa-

2010 5568 2204 5622 rabile.
2231 5585 2251 5618 ι
2288 5566 2346 5620 In
2372 5567 2526 5635 Apol.
2553 5581 2595 5628 ι,
2628 5578 2780 5617 num.
2807 5566 2898 5628 46,
2933 5572 2988 5618 et
3019 5564 3217 5631 sapius
3245 5564 3296 5615 in
3328 5566 3590 5627 secunda,

2009 5652 2130 5692 esse
2162 5638 2335 5705 Λόγον
2376 5634 2532 5706 cujus
2574 5648 2786 5706 omnes"
2813 5635 3062 5706 homines
3100 5634 3394 5706 participes
3443 5642 3590 5686 sunt.

2009 5709 2176 5761 Deum
2205 5704 2353 5761 illum
2376 5704 2556 5770 vocat,
2579 5705 2738 5771 eique
2762 5704 2853 5757 Dei
2881 5714 3128 5757 naturam
3154 5704 3405 5758 attribuit
3432 5718 3585 5757 num.

2011 5777 2099 5840 12,
2131 5778 2285 5847 Apol.
2308 5793 2345 5831 ι.
2379 5776 2567 5847 Solum
2608 5776 2825 5847 prpprie
2863 5775 3133 5847 genitum,
3163 5791 3268 5829 non
3314 5784 3589 5847 creatum,

2008 5844 2253 5918 ibid.,‘n.
2294 5847 2367 5903 22
2411 5856 2465 5901 et
2510 5846 2599 5901 25.
2652 5844 2839 5901 Refert
2877 5844 2947 5899 ad
2994 5860 3117 5900 eum
3167 5844 3591 5912 praeclarissima
