4006 6254
356 357 460 413 ιδ’]

1327 355 1386 413 S.
1421 352 1689 411 JUSTINI
1724 352 2141 410 PHILOSOPHI
2180 350 2269 406 ET
2310 347 2669 406 MARTYRIS

3522 349 3635 406 468

355 476 501 528 enim
545 487 612 527 ex
662 472 904 543 ingenito
940 482 997 527 et
1034 487 1140 527 non
1190 473 1489 528 enarrabili
1543 473 1654 527 Deo
1701 472 1935 528 Verbum

2051 487 2143 542 μεν
2186 470 2281 524 καὶ
2325 468 2647 539 ἀγαπῶμεν,
2682 464 2866 537 ἐπειδὴ
2911 465 3006 521 καὶ
3050 466 3120 520 δι’
3149 466 3298 537 ἡμᾶς
3342 464 3635 539 ἄνθρωπος

357 566 656 618 secundum
693 563 863 617 Deum
912 564 1206 618 adoramus
1247 573 1299 617 et
1352 577 1634 630 amamus;
1684 562 1935 631 quando-

354 656 572 723 quidem
636 663 864 724 propter
906 668 1006 709 nos
1043 655 1205 711 homo
1241 653 1417 710 factus
1453 664 1556 719 est,
1596 663 1655 709 ut
1700 669 1927 724 perpes-

353 747 567 799 sionum
615 755 927 801 nostrarum
974 745 1088 817 98
1120 747 1393 816 particeps
1452 747 1653 813 factus,
1700 749 1933 804 medici-

353 855 478 893 nam
509 838 617 895 illis
648 840 875 896 faceret.
924 841 1127 897 Omnes
1156 842 1301 897 enim
1344 843 1643 911 scriptores
1670 859 1767 913 per
1799 845 1930 899 insi—

356 941 468 985 tum
508 931 736 986 rationis
764 947 951 987 semen
993 942 1221 1003 potuere
1252 932 1329 987 illi
1378 934 1595 1002 quidem
1630 949 1815 990 verum
1848 934 1932 988 vi-

353 1022 503 1085 dere,
548 1022 645 1077 sed
681 1023 1041 1081 subobscure.
1074 1023 1235 1079 Aliud
1279 1026 1424 1079 enim
1458 1034 1545 1080 est
1585 1041 1775 1081 semen
1829 1027 1935 1080 ali-

353 1112 509 1182 c‘ujus
534 1122 588 1168 et
623 1115 859 1170 imitatio
889 1131 989 1186 pro
1020 1116 1234 1171 viribus
1262 1132 1547 1182 concessa,
1578 1118 1727 1173 aliud
1756 1119 1933 1189 ipsum

353 1202 514 1270 illud,
562 1207 717 1277 cujus
764 1208 1189 1263 communicatio
1237 1218 1295 1263 et
1344 1208 1578 1265 imitatio
1631 1211 1932 1268 secundum

352 1292 523 1359 ipsius
549 1296 780 1363 gratiam
807 1298 1129 1353 conceditur
1156 1298 1293 1366 (59).

423 1404 509 1457 14.
556 1404 663 1461 Vos
708 1416 889 1462 autem
927 1409 1031 1464 hac
1081 1424 1244 1479 prece
1282 1426 1531 1480 oramus,
1578 1422 1640 1469 ut
1679 1415 1828 1470 hunc
1863 1414 1932 1470 li-

350 1494 572 1564 bellum,
615 1498 1030 1557 subscribentes
1064 1502 1209 1571 quod
1248 1504 1402 1561 vobis
1428 1504 1629 1575 placet,
1683 1508 1930 1575 promul-

350 1588 515 1658 getis,
565 1598 624 1645 ut
654 1592 868 1647 caeteris
918 1601 1120 1649 nostra:
1153 1610 1240 1651 res
1291 1596 1667 1663 innotescant,
1715 1613 1781 1655 ac
1834 1602 1933 1657 bo-

350 1681 525 1736 mines
547 1681 615 1737 ad
644 1682 841 1737 harum
871 1698 1056 1739 rerum
1100 1687 1471 1757 cognitionem
1507 1691 1849 1765 perveniant,
1878 1701 1934 1745 et

348 1772 630 1829 erroribus
673 1785 730 1829 et
768 1777 1099 1845 optimarum
1143 1794 1322 1834 rerum
1364 1780 1709 1852 ignoratione
1761 1783 1929 1838 levari

349 1864 590 1932 possint;
636 1866 729 1935 qui
763 1868 985 1939 quidem
1018 1885 1079 1925 se
1120 1872 1404 1942 suppliciis
1436 1873 1595 1942 culpa
1627 1888 1725 1929 sua
1758 1875 1932 1929 obno-

349 1956 467 2011 xios
501 1959 773 2027 praebent,
806 1961 935 2029 quia
966 1962 1109 2019 inest
1141 1975 1350 2019 naturae
1376 1964 1660 2020 hominum
1705 1965 1934 2023 facultas

347 2051 712 2119 cognoscendi
750 2053 962 2109 honesti
994 2064 1158 2125 atque
1191 2056 1394 2133 turpis;
1445 2065 1558 2111 tum
1605 2058 1768 2112 etiam
1804 2059 1934 2127 quia

346 2142 475 2196 dum
512 2157 630 2207 nos,
668 2145 760 2212 qui
804 2146 917 2200 noti
958 2146 1066 2203 illis
1100 2162 1207 2202 non
1257 2164 1470 2215 sumus,
1519 2150 1757 2218 turpium
1808 2151 1933 2206 ilio-

348 2251 507 2300 rum,
550 2252 671 2306 qua:
719 2236 1008 2305 dictitant,
1058 2241 1354 2296 criminum
1404 2242 1624 2296 nomine
1672 2244 1935 2299 condem-

350 2334 502 2392 nant,
531 2337 585 2381 et
618 2337 798 2382 tamen
830 2329 937 2383 diis
968 2330 1241 2399 gaudent,
1281 2334 1372 2401 qui
1407 2333 1609 2389 similia
1657 2348 1939 2406 perpetra-

350 2425 475 2470 runt
514 2425 568 2472 et
601 2418 907 2474 etiamnum
938 2422 1006 2477 ab
1041 2423 1356 2480 hominibus
1399 2436 1716 2494 reposcunt,
1764 2442 1833 2481 ex
1871 2443 1938 2483 eo

346 2508 493 2575 quod
534 2511 715 2572 nobis,
746 2511 902 2579 quasi
936 2512 1207 2583 ejusmodi
1260 2515 1564 2571 facinorum
1612 2519 1690 2573 rei
1740 2519 1933 2585 simus,

349 2613 584 2654 mortem
616 2610 708 2656 aut
739 2604 954 2658 vincula
986 2615 1082 2659 aut
1114 2606 1277 2661 aliam
1308 2609 1572 2679 ejusmodi
1604 2626 1819 2679 poenam
1854 2614 1939 2665 in-

349 2692 577 2758 lligunt,
625 2696 956 2751 sententiam
998 2697 1050 2751 in
1100 2698 1313 2767 seipsos
1351 2700 1561 2765 dicunt,
1613 2701 1687 2755 ita
1746 2713 1804 2758 ut
1842 2703 1937 2758 alii

342 2784 557 2853 judiccs
584 2785 813 2842 minime
843 2787 956 2843 sint
985 2790 1325 2858 requirendi.

420 2900 509 2954 15.
550 2899 866 2971 Contempsi
919 2902 1086 2957 etiam
1133 2903 1355 2974 impiam
1397 2904 1543 2959 illam
1593 2907 1736 2976 apud
1786 2922 1937 2965 meos

350 2993 731 3050 Samaritanos
757 3003 813 3050 et
840 2997 1049 3051 erroris
1074 2996 1290 3067 plenam
1329 2996 1572 3053 Simonis
1603 3000 1933 3063 doctrinam.

2037 564 2282 632 γέγονεν,
2316 563 2464 626 ὅπως
2508 562 2605 615 καὶ
2647 560 2756 616 τῶν
2787 560 2973 615 παθῶν
3004 560 3114 617 τῶν
3160 562 3444 633 ἡμετέρων
3490 579 3556 614 συ
3566 580 3636 633 μ-

2042 657 2266 728 μέτοχος
2297 658 2606 727 γενόμενος,
2640 656 2735 710 καὶ
2769 655 2910 709 ῐασιν
2932 656 3248 727 ποιήσηται.
3273 657 3336 708 Οἱ
3365 656 3475 728 γὰρ
3504 672 3636 724 συγ-

2037 754 2270 824 γραφεῖς
2303 751 2501 814 πάντες
2530 750 2620 805 διὰ
2650 750 2748 820 τῆς
2780 748 3008 819 ἐνούσης
3048 748 3292 819 ἐμφύτου
3324 748 3421 801 τοῦ
3463 747 3631 817 λόγου

2038 845 2246 917 σπορᾶς
2277 843 2533 916 ἀμυδρῶς
2564 842 2815 896 ἐδύναντο
2835 843 2968 914 ὁρᾷν
2995 841 3062 895 τὰ
3090 841 3241 895 ὅντα.
3261 841 3487 913 Ἕτερον
3519 840 3633 913 γάρ

2037 935 2154 987 ἐστι
2187 934 2408 1006 σπέρμα
2439 933 2581 996 τινὸς
2611 933 2706 986 καὶ
2742 932 2965 1003 μίμημα
3010 930 3153 985 κατὰ
3196 930 3426 1002 δύναμιν
3454 930 3632 996 δοθὲν,

2037 1024 2134 1080 καὶ
2157 1026 2342 1097 ἕτερον
2372 1023 2502 1084 αὐτὸ
2533 1018 2594 1078 οὗ
2627 1023 2767 1077 κατά
2782 1022 2941 1095 χάριν
2965 1021 3062 1093 τὴν
3077 1022 3169 1077 ἀπ’
3195 1021 3404 1076 ἐκείνου
3430 1022 3466 1094 ἡ
3498 1038 3635 1093 μετ-

2036 1116 2196 1171 ουσία
2228 1116 2324 1172 καὶ
2360 1115 2589 1188 μίμησις
2620 1114 2851 1186 γίνεται.

2108 1428 2195 1484 14.
2230 1428 2342 1482 Καὶ
2371 1428 2515 1499 ὑμᾶς
2537 1423 2631 1483 οῦν
2661 1427 2921 1501 ἀξιοῦμεν
2954 1429 3378 1502 ύπογράψαντας
3406 1430 3464 1485 τὸ
3497 1432 3630 1503 ὑμῖν

2034 1519 2246 1586 δοκοῦν,
2276 1518 2558 1593 προθεῖναι
2604 1520 2753 1574 τουτὶ
2784 1521 2844 1575 τὸ
2878 1521 3153 1592 βιϐλίδιον,
3187 1525 3334 1587 ὅπως
3379 1524 3473 1577 καὶ
3515 1528 3629 1587 τοῖς

2035 1614 2214 1678 ἄλλοις
2244 1614 2308 1668 τὰ
2340 1615 2585 1686 ἡμέτερα
2615 1615 2856 1687 γνωσθῇ,
2890 1616 2985 1670 καὶ
3015 1616 3279 1670 δύνωνται
3311 1617 3409 1689 τῆς
3438 1617 3631 1687 ψευδο⁴

2034 1704 2213 1773 δοξίας
2238 1706 2335 1760 καὶ
2365 1705 2589 1775 ἀγνοίας
2614 1706 2721 1760 τῶν
2750 1707 2928 1761 καλῶν
2955 1708 3362 1780 ἀπαλλαγῆναι,
3393 1711 3443 1763 οἳ
3477 1711 3631 1783 παρά

2035 1800 2134 1872 τὴν
2165 1796 2374 1852 ἑαυτῶν
2404 1799 2583 1853 αἰτίαν
2608 1799 2718 1871 (40)
2746 1800 3037 1855 ὑπεύθυνοι
3068 1804 3189 1865 ταῖς
3222 1802 3513 1874 τιμωρίαις
3544 1802 3603 1871 γί

2035 1910 2238 1955 νονται,
2272 1894 2352 1955 εἰς
2383 1891 2442 1944 τὸ
2486 1890 2795 1963 γνωσθῆναι
2827 1895 2938 1957 τοῖς
2968 1891 3281 1965 ἀνθρώποις
3310 1891 3514 1947 ταῦτα·
3549 1892 3631 1945 διὸ

2036 1988 2094 2040 ὲν
2126 1988 2190 2057 τῇ
2226 1984 2385 2055 φύσει
2418 1984 2529 2056 (41)
2564 1987 2628 2056 τῇ
2662 1983 2769 2037 τῶν
2801 1984 3108 2057 ἀνθρώπων
3153 1980 3293 2038 εἶναι
3336 1984 3399 2038 τὸ
3430 2002 3633 2056 γνωρι-

2038 2078 2162 2131 στὸν
2194 2077 2303 2149 (42)
2351 2074 2519 2130 καλοῦ
2553 2075 2647 2128 καὶ
2678 2076 2905 2147 αἰσχροῦ
2927 2093 2939 2105 ·
2976 2076 3073 2130 καὶ
3103 2076 3191 2130 διὰ
3221 2075 3281 2129 τὸ
3324 2074 3502 2147 ήμῶν,
3536 2074 3633 2138 οὒς

2036 2172 2135 2225 οὐκ
2167 2169 2519 2235 ἐπίστανται,
2553 2167 2782 2222 τοιαῦτα
2813 2170 2972 2222 ὁποῖα
3002 2168 3253 2237 λέγουσιν
3284 2167 3487 2238 αἰσχρά
3529 2183 3635 2220 κα·-

2036 2260 2531 2334 ταψηφιζομένους,
2558 2261 2654 2316 καὶ
2680 2261 2767 2317 διὰ
2798 2262 2856 2315 τὸ
2888 2264 3102 2335 χαίρειν
3132 2262 3358 2318 τοιαῦτα
3390 2260 3637 2335 πράξασι

2038 2356 2182 2421 θεοῖς
2229 2356 2327 2411 καὶ
2371 2355 2452 2411 ἔτι
2511 2354 2608 2410 νῦν
2672 2355 2967 2411 ἀπαιτοῦσι
3015 2357 3167 2429 παρά
3216 2353 3518 2428 ἀνθρώπων
3561 2353 3634 2406 τά

2037 2451 2198 2520 ὅμοια
2218 2490 2232 2514 ,
2267 2452 2331 2503 ὲκ
2361 2448 2454 2502 τοῦ
2487 2448 2583 2503 καὶ
2615 2448 2767 2521 ἡμῖν,
2801 2448 2877 2513 ὡς
2921 2447 3148 2503 τοιαῦτα
3181 2447 3501 2520 πράττουσι,
3536 2444 3637 2500 θά-

2038 2560 2197 2597 νατον
2227 2543 2259 2614 ἦ
2293 2542 2469 2613 δεσμὰ
2512 2542 2546 2614 ἢ
2593 2541 2722 2596 ἀλλο
2766 2560 2819 2595 τι
2863 2541 3103 2597 τοιοῦτον
3148 2541 3448 2613 πρόστιμον
3493 2539 3632 2611 (45),

2038 2629 2267 2694 ἑαυτοὺς
2313 2627 2696 2702 κατακρίνειν,
2741 2630 2818 2695 ὡς
2866 2630 2941 2702 μὴ
2983 2629 3199 2684 δέεσθαι
3255 2629 3430 2684 ἄλλων
3470 2630 3632 2684 δικα-

2040 2738 2180 2774 στων
2190 2760 2202 2774 .

2111 2927 2200 2983 15.
2241 2927 2353 2981 Καὶ
2384 2925 2478 2980 τοῦ
2511 2928 2569 2981 ὲν
2600 2925 2677 2999 τῷ
2709 2926 2827 2999 ἐμῷ
2858 2926 3004 2981 ἔθνει
3036 2926 3267 2991 ἀσεϐοῦς
3299 2927 3395 2981 καὶ
3427 2926 3633 2980 πλάνου

2039 3016 2377 3090 Σιμωνιανοῦ
2411 3016 2737 3088 διδάγματος
2770 3016 3177 3089 κατεφρόνησα.
3226 3015 3351 3069 Ἐὰν
3381 3014 3438 3068 δὲ
3471 3014 3637 3084 ὑμεῖς

347 3085 504 3152 Quod
533 3086 577 3141 si
610 3094 665 3142 et
698 3099 882 3143 vestra
919 3087 986 3142 ad
1017 3088 1165 3144 hunc
1204 3088 1449 3144 libellum
1483 3092 1709 3146 accedat
1748 3102 1936 3148 aucto-

2051 3085 2196 3164 τοῦτο
2228 3085 2605 3183 προγράψητε,
2631 3110 2791 3180 ἡμεῖς
2813 3085 2928 3170 τοῖς
2952 3085 3091 3161 πᾶσι
3125 3106 3357 3178 φανερὸν
3389 3107 3639 3177 ποιήσαι-

350 3179 511 3246 ritas,
556 3180 801 3235 omnium
836 3181 986 3235 illum
1032 3180 1209 3237 oculis
1244 3198 1578 3251 exponemus
1625 3193 1703 3248 ut,
1738 3186 1786 3239 si
1817 3185 1935 3241 ﬁeri

2051 3221 2163 3275 μεν,
2198 3204 2286 3256 ἵνα
2318 3206 2367 3255 εί
2411 3201 2660 3256 δύναιντο
2707 3200 3072 3273 μεταθῶνται.
3106 3198 3308 3252 Τούτου
3354 3214 3419 3266 γε
3467 3195 3634 3268 μόνου

350 3272 542 3340 possit,
574 3273 960 3341 imtnutentur;
990 3274 1136 3344 quod
1164 3275 1382 3345 quidem
1416 3278 1574 3331 unice
1605 3277 1760 3333 nobis
1790 3278 1934 3334 hanc

348 3362 654 3418 orationem
679 3365 1051 3421 scribentibus
1075 3369 1411 3436 propositum
1437 3366 1557 3421 fuit.
1586 3365 1724 3422 Sunt
1749 3378 1934 3423 autem

350 3456 599 3512 instituta
630 3469 814 3513 nostra
851 3468 1001 3514 recte
1022 3459 1293 3527 iudicanti
1323 3459 1550 3516 minime
1586 3462 1791 3530 turpia,
1837 3461 1935 3516 sed

351 3548 590 3603 humana
622 3552 769 3605 omni
810 3552 1155 3623 philosophia
1195 3552 1540 3608 sublimiora.
1577 3554 1671 3610 Sin
1712 3552 1932 3617 minus:

353 3801 653 3873 Scriptum
699 3801 1034 3873 testimonia,
1075 3802 1130 3857 in
1162 3804 1363 3873 quibus
1390 3802 1699 3873 appellatur
1741 3802 1939 3861 Nobis-

350 3887 475 3926 cum
508 3870 667 3932 Deus.
698 3887 752 3924 n.
783 3872 890 3938 33;
930 3870 1196 3929 Dominus
1257 3876 1308 3929 ui
1351 3870 1601 3945 regnavit
1641 3892 1668 3928 a
1703 3875 1852 3943 ligno
1882 3884 1938 3931 et

352 3942 589 3995 ﬁrmavit
609 3942 797 3996 orbem
830 3951 1011 3999 terrae.
1042 3962 1098 3998 n.
1119 3891 1493 3999 4|:1)outinus
1521 3946 1719 3999 sedens
1748 3962 1777 3999 a
1805 3949 1938 3999 dex-

352 3942 589 3995 iirmavit
609 3942 797 3996 orbem
830 3951 1011 4008 terrae,
1042 3962 1098 3998 n.
1119 3944 1209 4010 4|;
1234 3942 1493 4000 Dominus
1521 3946 1719 3999 sedens
1748 3942 1777 3999 a
1805 3949 1939 4001 dex-

355 4013 454 4086 tris
478 4010 719 4086 _l_)_o_mini,
748 4013 928 4086 n.34_5;
961 4015 1221 4072 Dominus
1260 4016 1417 4071 fortis
1439 4026 1495 4072 et
1540 4026 1755 4086 potens,
1785 4033 1935 4075 nunt.

352 4083 441 4137 51.
478 4080 595 4134 Vid.
628 4098 774 4136 num.
800 4083 890 4137 65.

427 4172 540 4243 (59)
566 4172 736 4245 Velim
758 4176 1133 4245 expendantur
1157 4176 1273 4231 hate
1291 4176 1476 4245 verba,
1502 4186 1561 4232 ut
1587 4178 1941 4235 conﬁrmetur

298 4252 301 4255 '
352 4244 615 4315 quidquid
664 4244 716 4315 in
758 4243 1090 4300 Praefatioue
1125 4257 1269 4315 part.
1299 4263 1372 4311 ιι,
1402 4243 1539 4313 ε.’7,
1575 4266 1630 4305 n.
1662 4252 1716 4314 6,
1751 4251 1817 4305 de
1844 4250 1943 4304 Ju-

354 4313 484 4391 s_t_ini
524 4313 773 4391 docturina
817 4314 1075 4391 disserui.
1116 4313 1573 4391 I‘loc_discrimen
1616 4313 1761 4375 inter
1805 4336 1941 4391 gen-

356 4385 579 4463 tiles__et
627 4383 969 4463 Christianos
1018 4390 1191 4463 ponit.
1243 4386 1690 4463 Praestantissimi
1737 4383 1941 4463 quique

354 4454 712 4528 gentiles,__ut
743 4455 998 4528 Socrates
1019 4454 1076 4510 et
1102 4458 1433 4524 Heraclitus,
1476 4462 1729 4516 veritatis
1754 4454 1940 4528 parti-

355 4523 559 4589 cuiam,
597 4525 905 4599 illustrante
946 4527 1159 4599 illorum
1190 4523 1636 4593 anituos’Verbo,
1664 4523 1937 4599 cogitove-
1972 4534 2017 4589 D

358 4605 508 4671 runt,
533 4607 589 4671 et
614 4595 797 4671 aliquo
817 4598 1032 4671 virtutis
1055 4598 1346 4671 simulacro
1373 4600 1566 4654 imitati
1600 4595 1943 4671 suntIAtque

357 4666 409 4719 id
454 4666 674 4735 quidem
726 4666 831 4720 illis
874 4682 903 4718 a
940 4667 1071 4735 Deo,
1118 4685 1215 4737 pro
1262 4670 1470 4724 viribus
1522 4671 1677 4724 liberi
1732 4666 1945 4729 arbitrii

357 4740 597 4790 nondum
628 4736 834 4800 sanati,
860 4736 1182 4793 concessum
1215 4739 1333 4793 fuit.
1373 4741 1443 4793 At
1475 4741 1777 4799 Christiani
1815 4742 1946 4797 Ver-

360 4808 488 4879 bum
524 4806 871 4879 incarnatum
909 4810 1223 4879 nonsolum
1252 4820 1611 4879 cognoscunt,
1646 4819 1741 4869 sed
1776 4816 1943 4869 etiam

357 4877 968 4952 illis_commuuicatum
1014 4878 1153 4945 fuit,
1204 4877 1567 4936 inlta‘bitando
1613 4883 1666 4935 itt
1719 4886 1800 4940 eis
1847 4899 1948 4952 per

357 4948 623 5025 Spiritum
666 4957 1231 5025 sanctum,_s_uamque
1261 4952 1552 5025 imaginem
1594 4953 1651 5025 in
1698 4955 1806 5010 illis
1837 4948 1944 5008 im-

357 5019 668 5140 primenttlo,
700 5019 845 5086 quod
876 5020 1094 5088 quidem
1126 5019 1423 5091 gratuitum
1459 5024 1685 5079 omnino
1718 5026 1815 5081 Dei
1847 5026 1947 5080 do-

357 5106 486 5140 lllllll
518 5103 577 5140 BS
608 5126 624 5140 ο

357 5106 486 5142 ιιιιιιι
518 5103 624 5142 BSt.

432 5179 545 5246 (40)
586 5181 753 5248 Παρά
776 5180 890 5248 τὴν
914 5181 1145 5238 ἑαυτῶν
1173 5182 1391 5240 αἰτίαν.
1420 5183 1548 5241 Haec
1573 5188 1735 5243 verba
1766 5189 1945 5245 minus

358 5251 813 5328 t-etteninteliecta
848 5262 1018 5328 totum
1054 5254 1231 5328 locum
1279 5256 1516 5309 tenebris
1556 5259 1941 5328 impleverunt.

361 5325 479 5398 ipse
506 5322 753 5398 Clericus
779 5324 1055 5398 vertit,ut‘
1079 5326 1193 5387 alii,
1223 5340 1241 5374 ι
1271 5336 1467 5392 praeter
1494 5322 1651 5381 Suaui
1670 5331 1939 5398 culpam,»

359 5391 512 5445 Hist.
534 5392 717 5445 eccles.
745 5397 812 5446 ad
841 5408 929 5450 an.
962 5393 1092 5458 162,
1124 5391 1286 5463 atque
1333 5398 1445 5452 haec
1494 5398 1662 5454 relert
1693 5391 1947 5455 aii-Chri-

359 5468 569 5516 stianos
612 5466 683 5516 ita
719 5465 979 5517 vertendo
1020 5482 1033 5517 :
1077 5484 1093 5516 (
1123 5464 1193 5520 Ut
1226 5475 1281 5520 et
1323 5470 1391 5521 ab
1436 5469 1559 5524 aliis
1608 5482 1790 5526 nostra
1844 5486 1944 5524 no-

359 5546 607 5599 scantur,
637 5534 956 5605 possintque
980 5534 1112 5603 falsa
1138 5537 1392 5604 opinione
1419 5539 1669 5605 liberari,
1696 5550 1748 5595 et
1772 5545 1947 5596 bonos

360 5606 504 5679 virus
540 5620 699 5679 nosse
747 5604 1132 5679 (Christianos)
1181 5608 1272 5675 qui
1313 5617 1509 5675 printer
1543 5626 1695 5667 suam
1731 5612 1946 5679 culpam

359 5674 536 5742 pmuis
572 5677 792 5729 obnoxn
829 5676 1025 5729 liuut.»
1066 5674 1417 5732 Reddendum
1462 5691 1617 5747 putat
1646 5674 1943 5746 'l'hirlbius,

362 5760 383 5795 ι
416 5747 885 5818 \:estt'a_ipsorunt
935 5751 1115 5818 culpa.
1145 5769 1162 5801 ι
1220 5749 1381 5803 Solus
1430 5749 1747 5811 Periuuius,
1798 5768 1945 5807 (sua

358 5815 569 5886 culpa.»
605 5816 861 5875 Pluribus
887 5815 1149 5892 exemplis
1181 5821 1398 5891 probari
1427 5832 1611 5892 posset
1640 5822 1767 5879 illud
1797 5822 1947 5893 παρά

2038 3300 2198 3371 χάριν
2230 3296 2419 3350 τούσδε
2452 3296 2578 3361 τοὺς
2609 3296 2805 3364 λόγους
2851 3291 3246 3362 συνετάξαμεν.
3282 3290 3395 3343 Οὐκ
3426 3287 3541 3341 ἔστι
3573 3285 3637 3339 δὲ

2036 3376 2194 3459 ἡμῶν
2225 3388 2293 3441 τὰ
2336 3387 2639 3459 διδάγματα
2683 3385 2827 3441 κατά
2871 3384 3052 3457 κρίσιν
3098 3381 3352 3454 σώφρονα
3395 3377 3635 3450 αίσρχά,

2038 3479 2174 3535 ἀλλά
2208 3481 2386 3549 πάσης
2422 3480 2521 3550 μὲν
2567 3477 2882 3550 φιλοσοφίας
2927 3475 3272 3548 ἀνθρωπείου
3320 3471 3632 3543 ὑπέρτεραο

2040 3576 2089 3627 εἰ
2119 3573 2175 3626 δὲ
2212 3572 2306 3645 μὴ,
2341 3572 2444 3628 κᾶν
2477 3573 2795 3637 Σωταδείοις
2830 3571 2942 3645 (44)
2975 3571 3073 3627 καὶ
3104 3566 3483 3629 Φιλαινιδείοις
3516 3559 3635 3635 (45)

2040 3821 2129 3877 his
2157 3822 2209 3877 in
2244 3821 2380 3876 locis
2410 3820 2551 3875 idem
2581 3818 2767 3874 valere
2796 3832 2861 3871 ac
2894 3833 2915 3868 ι
2944 3829 3061 3883 per.
3089 3832 3106 3865 ι
3141 3812 3379 3868 [renatus
3411 3813 3465 3866 in
3496 3810 3635 3863 Pro-

2040 3893 2199 3975 ωερε
2238 3894 2355 3975 ’Ἲια
2388 3888 2481 3945 οὖν
2518 3889 2771 3975 μῂ-τῑεῑι.ρά
2800 3883 3639 3975 τὴνίήμξξέρὲιῖξιτέαγηεξὲνῗεῖ

2041 3954 2322 4026 πᾶζωνταί
2355 3954 2529 4025 τινεςξ
2556 3954 2620 4015 Et
2655 3954 2747 4011 lib.
2776 3975 2826 4020 ν,
2857 3954 2980 4025 cap.
3006 3954 3113 4021 59,
3134 3971 3285 4026 num.
3311 3957 3345 4008 ὖ
3365 3954 3492 4026 γενΤά
3536 3954 3636 4008 οὖν

2039 4024 2354 4089 ἀποστάντα
2384 4024 2491 4085 τοῦ
2528 4029 2794 4097 πατρικοῦ
2828 4024 3023 4097 φωτὸς,
3059 4025 3155 4080 καὶ¹
3190 4024 3511 4097 παραϐάντα
3542 4026 3638 4078 τὸν

2040 4047 2354 4089 ἀποστάντα
2384 4051 2478 4085 του
2528 4049 2635 4085 πατ
2676 4047 2794 4083 ικου
2828 4047 3023 4097 φωτος,
3059 4047 3155 4080 και
3190 4047 3511 4096 παραοαντα
3542 4047 3638 4078 τον

2040 4104 2241 4174 θεσμὸν
2271 4105 2373 4174 τῆς
2402 4047 2746 4181 ἐλευθερίίιις,
2784 4098 2934 4181 παρ’-ἀ
2957 4098 3062 4181 ⁹τὴν
3095 4096 3274 4181 αύτῶν
3318 4094 3640 4181 ἀπέστησαν

2041 4167 2248 4240 αἰτίαν,
2296 4167 2559 4246 ἐλεύθερα
2597 4167 2701 4225 ’καὶ
2748 4167 3071 4234 αὐτεξούσια
3116 4167 3214 4239 τὴν
3269 4167 3494 4237 γνώμην
3537 4183 3639 4234 γε-

2042 4246 2263 4315 γονότα.

2114 4338 2226 4409 (ιι)
2264 4335 2480 4409 Αιὸζέν
2508 4332 2585 4405 τῆ
2624 4334 2825 4409 φύσειε
2864 4330 3176 4409 Ιιθιθηᾷιιπι
3225 4329 3532 4409 at???“
3568 4331 3637 4399 τῇ

2042 4400 2224 4479 φύσειζ
2263 4407 2530 4480 Nimirum
2551 4400 2666 4460 "sm
2715 4400 3148 4480 ἱρεοτιιηίιιιιιρο
3192 4400 3476 4480 suppliciis
3521 4408 3641 4480 Ira:

2049 4469 2275 4543 duntur,
2298 4480 2423 4547 quia
2458 4477 2600 4552 inest
2635 4469 2842 4552 natura:
2867 4474 3136 4552 luunanfe
3153 4475 3236 4523 vis
3267 4469 3639 4552 cognoscendi

2049 4550 2175 4604 boni
2214 4537 2272 4602 et
2304 4537 2452 4620 ntali.
2483 4547 2615 4620 Illud
2648 4563 2663 4601 :
2699 4547 2795 4608 Εἰς
2832 4544 2892 4597 τὸ
2925 4540 3237 4620 γνωσθῆναι
3281 4542 3393 4602 τοῖς
3425 4537 3645 4620 ἀνθρῴ

2048 4637 2173 4683 ποις
2229 4618 2405 4686 ταῦτα
2458 4617 2651 4671 eodem
2698 4631 2863 4691 sensu
2915 4613 3079 4691 paulo
3123 4613 3532 4691 anteoccurrit
3582 4617 3645 4663 et

2049 4678 2183 4744 Satis
2231 4682 2576 4743 incommode
2612 4688 2714 4741 hoc
2746 4678 2866 4762 loco
2911 4678 3147 4762 positum
3185 4681 3419 4762 videtur.
3452 4678 3643 4762 Quare

2050 4760 2467 4834 perspicuitatis
2504 4758 2784 4834 causavel
2834 4752 3196 4834 omittendum
3232 4752 3342 4834 fuit.
3384 4752 3435 4803 in
3470 4752 3643 4834 inter-

2048 4820 2339 4900 pretando,
2387 4829 2503 4894 vel,
2549 4838 2607 4881 ut
2658 4826 2967 4889 faciendum
3016 4825 3183 4887 duxi,
3233 4823 3414 4892 aptius
3462 4820 3640 4876 collo-

2050 4903 2307 4955 candunL

2120 4993 2240 5065 (Η)
2290 4992 2357 5045 Τό
2401 4991 2750 5061 γνωριστόν.
2798 4988 3107 5059 Legendum
3156 4981 3539 5056 γνωριστικόν,
3576 4990 3640 5036 ut

2044 5066 2155 5137 jam
2190 5065 2342 5118 multi
2372 5068 2828 5117 observaverunt.

2122 5159 2239 5232 (475)
2280 5157 2635 5232 ηρῷστιμον.
2671 5154 2727 5208 Si
2773 5154 3014 5232 legamus
3053 5144 3641 5232 «pooctpélvmbseuro

2049 5240 2105 5284 et
2128 5220 2339 5282 'dillicili
2372 5220 2629 5281 looo'non
2663 5220 2853 5293 parum
2883 5222 3019 5277 lucis
3052 5220 3298 5293 accedet.
3322 5220 3421 5293 Δδίο
3466 5220 3636 5269 etiam

2050 5302 2336 5371 legendum
2365 5307 2555 5352 censet
2587 5290 2838 5351 eruditus
2868 5292 3236 5349 Londineusis
3268 5290 3467 5343 editor.

2122 5387 2247 5462 (ξιξ)
2279 5386 2653 5462 Σῳταδείοις.
2694 5387 2769 5441 De
2810 5386 3012 5462 §otade
3060 5380 3486 5462 ξιιποιιοβςορζζ
3518 5393 3636 5462 xxv,

2048 5474 2104 5528 p.
2128 5448 2274 5520 ‘573,
2306 5461 2393 5512 ed.
2439 5448 2694 5512 Siebenk.
2725 5468 2784 5510 et
2817 5454 3125 5528 'l‘zscltuck_.
3162 5469 3177 5506 :
3220 5448 3419 5528 Ἦρξε
3447 5448 3637 5503 Σωτά-

2048 5524 2145 5602 δης
2183 5530 2279 5600 μὲν
2315 5528 2528 5607 πρῶτος
2575 5528 2667 5582 τοῦ
2716 5525 3171 5595 κιναιδολογεῖν.
3219 5524 3395 5578 Οττο.

2123 5624 2236 5694 (45)
2277 5621 2714 5694 Φιλαινιδείοιςᾼ.
2760 5619 3033 5694 Rhilzeuis,
3073 5619 3154 5694 εἰς
3196 5614 3262 5686 ἣν
3297 5613 3635 5694 ἀναφέρεται

2050 5694 2108 5749 τὸ
2133 5687 2271 5765 ’περὶ
2304 5693 2630 5766 ἀφροδισίων
2682 5689 2992 5766 ἀκόλαστον.
3032 5687 3395 5766 σύγγραμμαἶ
3430 5689 3631 5738 At‘nett.

2052 5769 2173 5837 lac.
2202 5756 2256 5836 p.
2279 5756 2401 5820 355'.
2436 5764 2571 5834 (λου.
2604 5764 2755 5833 Suid,
2790 5777 2835 5816 s.
2866 5777 2912 5816 v.
2954 5756 3349 5813 Ἀστυάνασσα.
3381 5756 3458 5809 ID.
