4006 6254
292 362 383 418 ιτδ

1366 362 1706 422 DIALOGUS
1735 362 1879 420 CUM
1915 362 2289 419 TBYPHONE
2325 362 2570 423 JUDIEO

3481 364 3585 422 ιη

298 473 717 546 σιμπεριεπάτει
756 493 856 546 μοι
890 496 906 509 ·
954 482 1409 555 συνυπέστρεφον
1465 485 1510 539 δ’
1550 485 1699 556 αὐτῷ
1732 486 1827 539 καὶ
1858 486 1908 538 οἱ

2023 497 2306 539 occurrens
2355 482 2579 550 quidam
2624 494 2728 533 una
2785 494 2907 534 cum
2959 480 3119 544 aliis,
3154 479 3336 545 Salve,
3373 481 3589 553 inquit,

299 568 428 637 φίλοι
470 565 654 619 uinci).
692 566 883 636 Κάγὼ
922 570 1189 642 ἔμπαλιν
1229 574 1669 645 προσαγορεύσας
1710 575 1906 636 αὑτὸν,

300 660 367 713 Τί
390 659 649 731 palum;
685 660 856 733 ἐφην.

385 930 441 985 Ὀ
467 931 542 993 δὲ,
587 931 921 1004 Ἐὂιδάχθην
950 935 1015 986 ὲν
1040 934 1256 1006 Ἀργει,
1291 936 1474 1007 φησὶν,
1507 937 1613 991 ὑπὸ
1643 939 1908 1011 Κορίνθου

301 1022 395 1076 τοῦ
420 1023 800 1093 Σωκρατικοῦ,
830 1026 919 1077 ὅτι
946 1026 1010 1078 οὐ
1044 1026 1129 1079 δεῖ
1154 1031 1508 1099 καταφρονεῖν
1534 1030 1655 1091 οὐδὲ
1688 1031 1909 1102 ἀμελεῖν

301 1114 409 1166 τῶν
448 1115 865 1186 περικειμένων
899 1116 1021 1169 τόδε
1047 1117 1106 1171 τὸ
1131 1118 1314 1189 σχῆμα
1343 1117 1453 1191 (48)
1474 1161 1488 1183 ,
1520 1121 1635 1175 ἀλλ’
1666 1123 1730 1175 ἐκ
1776 1141 1909 1178 παν-

299 1206 391 1269 τδς
418 1207 896 1279 φιλοφρονεῖσθαι,
930 1210 1284 1281 προσομιλεῖν
1307 1228 1366 1264 τε
1400 1213 1603 1278 αὐτοῖς,
1635 1214 1755 1269 εἴτι
1783 1216 1911 1286 ὄφει-

301 1298 389 1360 λος
426 1299 537 1367 (49)
587 1301 653 1351 ἐκ
684 1300 792 1369 τῆς
833 1301 1126 1365 συνουσίας
1151 1302 1358 1371 γένοιτο
1389 1304 1422 1375 ἢ
1457 1305 1606 1375 αὐτῷ
1651 1308 1843 1378 ἐκείνῳ
1876 1309 1908 1381 ἢ

302 1391 442 1459 ἐμοί.
500 1391 879 1462 Ἀμφοτέροις
920 1394 979 1446 δὲ
1027 1393 1233 1463 ἀγαθόν
1273 1396 1426 1458 ἐστι,
1477 1396 1581 1450 κᾶν
1614 1396 1839 1469 θάτερος
1872 1394 1906 1471 ᾖ

301 1484 682 1556 ὠφελημένος.
739 1486 948 1538 Τούτου
995 1482 1089 1539 οὖν
1121 1487 1318 1559 χάριν,
1367 1488 1495 1541 ὅταν
1542 1490 1636 1543 ίδω
1681 1491 1805 1545 τινὰ
1853 1493 1912 1544 ἐν

299 1575 529 1646 τοιούτῳ
560 1578 839 1646 σχήματι,
870 1579 1123 1649 ἀσμένως
1156 1579 1303 1651 αὐτῷ
1324 1581 1700 1653 προσέρχομαι
1720 1602 1734 1615 ⁸
1765 1585 1825 1639 σέ
1852 1602 1911 1644 τε

305 1668 443 1721 κατὰ
482 1669 557 1721 τὰ
586 1669 740 1721 αύτὰ
773 1670 946 1741 ἡδέως
989 1670 1087 1725 νῦν
1135 1676 1459 1749 προσεῖπον·
1495 1666 1641 1727 οὗτοί
1677 1692 1739 1728 τε
1784 1692 1911 1732 συν-

306 1762 610 1829 εφέπονταί
645 1781 777 1834 μοι,
812 1762 1223 1835 προσδοκῶντες
1255 1766 1348 1822 καὶ
1389 1766 1542 1827 αὐτοὶ
1585 1766 1912 1822 ἀκούσεσθαί

306 1873 353 1906 τι
379 1856 627 1927 χρηστὸν
660 1859 730 1909 ἐκ
762 1856 881 1910 σοῦ.

372 1970 470 2032 Τίς
502 1970 565 2023 δὲ
602 1970 669 2022 σύ
693 1971 818 2023 ἐσσι
846 1970 980 2041 (50),
1010 1970 1234 2040 φέριστε
1267 1970 1473 2043 βροτῶν
1493 1990 1506 2038 ;
1529 1972 1717 2038 Οὕτως
1743 1992 1911 2046 προσ-

305 2062 515 2126 παίζων
548 2060 712 2132 αύτῷ
751 2060 956 2131 ἔλεγον.

380 2178 439 2232 ⁸0
464 2178 528 2231 δὲ
548 2178 652 2231 καὶ
680 2176 925 2248 τοῦνομά
949 2194 1041 2248 μοι
1066 2178 1160 2231 καὶ
1188 2177 1249 2230 τὸ
1267 2178 1423 2247 γένος
1450 2178 1665 2245 ἐξεῖπεν
1684 2180 1870 2245 ἁπλῶς
1892 2199 1906 2211 ·

304 2270 541 2341 Τρύφων
564 2310 580 2333 ,
617 2270 759 2342 φησὶ
781 2311 796 2335 ,
832 2268 1108 2339 καλοῦμαι
1142 2269 1289 2342 (51)*
1325 2272 1441 2342 εἰμὶ
1470 2272 1527 2325 δὲ
1565 2271 1814 2345 Ἐὗραῖος
1847 2275 1911 2327 ἐκ

302 2362 654 2434 περιτομῆς,
686 2360 878 2432 φυγὼν
918 2362 1011 2415 τὸν
1042 2360 1137 2416 νῦν
1169 2363 1455 2435 γενόμενον
1498 2363 1731 2435 πόλεμον
1760 2364 1872 2438 (52)
1892 2405 1907 2430 ,

304 2455 361 2505 ἐν
390 2457 459 2524 τῇ
501 2454 727 2508 Ἑλλάδι
760 2454 858 2507 καὶ
884 2458 952 2525 τῇ
988 2454 1238 2526 Κορίνθῳ
1270 2456 1338 2511 τὰ
1368 2456 1538 2510 πολλὰ
1562 2457 1787 2526 ⁶διάγων.

372 2548 485 2599 Καὶ
508 2546 567 2599 τί
592 2546 685 2611 ἂν,
716 2546 855 2617 ἔφην
887 2546 1021 2615 ἐγὼ,
1040 2547 1293 2601 τοσοῦτον
1322 2550 1384 2602 ἐκ
1412 2549 1733 2620 φιλοσοφίας
1767 2550 1830 2603 σύ
1860 2552 1907 2603 τ’

303 2639 370 2690 ἂν
413 2637 808 2707 ὠφεληθείης,
851 2638 978 2691 ὅσον
1008 2639 1159 2709 παρὰ
1199 2638 1293 2693 τοῦ
1338 2640 1434 2697 σοῦ
1469 2640 1765 2712 νομοθέτου
1813 2644 1910 2697 καὶ

301 2731 411 2783 τῶν
446 2731 757 2803 προφητῶν
776 2747 791 2797 ;

376 2854 443 2905 τί
474 2853 624 2925 γὰρ,
656 2853 759 2923 οὐχ
804 2856 854 2907 oi
896 2853 1175 2924 φιλόσοφοι
1211 2855 1340 2928 περὶ
1383 2854 1520 2910 Θεοῦ
1560 2854 1654 2912 τδν
1695 2858 1911 2915 ἅπαντα

306 2944 593 2998 ποιοῦνται
618 2946 781 3014 λόγον
809 2946 947 3018 (5'5),
981 2949 1189 3011 ἐκεῖνος
1219 2948 1393 3017 ἔλεγε,
1428 2950 1521 3002 καὶ
1556 2950 1686 3021 περὶ
1717 2967 1911 3023 μοναρ-

304 3037 431 3105 χίας
458 3036 652 3099 αὐτοῖς
701 3037 799 3089 καὶ
838 3036 1100 3108 προνοίας
1126 3040 1182 3091 αἱ
1217 3037 1475 3109 ζητήσεις
1506 3037 1748 3107 γίνονται
1781 3039 1911 3092 ἐκά-

309 3141 498 3190 me;
540 3128 615 3179 Ἥ
643 3128 708 3179 οὐ
732 3126 895 3181 τοῦτο
919 3128 1080 3200 ἔργον
1113 3129 1230 3181 ἐστὶ
1260 3127 1599 3199 φιλοσοφίας,
1635 3128 1909 3196 ἐξετάζειν

306 3221 437 3290 περὶ
468 3220 566 3273 τοῦ
601 3221 765 3274 Θείου
788 3238 804 3287 ;
1838 3218 1849 3228 °

378 3333 513 3399 Ναὶ,
552 3335 694 3405 ἔφην
713 3353 726 3365 ·
765 3334 909 3390 οὕτω
936 3336 1032 3390 καὶ
1064 3338 1225 3409 ἡμεῖς
1252 3338 1641 3410 δεδοξάκαμεν.
1688 3338 1828 3391 Ἀλλ’
1862 3338 1911 3390 οἱ

309 3426 557 3479 πλεῖστοι
592 3427 708 3496 (54)
763 3428 885 3481 οὐδὲ
934 3428 1123 3481 τούτου
1167 3430 1629 3502 πεφροντίκασιν,
1674 3429 1786 3482 εἴτε
1832 3424 1913 3494 εἷς

311 3518 421 3571 εἴτε
456 3518 554 3571 καὶ
588 3519 814 3583 πλείους
840 3521 947 3573 εἰσὶ
982 3520 1113 3585 θεοὶ,
1148 3522 1243 3575 καὶ
1274 3522 1385 3575 είτε
1412 3520 1730 3594 προνοοῦσιν
1756 3522 1913 3593 ἡμῶν

309 3611 567 3673 ἑκάστου,
596 3609 708 3663 εἴτε
744 3610 840 3663 καὶ
867 3610 929 3664 οῦ
948 3629 961 3642 °
987 3613 1063 3676 ὡς
1087 3613 1254 3684 μηδὲν
1285 3614 1421 3686 πρὸς
1443 3614 1792 3685 εὐδαιμονίαν
1814 3616 1913 3686 τῆς

309 3699 570 3768 γνώσεως
617 3702 827 3773 ταύτης
864 3702 1257 3777 συντελούσης·
1288 3704 1425 3758 ἀλλὰ
1474 3706 1570 3758 καὶ¹
1608 3706 1755 3776 ἡμᾶς

312 3795 659 3865 ἐπιχειροῦσι
688 3794 920 3860 πείθειν,
960 3796 1037 3859 ὡς
1066 3795 1161 3849 τοῦ
1198 3796 1298 3869 μὲν
1334 3796 1647 3868 σύμπαντος
1683 3797 1778 3850 καὶ
1810 3798 1912 3849 αὺ-

312 3886 418 3939 τῶν
461 3886 575 3941 τῶν
601 3887 783 3955 γενῶν
810 3890 906 3943 καὶ
938 3888 1095 3943 εἱδῶν
1126 3889 1467 3961 ἐπιμελεῖται
1495 3888 1648 3955 Θεὸς,
1686 3888 1820 3962 ἐμοῦ
1859 3890 1915 3949 δὲ

384 4085 501 4157 (48)
546 4085 696 4140 Τόδε
726 4085 794 4139 τὸ
828 4085 1055 4156 σχῆμα.
1109 4088 1184 4143 De
1236 4085 1459 4142 Iustino
1506 4087 1708 4140 Euseb.
1766 4084 1913 4157 Hist.

317 4156 445 4211 ml.
482 4155 549 4210 ἰν
571 4198 588 4221 ,
628 4174 681 4210 c.
716 4157 778 4209 ll
816 4175 830 4211 :
876 4155 1161 4221 Ἰουστῖνος
1202 4158 1260 4211 ἐν
1288 4158 1628 4226 φιλοσόφου
1657 4155 1917 4223 σχήματι

317 4227 640 4294 πρεσϐεύων
682 4229 777 4280 τὸν
825 4228 964 4281 θεῖον
999 4228 1177 4296 λόγον.
1225 4227 1449 4282 Hieron.
1497 4228 1575 4280 De
1616 4228 1745 4279 viris
1798 4228 1916 4292 ill.,

316 4312 370 4347 c.
423 4298 495 4350 23
547 4317 562 4351 :
622 4315 640 4347 ι
684 4297 933 4353 Justinus
992 4299 1389 4366 philosophus,
1454 4299 1639 4351 habitu
1703 4311 1920 4365 quoque

315 4367 623 4435 philosophi
679 4370 942 4423 incedens
974 4384 1029 4433 ι;
1077 4377 1133 4422 et
1180 4368 1339 4421 Pbot.
1397 4367 1543 4428 Bibl.
1588 4367 1713 4422 cod.
1770 4367 1916 4420 125:

315 4436 633 4563 θιλοσοδῶν
660 4438 895 4503 καὶτοῖς
926 4438 1108 4507 λόγοις
1140 4438 1237 4491 καὶ
1263 4436 1342 4509 τῷ
1388 4438 1488 4509 βίῳ
1515 4437 1609 4500 καὶ
1646 4435 1725 4509 τῷ
1765 4435 1920 4505 σχή-

318 4524 476 4563 ματι.
554 4524 689 4562 vro.

387 4578 502 4653 (i9)
545 4578 625 4653 Et
649 4595 707 4631 τι
735 4578 972 4653 ὄφελος.
1021 4577 1153 4633 Illud
1193 4580 1241 4631 εί
1283 4579 1430 4653 idem
1469 4580 1573 4653 hoc
1606 4578 1727 4631 loco
1767 4577 1910 4653 valet

320 4664 385 4703 ac
419 4651 607 4702 dando
640 4650 891 4717 cperam,
919 4652 1036 4702 sive
1074 4650 1354 4714 tentando,
1392 4656 1451 4702 ut
1485 4650 1668 4718 aliqua
1707 4650 1916 4702 utilitas

320 4721 387 4772 ad
425 4719 609 4785 ipsum
646 4720 732 4772 vel
768 4720 835 4771 ad
874 4735 959 4772 me
991 4722 1201 4774 redeat.

388 4788 502 4857 (50)
544 4790 644 4853 Τίς
676 4787 745 4841 δὲ
766 4791 847 4841 σύ
878 4791 1040 4843 ἐσσι.
1071 4790 1144 4842 Ex
1176 4789 1409 4844 Homero
1426 4788 1595 4841 Iliad.
1622 4786 1673 4851 ξ,
1695 4804 1749 4838 v.
1778 4788 1912 4841 ηδε

327 4862 421 4924 Τίς
445 4856 516 4911 δὲ
548 4862 640 4928 σύ
665 4859 840 4922 ἐσσι,
871 4858 1117 4927 φέριστε
1146 4857 1533 4928 καταθνητῶν
1565 4856 1912 4927 ἀνθρώπωη

325 4928 563 4983 Halloix.
588 4926 718 4982 Not.
752 4932 809 4982 in
833 4926 1094 4983 ri’tJust.
1124 4945 1246 4999 cap.
1279 4931 1337 4984 6.

391 5026 509 5097 (51)
576 5028 935 5095 Τρύφων,....
983 5028 1302 5097 καλοῦμαι.
1355 5027 1512 5081 Hunc
1552 5023 1904 5097 Tryphonem

321 5095 592 5169 Eusebius
623 5096 939 5169 Judaeorum
990 5111 1117 5151 tunc
1171 5095 1430 5169 tetnporis
1478 5095 1905 5153 celeberrimum

323 5169 487 5224 fuisse
522 5168 660 5223 dicit
692 5167 788 5225 lib.
814 5184 888 5230 tv,
918 5184 1039 5238 cap.
1076 5170 1163 5225 18.

387 5263 504 5331 (52)
552 5262 669 5316 Τὸν
693 5261 812 5316 νῦν
839 5263 1039 5331 qur-dp.
1074 5264 1357 5332 πόλεμον.
1392 5262 1508 5323 Hoc
1539 5273 1623 5318 est
1642 5260 1844 5317 bellum
1873 5275 1904 5320 a

323 5332 715 5388 Bas-Coeltbar
752 5340 1073 5390 excitatum.
1105 5334 1288 5389 UTTu.

387 5425 504 5496 (53)
551 5424 667 5477 Τὸν
708 5424 947 5479 ἅπαντα
994 5424 1304 5496 ποιοῦνται
1344 5427 1549 5494 λόγον.
1599 5423 1702 5496 Sic
1736 5425 1901 5496 etiam

324 5494 491 5549 reddi
534 5503 768 5562 possent
816 5496 933 5550 haec
976 5494 1142 5549 verba
1185 5513 1199 5549 :
1246 5516 1265 5549 ι
1291 5496 1376 5550 An
1434 5510 1541 5551 non
1593 5495 1900 5564 philosophi

323 5581 544 5620 omnem
580 5565 652 5619 de
693 5564 804 5619 Deo
850 5566 1274 5633 disputationem
1312 5566 1692 5620 instituunt?»
1732 5564 1787 5618 ld
1820 5574 1903 5619 est

327 5636 797 5704 disputationibus
846 5635 962 5691 suis
1009 5637 1475 5704 complectuntur,
1522 5636 1902 5703 quidquid'de

331 5705 444 5759 Deo
472 5706 556 5760 las
590 5716 678 5761 est
706 5704 1024 5775 disserere?
1048 5703 1155 5760 Sed
1191 5706 1592 5775 interpretatio,
1617 5720 1781 5775 quam
1816 5718 1901 5758 se-

333 5788 494 5829 cutus
527 5791 674 5837 sum,
696 5774 1068 5846 conﬁrmatur
1091 5791 1157 5830 ex
1182 5775 1268 5846 bis
1292 5772 1476 5846 verbis
1506 5791 1521 5830 :
1549 5776 1615 5846 ᾼὶ
1638 5772 1897 5846 ζητήσεις

345 5846 581 5911 γίνονται
609 5844 895 5899 ἑκάστοτε.
932 5842 1175 5903 Justinus
1213 5844 1429 5901 Coltort.
1464 5863 1519 5900 n.
1544 5845 1599 5907 9,
1628 5842 1707 5899 ait
1721 5842 1779 5900 se
1807 5860 1897 5899 au-

2012 575 2355 644 philosophe,
2389 575 2685 642 statimque
2717 572 2799 625 bis
2830 572 2991 625 dictis
3015 588 3312 627 conversus
3341 588 3444 647 una
3475 592 3589 629 tne-

2012 683 2135 721 cum
2179 666 2518 721 ambulabat.
2558 664 2820 718 Conversi
2869 677 3089 733 quoque
3136 680 3258 718 cum
3308 680 3374 718 eo
3421 668 3584 719 amici

2010 759 2144 824 ejus.
2182 758 2318 812 Tum
2351 772 2451 827 ego
2486 756 2725 811 vicissim
2770 756 2919 809 illum
2968 756 3210 811 salutans
3254 770 3268 809 :
3316 756 3456 823 Quid
3499 772 3585 811 re-

2012 863 2154 913 rum,
2187 848 2437 916 inquam,
2465 845 2850 915 potissimum?

2083 962 2152 1023 At
2184 962 2272 1017 ille
2303 978 2318 1015 :
2363 960 2558 1017 Docuit
2592 973 2678 1013 me
2705 959 2894 1028 Argis,
2927 958 3123 1028 inquit,
3159 953 3453 1012 Corinthus
3485 956 3600 1011 So—'

2012 1054 2252 1109 craticus
2296 1067 2406 1107 non
2442 1053 2644 1106 debere
2672 1050 2947 1106 contemni
2981 1058 3073 1104 aut
3107 1049 3303 1120 negligi
3329 1051 3420 1118 qui
3447 1050 3589 1105 hanc

2016 1156 2223 1201 vestem
2255 1146 2430 1201 induti
2476 1152 2647 1207 sunt,
2697 1143 2793 1198 sed
2831 1155 3048 1195 omnem
3077 1141 3158 1195 eis
3196 1141 3591 1195 humanitatem

2012 1238 2394 1301 exhibendam,
2423 1251 2488 1290 ac
2517 1249 2706 1290 eorum
2744 1233 3136 1288 consuetudine
3183 1232 3481 1297 utendum,
3533 1238 3595 1283 ut

2014 1330 2191 1399 aliqua
2223 1328 2347 1383 inde
2377 1327 2584 1381 utilitas
2608 1326 2726 1381 sive
2754 1324 2821 1379 ad
2855 1325 3032 1394 ipsum
3060 1322 3231 1387 illum,
3264 1324 3382 1376 sive
3410 1322 3476 1377 ad
3508 1335 3595 1374 me

2017 1422 2224 1477 redeat.
2275 1419 2509 1489 Utrique
2553 1430 2737 1475 autem
2777 1420 2917 1472 bene
2952 1425 3076 1478 est,
3127 1415 3171 1471 si
3204 1415 3291 1469 vel
3333 1414 3595 1468 alteruter

2010 1514 2246 1581 juvetur.
2277 1512 2429 1567 Hanc
2458 1511 2626 1581 igitur
2664 1509 2737 1564 ob
2783 1523 3004 1564 causam
3035 1547 3050 1572 ,
3086 1522 3215 1561 cum
3264 1506 3502 1577 aliquem
3536 1505 3594 1559 in

2016 1607 2120 1664 hac
2162 1613 2312 1660 veste
2345 1604 2656 1672 conspicio,
2696 1602 2932 1656 libenter
2961 1599 3202 1654 adoeum
3240 1597 3483 1662 accedo;
3516 1606 3596 1652 te-

2016 1712 2122 1767 que
2159 1696 2319 1750 modo
2365 1711 2429 1749 ea
2479 1695 2546 1750 de
2580 1709 2743 1747 causa
2778 1692 2935 1746 laetus
2961 1690 3284 1759 compellavi
3314 1704 3326 1738 :
3368 1690 3459 1743 isti
3492 1702 3596 1742 au-

2020 1801 2125 1842 tem
2161 1804 2249 1843 me
2280 1788 2707 1855 subsequuntur,
2731 1785 2874 1855 quod
2898 1793 2954 1839 et
2986 1784 3087 1853 ipsi
3118 1793 3340 1851 sperent
3366 1796 3425 1836 se
3449 1795 3514 1835 ex
3542 1788 3598 1840 te

2016 1884 2147 1939 utile
2183 1882 2388 1950 aliquid
2421 1880 2730 1933 audituros.

2088 1997 2244 2071 102
2285 1995 2363 2049 Tu
2406 2008 2536 2047 vero
2577 1991 2833 2061 quisnam
2866 2005 2926 2044 es
2963 1988 3277 2043 mortalium
3325 1997 3596 2059 praestan-

2015 2091 2224 2144 tissime
2248 2089 2272 2141 ?
2312 2087 2389 2141 lta
2422 2099 2547 2139 eum
2571 2084 2767 2152 jocans
2793 2081 3131 2151 alloquebar.

2082 2200 2177 2255 llle
2215 2209 2403 2253 autem
2430 2207 2484 2253 et
2510 2210 2707 2250 nomen
2750 2196 2883 2250 mihi
2929 2204 2981 2249 et
3014 2209 3185 2264 genus
3215 2193 3445 2265 ingenue
3476 2194 3597 2249 edi-

2014 2295 2110 2346 dit.
2145 2292 2367 2362 Trypho
2392 2333 2407 2362 ,
2475 2290 2672 2358 inquit,
2718 2304 2923 2353 vocor;
2965 2287 3226 2341 Hebratus
3261 2295 3442 2341 autem
3475 2302 3597 2363 sum

2012 2400 2078 2439 ex
2114 2381 2574 2443 circumcisione,
2609 2396 2674 2434 ex
2710 2380 2854 2435 bello
2903 2394 3077 2447 nuper
3121 2389 3275 2448 gesto
3306 2378 3594 2449 profugus.

2012 2477 2066 2531 in
2108 2474 2317 2531 Graecia
2356 2483 2413 2529 et
2440 2473 2695 2528 Corinthi
2729 2472 3049 2540 plerumque
3081 2470 3306 2540 degens.

2083 2567 2192 2624 Sed
2233 2566 2363 2638 quid
2393 2575 2467 2631 te,
2498 2567 2733 2631 aiebam,
2762 2575 2974 2619 tantum
3020 2563 3362 2631 philosophia
3398 2558 3589 2629 juvat-0

2010 2664 2203 2735 possit,
2243 2670 2508 2743 quantum
2537 2660 2822 2729 legislator
2863 2667 2989 2713 tuus
3016 2669 3072 2713 et
3099 2655 3419 2727 prophetas?

2081 2857 2222 2927 Quid
2264 2856 2447 2923 enim,
2485 2856 2662 2925 inquit
2714 2856 2836 2921 ille,
2881 2871 2950 2911 an
2995 2871 3100 2911 non
3142 2856 3597 2926 philosophorum

2010 2966 2191 3007 sermo
2212 2951 2392 3009 omnis
2421 2950 2488 3004 de
2524 2950 2632 3004 Deo
2661 2957 2918 3005 versatur
2938 2989 2953 3013 ,
3000 2963 3064 3002 ac
3099 2949 3163 3001 de
3201 2948 3321 3016 ejus
3349 2947 3595 3014 Singula-

2012 3045 2172 3099 ritate
2216 3052 2271 3097 et
2324 3043 2682 3113 providentia
2742 3043 3077 3111 quaestiones
3134 3043 3203 3095 ab
3255 3042 3336 3095 eis
3380 3056 3602 3111 semper.

2012 3136 2410 3191 instituuntur?
2449 3136 2559 3197 Aut
2584 3135 2939 3205 philosophiae
2965 3151 3035 3189 an
3068 3150 3176 3188 non
3216 3135 3318 3189 hoc
3345 3148 3484 3204 opus
3513 3141 3597 3187 est

2015 3231 2082 3284 de
2113 3229 2223 3283 Deo
2253 3228 2543 3298 quazrere?

2086 3344 2253 3407 Sane,
2285 3344 2532 3411 inquam,
2560 3343 2635 3393 ita
2665 3350 2720 3395 et
2748 3354 2849 3394 nos
2873 3341 3281 3395 existimamus.
3299 3340 3407 3395 Sed
3428 3340 3596 3410 pleri-

2014 3450 2121 3505 que
2149 3448 2217 3488 ne
2248 3432 2299 3486 id
2327 3432 2547 3501 quidem
2599 3431 2854 3484 laborant
2883 3469 2897 3494 ,
2928 3439 3111 3483 utrum
3140 3446 3278 3484 unus
3308 3445 3375 3483 au
3414 3429 3598 3500 plures

2014 3529 2125 3585 sint
2156 3528 2273 3593 dii,
2320 3536 2375 3580 et
2423 3525 2718 3593 unicuique
2765 3533 3015 3577 nostrum
3055 3532 3238 3576 utrum
3271 3523 3597 3592 provideant

2017 3636 2220 3687 necne;
2249 3618 2407 3687 quasi
2438 3618 2552 3671 haec
2583 3616 2826 3687 cognitio
2855 3616 2984 3669 nihil
3020 3615 3086 3667 ad
3116 3617 3273 3669 beate
3299 3614 3592 3667 vivendum

2017 3709 2227 3764 ali‘erat.
2249 3706 2558 3775 Quinetiam
2585 3706 2921 3775 persuadere
2948 3706 3105 3758 nobis
3128 3713 3397 3758 conantur
3424 3703 3593 3757 Deum

2018 3802 2252 3857 universi
2290 3800 2509 3869 quidem
2545 3814 2609 3852 ac
2639 3801 2881 3867 ipsorum
2911 3812 3174 3865 generum
3206 3805 3264 3850 et
3285 3795 3593 3863 specierum

2016 3910 2204 3953 curam
2238 3907 2446 3964 gerere,
2479 3891 2584 3945 mei
2615 3902 2800 3945 autem
2826 3899 2882 3944 et
2911 3891 2988 3944 tui
3016 3897 3072 3944 et
3101 3888 3444 3960 singulorum
3479 3905 3591 3944 non

2020 4092 2333 4159 tiquitatem
2398 4087 2600 4158 Moysis
2655 4089 3150 4159 demonstraturum
3221 4086 3359 4159 μετὰ
3414 4088 3594 4159 πάσης

2019 4156 2332 4227 ἀξιοπίστου
2363 4156 2688 4229 μαρτυρίας,
2717 4160 2767 4212 id
2796 4167 2882 4213 est
2906 4158 3052 4229 n_ullo
3072 4156 3311 4229 usurum
3343 4156 3595 4212 testium-5

2022 4235 2132 4292 uio,
2161 4232 2305 4297 quod
2343 4227 2453 4281 nou
2496 4227 2877 4297 gravissimum
2908 4227 3113 4282 Gnecis
3148 4228 3315 4281 videri
3366 4229 3586 4295 debeat.

2092 4297 2203 4371 (54)
2255 4299 2406 4353 Ἀλλ’
2448 4298 2837 4371 οιὲπλεῖστοι.
2876 4297 2989 4351 Hoc
3033 4297 3151 4352 loco
3188 4298 3406 4371 Stoicos
3441 4306 3596 4371 notat

2020 4367 2294 4435 Justinus;
2347 4383 2473 4421 nam
2508 4367 2727 4423 Stoicus
2763 4368 2890 4430 ille,
2924 4382 3083 4435 quem
3126 4370 3361 4436 primum
3415 4367 3592 4433 philo-

2024 4444 2229 4511 SOpbia:
2261 4440 2581 4511 tiiagist_rttni
2606 4439 2815 4511 habuit,
2840 4439 2989 4511 parvi
3026 4439 3297 4511 pendebat
3320 4438 3592 4511 cognitio—

1943 4542 1985 4594 ο
2018 4507 2284 4594 ιιοίιιρθὶ,
2310 4518 2366 4562 ut
2390 4508 2527 4594 infra
2566 4507 3038 4594 narratJustiuus.
3061 4507 3115 4594 l'n
3144 4508 3591 4594 eus-deliistoicps

2016 4582 2288 4651 quadrent
2320 4579 2531 4651 optime
2566 4594 2685 4648 quae
2714 4588 3033 4651 sequuntur.
3070 4576 3475 4651 Providentiam
3510 4574 3591 4631 illi

2022 4646 2239 4721 quidem
2289 4646 2686 4721 admittebant,
2731 4649 2826 4721 sed
2857 4664 2977 4721 qua:
3005 4646 3116 4700 fato
3158 4657 3211 4699 et
3261 4646 3591 4721 necessitate

2021 4718 2426 4783 contineretur,
2472 4733 2571 4771 nec
2598 4720 2761 4773 aliter
2806 4718 3055 4771 homines
3091 4732 3154 4770 ac
3200 4732 3285 4770 res
3320 4718 3590 4772 inanitnas

2022 4800 2256 4862 regeret.
2283 4790 2417 4844 Hinc
2444 4786 2813 4862 Tertulliauus
2846 4787 3303 4862 Ptjg;script._cap._
3327 4786 3387 4841 ’ῖς
3420 4786 3590 4862 «μειζ-

2017 4855 2190 4916 ςὶὀίιίε
2218 4860 2359 4915 Deus
2387 4859 2578 4912 melior
2606 4860 2671 4911 de
2702 4857 3117 4925 tranquillitate,
3155 4858 3355 4925 inquit,
3381 4873 3409 4909 a
3440 4855 3587 4909 Stoi-.

1924 4954 1925 4957 η
2016 4934 2097 4987 cis
2132 4938 2377 4991 venerat,
2416 4947 2436 4981 ι
2492 4929 2733 4996 Denique
2766 4928 3113 4996 philosophi,
3153 4930 3219 4977 de
3264 4930 3462 4993 quibus
3497 4926 3587 4980 hic

2017 5003 2262 5072 loquitur
2296 5000 2564 5072 Justinus,
2592 5001 2782 5052 iisdem
2814 4999 3029 5072 vicibus
3067 4998 3417 5072 redeuntibus
3458 5010 3585 5072 eos-

2015 5067 2135 5127 deiu
2174 5074 2422 5125 homines
2459 5070 2760 5122 revicturos
2795 5069 3085 5130 docebant,
3122 5071 3263 5133 quod
3306 5067 3583 5136 proprium

2015 5143 2114 5196 fuit
2167 5141 2416 5197 Porticus
2449 5150 2834 5191 commentum.
2877 5166 2949 5177 —
2994 5134 3592 5203 liedargnit'Justinus'

2016 5222 2128 5266 tum
2157 5214 2303 5267 illius
2330 5211 2431 5263 aevi
2460 5209 2809 5277 philosophos
2832 5208 2999 5278 '(coll.
3043 5206 3268 5278 Lucian.
3311 5206 3593 5278 (ceroma:

2012 5285 2157 5351 nipp.
2194 5298 2246 5335 c.
2272 5282 2349 5350 9),
2373 5275 2485 5333 tum
2509 5275 2749 5351 Stoicos.
2780 5275 3021 5351 Hi‘euim
3058 5276 3282 5351 uiittith
3305 5275 3589 5351 faciebant“

2011 5345 2112 5410 Dei
2143 5345 2509 5421 cognitionem
2546 5350 2619 5420 (ο.
2652 5348 2719 5411 2,
2769 5365 2823 5417 p.
2874 5347 2979 5421 218
3003 5386 3018 5410 ,
3054 5346 3183 5421 219,
3220 5345 3465 5421 Theopb.
3508 5346 3578 5398 ad

2007 5415 2254 5493 Autolyci
2279 5436 2330 5477 c.
2361 5420 2454 5485 4i;
2488 5415 2854 5493 agnoscebant
2885 5419 3101 5486 quidem
3143 5415 3575 5493 Providentiam,

2008 5492 2081 5546 ita
2127 5486 2305 5547 tamen
2340 5500 2395 5543 ut
2429 5486 2622 5560 magna
2670 5491 2740 5542 dii
2793 5497 3021 5560 curent,
3070 5501 3241 5555 parva
3292 5486 3581 5555 negligant

2006 5563 2251 5635 (CicLDe
2284 5557 2593 5635 nobiliter”
2616 5560 2653 5635 ll
2674 5600 2689 5624 ,
2718 5560 2831 5628 66).
2864 5557 3039 5635 O'r'ro.
3357 5626 3389 5635 η
3422 5628 3435 5635 _
3580 5560 3584 5569 '

2080 5632 2192 5704 (55)
2228 5632 2340 5688 Καὶ
2383 5629 2564 5704 ἡμᾶς.
2616 5631 2688 5704 ita
2737 5626 2864 5682 mss.
2896 5629 3150 5704 codices,
3199 5637 3263 5704 et_
3303 5626 3572 5704 editiones

2005 5695 2348 5762 recentiores
2382 5695 2446 5758 ιιι
2485 5702 2764 5770 Stephano
2790 5740 2806 5768 ,
2857 5700 2999 5767 apud
3053 5714 3214 5770 quem
3250 5697 3450 5769 legitur
3483 5695 3583 5767 καὶ(

2003 5775 2163 5845 ὑμᾶς.
