4006 6254
420 392 525 446 475

1376 381 1433 436 S.
1472 378 1736 436 JUSTINI
1764 373 2173 434 PHILOSOPHI
2216 373 2305 428 ET
2345 374 2703 431 MARTYBIS

3579 374 3694 429 476

421 504 585 568 item;
620 514 798 570 neque
826 498 972 553 enim
1021 497 1140 553 fore
1184 504 1243 549 ut
1280 509 1406 549 eum
1455 504 1565 549 tota
1600 505 1758 550 nocte
1795 512 1859 550 ac
1900 497 1990 551 die

2101 492 2190 546 καὶ
2222 490 2316 543 σοῦ
2348 491 2446 544 οὐκ
2478 491 2557 544 ἔτι
2590 493 2682 544 καὶ
2726 488 2820 543 τοῦ
2881 490 3195 544 καθέκαστα
3238 490 3369 563 (56),
3407 494 3527 546 ἐπει
3569 496 3690 549 οὐδ’

427 608 799 666 precaremur.
834 589 949 645 Hoc
979 602 1158 643 autem
1190 603 1427 657 quonam
1474 590 1582 644 illis
1608 590 1825 652 evadat,
1856 589 1998 643 dilii-

426 688 529 741 cile
555 702 660 740 non
684 693 769 738 est
791 682 1112 750 intelligere.
1148 680 1433 750 Proposita
1463 687 1610 734 enim
1638 692 1719 735 est
1754 682 1863 741 his.
1904 682 1996 749 qui

426 776 501 831 ita
538 777 808 840 sentiunt,
859 772 1162 829 disserendi
1210 782 1265 827 et
1312 772 1570 840 sequendi
1617 787 1727 839 quo
1774 771 2000 826 libuerit

424 870 722 939 impunitas
751 880 804 923 et
842 868 1086 933 licentia,
1121 883 1181 921 ac
1217 866 1409 936 agendi
1442 866 1700 934 quidquid
1728 865 2001 919 voluerint

424 971 479 1017 et
516 962 766 1027 dicendi,
814 976 914 1014 nec
944 959 1273 1028 supplicium
1319 958 1710 1021 metuentibus,
1744 974 1842 1011 nec
1872 956 1997 1011 boni

424 1054 723 1124 quidquam
756 1070 783 1107 a
825 1054 933 1107 Deo
978 1053 1348 1120 sperantibus.
1393 1050 1675 1117 Quomodo
1701 1050 1843 1103 enim
1886 1064 1998 1103 me-

426 1156 578 1199 tuant
607 1156 697 1198 aut
724 1155 949 1214 spcreut
976 1144 1068 1214 qui
1104 1143 1300 1197 eadem
1335 1157 1553 1211 semper
1584 1142 1765 1195 l'utura
1788 1143 1997 1207 dicunt,

426 1251 619 1305 meque
649 1245 703 1290 et
734 1247 785 1289 te
822 1236 1013 1289 eodem
1042 1250 1234 1289 rursus
1268 1235 1426 1288 modo
1458 1236 1722 1297 victuros,
1754 1248 1851 1288 nec
1884 1248 1998 1287 nie-

426 1328 590 1381 liores
621 1327 812 1388 factos.
845 1343 943 1382 nec
966 1327 1315 1381 deteriores?
1345 1326 1451 1379 Alii
1478 1326 1723 1394 quidam,
1754 1341 1876 1379 cum
1900 1327 2000 1379 itit-

428 1418 710 1474 mortalem
739 1430 793 1473 et
818 1421 1197 1489 incorpoream
1233 1421 1471 1473 animam
1501 1434 1624 1473 esse
1653 1429 1880 1488 ponant,
1901 1433 2000 1475 nec

428 1526 619 1579 pinnas
642 1513 866 1567 daturos
892 1528 952 1567 se
977 1521 1193 1582 putant,
1221 1512 1264 1566 si
1290 1512 1419 1580 quid
1455 1511 1580 1565 mali
1614 1512 1843 1565 fecerint
1865 1511 2000 1579 (pati

425 1607 571 1658 enim
620 1620 724 1657 non
764 1614 942 1673 potest
985 1606 1129 1674 quod
1179 1604 1562 1673 incorporeum
1609 1602 1727 1672 est)
1763 1602 2001 1670 necjatu

430 1698 575 1761 Deo,
630 1711 757 1751 cum
805 1695 1129 1750 immortalis
1175 1694 1247 1750 sit
1294 1695 1512 1757 anima,
1560 1694 1864 1765 quidquam
1925 1695 2008 1747 in-

420 1787 632 1855 digent.

2104 586 2168 640 ἂν
2194 585 2475 655 ηὐχόμεθα
2498 585 2646 655 αὐτῷ
2674 586 2741 639 δι’
2764 586 2892 655 ὅλης
2911 586 3103 649 νυκτὸς
3134 588 3227 639 καὶ
3248 589 3478 659 ἡμέρας.
3507 590 3690 643 Τοῦτο

2102 678 2158 731 δὲ
2192 679 2300 751 ὅπῃ
2332 678 2515 741 αὺτοῖς
2543 678 2788 749 τελευτᾷ,
2813 680 2873 731 οὐ
2902 680 3137 748 χαλεπὸν
3159 682 3464 751 συννοῆσαι.
3489 684 3690 736 ’Λδεια

2102 771 2211 842 γὰρ
2240 772 2334 824 καὶ
2367 770 2645 839 ἐλευθερία
2667 770 2845 839 λέγειν
2879 774 2973 824 καὶ
3002 773 3229 825 ἕπεσθαι
3251 776 3364 836 τοῖς
3395 774 3688 839 δοξάζουσι

2100 862 2294 925 ταῦτα,
2330 864 2500 915 ποιεῖν
2523 879 2581 913 τε
2609 863 2708 915 ὃτι
2745 862 3022 932 βούλονται
3057 866 3151 917 καὶ
3182 864 3379 933 λέγειν,
3412 867 3549 937 μήτε
3585 867 3688 920 κό-

2101 954 2255 1007 λασιν
2285 954 2640 1024 φοϐουμένοις
2669 955 2800 1025 (57),
2834 957 2969 1026 μήτε
2993 956 3196 1025 ἀγαθὸν
3222 958 3497 1022 ἐλπίζουσι
3524 976 3579 1012 τι
3613 959 3688 1012 ὲκ

2101 1044 2257 1098 Θεοῦ.
2285 1045 2406 1108 Πῶς
2428 1048 2568 1116 γάρ;
2602 1047 2719 1114 οἵγε
2752 1048 2837 1099 ἀεὶ
2870 1046 3042 1103 ταῦτὰ
3070 1048 3287 1103 ἔσεσθαι
3320 1050 3553 1118 λέγουσι,
3582 1052 3686 1105 καὶ

2101 1140 2187 1191 ἐπ’
2219 1139 2317 1208 ἐμὲ
2350 1139 2443 1191 καὶ
2476 1140 2535 1192 σὲ
2558 1140 2668 1211 (58)
2704 1140 2936 1210 ἔμπαλιν
2971 1140 3259 1211 βιώσεσθαι
3279 1144 3496 1214 ὁμοίως,
3535 1147 3685 1217 μήτε

2102 1230 2452 1301 κρείσσονας,
2508 1233 2644 1303 μήτε
2687 1233 2901 1305 χείρους
2932 1234 3242 1301 γεγονότας.
3282 1236 3462 1291 Ἀλλοι
3502 1237 3559 1290 δέ
3590 1254 3686 1291 τι-

2101 1341 2189 1387 νες
2217 1324 2346 1395 (59),
2372 1327 2806 1397 ὑποστησάμενοι
2832 1327 3098 1382 ἀθάνατον
3132 1332 3226 1384 καὶ
3255 1330 3540 1403 ἀσώματον
3572 1335 3685 1405 τὴν

2100 1420 2298 1493 ψυχὴν,
2332 1420 2477 1485 οὔτε,
2508 1423 2676 1475 κακόν
2691 1440 2741 1475 τι
2769 1423 3084 1493 δράσαντες,
3103 1425 3565 1495 ἡγοῦνταιδώσειν
3595 1429 3685 1482 δί-

2103 1529 2205 1582 κην
2240 1513 2471 1585 (ἀπαθὲς
2491 1514 2599 1583 γὰρ
2614 1514 2672 1566 τὸ
2688 1516 3023 1588 ἀσώματον),
3054 1518 3199 1581 οὔτε,
3219 1519 3483 1573 ἀθανάτου
3504 1520 3683 1590 αὐτῆς

2104 1604 2452 1677 ὑπαρχούσης
2471 1647 2486 1672 ,
2513 1608 2723 1661 δέονταί
2746 1627 2798 1661 τι
2824 1609 2918 1663 τοῦ
2953 1611 3088 1665 Θεοῦ
3123 1612 3221 1669 ἔτι.

494 1877 629 1930 Tum
666 1876 759 1933 ille
786 1877 994 1933 urbane
1029 1878 1319 1933 subridens
1351 1896 1365 1931 :
1393 1876 1473 1931 Tu
1499 1891 1652 1940 vero,
1678 1876 1881 1945 inquit,
1910 1876 1996 1929 his

2168 1874 2275 1925 Καὶ
2306 1873 2364 1935 ὃς
2385 1913 2399 1936 ,
2449 1874 2659 1927 ἀστεῖον
2693 1876 3086 1945 ὑπομειδιάσας
3106 1917 3119 1940 ,
3152 1877 3224 1930 Σὺ
3256 1876 3312 1929 δὲ
3346 1878 3492 1945 πῶς,
3527 1880 3632 1953 ἔφη
3657 1921 3683 1945 ι

422 1972 489 2022 de
524 1971 687 2025 rebus
719 1974 848 2040 quid
886 1987 1078 2027 censes
1099 2011 1115 2037 ,
1157 1981 1211 2026 et
1242 1986 1362 2040 quae
1391 1983 1480 2023 tua
1514 1971 1580 2024 de
1624 1969 1737 2024 Deo
1772 1976 1994 2024 senten-

425 2066 520 2125 tia,
548 2072 601 2115 et
630 2078 751 2131 quae
783 2064 1174 2133 philoSOphia?
1204 2064 1426 2130 Expone
1463 2063 1637 2116 nobis.

490 2154 544 2214 2.
592 2154 797 2212 Narrat
820 2173 874 2208 se
902 2154 1143 2224 pluribus
1168 2157 1393 2224 gustatis
1422 2154 1746 2223 philosophis
1783 2154 1993 2207 tandem

418 2246 705 2301 adhmisse
754 2247 1068 2303 Platonicis.
1115 2278 1186 2289 -—
1225 2248 1488 2317 Equidem
1543 2247 1636 2301 tibi
1665 2286 1680 2311 ,
1736 2247 1990 2316 inquam,

421 2341 550 2410 quid
591 2342 722 2397 mihi
770 2343 1024 2397 videatur
1080 2341 1401 2397 edisseram.
1447 2341 1544 2395 Est
1597 2341 1746 2395 enim
1803 2354 1994 2394 revera

423 2433 657 2486 maxima
709 2439 979 2503 possessio
1028 2435 1408 2503 philosophia,
1465 2448 1530 2488 ac
1589 2433 1807 2503 plurimi
1854 2432 1996 2499 apud

422 2527 590 2583 Dettm
619 2528 803 2595 pretii,
825 2530 891 2582 ad
917 2544 1079 2598 quem
1116 2544 1215 2583 nos
1245 2527 1518 2598 perducit,
1540 2528 1736 2597 cuique
1762 2541 1861 2581 nos
1882 2525 1993 2580 sola

418 2620 803 2684 commendat;
841 2635 1078 2688 vereque
1127 2621 1199 2673 illi
1256 2620 1430 2674 sancti
1466 2629 1591 2673 sunt
1626 2618 1719 2688 qui
1752 2619 1994 2671 animum

419 2720 485 2765 ad
515 2710 916 2781 philosophiam
959 2712 1281 2782 adiungunt.
1319 2710 1459 2777 Quid
1488 2720 1669 2763 atttem
1712 2710 1783 2763 sit
1818 2707 1995 2777 philo-

418 2804 644 2872 SOphia,
677 2814 733 2859 et
761 2820 925 2873 quant
969 2803 1037 2857 ob
1068 2819 1289 2856 causam
1340 2803 1405 2856 ad
1440 2802 1693 2855 homines
1724 2799 1992 2862 demissa,

419 2897 707 2965 plerosque
747 2896 897 2951 latet.
942 2895 1076 2948 Nam
1124 2910 1222 2949 nec
1254 2893 1521 2949 Platonici
1575 2892 1731 2962 103
1780 2899 1994 2957 essent,

426 3003 527 3048 nec
560 2986 753 3052 Stoici,
806 3002 907 3042 nec
950 2987 1328 3056 Peripatetici,
1375 3001 1475 3040 nec
1526 2984 1860 3047 Theoretici,
1895 2996 1997 3035 nec

420 3078 804 3157 Pythagorici;
854 3094 977 3132 cuin
1026 3095 1129 3133 una
1166 3079 1237 3132 sit
1270 3079 1385 3132 haec
1424 3077 1679 3132 scientia.
1716 3074 1873 3131 Unde
1899 3090 1997 3128 au-

419 3180 527 3224 tem
561 3170 849 3240 multiceps
874 3171 1133 3234 evaserit,
1158 3171 1315 3239 juvat
1350 3170 1554 3223 dicere.
1588 3166 1698 3223 Usu
1730 3166 1896 3231 venit,
1936 3174 1996 3220 ut

420 3264 508 3329 iis,
556 3264 649 3333 qui
691 3263 1094 3333 philosophiam
1146 3262 1304 3331 primi
1364 3262 1691 3331 attigerunt,
1734 3268 1792 3312 et
1829 3273 1891 3313 ea
1934 3272 1994 3311 re

420 3355 559 3410 clari
590 3356 874 3420 exstitere,
912 3369 1261 3409 successores
1303 3354 1451 3407 nulla
1492 3353 1607 3406 veri
1642 3351 1886 3405 adhibita
1914 3351 1996 3403 in-

423 3447 807 3519 vestigatione,
859 3447 1240 3513 adharerent;
1285 3461 1349 3500 ac
1387 3454 1601 3499 tantum
1635 3458 1825 3499 eorum
1863 3457 1997 3497 con-

493 3648 601 3721 (56)
628 3649 736 3704 Τοῦ
764 3647 1123 3721 καᾷέχαοοτα.
1154 3638 1693 3721 Mailet__Sylb_urgi_us
1716 3646 1833 3721 τῶν
1860 3644 1994 3700 καθ-

420 3717 624 3778 έκαστά
664 3721 749 3771 vel
787 3718 882 3770 τοῦ
921 3717 1278 3773 καθέκαστον.
1334 3717 1457 3771 Haec
1502 3718 1554 3769 in
1605 3717 1997 3784 Peripateticos

422 3810 480 3848 et
512 3790 849 3861 Cyrenaicos
879 3790 1020 3842 dicta
1049 3788 1400 3861 crediderim,
1429 3788 1522 3857 qui
1558 3801 1747 3855 preces
1774 3788 1997 3861 [ejicie-

422 3856 591 3921 bant}
618 3860 739 3914 Vid.
774 3858 974 3914 Strom.
1012 3873 1083 3914 vu
1107 3898 1123 3922 ,
1156 3874 1212 3927 p.
1246 3856 1385 3923 712,
1424 3856 1479 3914 et
1512 3872 1550 3911 tt
1594 3862 1718 3911 adv.
1760 3856 1994 3923 Celsum,

437 3952 475 3988 ι.
515 3933 604 3986 68.

422 3953 607 4073 ν’(ἓῗ)
648 3999 1062 4073 Φοὸουμέτςοις.
1110 3996 1167 4050 In
1208 3997 1333 4073 cod.
1371 3996 1592 4073 Reg:_et
1618 3997 1856 4073 Claroru.
1881 4015 2000 4073 Δφο-

421 4069 719 4143 ϐουμένους
746 4081 799 4125 et
826 4069 1142 4143 ἐλπίζοντας
1163 4070 1229 4120 ad
1266 4084 1436 4137 marg.
1468 4069 1558 4122 Sic
1578 4072 1747 4143 etiam
1782 4069 1847 4143 ιι.
1877 4070 2001 4143 Ste-

423 4139 637 4213 phanus
660 4144 727 4194 ad
763 4140 987 4213 calcem.
1027 4139 1131 4192 Sed
1171 4139 1994 4213 non_nccessariaemendatio;

425 4206 538 4268 inec
589 4214 733 4266 enim
788 4211 1103 4264 referuntur
1154 4209 1220 4261 ad
1280 4206 1579 4273 δοξάζουσι.
1636 4210 1694 4262 Si
1746 4207 1997 4263 Justinus

422 4297 636 4352 semper
670 4291 993 4352 sequeretur
1028 4278 1268 4352 nitidum
1326 4280 1538 4352 dicendi
1592 4295 1795 4352 genus,
1844 4279 2000 4352 valde

425 4347 557 4407 mihi
592 4347 861 4405 arrideret
891 4351 1005 4403 haec
1034 4349 1271 4418 Perionii
1300 4347 1645 4404 emendatio':
1687 4347 2001 4418 Ἐλευθερία

359 4425 371 4432 ’
419 4425 611 4477 ἕπεται
641 4425 752 4486 τοῖς
786 4418 1068 4487 δοξάζουσι
1100 4417 1273 4472 ταῦτα
1292 4456 1306 4482 ,
1343 4421 1515 4472 ποιεῖν
1546 4437 1606 4474 τε
1638 4421 1666 4473 ὅ
1697 4436 1749 4472 τι
1785 4417 2001 4490 βούλον-

416 4513 508 4549 ται
540 4494 634 4547 καὶ
666 4492 863 4559 λέγειν.

2098 1965 2459 2037 περὶτούτων
2509 1969 2753 2037 φρονεῖς,
2802 1969 2893 2021 καὶ
2934 1969 3056 2022 τίνα
3106 1970 3331 2043 γνώμην
3364 1973 3491 2043 περὶ
3533 1973 3691 2031 Osci

2098 2058 2258 2128 ἔχεις,
2285 2059 2377 2111 καὶ
2401 2059 2536 2130 τίςή
2571 2060 2635 2130 σὴ
2662 2060 2976 2129 φιλοσοφία;
3008 2064 3142 2116 Είπὲ
3169 2066 3321 2134 ἡμῖν.

2165 2151 2220 2204 2.
2274 2149 2413 2219 Ἐγώ
2447 2167 2526 2203 σοι
2553 2191 2567 2214 ,
2597 2150 2733 2223 ἔφην
2758 2193 2771 2217 ,
2809 2154 2951 2225 ὲρῶ,
2985 2155 3013 2206 ὃ
3039 2155 3103 2223 γέ
3135 2172 3225 2225 μοι
3261 2158 3682 2226 καταφαίνεται.

2100 2244 2253 2295 Ἔστι
2278 2241 2385 2313 γάρ
2411 2242 2488 2313 τῷ
2509 2242 2620 2298 ὄντι
2649 2244 2931 2314 φιλοσοφία
2959 2246 3209 2316 μέγιστον
3240 2250 3444 2319 κτῆμα,
3473 2250 3567 2305 καὶ
3595 2268 3685 2304 τι-

2100 2333 2368 2405 μιώτατον
2405 2334 2559 2406 Θεῷ,
2597 2328 2641 2402 ᾧ
2666 2353 2723 2389 τε
2758 2336 2866 2407 (60)
2917 2342 3183 2409 προσάγει
3226 2342 3318 2394 καὶ
3366 2342 3689 2411 συνίστησιν

2097 2427 2243 2497 ἡμᾶς
2269 2426 2402 2497 μόνη
2423 2443 2435 2457 ·
2461 2428 2553 2480 καὶ
2584 2429 2719 2481 ὅσιοι
2751 2428 2825 2492 ὡς
2846 2428 3058 2499 ἀληθῶς
3086 2427 3230 2483 οὗτοί
3260 2433 3415 2494 εἰσιν,
3453 2432 3502 2483 οἱ
3525 2432 3686 2500 φιλο-

2100 2520 2259 2591 σοφία
2286 2519 2376 2573 τὸν
2404 2520 2526 2573 νοῦν
2566 2521 3023 2592 προσεσχηκότες.
3056 2522 3119 2574 Τί
3156 2541 3284 2576 ποτε
3309 2524 3366 2576 δέ
3396 2525 3511 2576 ἐστι
3532 2524 3687 2593 φιλο-

2098 2611 2279 2681 σοφία,
2302 2613 2393 2665 καὶ
2414 2608 2475 2667 οὗ
2501 2615 2659 2685 χάριν
2690 2615 3049 2686 κατεπέμφθη
3076 2617 3155 2679 είς
3180 2618 3306 2679 τοὺς
3329 2616 3678 2687 ἀνθρώπους,

2095 2705 2221 2768 τοὺς
2254 2706 2481 2770 πολλοὺς
2508 2706 2749 2777 λέληθεν.
2778 2709 2851 2761 Οὐ
2885 2708 2995 2779 γάρ
3022 2709 3087 2761 ἂν
3121 2709 3454 2762 Πλατωνικοὶ
3483 2705 3625 2780 ἦσαν
3659 2751 3676 2772 ,

2095 2796 2215 2850 οὐδὲ
2257 2799 2508 2863 Στωϊκοὶ,
2557 2800 2678 2852 οὐδὲ
2721 2801 3176 2872 Περιπατητικοὶ,
3221 2802 3341 2855 οὐδὲ
3393 2801 3674 2873 Θεωρητι-

2099 2891 2184 2944 κοὶ
2219 2891 2350 2962 (61),
2392 2893 2511 2946 οὐδὲ
2541 2894 2930 2965 Πυθαγορικοὶ,
2964 2898 3092 2965 μιᾶς
3130 2894 3297 2965 οὔσης
3331 2895 3439 2966 (6:2)
3471 2895 3682 2967 ταὼς

2098 2986 2427 3056 ἐπιστήμης.
2465 2980 2537 3039 Οῦ
2569 2986 2626 3039 δὲ
2668 2987 2825 3057 χάριν
2872 2986 3211 3058 πολύκρανος
3255 2987 3509 3057 ἐγενήθη,
3537 2985 3686 3039 θέλω

2096 3080 2288 3131 εἰπεῖν.
2329 3079 2533 3149 Συνέϐη
2574 3081 2686 3143 τοῖς
2721 3078 2965 3151 πρώτοις
3004 3080 3304 3149 ἁψαμένοις
3345 3080 3535 3149 αὐτῆς,
3581 3078 3683 3131 καὶ

2095 3171 2184 3226 διὰ
2213 3171 2368 3225 τοῦτο
2390 3172 2618 3239 ἐνδόξοις
2641 3174 2971 3243 γενομένοις,
2996 3173 3354 3243 ἀκολουθῆσαι
3376 3174 3499 3235 τοὺς
3528 3171 3684 3224 ἔπει-

2098 3282 2185 3329 τα,
2224 3265 2387 3337 μηδὲν
2415 3266 2774 3331 ἐξετάσαντας
2812 3266 3068 3336 ἀληθείας
3104 3265 3252 3337 πέρι·
3295 3264 3683 3332 καταπλαγέν-

2096 3376 2195 3423 τας
2230 3359 2286 3412 δὲ
2322 3360 2479 3430 μόνον
2516 3362 2611 3432 τὴν
2642 3361 2941 3433 καρτερίαν
2979 3362 3160 3415 αὐτῶν
3205 3361 3301 3415 καὶ
3341 3362 3438 3431 τὴν
3476 3360 3685 3429 ἐγκρά-

2097 3470 2246 3508 τειαν
2277 3454 2369 3507 καὶ
2407 3454 2464 3507 τὸ
2492 3453 2640 3521 ξένον
2673 3454 2778 3508 τῶν
2809 3455 3003 3523 λόγων,
3047 3455 3222 3509 ταῦτα
3253 3455 3425 3526 άληθῆ
3454 3453 3681 3508 νομίσαι

2098 3655 2289 3724 sephia
2320 3670 2385 3709 ea
2431 3665 2536 3719 est,
2561 3670 2681 3723 quze
2722 3656 2775 3709 in
2809 3654 3243 3724 contemplandis
3282 3656 3446 3709 rebus
3487 3669 3681 3710 versa-

2099 3733 2208 3787 tur,
2244 3741 2343 3780 nec
2370 3727 2437 3778 ad
2467 3728 2736 3781 actionem
2779 3727 2994 3793 transit.
3035 3726 3173 3780 Hinc
3222 3725 3469 3781 Julianus
3500 3726 3682 3793 impe-

2100 3806 2251 3867 rator
2282 3811 2365 3851 or.
2400 3795 2457 3860 6,
2480 3812 2540 3867 ρ.
2577 3796 2679 3850 190
2711 3816 2722 3850 :
2760 3790 2923 3850 Οὗτοι
2964 3796 3157 3867 διμερῆ
3214 3797 3313 3866 τὴν
3362 3790 3684 3867 φιλοσοφίαν

2101 3815 2251 3849 raior
2282 3815 2365 3851 or.
2400 3815 2457 3860 ο,
2487 3815 2540 3862 p.
2577 3815 2679 3850 wu
2711 3816 2722 3850 :
2760 3815 2923 3850 υυτοι
2964 3815 3012 3848 οι
3061 3815 3157 3867 ερη
3214 3815 3313 3866 την
3362 3815 3684 3862 φιΑοσοφιαν

2097 3866 2433 3935 νομίσαντες,
2465 3866 2651 3937 ὥσπερ
2680 3868 2707 3919 ό
2749 3815 3119 3938 Ἀριστοτέλης
3151 3868 3242 3938 καὶ
3277 3867 3518 3938 Πλάτων,
3542 3864 3685 3938 θεω-

2100 3934 2427 4019 en'ea'qzxﬁv,
2440 3955 2496 3991 τε
2515 3934 2977 4019 miranti}qu-
3008 3934 3455 4019 αὑ“τοῦ“συνέντες
3489 3934 3683 4019 δηλον-

2097 4006 2180 4059 ότι
2198 4007 2302 4077 καὶ
2343 4006 2651 4076 νοήσαντες,
2683 4006 2764 4071 ὡς
2784 4006 2981 4061 οἰκεῖόν
3006 4008 3150 4059 ὲστιν
3178 4006 3462 4077 ἅνθρωπος
3489 4006 3677 4077 φύσει,

2100 4075 2298 4150 πράξει
2343 4075 2436 4131 καὶ
2498 4079 2797 4150 επιστήμῃ.
2840 4075 3290 4150 «Philosophiam
3342 4075 3578 4150 (_C_yuici)
3614 4076 3681 4130 in

2100 4144 2236 4217 duas
2270 4156 2452 4216 partes
2491 4144 2776 4207 dividunt:
2798 4148 2874 4199 uti
2912 4147 3235 4200 Aristoteles
3265 4156 3319 4200 et
3343 4144 3528 4217 Plato,
3548 4158 3682 4217 spe-

2100 4215 2394 4271 cul‘ativam
2445 4228 2499 4270 et
2547 4218 2880 4285 practicam;
2910 4218 2962 4269 in
2995 4232 3103 4284 quo
3140 4227 3284 4270 recte
3320 4215 3447 4268 illud
3482 4215 3677 4269 viden-

2100 4293 2190 4338 tur
2228 4284 2698 4351 animadvertisse,
2722 4287 2995 4340 hominem
3035 4295 3225 4339 natura
3262 4286 3327 4339 ad
3387 4284 3679 4338 scientiam

2102 4363 2158 4425 et
2189 4358 2460 4411 actionem
2497 4372 2613 4410 esse
2639 4369 3037 4425 comparatum.
3066 4376 3086 4408 ι
3108 4356 3343 4410 Isidorus
3367 4354 3693 4421 Pelusiota,_

2100 4424 2200 4479 lib.
2233 4442 2294 4490 ll,
2324 4427 2487 4496 epist.
2519 4426 2649 4487 201.
2677 4424 2786 4479 tres
2818 4425 3172 4493 philosophiae
3221 4427 3436 4493 species
3469 4426 3677 4479 distin—

2101 4497 2237 4564 guit.
2280 4512 2512 4567 quarum
2564 4496 2818 4565 primam,
2868 4510 2987 4562 qua:
3037 4498 3090 4548 in
3138 4498 3353 4551 actiOne
3404 4506 3693 4567 versatur,

494 4565 607 4636 (58)
646 4558 760 4636 Καὶ
802 4561 895 4636 σέ.
923 4558 1044 4636 _S_ic
1077 4559 1202 4636 cod.
1246 4558 1485 4636 Cla_r_om.
1522 4560 1665 4636 Editi
1700 4560 1906 4636 habent
1938 4559 1996 4625 ἐς
2030 4570 2073 4625 D
2100 4558 2269 4621 veluti
2298 4558 2740 4620 'l'undamentum
2793 4558 2915 4619 esse
2943 4567 3154 4630 statuit;
3184 4566 3365 4636 aliam.
3394 4580 3558 4633 quam
3589 4558 3678 4618 lo;

421 4630 681 4705 ιμπαλιν.
713 4633 825 4705 Pro
850 4632 936 4684 ἐπ’
970 4630 1257 4701 legendum
1290 4631 1510 4687 videtur
1554 4630 1665 4698 ἔτι,
1710 4642 1770 4685 ιιι
1804 4631 1988 4685 admo-

423 4704 540 4759 nuit
573 4704 915 4761 Svlbnrgius.

503 4721 540 4759 it
573 4721 915 4776 Sytunrgius.

494 4776 605 4848 (59)
649 4777 849 4848 Ἄλλοι
875 4770 945 4848 δέ
974 4788 1149 4848 τινες.
1186 4772 1483 4848 Nonnullos
1506 4782 1659 4829 notat
1682 4772 1991 4827 Platonicos

422 4848 489 4904 de
506 4843 715 4914 quibus
741 4844 979 4914 loquitur
1009 4843 1147 4914 infra
1185 4860 1333 4897 num.
1371 4843 1425 4896 5.

499 4906 611 4988 (60)
654 4912 795 4988 Θεῷ,
813 4906 874 4978 ’ᾧ
904 4929 986 4988 τε.
1029 4911 1185 4988 Legit
1206 4916 1531 4988 Sylburgius
1553 4912 1672 4988 Θεῷ
1686 4929 1783 4988 τε.
1823 4911 1991 4988 Paulo

422 4984 542 5057 post
571 4984 669 5057 pro
700 4987 835 5039 ὅσιοι
857 5024 871 5047 ,
891 4984 1114 5057 Δνίιίιξιιιι·
1138 4985 1361 5057 Langus
1392 4986 1585 5057 legisse
1614 4984 1802 5057 δλὸιοι,
1828 5002 1846 5034 ι
1876 4984 1993 5057 l'eli-

423 5053 593 5124 cesJ
645 5058 737 5112 sed
791 5054 935 5106 nulla
991 5068 1219 5121 prorsus
1264 5053 1490 5109 ratione.
1542 5054 1807 5124 Loquitur
1847 5053 1992 5107 enim

426 5123 673 5181 Justinus
706 5142 815 5180 non
862 5126 930 5179 de
965 5124 1307 5192 phil050phia
1350 5123 1735 5185 ethnicorum.
1779 5126 1872 5177 sed
1926 5124 1994 5175 de

424 5194 741 5251 Christiana
771 5196 1017 5249 doctrina
1044 5238 1057 5258 ,
1094 5211 1256 5262 quam
1301 5195 1439 5248 infra
1484 5213 1632 5249 num.
1661 5195 1716 5253 8.
1751 5195 1995 5248 declarat

425 5270 600 5323 solam
631 5282 750 5321 esse
794 5275 1001 5320 certam
1031 5277 1193 5333 atque
1229 5267 1412 5319 utilem
1447 5265 1867 5333 philosophiam,
1905 5279 1995 5317 se-

425 5354 533 5408 que
574 5348 704 5391 tunc
747 5338 974 5408 demunt
1003 5335 1178 5408 fuisse
1209 5337 1590 5408 philosophum
1615 5376 1628 5399 ,
1663 5350 1787 5408 cum
1814 5336 1997 5408 lactus

424 5406 509 5463 ea.
528 5408 892 5462 Christianus.
915 5406 1142 5459 Thirlhii
1166 5421 1295 5475 ergo
1324 5406 1608 5474 legendum
1629 5406 1995 5475 conjicientis,

428 5479 623 5550 σοφοί,
663 5478 869 5530 inutilis
899 5476 1232 5550 conjectura.

500 5544 611 5620 (6|)
640 5548 1007 5620 Gswpnnxol.
1041 5546 1378 5620 Phi_l_o_s0phi,
1401 5561 1538 5613 quos
1554 5546 1799 5620 Justinus
1816 5544 1998 5620 Theo-

430 5617 633 5674 reticos
664 5619 921 5687 appellat,
972 5632 1079 5669 non
1134 5617 1295 5671 iidem
1346 5627 1493 5681 sunt,
1530 5634 1594 5671 ac
1641 5618 1905 5686 Sceptici,
1943 5626 2002 5671 ut

432 5690 771 5743 existimavit
820 5688 1059 5755 Langus,
1093 5688 1207 5741 sive
1248 5687 1562 5759 Pyrrliouii,
1591 5690 1683 5757 qui
1718 5689 1999 5759 quaerendi

434 5769 490 5812 et
540 5759 896 5829 investigandi
949 5761 1111 5811 linem
1166 5758 1299 5813 non
1334 5758 1627 5829 iaciebant,
1693 5772 1814 5811 cum
1866 5758 2002 5829 nihil

436 5843 661 5896 prorsus
694 5828 964 5884 alliruiare
996 5830 1281 5884 auderent.
1340 5828 1446 5883 Sed
1493 5829 1788 5886 theoretica
1822 5828 2001 5897 philo-

2095 4636 2275 4704 gicatn
2309 4636 2571 4704 appellat,
2601 4636 2765 4689 veluti
2799 4636 3205 4699 ornamentum;
3240 4635 3456 4689 tertiam
3512 4637 3677 4689 theox-

2092 4707 2344 4769 retieam,
2370 4709 2485 4760 sive
2520 4705 2942 4773 speculativam,
2972 4705 3136 4757 veluti
3172 4705 3451 4774 fastigium
3491 4714 3547 4756 et
3579 4720 3679 4759 co-

2092 4777 2361 4829 ronidem.
2388 4776 2505 4831 Non
2539 4777 2646 4829 alio
2680 4790 2840 4829 sensu
2864 4775 3084 4828 videtur
3118 4778 3257 4828 hanc
3282 4790 3469 4829 vocem
3510 4790 3679 4826 usur-

2089 4858 2221 4912 pare
2249 4846 2519 4909 Justinus,
2546 4862 2647 4899 nec
2689 4846 2964 4897 immerito
2990 4843 3349 4899 Theoreticos
3383 4861 3503 4898 cum
3544 4844 3677 4901 aliis

2092 4917 2257 4970 sectis
2302 4917 2564 4981 exagitat,
2594 4929 2717 4969 cum
2756 4930 2884 4968 vera
2933 4914 3273 4983 philosophia
3334 4930 3438 4968 non
3490 4915 3679 4968 minus

2095 4988 2356 5053 praeclare
2378 4986 2560 5052 iactis,
2587 4998 2749 5040 (tuam
2782 5000 2967 5053 rerum
2998 4986 3441 5040 consideratione
3476 4985 3687 5041 debeat.

2094 5048 2487 5111 commendari.
2509 5048 2577 5095 -ὲ-
2603 5053 2686 5109 Cf.
2716 5054 2850 5109 Gell.
2890 5048 3051 5108 Noct.
3081 5053 3213 5115 Att.,
3242 5066 3315 5117 xt,

2168 5126 2278 5197 (69.)
2312 5123 2465 5190 Μιᾶς
2509 5125 2720 5192 οὔσης.
2756 5124 3004 5203 Julianus
3060 5124 3358 5243 inperator
3406 5122 3458 5207 iri
3512 5133 3671 5176 sexta

2168 5199 2373 5243 alioue.
2421 5211 2475 5243 ι)-
2525 5196 2648 5243 184.
2696 5197 2777 5243 sic
2830 5195 3069 5243 louutlur
3102 5209 3115 5243 :
3144 5193 3349 5243 ιῙτῑδεὶε
3394 5210 3486 5243 ουν
3535 5195 3671 5243 ἡμῖν

2097 5188 2374 5258 oratione,
2525 5188 2797 5265 ίὸιιξδίο
2830 5188 3349 5265 ιυψιίιιιιῇεΜηδεις
3394 5188 3486 5245 οὖν
3535 5195 3676 5265 ἡμῖν

2096 5266 2193 5337 τὴν
2229 5262 2545 5337 φιλοσοφίαν
2576 5267 2655 5337 είς
2690 5264 2857 5337 πολλὰ
2878 5263 3183 5337 -διαιρείτω,
3206 5262 3356 5337 μηδὲ
3388 5264 3465 5337 είς
3500 5262 3675 5337 πολλὰ

2095 5333 2361 5406 τεμνέτω⁸
2384 5336 2583 5405 μᾶλλον
2608 5336 2663 5387 δὲ
2704 5335 2778 5406 μὴ
2807 5333 3015 5406 πολλὰς
3035 5336 3098 5385 ἐκ
3120 5335 3249 5406 μιᾶς
3280 5333 3518 5406 ποιείτω.
3541 5334 3675 5406 ’Ὡσ-

2100 5403 2206 5479 περ
2232 5408 2341 5478 γάρ
2377 5403 2607 5478 ἀλήθεια
2640 5403 2943 5479 pagos-.9
2974 5404 3031 5479 δὲ
3062 5404 3152 5479 κα).
3179 5403 3484 5471 φιλοσοφία.
3528 5404 3678 5479 c_i\e-

2104 5473 2192 5533 tuo
2220 5473 2351 5545 ergo
2385 5473 2788 5545 philosophiam
2824 5476 2979 5527 nobis
3009 5475 3059 5526 iu
3094 5477 3290 5545 plures
3318 5484 3500 5542 partes
3531 5473 3677 5545 divi-

2102 5552 2217 5612 dat,
2246 5543 2328 5600 vél
2362 5543 2542 5617 potius
2570 5549 2761 5617 plures
2791 5560 2856 5599 ex
2896 5560 2998 5617 una
3035 5545 3215 5617 faciat.
3253 5543 3320 5598 Ut
3347 5545 3491 5597 enim
3529 5543 3675 5617 veri.—

2107 5630 2189 5673 tas
2219 5634 2325 5671 una
2343 5613 2450 5682 est,
2477 5619 2551 5671 ita
2570 5613 2627 5671 et
2654 5615 3018 5685 philosophia.
3046 5632 3064 5665 I
3104 5613 3376 5685 Hactenus
3407 5613 3673 5685 prmclare

2103 5688 2383 5753 Julianus;
2418 5689 2511 5743 sed
2556 5687 2609 5741 in
2650 5702 2716 5741 eo
2762 5688 2991 5753 turpiter
3033 5684 3256 5749 labitur,
3295 5686 3439 5753 quod
3487 5684 3677 5751 plures

2106 5761 2247 5819 vias,
2292 5760 2343 5813 id
2383 5767 2487 5823 est,
2527 5759 2675 5810 varia
2716 5754 3059 5809 ethnicarum
3096 5754 3549 5821 superstitionum
3584 5755 3678 5808 in.-

2110 5832 2297 5887 stituta
2332 5832 2399 5886 ad
2442 5831 2581 5887 hanc
2614 5828 2899 5882 veritatem
2926 5826 3122 5880 ducere
3152 5826 3449 5880 existimet.
