4006 6254
243 368 336 421 ΓΠ
1325 361 1671 421 DIALOGUS
1708 361 1853 418 CUM
1892 358 2270 416 TRYPIIONE
2307 355 2576 414 JUDIEO.
3491 356 3593 411 ηε

247 484 279 537 ἀ
306 480 450 551 παρὰ
480 474 583 531 τοῦ
624 477 1001 533 διδασκάλου
1063 479 1306 544 ἕκαστος
1352 478 1588 550 ἔμαθεν·
1626 472 1752 531 εἷτα
1800 476 1885 530 καὶ

2001 475 2265 531 stantiam
2290 482 2345 530 et
2375 470 2802 536 continentiam,
2831 478 2890 525 et
2920 484 3121 527 novum
3149 484 3468 527 sermonum
3498 487 3595 542 ge.

248 573 453 637 αὐτοὺς,
495 572 615 635 τοῖς
658 570 885 625 ἒπειτα
932 572 1309 644 παραδόντας
1355 568 1584 625 τοιαῦτα
1624 568 1767 624 ἄττα
1800 567 1885 621 καὶ

1998 582 2107 624 nus
2147 566 2427 631 admirati,
2464 581 2532 621 ea
2565 564 2860 620 crederent
2887 578 3039 629 vera,
3071 578 3194 634 qua;
3228 579 3258 617 ιι
3310 578 3412 619 suo
3446 564 3597 633 quis-

254 667 376 722 ἀλλα
409 663 626 727 τούτοις
674 666 1109 735 προσεοικότα,
1146 664 1309 719 τοῦτο
1353 663 1619 735 κληθῆναι
1658 659 1885 731 τοῦνομα

1996 675 2106 732 que
2142 661 2415 731 magistro
2456 658 2818 721 didicissent;
2848 666 2904 710 et
2939 671 3065 711 cum
3100 656 3294 711 eadem
3332 656 3434 726 ipsi
3471 656 3592 711 suis

255 763 383 828 ὅπερ
413 756 679 811 ἐκαλεῖτο
699 756 734 807 ὁ
774 756 992 829 πατὴρ
1019 756 1121 811 τοῦ
1158 757 1337 825 λόγου.
1379 753 1520 823 Ἐγὼ
1542 772 1623 819 τε,
1646 753 1769 808 κατ’
1792 754 1885 824 ἀρ-

1996 769 2217 825 quoque
2244 750 2666 808 successoribus
2695 757 2753 803 et
2773 746 2881 802 alia
2914 750 3165 818 quadam
3190 747 3373 804 alliuia
3407 749 3587 804 tradi—

258 853 352 922 χάς
396 851 541 903 οὕτω
581 848 789 902 ποθῶν
831 850 938 903 καὶ
986 849 1161 914 αὐτὸς
1208 848 1503 919 συμϐαλεῖν
1536 846 1742 900 τούτων
1792 844 1895 911 ἐνὶ,

261 944 501 996 ἐπέδωκα
531 942 798 1011 ἐμαυτὸν
827 942 1076 1013 Στωϊκῷ
1100 942 1239 996 τινί·
1267 941 1361 996 καὶ
1393 941 1683 1012 διατρίψας
1711 938 1898 995 ἱκανὸν

269 1036 375 1106 μετ’
400 1032 571 1087 αὑτοῦ
606 1035 849 1104 χρόνον,
885 1034 1017 1087 ἐπεὶ
1049 1034 1207 1087 οὐδὲν
1230 1033 1387 1088 πλέον
1406 1031 1617 1101 ἐγίνετό
1642 1047 1733 1101 μοι
1767 1030 1897 1103 ’περὶ⁵

266 1126 393 1181 Θεοῦ
444 1125 593 1197 (οὐδὲ
654 1127 780 1198 γὰρ
837 1126 1013 1191 αὐτὸς
1063 1126 1369 1196 ἠπίστατο,
1417 1124 1540 1179 οὐδὲ
1585 1122 1897 1191 ἀναγκαίαν

267 1222 411 1289 θίγε
460 1221 685 1292 ταύτην
737 1218 892 1275 εἶναι
920 1221 1021 1293 τὴν
1050 1220 1343 1292 μάθησιν),
1374 1219 1567 1273 τούτου
1599 1220 1696 1290 μὲν
1726 1217 1899 1289 ἀπηλ-

267 1315 563 1383 lavruvﬁz‘
596 1314 771 1367 ἄλλον
801 1314 864 1367 δὲ
887 1310 1022 1386 ἧκα,
1056 1312 1501 1386 Περιπατητικὸν
1534 1310 1891 1380 καλούμενον,

267 1408 483 1479 δριμὺν,
514 1408 597 1471 ὡς
644 1406 819 1477 ᾤετο.
868 1407 983 1460 Καί
1034 1423 1137 1477 μου
1175 1405 1541 1475 ἀνασχόμενος
1586 1399 1740 1467 οὗτος
1796 1402 1894 1466 τὰς

272 1498 492 1570 πρώτας
528 1500 790 1570 ἡμέρας,
827 1497 987 1567 ἠξίου
1023 1516 1091 1568 με
1124 1497 1317 1550 ἔπειτα
1364 1495 1553 1567 μισθὸν
1584 1495 1788 1566 ὁρίσαι,
1819 1493 1894 1558 ὡς

270 1593 342 1660 μὴ
370 1590 675 1660 ἀνωφελὴς
714 1592 755 1660 ἡ
807 1588 1068 1653 συνουσία
1108 1586 1351 1657 γίγνοιτο
1398 1589 1549 1657 ἡμῖν.
1591 1585 1701 1638 Καὶ
1733 1584 1897 1639 αὑτὸν

269 1684 375 1749 ἐγὼ
419 1683 511 1736 διὰ
550 1682 782 1752 ταύτην
825 1680 927 1752 τὴν
968 1679 1149 1735 αἰτίαν
1179 1679 1490 1742 κατέλιπον,
1521 1678 1655 1749 μηδὲ
1684 1677 1897 1745 φιλόσο-

270 1792 365 1842 ςον
395 1772 621 1843 οἰηθεὶς
664 1772 837 1835 ὅλως.
874 1770 984 1841 Τῆς
1013 1769 1071 1822 δὲ
1097 1768 1276 1839 ψυχῆς
1310 1766 1390 1820 ἔτι
1419 1783 1521 1837 μου
1556 1763 1893 1837 σπαργώσης

1998 845 2231 909 disseut,
2266 858 2333 898 eo
2374 840 2595 896 nomine
2630 840 3077 910 designarentur,
3123 855 3233 908 quo
3280 841 3591 911 appellatus

1997 935 2194 991 fuisset
2220 934 2489 990 doctrinae
2531 942 2711 1001 pater.
2754 932 2867 999 Ego
2903 945 3119 1001 quoque
3149 947 3273 986 cum
3305 933 3462 988 initio
3490 949 3590 990 cu-

1995 1045 2182 1101 perem
2227 1031 2424 1085 horum
2458 1026 2627 1081 alicui
2660 1025 2713 1079 in
2748 1039 3062 1079 sermonem
3093 1026 3301 1090 venire,
3338 1025 3467 1082 dedi
3502 1042 3593 1083 me

1996 1122 2215 1177 cuidam
2251 1120 2476 1185 Stoico;
2519 1120 2768 1187 satisque
2791 1134 2913 1173 cum
2943 1134 3009 1174 eo
3042 1129 3296 1175 versatus
3323 1120 3439 1189 diu,
3465 1136 3590 1177 cum

1997 1216 2170 1271 nihilo
2207 1216 2364 1285 plura
2398 1216 2603 1271 scirem
2637 1215 2706 1270 de
2740 1215 2853 1269 Deo
2887 1215 3036 1284 (nam
3074 1230 3177 1270 nec
3209 1214 3421 1270 sciebat
3447 1214 3587 1284 ipse,

1996 1323 2179 1379 neque
2228 1309 2376 1363 hanc
2407 1308 2696 1363 scientiam
2742 1307 3119 1363 necessariam
3158 1307 3405 1377 putabat)
3430 1306 3591 1361 abeo

1995 1402 2248 1463 discessi,
2285 1415 2456 1471 atque
2490 1402 2556 1455 ad
2581 1401 2749 1456 alium
2783 1418 2871 1458 me
2900 1400 3132 1467 contuli,
3163 1415 3332 1471 quem
3358 1400 3591 1471 Peripa-

1998 1494 2220 1550 teticum
2257 1495 2554 1558 vocabant,
2602 1494 2907 1559 hominem,
2955 1503 3014 1548 ut
3057 1494 3163 1548 sibi
3201 1493 3318 1564 ipse
3360 1491 3589 1548 videba-

2000 1597 2106 1652 tur,
2146 1597 2501 1656 peracutum.
2545 1587 2794 1657 Cumque
2830 1588 2877 1643 is
2907 1605 2993 1642 me
3028 1587 3220 1657 primis
3246 1586 3441 1643 diebus
3462 1602 3591 1658 per-

1999 1679 2238 1744 tulisset,
2263 1680 2687 1750 rogavitpostea
2716 1691 2776 1735 ut
2798 1682 2867 1735 de
2905 1679 3161 1735 mercede
3200 1680 3585 1749 transigerem,

1998 1784 2105 1839 quo
2141 1768 2426 1824 fructuosa
2490 1772 2652 1826 nobis
2699 1783 2849 1826 esset
2889 1770 3036 1824 inter
3075 1784 3177 1824 nos
3219 1771 3587 1827 consuetudo.

270 1841 500 1919 ἀκοῦσαι
534 1864 602 1917 τὸ
664 1864 807 1916 ῐδιον
862 1862 955 1916 καὶ
1002 1861 1064 1915 τὸ
1097 1860 1378 1931 ἐξαίρετον
1419 1858 1519 1928 τῆς
1550 1856 1885 1927 φιλοσοφίας,

1997 1862 2110 1918 Hac
2143 1865 2259 1933 ipsa
2289 1864 2357 1919 de
2391 1880 2558 1919 causa
2601 1866 2829 1920 missum
2883 1865 3039 1919 illum
3083 1864 3212 1932 feci,
3245 1879 3315 1920 ne
3342 1865 3588 1936 philoso.

272 1958 586 2028 προσῆλθον
638 1954 1033 2026 εὐδοκιμοῦντι
1068 1953 1304 2024 μάλιστα
1338 1949 1713 2021 Πυθαγορείῳ,
1738 1946 1893 2018 ἀνδρὶ

270 2052 399 2103 πολὺ
432 2050 531 2102 ἐπὶ
568 2050 642 2118 τῇ
684 2048 859 2118 σοφία
900 2044 1205 2116 φρονοῦντι.
1252 2042 1521 2105 Κάπειτα,
1560 2039 1636 2104 ὡς
1721 2041 1891 2097 διελέ-

268 2142 401 2212 χθην
417 2143 603 2212 αὐτῷ,
629 2140 969 2211 βουλόμενος
1017 2136 1294 2210 ἀκροατὴς
1344 2135 1509 2190 αὐτοῦ
1562 2133 1657 2188 καὶ
1701 2148 1893 2185 συνου-

268 2236 495 2307 σιαστής
526 2234 824 2303 γενέσθαι,
858 2232 953 2285 «Τί
976 2232 1085 2295 δαὶ,
1116 2229 1426 2301 ὡμίλησας,
1468 2227 1595 2299 ἔφη,
1625 2227 1883 2298 μουσικῇ,

268 2330 355 2381 καὶ
404 2326 788 2398 ἀστρονομία,
825 2325 922 2379 καὶ
956 2322 1303 2395 γεωμετρίᾳ;
1340 2322 1411 2375 Ἦ
1442 2322 1627 2393 ⁸δοκεῖς
1667 2317 1894 2388 κατόψε-

270 2419 591 2474 σθαίτιτῶν
614 2416 1077 2487 εἰςέὑδαιμονίαν
1100 2413 1513 2479 συντελούντων,
1535 2414 1584 2466 εί
1613 2410 1688 2484 μὴ
1716 2409 1891 2465 ταῦτα

272 2512 485 2585 πρῶτον
542 2510 892 2582 διδαχθείης,
930 2509 967 2562 ἃ
998 2508 1096 2580 τὴν
1140 2507 1315 2580 ψυχὴν
1345 2506 1452 2561 ἀπὸ
1476 2506 1584 2559 τῶν
1613 2502 1890 2577 αἰσθητῶν

274 2607 637 2676 περισπάσει,
686 2604 786 2658 καὶ
834 2605 947 2666 τοῖς
984 2604 1197 2672 νοητοῖς
1253 2599 1422 2670 αὐτὴν
1472 2597 1889 2669 παρασκευάσει

271 2694 575 2766 χρησίμην,
604 2695 759 2747 ὥστε
800 2691 934 2745 αὐτὸ
970 2690 1211 2745 κατιδεῖν
1250 2690 1310 2744 τὸ
1346 2688 1530 2753 καλὸν,
1563 2688 1656 2742 καὶ
1695 2686 1827 2740 αὐτὸ
1859 2686 1888 2739 ὃ

270 2787 417 2840 ἐστιν
448 2787 706 2854 drawn;
735 2805 755 2837 ο
778 2785 960 2840 Πολλά
985 2801 1046 2838 τε
1077 2784 1368 2846 ἐπαινέσας
1402 2780 1574 2845 ταῦτα
1606 2780 1677 2834 τὰ
1707 2778 1885 2851 μαθή-

274 2897 441 2948 ματα.
478 2882 578 2933 καὶ
618 2880 908 2947 ἀναγκαῖα
941 2876 1133 2941 εἰπὼν,
1166 2876 1460 2947 ἀπέπεμπέ
1495 2892 1584 2946 με,
1624 2873 1745 2927 ἐπεὶ
1792 2873 1888 2926 αὑ-

271 2974 348 3041 τῷ
394 2973 741 3043 ὡμολόγησα
789 2971 865 3042 μὴ
907 2971 1127 3029 εἰδέναι.
1174 2969 1534 3039 Ἐδυσφὸρουν
1558 2964 1672 3032 οὖν,
1711 2966 1788 3031 ὼς
1824 2966 1885 3019 τὸ

270 3068 436 3129 εἰκὸς,
472 3062 785 3134 ἀποτυχὼν
817 3062 918 3133 τῆς
947 3062 1180 3126 ἐλπίδος,
1213 3062 1306 3116 καὶ
1344 3060 1545 3132 μᾶλλον
1659 3059 1883 3113 ἐπίστα-

278 3156 403 3208 σθαί
432 3173 486 3207 τι
512 3154 688 3208 αὐτὸν
715 3153 929 3225 ᾠόμην.
962 3152 1132 3206 Πάλιν
1159 3168 1217 3205 τε
1248 3150 1337 3204 τὸν
1355 3150 1545 3223 χρόνον
1575 3148 1791 3203 σκοπῶν
1810 3150 1870 3204 ὂν

270 3246 498 3316 ἔμελλον
559 3243 851 3314 ἐκτρίϐειν
896 3242 1027 3313 περὶ
1084 3243 1266 3300 ἐκεῖνα
1304 3242 1372 3296 τὰ
1422 3240 1746 3313 μαθήματα,
1780 3242 1883 3296 οὐκ

270 3338 577 3408 ἠνειχόμην
624 3339 713 3400 εἰς
750 3334 978 3406 μακρὰν
1010 3334 1428 3405 ἀποτιθέμενος.
1482 3335 1569 3387 Ἑν
1607 3334 1890 3407 ἀμηχανίᾳ

268 3428 325 3479 δέ
354 3447 455 3496 μου
500 3430 689 3491 ὄντος,
724 3425 873 3489 ἕδοξέ
907 3441 997 3496 μοι
1033 3425 1125 3478 καὶ
1174 3429 1288 3490 τοῖς
1335 3425 1702 3490 Πλατωνικοῖς
1732 3428 1889 3479 ἐντυ-

269 3526 414 3591 χεῖν·
448 3522 593 3575 πολὺ
626 3522 744 3591 γὰρ
780 3521 875 3573 καὶ
900 3518 1104 3572 τούτων
1134 3515 1202 3591 ἦν
1236 3520 1387 3584 κλέος
1407 3538 1420 3551 ·
1464 3521 1556 3574 καὶ
1583 3521 1647 3593 δὴ
1690 3521 1889 3575 νεωστὶ

267 3615 690 3685 ἐπιδημήσαντι
732 3615 801 3683 τῇ
846 3613 1095 3683 ἡμετέρᾳ.
1138 3612 1291 3665 πόλει
1328 3612 1535 3683 συνετῷ
1565 3612 1740 3684 ἀνδρὶ,
1794 3613 1889 3667 καὶ

267 3708 570 3779 πφῦχοντι
622 3706 685 3757 ὲν
721 3706 838 3766 τοῖς
889 3703 1276 3768 Πλατωνικοῖς,
1314 3703 1680 3775 συνδιέτριϐον
1712 3704 1788 3769 ὡς
1817 3704 1886 3760 τὰ

272 3799 533 3870 μάλιστα,
564 3798 666 3851 καὶ
689 3798 1055 3869 προέκοπτον,
1085 3797 1177 3859 καὶ
1204 3796 1456 3849 πλεῖστον
1484 3797 1609 3850 ὅσον
1642 3798 1883 3869 ἑκάστης

270 3893 488 3962 ἡμέρας
540 3890 849 3944 ἐπεδίδουν.
906 3892 1015 3944 Καί
1057 3908 1123 3961 με
1157 3891 1280 3962 ᾔρει
1310 3890 1419 3960 (65)
1446 3891 1652 3963 σφόδρα
1698 3893 1731 3962 ἡ
1773 3890 1881 3945 τῶν

274 3985 590 4055 ἀσωμάτων
620 3984 835 4054 νόησις,
862 3984 955 4036 καὶ
984 3984 1017 4054 ἡ
1049 3981 1253 4053 Θεωρία
1298 3982 1408 4035 τῶν
1454 3982 1608 4035 ἰδεῶν
1650 3983 1881 4036 ἀνεπτέ-

274 4092 369 4145 pm
398 4074 512 4147 (6-4)
547 4092 644 4145 μοι
690 4075 793 4145 τὴν
836 4059 1120 4146 φρόνησιν,
1160 4059 1343 4143 ὀλίγου
1396 4092 1455 4137 τε
1501 4074 1653 4139 ἐντὸς
1682 4076 1877 4148 χρόνου

273 4172 431 4244 ᾤμην
490 4171 661 4240 σοφὸς
696 4172 1001 4239 γεγονέναι,
1053 4169 1146 4224 καὶ
1196 4170 1302 4223 ὑπὸ
1345 4170 1601 4241 βλακείας
1649 4169 1875 4243 ἤλπιζον

274 4263 474 4315 αὐτίκα
503 4261 849 4332 κατόψεσθαι
881 4261 971 4315 τὸν
1001 4261 1164 4314 Θεόν⁹
1224 4260 1383 4315 τοῦτο
1422 4262 1532 4335 γὰρ
1581 4262 1735 4328 τέλος
1768 4262 1873 4334 τῆς

601 4352 928 4422 φιλοσοφίας
961 4352 1095 4423 (65).

1996 1956 2161 2026 phum
2188 1956 2410 2025 quidem
2443 1957 2669 2011 omnino
2697 1958 3022 2012 arbitratus.
3059 1958 3169 2013 Sed
3213 1973 3335 2013 cum
3370 1959 3590 2014 animus

1995 2048 2175 2102 adhuc
2218 2048 2401 2103 studio
2471 2047 2728 2119 flagraret
2764 2049 2815 2103 id
2866 2049 3008 2117 quod
3050 2049 3415 2120 philosophiae
3466 2066 3591 2120 pro-

1994 2138 2171 2208 prium
2209 2148 2266 2192 et
2313 2137 2652 2209 praecipuum
2689 2147 2778 2194 est
2812 2140 3111 2206 audiendi;
3166 2138 3588 2195 celeberrimum

1993 2230 2102 2286 adii
2151 2229 2584 2301 Pythagoreum,
2636 2213 2918 2287 hominem
2983 2232 3055 2289 de
3099 2231 3372 2302 sapientia
3429 2232 3590 2289 valde

1993 2322 2349 2393 gloriantem.
2383 2322 2593 2378 Deinde
2632 2333 2691 2378 ut
2716 2326 3025 2382 collocutus
3066 2340 3186 2381 sum
3210 2340 3335 2380 cum
3370 2340 3459 2393 eo,
3490 2340 3589 2380 au-

1992 2414 2137 2470 ditor
2168 2414 2317 2469 illius
2347 2421 2401 2469 et
2435 2414 2731 2474 familiaris
2762 2417 2882 2473 fieri
2914 2418 3144 2488 cupiens
3175 2434 3192 2476 :
3226 2416 3368 2485 Quid
3428 2433 3587 2490 ergo,

1991 2508 2172 2577 inquit
2214 2508 2326 2575 ille,
2363 2508 2560 2563 dedisti
2595 2523 2820 2579 operam
2868 2512 3119 2577 musicae,
3146 2513 3502 2569 astronomiae
3533 2521 3591 2568 et

1992 2600 2351 2670 geometriae?
2388 2602 2471 2655 An
2510 2611 2669 2671 putas
2721 2613 3142 2672 perspecturum
3192 2613 3246 2659 te
3285 2604 3588 2673 quidquam

1990 2705 2210 2758 eorum,
2252 2708 2372 2762 quae
2407 2693 2582 2749 beatae
2612 2694 2735 2749 vitae
2768 2696 3104 2761 conducunt,
3132 2694 3239 2750 nisi
3279 2695 3397 2751 haec
3431 2696 3590 2765 prius

1989 2783 2274 2851 didiceris,
2322 2800 2445 2855 qua:
2487 2786 2733 2840 animum
2773 2801 2802 2841 a
2845 2788 3017 2843 rebus
3062 2802 3291 2843 sensum
3328 2787 3591 2843 moventi-

1988 2876 2091 2931 bus
2124 2875 2449 2931 abstrabent
2481 2886 2537 2932 et
2582 2877 2651 2932 ad
2680 2894 2769 2943 ea,
2810 2894 2932 2949 qum
2962 2890 3145 2934 mente
3176 2881 3586 2950 percipiuntur,

1988 2970 2248 3025 idoneum
2269 2967 2529 3035 efficient,
2564 2979 2623 3024 ut
2651 2972 2826 3040 ipsum
2868 2972 3159 3041 pulchrum
3198 2980 3256 3027 et
3282 2972 3463 3041 ipsum
3492 2974 3587 3027 bo-

1987 3075 2117 3114 num
2147 3060 2465 3117 intueatur?
2502 3060 2638 3117 Cum
2673 3061 2772 3117 has
2810 3062 3129 3131 disciplinas
3165 3062 3425 3132 pluribus
3466 3063 3586 3119 lau-

1986 3153 2195 3218 dasset,
2230 3168 2295 3208 ac
2340 3154 2683 3210 necessarias
2715 3154 3101 3222 praedicasset,
3183 3155 3395 3211 dimisit
3429 3170 3518 3211 me
3553 3172 3585 3210 a

1990 3261 2071 3311 se,
2107 3255 2401 3314 postquam
2453 3247 2504 3301 ei
2548 3247 2836 3302 confessus
2865 3262 2985 3300 sum
3018 3261 3108 3301 me
3140 3247 3379 3303 nescire.
3414 3247 3587 3303 Fere-

1990 3338 2115 3393 bam
2149 3338 2342 3409 igitur,
2370 3350 2428 3393 ut
2470 3354 2570 3408 par
2596 3349 2739 3403 erat,
2774 3338 3005 3394 moleste
3031 3339 3179 3407 quod
3220 3354 3317 3409 spe
3354 3340 3588 3395 excidis-

1985 3445 2143 3496 sem;
2174 3445 2353 3499 eoque
2402 3431 2577 3498 magis
2602 3429 2748 3500 quod
2789 3430 2921 3485 mihi
2963 3430 3174 3500 aliquid
3199 3431 3343 3486 scire
3368 3432 3587 3488 videre-

1987 3532 2097 3579 tur.
2132 3523 2347 3578 Rursus
2375 3539 2499 3577 cum
2537 3533 2756 3593 tempus
2795 3523 2930 3579 illud
2969 3522 3412 3589 considerarem,
3439 3525 3584 3593 quod

1993 3616 2125 3670 mihi
2155 3616 2208 3669 in
2235 3615 2320 3670 his
2350 3615 2653 3685 disciplinis
2680 3615 3077 3671 conterendum
3102 3623 3250 3681 erat,
3299 3630 3407 3669 non
3439 3613 3586 3670 fere-

1988 3706 2114 3762 bam
2156 3723 2243 3763 me
2293 3709 2349 3762 in
2392 3708 2618 3779 longum
2653 3718 2868 3780 tempus
2912 3708 3090 3777 rejici.
3116 3708 3175 3763 In
3229 3709 3336 3764 hac
3364 3709 3582 3765 consilii

1989 3799 2175 3871 inpia
2208 3801 2383 3855 visum
2435 3811 2520 3858 est
2573 3809 2632 3855 ut
2690 3802 2756 3855 ad
2790 3801 3110 3865 Platonicos
3147 3816 3235 3856 me
3265 3801 3581 3857 conferrem

1987 3892 2173 3963 (erant
2204 3895 2348 3948 enim
2386 3908 2583 3964 magno
2617 3894 2669 3947 in
2698 3894 2898 3963 pretio)
2938 3909 3003 3948 ac
3027 3908 3151 3948 cum
3182 3894 3303 3948 viro
3329 3893 3582 3963 quodam

1983 3987 2260 4058 prudenti,
2276 3986 2365 4055 qui
2389 3984 2650 4043 recensin
2666 3985 2857 4039 urbem
2888 3993 3134 4040 nostram
3158 3985 3480 4053 advenerat,
3501 3993 3584 4040 at-

1982 4093 2089 4149 que
2112 4080 2252 4134 inter
2272 4077 2581 4134 Platonicos
2605 4077 2937 4143 excellebat,
2969 4077 3262 4147 plurimum
3295 4078 3580 4139 versabar,

1982 4169 2769 4242 proficiebamqucetquotidie
2794 4170 2926 4223 mihi
2949 4184 3112 4238 quam
3132 4169 3383 4224 maxime
3402 4183 3584 4225 acces'

1982 4264 2167 4319 siones
2203 4263 2431 4320 fiebant.
2469 4262 2747 4318 Eﬂ‘erehat
2794 4278 2880 4318 me
2927 4263 3280 4319 vehementer
3327 4265 3581 4333 incorpo-

1984 4370 2209 4409 rearum
2253 4370 2435 4408 rerum
2466 4353 2861 4423 intelligentia,
2883 4368 2950 4411 ac
2976 4368 3108 4407 meae
3134 4352 3303 4411 menti
3340 4352 3458 4406 alas
3479 4351 3579 4406 ad—

281 4448 445 4501 debat
478 4449 737 4503 idearum
762 4446 1179 4515 contemplatio;
1205 4446 1533 4515 sapiensth
1558 4446 1719 4519 104
1743 4447 1877 4502 mihi
1919 4446 2143 4502 videbat
2184 4448 2326 4501 intra
2362 4447 2527 4501 breve
2562 4456 2779 4515 tempus
2839 4446 3109 4511 evasisse,
3142 4459 3208 4500 ac
3241 4459 3355 4517 pra:
3410 4443 3570 4498 stoli-

277 4542 452 4595 ditate
482 4540 540 4593 iu
590 4555 748 4608 spem
788 4552 1043 4594 veneram
1076 4539 1295 4593 videndi
1327 4540 1577 4608 protinus
1623 4538 1744 4592 Dei.
1772 4537 1872 4593 llic
1905 4540 2056 4594 enim
2089 4539 2215 4594 linis
2244 4547 2334 4594 est
2356 4538 2602 4592 Platonis
2630 4537 3011 4608 philosophiae.

345 4633 400 4686 '5.
436 4631 552 4685 Καί
591 4649 695 4701 μου
745 4630 917 4695 οὕτως
968 4630 1339 4703 διακειμένου,
1372 4630 1497 4683 ἐπεὴ⁸
1542 4628 1692 4695 ἐδοξὲ
1746 4647 1878 4684 ποτε

2056 4632 2113 4687 3.
2152 4631 2355 4687 Jum'm'
2385 4630 2681 4689 conversio.
2723 4630 2896 4697 Senex
2936 4630 3152 4700 quidam
3177 4626 3228 4682 ei
3256 4627 3578 4682 demonstrat

278 4726 478 4796 πολλῆς
532 4724 778 4795 ἠρεμίας
819 4724 1217 4796 ἐμφορηθῆναι,
1263 4723 1356 4786 καὶ
1398 4722 1489 4776 τὸν
1518 4722 1625 4776 τῶν
1672 4721 1885 4794 ἀνθρὼ-

282 4837 398 4871 πων
428 4817 543 4889 (66)
578 4818 820 4871 ἀλεεῖναι
858 4818 1048 4881 πάτον,
1083 4817 1428 4888 ἐπορευόμην
1476 4819 1556 4881 εἰς
1592 4816 1645 4870 τὶ
1685 4817 1884 4888 χωρίον

282 4908 342 4958 οὑ
403 4906 630 4978 μακρὰν
692 4906 986 4977 θαλάσσης.
1042 4908 1281 4978 Πλησίον
1333 4908 1389 4962 δέ
1435 4925 1537 4980 μου
1587 4908 1882 4979 γενομένου

281 4999 489 5052 ἐκείνου
542 4997 641 5059 τοῦ
692 4998 880 5061 τόπου,
927 4998 1058 5054 ἔνθα
1108 4999 1332 5070 ἔμελλον
1373 5001 1704 5072 ἀφικόμενος
1744 5003 1883 5075 πρὸς

353 5159 469 5233 (65)
491 5158 625 5233 Kal
650 5174 729 5233 με
760 5159 911 5227 ᾕρει.
932 5160 1008 5233 ΔΙιΙ
1050 5176 1149 5230 pro
1182 5162 1405 5233 ἤρεσκε,
1440 5161 1705 5227 placebat,
1736 5164 1879 5231 posi-

276 5240 384 5285 tum
426 5230 605 5302 fuisse
640 5231 904 5302 observat
927 5229 1258 5301 Stephanus.
1289 5234 1359 5284 At
1390 5229 1876 5302 Sylhurgius'pro-

276 5306 365 5354 hat
400 5300 762 5370 retinendum
801 5300 925 5370 ᾔρει
947 5300 1206 5370 ειεὶιιιὶιὶ
1243 5300 1495 5370 loquendi
1528 5300 1874 5370 ratioye'sub

275 5376 449 5443 linem,
474 5368 756 5443 orationis
788 5367 1037 5427 adversus
1067 5367 1504 5443 ϐνωεοείταῦτά
1537 5389 1604 5443 με
1632 5367 1765 5425 εἷλε.

347 5440 459 5512 (64)
512 5440 1013 5512 Ἁνεπτέρουημοι
1043 5459 1094 5496 τ.
1126 5442 1442 5512 φρόνησιν.
1480 5440 1724 5497 Narrans
1750 5458 1876 5511 pro—

270 5525 502 5573 gressus
530 5525 666 5564 suos
704 5511 761 5563 in
802 5511 1153 5580 philosophiae
1198 5512 1492 5567 Platonicae
1515 5514 1721 5577 studio,
1754 5514 1868 5570 ele—

272 5598 369 5651 gen
388 5591 475 5635 ter
539 5581 721 5635 utitur
765 5581 873 5635 hac
914 5585 1096 5651 phrasi
1137 5582 1441 5639 Platouieis
1484 5583 1867 5640 usitatissima.

268 5650 341 5703 Tu
360 5668 595 5708 llLBlUS.

349 5722 466 5793 (65)
506 5724 694 5778 Τοῦτο
720 5721 837 5792 γὰρ
868 5737 920 5775 τ.
944 5738 994 5793 τ.
1017 5726 1126 5778 11.1.
1153 5726 1281 5793 φιλ.
1303 5724 1488 5792 Quare
1518 5722 1732 5778 caeteris
1756 5725 1873 5792 phi-

282 5791 548 5859 lo-ophis,
570 5795 668 5861 qui
698 5791 873 5846 finem
912 5792 1034 5846 alibi
1065 5791 1355 5861 ponehaut,
1381 5794 1695 5849 Platonicos
1728 5791 1871 5861 prae-

289 5864 757 5936 fcrtAugustiuus
786 5861 868 5917 Dc
894 5862 986 5916 civ.
1029 5862 1145 5926 Dei,
1171 5878 1289 5931 vm,
1319 5865 1350 5921 8
1380 5884 1392 5920 :
1426 5882 1447 5917 ι
1470 5864 1681 5922 Cedant
1706 5865 1869 5935 igitur

1988 4742 2151 4797 quam
2205 4728 2385 4781 inanis
2447 4731 2516 4782 sit
2572 4728 2797 4781 scientia
2852 4724 3304 4795 philosophorum.
3361 4750 3431 4761 —
3485 4721 3579 4776 Sic

1991 4816 2222 4873 affectus
2267 4834 2389 4873 cum
2422 4819 2617 4875 vellem
2651 4818 2951 4888 aliquando
2997 4816 3228 4886 plurima
3278 4812 3578 4869 solitudine

1991 4912 2232 4965 animum
2280 4912 2521 4980 explere,
2564 4922 2729 4980 atque
2763 4910 3045 4966 hominum
3088 4907 3318 4975 vestigia
3346 4906 3574 4974 ,vitare,

1988 5002 2269 5075 profectus
2296 5019 2417 5059 sum
2455 5005 2510 5059 in
2552 5020 2742 5075 agrum
2766 5002 3061 5075 quemdam
3097 5017 3206 5057 non
3240 5008 3509 5057 remotum
3544 5018 3575 5055 a

1985 5165 2038 5219 hi
2067 5179 2260 5220 omnes
2295 5163 2404 5217 illis
2431 5163 2774 5233 philos0ph-is
2807 5163 2898 5232 qui
2928 5176 3044 5233 non,
3069 5161 3327 5215 dixerunt
3352 5158 3572 5233 beatum

1983 5237 2262 5300 hominem
2300 5230 2574 5289 fruentem
2618 5230 2857 5302 corpore
2904 5232 2984 5285 vel
3023 5232 3314 5302 fruentem,
3352 5230 3566 5293 animo,

1982 5304 2371 5361 sed'fruentem
2394 5306 2504 5358 Deo
2527 5322 2537 5357 :
2569 5321 2675 5359 non
2702 5301 2845 5358 sicut
2866 5316 3100 5370 corpore
3124 5302 3207 5355 vel
3241 5301 3422 5369 seipso
3448 5304 3571 5354 aui-

1984 5391 2128 5439 mus,
2160 5385 2256 5428 aut
2289 5376 2431 5430 sicut
2464 5376 2644 5429 amico
2684 5376 2919 5438 amicus,
2962 5372 3057 5427 sed
3104 5372 3248 5427 sicut
3283 5372 3405 5425 luce
3432 5388 3571 5426 ocu-

1983 5446 2089 5500 lus.
2114 5465 2131 5494 ι
2162 5445 2243 5498 Cf.
2270 5461 2319 5500 c.
2356 5446 2442 5501 12.
2469 5444 2648 5500 Οττο.

2053 5514 2171 5585 (66)
2201 5516 2312 5570 Τὸν
2333 5516 2452 5569 τῶν
2476 5515 2818 5585 ἀνθρώπων.
2844 5513 3065 5585 Allusio
3092 5512 3267 5567 estad
3310 5511 3435 5566 illud
3464 5512 3571 5567 llo-

1982 5584 2119 5642 nteri
2146 5584 2313 5641 Iliad.
2347 5586 2401 5651 ζ,
2428 5602 2476 5639 v.
2505 5588 2635 5653 201,
2669 5588 2739 5640 de
2762 5584 3216 5655 Bellerophonte:

2336 5742 2349 5753 .
2395 5741 2407 5753 .
2453 5740 2468 5754 .
2514 5742 2525 5753 .
2569 5741 2582 5753 .
2622 5699 2749 5767 οἶος
2778 5696 2968 5755 ἀλᾶτο

1987 5776 2087 5829 “Or
2108 5772 2299 5843 θυμὸν
2337 5771 2620 5831 κατέδων.
2659 5766 2852 5826 πάτον
2872 5766 3198 5839 ἀνθρώπων
3221 5767 3530 5823 ἀλεείνων.

2979 5864 3152 5920 SvLBu
3164 5877 3337 5919 RGIUS.
