4006 6254
215 336 303 393 ιιι
1298 336 1643 395 DIALOGUS
1671 337 1816 429 CUM
1852 336 2230 394 TRYPHONE
2261 338 2534 396 JUDEO.
3445 346 3559 404 (St

216 477 300 528 γον
340 455 621 531 ἡγεῖσθαι,
660 457 739 511 τὰ
787 457 858 512 δὲ
916 460 1114 515 λοιπά
1154 458 1380 530 δεύτερα
1413 458 1507 513 καὶ
1540 458 1733 530 τρίτα·
1772 458 1859 511 κα)

1983 472 2122 510 mum
2155 466 2211 513 et
2250 459 2738 528 praeclarissimum
2782 472 2921 528 opus
2968 458 3422 528 existimandum,
3451 480 3559 521 ca:-

218 549 521 623 φιλοσοφίας
573 550 683 622 μὲν
736 554 1186 629 ἀπηρτημένα,
1224 553 1418 625 μέτρια
1463 551 1559 604 καὶ
1592 550 1859 621 ἀποδοχῆς

1983 562 2086 602 .era
2118 562 2248 603 vero
2295 549 2351 603 in
2380 550 2642 627 secundis
2668 558 2723 604 et
2750 549 2932 605 tertiis
2956 553 3248 620 ponenda;
3281 569 3345 608 ac
3373 554 3557 623 philo-

223 646 363 712 ἄξια*
403 642 765 715 στερηθέντα
799 644 870 696 δὲ
911 646 1141 716 ταύτης
1184 644 1277 698 κα)⁵
1325 642 1400 715 μὴ
1446 640 1859 713 παρεπομένης,

1983 640 2175 709 sophia:
2213 641 2436 710 quidem
2470 644 2517 695 si
2550 641 2809 712 adjuncta
2861 640 3091 704 fuerint,
3146 643 3475 711 mediocria,
3502 654 3560 701 et

228 741 327 800 τοῖς
362 735 956 808 μεταχειριζομένοις
1001 737 1148 792 αὐτά
1179 736 1409 808 φορτικά
1452 736 1548 790 καὶ
1596 735 1859 807 βάναυσα.

1983 745 2088 801 ιιιω
2116 742 2477 787 assumantur
2500 733 2687 802 digna,
2714 733 2761 788 si
2794 747 2928 787 vero
2963 734 3282 789 incomitata
3308 746 3362 790 et
3388 738 3559 793 desti-

1968 831 2082 876 tuta
2110 824 2179 877 ab
2201 840 2262 878 ea
2298 824 2429 888 sint,
2464 839 2589 879 cum
2625 824 2691 877 iis
2748 824 3084 893 importuna,
3118 842 3349 895 quorum
3384 830 3559 884 mani-

1966 915 2066 971 bus
2100 924 2428 982 tractantur,
2456 925 2570 969 tum
2606 916 2772 970 etiam
2803 916 3093 972 illiberalia
3119 918 3365 972 ducenda
3391 927 3541 976 sunt.

2037 1004 2389 1077 PhilosOplxia
2443 1004 2615 1077 igitur
2664 1006 3063 1062 beatitudinem
3115 1006 3328 1063 ellicit?
3380 1008 3558 1080 inquit

1965 1097 2077 1153 ille.

2038 1189 2197 1260 105
2228 1187 2320 1242 Illa
2351 1200 2506 1257 vero,
2539 1190 2786 1258 inquam,
2809 1199 2863 1244 et
2893 1189 3007 1244 sola
3040 1191 3286 1259 quidem.

2035 1282 2208 1353 Igitur
2233 1282 2362 1351 quid
2388 1283 2459 1336 sit
2500 1281 2868 1351 phil050phia,
2917 1283 3117 1350 inquit,
3150 1292 3205 1335 et
3256 1298 3377 1351 quae
3427 1281 3548 1351 ejus

1965 1373 2269 1437 beatitudo,
2308 1374 2409 1427 nisi
2437 1374 2563 1440 quid
2596 1372 2778 1441 eloqui
2807 1375 3081 1443 prohibet,
3113 1374 3389 1442 eloquere.

2033 1466 2411 1535 Phil050phia,
2442 1467 2661 1535 inquam
2702 1481 2824 1534 ego,
2862 1476 2947 1520 est
2977 1467 3215 1521 scientia
3246 1468 3387 1521 illius
3407 1469 3554 1535 quod

1963 1567 2071 1621 est,
2102 1566 2157 1611 et
2184 1557 2297 1610 veri
2331 1559 2589 1627 cognitio.
2625 1557 2915 1611 Beatitudo
2945 1568 3127 1613 autem
3175 1560 3337 1629 hujus
3363 1561 3547 1615 scien-a

315 997 373 1050 Ἠ
404 994 498 1051 οὖν
534 997 865 1068 φιλοσοφία
917 998 1276 1071 εὐδαιμονίαν
1309 1001 1487 1066 ποιεῖς
1522 998 1627 1071 ἔφη
1660 992 1863 1054 ὐποτυ-

240 1090 337 1161 χὼν
371 1092 479 1163 (7‘2)
516 1094 773 1155 ἐκεῖνος.

304 1187 406 1239 Καὶ
440 1186 721 1256 μάλιστα,
752 1184 903 1256 ἔφην
945 1182 1083 1252 ἐγὼ,
1111 1183 1207 1237 καὶ
1235 1183 1391 1256 μόνη.

304 1279 364 1331 Τί
400 1279 512 1349 γάρ
537 1279 665 1329 ἐστι
692 1277 1026 1346 φιλοσοφία,
1061 1275 1217 1347 φησὶ,
1250 1274 1346 1328 καὶ
1370 1275 1453 1340 τίς
1479 1278 1513 1347 ἡ
1545 1268 1861 1348 εὐδαιμονία

245 1372 424 1441 αὐτῆς,
465 1373 516 1423 εἰ
559 1372 640 1441 μή
687 1388 749 1423 τι
792 1369 1003 1423 κωλύει
1035 1369 1289 1440 φράζειν,
1323 1370 1551 1439 φράσον.

301 1462 600 1532 Φιλοσοφία
639 1462 775 1533 μὲν,
797 1457 871 1532 ἦν
893 1462 939 1514 δ’
963 1461 1095 1531 ἐγὼ,
1126 1461 1404 1531 ἐπιστήμη
1440 1459 1559 1512 ἐστὶ
1586 1459 1679 1513 τοῦ
1710 1460 1862 1527 ὄντος

244 1558 327 1609 καὶ
356 1554 449 1609 τοῦ
472 1554 727 1624 ἀληθοῦς
756 1554 1081 1622 ἐπίγνωσις·
1105 1552 1419 1624 εὐδαιμονία
1451 1552 1508 1605 δὲ
1532 1546 1736 1623 ταύτης
1761 1553 1862 1624 τῆς

241 1647 549 1718 ἐπιστήμης
579 1647 688 1699 καὶ
721 1647 826 1717 τῆς
859 1644 1052 1713 σοφίας
1076 1646 1266 1718 γέρας.

1983 1647 2055 1700 .ite
2084 1656 2140 1700 et
2168 1646 2450 1716 sapientia:
2477 1648 2784 1716 praemium.

302 1740 431 1794 Θεὸν
460 1739 583 1810 (73)
619 1739 685 1792 δὲ
723 1740 791 1792 σύ
821 1739 876 1792 τί
910 1738 1132 1804 καλεῖς;
1160 1739 1286 1811 ἔφη.

2042 1738 2207 1793 Deum
2237 1747 2419 1791 autem
2450 1737 2710 1806 quidnam
2743 1737 2955 1792 vocas?
2985 1738 3166 1809 inquit
3201 1739 3317 1795 ille.

305 1833 376 1885 Th
404 1802 575 1886 κατὰ,
602 1832 680 1885 τὰ
714 1830 863 1884 αὐτὰ
902 1831 1000 1885 καὶ
1028 1802 1291 1897 ὡσαύτως
1328 1835 1435 1888 αἰεὶ
1462 1834 1604 1907 ἕχον,
1632 1837 1728 1890 καὶ
1763 1824 1856 1888 τοῦ

2036 1830 2189 1895 Quod
2221 1830 2365 1885 idem
2396 1841 2482 1883 est
2506 1840 2561 1883 et
2591 1830 2784 1885 eodem
2812 1829 2972 1883 modo
2994 1845 3214 1900 semper
3260 1847 3321 1886 se
3365 1831 3551 1898 habet,

1966 1922 2221 1991 quodque
2251 1923 2467 1978 caeteris
2509 1922 2764 1976 omnibus
2804 1937 2971 1978 causa
3016 1933 3101 1977 est
3151 1938 3251 1977 cur
3284 1925 3417 1991 sint,
3451 1927 3557 1982 hoc

1966 2031 2099 2072 sane
2125 2017 2265 2071 Deus
2295 2025 2400 2071 est.
2439 2016 2515 2070 Ita
2549 2017 2621 2071 illi
2648 2032 2748 2087 ego
2785 2018 3083 2088 respondi:
3120 2033 3321 2089 meque
3350 2020 3440 2075 ille
3493 2021 3556 2076 li-

1966 2108 2163 2162 benter
2187 2107 2472 2174 audiebat,
2506 2124 2572 2162 ac
2606 2124 2796 2164 rursus
2824 2109 2899 2163 ita
2937 2110 3320 2182 interrogavit.

2037 2201 2276 2257 Scientia
2305 2217 2373 2255 an
2400 2218 2508 2257 non
2574 2216 2869 2257 commune
2899 2210 3100 2258 nOmen
3148 2217 3233 2260 est
3265 2222 3446 2262 rerum
3475 2206 3557 2263 tli°

1968 2292 2292 2346 versarum?
2336 2291 2393 2346 In
2445 2294 2702 2347 omnibus
2733 2294 2881 2348 enim
2916 2295 3154 2363 artibus,
3206 2298 3299 2366 qui
3362 2299 3559 2352 harum

1968 2384 2208 2454 aliquant
2261 2384 2401 2439 sciat
2452 2384 2657 2439 dicitur
2700 2387 2903 2450 sciens,
2958 2386 3013 2440 in
3063 2386 3447 2456 imperatoria,
3499 2390 3557 2443 in

1967 2474 2378 2544 gnbernatoria,
2433 2474 2489 2529 in
2547 2474 2759 2529 medica
2815 2475 3099 2549 similiter.
3146 2475 3206 2531 In
3249 2477 3452 2531 divinis
3500 2487 3558 2531 et

244 1920 376 1978 εἶναι
408 1927 553 1977 πᾶσι
585 1925 715 1987 τοῖς
744 1923 931 1987 ἄλλοις
965 1923 1161 1989 αἴτιον,
1204 1925 1360 1979 τοῦτο
1392 1927 1453 1998 δή
1487 1929 1634 1981 ὲστιν
1656 1930 1684 1981 ὁ
1706 1928 1857 1993 Θεός.

244 2018 423 2081 Οὕτως
451 2016 571 2085 ἐγὼ
595 2018 1004 2089 ἀπεκρινάμην
1025 2017 1177 2090 αὐτῷ
1203 2036 1216 2049 ·
1249 2020 1342 2074 καὶ
1369 2020 1630 2095 ἐτέρπετο
1653 2022 1861 2087 ἐκεῖνος

245 2105 447 2158 ἁκούων
483 2122 620 2175 μου,
649 2104 843 2168 οὕτως
864 2106 926 2159 τέ
964 2123 1033 2178 με
1067 2108 1234 2179 ἤρετο
1273 2108 1454 2163 πάλιν.

318 2198 642 2269 Ἑπιστήμη
678 2197 787 2251 οὐκ
812 2197 928 2252 ἐστι
958 2200 1136 2254 κοινὸν
1178 2200 1351 2274 ὄνομα
1396 2203 1668 2275 διαφόρων
1714 2216 1860 2278 πρά-ι

242 2286 462 2354 γμάτων
486 2303 505 2349 ;
547 2286 657 2340 Ἔν
684 2304 749 2340 τε
770 2286 882 2359 γάρ
918 2291 1040 2352 ταῖς
1063 2289 1279 2361 τέχναις
1299 2291 1538 2357 ἀπάσαις
1567 2294 1596 2346 ὁ
1634 2294 1861 2349 ἐπιστά-

246 2393 399 2446 μενος
426 2377 653 2429 τούτων
686 2376 815 2430 τινὰ
844 2379 1165 2452 ἐπιστήμων
1194 2381 1462 2446 καλεῖται,
1503 2382 1559 2436 ἐν
1596 2400 1656 2437 τε
1698 2402 1862 2457 στρα-

244 2471 462 2539 τηγικῇ,
504 2470 610 2521 καὶ
636 2468 1046 2542 κυϐερνητικῇ,
1075 2472 1167 2525 καὶ
1186 2473 1402 2544 ἰατρικῇ
1432 2474 1653 2546 ὁμοίως.
1686 2476 1783 2528 Ἔν
1804 2486 1864 2529 τε

248 2562 355 2623 τοῖς
401 2560 578 2623 θείοις
628 2560 733 2613 καὶ
772 2560 1138 2633 ἀνθρωπείως
1185 2564 1285 2635 οὐχ
1336 2563 1512 2629 οὕτως
1561 2565 1673 2637 ἔχει
1704 2566 1814 2639 (74)
1846 2586 1860 2599 ·

264 2650 574 2723 Ἐπιστήμη
612 2652 703 2716 τίς
736 2651 887 2704 ἐστιν
910 2653 943 2723 ἡ
968 2653 1285 2725 παρέχουσα
1316 2655 1495 2710 αὐτῶν
1528 2658 1634 2711 τῶν
1657 2658 1867 2730 ἀνθρωκ

252 2744 419 2797 πίνων
469 2744 574 2796 καὶ
630 2742 745 2795 τῶν
798 2742 960 2797 θείων
1012 2745 1235 2815 γνῶσιν,
1273 2747 1469 2804 ἔπειτα
1521 2750 1622 2821 τῆς
1663 2751 1868 2805 τούτων

252 2835 529 2905 θειότητος
566 2834 670 2889 καὶ
705 2830 1058 2908 δικαιοσύνης
1092 2836 1421 2909 ὲπίγνωσιν;

326 2930 437 2983 Καὶ
477 2928 655 2999 μάλα,
696 2927 854 2998 ἔφην.

325 3022 393 3073 Τί
425 3018 561 3084 οὖνς
598 3022 811 3092 ὁμοίως
844 3020 992 3074 ἐστὶν
1026 3021 1309 3095 ἄνθρωπον
1342 3024 1541 3080 είδέναι
1575 3026 1668 3081 καὶ
1712 3025 1864 3089 Θεὸν,

1969 2564 2225 2621 humanis
2256 2565 2419 2621 rebus
2448 2580 2515 2620 an
2550 2567 2623 2620 ita
2652 2580 2710 2621 se
2740 2581 2828 2622 res
2872 2566 3081 2622 habet?
3107 2568 3279 2624 Estne
3324 2570 3557 2626 scientia

1968 2654 2259 2722 quapiam,
2311 2670 2433 2725 qua:
2487 2656 2795 2709 divinarum
2846 2666 2903 2710 et
2951 2657 3318 2712 humanarum
3372 2674 3559 2712 rerum

1968 2746 2337 2813 cognitionem
2371 2746 2585 2814 afferat,
2619 2763 2684 2801 ac
2715 2748 2913 2802 deinde
2937 2765 3058 2818 quae
3090 2752 3163 2803 sit
3196 2750 3247 2804 in
3280 2749 3388 2804 illis
3410 2751 3553 2805 divi-

1972 2838 2179 2902 nitatis,
2203 2854 2323 2907 quae
2345 2837 2573 2907 iustitia:
2603 2840 2745 2894 ratio
2773 2841 3148 2896 demonstret?

2040 2927 2298 2996 Maxime,
2334 2931 2578 3001 inquam.

2042 3021 2184 3088 Qnid
2210 3021 2421 3093 igitur?
2460 3020 2604 3076 Idem
2639 3032 2723 3077 est
2752 3022 3028 3077 hominem
3059 3031 3112 3077 et
3155 3023 3322 3078 Deum
3368 3038 3559 3089 nosse,

250 3113 325 3177 ὡς
369 3114 671 3184 μουσικὴν,
722 3108 820 3167 καῖ
852 3112 1245 3186 ἀριθμητικὴν,
1281 3116 1374 3171 καὶ
1410 3116 1795 3189 ἀστρονομίαν,
1830 3119 1859 3192 ἦ

1983 3124 2035 3167 Ic
2057 3114 2345 3176 musicam,
2388 3113 2817 3181 arithmeticam,
2872 3114 3267 3168 astronomiam
3320 3122 3415 3167 aut
3457 3114 3559 3169 alid

250 3225 303 3259 τι
336 3204 585 3260 τοιοῦτον
606 3224 623 3269 ;

324 3295 633 3367 Οὐδαμῶς,
674 3295 835 3368 ἔφην.

323 3390 438 3442 Οὐκ
486 3387 676 3459 ὀρθῶς
719 3388 831 3461 ἄρα
876 3388 1183 3461 ἀπεκρίθης
1216 3389 1361 3461 ἐμοὶ,
1397 3390 1503 3462 ἔφη
1539 3394 1761 3458 ἐκεῖνος.
1796 3394 1862 3448 Δί

254 3482 353 3548 μὲν
386 3482 503 3552 γάρ
538 3482 607 3535 ἐκ
647 3480 1361 3553 μαθήσειοςπροσγίνονται
1404 3486 1556 3555 ἡμῖν,
1590 3485 1623 3556 ἢ
1656 3485 1863 3557 διατρι-

250 3570 354 3641 ὁῆς
386 3572 538 3636 τινός
558 3589 573 3601 ·
614 3572 677 3624 αἱ
709 3570 771 3624 δὲ
804 3572 869 3623 ὲκ
901 3568 996 3623 τοῦ
1032 3569 1237 3625 ίδέσθαι
1273 3574 1571 3644 παρέχουσι
1614 3575 1711 3647 τὴν
1745 3577 1863 3628 ἐπι-

254 3666 489 3735 στήμην.
528 3664 602 3716 El
630 3663 699 3730 γέ
736 3679 819 3716 σοι
850 3659 1002 3730 λέγοι
1034 3680 1118 3727 τις
1151 3664 1231 3718 ὅτι
1265 3666 1411 3718 ἐστὶν
1444 3667 1503 3718 ἐν
1538 3666 1694 3739 Ἰνδίᾳ
1726 3666 1863 3730 ζῶον

255 3754 398 3823 ςνὴν
448 3754 557 3821 οὐχ
609 3751 803 3822 ὅμοιον
853 3753 967 3815 τοῖς
1014 3750 1194 3818 ἄλλοις
1249 3755 1435 3819 πᾶσιν,
1470 3754 1604 3809 ἀλλὰ
1654 3758 1860 3829 τοῖονῆ

254 3847 415 3909 πλον,
450 3842 746 3906 πολυειδὲς
794 3842 889 3896 καὶ
936 3843 1203 3908 ποικίλον,
1239 3845 1340 3898 οὐκ
1373 3845 1439 3898 ἂν
1474 3846 1738 3918 πρότερον
1786 3849 1864 3900 εί-

255 3933 402 4003 δείης
434 3935 470 4004 ἢ
516 3934 657 3997 ἴδοις
692 3926 859 3987 αὐτό·
908 3933 1026 3986 ἀλλ’
1060 3926 1179 3987 οὐδὲ
1222 3935 1381 4004 λόγον
1413 3934 1480 3990 ἂν
1512 3936 1656 4007 ἔχοις
1690 3940 1861 3992 εἰπεῖν

258 4027 420 4080 αὑτοῦ
456 4026 605 4091 τινὰ,
644 4028 693 4079 εί
732 4025 807 4097 μὴ
840 4025 1102 4092 ἀκούσαις
1135 4026 1230 4081 τοῦ
1264 4030 1589 4100 ἑωρακότος.

330 4124 407 4175 Οὐ
441 4121 578 4192 γὰρ,
619 4138 696 4191 φη
704 4121 786 4190 μί.
1377 4104 1397 4119 ⁸

329 4212 454 4275 [Ιῶς
489 4208 589 4265 οὖν
624 4211 713 4273 ἂν,
750 4210 876 4279 ἔφη,
912 4210 1043 4281 περὶ
1094 4210 1232 4264 Θεοῦ
1283 4210 1458 4283 ὀρθῶς
1513 4215 1757 4285 φρονοῖεν
1811 4216 1862 4267 οε

260 4304 564 4373 φιλόσοφοι,
590 4307 629 4373 ἢ
663 4300 877 4370 λέγοιέν
908 4320 961 4356 τι
993 4302 1214 4373 ἀληθὲς,
1239 4303 1550 4375 ἐπιστήμην
1582 4304 1748 4359 αὐτοῦ
1785 4305 1861 4377 μὴ

262 4395 498 4465 ιχοντες,
539 4394 679 4464 μηδὲ
717 4393 918 4457 ίδόντες
952 4394 1103 4459 ποτὲ,
1137 4392 1171 4465 ἢ
1208 4394 1575 4462 (imiimi/13;;

345 4574 487 4628 Ἀλλ’
511 4574 619 4627 οὐκ
647 4574 797 4626 ἐστιν
828 4571 1147 4644 ὀφθαλμοῖς,
1181 4567 1249 4644 ἢν
1283 4572 1328 4626 δ’
1352 4574 1484 4642 ἐγὼ,
1516 4576 1721 4645 αὐτοῖς,
1759 4578 1863 4632 πά.

263 4683 379 4740 πρ,
412 4667 620 4739 ὁρατὸν
669 4665 736 4720 τὸ
784 4665 960 4730 Θεῖον,
995 4665 1070 4730 ὼς
1121 4665 1187 4720 τά
1239 4665 1373 4721 ἄλλα
1406 4667 1520 4732 ζῶα
1552 4670 1688 4743 (75),
1726 4671 1863 4726 ἀλλὰ

272 4761 414 4830 μόνῳ
464 4760 547 4831 νῷ
603 4757 975 4829 καταληπτὸν,
1009 4757 1085 4823 ὥς
1140 4775 1272 4830 φησι
1321 4759 1565 4826 Πλάτων,
1602 4763 1696 4818 καὶ
1750 4763 1861 4833 ἐγὼ

272 4851 529 4923 πείθομαι
565 4848 745 4919 αὐτῷ.

339 4944 393 4998 ι.
429 4946 626 4999 Ἔστιν
657 4938 775 5009 οὖν,
800 4942 956 5013 φησὶ,
992 4940 1071 5012 τῷ
1103 4940 1179 5012 νῷ
1206 4943 1365 5014 ἡμῶν
1402 4944 1627 5016 τοιαύτη
1659 4964 1741 5010 τις
1765 4942 1860 5000 καὶ

346 5089 451 5153 (72)
498 5090 863 5163 Ἶέποτυχών.
900 5088 957 5144 In
988 5099 1218 5163 u_troq_ue
1249 5092 1435 5147 codice
1458 5091 1624 5163 Regio
1655 5107 1709 5149 ct
1734 5096 1861 5152 Cla-

276 5174 405 5237 r‘om.
448 5162 737 5237 legitunin
779 5170 967 5237 testu:
1005 5161 1068 5211 Εί
1094 5160 1185 5237 οὖν
1227 5200 1241 5215 .
1286 5202 1299 5215 .
1344 5201 1359 5215 .
1404 5204 1417 5217 .
1459 5160 1629 5237 ubi
1657 5167 1853 5237 τυχών.

276 5227 374 5281 Sed
401 5232 463 5304 ad
499 5232 806 5304 marginem
836 5232 947 5304 haec
975 5236 1219 5304 apposita
1247 5241 1329 5304 est
1362 5242 1485 5287 nota
1516 5227 1854 5304 ἱῸῖμαίόὐ-

273 5300 464 5375 ’ἓως-ἀν
495 5300 585 5375 εἵη
622 5300 867 5375 κάλλιον,
896 5297 970 5354 Ἦ
995 5297 1107 5375 οὖς
1137 5322 1198 5371 φ.
1218 5303 1345 5357 εὐδ.
1366 5320 1427 5355 π.
1456 5305 1505 5357 ἐ.
1536 5297 1857 5375 ὐίιὸτυχὼν

268 5367 512 5445 ἐκεῖνος.
662 5371 1007 5445 Summus.
1059 5367 1411 5427 Scribendum
1458 5376 1489 5445 ἡ
1535 5370 1627 5427 οὐν
1671 5367 1855 5433 monet

271 5434 516 5509 Sylnurg.
553 5439 924 5496 Retinuissem
950 5442 1081 5497 illud
1110 5447 1181 5509 εί,
1210 5445 1254 5498 si
1283 5434 1546 5499 mutatum
1581 5460 1687 5499 non
1712 5445 1847 5503 fuis-

268 5519 349 5558 set
383 5524 410 5557 a
439 5506 504 5561 Κ.
538 5510 840 5578 Stephano.

339 5578 449 5643 (75)
478 5582 674 5654 ᾷεὼί.-
707 5580 885 5654 nonet
930 5580 1207 5638 Thirlhius
1252 5583 1354 5654 leg.
1406 5599 1527 5640 esse
1570 5585 1632 5638 τὸ
1668 5584 1749 5652 ὅν,
1792 5597 1848 5643 et

266 5659 390 5699 tuo:
423 5647 581 5701 toi-:0
617 5650 696 5702 δέ.
728 5649 847 5704 Non
879 5660 1054 5705 tamen
1090 5647 1375 5721 corruptus
1402 5656 1613 5709 videtur
1642 5647 1844 5713 textus.

357 5728 471 5798 (Ἠ)
510 5731 638 5797 Οὐχ
667 5727 861 5792 οὕτως
886 5726 1031 5800 ἔχει.
1069 5724 1295 5800 negatio
1324 5727 1532 5781 videtur
1550 5744 1848 5800 expungen-

289 5798 357 5853 ἀι
392 5818 407 5852 :
438 5797 605 5870 atque
622 5800 776 5853 illam
799 5798 1051 5866 equidem
1080 5797 1132 5849 in
1159 5798 1560 5866 interpretando
1578 5797 1855 5871 negligen-

1966 3202 2098 3271 quid
2133 3200 2360 3255 simile?

2034 3292 2258 3347 Minime
2282 3292 2544 3362 gentium.
2579 3293 2820 3362 inquam.

2033 3383 2153 3439 Non
2184 3394 2331 3437 recte
2362 3398 2495 3453 ergo
2528 3384 2658 3438 tnihi
2687 3385 3045 3453 respondisti,
3072 3385 3251 3455 inquit
3287 3385 3396 3441 ille.
3417 3386 3558 3443 Alia

1962 3476 2109 3529 enim
2156 3474 2442 3544 disciplina
2474 3483 2528 3527 et
2575 3476 2971 3537 exercitatione
3015 3477 3247 3545 quadam
3312 3493 3341 3531 a
3392 3482 3559 3535 nobis

1962 3577 2395 3638 comparantur;
2426 3567 2547 3623 alia:
2570 3581 2704 3622 vero
2728 3582 2795 3623 ex
2825 3568 2940 3622 visu
2970 3570 3259 3624 scientiam
3285 3569 3550 3628 efﬁctunt.

1964 3662 2021 3714 Si
2051 3660 2176 3729 quis
2209 3658 2306 3713 tibi
2333 3659 2484 3715 dicat
2513 3672 2638 3714 esse
2663 3659 2720 3714 in
2751 3658 2907 3715 India
2960 3660 3163 3714 animal
3213 3671 3410 3717 natura
3445 3680 3557 3717 non

1962 3749 2143 3804 simile
2183 3747 2693 3815 caeterisomnibus,‘
2736 3750 2831 3805 sed
2878 3750 2988 3805 tale
3037 3762 3132 3805 aut
3184 3753 3313 3818 tale,
3366 3752 3552 3807 inulti-

1963 3842 2122 3909 plicis
2155 3856 2219 3896 ac
2259 3841 2425 3896 variae
2448 3826 2661 3908 format,
2701 3857 2809 3898 non
2861 3843 3012 3913 prius
3053 3844 3197 3899 scias
3246 3844 3409 3915 quale
3452 3848 3549 3911 sit,

1964 3932 2068 3988 nisi
2118 3933 2345 4000 videris,
2380 3933 2477 3990 sed
2514 3948 2614 3989 nec
2656 3932 2822 3988 ullam
2858 3934 3005 3989 illius
3058 3936 3327 3992 rationem
3370 3940 3555 4009 possis

1968 4026 2220 4091 reddere,
2248 4026 2349 4079 nisi
2375 4042 2443 4081 ex
2469 4040 2536 4082 eo
2564 4027 2657 4097 qui
2691 4027 2921 4092 viderit,
2953 4028 3216 4084 audieris.

2034 4119 2152 4174 Non
2184 4119 2452 4189 profecto,
2480 4120 2728 4190 inquam.

2033 4211 2318 4280 Quomodo
2346 4212 2531 4282 igitur,
2564 4213 2761 4280 inquit,
2792 4212 2860 4268 de
2893 4214 3003 4269 Deo
3033 4213 3346 4284 philosophi
3391 4224 3555 4271 recte‘

1962 4306 2230 4369 sentiant,
2256 4313 2350 4359 aut
2369 4306 2667 4375 quidquam
2694 4305 2808 4359 veri
2835 4306 3042 4371 dicant,
3070 4307 3360 4361 scientiam
3402 4307 3548 4361 illius

1964 4411 2067 4450 non
2102 4397 2391 4462 habentes,
2425 4398 2627 4468 quippe
2658 4399 2751 4467 qui
2799 4412 2899 4453 nec
2956 4400 3074 4452 visu
3123 4413 3225 4454 nec
3273 4399 3556 4455 auditione

1886 4483 1936 4544 D
1962 4488 2259 4558 quidquam
2292 4487 2358 4541 de
2381 4502 2446 4542 eo
2480 4502 2720 4557 unquam
2750 4489 3142 4559 perceperint?

2034 4578 2107 4633 At
2151 4578 2348 4646 oculis,
2398 4580 2644 4650 inquam,
2698 4590 2877 4650 pater,
2934 4583 3179 4636 divinum
3241 4596 3438 4636 numen
3487 4590 3547 4636 ut

1966 4680 2161 4724 caetera
2194 4670 2475 4733 animalia,
2504 4670 2676 4725 videri
2710 4687 2815 4724 non
2843 4682 3047 4742 potest,
3078 4674 3174 4727 sed
3198 4672 3310 4727 sola
3359 4682 3549 4727 mctth

1964 4766 2195 4834 percipi.
2225 4775 2285 4822 ut
2308 4766 2383 4820 ait
2403 4764 2586 4831 Plato,
2617 4766 2703 4821 cui
2738 4781 2839 4836 ego
2870 4768 3162 4821 assentior.

2032 4946 2085 5001 4.
2136 4946 2284 5003 Inest
2328 4949 2518 5020 igitur,
2571 4958 2748 5021 inquit
2798 4951 2910 5019 ille,
2960 4951 3134 5006 menti
3180 4961 3382 5008 nostrae
3417 4953 3547 5008 talis

1963 5103 2084 5157 dam
2109 5102 2262 5157 duxi.
2286 5102 2536 5156 lnornata
2562 5103 2704 5157 enim
2733 5114 2878 5159 esset
2905 5103 3083 5158 oratio
3112 5122 3125 5159 :
3160 5124 3177 5157 ι
3211 5106 3291 5159 Αη
3324 5121 3427 5159 non
3469 5107 3542 5161 ita

1963 5189 2021 5227 se
2052 5188 2135 5226 res
2166 5174 2368 5247 habet?
2402 5173 2568 5247 Estne
2594 5175 2845 5247 scientia,
2873 5194 2891 5226 ι
2919 5176 3148 5247 etc._Sic
3173 5179 3314 5229 enim
3340 5176 3547 5247 ὁμοίως

1962 5260 2083 5297 cum
2119 5245 2550 5318 pragcedentibus
2575 5245 2853 5318 conjunxi.
2898 5274 2969 5285 —
3011 5243 3546 5318 Ijlcgationenitoiax)

1964 5316 2182 5377 retinui,
2214 5315 2660 5383 interrogationis
2695 5316 2848 5383 signo
2872 5324 2994 5383 post
3022 5314 3133 5385 ἔχει
3164 5316 3341 5369 deleto
3375 5314 3439 5368 τι
3480 5314 3539 5371 n'.

1962 5386 2129 5437 rebus
2178 5386 2377 5439 divinis
2420 5395 2474 5438 et
2526 5385 2782 5439 humanis
2826 5402 2932 5439 non
2973 5386 3047 5438 ita
3095 5402 3153 5440 se
3186 5402 3273 5440 res
3297 5388 3479 5441 habet.
3511 5406 3534 5441 ι

1961 5456 2139 5509 Οττο,

2034 5523 2146 5595 (75)
2190 5524 2267 5579 Τὰ
2299 5524 2461 5595 ἄλλα
2494 5523 2623 5585 ζῶα.
2666 5523 2803 5579 Illud
2835 5523 2968 5579 ἄλλα
2999 5524 3172 5592 rcjicil
3227 5525 3541 5595 Perionins,

1963 5605 2022 5649 ut
2046 5594 2382 5664 Supposilam
2412 5594 2625 5649 Justino
2658 5611 2867 5661 vocent,
2904 5606 2957 5648 et
2980 5595 3089 5649 Deo
3117 5598 3395 5665 iitjttrtatti.
3431 5600 3537 5651 Sed

1964 5668 2142 5719 minus
2171 5665 2845 5719 animadvertitJustinum
2869 5678 2995 5719 tunc
3027 5667 3233 5720 Platoni
3260 5670 3541 5722 addictum

1964 5735 2151 5797 fuisse,
2186 5736 2276 5803 qui
2320 5734 2485 5787 Deum
2528 5736 2806 5803 cunceptis
2850 5737 3033 5790 verbis
3081 5748 3237 5793 vocat
3267 5738 3415 5793 Ζῶον
3448 5739 3539 5792 ἀτί

1964 5751 2151 5797 tuisse,
2226 5752 2276 5787 ιιι
2320 5751 2485 5787 uenm
2528 5751 2806 5803 cuncepus
2850 5751 3033 5790 verbis

1962 5804 2072 5858 διον
2108 5810 2160 5860 in
2186 5751 2421 5871 ql'imwo,
2452 5822 2558 5860 non
2597 5806 2752 5876 longe
2777 5808 2844 5861 ab
2876 5806 3046 5861 initio.
