  <div class='ocr_page' id='page_1' title='image "/cluster/home/n/w/nwhite01/storage/ocr_20150623/6/mdp.39015004289917/253.png"; bbox 0 0 4006 6254; ppageno 0'>
   <div class='ocr_carea' id='block_1_1' title="bbox 417 353 526 409">
    <p class='ocr_par' dir='ltr' id='par_1_1' title="bbox 417 353 526 409">
     <span class='ocr_line' id='line_1_1' title="bbox 417 353 526 409; baseline 0.018 -2"><span class='ocrx_word' id='word_1_1' title='bbox 417 353 526 409; x_wconf 63' lang='lat'><strong>1.95</strong></span> 
     </span>
    </p>
   </div>
   <div class='ocr_carea' id='block_1_2' title="bbox 1383 342 2694 405">
    <p class='ocr_par' dir='ltr' id='par_1_2' title="bbox 1383 342 2694 405">
     <span class='ocr_line' id='line_1_2' title="bbox 1383 342 2694 405; baseline -0.002 -2"><span class='ocrx_word' id='word_1_2' title='bbox 1383 347 1443 405; x_wconf 92' lang='lat' dir='ltr'><strong>S.</strong></span> <span class='ocrx_word' id='word_1_3' title='bbox 1476 346 1743 404; x_wconf 80' lang='lat' dir='ltr'><strong>JUSTINI</strong></span> <span class='ocrx_word' id='word_1_4' title='bbox 1774 345 2185 403; x_wconf 82' lang='lat' dir='ltr'><strong>PHILOSOPHI</strong></span> <span class='ocrx_word' id='word_1_5' title='bbox 2217 342 2306 399; x_wconf 81' lang='grc' dir='ltr'><strong>ΕΤ</strong></span> <span class='ocrx_word' id='word_1_6' title='bbox 2336 343 2694 400; x_wconf 73' lang='lat' dir='ltr'><strong>MARTYRIS</strong></span> 
     </span>
    </p>
   </div>
   <div class='ocr_carea' id='block_1_3' title="bbox 3578 344 3699 399">
    <p class='ocr_par' dir='ltr' id='par_1_3' title="bbox 3578 344 3699 399">
     <span class='ocr_line' id='line_1_3' title="bbox 3578 344 3699 399; baseline -0.017 -1"><span class='ocrx_word' id='word_1_7' title='bbox 3578 344 3699 399; x_wconf 65' lang='grc'><strong>494</strong></span> 
     </span>
    </p>
   </div>
   <div class='ocr_carea' id='block_1_4' title="bbox 418 462 1998 538">
    <p class='ocr_par' dir='ltr' id='par_1_4' title="bbox 418 467 1996 538">
     <span class='ocr_line' id='line_1_4' title="bbox 418 467 1996 538; baseline 0.001 -17"><span class='ocrx_word' id='word_1_8' title='bbox 418 470 663 538; x_wconf 63' lang='lat' dir='ltr'><strong>quaedam</strong></span> <span class='ocrx_word' id='word_1_9' title='bbox 695 480 762 522; x_wconf 89' lang='lat' dir='ltr'><strong>ac</strong></span> <span class='ocrx_word' id='word_1_10' title='bbox 801 475 952 521; x_wconf 86' lang='lat' dir='ltr'><strong>tanta</strong></span> <span class='ocrx_word' id='word_1_11' title='bbox 988 467 1091 533; x_wconf 78' lang='lat' dir='ltr'><strong>vis,</strong></span> <span class='ocrx_word' id='word_1_12' title='bbox 1140 473 1234 519; x_wconf 87' lang='lat' dir='ltr'><strong>aut</strong></span> <span class='ocrx_word' id='word_1_13' title='bbox 1270 480 1376 521; x_wconf 91' lang='lat' dir='ltr'><strong>non</strong></span> <span class='ocrx_word' id='word_1_14' title='bbox 1410 467 1572 521; x_wconf 90' lang='lat' dir='ltr'><strong>citius</strong></span> <span class='ocrx_word' id='word_1_15' title='bbox 1609 482 1773 522; x_wconf 87' lang='lat' dir='ltr'><strong>sensu</strong></span> <span class='ocrx_word' id='word_1_16' title='bbox 1804 482 1996 538; x_wconf 90' lang='lat' dir='ltr'><strong>perce-</strong></span> 
     </span>
    </p>
   </div>
   <div class='ocr_carea' id='block_1_5' title="bbox 2119 462 3695 538">
    <p class='ocr_par' dir='ltr' id='par_1_5' title="bbox 2119 462 3695 538">
     <span class='ocr_line' id='line_1_5' title="bbox 2119 462 3695 538; baseline -0.004 -18"><span class='ocrx_word' id='word_1_17' title='bbox 2119 466 2334 538; x_wconf 77' lang='grc' dir='ltr'>τοσαύτη</span> <span class='ocrx_word' id='word_1_18' title='bbox 2387 465 2634 537; x_wconf 83' lang='grc' dir='ltr'>δύναμις,</span> <span class='ocrx_word' id='word_1_19' title='bbox 2668 465 2698 518; x_wconf 81' lang='grc' dir='ltr'><strong>ὃ</strong></span> <span class='ocrx_word' id='word_1_20' title='bbox 2746 464 2821 537; x_wconf 81' lang='grc' dir='ltr'>μὴ</span> <span class='ocrx_word' id='word_1_21' title='bbox 2857 463 2972 535; x_wconf 82' lang='grc'>(76)</span> <span class='ocrx_word' id='word_1_22' title='bbox 3028 464 3211 534; x_wconf 81' lang='grc' dir='ltr'><strong>τάχιον</strong></span> <span class='ocrx_word' id='word_1_23' title='bbox 3260 462 3326 516; x_wconf 76' lang='grc' dir='ltr'>δι’</span> <span class='ocrx_word' id='word_1_24' title='bbox 3377 462 3695 535; x_wconf 77' lang='grc' dir='ltr'>αἰσθήσεως</span> 
     </span>
    </p>
   </div>
   <div class='ocr_carea' id='block_1_6' title="bbox 418 558 1997 631">
    <p class='ocr_par' dir='ltr' id='par_1_6' title="bbox 418 558 1997 631">
     <span class='ocr_line' id='line_1_6' title="bbox 418 558 1997 631; baseline 0.001 -17"><span class='ocrx_word' id='word_1_25' title='bbox 418 560 755 631; x_wconf 78' lang='lat' dir='ltr'><strong>pisset?Aut</strong></span> <span class='ocrx_word' id='word_1_26' title='bbox 778 559 947 613; x_wconf 91' lang='lat' dir='ltr'><strong>Deum</strong></span> <span class='ocrx_word' id='word_1_27' title='bbox 973 558 1501 628; x_wconf 80' lang='lat' dir='ltr'><strong>videbitaliquando</strong></span> <span class='ocrx_word' id='word_1_28' title='bbox 1548 560 1789 614; x_wconf 90' lang='lat' dir='ltr'><strong>humana</strong></span> <span class='ocrx_word' id='word_1_29' title='bbox 1840 574 1997 615; x_wconf 88' lang='lat' dir='ltr'><strong>mens</strong></span> 
     </span>
    </p>
   </div>
   <div class='ocr_carea' id='block_1_7' title="bbox 418 649 1327 720">
    <p class='ocr_par' dir='ltr' id='par_1_7' title="bbox 418 649 1327 720">
     <span class='ocr_line' id='line_1_7' title="bbox 418 649 1327 720; baseline -0.002 -16"><span class='ocrx_word' id='word_1_30' title='bbox 418 649 626 720; x_wconf 77' lang='lat' dir='ltr'><strong>Spiritu</strong></span> <span class='ocrx_word' id='word_1_31' title='bbox 654 663 844 706; x_wconf 88' lang='lat' dir='ltr'><strong>saneto</strong></span> <span class='ocrx_word' id='word_1_32' title='bbox 873 665 979 705; x_wconf 92' lang='lat' dir='ltr'><strong>non</strong></span> <span class='ocrx_word' id='word_1_33' title='bbox 1017 659 1279 705; x_wconf 80' lang='lat' dir='ltr'><strong>exornata</strong></span> <span class='ocrx_word' id='word_1_34' title='bbox 1303 649 1327 702; x_wconf 69' lang='grc' dir='ltr'><strong><em>ἲ</em></strong></span> 
     </span>
    </p>
   </div>
   <div class='ocr_carea' id='block_1_8' title="bbox 488 740 1999 811">
    <p class='ocr_par' dir='ltr' id='par_1_8' title="bbox 488 740 1999 811">
     <span class='ocr_line' id='line_1_8' title="bbox 488 740 1999 811; baseline -0.001 -16"><span class='ocrx_word' id='word_1_35' title='bbox 488 743 579 795; x_wconf 81' lang='lat' dir='ltr'><strong>Ait</strong></span> <span class='ocrx_word' id='word_1_36' title='bbox 599 744 743 796; x_wconf 90' lang='lat' dir='ltr'><strong>enim</strong></span> <span class='ocrx_word' id='word_1_37' title='bbox 776 743 933 797; x_wconf 85' lang='lat' dir='ltr'><strong>Plato</strong></span> <span class='ocrx_word' id='word_1_38' title='bbox 954 743 1028 807; x_wconf 80' lang='grc' dir='ltr'>⁸ο,</span> <span class='ocrx_word' id='word_1_39' title='bbox 1068 744 1289 809; x_wconf 90' lang='lat' dir='ltr'><strong>inquam</strong></span> <span class='ocrx_word' id='word_1_40' title='bbox 1324 755 1449 811; x_wconf 79' lang='lat' dir='ltr'><strong>ego,</strong></span> <span class='ocrx_word' id='word_1_41' title='bbox 1475 740 1635 797; x_wconf 95' lang='lat' dir='ltr'><strong>talem</strong></span> <span class='ocrx_word' id='word_1_42' title='bbox 1660 755 1783 797; x_wconf 89' lang='lat' dir='ltr'><strong>esse</strong></span> <span class='ocrx_word' id='word_1_43' title='bbox 1801 749 1999 796; x_wconf 80' lang='lat' dir='ltr'><strong>mentis</strong></span> 
     </span>
    </p>
   </div>
   <div class='ocr_carea' id='block_1_9' title="bbox 416 833 1996 903">
    <p class='ocr_par' dir='ltr' id='par_1_9' title="bbox 416 833 1996 903">
     <span class='ocr_line' id='line_1_9' title="bbox 416 833 1996 903; baseline -0.001 -16"><span class='ocrx_word' id='word_1_44' title='bbox 416 833 659 898; x_wconf 91' lang='lat' dir='ltr'><strong>oculum,</strong></span> <span class='ocrx_word' id='word_1_45' title='bbox 700 842 863 903; x_wconf 86' lang='lat' dir='ltr'><strong>alque</strong></span> <span class='ocrx_word' id='word_1_46' title='bbox 885 836 951 888; x_wconf 87' lang='lat' dir='ltr'><strong>ad</strong></span> <span class='ocrx_word' id='word_1_47' title='bbox 983 834 1084 889; x_wconf 91' lang='lat' dir='ltr'><strong>hoc</strong></span> <span class='ocrx_word' id='word_1_48' title='bbox 1113 834 1271 888; x_wconf 90' lang='lat' dir='ltr'><strong>nobis</strong></span> <span class='ocrx_word' id='word_1_49' title='bbox 1300 834 1483 887; x_wconf 91' lang='lat' dir='ltr'><strong>datum</strong></span> <span class='ocrx_word' id='word_1_50' title='bbox 1518 833 1707 898; x_wconf 80' lang='lat' dir='ltr'><strong>fuisse,</strong></span> <span class='ocrx_word' id='word_1_51' title='bbox 1731 843 1792 886; x_wconf 94' lang='lat' dir='ltr'><strong>ut</strong></span> <span class='ocrx_word' id='word_1_52' title='bbox 1819 834 1996 903; x_wconf 88' lang='lat' dir='ltr'><strong>ipsum</strong></span> 
     </span>
    </p>
   </div>
   <div class='ocr_carea' id='block_1_10' title="bbox 425 910 1999 995">
    <p class='ocr_par' dir='ltr' id='par_1_10' title="bbox 425 910 1999 995">
     <span class='ocr_line' id='line_1_10' title="bbox 425 910 1999 995; baseline 0 -17"><span class='ocrx_word' id='word_1_53' title='bbox 425 923 581 990; x_wconf 91' lang='lat' dir='ltr'><strong>illud,</strong></span> <span class='ocrx_word' id='word_1_54' title='bbox 612 926 756 993; x_wconf 90' lang='lat' dir='ltr'><strong>quod</strong></span> <span class='ocrx_word' id='word_1_55' title='bbox 773 910 874 993; x_wconf 78' lang='lat' dir='ltr'><strong>eSt,</strong></span> <span class='ocrx_word' id='word_1_56' title='bbox 896 926 997 979; x_wconf 92' lang='lat' dir='ltr'><strong>hoc</strong></span> <span class='ocrx_word' id='word_1_57' title='bbox 1016 926 1134 995; x_wconf 88' lang='lat' dir='ltr'><strong>ipso</strong></span> <span class='ocrx_word' id='word_1_58' title='bbox 1160 924 1428 995; x_wconf 90' lang='lat' dir='ltr'><strong>pellucido</strong></span> <span class='ocrx_word' id='word_1_59' title='bbox 1445 925 1602 979; x_wconf 92' lang='lat' dir='ltr'><strong>oculo</strong></span> <span class='ocrx_word' id='word_1_60' title='bbox 1619 926 1803 979; x_wconf 83' lang='lat' dir='ltr'><strong>videre</strong></span> <span class='ocrx_word' id='word_1_61' title='bbox 1829 925 1999 994; x_wconf 81' lang='lat' dir='ltr'><strong>possi-</strong></span> 
     </span>
    </p>
   </div>
   <div class='ocr_carea' id='block_1_11' title="bbox 436 1017 2001 1087">
    <p class='ocr_par' dir='ltr' id='par_1_11' title="bbox 436 1017 2001 1087">
     <span class='ocr_line' id='line_1_11' title="bbox 436 1017 2001 1087; baseline 0 -16"><span class='ocrx_word' id='word_1_62' title='bbox 436 1033 557 1072; x_wconf 87' lang='lat' dir='ltr'><strong>mus</strong></span> <span class='ocrx_word' id='word_1_63' title='bbox 582 1032 597 1083; x_wconf 91' lang='lat'><strong>;</strong></span> <span class='ocrx_word' id='word_1_64' title='bbox 626 1018 770 1086; x_wconf 88' lang='lat' dir='ltr'><strong>quod</strong></span> <span class='ocrx_word' id='word_1_65' title='bbox 796 1017 1015 1086; x_wconf 87' lang='lat' dir='ltr'><strong>quidem</strong></span> <span class='ocrx_word' id='word_1_66' title='bbox 1051 1031 1211 1070; x_wconf 88' lang='lat' dir='ltr'><strong>causa</strong></span> <span class='ocrx_word' id='word_1_67' title='bbox 1240 1025 1322 1070; x_wconf 88' lang='lat' dir='ltr'><strong>est</strong></span> <span class='ocrx_word' id='word_1_68' title='bbox 1348 1032 1535 1071; x_wconf 90' lang='lat' dir='ltr'><strong>eorum</strong></span> <span class='ocrx_word' id='word_1_69' title='bbox 1572 1018 1839 1082; x_wconf 89' lang='lat' dir='ltr'><strong>omnium,</strong></span> <span class='ocrx_word' id='word_1_70' title='bbox 1879 1033 2001 1087; x_wconf 71' lang='lat' dir='ltr'><strong>quae</strong></span> 
     </span>
    </p>
   </div>
   <div class='ocr_carea' id='block_1_12' title="bbox 426 1108 1996 1177">
    <p class='ocr_par' dir='ltr' id='par_1_12' title="bbox 426 1108 1996 1177">
     <span class='ocr_line' id='line_1_12' title="bbox 426 1108 1996 1177; baseline 0 -15"><span class='ocrx_word' id='word_1_71' title='bbox 426 1120 606 1163; x_wconf 91' lang='lat' dir='ltr'><strong>mente</strong></span> <span class='ocrx_word' id='word_1_72' title='bbox 626 1109 1129 1177; x_wconf 88' lang='lat' dir='ltr'><strong>percipiuntur,nec</strong></span> <span class='ocrx_word' id='word_1_73' title='bbox 1146 1108 1384 1161; x_wconf 86' lang='lat' dir='ltr'><strong>colorem</strong></span> <span class='ocrx_word' id='word_1_74' title='bbox 1404 1108 1735 1174; x_wconf 89' lang='lat' dir='ltr'><strong>babens,nec</strong></span> <span class='ocrx_word' id='word_1_75' title='bbox 1750 1108 1851 1177; x_wconf 75' lang='lat' dir='ltr'><strong>{ign</strong></span> <span class='ocrx_word' id='word_1_76' title='bbox 1861 1124 1996 1173; x_wconf 91' lang='lat' dir='ltr'><strong>ram,</strong></span> 
     </span>
    </p>
   </div>
   <div class='ocr_carea' id='block_1_13' title="bbox 419 1200 1999 1271">
    <p class='ocr_par' dir='ltr' id='par_1_13' title="bbox 419 1200 1999 1271">
     <span class='ocr_line' id='line_1_13' title="bbox 419 1200 1999 1271; baseline -0.001 -15"><span class='ocrx_word' id='word_1_77' title='bbox 419 1217 519 1256; x_wconf 89' lang='lat' dir='ltr'><strong>nec</strong></span> <span class='ocrx_word' id='word_1_78' title='bbox 544 1202 988 1271; x_wconf 89' lang='lat' dir='ltr'><strong>magnitudinem,</strong></span> <span class='ocrx_word' id='word_1_79' title='bbox 1017 1215 1118 1254; x_wconf 90' lang='lat' dir='ltr'><strong>nec</strong></span> <span class='ocrx_word' id='word_1_80' title='bbox 1148 1200 1441 1269; x_wconf 81' lang='lat' dir='ltr'><strong>quidquam</strong></span> <span class='ocrx_word' id='word_1_81' title='bbox 1462 1215 1649 1254; x_wconf 90' lang='lat' dir='ltr'><strong>eorum</strong></span> <span class='ocrx_word' id='word_1_82' title='bbox 1680 1215 1801 1269; x_wconf 75' lang='lat' dir='ltr'><strong>qua:</strong></span> <span class='ocrx_word' id='word_1_83' title='bbox 1825 1202 1999 1256; x_wconf 91' lang='lat' dir='ltr'><strong>oculis</strong></span> 
     </span>
    </p>
   </div>
   <div class='ocr_carea' id='block_1_14' title="bbox 421 1288 2000 1361">
    <p class='ocr_par' dir='ltr' id='par_1_14' title="bbox 421 1288 2000 1361">
     <span class='ocr_line' id='line_1_14' title="bbox 421 1288 2000 1361; baseline -0.003 -14"><span class='ocrx_word' id='word_1_84' title='bbox 421 1300 758 1358; x_wconf 87' lang='lat' dir='ltr'><strong>cernuntur;</strong></span> <span class='ocrx_word' id='word_1_85' title='bbox 781 1292 875 1346; x_wconf 87' lang='lat' dir='ltr'><strong>sed</strong></span> <span class='ocrx_word' id='word_1_86' title='bbox 900 1291 1195 1360; x_wconf 90' lang='lat' dir='ltr'><strong>quidnuam</strong></span> <span class='ocrx_word' id='word_1_87' title='bbox 1226 1292 1344 1346; x_wconf 81' lang='lat' dir='ltr'><strong>est?</strong></span> <span class='ocrx_word' id='word_1_88' title='bbox 1375 1288 1489 1345; x_wconf 83' lang='lat' dir='ltr'><strong>Hoc</strong></span> <span class='ocrx_word' id='word_1_89' title='bbox 1526 1292 1725 1361; x_wconf 87' lang='lat' dir='ltr'><strong>ipsum,</strong></span> <span class='ocrx_word' id='word_1_90' title='bbox 1756 1292 2000 1360; x_wconf 89' lang='lat' dir='ltr'><strong>inqttam,</strong></span> 
     </span>
    </p>
   </div>
   <div class='ocr_carea' id='block_1_15' title="bbox 423 1382 1998 1454">
    <p class='ocr_par' dir='ltr' id='par_1_15' title="bbox 423 1382 1998 1454">
     <span class='ocr_line' id='line_1_15' title="bbox 423 1382 1998 1454; baseline 0 -19"><span class='ocrx_word' id='word_1_91' title='bbox 423 1386 568 1454; x_wconf 90' lang='lat' dir='ltr'><strong>quod</strong></span> <span class='ocrx_word' id='word_1_92' title='bbox 594 1399 758 1453; x_wconf 83' lang='lat' dir='ltr'><strong>supra</strong></span> <span class='ocrx_word' id='word_1_93' title='bbox 791 1398 1008 1438; x_wconf 90' lang='lat' dir='ltr'><strong>omnem</strong></span> <span class='ocrx_word' id='word_1_94' title='bbox 1043 1382 1342 1437; x_wconf 82' lang='lat' dir='ltr'><strong>essentiam</strong></span> <span class='ocrx_word' id='word_1_95' title='bbox 1377 1392 1501 1449; x_wconf 90' lang='lat' dir='ltr'><strong>est;</strong></span> <span class='ocrx_word' id='word_1_96' title='bbox 1534 1398 1638 1435; x_wconf 93' lang='lat' dir='ltr'><strong>non</strong></span> <span class='ocrx_word' id='word_1_97' title='bbox 1669 1382 1998 1449; x_wconf 83' lang='lat' dir='ltr'><strong>enarrabile,</strong></span> 
     </span>
    </p>
   </div>
   <div class='ocr_carea' id='block_1_16' title="bbox 421 1472 2001 1542">
    <p class='ocr_par' dir='ltr' id='par_1_16' title="bbox 421 1472 2001 1542">
     <span class='ocr_line' id='line_1_16' title="bbox 421 1472 2001 1542; baseline -0.001 -14"><span class='ocrx_word' id='word_1_98' title='bbox 421 1490 530 1528; x_wconf 91' lang='lat' dir='ltr'><strong>non</strong></span> <span class='ocrx_word' id='word_1_99' title='bbox 568 1473 915 1542; x_wconf 81' lang='lat' dir='ltr'><strong>explicabile,</strong></span> <span class='ocrx_word' id='word_1_100' title='bbox 960 1472 1134 1527; x_wconf 89' lang='lat' dir='ltr'><strong>solum</strong></span> <span class='ocrx_word' id='word_1_101' title='bbox 1187 1473 1473 1541; x_wconf 89' lang='lat' dir='ltr'><strong>pulchrum</strong></span> <span class='ocrx_word' id='word_1_102' title='bbox 1508 1482 1563 1526; x_wconf 89' lang='lat' dir='ltr'><strong>et</strong></span> <span class='ocrx_word' id='word_1_103' title='bbox 1599 1473 1824 1535; x_wconf 90' lang='lat' dir='ltr'><strong>bonum,</strong></span> <span class='ocrx_word' id='word_1_104' title='bbox 1881 1473 2001 1526; x_wconf 91' lang='lat' dir='ltr'><strong>ani-</strong></span> 
     </span>
    </p>
   </div>
   <div class='ocr_carea' id='block_1_17' title="bbox 421 1563 2002 1633">
    <p class='ocr_par' dir='ltr' id='par_1_17' title="bbox 421 1563 2002 1633">
     <span class='ocr_line' id='line_1_17' title="bbox 421 1563 2002 1633; baseline -0.002 -13"><span class='ocrx_word' id='word_1_105' title='bbox 421 1566 527 1620; x_wconf 85' lang='lat' dir='ltr'><strong>mis</strong></span> <span class='ocrx_word' id='word_1_106' title='bbox 570 1581 599 1618; x_wconf 90' lang='lat' dir='ltr'><strong>a</strong></span> <span class='ocrx_word' id='word_1_107' title='bbox 637 1574 831 1619; x_wconf 89' lang='lat' dir='ltr'><strong>natura</strong></span> <span class='ocrx_word' id='word_1_108' title='bbox 872 1566 1009 1618; x_wconf 87' lang='lat' dir='ltr'><strong>bene</strong></span> <span class='ocrx_word' id='word_1_109' title='bbox 1058 1563 1369 1617; x_wconf 89' lang='lat' dir='ltr'><strong>inl‘ormatis</strong></span> <span class='ocrx_word' id='word_1_110' title='bbox 1415 1564 1485 1617; x_wconf 92' lang='lat' dir='ltr'><strong>ob</strong></span> <span class='ocrx_word' id='word_1_111' title='bbox 1517 1564 1901 1633; x_wconf 79' lang='lat' dir='ltr'><strong>cognationem</strong></span> <span class='ocrx_word' id='word_1_112' title='bbox 1945 1572 2002 1618; x_wconf 86' lang='lat' dir='ltr'><strong>et</strong></span> 
     </span>
    </p>
   </div>
   <div class='ocr_carea' id='block_1_18' title="bbox 422 1654 1521 1726">
    <p class='ocr_par' dir='ltr' id='par_1_18' title="bbox 422 1654 1521 1726">
     <span class='ocr_line' id='line_1_18' title="bbox 422 1654 1521 1726; baseline -0.003 -13"><span class='ocrx_word' id='word_1_113' title='bbox 422 1658 639 1713; x_wconf 88' lang='lat' dir='ltr'><strong>videndi</strong></span> <span class='ocrx_word' id='word_1_114' title='bbox 673 1657 1027 1726; x_wconf 86' lang='lat' dir='ltr'><strong>cupiditatem</strong></span> <span class='ocrx_word' id='word_1_115' title='bbox 1060 1657 1207 1709; x_wconf 89' lang='lat' dir='ltr'><strong>illico</strong></span> <span class='ocrx_word' id='word_1_116' title='bbox 1236 1654 1521 1724; x_wconf 81' lang='lat' dir='ltr'><strong>all&#39;ulgens.</strong></span> 
     </span>
    </p>
   </div>
   <div class='ocr_carea' id='block_1_19' title="bbox 500 1746 2000 1818">
    <p class='ocr_par' dir='ltr' id='par_1_19' title="bbox 500 1746 2000 1818">
     <span class='ocr_line' id='line_1_19' title="bbox 500 1746 2000 1818; baseline 0.001 -18"><span class='ocrx_word' id='word_1_117' title='bbox 500 1749 661 1818; x_wconf 79' lang='lat'><strong>106</strong></span> <span class='ocrx_word' id='word_1_118' title='bbox 701 1746 960 1813; x_wconf 75' lang='lat' dir='ltr'><strong>Quantam</strong></span> <span class='ocrx_word' id='word_1_119' title='bbox 1015 1747 1180 1817; x_wconf 82' lang='lat' dir='ltr'><strong>igitur</strong></span> <span class='ocrx_word' id='word_1_120' title='bbox 1232 1748 1419 1810; x_wconf 90' lang='lat' dir='ltr'><strong>nobis,</strong></span> <span class='ocrx_word' id='word_1_121' title='bbox 1471 1747 1684 1811; x_wconf 84' lang='lat' dir='ltr'><strong>aiebat,</strong></span> <span class='ocrx_word' id='word_1_122' title='bbox 1745 1747 2000 1818; x_wconf 81' lang='lat' dir='ltr'><strong>cognatio</strong></span> 
     </span>
    </p>
   </div>
   <div class='ocr_carea' id='block_1_20' title="bbox 2098 555 3695 631">
    <p class='ocr_par' dir='ltr' id='par_1_20' title="bbox 2098 555 3695 631">
     <span class='ocr_line' id='line_1_20' title="bbox 2098 555 3695 631; baseline -0.002 -17"><span class='ocrx_word' id='word_1_123' title='bbox 2098 559 2321 621; x_wconf 73' lang='grc' dir='ltr'>ἐλαϐεν;</span> <span class='ocrx_word' id='word_1_124' title='bbox 2346 560 2417 611; x_wconf 87' lang='grc' dir='ltr'><strong><em>Ἦ</em></strong></span> <span class='ocrx_word' id='word_1_125' title='bbox 2449 557 2539 612; x_wconf 84' lang='grc' dir='ltr'><strong>τὸν</strong></span> <span class='ocrx_word' id='word_1_126' title='bbox 2571 558 2703 612; x_wconf 90' lang='grc' dir='ltr'>Θεὸν</span> <span class='ocrx_word' id='word_1_127' title='bbox 2736 558 3023 631; x_wconf 87' lang='grc' dir='ltr'>ἀνθρώπου</span> <span class='ocrx_word' id='word_1_128' title='bbox 3057 555 3181 621; x_wconf 87' lang='grc' dir='ltr'>νοῦς</span> <span class='ocrx_word' id='word_1_129' title='bbox 3214 555 3402 625; x_wconf 73' lang='grc' dir='ltr'>ὄψεταί</span> <span class='ocrx_word' id='word_1_130' title='bbox 3427 574 3579 622; x_wconf 89' lang='grc' dir='ltr'>ποτε,</span> <span class='ocrx_word' id='word_1_131' title='bbox 3608 556 3695 628; x_wconf 80' lang='grc' dir='ltr'>μὴ</span> 
     </span>
    </p>
   </div>
   <div class='ocr_carea' id='block_1_21' title="bbox 2098 648 3027 721">
    <p class='ocr_par' dir='ltr' id='par_1_21' title="bbox 2098 648 3027 721">
     <span class='ocr_line' id='line_1_21' title="bbox 2098 648 3027 721; baseline -0.004 -17"><span class='ocrx_word' id='word_1_132' title='bbox 2098 649 2239 721; x_wconf 82' lang='grc' dir='ltr'>ἁγίῳ</span> <span class='ocrx_word' id='word_1_133' title='bbox 2271 648 2547 720; x_wconf 77' lang='grc' dir='ltr'>Πνεῦματι</span> <span class='ocrx_word' id='word_1_134' title='bbox 2579 649 3027 719; x_wconf 83' lang='grc' dir='ltr'>κεκοσμημένος;</span> 
     </span>
    </p>
   </div>
   <div class='ocr_carea' id='block_1_22' title="bbox 2168 733 3698 812">
    <p class='ocr_par' dir='ltr' id='par_1_22' title="bbox 2168 733 3698 812">
     <span class='ocr_line' id='line_1_22' title="bbox 2168 733 3698 812; baseline -0.003 -18"><span class='ocrx_word' id='word_1_135' title='bbox 2168 739 2305 812; x_wconf 76' lang='grc' dir='ltr'><strong>Φησὶ</strong></span> <span class='ocrx_word' id='word_1_136' title='bbox 2338 741 2446 812; x_wconf 86' lang='grc' dir='ltr'>γὰρ</span> <span class='ocrx_word' id='word_1_137' title='bbox 2494 740 2749 805; x_wconf 83' lang='grc' dir='ltr'><strong>Πλάτων,</strong></span> <span class='ocrx_word' id='word_1_138' title='bbox 2798 735 2867 810; x_wconf 81' lang='grc' dir='ltr'>ἦν</span> <span class='ocrx_word' id='word_1_139' title='bbox 2920 739 2964 791; x_wconf 82' lang='grc' dir='ltr'>δ’</span> <span class='ocrx_word' id='word_1_140' title='bbox 2998 739 3128 808; x_wconf 78' lang='grc' dir='ltr'>ἐγὼ,</span> <span class='ocrx_word' id='word_1_141' title='bbox 3173 737 3302 791; x_wconf 83' lang='grc' dir='ltr'>αὐτὸ</span> <span class='ocrx_word' id='word_1_142' title='bbox 3335 735 3574 791; x_wconf 84' lang='grc' dir='ltr'>τοιοῦτον</span> <span class='ocrx_word' id='word_1_143' title='bbox 3608 733 3698 790; x_wconf 85' lang='grc' dir='ltr'><strong>εἷ-</strong></span> 
     </span>
    </p>
   </div>
   <div class='ocr_carea' id='block_1_23' title="bbox 2098 827 3689 903">
    <p class='ocr_par' dir='ltr' id='par_1_23' title="bbox 2098 827 3689 903">
     <span class='ocr_line' id='line_1_23' title="bbox 2098 827 3689 903; baseline -0.004 -16"><span class='ocrx_word' id='word_1_144' title='bbox 2098 851 2187 887; x_wconf 87' lang='grc' dir='ltr'><strong>ναι</strong></span> <span class='ocrx_word' id='word_1_145' title='bbox 2216 833 2276 886; x_wconf 93' lang='grc' dir='ltr'><strong>τὸ</strong></span> <span class='ocrx_word' id='word_1_146' title='bbox 2308 833 2399 886; x_wconf 89' lang='grc' dir='ltr'><strong>τοῦ</strong></span> <span class='ocrx_word' id='word_1_147' title='bbox 2433 833 2523 885; x_wconf 89' lang='grc' dir='ltr'><strong>νοῦ</strong></span> <span class='ocrx_word' id='word_1_148' title='bbox 2557 831 2731 903; x_wconf 81' lang='grc' dir='ltr'>ὅμμα,</span> <span class='ocrx_word' id='word_1_149' title='bbox 2766 833 2861 886; x_wconf 76' lang='grc' dir='ltr'>καὶ</span> <span class='ocrx_word' id='word_1_150' title='bbox 2894 831 3029 903; x_wconf 84' lang='grc' dir='ltr'>πρὸς</span> <span class='ocrx_word' id='word_1_151' title='bbox 3062 829 3218 885; x_wconf 88' lang='grc' dir='ltr'>τοῦτο</span> <span class='ocrx_word' id='word_1_152' title='bbox 3249 827 3689 901; x_wconf 59' lang='grc' dir='ltr'>ἡμῖνρδεδόσθαι,</span> 
     </span>
    </p>
   </div>
   <div class='ocr_carea' id='block_1_24' title="bbox 2098 922 3696 997">
    <p class='ocr_par' dir='ltr' id='par_1_24' title="bbox 2098 922 3696 997">
     <span class='ocr_line' id='line_1_24' title="bbox 2098 922 3696 997; baseline -0.004 -19"><span class='ocrx_word' id='word_1_153' title='bbox 2098 926 2174 991; x_wconf 83' lang='grc' dir='ltr'><strong>ὡς</strong></span> <span class='ocrx_word' id='word_1_154' title='bbox 2221 925 2477 979; x_wconf 80' lang='grc' dir='ltr'>δύνασθαι</span> <span class='ocrx_word' id='word_1_155' title='bbox 2524 924 2762 997; x_wconf 81' lang='grc' dir='ltr'>καθορᾷν</span> <span class='ocrx_word' id='word_1_156' title='bbox 2796 926 2926 979; x_wconf 84' lang='grc' dir='ltr'>αὐτὸ</span> <span class='ocrx_word' id='word_1_157' title='bbox 2960 927 3134 979; x_wconf 79' lang='grc' dir='ltr'>ἐκεῖνο</span> <span class='ocrx_word' id='word_1_158' title='bbox 3184 922 3243 975; x_wconf 86' lang='grc' dir='ltr'><strong>τὸ</strong></span> <span class='ocrx_word' id='word_1_159' title='bbox 3293 923 3372 975; x_wconf 77' lang='grc' dir='ltr'>ὂν⁸</span> <span class='ocrx_word' id='word_1_160' title='bbox 3402 922 3696 993; x_wconf 76' lang='grc' dir='ltr'><strong>εἰλικρινεῖ</strong></span> 
     </span>
    </p>
   </div>
   <div class='ocr_carea' id='block_1_25' title="bbox 2098 1014 3692 1087">
    <p class='ocr_par' dir='ltr' id='par_1_25' title="bbox 2098 1014 3692 1087">
     <span class='ocr_line' id='line_1_25' title="bbox 2098 1014 3692 1087; baseline -0.003 -18"><span class='ocrx_word' id='word_1_161' title='bbox 2098 1015 2249 1087; x_wconf 85' lang='grc' dir='ltr'>αὐτῷ</span> <span class='ocrx_word' id='word_1_162' title='bbox 2281 1017 2493 1087; x_wconf 80' lang='grc' dir='ltr'>ἐκείνῳ,</span> <span class='ocrx_word' id='word_1_163' title='bbox 2530 1017 2558 1070; x_wconf 87' lang='grc' dir='ltr'><strong>ὂ</strong></span> <span class='ocrx_word' id='word_1_164' title='bbox 2592 1016 2710 1069; x_wconf 68' lang='grc' dir='ltr'>’τῶν</span> <span class='ocrx_word' id='word_1_165' title='bbox 2754 1016 2957 1086; x_wconf 67' lang='grc' dir='ltr'>νοητῶν</span> <span class='ocrx_word' id='word_1_166' title='bbox 3004 1016 3257 1069; x_wconf 84' lang='grc' dir='ltr'>ἁπάντων</span> <span class='ocrx_word' id='word_1_167' title='bbox 3294 1014 3439 1066; x_wconf 76' lang='grc' dir='ltr'>ἐστὶν</span> <span class='ocrx_word' id='word_1_168' title='bbox 3487 1014 3692 1076; x_wconf 75' lang='grc' dir='ltr'>αἴτιον,</span> 
     </span>
    </p>
   </div>
   <div class='ocr_carea' id='block_1_26' title="bbox 2098 1106 3695 1181">
    <p class='ocr_par' dir='ltr' id='par_1_26' title="bbox 2098 1106 3695 1181">
     <span class='ocr_line' id='line_1_26' title="bbox 2098 1106 3695 1181; baseline -0.003 -18"><span class='ocrx_word' id='word_1_169' title='bbox 2098 1110 2160 1163; x_wconf 84' lang='grc' dir='ltr'><strong>οὐ</strong></span> <span class='ocrx_word' id='word_1_170' title='bbox 2208 1109 2405 1181; x_wconf 82' lang='grc' dir='ltr'>χρῶμα</span> <span class='ocrx_word' id='word_1_171' title='bbox 2437 1110 2579 1179; x_wconf 75' lang='grc' dir='ltr'>ἔχον,</span> <span class='ocrx_word' id='word_1_172' title='bbox 2615 1111 2676 1164; x_wconf 87' lang='grc' dir='ltr'><strong>οὐ</strong></span> <span class='ocrx_word' id='word_1_173' title='bbox 2726 1110 2930 1180; x_wconf 80' lang='grc' dir='ltr'>σχῆμα,</span> <span class='ocrx_word' id='word_1_174' title='bbox 2965 1110 3026 1161; x_wconf 88' lang='grc' dir='ltr'><strong>οὐ</strong></span> <span class='ocrx_word' id='word_1_175' title='bbox 3079 1107 3328 1179; x_wconf 88' lang='grc' dir='ltr'>μέγεθος,</span> <span class='ocrx_word' id='word_1_176' title='bbox 3363 1106 3483 1160; x_wconf 83' lang='grc' dir='ltr'>οὐδὲ</span> <span class='ocrx_word' id='word_1_177' title='bbox 3526 1107 3695 1160; x_wconf 81' lang='grc' dir='ltr'>οὐδὲν</span> 
     </span>
    </p>
   </div>
   <div class='ocr_carea' id='block_1_27' title="bbox 2097 1196 3698 1272">
    <p class='ocr_par' dir='ltr' id='par_1_27' title="bbox 2097 1196 3698 1272">
     <span class='ocr_line' id='line_1_27' title="bbox 2097 1196 3698 1272; baseline -0.004 -16"><span class='ocrx_word' id='word_1_178' title='bbox 2097 1196 2172 1256; x_wconf 84' lang='grc' dir='ltr'>ὧν</span> <span class='ocrx_word' id='word_1_179' title='bbox 2205 1201 2480 1271; x_wconf 84' lang='grc' dir='ltr'>ὀφθαλμὸς</span> <span class='ocrx_word' id='word_1_180' title='bbox 2515 1201 2721 1272; x_wconf 84' lang='grc' dir='ltr'><strong>βλέπει,</strong></span> <span class='ocrx_word' id='word_1_181' title='bbox 2744 1201 2877 1254; x_wconf 82' lang='grc' dir='ltr'>ἀλλά</span> <span class='ocrx_word' id='word_1_182' title='bbox 2909 1219 2961 1253; x_wconf 88' lang='grc' dir='ltr'><strong>τι</strong></span> <span class='ocrx_word' id='word_1_183' title='bbox 2994 1200 3053 1253; x_wconf 83' lang='grc' dir='ltr'>ὃν</span> <span class='ocrx_word' id='word_1_184' title='bbox 3083 1199 3193 1270; x_wconf 90' lang='grc'>(77)</span> <span class='ocrx_word' id='word_1_185' title='bbox 3227 1199 3371 1252; x_wconf 83' lang='grc' dir='ltr'>τοῦτ’</span> <span class='ocrx_word' id='word_1_186' title='bbox 3391 1198 3539 1261; x_wconf 86' lang='grc' dir='ltr'>αὐτὸ,</span> <span class='ocrx_word' id='word_1_187' title='bbox 3576 1215 3698 1267; x_wconf 80' lang='grc' dir='ltr'><strong>φη-</strong></span> 
     </span>
    </p>
   </div>
   <div class='ocr_carea' id='block_1_28' title="bbox 2104 1288 3693 1364">
    <p class='ocr_par' dir='ltr' id='par_1_28' title="bbox 2104 1288 3693 1364">
     <span class='ocr_line' id='line_1_28' title="bbox 2104 1288 3693 1364; baseline -0.003 -19"><span class='ocrx_word' id='word_1_188' title='bbox 2104 1292 2187 1364; x_wconf 71' lang='grc' dir='ltr'>μὶ,</span> <span class='ocrx_word' id='word_1_189' title='bbox 2234 1292 2293 1345; x_wconf 82' lang='grc' dir='ltr'><strong>ὂν</strong></span> <span class='ocrx_word' id='word_1_190' title='bbox 2345 1292 2602 1346; x_wconf 80' lang='grc' dir='ltr'>ἐπέκεινα</span> <span class='ocrx_word' id='word_1_191' title='bbox 2657 1292 2836 1363; x_wconf 81' lang='grc' dir='ltr'>πάσης</span> <span class='ocrx_word' id='word_1_192' title='bbox 2890 1292 3098 1355; x_wconf 80' lang='grc' dir='ltr'>οὐσίας,</span> <span class='ocrx_word' id='word_1_193' title='bbox 3147 1291 3269 1345; x_wconf 84' lang='grc' dir='ltr'>οῦτε</span> <span class='ocrx_word' id='word_1_194' title='bbox 3321 1289 3500 1362; x_wconf 77' lang='grc' dir='ltr'>ῥητὸν,</span> <span class='ocrx_word' id='word_1_195' title='bbox 3554 1288 3693 1343; x_wconf 71' lang='grc' dir='ltr'>οὔτε</span> 
     </span>
    </p>
   </div>
   <div class='ocr_carea' id='block_1_29' title="bbox 2102 1382 3688 1457">
    <p class='ocr_par' dir='ltr' id='par_1_29' title="bbox 2102 1382 3688 1457">
     <span class='ocr_line' id='line_1_29' title="bbox 2102 1382 3688 1457; baseline -0.003 -18"><span class='ocrx_word' id='word_1_196' title='bbox 2102 1385 2418 1457; x_wconf 86' lang='grc' dir='ltr'>ἁγορευτὸν,</span> <span class='ocrx_word' id='word_1_197' title='bbox 2457 1384 2592 1437; x_wconf 81' lang='grc' dir='ltr'>ἀλλὰ</span> <span class='ocrx_word' id='word_1_198' title='bbox 2639 1386 2798 1456; x_wconf 89' lang='grc' dir='ltr'>μόνον</span> <span class='ocrx_word' id='word_1_199' title='bbox 2841 1384 3004 1438; x_wconf 87' lang='grc' dir='ltr'>καλὸν</span> <span class='ocrx_word' id='word_1_200' title='bbox 3038 1386 3131 1438; x_wconf 68' lang='grc' dir='ltr'><strong>καὶ</strong></span> <span class='ocrx_word' id='word_1_201' title='bbox 3164 1384 3384 1453; x_wconf 89' lang='grc' dir='ltr'>ἀγαθὸν,</span> <span class='ocrx_word' id='word_1_202' title='bbox 3421 1382 3688 1453; x_wconf 74' lang='grc' dir='ltr'>ἐξαίφνης</span> 
     </span>
    </p>
   </div>
   <div class='ocr_carea' id='block_1_30' title="bbox 2100 1474 3656 1547">
    <p class='ocr_par' dir='ltr' id='par_1_30' title="bbox 2100 1474 3656 1547">
     <span class='ocr_line' id='line_1_30' title="bbox 2100 1474 3656 1547; baseline -0.003 -16"><span class='ocrx_word' id='word_1_203' title='bbox 2100 1481 2216 1542; x_wconf 88' lang='grc' dir='ltr'>ταῖς</span> <span class='ocrx_word' id='word_1_204' title='bbox 2238 1474 2296 1531; x_wconf 82' lang='grc' dir='ltr'><strong>εὖ</strong></span> <span class='ocrx_word' id='word_1_205' title='bbox 2331 1478 2655 1547; x_wconf 84' lang='grc' dir='ltr'>πεφυκυίαις</span> <span class='ocrx_word' id='word_1_206' title='bbox 2685 1478 2884 1547; x_wconf 83' lang='grc' dir='ltr'>ψυχαῖς</span> <span class='ocrx_word' id='word_1_207' title='bbox 2918 1479 3263 1547; x_wconf 74' lang='grc' dir='ltr'>ἐγγινόμενον</span> <span class='ocrx_word' id='word_1_208' title='bbox 3294 1477 3379 1530; x_wconf 86' lang='grc' dir='ltr'>διὰ</span> <span class='ocrx_word' id='word_1_209' title='bbox 3394 1476 3452 1530; x_wconf 83' lang='grc' dir='ltr'><strong>τὸ</strong></span> <span class='ocrx_word' id='word_1_210' title='bbox 3483 1492 3656 1543; x_wconf 79' lang='grc' dir='ltr'>συγγε</span> 
     </span>
    </p>
   </div>
   <div class='ocr_carea' id='block_1_31' title="bbox 2100 1569 2917 1642">
    <p class='ocr_par' dir='ltr' id='par_1_31' title="bbox 2100 1569 2917 1642">
     <span class='ocr_line' id='line_1_31' title="bbox 2100 1569 2917 1642; baseline -0.001 -17"><span class='ocrx_word' id='word_1_211' title='bbox 2100 1571 2188 1635; x_wconf 84' lang='grc' dir='ltr'>νὲς</span> <span class='ocrx_word' id='word_1_212' title='bbox 2223 1570 2318 1624; x_wconf 70' lang='grc' dir='ltr'><strong>καὶ</strong></span> <span class='ocrx_word' id='word_1_213' title='bbox 2352 1570 2531 1642; x_wconf 73' lang='grc' dir='ltr'>ἔρωτα</span> <span class='ocrx_word' id='word_1_214' title='bbox 2563 1570 2655 1624; x_wconf 91' lang='grc' dir='ltr'><strong>τοῦ</strong></span> <span class='ocrx_word' id='word_1_215' title='bbox 2693 1569 2917 1624; x_wconf 82' lang='grc' dir='ltr'>ἰδέσθαι.</span> 
     </span>
    </p>
   </div>
   <div class='ocr_carea' id='block_1_32' title="bbox 2172 1743 3690 1818">
    <p class='ocr_par' dir='ltr' id='par_1_32' title="bbox 2172 1743 3690 1818">
     <span class='ocr_line' id='line_1_32' title="bbox 2172 1743 3690 1818; baseline 0.001 -19"><span class='ocrx_word' id='word_1_216' title='bbox 2172 1747 2269 1810; x_wconf 86' lang='grc' dir='ltr'><strong>Τίς</strong></span> <span class='ocrx_word' id='word_1_217' title='bbox 2320 1743 2412 1801; x_wconf 87' lang='grc' dir='ltr'><strong>οῦν</strong></span> <span class='ocrx_word' id='word_1_218' title='bbox 2462 1749 2615 1817; x_wconf 83' lang='grc' dir='ltr'>ἡμῖν,</span> <span class='ocrx_word' id='word_1_219' title='bbox 2651 1746 2822 1815; x_wconf 79' lang='grc' dir='ltr'>ἔλεγε,</span> <span class='ocrx_word' id='word_1_220' title='bbox 2872 1747 3161 1816; x_wconf 87' lang='grc' dir='ltr'>συγγένεια</span> <span class='ocrx_word' id='word_1_221' title='bbox 3215 1745 3352 1818; x_wconf 85' lang='grc' dir='ltr'>πρὸς</span> <span class='ocrx_word' id='word_1_222' title='bbox 3403 1745 3493 1799; x_wconf 86' lang='grc' dir='ltr'><strong>τὸν</strong></span> <span class='ocrx_word' id='word_1_223' title='bbox 3543 1744 3690 1800; x_wconf 75' lang='grc' dir='ltr'><strong>Θεόν</strong></span> 
     </span>
    </p>
   </div>
   <div class='ocr_carea' id='block_1_33' title="bbox 423 1813 1998 1910">
    <p class='ocr_par' dir='ltr' id='par_1_33' title="bbox 423 1837 1998 1902">
     <span class='ocr_line' id='line_1_33' title="bbox 423 1837 1998 1902; baseline -0.001 -8"><span class='ocrx_word' id='word_1_224' title='bbox 423 1855 545 1894; x_wconf 92' lang='lat' dir='ltr'><strong>cum</strong></span> <span class='ocrx_word' id='word_1_225' title='bbox 582 1839 733 1893; x_wconf 85' lang='lat' dir='ltr'><strong>Deo?</strong></span> <span class='ocrx_word' id='word_1_226' title='bbox 759 1838 898 1892; x_wconf 85' lang='lat' dir='ltr'><strong>Num</strong></span> <span class='ocrx_word' id='word_1_227' title='bbox 929 1839 1110 1891; x_wconf 90' lang='lat' dir='ltr'><strong>anima</strong></span> <span class='ocrx_word' id='word_1_228' title='bbox 1141 1838 1321 1892; x_wconf 84' lang='lat' dir='ltr'><strong>divina</strong></span> <span class='ocrx_word' id='word_1_229' title='bbox 1355 1846 1409 1891; x_wconf 91' lang='lat' dir='ltr'><strong>et</strong></span> <span class='ocrx_word' id='word_1_230' title='bbox 1445 1837 1768 1892; x_wconf 82' lang='lat' dir='ltr'><strong>immortalis</strong></span> <span class='ocrx_word' id='word_1_231' title='bbox 1810 1848 1915 1902; x_wconf 90' lang='lat' dir='ltr'><strong>est,</strong></span> <span class='ocrx_word' id='word_1_232' title='bbox 1948 1850 1998 1893; x_wconf 92' lang='lat' dir='ltr'><strong>et</strong></span> 
     </span>
    </p>
   </div>
   <div class='ocr_carea' id='block_1_34' title="bbox 2119 1813 3688 1910">
    <p class='ocr_par' dir='ltr' id='par_1_34' title="bbox 2119 1813 3688 1910">
     <span class='ocr_line' id='line_1_34' title="bbox 2119 1813 3688 1910; baseline 0.003 -22"><span class='ocrx_word' id='word_1_233' title='bbox 2119 1839 2280 1902; x_wconf 70' lang='grc' dir='ltr'>ὲστιν;</span> <span class='ocrx_word' id='word_1_234' title='bbox 2318 1839 2387 1891; x_wconf 88' lang='grc' dir='ltr'><strong>Ἦ</strong></span> <span class='ocrx_word' id='word_1_235' title='bbox 2546 1841 2579 1909; x_wconf 83' lang='grc' dir='ltr'>ἡ</span> <span class='ocrx_word' id='word_1_236' title='bbox 2614 1813 2760 1910; x_wconf 64' lang='grc' dir='ltr'>ψυχή</span> <span class='ocrx_word' id='word_1_237' title='bbox 2791 1839 2911 1894; x_wconf 87' lang='grc' dir='ltr'>Θεία</span> <span class='ocrx_word' id='word_1_238' title='bbox 2953 1813 3058 1893; x_wconf 72' lang='grc' dir='ltr'><strong>καὶ</strong></span> <span class='ocrx_word' id='word_1_239' title='bbox 3110 1813 3375 1902; x_wconf 77' lang='grc' dir='ltr'>ἀθάνατός</span> <span class='ocrx_word' id='word_1_240' title='bbox 3409 1838 3544 1904; x_wconf 74' lang='grc' dir='ltr'>ἐστι,</span> <span class='ocrx_word' id='word_1_241' title='bbox 3580 1840 3688 1893; x_wconf 77' lang='grc' dir='ltr'>καὶ</span> 
     </span>
    </p>
   </div>
   <div class='ocr_carea' id='block_1_35' title="bbox 423 1926 2003 1997">
    <p class='ocr_par' dir='ltr' id='par_1_35' title="bbox 423 1926 2003 1997">
     <span class='ocr_line' id='line_1_35' title="bbox 423 1926 2003 1997; baseline 0 -15"><span class='ocrx_word' id='word_1_242' title='bbox 423 1928 597 1997; x_wconf 89' lang='lat' dir='ltr'><strong>ipsius</strong></span> <span class='ocrx_word' id='word_1_243' title='bbox 628 1929 789 1997; x_wconf 71' lang='lat' dir='ltr'><strong>regiae</strong></span> <span class='ocrx_word' id='word_1_244' title='bbox 823 1928 969 1981; x_wconf 91' lang='lat' dir='ltr'><strong>illius</strong></span> <span class='ocrx_word' id='word_1_245' title='bbox 999 1928 1198 1980; x_wconf 90' lang='lat' dir='ltr'><strong>mentis</strong></span> <span class='ocrx_word' id='word_1_246' title='bbox 1234 1926 1539 1995; x_wconf 89' lang='lat' dir='ltr'><strong>particula;</strong></span> <span class='ocrx_word' id='word_1_247' title='bbox 1566 1935 1622 1980; x_wconf 92' lang='lat' dir='ltr'><strong>et</strong></span> <span class='ocrx_word' id='word_1_248' title='bbox 1649 1928 2003 1995; x_wconf 90' lang='lat' dir='ltr'><strong>quemadmo-</strong></span> 
     </span>
    </p>
   </div>
   <div class='ocr_carea' id='block_1_36' title="bbox 422 2016 2004 2083">
    <p class='ocr_par' dir='ltr' id='par_1_36' title="bbox 422 2016 2004 2083">
     <span class='ocr_line' id='line_1_36' title="bbox 422 2016 2004 2083; baseline -0.003 -10"><span class='ocrx_word' id='word_1_249' title='bbox 422 2019 552 2073; x_wconf 90' lang='lat' dir='ltr'><strong>dum</strong></span> <span class='ocrx_word' id='word_1_250' title='bbox 599 2018 687 2071; x_wconf 84' lang='lat' dir='ltr'><strong>illa</strong></span> <span class='ocrx_word' id='word_1_251' title='bbox 722 2018 892 2072; x_wconf 92' lang='lat' dir='ltr'><strong>Deum</strong></span> <span class='ocrx_word' id='word_1_252' title='bbox 944 2017 1115 2079; x_wconf 82' lang='lat' dir='ltr'><strong>videt,</strong></span> <span class='ocrx_word' id='word_1_253' title='bbox 1170 2016 1243 2068; x_wconf 91' lang='lat' dir='ltr'><strong>ita</strong></span> <span class='ocrx_word' id='word_1_254' title='bbox 1279 2016 1537 2083; x_wconf 87' lang='lat' dir='ltr'><strong>censequi</strong></span> <span class='ocrx_word' id='word_1_255' title='bbox 1582 2030 1892 2083; x_wconf 90' lang='lat' dir='ltr'><strong>possumus,</strong></span> <span class='ocrx_word' id='word_1_256' title='bbox 1944 2026 2004 2069; x_wconf 93' lang='lat' dir='ltr'><strong>ut</strong></span> 
     </span>
    </p>
   </div>
   <div class='ocr_carea' id='block_1_37' title="bbox 422 2108 2005 2177">
    <p class='ocr_par' dir='ltr' id='par_1_37' title="bbox 422 2108 2005 2177">
     <span class='ocr_line' id='line_1_37' title="bbox 422 2108 2005 2177; baseline -0.001 -12"><span class='ocrx_word' id='word_1_257' title='bbox 422 2119 604 2165; x_wconf 88' lang='lat' dir='ltr'><strong>mente</strong></span> <span class='ocrx_word' id='word_1_258' title='bbox 637 2119 825 2164; x_wconf 88' lang='lat' dir='ltr'><strong>nostra</strong></span> <span class='ocrx_word' id='word_1_259' title='bbox 853 2108 1097 2161; x_wconf 89' lang='lat' dir='ltr'><strong>divinum</strong></span> <span class='ocrx_word' id='word_1_260' title='bbox 1145 2123 1343 2161; x_wconf 90' lang='lat' dir='ltr'><strong>numen</strong></span> <span class='ocrx_word' id='word_1_261' title='bbox 1390 2110 1805 2177; x_wconf 88' lang='lat' dir='ltr'><strong>complectatur,</strong></span> <span class='ocrx_word' id='word_1_262' title='bbox 1840 2118 2005 2177; x_wconf 83' lang='lat' dir='ltr'><strong>atque</strong></span> 
     </span>
    </p>
   </div>
   <div class='ocr_carea' id='block_1_38' title="bbox 422 2200 1120 2273">
    <p class='ocr_par' dir='ltr' id='par_1_38' title="bbox 422 2200 1120 2273">
     <span class='ocr_line' id='line_1_38' title="bbox 422 2200 1120 2273; baseline -0.009 -15"><span class='ocrx_word' id='word_1_263' title='bbox 422 2204 549 2258; x_wconf 86' lang='lat' dir='ltr'><strong>inde</strong></span> <span class='ocrx_word' id='word_1_264' title='bbox 574 2204 685 2273; x_wconf 85' lang='lat' dir='ltr'><strong>jam</strong></span> <span class='ocrx_word' id='word_1_265' title='bbox 733 2201 903 2256; x_wconf 90' lang='lat' dir='ltr'><strong>simus</strong></span> <span class='ocrx_word' id='word_1_266' title='bbox 926 2200 1068 2253; x_wconf 88' lang='lat' dir='ltr'><strong>beati</strong></span> <span class='ocrx_word' id='word_1_267' title='bbox 1095 2200 1120 2253; x_wconf 73' lang='grc' dir='ltr'><strong><em>τ</em></strong></span> 
     </span>
    </p>
   </div>
   <div class='ocr_carea' id='block_1_39' title="bbox 492 2293 1042 2361">
    <p class='ocr_par' dir='ltr' id='par_1_39' title="bbox 492 2293 1042 2361">
     <span class='ocr_line' id='line_1_39' title="bbox 492 2293 1042 2361; baseline -0.015 -9"><span class='ocrx_word' id='word_1_268' title='bbox 492 2296 749 2357; x_wconf 92' lang='lat' dir='ltr'><strong>Omnino,</strong></span> <span class='ocrx_word' id='word_1_269' title='bbox 794 2293 1042 2361; x_wconf 86' lang='lat' dir='ltr'><strong>inquam.</strong></span> 
     </span>
    </p>
   </div>
   <div class='ocr_carea' id='block_1_40' title="bbox 495 2383 2003 2453">
    <p class='ocr_par' dir='ltr' id='par_1_40' title="bbox 495 2383 2003 2453">
     <span class='ocr_line' id='line_1_40' title="bbox 495 2383 2003 2453; baseline 0 -12"><span class='ocrx_word' id='word_1_270' title='bbox 495 2386 634 2441; x_wconf 83' lang='lat' dir='ltr'><strong>Num</strong></span> <span class='ocrx_word' id='word_1_271' title='bbox 668 2386 796 2441; x_wconf 89' lang='lat' dir='ltr'><strong>illud</strong></span> <span class='ocrx_word' id='word_1_272' title='bbox 821 2386 986 2440; x_wconf 91' lang='lat' dir='ltr'><strong>etiam</strong></span> <span class='ocrx_word' id='word_1_273' title='bbox 1019 2384 1496 2453; x_wconf 88' lang='lat' dir='ltr'><strong>comprehendunt</strong></span> <span class='ocrx_word' id='word_1_274' title='bbox 1532 2383 1728 2439; x_wconf 71' lang='lat' dir='ltr'><strong>anima:</strong></span> <span class='ocrx_word' id='word_1_275' title='bbox 1757 2388 2003 2441; x_wconf 91' lang='lat' dir='ltr'><strong>omnium</strong></span> 
     </span>
    </p>
   </div>
   <div class='ocr_carea' id='block_1_41' title="bbox 433 2476 2004 2545">
    <p class='ocr_par' dir='ltr' id='par_1_41' title="bbox 433 2476 2004 2545">
     <span class='ocr_line' id='line_1_41' title="bbox 433 2476 2004 2545; baseline 0.001 -13"><span class='ocrx_word' id='word_1_276' title='bbox 433 2477 780 2541; x_wconf 80' lang='lat' dir='ltr'><strong>animalium,</strong></span> <span class='ocrx_word' id='word_1_277' title='bbox 830 2476 1207 2545; x_wconf 78' lang='lat' dir='ltr'><strong>interrogabat</strong></span> <span class='ocrx_word' id='word_1_278' title='bbox 1238 2477 1325 2531; x_wconf 91' lang='lat' dir='ltr'><strong>ille</strong></span> <span class='ocrx_word' id='word_1_279' title='bbox 1364 2491 1432 2530; x_wconf 88' lang='lat' dir='ltr'><strong>an</strong></span> <span class='ocrx_word' id='word_1_280' title='bbox 1466 2476 1571 2530; x_wconf 84' lang='lat' dir='ltr'><strong>alia</strong></span> <span class='ocrx_word' id='word_1_281' title='bbox 1609 2477 1844 2532; x_wconf 86' lang='lat' dir='ltr'><strong>hominis</strong></span> <span class='ocrx_word' id='word_1_282' title='bbox 1885 2479 2004 2533; x_wconf 80' lang='lat' dir='ltr'><strong>ani-</strong></span> 
     </span>
    </p>
   </div>
   <div class='ocr_carea' id='block_1_42' title="bbox 424 2569 1122 2639">
    <p class='ocr_par' dir='ltr' id='par_1_42' title="bbox 424 2569 1122 2639">
     <span class='ocr_line' id='line_1_42' title="bbox 424 2569 1122 2639; baseline -0.007 -13"><span class='ocrx_word' id='word_1_283' title='bbox 424 2587 539 2637; x_wconf 91' lang='lat' dir='ltr'><strong>ma,</strong></span> <span class='ocrx_word' id='word_1_284' title='bbox 569 2570 673 2624; x_wconf 85' lang='lat' dir='ltr'><strong>alia</strong></span> <span class='ocrx_word' id='word_1_285' title='bbox 699 2569 822 2639; x_wconf 90' lang='lat' dir='ltr'><strong>equi</strong></span> <span class='ocrx_word' id='word_1_286' title='bbox 856 2578 913 2624; x_wconf 90' lang='lat' dir='ltr'><strong>et</strong></span> <span class='ocrx_word' id='word_1_287' title='bbox 945 2569 1122 2623; x_wconf 85' lang='lat' dir='ltr'><strong>asini?</strong></span> 
     </span>
    </p>
   </div>
   <div class='ocr_carea' id='block_1_43' title="bbox 495 2660 1934 2730">
    <p class='ocr_par' dir='ltr' id='par_1_43' title="bbox 495 2660 1934 2730">
     <span class='ocr_line' id='line_1_43' title="bbox 495 2660 1934 2730; baseline 0.001 -15"><span class='ocrx_word' id='word_1_288' title='bbox 495 2662 737 2725; x_wconf 80' lang='lat' dir='ltr'><strong>Minime,</strong></span> <span class='ocrx_word' id='word_1_289' title='bbox 774 2662 1028 2730; x_wconf 89' lang='lat' dir='ltr'><strong>inquam;</strong></span> <span class='ocrx_word' id='word_1_290' title='bbox 1062 2660 1155 2714; x_wconf 91' lang='lat' dir='ltr'><strong>sed</strong></span> <span class='ocrx_word' id='word_1_291' title='bbox 1182 2662 1385 2715; x_wconf 57' lang='lat' dir='ltr'><strong>eaedem</strong></span> <span class='ocrx_word' id='word_1_292' title='bbox 1420 2670 1547 2715; x_wconf 88' lang='lat' dir='ltr'><strong>sunt</strong></span> <span class='ocrx_word' id='word_1_293' title='bbox 1576 2660 1630 2714; x_wconf 93' lang='lat' dir='ltr'><strong>in</strong></span> <span class='ocrx_word' id='word_1_294' title='bbox 1661 2662 1934 2717; x_wconf 87' lang='lat' dir='ltr'><strong>omnibus.</strong></span> 
     </span>
    </p>
   </div>
   <div class='ocr_carea' id='block_1_44' title="bbox 494 2753 2005 2823">
    <p class='ocr_par' dir='ltr' id='par_1_44' title="bbox 494 2753 2005 2823">
     <span class='ocr_line' id='line_1_44' title="bbox 494 2753 2005 2823; baseline 0.002 -16"><span class='ocrx_word' id='word_1_295' title='bbox 494 2754 773 2808; x_wconf 81' lang='lat' dir='ltr'><strong>Videbunt</strong></span> <span class='ocrx_word' id='word_1_296' title='bbox 806 2754 995 2820; x_wconf 84' lang='lat' dir='ltr'><strong>igitur,</strong></span> <span class='ocrx_word' id='word_1_297' title='bbox 1041 2753 1241 2822; x_wconf 91' lang='lat' dir='ltr'><strong>inquit,</strong></span> <span class='ocrx_word' id='word_1_298' title='bbox 1278 2753 1405 2823; x_wconf 90' lang='lat' dir='ltr'><strong>equi</strong></span> <span class='ocrx_word' id='word_1_299' title='bbox 1434 2764 1491 2808; x_wconf 90' lang='lat' dir='ltr'><strong>et</strong></span> <span class='ocrx_word' id='word_1_300' title='bbox 1520 2753 1687 2819; x_wconf 88' lang='lat' dir='ltr'><strong>asini,</strong></span> <span class='ocrx_word' id='word_1_301' title='bbox 1730 2763 1823 2809; x_wconf 87' lang='lat' dir='ltr'><strong>aut</strong></span> <span class='ocrx_word' id='word_1_302' title='bbox 1856 2754 2005 2809; x_wconf 86' lang='lat' dir='ltr'><strong>vide-</strong></span> 
     </span>
    </p>
   </div>
   <div class='ocr_carea' id='block_1_45' title="bbox 423 2841 1103 2910">
    <p class='ocr_par' dir='ltr' id='par_1_45' title="bbox 423 2841 1103 2910">
     <span class='ocr_line' id='line_1_45' title="bbox 423 2841 1103 2910; baseline -0.001 -15"><span class='ocrx_word' id='word_1_303' title='bbox 423 2850 552 2895; x_wconf 83' lang='lat' dir='ltr'><strong>runt</strong></span> <span class='ocrx_word' id='word_1_304' title='bbox 580 2841 749 2896; x_wconf 91' lang='lat' dir='ltr'><strong>Deum</strong></span> <span class='ocrx_word' id='word_1_305' title='bbox 772 2841 1103 2910; x_wconf 80' lang='lat' dir='ltr'><strong>aliquando?</strong></span> 
     </span>
    </p>
   </div>
   <div class='ocr_carea' id='block_1_46' title="bbox 495 2930 2004 3003">
    <p class='ocr_par' dir='ltr' id='par_1_46' title="bbox 495 2930 2004 3003">
     <span class='ocr_line' id='line_1_46' title="bbox 495 2930 2004 3003; baseline 0.003 -18"><span class='ocrx_word' id='word_1_306' title='bbox 495 2930 612 2985; x_wconf 80' lang='lat' dir='ltr'><strong>Non</strong></span> <span class='ocrx_word' id='word_1_307' title='bbox 656 2946 817 2995; x_wconf 83' lang='lat' dir='ltr'><strong>sane,</strong></span> <span class='ocrx_word' id='word_1_308' title='bbox 877 2932 1133 3001; x_wconf 88' lang='lat' dir='ltr'><strong>inquam;</strong></span> <span class='ocrx_word' id='word_1_309' title='bbox 1180 2946 1302 2986; x_wconf 89' lang='lat' dir='ltr'><strong>nam</strong></span> <span class='ocrx_word' id='word_1_310' title='bbox 1346 2947 1414 2989; x_wconf 94' lang='lat' dir='ltr'><strong>ne</strong></span> <span class='ocrx_word' id='word_1_311' title='bbox 1462 2932 1742 2988; x_wconf 86' lang='lat' dir='ltr'><strong>hominum</strong></span> <span class='ocrx_word' id='word_1_312' title='bbox 1788 2934 2004 3003; x_wconf 86' lang='lat' dir='ltr'><strong>quidem</strong></span> 
     </span>
    </p>
   </div>
   <div class='ocr_carea' id='block_1_47' title="bbox 425 3022 2004 3096">
    <p class='ocr_par' dir='ltr' id='par_1_47' title="bbox 425 3022 2004 3096">
     <span class='ocr_line' id='line_1_47' title="bbox 425 3022 2004 3096; baseline 0.004 -23"><span class='ocrx_word' id='word_1_313' title='bbox 425 3023 619 3093; x_wconf 80' lang='lat' dir='ltr'><strong>vulgus</strong></span> <span class='ocrx_word' id='word_1_314' title='bbox 646 3041 661 3087; x_wconf 90' lang='lat'><strong>;</strong></span> <span class='ocrx_word' id='word_1_315' title='bbox 698 3023 792 3077; x_wconf 90' lang='lat' dir='ltr'><strong>sed</strong></span> <span class='ocrx_word' id='word_1_316' title='bbox 820 3032 1028 3076; x_wconf 88' lang='lat' dir='ltr'><strong>tantum</strong></span> <span class='ocrx_word' id='word_1_317' title='bbox 1058 3022 1103 3076; x_wconf 90' lang='lat' dir='ltr'><strong>si</strong></span> <span class='ocrx_word' id='word_1_318' title='bbox 1139 3022 1264 3090; x_wconf 91' lang='lat' dir='ltr'><strong>quis</strong></span> <span class='ocrx_word' id='word_1_319' title='bbox 1284 3022 1431 3091; x_wconf 89' lang='lat' dir='ltr'><strong>juste</strong></span> <span class='ocrx_word' id='word_1_320' title='bbox 1459 3024 1677 3091; x_wconf 80' lang='lat' dir='ltr'><strong>vixerit,</strong></span> <span class='ocrx_word' id='word_1_321' title='bbox 1708 3040 1773 3079; x_wconf 90' lang='lat' dir='ltr'><strong>ac</strong></span> <span class='ocrx_word' id='word_1_322' title='bbox 1796 3026 2004 3096; x_wconf 87' lang='lat' dir='ltr'><strong>justitia</strong></span> 
     </span>
    </p>
   </div>
   <div class='ocr_carea' id='block_1_48' title="bbox 360 3106 1874 3182">
    <p class='ocr_par' dir='ltr' id='par_1_48' title="bbox 360 3106 1874 3182">
     <span class='ocr_line' id='line_1_48' title="bbox 360 3106 1874 3182; baseline 0.005 -14"><span class='ocrx_word' id='word_1_323' title='bbox 360 3106 365 3111; x_wconf 70' lang='grc'><em>’</em></span> <span class='ocrx_word' id='word_1_324' title='bbox 424 3114 753 3182; x_wconf 68' lang='grc' dir='ltr'>εωιοιίειιιιο</span> <span class='ocrx_word' id='word_1_325' title='bbox 781 3114 1039 3168; x_wconf 88' lang='lat' dir='ltr'><strong>omnibus</strong></span> <span class='ocrx_word' id='word_1_326' title='bbox 1067 3114 1359 3169; x_wconf 79' lang='lat' dir='ltr'><strong>virtutibus</strong></span> <span class='ocrx_word' id='word_1_327' title='bbox 1393 3116 1657 3171; x_wconf 88' lang='lat' dir='ltr'><strong>lustratus</strong></span> <span class='ocrx_word' id='word_1_328' title='bbox 1689 3117 1874 3175; x_wconf 82' lang='lat' dir='ltr'><strong>fuerit.</strong></span> 
     </span>
    </p>
   </div>
   <div class='ocr_carea' id='block_1_49' title="bbox 497 3204 2004 3279">
    <p class='ocr_par' dir='ltr' id='par_1_49' title="bbox 497 3204 2004 3279">
     <span class='ocr_line' id='line_1_49' title="bbox 497 3204 2004 3279; baseline 0.003 -21"><span class='ocrx_word' id='word_1_329' title='bbox 497 3205 611 3260; x_wconf 87' lang='lat' dir='ltr'><strong>Non</strong></span> <span class='ocrx_word' id='word_1_330' title='bbox 639 3204 751 3272; x_wconf 88' lang='lat' dir='ltr'><strong>jam</strong></span> <span class='ocrx_word' id='word_1_331' title='bbox 787 3221 939 3275; x_wconf 84' lang='lat' dir='ltr'><strong>ergo,</strong></span> <span class='ocrx_word' id='word_1_332' title='bbox 976 3206 1147 3275; x_wconf 87' lang='lat' dir='ltr'><strong>inquit</strong></span> <span class='ocrx_word' id='word_1_333' title='bbox 1176 3205 1285 3269; x_wconf 90' lang='lat' dir='ltr'><strong>ille,</strong></span> <span class='ocrx_word' id='word_1_334' title='bbox 1339 3217 1568 3276; x_wconf 88' lang='lat' dir='ltr'><strong>propter</strong></span> <span class='ocrx_word' id='word_1_335' title='bbox 1622 3209 2004 3279; x_wconf 84' lang='lat' dir='ltr'><strong>cognationem</strong></span> 
     </span>
    </p>
   </div>
   <div class='ocr_carea' id='block_1_50' title="bbox 423 3297 2005 3370">
    <p class='ocr_par' dir='ltr' id='par_1_50' title="bbox 423 3297 2005 3370">
     <span class='ocr_line' id='line_1_50' title="bbox 423 3297 2005 3370; baseline 0.002 -19"><span class='ocrx_word' id='word_1_336' title='bbox 423 3297 575 3351; x_wconf 72' lang='lat' dir='ltr'><strong>videt</strong></span> <span class='ocrx_word' id='word_1_337' title='bbox 639 3297 840 3361; x_wconf 89' lang='lat' dir='ltr'><strong>Deum,</strong></span> <span class='ocrx_word' id='word_1_338' title='bbox 898 3310 1073 3365; x_wconf 93' lang='lat' dir='ltr'><strong>neque</strong></span> <span class='ocrx_word' id='word_1_339' title='bbox 1120 3311 1187 3351; x_wconf 87' lang='lat' dir='ltr'><strong>eo</strong></span> <span class='ocrx_word' id='word_1_340' title='bbox 1228 3298 1373 3365; x_wconf 88' lang='lat' dir='ltr'><strong>quod</strong></span> <span class='ocrx_word' id='word_1_341' title='bbox 1408 3314 1562 3354; x_wconf 90' lang='lat' dir='ltr'><strong>mens</strong></span> <span class='ocrx_word' id='word_1_342' title='bbox 1604 3299 1707 3365; x_wconf 89' lang='lat' dir='ltr'><strong>sit,</strong></span> <span class='ocrx_word' id='word_1_343' title='bbox 1757 3301 1851 3355; x_wconf 87' lang='lat' dir='ltr'><strong>sed</strong></span> <span class='ocrx_word' id='word_1_344' title='bbox 1879 3301 2005 3370; x_wconf 87' lang='lat' dir='ltr'><strong>quia</strong></span> 
     </span>
    </p>
   </div>
   <div class='ocr_carea' id='block_1_51' title="bbox 427 3388 1038 3457">
    <p class='ocr_par' dir='ltr' id='par_1_51' title="bbox 427 3388 1038 3457">
     <span class='ocr_line' id='line_1_51' title="bbox 427 3388 1038 3457; baseline 0 -16"><span class='ocrx_word' id='word_1_345' title='bbox 427 3398 742 3455; x_wconf 86' lang='lat' dir='ltr'><strong>temperans</strong></span> <span class='ocrx_word' id='word_1_346' title='bbox 776 3397 830 3442; x_wconf 91' lang='lat' dir='ltr'><strong>et</strong></span> <span class='ocrx_word' id='word_1_347' title='bbox 852 3388 1038 3457; x_wconf 79' lang='lat' dir='ltr'><strong>justa?</strong></span> 
     </span>
    </p>
   </div>
   <div class='ocr_carea' id='block_1_52' title="bbox 500 3477 2011 3548">
    <p class='ocr_par' dir='ltr' id='par_1_52' title="bbox 500 3477 2011 3548">
     <span class='ocr_line' id='line_1_52' title="bbox 500 3477 2011 3548; baseline -0.002 -16"><span class='ocrx_word' id='word_1_348' title='bbox 500 3480 676 3543; x_wconf 83' lang='lat' dir='ltr'><strong>Sane,</strong></span> <span class='ocrx_word' id='word_1_349' title='bbox 726 3478 988 3548; x_wconf 85' lang='lat' dir='ltr'><strong>inquam;</strong></span> <span class='ocrx_word' id='word_1_350' title='bbox 1042 3487 1093 3533; x_wconf 90' lang='lat' dir='ltr'><strong>et</strong></span> <span class='ocrx_word' id='word_1_351' title='bbox 1128 3477 1256 3547; x_wconf 86' lang='lat' dir='ltr'><strong>quia</strong></span> <span class='ocrx_word' id='word_1_352' title='bbox 1302 3477 1468 3533; x_wconf 84' lang='lat' dir='ltr'><strong>habet</strong></span> <span class='ocrx_word' id='word_1_353' title='bbox 1507 3491 1613 3546; x_wconf 88' lang='lat' dir='ltr'><strong>quo</strong></span> <span class='ocrx_word' id='word_1_354' title='bbox 1647 3477 1814 3532; x_wconf 90' lang='lat' dir='ltr'><strong>Deum</strong></span> <span class='ocrx_word' id='word_1_355' title='bbox 1850 3477 2011 3531; x_wconf 91' lang='lat' dir='ltr'><strong>intel-</strong></span> 
     </span>
    </p>
   </div>
   <div class='ocr_carea' id='block_1_53' title="bbox 429 3566 582 3637">
    <p class='ocr_par' dir='ltr' id='par_1_53' title="bbox 429 3566 582 3637">
     <span class='ocr_line' id='line_1_53' title="bbox 429 3566 582 3637; baseline -0.007 -16"><span class='ocrx_word' id='word_1_356' title='bbox 429 3566 582 3637; x_wconf 75' lang='lat' dir='ltr'><strong>ligat.</strong></span> 
     </span>
    </p>
   </div>
   <div class='ocr_carea' id='block_1_54' title="bbox 502 3660 1796 3730">
    <p class='ocr_par' dir='ltr' id='par_1_54' title="bbox 502 3660 1796 3730">
     <span class='ocr_line' id='line_1_54' title="bbox 502 3660 1796 3730; baseline 0.001 -17"><span class='ocrx_word' id='word_1_357' title='bbox 502 3660 731 3714; x_wconf 86' lang='lat' dir='ltr'><strong>Faciunt</strong></span> <span class='ocrx_word' id='word_1_358' title='bbox 754 3661 1011 3730; x_wconf 89' lang='lat' dir='ltr'><strong>cuiquam</strong></span> <span class='ocrx_word' id='word_1_359' title='bbox 1044 3660 1301 3729; x_wconf 89' lang='lat' dir='ltr'><strong>injuriam</strong></span> <span class='ocrx_word' id='word_1_360' title='bbox 1331 3675 1511 3730; x_wconf 72' lang='lat' dir='ltr'><strong>capra:</strong></span> <span class='ocrx_word' id='word_1_361' title='bbox 1537 3668 1592 3715; x_wconf 91' lang='lat' dir='ltr'><strong>et</strong></span> <span class='ocrx_word' id='word_1_362' title='bbox 1618 3660 1796 3715; x_wconf 81' lang='lat' dir='ltr'><strong>oves?</strong></span> 
     </span>
    </p>
   </div>
   <div class='ocr_carea' id='block_1_55' title="bbox 500 3751 1421 3827">
    <p class='ocr_par' dir='ltr' id='par_1_55' title="bbox 500 3751 1421 3827">
     <span class='ocr_line' id='line_1_55' title="bbox 500 3751 1421 3827; baseline 0 -21"><span class='ocrx_word' id='word_1_363' title='bbox 500 3753 715 3806; x_wconf 84' lang='lat' dir='ltr'><strong>Nemini</strong></span> <span class='ocrx_word' id='word_1_364' title='bbox 751 3751 1016 3820; x_wconf 84' lang='lat' dir='ltr'><strong>profecto,</strong></span> <span class='ocrx_word' id='word_1_365' title='bbox 1048 3752 1290 3820; x_wconf 90' lang='lat' dir='ltr'><strong>inquam.</strong></span> <span class='ocrx_word' id='word_1_366' title='bbox 1411 3814 1421 3827; x_wconf 80' lang='lat'><strong>_</strong></span> 
     </span>
    </p>
   </div>
   <div class='ocr_carea' id='block_1_56' title="bbox 500 3839 2008 3909">
    <p class='ocr_par' dir='ltr' id='par_1_56' title="bbox 500 3839 2008 3909">
     <span class='ocr_line' id='line_1_56' title="bbox 500 3839 2008 3909; baseline 0 -13"><span class='ocrx_word' id='word_1_367' title='bbox 500 3842 770 3896; x_wconf 77' lang='lat' dir='ltr'><strong>Videbunt</strong></span> <span class='ocrx_word' id='word_1_368' title='bbox 798 3856 952 3909; x_wconf 87' lang='lat' dir='ltr'><strong>ergo,</strong></span> <span class='ocrx_word' id='word_1_369' title='bbox 987 3841 1185 3909; x_wconf 85' lang='lat' dir='ltr'><strong>inquit,</strong></span> <span class='ocrx_word' id='word_1_370' title='bbox 1208 3839 1506 3896; x_wconf 86' lang='lat' dir='ltr'><strong>secundum</strong></span> <span class='ocrx_word' id='word_1_371' title='bbox 1535 3849 1682 3894; x_wconf 89' lang='lat' dir='ltr'><strong>tuam</strong></span> <span class='ocrx_word' id='word_1_372' title='bbox 1710 3839 2008 3896; x_wconf 89' lang='lat' dir='ltr'><strong>ratiocina-</strong></span> 
     </span>
    </p>
   </div>
   <div class='ocr_carea' id='block_1_57' title="bbox 430 3932 1231 3993">
    <p class='ocr_par' dir='ltr' id='par_1_57' title="bbox 430 3932 1231 3993">
     <span class='ocr_line' id='line_1_57' title="bbox 430 3932 1231 3993; baseline -0.001 -6"><span class='ocrx_word' id='word_1_373' title='bbox 430 3934 634 3993; x_wconf 66' lang='lat' dir='ltr'><strong>tionem</strong></span> <span class='ocrx_word' id='word_1_374' title='bbox 672 3943 728 3986; x_wconf 91' lang='lat' dir='ltr'><strong>et</strong></span> <span class='ocrx_word' id='word_1_375' title='bbox 761 3932 867 3987; x_wconf 91' lang='lat' dir='ltr'><strong>ista</strong></span> <span class='ocrx_word' id='word_1_376' title='bbox 912 3933 1231 3986; x_wconf 88' lang='lat' dir='ltr'><strong>animantia.</strong></span> 
     </span>
    </p>
   </div>
   <div class='ocr_carea' id='block_1_58' title="bbox 504 4022 2009 4097">
    <p class='ocr_par' dir='ltr' id='par_1_58' title="bbox 504 4022 2009 4097">
     <span class='ocr_line' id='line_1_58' title="bbox 504 4022 2009 4097; baseline 0.004 -20"><span class='ocrx_word' id='word_1_377' title='bbox 504 4022 726 4079; x_wconf 81' lang='lat' dir='ltr'><strong>Minime</strong></span> <span class='ocrx_word' id='word_1_378' title='bbox 752 4042 766 4091; x_wconf 91' lang='lat'>;</span> <span class='ocrx_word' id='word_1_379' title='bbox 788 4026 897 4080; x_wconf 92' lang='lat' dir='ltr'><strong>illis</strong></span> <span class='ocrx_word' id='word_1_380' title='bbox 923 4027 1069 4081; x_wconf 91' lang='lat' dir='ltr'><strong>enim</strong></span> <span class='ocrx_word' id='word_1_381' title='bbox 1106 4041 1328 4095; x_wconf 88' lang='lat' dir='ltr'><strong>corpus,</strong></span> <span class='ocrx_word' id='word_1_382' title='bbox 1359 4041 1483 4081; x_wconf 87' lang='lat' dir='ltr'><strong>cum</strong></span> <span class='ocrx_word' id='word_1_383' title='bbox 1540 4028 1649 4083; x_wconf 88' lang='lat' dir='ltr'><strong>tale</strong></span> <span class='ocrx_word' id='word_1_384' title='bbox 1695 4027 1808 4095; x_wconf 90' lang='lat' dir='ltr'><strong>sit,</strong></span> <span class='ocrx_word' id='word_1_385' title='bbox 1838 4029 2009 4097; x_wconf 87' lang='lat' dir='ltr'><strong>impe-</strong></span> 
     </span>
    </p>
   </div>
   <div class='ocr_carea' id='block_1_59' title="bbox 431 4118 803 4174">
    <p class='ocr_par' dir='ltr' id='par_1_59' title="bbox 431 4118 803 4174">
     <span class='ocr_line' id='line_1_59' title="bbox 431 4118 803 4174; baseline 0.005 -3"><span class='ocrx_word' id='word_1_386' title='bbox 431 4118 674 4172; x_wconf 88' lang='lat' dir='ltr'><strong>dimento</strong></span> <span class='ocrx_word' id='word_1_387' title='bbox 696 4130 803 4174; x_wconf 84' lang='lat' dir='ltr'><strong>est.</strong></span> 
     </span>
    </p>
   </div>
   <div class='ocr_carea' id='block_1_60' title="bbox 504 4208 2005 4283">
    <p class='ocr_par' dir='ltr' id='par_1_60' title="bbox 504 4208 2005 4283">
     <span class='ocr_line' id='line_1_60' title="bbox 504 4208 2005 4283; baseline 0.005 -19"><span class='ocrx_word' id='word_1_388' title='bbox 504 4208 561 4264; x_wconf 92' lang='lat' dir='ltr'><strong>Si</strong></span> <span class='ocrx_word' id='word_1_389' title='bbox 593 4226 778 4265; x_wconf 81' lang='lat' dir='ltr'><strong>vocem</strong></span> <span class='ocrx_word' id='word_1_390' title='bbox 810 4210 1088 4280; x_wconf 84' lang='lat' dir='ltr'><strong>accipiant</strong></span> <span class='ocrx_word' id='word_1_391' title='bbox 1124 4213 1241 4267; x_wconf 68' lang='lat' dir='ltr'><strong>haec</strong></span> <span class='ocrx_word' id='word_1_392' title='bbox 1293 4212 1617 4278; x_wconf 87' lang='lat' dir='ltr'><strong>animantia,</strong></span> <span class='ocrx_word' id='word_1_393' title='bbox 1672 4214 1847 4283; x_wconf 91' lang='lat' dir='ltr'><strong>inquit</strong></span> <span class='ocrx_word' id='word_1_394' title='bbox 1896 4214 2005 4281; x_wconf 89' lang='lat' dir='ltr'><strong>ille,</strong></span> 
     </span>
    </p>
   </div>
   <div class='ocr_carea' id='block_1_61' title="bbox 432 4302 2006 4376">
    <p class='ocr_par' dir='ltr' id='par_1_61' title="bbox 432 4302 2006 4376">
     <span class='ocr_line' id='line_1_61' title="bbox 432 4302 2006 4376; baseline 0.003 -21"><span class='ocrx_word' id='word_1_395' title='bbox 432 4304 601 4372; x_wconf 90' lang='lat' dir='ltr'><strong>probe</strong></span> <span class='ocrx_word' id='word_1_396' title='bbox 635 4303 785 4357; x_wconf 87' lang='lat' dir='ltr'><strong>scias</strong></span> <span class='ocrx_word' id='word_1_397' title='bbox 816 4302 987 4358; x_wconf 90' lang='lat' dir='ltr'><strong>multo</strong></span> <span class='ocrx_word' id='word_1_398' title='bbox 1020 4304 1222 4373; x_wconf 88' lang='lat' dir='ltr'><strong>potiori</strong></span> <span class='ocrx_word' id='word_1_399' title='bbox 1249 4302 1378 4371; x_wconf 85' lang='lat' dir='ltr'><strong>jure</strong></span> <span class='ocrx_word' id='word_1_400' title='bbox 1428 4304 1738 4359; x_wconf 84' lang='lat' dir='ltr'><strong>convicium</strong></span> <span class='ocrx_word' id='word_1_401' title='bbox 1790 4306 2006 4376; x_wconf 88' lang='lat' dir='ltr'><strong>corpori</strong></span> 
     </span>
    </p>
   </div>
   <div class='ocr_carea' id='block_1_62' title="bbox 502 4440 1180 4513">
    <p class='ocr_par' dir='ltr' id='par_1_62' title="bbox 502 4440 1180 4513">
     <span class='ocr_line' id='line_1_62' title="bbox 502 4440 1180 4513; baseline 0.001 -17"><span class='ocrx_word' id='word_1_402' title='bbox 502 4442 547 4474; x_wconf 81' lang='lat'><strong>&#39;°</strong></span> <span class='ocrx_word' id='word_1_403' title='bbox 593 4442 647 4497; x_wconf 86' lang='lat' dir='ltr'><strong>In</strong></span> <span class='ocrx_word' id='word_1_404' title='bbox 686 4440 977 4508; x_wconf 64' lang='lat' dir='ltr'><strong>Phaedone,</strong></span> <span class='ocrx_word' id='word_1_405' title='bbox 1006 4458 1059 4513; x_wconf 90' lang='lat' dir='ltr'><strong>p.</strong></span> <span class='ocrx_word' id='word_1_406' title='bbox 1088 4442 1180 4497; x_wconf 83' lang='lat'><strong>65.</strong></span> 
     </span>
    </p>
   </div>
   <div class='ocr_carea' id='block_1_63' title="bbox 502 4552 1198 4626">
    <p class='ocr_par' dir='ltr' id='par_1_63' title="bbox 502 4552 1198 4626">
     <span class='ocr_line' id='line_1_63' title="bbox 502 4552 1198 4626; baseline 0 0"><span class='ocrx_word' id='word_1_407' title='bbox 502 4552 612 4626; x_wconf 85' lang='grc'>(76)</span> <span class='ocrx_word' id='word_1_408' title='bbox 659 4558 719 4607; x_wconf 84' lang='lat'><strong>&#39;0</strong></span> <span class='ocrx_word' id='word_1_409' title='bbox 740 4556 845 4626; x_wconf 70' lang='lat' dir='ltr'><strong>wi-</strong></span> <span class='ocrx_word' id='word_1_410' title='bbox 888 4555 1198 4626; x_wconf 60' lang='lat' dir='ltr'><strong>Lee-ﬂm-</strong></span> 
     </span>
    </p>
   </div>
   <div class='ocr_carea' id='block_1_64' title="bbox 2099 1929 3687 2002">
    <p class='ocr_par' dir='ltr' id='par_1_64' title="bbox 2099 1929 3687 2002">
     <span class='ocr_line' id='line_1_64' title="bbox 2099 1929 3687 2002; baseline -0.001 -18"><span class='ocrx_word' id='word_1_411' title='bbox 2099 1929 2264 1984; x_wconf 87' lang='grc' dir='ltr'>αὐτοῦ</span> <span class='ocrx_word' id='word_1_412' title='bbox 2298 1929 2507 1985; x_wconf 78' lang='grc' dir='ltr'>ἐκείνου</span> <span class='ocrx_word' id='word_1_413' title='bbox 2538 1931 2629 1984; x_wconf 88' lang='grc' dir='ltr'><strong>τοῦ</strong></span> <span class='ocrx_word' id='word_1_414' title='bbox 2663 1930 2941 2001; x_wconf 79' lang='grc' dir='ltr'>βασιλικοῦ</span> <span class='ocrx_word' id='word_1_415' title='bbox 2974 1930 3066 1985; x_wconf 91' lang='grc' dir='ltr'><strong>νοῦ</strong></span> <span class='ocrx_word' id='word_1_416' title='bbox 3104 1930 3214 2002; x_wconf 87' lang='grc'>(78)</span> <span class='ocrx_word' id='word_1_417' title='bbox 3268 1931 3457 2002; x_wconf 80' lang='grc' dir='ltr'>μέρος;</span> <span class='ocrx_word' id='word_1_418' title='bbox 3503 1931 3590 1996; x_wconf 80' lang='grc' dir='ltr'><strong>Ὡς</strong></span> <span class='ocrx_word' id='word_1_419' title='bbox 3620 1930 3687 1983; x_wconf 76' lang='grc' dir='ltr'>δὲ</span> 
     </span>
    </p>
   </div>
   <div class='ocr_carea' id='block_1_65' title="bbox 2101 2020 3690 2095">
    <p class='ocr_par' dir='ltr' id='par_1_65' title="bbox 2101 2020 3690 2095">
     <span class='ocr_line' id='line_1_65' title="bbox 2101 2020 3690 2095; baseline 0 -20"><span class='ocrx_word' id='word_1_420' title='bbox 2101 2024 2308 2088; x_wconf 77' lang='grc' dir='ltr'>ἐκεῖνος</span> <span class='ocrx_word' id='word_1_421' title='bbox 2362 2024 2465 2095; x_wconf 79' lang='grc' dir='ltr'><strong>ὁρᾷ</strong></span> <span class='ocrx_word' id='word_1_422' title='bbox 2514 2023 2603 2076; x_wconf 84' lang='grc' dir='ltr'><strong>τὸν</strong></span> <span class='ocrx_word' id='word_1_423' title='bbox 2653 2022 2805 2089; x_wconf 83' lang='grc' dir='ltr'>Θεὸν,</span> <span class='ocrx_word' id='word_1_424' title='bbox 2839 2022 2980 2078; x_wconf 78' lang='grc' dir='ltr'>οὕτω</span> <span class='ocrx_word' id='word_1_425' title='bbox 3032 2022 3129 2077; x_wconf 77' lang='grc' dir='ltr'>καὶ</span> <span class='ocrx_word' id='word_1_426' title='bbox 3179 2024 3309 2093; x_wconf 83' lang='grc' dir='ltr'>ἡμῖν</span> <span class='ocrx_word' id='word_1_427' title='bbox 3352 2020 3570 2089; x_wconf 73' lang='grc' dir='ltr'>ἐφικτὸν</span> <span class='ocrx_word' id='word_1_428' title='bbox 3601 2020 3690 2090; x_wconf 77' lang='grc' dir='ltr'>τῷ</span> 
     </span>
    </p>
   </div>
   <div class='ocr_carea' id='block_1_66' title="bbox 2100 2109 3686 2187">
    <p class='ocr_par' dir='ltr' id='par_1_66' title="bbox 2100 2109 3686 2187">
     <span class='ocr_line' id='line_1_66' title="bbox 2100 2109 3686 2187; baseline -0.003 -19"><span class='ocrx_word' id='word_1_429' title='bbox 2100 2115 2354 2187; x_wconf 78' lang='grc' dir='ltr'><strong>ἡμετέρῳ</strong></span> <span class='ocrx_word' id='word_1_430' title='bbox 2382 2114 2459 2186; x_wconf 83' lang='grc' dir='ltr'>νῷ</span> <span class='ocrx_word' id='word_1_431' title='bbox 2489 2114 2769 2169; x_wconf 80' lang='grc' dir='ltr'>συλλαϐεῖν</span> <span class='ocrx_word' id='word_1_432' title='bbox 2800 2112 2862 2166; x_wconf 84' lang='grc' dir='ltr'><strong>τὸ</strong></span> <span class='ocrx_word' id='word_1_433' title='bbox 2895 2114 3070 2177; x_wconf 84' lang='grc' dir='ltr'>Θεϊον,</span> <span class='ocrx_word' id='word_1_434' title='bbox 3104 2112 3200 2167; x_wconf 73' lang='grc' dir='ltr'><strong>καὶ</strong></span> <span class='ocrx_word' id='word_1_435' title='bbox 3231 2109 3547 2165; x_wconf 87' lang='grc' dir='ltr'>τούντεῦθεν</span> <span class='ocrx_word' id='word_1_436' title='bbox 3574 2112 3686 2183; x_wconf 71' lang='grc' dir='ltr'><strong>ήδη</strong></span> 
     </span>
    </p>
   </div>
   <div class='ocr_carea' id='block_1_67' title="bbox 2102 2207 2476 2278">
    <p class='ocr_par' dir='ltr' id='par_1_67' title="bbox 2102 2207 2476 2278">
     <span class='ocr_line' id='line_1_67' title="bbox 2102 2207 2476 2278; baseline 0 -18"><span class='ocrx_word' id='word_1_437' title='bbox 2102 2207 2437 2278; x_wconf 78' lang='grc' dir='ltr'>εὐδαιμονεῖν</span> <span class='ocrx_word' id='word_1_438' title='bbox 2460 2222 2476 2272; x_wconf 91' lang='lat'><strong>;</strong></span> 
     </span>
    </p>
   </div>
   <div class='ocr_carea' id='block_1_68' title="bbox 2173 2292 2797 2370">
    <p class='ocr_par' dir='ltr' id='par_1_68' title="bbox 2173 2292 2797 2370">
     <span class='ocr_line' id='line_1_68' title="bbox 2173 2292 2797 2370; baseline 0 -19"><span class='ocrx_word' id='word_1_439' title='bbox 2173 2299 2323 2351; x_wconf 87' lang='grc' dir='ltr'>Πάνυ</span> <span class='ocrx_word' id='word_1_440' title='bbox 2362 2298 2459 2368; x_wconf 84' lang='grc' dir='ltr'><strong>μὲν</strong></span> <span class='ocrx_word' id='word_1_441' title='bbox 2493 2292 2605 2364; x_wconf 78' lang='grc' dir='ltr'>οὖν,</span> <span class='ocrx_word' id='word_1_442' title='bbox 2642 2298 2797 2370; x_wconf 76' lang='grc' dir='ltr'>ἔφην.</span> 
     </span>
    </p>
   </div>
   <div class='ocr_carea' id='block_1_69' title="bbox 2175 2388 3690 2463">
    <p class='ocr_par' dir='ltr' id='par_1_69' title="bbox 2175 2388 3690 2463">
     <span class='ocr_line' id='line_1_69' title="bbox 2175 2388 3690 2463; baseline -0.001 -17"><span class='ocrx_word' id='word_1_443' title='bbox 2175 2393 2354 2446; x_wconf 84' lang='grc' dir='ltr'>Πᾶσαι</span> <span class='ocrx_word' id='word_1_444' title='bbox 2386 2392 2429 2445; x_wconf 87' lang='grc' dir='ltr'>δ’</span> <span class='ocrx_word' id='word_1_445' title='bbox 2464 2391 2612 2463; x_wconf 83' lang='grc' dir='ltr'>αὐτῷ</span> <span class='ocrx_word' id='word_1_446' title='bbox 2646 2392 2757 2463; x_wconf 91' lang='grc'><strong>(79)</strong></span> <span class='ocrx_word' id='word_1_447' title='bbox 2790 2389 2877 2444; x_wconf 84' lang='grc' dir='ltr'>διὰ</span> <span class='ocrx_word' id='word_1_448' title='bbox 2908 2390 3123 2445; x_wconf 82' lang='grc' dir='ltr'>πάντων</span> <span class='ocrx_word' id='word_1_449' title='bbox 3156 2393 3210 2445; x_wconf 87' lang='grc' dir='ltr'>αἱ</span> <span class='ocrx_word' id='word_1_450' title='bbox 3241 2390 3411 2461; x_wconf 76' lang='grc' dir='ltr'>ψυχαὶ</span> <span class='ocrx_word' id='word_1_451' title='bbox 3443 2388 3690 2463; x_wconf 87' lang='grc' dir='ltr'>χωροῦσι</span> 
     </span>
    </p>
   </div>
   <div class='ocr_carea' id='block_1_70' title="bbox 2102 2482 3687 2556">
    <p class='ocr_par' dir='ltr' id='par_1_70' title="bbox 2102 2482 3687 2556">
     <span class='ocr_line' id='line_1_70' title="bbox 2102 2482 3687 2556; baseline 0 -18"><span class='ocrx_word' id='word_1_452' title='bbox 2102 2483 2210 2538; x_wconf 84' lang='grc' dir='ltr'><strong>τῶν</strong></span> <span class='ocrx_word' id='word_1_453' title='bbox 2251 2484 2423 2550; x_wconf 85' lang='grc' dir='ltr'>ζώων,</span> <span class='ocrx_word' id='word_1_454' title='bbox 2456 2484 2663 2556; x_wconf 72' lang='grc' dir='ltr'>ἠρώτα,</span> <span class='ocrx_word' id='word_1_455' title='bbox 2698 2482 2731 2555; x_wconf 82' lang='grc' dir='ltr'>ἢ</span> <span class='ocrx_word' id='word_1_456' title='bbox 2776 2484 2907 2555; x_wconf 80' lang='grc' dir='ltr'>άλλη</span> <span class='ocrx_word' id='word_1_457' title='bbox 2964 2483 3060 2554; x_wconf 86' lang='grc' dir='ltr'>μὲν</span> <span class='ocrx_word' id='word_1_458' title='bbox 3104 2482 3412 2555; x_wconf 86' lang='grc' dir='ltr'>ἀνθρώπου,</span> <span class='ocrx_word' id='word_1_459' title='bbox 3445 2482 3576 2555; x_wconf 79' lang='grc' dir='ltr'>άλλη</span> <span class='ocrx_word' id='word_1_460' title='bbox 3621 2484 3687 2538; x_wconf 70' lang='grc' dir='ltr'>δὲ</span> 
     </span>
    </p>
   </div>
   <div class='ocr_carea' id='block_1_71' title="bbox 2104 2576 2581 2642">
    <p class='ocr_par' dir='ltr' id='par_1_71' title="bbox 2104 2576 2581 2642">
     <span class='ocr_line' id='line_1_71' title="bbox 2104 2576 2581 2642; baseline 0.002 -13"><span class='ocrx_word' id='word_1_461' title='bbox 2104 2576 2270 2629; x_wconf 75' lang='grc' dir='ltr'>ἵππου</span> <span class='ocrx_word' id='word_1_462' title='bbox 2304 2578 2398 2630; x_wconf 74' lang='grc' dir='ltr'><strong>καὶ</strong></span> <span class='ocrx_word' id='word_1_463' title='bbox 2429 2577 2581 2642; x_wconf 78' lang='grc' dir='ltr'>ὅνους</span> 
     </span>
    </p>
   </div>
   <div class='ocr_carea' id='block_1_72' title="bbox 2175 2666 3640 2740">
    <p class='ocr_par' dir='ltr' id='par_1_72' title="bbox 2175 2666 3640 2740">
     <span class='ocr_line' id='line_1_72' title="bbox 2175 2666 3640 2740; baseline -0.002 -18"><span class='ocrx_word' id='word_1_464' title='bbox 2175 2667 2317 2722; x_wconf 77' lang='grc' dir='ltr'>Οὐκ·</span> <span class='ocrx_word' id='word_1_465' title='bbox 2341 2669 2453 2723; x_wconf 85' lang='grc' dir='ltr'>ἀλλ’</span> <span class='ocrx_word' id='word_1_466' title='bbox 2479 2669 2532 2724; x_wconf 78' lang='grc' dir='ltr'>αἱ</span> <span class='ocrx_word' id='word_1_467' title='bbox 2563 2669 2723 2724; x_wconf 75' lang='grc' dir='ltr'>αὐταὶ</span> <span class='ocrx_word' id='word_1_468' title='bbox 2756 2671 2815 2722; x_wconf 81' lang='grc' dir='ltr'>ὲν</span> <span class='ocrx_word' id='word_1_469' title='bbox 2848 2669 3011 2723; x_wconf 80' lang='grc' dir='ltr'>πᾶσιν</span> <span class='ocrx_word' id='word_1_470' title='bbox 3045 2670 3203 2732; x_wconf 76' lang='grc' dir='ltr'>εἰσιν,</span> <span class='ocrx_word' id='word_1_471' title='bbox 3238 2666 3640 2740; x_wconf 75' lang='grc' dir='ltr'>ἀπεκρινάμην.</span> 
     </span>
    </p>
   </div>
   <div class='ocr_carea' id='block_1_73' title="bbox 2177 2755 3686 2834">
    <p class='ocr_par' dir='ltr' id='par_1_73' title="bbox 2177 2755 3686 2834">
     <span class='ocr_line' id='line_1_73' title="bbox 2177 2755 3686 2834; baseline 0.001 -20"><span class='ocrx_word' id='word_1_472' title='bbox 2177 2762 2433 2831; x_wconf 74' lang='grc' dir='ltr'>Ὄψονται</span> <span class='ocrx_word' id='word_1_473' title='bbox 2480 2761 2608 2834; x_wconf 80' lang='grc' dir='ltr'>ἄρα,</span> <span class='ocrx_word' id='word_1_474' title='bbox 2644 2763 2795 2834; x_wconf 76' lang='grc' dir='ltr'>φησὶ,</span> <span class='ocrx_word' id='word_1_475' title='bbox 2832 2762 2926 2815; x_wconf 75' lang='grc' dir='ltr'><strong>καὶ</strong></span> <span class='ocrx_word' id='word_1_476' title='bbox 2972 2762 3128 2815; x_wconf 78' lang='grc' dir='ltr'>ἵπποι</span> <span class='ocrx_word' id='word_1_477' title='bbox 3161 2760 3256 2815; x_wconf 78' lang='grc' dir='ltr'><strong>καὶ</strong></span> <span class='ocrx_word' id='word_1_478' title='bbox 3300 2760 3432 2824; x_wconf 76' lang='grc' dir='ltr'>ὄνοι,</span> <span class='ocrx_word' id='word_1_479' title='bbox 3466 2760 3500 2831; x_wconf 82' lang='grc' dir='ltr'>ἢ</span> <span class='ocrx_word' id='word_1_480' title='bbox 3534 2755 3686 2816; x_wconf 60' lang='grc' dir='ltr'>εἶδέν</span> 
     </span>
    </p>
   </div>
   <div class='ocr_carea' id='block_1_74' title="bbox 2106 2854 2552 2918">
    <p class='ocr_par' dir='ltr' id='par_1_74' title="bbox 2106 2854 2552 2918">
     <span class='ocr_line' id='line_1_74' title="bbox 2106 2854 2552 2918; baseline -0.004 -10"><span class='ocrx_word' id='word_1_481' title='bbox 2106 2871 2237 2908; x_wconf 88' lang='grc' dir='ltr'>ποτε</span> <span class='ocrx_word' id='word_1_482' title='bbox 2270 2854 2361 2906; x_wconf 86' lang='grc' dir='ltr'><strong>τὸν</strong></span> <span class='ocrx_word' id='word_1_483' title='bbox 2393 2854 2552 2918; x_wconf 83' lang='grc' dir='ltr'>Θεόν;</span> 
     </span>
    </p>
   </div>
   <div class='ocr_carea' id='block_1_75' title="bbox 2178 2942 3688 3017">
    <p class='ocr_par' dir='ltr' id='par_1_75' title="bbox 2178 2942 3688 3017">
     <span class='ocr_line' id='line_1_75' title="bbox 2178 2942 3688 3017; baseline -0.002 -17"><span class='ocrx_word' id='word_1_484' title='bbox 2178 2946 2312 3011; x_wconf 83' lang='grc' dir='ltr'>Οὐκ,</span> <span class='ocrx_word' id='word_1_485' title='bbox 2345 2946 2481 3017; x_wconf 71' lang='grc' dir='ltr'>ἔφην</span> <span class='ocrx_word' id='word_1_486' title='bbox 2505 2963 2519 2976; x_wconf 75' lang='grc' dir='ltr'><strong>ο</strong></span> <span class='ocrx_word' id='word_1_487' title='bbox 2554 2946 2673 2999; x_wconf 82' lang='grc' dir='ltr'>οὐδὲ</span> <span class='ocrx_word' id='word_1_488' title='bbox 2706 2946 2813 3017; x_wconf 83' lang='grc' dir='ltr'>γὰρ</span> <span class='ocrx_word' id='word_1_489' title='bbox 2845 2945 3106 3000; x_wconf 67' lang='grc' dir='ltr'>οἱυπολλοὶ</span> <span class='ocrx_word' id='word_1_490' title='bbox 3136 2942 3596 3015; x_wconf 84' lang='grc' dir='ltr'>τῶν’ἀνθρώπων,</span> <span class='ocrx_word' id='word_1_491' title='bbox 3633 2944 3688 2997; x_wconf 70' lang='grc' dir='ltr'><strong>εἰ</strong></span> 
     </span>
    </p>
   </div>
   <div class='ocr_carea' id='block_1_76' title="bbox 2110 3034 3690 3112">
    <p class='ocr_par' dir='ltr' id='par_1_76' title="bbox 2110 3034 3690 3112">
     <span class='ocr_line' id='line_1_76' title="bbox 2110 3034 3690 3112; baseline -0.004 -19"><span class='ocrx_word' id='word_1_492' title='bbox 2110 3040 2183 3112; x_wconf 85' lang='grc' dir='ltr'>μή</span> <span class='ocrx_word' id='word_1_493' title='bbox 2238 3057 2322 3103; x_wconf 87' lang='grc' dir='ltr'>τις</span> <span class='ocrx_word' id='word_1_494' title='bbox 2373 3040 2431 3091; x_wconf 81' lang='grc' dir='ltr'>ὲν</span> <span class='ocrx_word' id='word_1_495' title='bbox 2482 3039 2605 3112; x_wconf 78' lang='grc' dir='ltr'>δίκῃ</span> <span class='ocrx_word' id='word_1_496' title='bbox 2652 3038 2923 3108; x_wconf 83' lang='grc' dir='ltr'>βιώσαιτο,</span> <span class='ocrx_word' id='word_1_497' title='bbox 2960 3038 3337 3109; x_wconf 82' lang='grc' dir='ltr'>καθηράμενος</span> <span class='ocrx_word' id='word_1_498' title='bbox 3368 3034 3690 3109; x_wconf 79' lang='grc' dir='ltr'>δικαιοσύνῃ</span> 
     </span>
    </p>
   </div>
   <div class='ocr_carea' id='block_1_77' title="bbox 2032 3132 2871 3209">
    <p class='ocr_par' dir='ltr' id='par_1_77' title="bbox 2032 3132 2871 3209">
     <span class='ocr_line' id='line_1_77' title="bbox 2032 3132 2871 3209; baseline -0.005 -22"><span class='ocrx_word' id='word_1_499' title='bbox 2032 3151 2074 3209; x_wconf 77' lang='lat' dir='ltr'>C</span> <span class='ocrx_word' id='word_1_500' title='bbox 2107 3132 2202 3187; x_wconf 72' lang='grc' dir='ltr'><strong>καὶ</strong></span> <span class='ocrx_word' id='word_1_501' title='bbox 2233 3136 2298 3204; x_wconf 82' lang='grc' dir='ltr'>τῇ</span> <span class='ocrx_word' id='word_1_502' title='bbox 2334 3132 2467 3205; x_wconf 77' lang='grc' dir='ltr'>ἄλλῃ</span> <span class='ocrx_word' id='word_1_503' title='bbox 2501 3133 2667 3203; x_wconf 81' lang='grc' dir='ltr'>ἀρετῇ</span> <span class='ocrx_word' id='word_1_504' title='bbox 2703 3132 2871 3204; x_wconf 83' lang='grc' dir='ltr'>πάσῃ.</span> 
     </span>
    </p>
   </div>
   <div class='ocr_carea' id='block_1_78' title="bbox 2180 3218 3687 3295">
    <p class='ocr_par' dir='ltr' id='par_1_78' title="bbox 2180 3218 3687 3295">
     <span class='ocr_line' id='line_1_78' title="bbox 2180 3218 3687 3295; baseline -0.003 -17"><span class='ocrx_word' id='word_1_505' title='bbox 2180 3225 2294 3278; x_wconf 86' lang='grc' dir='ltr'>Οὐκ</span> <span class='ocrx_word' id='word_1_506' title='bbox 2326 3226 2454 3295; x_wconf 85' lang='grc' dir='ltr'>ἄρα,</span> <span class='ocrx_word' id='word_1_507' title='bbox 2479 3223 2602 3295; x_wconf 82' lang='grc' dir='ltr'>ἔφη,</span> <span class='ocrx_word' id='word_1_508' title='bbox 2627 3222 2716 3275; x_wconf 84' lang='grc' dir='ltr'>διὰ</span> <span class='ocrx_word' id='word_1_509' title='bbox 2747 3222 2806 3276; x_wconf 88' lang='grc' dir='ltr'><strong>τὸ</strong></span> <span class='ocrx_word' id='word_1_510' title='bbox 2842 3222 3099 3292; x_wconf 80' lang='grc' dir='ltr'>συγγενὲς</span> <span class='ocrx_word' id='word_1_511' title='bbox 3130 3224 3233 3294; x_wconf 82' lang='grc' dir='ltr'><strong>ὁρᾷ</strong></span> <span class='ocrx_word' id='word_1_512' title='bbox 3265 3221 3355 3276; x_wconf 81' lang='grc' dir='ltr'><strong>τὸν</strong></span> <span class='ocrx_word' id='word_1_513' title='bbox 3387 3220 3540 3286; x_wconf 84' lang='grc' dir='ltr'>Θεὸν,</span> <span class='ocrx_word' id='word_1_514' title='bbox 3575 3218 3687 3275; x_wconf 76' lang='grc' dir='ltr'>οὐδ’</span> 
     </span>
    </p>
   </div>
   <div class='ocr_carea' id='block_1_79' title="bbox 2106 3315 3471 3387">
    <p class='ocr_par' dir='ltr' id='par_1_79' title="bbox 2106 3315 3471 3387">
     <span class='ocr_line' id='line_1_79' title="bbox 2106 3315 3471 3387; baseline -0.002 -17"><span class='ocrx_word' id='word_1_515' title='bbox 2106 3316 2189 3370; x_wconf 87' lang='grc' dir='ltr'>ὅτι</span> <span class='ocrx_word' id='word_1_516' title='bbox 2220 3316 2345 3381; x_wconf 83' lang='grc' dir='ltr'>νοῦς</span> <span class='ocrx_word' id='word_1_517' title='bbox 2378 3319 2545 3381; x_wconf 75' lang='grc' dir='ltr'>ἐστιν,</span> <span class='ocrx_word' id='word_1_518' title='bbox 2581 3315 2694 3370; x_wconf 83' lang='grc' dir='ltr'>ἀλλ’</span> <span class='ocrx_word' id='word_1_519' title='bbox 2728 3316 2810 3369; x_wconf 85' lang='grc' dir='ltr'><strong>ὅτι</strong></span> <span class='ocrx_word' id='word_1_520' title='bbox 2846 3315 3076 3387; x_wconf 87' lang='grc' dir='ltr'>σώφρων</span> <span class='ocrx_word' id='word_1_521' title='bbox 3109 3316 3204 3369; x_wconf 75' lang='grc' dir='ltr'><strong>καὶ</strong></span> <span class='ocrx_word' id='word_1_522' title='bbox 3234 3315 3471 3378; x_wconf 80' lang='grc' dir='ltr'>δίκαιοςς</span> 
     </span>
    </p>
   </div>
   <div class='ocr_carea' id='block_1_80' title="bbox 2177 3487 3528 3568">
    <p class='ocr_par' dir='ltr' id='par_1_80' title="bbox 2177 3487 3528 3568">
     <span class='ocr_line' id='line_1_80' title="bbox 2177 3487 3528 3568; baseline -0.004 -17"><span class='ocrx_word' id='word_1_523' title='bbox 2177 3498 2305 3563; x_wconf 72' lang='grc' dir='ltr'>Ναὶ,</span> <span class='ocrx_word' id='word_1_524' title='bbox 2337 3497 2493 3568; x_wconf 73' lang='grc' dir='ltr'>ἔφην,</span> <span class='ocrx_word' id='word_1_525' title='bbox 2528 3496 2623 3550; x_wconf 73' lang='grc' dir='ltr'>καὶ</span> <span class='ocrx_word' id='word_1_526' title='bbox 2654 3495 2743 3549; x_wconf 81' lang='grc' dir='ltr'>διὰ</span> <span class='ocrx_word' id='word_1_527' title='bbox 2774 3494 2833 3549; x_wconf 85' lang='grc' dir='ltr'><strong>τὸ</strong></span> <span class='ocrx_word' id='word_1_528' title='bbox 2866 3494 3009 3565; x_wconf 79' lang='grc' dir='ltr'>ἔχειν</span> <span class='ocrx_word' id='word_1_529' title='bbox 3042 3487 3086 3563; x_wconf 82' lang='grc' dir='ltr'>ᾧ</span> <span class='ocrx_word' id='word_1_530' title='bbox 3112 3496 3225 3547; x_wconf 87' lang='grc' dir='ltr'>νοεῖ</span> <span class='ocrx_word' id='word_1_531' title='bbox 3253 3492 3344 3547; x_wconf 88' lang='grc' dir='ltr'><strong>τὸν</strong></span> <span class='ocrx_word' id='word_1_532' title='bbox 3376 3491 3528 3547; x_wconf 86' lang='grc' dir='ltr'>Θεόν.</span> 
     </span>
    </p>
   </div>
   <div class='ocr_carea' id='block_1_81' title="bbox 2180 3668 3396 3744">
    <p class='ocr_par' dir='ltr' id='par_1_81' title="bbox 2180 3668 3396 3744">
     <span class='ocr_line' id='line_1_81' title="bbox 2180 3668 3396 3744; baseline -0.002 -17"><span class='ocrx_word' id='word_1_533' title='bbox 2180 3674 2245 3727; x_wconf 87' lang='grc' dir='ltr'>Τί</span> <span class='ocrx_word' id='word_1_534' title='bbox 2278 3671 2406 3739; x_wconf 84' lang='grc' dir='ltr'>οῦν;</span> <span class='ocrx_word' id='word_1_535' title='bbox 2440 3671 2685 3728; x_wconf 84' lang='grc' dir='ltr'>ἀδικοῦσί</span> <span class='ocrx_word' id='word_1_536' title='bbox 2719 3690 2839 3727; x_wconf 84' lang='grc' dir='ltr'>τινα</span> <span class='ocrx_word' id='word_1_537' title='bbox 2874 3668 3027 3741; x_wconf 72' lang='grc' dir='ltr'>αἶγες</span> <span class='ocrx_word' id='word_1_538' title='bbox 3056 3672 3089 3743; x_wconf 82' lang='grc' dir='ltr'>ἢ</span> <span class='ocrx_word' id='word_1_539' title='bbox 3116 3671 3396 3744; x_wconf 74' lang='grc' dir='ltr'>πρόϐατας</span> 
     </span>
    </p>
   </div>
   <div class='ocr_carea' id='block_1_82' title="bbox 2179 3762 2916 3839">
    <p class='ocr_par' dir='ltr' id='par_1_82' title="bbox 2179 3762 2916 3839">
     <span class='ocr_line' id='line_1_82' title="bbox 2179 3762 2916 3839; baseline -0.007 -18"><span class='ocrx_word' id='word_1_540' title='bbox 2179 3768 2343 3821; x_wconf 85' lang='grc' dir='ltr'>Οὐδὲν</span> <span class='ocrx_word' id='word_1_541' title='bbox 2377 3767 2584 3830; x_wconf 80' lang='grc' dir='ltr'>οὐδένα,</span> <span class='ocrx_word' id='word_1_542' title='bbox 2617 3762 2685 3839; x_wconf 83' lang='grc' dir='ltr'>ἦν</span> <span class='ocrx_word' id='word_1_543' title='bbox 2716 3765 2760 3818; x_wconf 82' lang='grc' dir='ltr'>δ’</span> <span class='ocrx_word' id='word_1_544' title='bbox 2788 3764 2916 3833; x_wconf 76' lang='grc' dir='ltr'>ἐγώ.</span> 
     </span>
    </p>
   </div>
   <div class='ocr_carea' id='block_1_83' title="bbox 2180 3846 3688 3929">
    <p class='ocr_par' dir='ltr' id='par_1_83' title="bbox 2180 3846 3688 3929">
     <span class='ocr_line' id='line_1_83' title="bbox 2180 3846 3688 3929; baseline -0.003 -17"><span class='ocrx_word' id='word_1_545' title='bbox 2180 3859 2441 3928; x_wconf 74' lang='grc' dir='ltr'>Ὄψονται</span> <span class='ocrx_word' id='word_1_546' title='bbox 2473 3857 2600 3929; x_wconf 78' lang='grc' dir='ltr'>ἄρα,</span> <span class='ocrx_word' id='word_1_547' title='bbox 2633 3857 2785 3928; x_wconf 74' lang='grc' dir='ltr'>φησὶ,</span> <span class='ocrx_word' id='word_1_548' title='bbox 2812 3854 2952 3910; x_wconf 85' lang='grc' dir='ltr'>κατὰ</span> <span class='ocrx_word' id='word_1_549' title='bbox 2983 3854 3073 3908; x_wconf 87' lang='grc' dir='ltr'><strong>τὸν</strong></span> <span class='ocrx_word' id='word_1_550' title='bbox 3106 3853 3197 3907; x_wconf 81' lang='grc' dir='ltr'><strong>σὸν</strong></span> <span class='ocrx_word' id='word_1_551' title='bbox 3218 3853 3374 3921; x_wconf 86' lang='grc' dir='ltr'>λόγον</span> <span class='ocrx_word' id='word_1_552' title='bbox 3395 3851 3488 3906; x_wconf 73' lang='grc' dir='ltr'><strong>καὶ</strong></span> <span class='ocrx_word' id='word_1_553' title='bbox 3509 3846 3688 3908; x_wconf 64' lang='grc' dir='ltr'>ταῦτα</span> 
     </span>
    </p>
   </div>
   <div class='ocr_carea' id='block_1_84' title="bbox 2106 3950 2360 4015">
    <p class='ocr_par' dir='ltr' id='par_1_84' title="bbox 2106 3950 2360 4015">
     <span class='ocr_line' id='line_1_84' title="bbox 2106 3950 2360 4015; baseline 0 -11"><span class='ocrx_word' id='word_1_554' title='bbox 2106 3950 2175 4004; x_wconf 86' lang='grc' dir='ltr'>τὰ</span> <span class='ocrx_word' id='word_1_555' title='bbox 2211 3950 2360 4015; x_wconf 75' lang='grc' dir='ltr'>ζῶας</span> 
     </span>
    </p>
   </div>
   <div class='ocr_carea' id='block_1_85' title="bbox 2113 4034 3686 4112">
    <p class='ocr_par' dir='ltr' id='par_1_85' title="bbox 2113 4034 3686 4112">
     <span class='ocr_line' id='line_1_85' title="bbox 2113 4034 3686 4112; baseline -0.002 -19"><span class='ocrx_word' id='word_1_556' title='bbox 2113 4103 2123 4111; x_wconf 87' lang='lat'>_</span> <span class='ocrx_word' id='word_1_557' title='bbox 2178 4043 2288 4095; x_wconf 66' lang='lat' dir='ltr'><strong>UO:</strong></span> <span class='ocrx_word' id='word_1_558' title='bbox 2326 4040 2386 4094; x_wconf 86' lang='grc' dir='ltr'><strong>τὸ</strong></span> <span class='ocrx_word' id='word_1_559' title='bbox 2431 4040 2539 4112; x_wconf 83' lang='grc' dir='ltr'><strong>γὰρ</strong></span> <span class='ocrx_word' id='word_1_560' title='bbox 2586 4039 2747 4110; x_wconf 85' lang='grc' dir='ltr'>σῶμα.</span> <span class='ocrx_word' id='word_1_561' title='bbox 2793 4040 2998 4100; x_wconf 83' lang='grc' dir='ltr'>αὐτοῖς,</span> <span class='ocrx_word' id='word_1_562' title='bbox 3031 4035 3269 4091; x_wconf 87' lang='grc' dir='ltr'>τοιοῦτον</span> <span class='ocrx_word' id='word_1_563' title='bbox 3313 4034 3390 4100; x_wconf 81' lang='grc' dir='ltr'>ὃν,</span> <span class='ocrx_word' id='word_1_564' title='bbox 3427 4035 3686 4107; x_wconf 75' lang='grc' dir='ltr'>ἐμπόδιόν</span> 
     </span>
    </p>
   </div>
   <div class='ocr_carea' id='block_1_86' title="bbox 2106 4130 2271 4184">
    <p class='ocr_par' dir='ltr' id='par_1_86' title="bbox 2106 4130 2271 4184">
     <span class='ocr_line' id='line_1_86' title="bbox 2106 4130 2271 4184; baseline -0.006 0"><span class='ocrx_word' id='word_1_565' title='bbox 2106 4130 2271 4184; x_wconf 71' lang='grc' dir='ltr'>ἐστιν.</span> 
     </span>
    </p>
   </div>
   <div class='ocr_carea' id='block_1_87' title="bbox 2173 4213 3692 4288">
    <p class='ocr_par' dir='ltr' id='par_1_87' title="bbox 2173 4213 3692 4288">
     <span class='ocr_line' id='line_1_87' title="bbox 2173 4213 3692 4288; baseline -0.007 -13"><span class='ocrx_word' id='word_1_566' title='bbox 2173 4222 2236 4275; x_wconf 79' lang='grc' dir='ltr'><strong>Εἰ</strong></span> <span class='ocrx_word' id='word_1_567' title='bbox 2270 4220 2482 4274; x_wconf 79' lang='grc' dir='ltr'>λάϐοιεν</span> <span class='ocrx_word' id='word_1_568' title='bbox 2514 4218 2699 4288; x_wconf 84' lang='grc' dir='ltr'>φωνὴν</span> <span class='ocrx_word' id='word_1_569' title='bbox 2730 4216 2797 4270; x_wconf 77' lang='grc' dir='ltr'>τὰ</span> <span class='ocrx_word' id='word_1_570' title='bbox 2830 4215 2943 4281; x_wconf 73' lang='grc' dir='ltr'><strong>ζῶα</strong></span> <span class='ocrx_word' id='word_1_571' title='bbox 2985 4214 3179 4280; x_wconf 85' lang='grc' dir='ltr'>ταῦτα,</span> <span class='ocrx_word' id='word_1_572' title='bbox 3216 4213 3495 4285; x_wconf 83' lang='grc' dir='ltr'>ὑποτυχὼν</span> <span class='ocrx_word' id='word_1_573' title='bbox 3541 4216 3692 4267; x_wconf 68' lang='grc' dir='ltr'>ἐκεῖ·</span> 
     </span>
    </p>
   </div>
   <div class='ocr_carea' id='block_1_88' title="bbox 2105 4303 3687 4378">
    <p class='ocr_par' dir='ltr' id='par_1_88' title="bbox 2105 4303 3687 4378">
     <span class='ocr_line' id='line_1_88' title="bbox 2105 4303 3687 4378; baseline -0.007 -10"><span class='ocrx_word' id='word_1_574' title='bbox 2105 4331 2216 4378; x_wconf 84' lang='grc' dir='ltr'>νος,</span> <span class='ocrx_word' id='word_1_575' title='bbox 2251 4307 2309 4365; x_wconf 79' lang='grc' dir='ltr'><strong>εὖ</strong></span> <span class='ocrx_word' id='word_1_576' title='bbox 2346 4310 2453 4364; x_wconf 76' lang='grc' dir='ltr'>ἴσθι</span> <span class='ocrx_word' id='word_1_577' title='bbox 2486 4310 2565 4363; x_wconf 83' lang='grc' dir='ltr'><strong>ὅτι</strong></span> <span class='ocrx_word' id='word_1_578' title='bbox 2598 4308 2730 4363; x_wconf 85' lang='grc' dir='ltr'>πολὺ</span> <span class='ocrx_word' id='word_1_579' title='bbox 2763 4307 2828 4362; x_wconf 84' lang='grc' dir='ltr'><strong>ἂν</strong></span> <span class='ocrx_word' id='word_1_580' title='bbox 2860 4305 3222 4378; x_wconf 87' lang='grc' dir='ltr'>εὐλογώτερον</span> <span class='ocrx_word' id='word_1_581' title='bbox 3242 4305 3424 4358; x_wconf 80' lang='grc' dir='ltr'>ἐκεῖνα</span> <span class='ocrx_word' id='word_1_582' title='bbox 3443 4303 3520 4375; x_wconf 82' lang='grc' dir='ltr'>τῷ</span> <span class='ocrx_word' id='word_1_583' title='bbox 3540 4306 3687 4375; x_wconf 75' lang='grc' dir='ltr'>ἠμε-</span> 
     </span>
    </p>
   </div>
   <div class='ocr_carea' id='block_1_89' title="bbox 2114 4543 3687 4617">
    <p class='ocr_par' dir='ltr' id='par_1_89' title="bbox 2114 4543 3687 4617">
     <span class='ocr_line' id='line_1_89' title="bbox 2114 4543 3687 4617; baseline -0.003 -13"><span class='ocrx_word' id='word_1_584' title='bbox 2114 4550 2259 4604; x_wconf 78' lang='lat' dir='ltr'><strong>enim</strong></span> <span class='ocrx_word' id='word_1_585' title='bbox 2285 4558 2443 4603; x_wconf 88' lang='lat' dir='ltr'><strong>antea</strong></span> <span class='ocrx_word' id='word_1_586' title='bbox 2471 4547 2761 4617; x_wconf 58' lang='lat' dir='ltr'><strong>quaesierat</strong></span> <span class='ocrx_word' id='word_1_587' title='bbox 2794 4559 2983 4607; x_wconf 82' lang='lat' dir='ltr'><strong>senex,</strong></span> <span class='ocrx_word' id='word_1_588' title='bbox 3008 4558 3077 4617; x_wconf 86' lang='lat' dir='ltr'><strong>an</strong></span> <span class='ocrx_word' id='word_1_589' title='bbox 3107 4543 3270 4596; x_wconf 85' lang='lat' dir='ltr'><strong>Deum</strong></span> <span class='ocrx_word' id='word_1_590' title='bbox 3303 4556 3458 4617; x_wconf 76' lang='lat' dir='ltr'><strong>mens</strong></span> <span class='ocrx_word' id='word_1_591' title='bbox 3494 4552 3687 4599; x_wconf 83' lang='lat' dir='ltr'><strong>nostra</strong></span> 
     </span>
    </p>
   </div>
   <div class='ocr_carea' id='block_1_90' title="bbox 501 4592 1998 4694">
    <p class='ocr_par' dir='ltr' id='par_1_90' title="bbox 501 4592 1998 4694">
     <span class='ocr_line' id='line_1_90' title="bbox 501 4592 1998 4694; baseline -0.003 -16"><span class='ocrx_word' id='word_1_592' title='bbox 501 4592 614 4691; x_wconf 62' lang='grc' dir='ltr'><strong>ὅἔὲ</strong></span> <span class='ocrx_word' id='word_1_593' title='bbox 673 4592 846 4680; x_wconf 66' lang='grc' dir='ltr'><strong>ιῖ.³ιῖέὲἑ</strong></span> <span class='ocrx_word' id='word_1_594' title='bbox 866 4592 1029 4679; x_wconf 63' lang='grc' dir='ltr'><em>τ’ἷὲῗὶ.</em></span> <span class='ocrx_word' id='word_1_595' title='bbox 1045 4592 1383 4694; x_wconf 65' lang='grc' dir='ltr'><strong>Ἔὲξξὲηάυιη</strong></span> <span class='ocrx_word' id='word_1_596' title='bbox 1407 4622 1542 4678; x_wconf 79' lang='grc' dir='ltr'>ἀλλὰ</span> <span class='ocrx_word' id='word_1_597' title='bbox 1560 4622 1612 4677; x_wconf 84' lang='grc' dir='ltr'>τι</span> <span class='ocrx_word' id='word_1_598' title='bbox 1634 4623 1729 4690; x_wconf 79' lang='lat' dir='ltr'><strong>5v;</strong></span> <span class='ocrx_word' id='word_1_599' title='bbox 1759 4624 1841 4677; x_wconf 83' lang='lat' dir='ltr'><strong>vel</strong></span> <span class='ocrx_word' id='word_1_600' title='bbox 1870 4621 1998 4675; x_wconf 84' lang='grc' dir='ltr'>ἀλλά</span> 
     </span>
    </p>
   </div>
   <div class='ocr_carea' id='block_1_91' title="bbox 2119 4592 3689 4694">
    <p class='ocr_par' dir='ltr' id='par_1_91' title="bbox 2119 4592 3689 4694">
     <span class='ocr_line' id='line_1_91' title="bbox 2119 4592 3689 4694; baseline -0.005 -21"><span class='ocrx_word' id='word_1_601' title='bbox 2119 4592 2320 4686; x_wconf 68' lang='lat' dir='ltr'><strong>spiritu</strong></span> <span class='ocrx_word' id='word_1_602' title='bbox 2348 4592 2539 4673; x_wconf 50' lang='lat' dir='ltr'><strong>sancio</strong></span> <span class='ocrx_word' id='word_1_603' title='bbox 2570 4634 2671 4694; x_wconf 78' lang='lat' dir='ltr'><strong>non</strong></span> <span class='ocrx_word' id='word_1_604' title='bbox 2702 4592 3169 4694; x_wconf 37' lang='lat' dir='ltr'><strong>exor-nata&#39;videre</strong></span> <span class='ocrx_word' id='word_1_605' title='bbox 3197 4612 3390 4680; x_wconf 86' lang='lat' dir='ltr'><strong>possit,</strong></span> <span class='ocrx_word' id='word_1_606' title='bbox 3436 4611 3508 4665; x_wconf 91' lang='lat' dir='ltr'><strong>ita</strong></span> <span class='ocrx_word' id='word_1_607' title='bbox 3539 4624 3689 4694; x_wconf 84' lang='lat' dir='ltr'><strong>post-</strong></span> 
     </span>
    </p>
   </div>
   <div class='ocr_carea' id='block_1_92' title="bbox 429 4710 837 4748">
    <p class='ocr_par' dir='ltr' id='par_1_92' title="bbox 429 4710 837 4748">
     <span class='ocr_line' id='line_1_92' title="bbox 429 4710 837 4748; baseline 0.002 -1"><span class='ocrx_word' id='word_1_608' title='bbox 429 4710 480 4747; x_wconf 81' lang='grc' dir='ltr'><strong>τι</strong></span> <span class='ocrx_word' id='word_1_609' title='bbox 519 4712 577 4747; x_wconf 89' lang='grc' dir='ltr'><strong>ον</strong></span> <span class='ocrx_word' id='word_1_610' title='bbox 611 4713 837 4748; x_wconf 85' lang='grc' dir='ltr'>τοιουτο.</span> 
     </span>
    </p>
   </div>
   <div class='ocr_carea' id='block_1_93' title="bbox 500 4763 2001 4835">
    <p class='ocr_par' dir='ltr' id='par_1_93' title="bbox 500 4763 2001 4835">
     <span class='ocr_line' id='line_1_93' title="bbox 500 4763 2001 4835; baseline 0 -20"><span class='ocrx_word' id='word_1_611' title='bbox 500 4765 615 4835; x_wconf 86' lang='grc'>(78)</span> <span class='ocrx_word' id='word_1_612' title='bbox 653 4765 980 4819; x_wconf 76' lang='grc' dir='ltr'>Βασιλικοῦ</span> <span class='ocrx_word' id='word_1_613' title='bbox 1019 4766 1150 4821; x_wconf 77' lang='grc' dir='ltr'>νοῦ.</span> <span class='ocrx_word' id='word_1_614' title='bbox 1194 4764 1309 4819; x_wconf 88' lang='lat' dir='ltr'><strong>Non</strong></span> <span class='ocrx_word' id='word_1_615' title='bbox 1365 4764 1595 4818; x_wconf 86' lang='lat' dir='ltr'><strong>deerunt</strong></span> <span class='ocrx_word' id='word_1_616' title='bbox 1642 4763 1880 4835; x_wconf 81' lang='lat' dir='ltr'><strong>fortasse</strong></span> <span class='ocrx_word' id='word_1_617' title='bbox 1911 4763 2001 4831; x_wconf 89' lang='lat' dir='ltr'><strong>qui</strong></span> 
     </span>
    </p>
   </div>
   <div class='ocr_carea' id='block_1_94' title="bbox 433 4834 2000 4904">
    <p class='ocr_par' dir='ltr' id='par_1_94' title="bbox 433 4834 2000 4904">
     <span class='ocr_line' id='line_1_94' title="bbox 433 4834 2000 4904; baseline -0.001 -17"><span class='ocrx_word' id='word_1_618' title='bbox 433 4834 635 4904; x_wconf 82' lang='lat' dir='ltr'><strong>regiam</strong></span> <span class='ocrx_word' id='word_1_619' title='bbox 664 4836 806 4887; x_wconf 90' lang='lat' dir='ltr'><strong>illam</strong></span> <span class='ocrx_word' id='word_1_620' title='bbox 835 4845 1067 4889; x_wconf 88' lang='lat' dir='ltr'><strong>mentem</strong></span> <span class='ocrx_word' id='word_1_621' title='bbox 1093 4836 1227 4889; x_wconf 86' lang='lat' dir='ltr'><strong>nihil</strong></span> <span class='ocrx_word' id='word_1_622' title='bbox 1252 4835 1398 4888; x_wconf 86' lang='lat' dir='ltr'><strong>aliud</strong></span> <span class='ocrx_word' id='word_1_623' title='bbox 1421 4850 1542 4887; x_wconf 88' lang='lat' dir='ltr'><strong>esse</strong></span> <span class='ocrx_word' id='word_1_624' title='bbox 1567 4851 1729 4902; x_wconf 84' lang='lat' dir='ltr'><strong>quain</strong></span> <span class='ocrx_word' id='word_1_625' title='bbox 1764 4834 2000 4889; x_wconf 75' lang='lat' dir='ltr'><strong>Verbum</strong></span> 
     </span>
    </p>
   </div>
   <div class='ocr_carea' id='block_1_95' title="bbox 433 4904 2003 4975">
    <p class='ocr_par' dir='ltr' id='par_1_95' title="bbox 433 4904 2003 4975">
     <span class='ocr_line' id='line_1_95' title="bbox 433 4904 2003 4975; baseline -0.001 -18"><span class='ocrx_word' id='word_1_626' title='bbox 433 4904 526 4975; x_wconf 73' lang='lat' dir='ltr'><strong>Dei</strong></span> <span class='ocrx_word' id='word_1_627' title='bbox 567 4906 947 4975; x_wconf 80' lang='lat' dir='ltr'><strong>pronuntient,</strong></span> <span class='ocrx_word' id='word_1_628' title='bbox 982 4918 1148 4972; x_wconf 84' lang='lat' dir='ltr'><strong>atque</strong></span> <span class='ocrx_word' id='word_1_629' title='bbox 1193 4907 1315 4959; x_wconf 90' lang='lat' dir='ltr'><strong>inde</strong></span> <span class='ocrx_word' id='word_1_630' title='bbox 1357 4906 1684 4957; x_wconf 89' lang='lat' dir='ltr'><strong>concludant</strong></span> <span class='ocrx_word' id='word_1_631' title='bbox 1733 4905 1845 4973; x_wconf 84' lang='lat' dir='ltr'><strong>jam</strong></span> <span class='ocrx_word' id='word_1_632' title='bbox 1893 4915 2003 4955; x_wconf 89' lang='lat' dir='ltr'><strong>tum</strong></span> 
     </span>
    </p>
   </div>
   <div class='ocr_carea' id='block_1_96' title="bbox 432 4974 2001 5044">
    <p class='ocr_par' dir='ltr' id='par_1_96' title="bbox 432 4974 2001 5044">
     <span class='ocr_line' id='line_1_96' title="bbox 432 4974 2001 5044; baseline -0.002 -17"><span class='ocrx_word' id='word_1_633' title='bbox 432 4974 746 5028; x_wconf 69' lang='lat' dir='ltr'><strong>Platenicos</strong></span> <span class='ocrx_word' id='word_1_634' title='bbox 779 4978 843 5028; x_wconf 93' lang='lat' dir='ltr'><strong>de</strong></span> <span class='ocrx_word' id='word_1_635' title='bbox 883 4975 973 5027; x_wconf 84' lang='lat' dir='ltr'><strong>Dei</strong></span> <span class='ocrx_word' id='word_1_636' title='bbox 1016 4976 1219 5039; x_wconf 82' lang='lat' dir='ltr'><strong>Verbo,</strong></span> <span class='ocrx_word' id='word_1_637' title='bbox 1252 4985 1309 5027; x_wconf 91' lang='lat' dir='ltr'><strong>ut</strong></span> <span class='ocrx_word' id='word_1_638' title='bbox 1348 4976 1413 5028; x_wconf 91' lang='lat' dir='ltr'><strong>de</strong></span> <span class='ocrx_word' id='word_1_639' title='bbox 1459 4990 1686 5044; x_wconf 83' lang='lat' dir='ltr'><strong>persona</strong></span> <span class='ocrx_word' id='word_1_640' title='bbox 1723 4976 2001 5044; x_wconf 72' lang='lat' dir='ltr'><strong>distincta,</strong></span> 
     </span>
    </p>
   </div>
   <div class='ocr_carea' id='block_1_97' title="bbox 429 5042 2003 5112">
    <p class='ocr_par' dir='ltr' id='par_1_97' title="bbox 429 5042 2003 5112">
     <span class='ocr_line' id='line_1_97' title="bbox 429 5042 2003 5112; baseline -0.001 -16"><span class='ocrx_word' id='word_1_641' title='bbox 429 5044 792 5109; x_wconf 86' lang='lat' dir='ltr'><strong>disseruisse;</strong></span> <span class='ocrx_word' id='word_1_642' title='bbox 830 5045 1095 5112; x_wconf 79' lang='lat' dir='ltr'><strong>siquidem</strong></span> <span class='ocrx_word' id='word_1_643' title='bbox 1142 5060 1309 5100; x_wconf 81' lang='lat' dir='ltr'><strong>senex</strong></span> <span class='ocrx_word' id='word_1_644' title='bbox 1351 5042 1473 5097; x_wconf 43' lang='lat' dir='ltr'><strong>non‘</strong></span> <span class='ocrx_word' id='word_1_645' title='bbox 1509 5055 1779 5111; x_wconf 73' lang='lat' dir='ltr'><strong>quzereret</strong></span> <span class='ocrx_word' id='word_1_646' title='bbox 1810 5060 1874 5096; x_wconf 84' lang='lat' dir='ltr'><strong>ex</strong></span> <span class='ocrx_word' id='word_1_647' title='bbox 1908 5042 2003 5095; x_wconf 83' lang='lat' dir='ltr'><strong>Ju-</strong></span> 
     </span>
    </p>
   </div>
   <div class='ocr_carea' id='block_1_98' title="bbox 432 5114 1999 5183">
    <p class='ocr_par' dir='ltr' id='par_1_98' title="bbox 432 5114 1999 5183">
     <span class='ocr_line' id='line_1_98' title="bbox 432 5114 1999 5183; baseline -0.001 -16"><span class='ocrx_word' id='word_1_648' title='bbox 432 5116 577 5168; x_wconf 84' lang='lat' dir='ltr'><strong>stino</strong></span> <span class='ocrx_word' id='word_1_649' title='bbox 609 5131 676 5168; x_wconf 88' lang='lat' dir='ltr'><strong>an</strong></span> <span class='ocrx_word' id='word_1_650' title='bbox 707 5116 885 5169; x_wconf 92' lang='lat' dir='ltr'><strong>anima</strong></span> <span class='ocrx_word' id='word_1_651' title='bbox 918 5128 1100 5169; x_wconf 91' lang='lat' dir='ltr'><strong>nostra</strong></span> <span class='ocrx_word' id='word_1_652' title='bbox 1131 5132 1257 5183; x_wconf 89' lang='lat' dir='ltr'><strong>pars</strong></span> <span class='ocrx_word' id='word_1_653' title='bbox 1286 5116 1356 5168; x_wconf 89' lang='lat' dir='ltr'><strong>sit</strong></span> <span class='ocrx_word' id='word_1_654' title='bbox 1390 5117 1551 5183; x_wconf 72' lang='lat' dir='ltr'><strong>regia:</strong></span> <span class='ocrx_word' id='word_1_655' title='bbox 1594 5116 1735 5168; x_wconf 91' lang='lat' dir='ltr'><strong>illius</strong></span> <span class='ocrx_word' id='word_1_656' title='bbox 1782 5114 1999 5176; x_wconf 88' lang='lat' dir='ltr'><strong>mentis,</strong></span> 
     </span>
    </p>
   </div>
   <div class='ocr_carea' id='block_1_99' title="bbox 432 5185 2003 5253">
    <p class='ocr_par' dir='ltr' id='par_1_99' title="bbox 432 5185 2003 5253">
     <span class='ocr_line' id='line_1_99' title="bbox 432 5185 2003 5253; baseline 0 -16"><span class='ocrx_word' id='word_1_657' title='bbox 432 5185 535 5237; x_wconf 87' lang='lat' dir='ltr'><strong>nisi</strong></span> <span class='ocrx_word' id='word_1_658' title='bbox 567 5200 689 5238; x_wconf 89' lang='lat' dir='ltr'><strong>eum</strong></span> <span class='ocrx_word' id='word_1_659' title='bbox 720 5185 771 5237; x_wconf 93' lang='lat' dir='ltr'><strong>in</strong></span> <span class='ocrx_word' id='word_1_660' title='bbox 802 5186 1039 5239; x_wconf 83' lang='lat' dir='ltr'><strong>Platonis</strong></span> <span class='ocrx_word' id='word_1_661' title='bbox 1067 5187 1277 5247; x_wconf 87' lang='lat' dir='ltr'><strong>schola,</strong></span> <span class='ocrx_word' id='word_1_662' title='bbox 1308 5186 1435 5253; x_wconf 90' lang='lat' dir='ltr'><strong>quid</strong></span> <span class='ocrx_word' id='word_1_663' title='bbox 1460 5188 1533 5237; x_wconf 89' lang='lat' dir='ltr'><strong>sit</strong></span> <span class='ocrx_word' id='word_1_664' title='bbox 1564 5187 1710 5253; x_wconf 84' lang='lat' dir='ltr'><strong>regia</strong></span> <span class='ocrx_word' id='word_1_665' title='bbox 1738 5185 1823 5236; x_wconf 87' lang='lat' dir='ltr'><strong>illa</strong></span> <span class='ocrx_word' id='word_1_666' title='bbox 1853 5199 2003 5237; x_wconf 90' lang='lat' dir='ltr'><strong>mens</strong></span> 
     </span>
    </p>
   </div>
   <div class='ocr_carea' id='block_1_100' title="bbox 430 5254 2002 5309">
    <p class='ocr_par' dir='ltr' id='par_1_100' title="bbox 430 5254 2002 5309">
     <span class='ocr_line' id='line_1_100' title="bbox 430 5254 2002 5309; baseline 0 -2"><span class='ocrx_word' id='word_1_667' title='bbox 430 5254 691 5309; x_wconf 87' lang='lat' dir='ltr'><strong>didicisse</strong></span> <span class='ocrx_word' id='word_1_668' title='bbox 735 5256 920 5308; x_wconf 82' lang='lat' dir='ltr'><strong>sciret.</strong></span> <span class='ocrx_word' id='word_1_669' title='bbox 962 5254 1159 5309; x_wconf 76' lang='lat' dir='ltr'><strong>Verum</strong></span> <span class='ocrx_word' id='word_1_670' title='bbox 1212 5256 1426 5308; x_wconf 88' lang='lat' dir='ltr'><strong>etiamsi</strong></span> <span class='ocrx_word' id='word_1_671' title='bbox 1478 5256 1718 5306; x_wconf 80' lang='lat' dir='ltr'><strong>dederint</strong></span> <span class='ocrx_word' id='word_1_672' title='bbox 1774 5255 1885 5307; x_wconf 63' lang='lat' dir='ltr'><strong>haec</strong></span> <span class='ocrx_word' id='word_1_673' title='bbox 1935 5256 2002 5307; x_wconf 90' lang='lat' dir='ltr'><strong>de</strong></span> 
     </span>
    </p>
   </div>
   <div class='ocr_carea' id='block_1_101' title="bbox 434 5324 2003 5393">
    <p class='ocr_par' dir='ltr' id='par_1_101' title="bbox 434 5324 2003 5393">
     <span class='ocr_line' id='line_1_101' title="bbox 434 5324 2003 5393; baseline 0 -16"><span class='ocrx_word' id='word_1_674' title='bbox 434 5324 613 5378; x_wconf 82' lang='lat' dir='ltr'><strong>Verbo</strong></span> <span class='ocrx_word' id='word_1_675' title='bbox 646 5325 735 5377; x_wconf 85' lang='lat' dir='ltr'><strong>Dei</strong></span> <span class='ocrx_word' id='word_1_676' title='bbox 766 5326 1079 5393; x_wconf 90' lang='lat' dir='ltr'><strong>accipienda</strong></span> <span class='ocrx_word' id='word_1_677' title='bbox 1130 5340 1279 5389; x_wconf 86' lang='lat' dir='ltr'><strong>esse;</strong></span> <span class='ocrx_word' id='word_1_678' title='bbox 1318 5340 1423 5377; x_wconf 90' lang='lat' dir='ltr'><strong>non</strong></span> <span class='ocrx_word' id='word_1_679' title='bbox 1459 5324 1662 5377; x_wconf 87' lang='lat' dir='ltr'><strong>idcirco</strong></span> <span class='ocrx_word' id='word_1_680' title='bbox 1700 5324 2003 5378; x_wconf 81' lang='lat' dir='ltr'><strong>Platonicos</strong></span> 
     </span>
    </p>
   </div>
   <div class='ocr_carea' id='block_1_102' title="bbox 430 5394 2002 5461">
    <p class='ocr_par' dir='ltr' id='par_1_102' title="bbox 430 5394 2002 5461">
     <span class='ocr_line' id='line_1_102' title="bbox 430 5394 2002 5461; baseline 0.001 -16"><span class='ocrx_word' id='word_1_681' title='bbox 430 5394 499 5446; x_wconf 85' lang='lat' dir='ltr'><strong>de</strong></span> <span class='ocrx_word' id='word_1_682' title='bbox 523 5394 694 5448; x_wconf 80' lang='lat' dir='ltr'><strong>Verbo</strong></span> <span class='ocrx_word' id='word_1_683' title='bbox 727 5394 839 5461; x_wconf 87' lang='lat' dir='ltr'><strong>jam</strong></span> <span class='ocrx_word' id='word_1_684' title='bbox 873 5407 985 5449; x_wconf 90' lang='lat' dir='ltr'><strong>tum</strong></span> <span class='ocrx_word' id='word_1_685' title='bbox 1019 5396 1259 5449; x_wconf 80' lang='lat' dir='ltr'><strong>dederim</strong></span> <span class='ocrx_word' id='word_1_686' title='bbox 1290 5396 1631 5447; x_wconf 74' lang='lat' dir='ltr'><strong>disseruisse.</strong></span> <span class='ocrx_word' id='word_1_687' title='bbox 1676 5394 1839 5448; x_wconf 86' lang='lat' dir='ltr'><strong>Paulo</strong></span> <span class='ocrx_word' id='word_1_688' title='bbox 1875 5405 2002 5447; x_wconf 87' lang='lat' dir='ltr'><strong>ante</strong></span> 
     </span>
    </p>
   </div>
   <div class='ocr_carea' id='block_1_103' title="bbox 429 5463 1999 5530">
    <p class='ocr_par' dir='ltr' id='par_1_103' title="bbox 429 5463 1999 5530">
     <span class='ocr_line' id='line_1_103' title="bbox 429 5463 1999 5530; baseline -0.001 -15"><span class='ocrx_word' id='word_1_689' title='bbox 429 5463 647 5518; x_wconf 89' lang='lat' dir='ltr'><strong>dicebat</strong></span> <span class='ocrx_word' id='word_1_690' title='bbox 673 5480 832 5518; x_wconf 76' lang='lat' dir='ltr'><strong>senex</strong></span> <span class='ocrx_word' id='word_1_691' title='bbox 867 5483 882 5519; x_wconf 93' lang='lat'><strong>:</strong></span> <span class='ocrx_word' id='word_1_692' title='bbox 921 5482 938 5516; x_wconf 86' lang='grc' dir='ltr'><strong>ι</strong></span> <span class='ocrx_word' id='word_1_693' title='bbox 973 5467 1052 5519; x_wconf 84' lang='lat' dir='ltr'><strong>An</strong></span> <span class='ocrx_word' id='word_1_694' title='bbox 1077 5466 1244 5519; x_wconf 90' lang='lat' dir='ltr'><strong>Deum</strong></span> <span class='ocrx_word' id='word_1_695' title='bbox 1272 5466 1476 5517; x_wconf 82' lang='lat' dir='ltr'><strong>videbit</strong></span> <span class='ocrx_word' id='word_1_696' title='bbox 1505 5464 1797 5530; x_wconf 83' lang='lat' dir='ltr'><strong>aliquando</strong></span> <span class='ocrx_word' id='word_1_697' title='bbox 1818 5467 1999 5516; x_wconf 85' lang='lat' dir='ltr'><strong>huma-</strong></span> 
     </span>
    </p>
   </div>
   <div class='ocr_carea' id='block_1_104' title="bbox 432 5534 1997 5603">
    <p class='ocr_par' dir='ltr' id='par_1_104' title="bbox 432 5534 1997 5603">
     <span class='ocr_line' id='line_1_104' title="bbox 432 5534 1997 5603; baseline 0.002 -19"><span class='ocrx_word' id='word_1_698' title='bbox 432 5547 501 5603; x_wconf 86' lang='lat' dir='ltr'><strong>na</strong></span> <span class='ocrx_word' id='word_1_699' title='bbox 523 5550 673 5586; x_wconf 88' lang='lat' dir='ltr'><strong>mens</strong></span> <span class='ocrx_word' id='word_1_700' title='bbox 690 5535 896 5603; x_wconf 83' lang='lat' dir='ltr'><strong>Spiritu</strong></span> <span class='ocrx_word' id='word_1_701' title='bbox 915 5547 1107 5590; x_wconf 90' lang='lat' dir='ltr'><strong>sancto</strong></span> <span class='ocrx_word' id='word_1_702' title='bbox 1134 5551 1237 5587; x_wconf 91' lang='lat' dir='ltr'><strong>non</strong></span> <span class='ocrx_word' id='word_1_703' title='bbox 1264 5534 1592 5588; x_wconf 69' lang='lat' dir='ltr'><strong>exornata?»</strong></span> <span class='ocrx_word' id='word_1_704' title='bbox 1619 5537 1698 5585; x_wconf 84' lang='lat' dir='ltr'><strong>An</strong></span> <span class='ocrx_word' id='word_1_705' title='bbox 1721 5536 1843 5587; x_wconf 89' lang='lat' dir='ltr'><strong>inde</strong></span> <span class='ocrx_word' id='word_1_706' title='bbox 1868 5550 1997 5588; x_wconf 87' lang='lat' dir='ltr'><strong>con-</strong></span> 
     </span>
    </p>
   </div>
   <div class='ocr_carea' id='block_1_105' title="bbox 430 5602 1997 5672">
    <p class='ocr_par' dir='ltr' id='par_1_105' title="bbox 430 5602 1997 5672">
     <span class='ocr_line' id='line_1_105' title="bbox 430 5602 1997 5672; baseline 0.003 -21"><span class='ocrx_word' id='word_1_707' title='bbox 430 5602 619 5656; x_wconf 89' lang='lat' dir='ltr'><strong>cludes</strong></span> <span class='ocrx_word' id='word_1_708' title='bbox 645 5602 951 5659; x_wconf 76' lang='lat' dir='ltr'><strong>Platonicos</strong></span> <span class='ocrx_word' id='word_1_709' title='bbox 979 5622 1083 5657; x_wconf 88' lang='lat' dir='ltr'><strong>tton</strong></span> <span class='ocrx_word' id='word_1_710' title='bbox 1113 5606 1336 5659; x_wconf 79' lang='lat' dir='ltr'><strong>latuisse</strong></span> <span class='ocrx_word' id='word_1_711' title='bbox 1358 5605 1487 5671; x_wconf 89' lang='lat' dir='ltr'><strong>quid</strong></span> <span class='ocrx_word' id='word_1_712' title='bbox 1514 5606 1583 5656; x_wconf 85' lang='lat' dir='ltr'><strong>sit</strong></span> <span class='ocrx_word' id='word_1_713' title='bbox 1608 5606 1845 5672; x_wconf 81' lang='lat' dir='ltr'><strong>Spiritus</strong></span> <span class='ocrx_word' id='word_1_714' title='bbox 1871 5619 1997 5656; x_wconf 86' lang='lat' dir='ltr'><strong>san-</strong></span> 
     </span>
    </p>
   </div>
   <div class='ocr_carea' id='block_1_106' title="bbox 431 5673 1998 5743">
    <p class='ocr_par' dir='ltr' id='par_1_106' title="bbox 431 5673 1998 5743">
     <span class='ocr_line' id='line_1_106' title="bbox 431 5673 1998 5743; baseline 0.003 -21"><span class='ocrx_word' id='word_1_715' title='bbox 431 5673 587 5725; x_wconf 80' lang='lat' dir='ltr'><strong>ctus?</strong></span> <span class='ocrx_word' id='word_1_716' title='bbox 614 5675 694 5727; x_wconf 78' lang='lat' dir='ltr'><strong>Ad</strong></span> <span class='ocrx_word' id='word_1_717' title='bbox 725 5678 970 5731; x_wconf 88' lang='lat' dir='ltr'><strong>eumdem</strong></span> <span class='ocrx_word' id='word_1_718' title='bbox 1003 5676 1268 5743; x_wconf 88' lang='lat' dir='ltr'><strong>Spiritum</strong></span> <span class='ocrx_word' id='word_1_719' title='bbox 1302 5673 1494 5728; x_wconf 85' lang='lat' dir='ltr'><strong>rel‘crri</strong></span> <span class='ocrx_word' id='word_1_720' title='bbox 1529 5676 1751 5737; x_wconf 86' lang='lat' dir='ltr'><strong>debent,</strong></span> <span class='ocrx_word' id='word_1_721' title='bbox 1780 5689 1900 5742; x_wconf 76' lang='lat' dir='ltr'><strong>qua:</strong></span> <span class='ocrx_word' id='word_1_722' title='bbox 1931 5676 1998 5727; x_wconf 86' lang='lat' dir='ltr'><strong>de</strong></span> 
     </span>
    </p>
   </div>
   <div class='ocr_carea' id='block_1_107' title="bbox 430 5743 1997 5811">
    <p class='ocr_par' dir='ltr' id='par_1_107' title="bbox 430 5743 1997 5811">
     <span class='ocr_line' id='line_1_107' title="bbox 430 5743 1997 5811; baseline 0.003 -19"><span class='ocrx_word' id='word_1_723' title='bbox 430 5743 577 5811; x_wconf 74' lang='lat' dir='ltr'><strong>regia</strong></span> <span class='ocrx_word' id='word_1_724' title='bbox 630 5756 810 5801; x_wconf 84' lang='lat' dir='ltr'><strong>mente</strong></span> <span class='ocrx_word' id='word_1_725' title='bbox 872 5748 978 5805; x_wconf 85' lang='lat' dir='ltr'><strong>hoc</strong></span> <span class='ocrx_word' id='word_1_726' title='bbox 1026 5746 1143 5801; x_wconf 91' lang='lat' dir='ltr'><strong>loco</strong></span> <span class='ocrx_word' id='word_1_727' title='bbox 1196 5747 1473 5800; x_wconf 88' lang='lat' dir='ltr'><strong>dicuntur.</strong></span> <span class='ocrx_word' id='word_1_728' title='bbox 1530 5743 1997 5811; x_wconf 84' lang='lat' dir='ltr'><strong>Quemadmodum</strong></span> 
     </span>
    </p>
   </div>
   <div class='ocr_carea' id='block_1_108' title="bbox 2112 4684 3689 4755">
    <p class='ocr_par' dir='ltr' id='par_1_108' title="bbox 2112 4684 3689 4755">
     <span class='ocr_line' id='line_1_108' title="bbox 2112 4684 3689 4755; baseline -0.004 -13"><span class='ocrx_word' id='word_1_729' title='bbox 2112 4684 2273 4755; x_wconf 87' lang='lat' dir='ltr'><strong>quam</strong></span> <span class='ocrx_word' id='word_1_730' title='bbox 2307 4688 2680 4741; x_wconf 80' lang='lat' dir='ltr'><strong>animadvertit</strong></span> <span class='ocrx_word' id='word_1_731' title='bbox 2708 4685 2977 4755; x_wconf 86' lang='lat' dir='ltr'><strong>Jttstinttm</strong></span> <span class='ocrx_word' id='word_1_732' title='bbox 3027 4684 3275 4755; x_wconf 68' lang='lat' dir='ltr'><strong>humanm</strong></span> <span class='ocrx_word' id='word_1_733' title='bbox 3303 4690 3511 4735; x_wconf 71' lang='lat' dir='ltr'><strong>naturae</strong></span> <span class='ocrx_word' id='word_1_734' title='bbox 3541 4685 3689 4755; x_wconf 76' lang='lat' dir='ltr'><strong>hanc</strong></span> 
     </span>
    </p>
   </div>
   <div class='ocr_carea' id='block_1_109' title="bbox 2112 4752 3687 4817">
    <p class='ocr_par' dir='ltr' id='par_1_109' title="bbox 2112 4752 3687 4817">
     <span class='ocr_line' id='line_1_109' title="bbox 2112 4752 3687 4817; baseline -0.006 -3"><span class='ocrx_word' id='word_1_735' title='bbox 2112 4752 2205 4814; x_wconf 82' lang='lat' dir='ltr'><strong>Dei</strong></span> <span class='ocrx_word' id='word_1_736' title='bbox 2242 4761 2458 4813; x_wconf 81' lang='lat' dir='ltr'><strong>videndi</strong></span> <span class='ocrx_word' id='word_1_737' title='bbox 2486 4756 2796 4810; x_wconf 74' lang='lat' dir='ltr'><strong>facultatem</strong></span> <span class='ocrx_word' id='word_1_738' title='bbox 2821 4754 3138 4815; x_wconf 80' lang='lat' dir='ltr'><strong>atlrihnere,</strong></span> <span class='ocrx_word' id='word_1_739' title='bbox 3163 4753 3358 4803; x_wconf 89' lang='lat' dir='ltr'><strong>iterum</strong></span> <span class='ocrx_word' id='word_1_740' title='bbox 3389 4752 3581 4817; x_wconf 65' lang='lat' dir='ltr'><strong>quierit</strong></span> <span class='ocrx_word' id='word_1_741' title='bbox 3613 4768 3687 4804; x_wconf 85' lang='lat' dir='ltr'><strong>an</strong></span> 
     </span>
    </p>
   </div>
   <div class='ocr_carea' id='block_1_110' title="bbox 2113 4821 3689 4888">
    <p class='ocr_par' dir='ltr' id='par_1_110' title="bbox 2113 4821 3689 4888">
     <span class='ocr_line' id='line_1_110' title="bbox 2113 4821 3689 4888; baseline -0.004 -7"><span class='ocrx_word' id='word_1_742' title='bbox 2113 4830 2291 4882; x_wconf 81' lang='lat' dir='ltr'><strong>anima</strong></span> <span class='ocrx_word' id='word_1_743' title='bbox 2319 4839 2503 4882; x_wconf 88' lang='lat' dir='ltr'><strong>nostra</strong></span> <span class='ocrx_word' id='word_1_744' title='bbox 2536 4827 2714 4879; x_wconf 81' lang='lat' dir='ltr'><strong>divina</strong></span> <span class='ocrx_word' id='word_1_745' title='bbox 2741 4829 2811 4878; x_wconf 90' lang='lat' dir='ltr'><strong>sit</strong></span> <span class='ocrx_word' id='word_1_746' title='bbox 2842 4835 2898 4876; x_wconf 90' lang='lat' dir='ltr'><strong>et</strong></span> <span class='ocrx_word' id='word_1_747' title='bbox 2929 4822 3246 4875; x_wconf 87' lang='lat' dir='ltr'><strong>immortalis</strong></span> <span class='ocrx_word' id='word_1_748' title='bbox 3274 4832 3330 4874; x_wconf 89' lang='lat' dir='ltr'><strong>et</strong></span> <span class='ocrx_word' id='word_1_749' title='bbox 3350 4823 3509 4888; x_wconf 77' lang='lat' dir='ltr'><strong>regia:</strong></span> <span class='ocrx_word' id='word_1_750' title='bbox 3535 4821 3689 4874; x_wconf 89' lang='lat' dir='ltr'><strong>illius</strong></span> 
     </span>
    </p>
   </div>
   <div class='ocr_carea' id='block_1_111' title="bbox 2112 4894 3689 4967">
    <p class='ocr_par' dir='ltr' id='par_1_111' title="bbox 2112 4894 3689 4967">
     <span class='ocr_line' id='line_1_111' title="bbox 2112 4894 3689 4967; baseline -0.005 -14"><span class='ocrx_word' id='word_1_751' title='bbox 2112 4901 2312 4953; x_wconf 82' lang='lat' dir='ltr'><strong>mentis</strong></span> <span class='ocrx_word' id='word_1_752' title='bbox 2343 4897 2628 4967; x_wconf 88' lang='lat' dir='ltr'><strong>particula.</strong></span> <span class='ocrx_word' id='word_1_753' title='bbox 2663 4894 3012 4967; x_wconf 83' lang='lat' dir='ltr'><strong>Perspicuum</strong></span> <span class='ocrx_word' id='word_1_754' title='bbox 3061 4904 3191 4967; x_wconf 80' lang='lat' dir='ltr'><strong>ergo</strong></span> <span class='ocrx_word' id='word_1_755' title='bbox 3219 4899 3320 4967; x_wconf 87' lang='lat' dir='ltr'><strong>_est</strong></span> <span class='ocrx_word' id='word_1_756' title='bbox 3346 4905 3485 4967; x_wconf 74' lang='lat' dir='ltr'><strong>eum</strong></span> <span class='ocrx_word' id='word_1_757' title='bbox 3539 4906 3689 4945; x_wconf 83' lang='lat' dir='ltr'><strong>nunc</strong></span> 
     </span>
    </p>
   </div>
   <div class='ocr_carea' id='block_1_112' title="bbox 2112 4960 3690 5037">
    <p class='ocr_par' dir='ltr' id='par_1_112' title="bbox 2112 4960 3690 5037">
     <span class='ocr_line' id='line_1_112' title="bbox 2112 4960 3690 5037; baseline -0.004 -16"><span class='ocrx_word' id='word_1_758' title='bbox 2112 4960 2379 5037; x_wconf 67' lang='lat' dir='ltr'><strong>quaareré.</strong></span> <span class='ocrx_word' id='word_1_759' title='bbox 2413 4984 2478 5020; x_wconf 89' lang='lat' dir='ltr'><strong>an</strong></span> <span class='ocrx_word' id='word_1_760' title='bbox 2510 4968 2693 5019; x_wconf 87' lang='lat' dir='ltr'><strong>anima</strong></span> <span class='ocrx_word' id='word_1_761' title='bbox 2716 4960 2868 5037; x_wconf 74' lang='lat' dir='ltr'><strong>illius</strong></span> <span class='ocrx_word' id='word_1_762' title='bbox 2903 4964 2973 5017; x_wconf 87' lang='lat' dir='ltr'><strong>sit</strong></span> <span class='ocrx_word' id='word_1_763' title='bbox 3003 4960 3291 5037; x_wconf 64' lang='lat' dir='ltr'><strong>particula,</strong></span> <span class='ocrx_word' id='word_1_764' title='bbox 3327 4962 3394 5037; x_wconf 79' lang='lat' dir='ltr'><strong>de</strong></span> <span class='ocrx_word' id='word_1_765' title='bbox 3424 4974 3529 5037; x_wconf 77' lang='lat' dir='ltr'><strong>quo</strong></span> <span class='ocrx_word' id='word_1_766' title='bbox 3557 4974 3690 5037; x_wconf 64' lang='lat' dir='ltr'><strong>ante</strong></span> 
     </span>
    </p>
   </div>
   <div class='ocr_carea' id='block_1_113' title="bbox 2112 5029 3685 5106">
    <p class='ocr_par' dir='ltr' id='par_1_113' title="bbox 2112 5029 3685 5106">
     <span class='ocr_line' id='line_1_113' title="bbox 2112 5029 3685 5106; baseline -0.004 -18"><span class='ocrx_word' id='word_1_767' title='bbox 2112 5029 2422 5106; x_wconf 62' lang='lat' dir='ltr'><strong>qna‘siet&#39;at,</strong></span> <span class='ocrx_word' id='word_1_768' title='bbox 2450 5053 2516 5089; x_wconf 89' lang='lat' dir='ltr'><strong>an</strong></span> <span class='ocrx_word' id='word_1_769' title='bbox 2557 5038 2674 5089; x_wconf 85' lang='lat' dir='ltr'><strong>sine</strong></span> <span class='ocrx_word' id='word_1_770' title='bbox 2715 5035 2860 5086; x_wconf 90' lang='lat' dir='ltr'><strong>illius</strong></span> <span class='ocrx_word' id='word_1_771' title='bbox 2892 5033 3094 5106; x_wconf 48' lang='lat' dir='ltr'><strong>auxilio</strong></span> <span class='ocrx_word' id='word_1_772' title='bbox 3130 5032 3265 5106; x_wconf 83' lang='lat' dir='ltr'><strong>Deus</strong></span> <span class='ocrx_word' id='word_1_773' title='bbox 3293 5029 3461 5106; x_wconf 75' lang='lat' dir='ltr'><strong>videri</strong></span> <span class='ocrx_word' id='word_1_774' title='bbox 3488 5030 3685 5106; x_wconf 62' lang='lat' dir='ltr'><strong>possit.</strong></span> 
     </span>
    </p>
   </div>
   <div class='ocr_carea' id='block_1_114' title="bbox 2111 5097 3687 5167">
    <p class='ocr_par' dir='ltr' id='par_1_114' title="bbox 2111 5097 3687 5167">
     <span class='ocr_line' id='line_1_114' title="bbox 2111 5097 3687 5167; baseline -0.009 -3"><span class='ocrx_word' id='word_1_775' title='bbox 2111 5097 2362 5164; x_wconf 68' lang='lat' dir='ltr'><strong>Haeretici</strong></span> <span class='ocrx_word' id='word_1_776' title='bbox 2396 5097 2537 5161; x_wconf 83' lang='lat' dir='ltr'><strong>illius</strong></span> <span class='ocrx_word' id='word_1_777' title='bbox 2567 5108 2759 5165; x_wconf 78' lang='lat' dir='ltr'><strong>:etatis,</strong></span> <span class='ocrx_word' id='word_1_778' title='bbox 2793 5119 2914 5156; x_wconf 90' lang='lat' dir='ltr'><strong>cum</strong></span> <span class='ocrx_word' id='word_1_779' title='bbox 2941 5102 3150 5153; x_wconf 85' lang='lat' dir='ltr'><strong>viribus</strong></span> <span class='ocrx_word' id='word_1_780' title='bbox 3181 5101 3292 5151; x_wconf 87' lang='lat' dir='ltr'><strong>suis</strong></span> <span class='ocrx_word' id='word_1_781' title='bbox 3316 5100 3478 5165; x_wconf 90' lang='lat' dir='ltr'><strong>impie</strong></span> <span class='ocrx_word' id='word_1_782' title='bbox 3502 5097 3687 5167; x_wconf 69' lang='lat' dir='ltr'><strong>conﬁ-</strong></span> 
     </span>
    </p>
   </div>
   <div class='ocr_carea' id='block_1_115' title="bbox 2107 5170 3691 5243">
    <p class='ocr_par' dir='ltr' id='par_1_115' title="bbox 2107 5170 3691 5243">
     <span class='ocr_line' id='line_1_115' title="bbox 2107 5170 3691 5243; baseline -0.011 -10"><span class='ocrx_word' id='word_1_783' title='bbox 2107 5182 2587 5243; x_wconf 83' lang='lat' dir='ltr'><strong>derent,naturam</strong></span> <span class='ocrx_word' id='word_1_784' title='bbox 2622 5174 2979 5229; x_wconf 85' lang='lat' dir='ltr'><strong>immortalem</strong></span> <span class='ocrx_word' id='word_1_785' title='bbox 3009 5183 3061 5224; x_wconf 90' lang='lat' dir='ltr'><strong>et</strong></span> <span class='ocrx_word' id='word_1_786' title='bbox 3095 5173 3201 5223; x_wconf 84' lang='lat' dir='ltr'><strong>Deo</strong></span> <span class='ocrx_word' id='word_1_787' title='bbox 3242 5170 3691 5243; x_wconf 72' lang='lat' dir='ltr'><strong>consubstantia-</strong></span> 
     </span>
    </p>
   </div>
   <div class='ocr_carea' id='block_1_116' title="bbox 2106 5236 3689 5315">
    <p class='ocr_par' dir='ltr' id='par_1_116' title="bbox 2106 5236 3689 5315">
     <span class='ocr_line' id='line_1_116' title="bbox 2106 5236 3689 5315; baseline -0.008 -11"><span class='ocrx_word' id='word_1_788' title='bbox 2106 5252 2211 5304; x_wconf 87' lang='lat' dir='ltr'><strong>lem</strong></span> <span class='ocrx_word' id='word_1_789' title='bbox 2262 5236 2361 5303; x_wconf 85' lang='lat' dir='ltr'><strong>sibi</strong></span> <span class='ocrx_word' id='word_1_790' title='bbox 2409 5246 2738 5315; x_wconf 75' lang='lat' dir='ltr'><strong>arrOgabant</strong></span> <span class='ocrx_word' id='word_1_791' title='bbox 2780 5246 2847 5297; x_wconf 88' lang='lat' dir='ltr'><strong>ob</strong></span> <span class='ocrx_word' id='word_1_792' title='bbox 2894 5257 3079 5295; x_wconf 88' lang='lat' dir='ltr'><strong>semen</strong></span> <span class='ocrx_word' id='word_1_793' title='bbox 3111 5240 3381 5315; x_wconf 84' lang='lat' dir='ltr'><strong>quoddam</strong></span> <span class='ocrx_word' id='word_1_794' title='bbox 3412 5238 3511 5315; x_wconf 69' lang='lat' dir='ltr'><strong>sibi</strong></span> <span class='ocrx_word' id='word_1_795' title='bbox 3547 5236 3689 5303; x_wconf 83' lang='lat' dir='ltr'><strong>inje-</strong></span> 
     </span>
    </p>
   </div>
   <div class='ocr_carea' id='block_1_117' title="bbox 2108 5306 3688 5376">
    <p class='ocr_par' dir='ltr' id='par_1_117' title="bbox 2108 5306 3688 5376">
     <span class='ocr_line' id='line_1_117' title="bbox 2108 5306 3688 5376; baseline -0.009 -4"><span class='ocrx_word' id='word_1_796' title='bbox 2108 5330 2255 5374; x_wconf 87' lang='lat' dir='ltr'><strong>ctum</strong></span> <span class='ocrx_word' id='word_1_797' title='bbox 2284 5335 2311 5371; x_wconf 90' lang='lat' dir='ltr'><strong>a</strong></span> <span class='ocrx_word' id='word_1_798' title='bbox 2350 5329 2522 5370; x_wconf 87' lang='lat' dir='ltr'><strong>matre</strong></span> <span class='ocrx_word' id='word_1_799' title='bbox 2540 5306 2645 5368; x_wconf 56' lang='lat' dir='ltr'><strong>sua</strong></span> <span class='ocrx_word' id='word_1_800' title='bbox 2677 5316 2991 5371; x_wconf 84' lang='lat' dir='ltr'><strong>Acbamots,</strong></span> <span class='ocrx_word' id='word_1_801' title='bbox 3026 5306 3185 5376; x_wconf 81' lang='lat' dir='ltr'><strong>quam</strong></span> <span class='ocrx_word' id='word_1_802' title='bbox 3222 5311 3386 5361; x_wconf 89' lang='lat' dir='ltr'><strong>etiam</strong></span> <span class='ocrx_word' id='word_1_803' title='bbox 3416 5306 3688 5373; x_wconf 74' lang='lat' dir='ltr'><strong>Spiritum</strong></span> 
     </span>
    </p>
   </div>
   <div class='ocr_carea' id='block_1_118' title="bbox 2109 5378 3691 5451">
    <p class='ocr_par' dir='ltr' id='par_1_118' title="bbox 2109 5378 3691 5451">
     <span class='ocr_line' id='line_1_118' title="bbox 2109 5378 3691 5451; baseline -0.012 -6"><span class='ocrx_word' id='word_1_804' title='bbox 2109 5401 2359 5445; x_wconf 88' lang='lat' dir='ltr'><strong>sanctum</strong></span> <span class='ocrx_word' id='word_1_805' title='bbox 2386 5388 2671 5441; x_wconf 81' lang='lat' dir='ltr'><strong>Vocabant.</strong></span> <span class='ocrx_word' id='word_1_806' title='bbox 2701 5386 2851 5438; x_wconf 81' lang='lat' dir='ltr'><strong>Plato</strong></span> <span class='ocrx_word' id='word_1_807' title='bbox 2881 5385 2930 5435; x_wconf 90' lang='lat' dir='ltr'><strong>in</strong></span> <span class='ocrx_word' id='word_1_808' title='bbox 2954 5379 3194 5451; x_wconf 76' lang='lat' dir='ltr'><strong>Philebo,</strong></span> <span class='ocrx_word' id='word_1_809' title='bbox 3221 5395 3274 5451; x_wconf 73' lang='grc' dir='ltr'><strong>ρ.</strong></span> <span class='ocrx_word' id='word_1_810' title='bbox 3309 5378 3400 5451; x_wconf 72' lang='lat' dir='ltr'><strong>5t),</strong></span> <span class='ocrx_word' id='word_1_811' title='bbox 3436 5379 3691 5451; x_wconf 58' lang='lat' dir='ltr'><strong>agnoscit</strong></span> 
     </span>
    </p>
   </div>
   <div class='ocr_carea' id='block_1_119' title="bbox 2104 5446 3689 5525">
    <p class='ocr_par' dir='ltr' id='par_1_119' title="bbox 2104 5446 3689 5525">
     <span class='ocr_line' id='line_1_119' title="bbox 2104 5446 3689 5525; baseline -0.012 -13"><span class='ocrx_word' id='word_1_812' title='bbox 2104 5462 2161 5513; x_wconf 86' lang='lat' dir='ltr'><strong>in</strong></span> <span class='ocrx_word' id='word_1_813' title='bbox 2200 5458 2349 5512; x_wconf 80' lang='lat' dir='ltr'><strong>Jovis</strong></span> <span class='ocrx_word' id='word_1_814' title='bbox 2403 5468 2618 5520; x_wconf 88' lang='lat' dir='ltr'><strong>natura,</strong></span> <span class='ocrx_word' id='word_1_815' title='bbox 2654 5454 2936 5525; x_wconf 80' lang='grc' dir='ltr'>βασιλικὴν</span> <span class='ocrx_word' id='word_1_816' title='bbox 2978 5450 3172 5521; x_wconf 76' lang='grc' dir='ltr'>ψυχὴν,</span> <span class='ocrx_word' id='word_1_817' title='bbox 3190 5446 3689 5525; x_wconf 37' lang='grc' dir='ltr'>’βασιλικὸν-νοῦν,</span> 
     </span>
    </p>
   </div>
   <div class='ocr_carea' id='block_1_120' title="bbox 2105 5516 3689 5591">
    <p class='ocr_par' dir='ltr' id='par_1_120' title="bbox 2105 5516 3689 5591">
     <span class='ocr_line' id='line_1_120' title="bbox 2105 5516 3689 5591; baseline -0.013 -7"><span class='ocrx_word' id='word_1_818' title='bbox 2105 5532 2199 5584; x_wconf 86' lang='lat' dir='ltr'><strong>sed</strong></span> <span class='ocrx_word' id='word_1_819' title='bbox 2230 5534 2370 5583; x_wconf 87' lang='lat' dir='ltr'><strong>hanc</strong></span> <span class='ocrx_word' id='word_1_820' title='bbox 2393 5516 2665 5591; x_wconf 46' lang='lat' dir='ltr'><strong>animam,&quot;</strong></span> <span class='ocrx_word' id='word_1_821' title='bbox 2692 5530 2833 5580; x_wconf 87' lang='lat' dir='ltr'><strong>banc</strong></span> <span class='ocrx_word' id='word_1_822' title='bbox 2875 5516 3162 5577; x_wconf 49' lang='lat' dir='ltr'><strong>[aenigma</strong></span> <span class='ocrx_word' id='word_1_823' title='bbox 3183 5516 3316 5571; x_wconf 65' lang='grc' dir='ltr'>δῦνε</span> <span class='ocrx_word' id='word_1_824' title='bbox 3345 5533 3451 5572; x_wconf 83' lang='lat' dir='ltr'><strong>non</strong></span> <span class='ocrx_word' id='word_1_825' title='bbox 3484 5516 3689 5569; x_wconf 82' lang='lat' dir='ltr'><strong>distiu-</strong></span> 
     </span>
    </p>
   </div>
   <div class='ocr_carea' id='block_1_121' title="bbox 2149 5612 2249 5653">
    <p class='ocr_par' dir='ltr' id='par_1_121' title="bbox 2149 5612 2249 5653">
     <span class='ocr_line' id='line_1_121' title="bbox 2149 5612 2249 5653; baseline 0 0"><span class='ocrx_word' id='word_1_826' title='bbox 2149 5612 2249 5653; x_wconf 83' lang='grc' dir='ltr'>ιιιι.</span> 
     </span>
    </p>
   </div>
   <div class='ocr_carea' id='block_1_122' title="bbox 2108 5614 3688 5740">
    <p class='ocr_par' dir='ltr' id='par_1_122' title="bbox 2108 5614 3688 5740">
     <span class='ocr_line' id='line_1_122' title="bbox 2108 5614 3688 5740; baseline -0.013 -14"><span class='ocrx_word' id='word_1_827' title='bbox 2108 5614 2285 5740; x_wconf 44' lang='lat' dir='ltr'><strong>“si?”</strong></span> <span class='ocrx_word' id='word_1_828' title='bbox 2324 5665 2520 5723; x_wconf 83' lang='grc' dir='ltr'>Πᾶσαι</span> <span class='ocrx_word' id='word_1_829' title='bbox 2574 5664 2625 5719; x_wconf 81' lang='grc' dir='ltr'>δ’</span> <span class='ocrx_word' id='word_1_830' title='bbox 2657 5662 2846 5740; x_wconf 57' lang='grc' dir='ltr'>αὐτῷ.</span> <span class='ocrx_word' id='word_1_831' title='bbox 2872 5660 3013 5740; x_wconf 79' lang='lat' dir='ltr'><strong>Lege</strong></span> <span class='ocrx_word' id='word_1_832' title='bbox 3056 5658 3206 5713; x_wconf 84' lang='grc' dir='ltr'>αὐτό.</span> <span class='ocrx_word' id='word_1_833' title='bbox 3254 5656 3473 5712; x_wconf 79' lang='lat' dir='ltr'><strong>Arridet</strong></span> <span class='ocrx_word' id='word_1_834' title='bbox 3512 5651 3688 5710; x_wconf 84' lang='lat' dir='ltr'><strong>etiam</strong></span> 
     </span>
    </p>
   </div>
   <div class='ocr_carea' id='block_1_123' title="bbox 2111 5734 3041 5797">
    <p class='ocr_par' dir='ltr' id='par_1_123' title="bbox 2111 5734 3041 5797">
     <span class='ocr_line' id='line_1_123' title="bbox 2111 5734 3041 5797; baseline -0.013 -1"><span class='ocrx_word' id='word_1_835' title='bbox 2111 5734 2359 5797; x_wconf 80' lang='lat' dir='ltr'><strong>Tlitrlbio</strong></span> <span class='ocrx_word' id='word_1_836' title='bbox 2388 5742 2501 5794; x_wconf 73' lang='lat' dir='ltr'><strong>inec</strong></span> <span class='ocrx_word' id='word_1_837' title='bbox 2523 5735 2850 5793; x_wconf 84' lang='lat' dir='ltr'><strong>emendandi</strong></span> <span class='ocrx_word' id='word_1_838' title='bbox 2878 5734 3041 5787; x_wconf 86' lang='lat' dir='ltr'><strong>ratio.</strong></span> 
     </span>
    </p>
   </div>
  </div>
