  <div class='ocr_page' id='page_1' title='image "/cluster/home/n/w/nwhite01/storage/ocr_20150623/6/mdp.39015004289917/254.png"; bbox 0 0 4006 6254; ppageno 0'>
   <div class='ocr_carea' id='block_1_1' title="bbox 271 336 365 393">
    <p class='ocr_par' dir='ltr' id='par_1_1' title="bbox 271 336 365 393">
     <span class='ocr_line' id='line_1_1' title="bbox 271 336 365 393; baseline 0 -2"><span class='ocrx_word' id='word_1_1' title='bbox 271 336 365 393; x_wconf 72' lang='grc' dir='ltr'><strong>ιδδ</strong></span> 
     </span>
    </p>
   </div>
   <div class='ocr_carea' id='block_1_2' title="bbox 1318 335 2542 400">
    <p class='ocr_par' dir='ltr' id='par_1_2' title="bbox 1318 335 2542 400">
     <span class='ocr_line' id='line_1_2' title="bbox 1318 335 2542 400; baseline 0.006 -7"><span class='ocrx_word' id='word_1_2' title='bbox 1318 335 1666 394; x_wconf 77' lang='lat' dir='ltr'><strong>DIALOGUS</strong></span> <span class='ocrx_word' id='word_1_3' title='bbox 1696 338 1842 396; x_wconf 81' lang='lat' dir='ltr'><strong>CUM</strong></span> <span class='ocrx_word' id='word_1_4' title='bbox 1877 339 2249 399; x_wconf 76' lang='lat' dir='ltr'><strong>TRYPHONE</strong></span> <span class='ocrx_word' id='word_1_5' title='bbox 2279 341 2542 400; x_wconf 71' lang='lat' dir='ltr'><strong>JUDA‘ZO.</strong></span> 
     </span>
    </p>
   </div>
   <div class='ocr_carea' id='block_1_3' title="bbox 3459 351 3566 406">
    <p class='ocr_par' dir='ltr' id='par_1_3' title="bbox 3459 351 3566 406">
     <span class='ocr_line' id='line_1_3' title="bbox 3459 351 3566 406; baseline 0.009 -2"><span class='ocrx_word' id='word_1_6' title='bbox 3459 351 3566 406; x_wconf 77' lang='grc'><strong>486</strong></span> 
     </span>
    </p>
   </div>
   <div class='ocr_carea' id='block_1_4' title="bbox 276 454 1889 533">
    <p class='ocr_par' dir='ltr' id='par_1_4' title="bbox 276 454 1889 531">
     <span class='ocr_line' id='line_1_4' title="bbox 276 454 1889 531; baseline -0.002 -18"><span class='ocrx_word' id='word_1_7' title='bbox 276 458 406 531; x_wconf 76' lang='grc' dir='ltr'>τέρῳ</span> <span class='ocrx_word' id='word_1_8' title='bbox 437 455 651 527; x_wconf 73' lang='grc' dir='ltr'>σώματι</span> <span class='ocrx_word' id='word_1_9' title='bbox 680 454 1073 530; x_wconf 79' lang='grc' dir='ltr'>λοιδοροῖντο.</span> <span class='ocrx_word' id='word_1_10' title='bbox 1110 459 1221 513; x_wconf 83' lang='grc' dir='ltr'><strong>Νῦν</strong></span> <span class='ocrx_word' id='word_1_11' title='bbox 1250 459 1294 513; x_wconf 83' lang='grc' dir='ltr'><strong>δ’</strong></span> <span class='ocrx_word' id='word_1_12' title='bbox 1326 459 1574 529; x_wconf 75' lang='grc' dir='ltr'><strong>ἐάσωμεν</strong></span> <span class='ocrx_word' id='word_1_13' title='bbox 1607 456 1769 512; x_wconf 78' lang='grc' dir='ltr'>οὕτω.</span> <span class='ocrx_word' id='word_1_14' title='bbox 1796 457 1889 512; x_wconf 81' lang='grc' dir='ltr'><strong>καὶ</strong></span> 
     </span>
    </p>
   </div>
   <div class='ocr_carea' id='block_1_5' title="bbox 2012 454 3567 533">
    <p class='ocr_par' dir='ltr' id='par_1_5' title="bbox 2012 458 3567 533">
     <span class='ocr_line' id='line_1_5' title="bbox 2012 458 3567 533; baseline 0.008 -21"><span class='ocrx_word' id='word_1_15' title='bbox 2012 468 2183 515; x_wconf 72' lang='lat' dir='ltr'><strong>nostro</strong></span> <span class='ocrx_word' id='word_1_16' title='bbox 2216 458 2449 514; x_wconf 85' lang='lat' dir='ltr'><strong>factura.</strong></span> <span class='ocrx_word' id='word_1_17' title='bbox 2477 458 2635 516; x_wconf 90' lang='lat' dir='ltr'><strong>Nunc</strong></span> <span class='ocrx_word' id='word_1_18' title='bbox 2674 469 2858 517; x_wconf 87' lang='lat' dir='ltr'><strong>autem</strong></span> <span class='ocrx_word' id='word_1_19' title='bbox 2893 460 2947 516; x_wconf 91' lang='lat' dir='ltr'><strong>id</strong></span> <span class='ocrx_word' id='word_1_20' title='bbox 2994 462 3331 533; x_wconf 84' lang='lat' dir='ltr'><strong>omittamus,</strong></span> <span class='ocrx_word' id='word_1_21' title='bbox 3367 479 3433 522; x_wconf 91' lang='lat' dir='ltr'><strong>ac</strong></span> <span class='ocrx_word' id='word_1_22' title='bbox 3468 469 3567 524; x_wconf 86' lang='lat' dir='ltr'><strong>tibi</strong></span> 
     </span>
    </p>
   </div>
   <div class='ocr_carea' id='block_1_6' title="bbox 288 549 1887 624">
    <p class='ocr_par' dir='ltr' id='par_1_6' title="bbox 288 549 1887 624">
     <span class='ocr_line' id='line_1_6' title="bbox 288 549 1887 624; baseline -0.003 -18"><span class='ocrx_word' id='word_1_23' title='bbox 288 552 364 606; x_wconf 72' lang='grc' dir='ltr'>σοὶ</span> <span class='ocrx_word' id='word_1_24' title='bbox 408 550 479 613; x_wconf 74' lang='grc' dir='ltr'>ὥς</span> <span class='ocrx_word' id='word_1_25' title='bbox 524 549 709 619; x_wconf 77' lang='grc' dir='ltr'>λέγεις</span> <span class='ocrx_word' id='word_1_26' title='bbox 768 551 1263 624; x_wconf 81' lang='grc' dir='ltr'>συγκεχωρήσθω.</span> <span class='ocrx_word' id='word_1_27' title='bbox 1292 552 1499 604; x_wconf 84' lang='grc' dir='ltr'>Ἐκεῖνο</span> <span class='ocrx_word' id='word_1_28' title='bbox 1530 550 1587 604; x_wconf 83' lang='grc' dir='ltr'><strong>δέ</strong></span> <span class='ocrx_word' id='word_1_29' title='bbox 1623 568 1711 620; x_wconf 86' lang='grc' dir='ltr'>μοι</span> <span class='ocrx_word' id='word_1_30' title='bbox 1746 550 1887 614; x_wconf 80' lang='grc' dir='ltr'>εἰπὲ,</span> 
     </span>
    </p>
   </div>
   <div class='ocr_carea' id='block_1_7' title="bbox 287 639 1891 714">
    <p class='ocr_par' dir='ltr' id='par_1_7' title="bbox 287 639 1891 714">
     <span class='ocr_line' id='line_1_7' title="bbox 287 639 1891 714; baseline -0.001 -18"><span class='ocrx_word' id='word_1_31' title='bbox 287 646 381 707; x_wconf 67' lang='grc' dir='ltr'>ἓως</span> <span class='ocrx_word' id='word_1_32' title='bbox 412 646 469 696; x_wconf 75' lang='grc' dir='ltr'>ὲν</span> <span class='ocrx_word' id='word_1_33' title='bbox 602 639 825 713; x_wconf 74' lang='grc' dir='ltr'>σώματὶ</span> <span class='ocrx_word' id='word_1_34' title='bbox 863 643 1031 696; x_wconf 71' lang='grc' dir='ltr'>ἐστιν</span> <span class='ocrx_word' id='word_1_35' title='bbox 1070 645 1104 714; x_wconf 84' lang='grc' dir='ltr'><strong>ή</strong></span> <span class='ocrx_word' id='word_1_36' title='bbox 1137 642 1305 714; x_wconf 71' lang='grc' dir='ltr'>ψυχὴ,</span> <span class='ocrx_word' id='word_1_37' title='bbox 1344 642 1610 713; x_wconf 81' lang='grc' dir='ltr'><strong>βλέπει,ἢ</strong></span> <span class='ocrx_word' id='word_1_38' title='bbox 1650 641 1891 696; x_wconf 85' lang='grc' dir='ltr'>ἀπαλλα-</span> 
     </span>
    </p>
   </div>
   <div class='ocr_carea' id='block_1_8' title="bbox 290 735 703 807">
    <p class='ocr_par' dir='ltr' id='par_1_8' title="bbox 290 735 703 807">
     <span class='ocr_line' id='line_1_8' title="bbox 290 735 703 807; baseline -0.01 -17"><span class='ocrx_word' id='word_1_39' title='bbox 290 741 443 807; x_wconf 75' lang='grc' dir='ltr'>γεῖσα</span> <span class='ocrx_word' id='word_1_40' title='bbox 473 735 662 789; x_wconf 81' lang='grc' dir='ltr'>τούτου</span> <span class='ocrx_word' id='word_1_41' title='bbox 686 751 703 799; x_wconf 85' lang='grc'>;</span> 
     </span>
    </p>
   </div>
   <div class='ocr_carea' id='block_1_9' title="bbox 359 822 1891 897">
    <p class='ocr_par' dir='ltr' id='par_1_9' title="bbox 359 822 1891 897">
     <span class='ocr_line' id='line_1_9' title="bbox 359 822 1891 897; baseline -0.006 -12"><span class='ocrx_word' id='word_1_42' title='bbox 359 829 468 885; x_wconf 71' lang='grc' dir='ltr'><strong>Καὶ</strong></span> <span class='ocrx_word' id='word_1_43' title='bbox 514 829 620 891; x_wconf 77' lang='grc' dir='ltr'>ἓως</span> <span class='ocrx_word' id='word_1_44' title='bbox 678 828 783 897; x_wconf 80' lang='grc' dir='ltr'><strong>μὲν</strong></span> <span class='ocrx_word' id='word_1_45' title='bbox 833 827 991 880; x_wconf 74' lang='grc' dir='ltr'>ἔστιν</span> <span class='ocrx_word' id='word_1_46' title='bbox 1046 828 1106 879; x_wconf 83' lang='grc' dir='ltr'>ὲν</span> <span class='ocrx_word' id='word_1_47' title='bbox 1151 824 1435 896; x_wconf 81' lang='grc' dir='ltr'>ἀνθρώπου</span> <span class='ocrx_word' id='word_1_48' title='bbox 1483 824 1633 889; x_wconf 75' lang='grc' dir='ltr'>εἴδει,</span> <span class='ocrx_word' id='word_1_49' title='bbox 1666 822 1891 877; x_wconf 80' lang='grc' dir='ltr'>δυνατὸν</span> 
     </span>
    </p>
   </div>
   <div class='ocr_carea' id='block_1_10' title="bbox 292 916 1891 993">
    <p class='ocr_par' dir='ltr' id='par_1_10' title="bbox 292 916 1891 993">
     <span class='ocr_line' id='line_1_10' title="bbox 292 916 1891 993; baseline -0.001 -23"><span class='ocrx_word' id='word_1_50' title='bbox 292 926 447 993; x_wconf 65' lang='grc' dir='ltr'>αὐτῇ,</span> <span class='ocrx_word' id='word_1_51' title='bbox 483 919 648 990; x_wconf 68' lang='grc' dir='ltr'>φημὶ,</span> <span class='ocrx_word' id='word_1_52' title='bbox 684 918 1019 987; x_wconf 72' lang='grc' dir='ltr'><strong>ἐγγενέσθαι</strong></span> <span class='ocrx_word' id='word_1_53' title='bbox 1064 917 1155 970; x_wconf 78' lang='grc' dir='ltr'><strong>διὰ</strong></span> <span class='ocrx_word' id='word_1_54' title='bbox 1202 916 1295 969; x_wconf 82' lang='grc' dir='ltr'>τοῦ</span> <span class='ocrx_word' id='word_1_55' title='bbox 1341 916 1432 969; x_wconf 83' lang='grc' dir='ltr'><strong>νοῦ</strong></span> <span class='ocrx_word' id='word_1_56' title='bbox 1450 916 1528 946; x_wconf 82' lang='grc'><strong>⁵¹·</strong></span> <span class='ocrx_word' id='word_1_57' title='bbox 1570 916 1803 986; x_wconf 86' lang='grc' dir='ltr'>μάλιστα</span> <span class='ocrx_word' id='word_1_58' title='bbox 1835 916 1891 969; x_wconf 83' lang='grc' dir='ltr'><strong>δὲ</strong></span> 
     </span>
    </p>
   </div>
   <div class='ocr_carea' id='block_1_11' title="bbox 292 1008 1891 1081">
    <p class='ocr_par' dir='ltr' id='par_1_11' title="bbox 292 1008 1891 1081">
     <span class='ocr_line' id='line_1_11' title="bbox 292 1008 1891 1081; baseline -0.006 -11"><span class='ocrx_word' id='word_1_59' title='bbox 292 1014 623 1071; x_wconf 71' lang='grc' dir='ltr'>ἀπολυθεῖσα</span> <span class='ocrx_word' id='word_1_60' title='bbox 666 1010 763 1065; x_wconf 77' lang='grc' dir='ltr'><strong>τοῦ</strong></span> <span class='ocrx_word' id='word_1_61' title='bbox 800 1010 1084 1081; x_wconf 83' lang='grc' dir='ltr'>σώματος,</span> <span class='ocrx_word' id='word_1_62' title='bbox 1118 1010 1214 1063; x_wconf 76' lang='grc' dir='ltr'><strong>καὶ</strong></span> <span class='ocrx_word' id='word_1_63' title='bbox 1245 1008 1383 1081; x_wconf 82' lang='grc' dir='ltr'>αὐτὴ</span> <span class='ocrx_word' id='word_1_64' title='bbox 1416 1008 1537 1063; x_wconf 83' lang='grc' dir='ltr'>καθ’</span> <span class='ocrx_word' id='word_1_65' title='bbox 1572 1008 1767 1079; x_wconf 79' lang='grc' dir='ltr'>ἑαυτὴν</span> <span class='ocrx_word' id='word_1_66' title='bbox 1799 1025 1891 1077; x_wconf 89' lang='grc' dir='ltr'><strong>γε-</strong></span> 
     </span>
    </p>
   </div>
   <div class='ocr_carea' id='block_1_12' title="bbox 291 1099 1891 1179">
    <p class='ocr_par' dir='ltr' id='par_1_12' title="bbox 291 1099 1891 1179">
     <span class='ocr_line' id='line_1_12' title="bbox 291 1099 1891 1179; baseline -0.006 -17"><span class='ocrx_word' id='word_1_67' title='bbox 291 1109 515 1179; x_wconf 75' lang='grc' dir='ltr'>νομένη,</span> <span class='ocrx_word' id='word_1_68' title='bbox 568 1106 833 1177; x_wconf 78' lang='grc' dir='ltr'><strong>τυγχάνει</strong></span> <span class='ocrx_word' id='word_1_69' title='bbox 883 1102 946 1158; x_wconf 72' lang='grc' dir='ltr'>οὗ</span> <span class='ocrx_word' id='word_1_70' title='bbox 998 1105 1109 1175; x_wconf 73' lang='grc' dir='ltr'><strong>ἦρα</strong></span> <span class='ocrx_word' id='word_1_71' title='bbox 1162 1102 1339 1156; x_wconf 84' lang='grc' dir='ltr'>πάντα</span> <span class='ocrx_word' id='word_1_72' title='bbox 1388 1101 1481 1154; x_wconf 78' lang='grc' dir='ltr'><strong>τὸν</strong></span> <span class='ocrx_word' id='word_1_73' title='bbox 1531 1100 1721 1173; x_wconf 85' lang='grc' dir='ltr'>χρόνον</span> <span class='ocrx_word' id='word_1_74' title='bbox 1755 1099 1891 1153; x_wconf 88' lang='grc' dir='ltr'>πάν-</span> 
     </span>
    </p>
   </div>
   <div class='ocr_carea' id='block_1_13' title="bbox 294 1200 645 1270">
    <p class='ocr_par' dir='ltr' id='par_1_13' title="bbox 294 1200 645 1270">
     <span class='ocr_line' id='line_1_13' title="bbox 294 1200 645 1270; baseline -0.014 -14"><span class='ocrx_word' id='word_1_75' title='bbox 294 1221 398 1256; x_wconf 83' lang='grc' dir='ltr'><strong>των</strong></span> <span class='ocrx_word' id='word_1_76' title='bbox 418 1203 465 1233; x_wconf 83' lang='grc'><strong>³²</strong></span> <span class='ocrx_word' id='word_1_77' title='bbox 502 1200 645 1270; x_wconf 84' lang='grc'>(80).</span> 
     </span>
    </p>
   </div>
   <div class='ocr_carea' id='block_1_14' title="bbox 361 1281 1888 1363">
    <p class='ocr_par' dir='ltr' id='par_1_14' title="bbox 361 1281 1888 1363">
     <span class='ocr_line' id='line_1_14' title="bbox 361 1281 1888 1363; baseline -0.007 -16"><span class='ocrx_word' id='word_1_78' title='bbox 361 1281 438 1347; x_wconf 77' lang='grc' dir='ltr'><strong><em>Ἦ</em></strong></span> <span class='ocrx_word' id='word_1_79' title='bbox 474 1293 575 1346; x_wconf 69' lang='grc' dir='ltr'><strong>καὶ</strong></span> <span class='ocrx_word' id='word_1_80' title='bbox 616 1290 891 1363; x_wconf 76' lang='grc' dir='ltr'><strong>μέμνηται</strong></span> <span class='ocrx_word' id='word_1_81' title='bbox 924 1287 1115 1342; x_wconf 78' lang='grc' dir='ltr'>τούτου</span> <span class='ocrx_word' id='word_1_82' title='bbox 1149 1286 1309 1341; x_wconf 77' lang='grc' dir='ltr'>πάλιν</span> <span class='ocrx_word' id='word_1_83' title='bbox 1342 1287 1399 1339; x_wconf 81' lang='grc' dir='ltr'>ὲν</span> <span class='ocrx_word' id='word_1_84' title='bbox 1432 1284 1703 1356; x_wconf 84' lang='grc' dir='ltr'><strong>ἀνθρώπῳ</strong></span> <span class='ocrx_word' id='word_1_85' title='bbox 1734 1302 1888 1354; x_wconf 90' lang='grc' dir='ltr'>γενο-</span> 
     </span>
    </p>
   </div>
   <div class='ocr_carea' id='block_1_15' title="bbox 373 1398 473 1453">
    <p class='ocr_par' dir='ltr' id='par_1_15' title="bbox 373 1398 473 1453">
     <span class='ocr_line' id='line_1_15' title="bbox 373 1398 473 1453; baseline -0.06 0"><span class='ocrx_word' id='word_1_86' title='bbox 373 1398 473 1453; x_wconf 72' lang='grc' dir='ltr'><strong>πὶῖ</strong></span> 
     </span>
    </p>
   </div>
   <div class='ocr_carea' id='block_1_16' title="bbox 300 1383 979 1543">
    <p class='ocr_par' dir='ltr' id='par_1_16' title="bbox 300 1383 979 1543">
     <span class='ocr_line' id='line_1_16' title="bbox 373 1398 473 1447; baseline 0 0"><span class='ocrx_word' id='word_1_87' title='bbox 373 1401 427 1435; x_wconf 75' lang='grc' dir='ltr'><strong>π’</strong></span> <span class='ocrx_word' id='word_1_88' title='bbox 456 1398 473 1447; x_wconf 83' lang='grc'><strong>;</strong></span> 
     </span>
     <span class='ocr_line' id='line_1_17' title="bbox 300 1383 979 1543; baseline -0.012 -13"><span class='ocrx_word' id='word_1_89' title='bbox 300 1383 446 1529; x_wconf 50' lang='grc' dir='ltr'><strong>μὲοὲ</strong></span> <span class='ocrx_word' id='word_1_90' title='bbox 485 1473 581 1543; x_wconf 57' lang='grc' dir='ltr'>μοὶ</span> <span class='ocrx_word' id='word_1_91' title='bbox 614 1470 785 1535; x_wconf 79' lang='grc' dir='ltr'>δοκεῖ,</span> <span class='ocrx_word' id='word_1_92' title='bbox 821 1468 979 1539; x_wconf 72' lang='grc' dir='ltr'><strong>ἔφην.</strong></span> 
     </span>
    </p>
   </div>
   <div class='ocr_carea' id='block_1_17' title="bbox 364 1552 1891 1633">
    <p class='ocr_par' dir='ltr' id='par_1_17' title="bbox 364 1552 1891 1633">
     <span class='ocr_line' id='line_1_18' title="bbox 364 1552 1891 1633; baseline -0.009 -12"><span class='ocrx_word' id='word_1_93' title='bbox 364 1567 433 1621; x_wconf 79' lang='grc' dir='ltr'><strong>Τί</strong></span> <span class='ocrx_word' id='word_1_94' title='bbox 479 1561 579 1620; x_wconf 83' lang='grc' dir='ltr'><strong>οὖν</strong></span> <span class='ocrx_word' id='word_1_95' title='bbox 630 1563 825 1633; x_wconf 71' lang='grc' dir='ltr'>ὄφελος</span> <span class='ocrx_word' id='word_1_96' title='bbox 868 1562 987 1622; x_wconf 82' lang='grc' dir='ltr'>ταῖς</span> <span class='ocrx_word' id='word_1_97' title='bbox 1035 1555 1290 1621; x_wconf 75' lang='grc' dir='ltr'>ἱδούσαις,</span> <span class='ocrx_word' id='word_1_98' title='bbox 1325 1553 1360 1626; x_wconf 82' lang='grc' dir='ltr'>ἢ</span> <span class='ocrx_word' id='word_1_99' title='bbox 1407 1554 1459 1608; x_wconf 83' lang='grc' dir='ltr'>τί</span> <span class='ocrx_word' id='word_1_100' title='bbox 1492 1553 1655 1610; x_wconf 83' lang='grc' dir='ltr'>πλέον</span> <span class='ocrx_word' id='word_1_101' title='bbox 1686 1554 1780 1609; x_wconf 81' lang='grc' dir='ltr'>τοῦ</span> <span class='ocrx_word' id='word_1_102' title='bbox 1817 1552 1891 1627; x_wconf 79' lang='grc' dir='ltr'><strong>μὴ</strong></span> 
     </span>
    </p>
   </div>
   <div class='ocr_carea' id='block_1_18' title="bbox 301 1643 1889 1726">
    <p class='ocr_par' dir='ltr' id='par_1_18' title="bbox 301 1643 1889 1726">
     <span class='ocr_line' id='line_1_19' title="bbox 301 1643 1889 1726; baseline -0.009 -12"><span class='ocrx_word' id='word_1_103' title='bbox 301 1660 498 1723; x_wconf 61' lang='grc' dir='ltr'>ἰδόντος</span> <span class='ocrx_word' id='word_1_104' title='bbox 546 1660 579 1711; x_wconf 82' lang='grc' dir='ltr'>ὁ</span> <span class='ocrx_word' id='word_1_105' title='bbox 634 1655 762 1710; x_wconf 69' lang='grc' dir='ltr'><strong>ἰδὼν</strong></span> <span class='ocrx_word' id='word_1_106' title='bbox 808 1653 940 1726; x_wconf 71' lang='grc' dir='ltr'>ἔχει,</span> <span class='ocrx_word' id='word_1_107' title='bbox 975 1654 1025 1706; x_wconf 82' lang='grc' dir='ltr'><strong>ει</strong></span> <span class='ocrx_word' id='word_1_108' title='bbox 1072 1650 1211 1723; x_wconf 81' lang='grc' dir='ltr'><strong>μηδὲ</strong></span> <span class='ocrx_word' id='word_1_109' title='bbox 1256 1648 1391 1706; x_wconf 82' lang='grc' dir='ltr'>αὐτὸ</span> <span class='ocrx_word' id='word_1_110' title='bbox 1438 1648 1615 1714; x_wconf 80' lang='grc' dir='ltr'>τοῦτο,</span> <span class='ocrx_word' id='word_1_111' title='bbox 1648 1648 1729 1702; x_wconf 81' lang='grc' dir='ltr'>ὅτι</span> <span class='ocrx_word' id='word_1_112' title='bbox 1760 1643 1889 1715; x_wconf 78' lang='grc' dir='ltr'>εἶδε,</span> 
     </span>
    </p>
   </div>
   <div class='ocr_carea' id='block_1_19' title="bbox 299 1752 707 1822">
    <p class='ocr_par' dir='ltr' id='par_1_19' title="bbox 299 1752 707 1822">
     <span class='ocr_line' id='line_1_20' title="bbox 299 1752 707 1822; baseline 0.01 -18"><span class='ocrx_word' id='word_1_113' title='bbox 299 1752 578 1822; x_wconf 76' lang='grc' dir='ltr'><strong>μέμνηται</strong></span> <span class='ocrx_word' id='word_1_114' title='bbox 610 1768 622 1808; x_wconf 72' lang='grc' dir='ltr'>ζ</span> <span class='ocrx_word' id='word_1_115' title='bbox 695 1752 707 1761; x_wconf 78' lang='grc'><strong>”</strong></span> 
     </span>
    </p>
   </div>
   <div class='ocr_carea' id='block_1_20' title="bbox 362 1919 1215 1997">
    <p class='ocr_par' dir='ltr' id='par_1_20' title="bbox 362 1919 1215 1997">
     <span class='ocr_line' id='line_1_21' title="bbox 362 1919 1215 1997; baseline -0.007 -15"><span class='ocrx_word' id='word_1_116' title='bbox 362 1929 481 1982; x_wconf 74' lang='grc' dir='ltr'>Οὐκ</span> <span class='ocrx_word' id='word_1_117' title='bbox 515 1926 634 1997; x_wconf 74' lang='grc' dir='ltr'>ἔχω</span> <span class='ocrx_word' id='word_1_118' title='bbox 667 1927 866 1990; x_wconf 76' lang='grc' dir='ltr'>εἰπεῖν,</span> <span class='ocrx_word' id='word_1_119' title='bbox 893 1919 967 1995; x_wconf 77' lang='grc' dir='ltr'>ἦν</span> <span class='ocrx_word' id='word_1_120' title='bbox 1000 1922 1047 1977; x_wconf 85' lang='grc' dir='ltr'><strong>δ’</strong></span> <span class='ocrx_word' id='word_1_121' title='bbox 1083 1920 1215 1992; x_wconf 72' lang='grc' dir='ltr'><strong>ἐγώ.</strong></span> 
     </span>
    </p>
   </div>
   <div class='ocr_carea' id='block_1_21' title="bbox 364 2009 1890 2088">
    <p class='ocr_par' dir='ltr' id='par_1_21' title="bbox 364 2009 1890 2088">
     <span class='ocr_line' id='line_1_22' title="bbox 364 2009 1890 2088; baseline -0.005 -15"><span class='ocrx_word' id='word_1_122' title='bbox 364 2021 429 2072; x_wconf 72' lang='grc' dir='ltr'><strong>ΑΞ</strong></span> <span class='ocrx_word' id='word_1_123' title='bbox 460 2018 521 2073; x_wconf 83' lang='grc' dir='ltr'><strong>δὲ</strong></span> <span class='ocrx_word' id='word_1_124' title='bbox 556 2017 786 2084; x_wconf 76' lang='grc' dir='ltr'>ἀνάξιαι</span> <span class='ocrx_word' id='word_1_125' title='bbox 818 2015 1021 2088; x_wconf 76' lang='grc' dir='ltr'>ταύτης</span> <span class='ocrx_word' id='word_1_126' title='bbox 1067 2014 1167 2086; x_wconf 83' lang='grc' dir='ltr'>τῆς</span> <span class='ocrx_word' id='word_1_127' title='bbox 1209 2011 1337 2080; x_wconf 84' lang='grc' dir='ltr'>θέας</span> <span class='ocrx_word' id='word_1_128' title='bbox 1370 2011 1666 2085; x_wconf 85' lang='grc' dir='ltr'>κριθεῖσαι,</span> <span class='ocrx_word' id='word_1_129' title='bbox 1699 2009 1752 2064; x_wconf 82' lang='grc' dir='ltr'><strong>τι</strong></span> <span class='ocrx_word' id='word_1_130' title='bbox 1784 2010 1890 2066; x_wconf 81' lang='grc' dir='ltr'><strong>πά-</strong></span> 
     </span>
    </p>
   </div>
   <div class='ocr_carea' id='block_1_22' title="bbox 298 2108 725 2181">
    <p class='ocr_par' dir='ltr' id='par_1_22' title="bbox 298 2108 725 2181">
     <span class='ocr_line' id='line_1_23' title="bbox 298 2108 725 2181; baseline -0.007 -18"><span class='ocrx_word' id='word_1_131' title='bbox 298 2128 515 2181; x_wconf 73' lang='grc' dir='ltr'>σχουσιν</span> <span class='ocrx_word' id='word_1_132' title='bbox 537 2128 554 2176; x_wconf 87' lang='grc'><strong>;</strong></span> <span class='ocrx_word' id='word_1_133' title='bbox 593 2108 699 2179; x_wconf 74' lang='grc' dir='ltr'><strong>ἔφη</strong></span> <span class='ocrx_word' id='word_1_134' title='bbox 710 2148 725 2160; x_wconf 94' lang='grc'><strong>.</strong></span> 
     </span>
    </p>
   </div>
   <div class='ocr_carea' id='block_1_23' title="bbox 358 2186 1890 2269">
    <p class='ocr_par' dir='ltr' id='par_1_23' title="bbox 358 2186 1890 2269">
     <span class='ocr_line' id='line_1_24' title="bbox 358 2186 1890 2269; baseline -0.009 -14"><span class='ocrx_word' id='word_1_135' title='bbox 358 2204 454 2267; x_wconf 78' lang='grc' dir='ltr'>Εἷς</span> <span class='ocrx_word' id='word_1_136' title='bbox 488 2216 622 2254; x_wconf 85' lang='grc' dir='ltr'>τινα</span> <span class='ocrx_word' id='word_1_137' title='bbox 655 2197 861 2269; x_wconf 73' lang='grc' dir='ltr'>θηρίων</span> <span class='ocrx_word' id='word_1_138' title='bbox 894 2192 1309 2266; x_wconf 80' lang='grc' dir='ltr'>ὲνδεσμεύονται</span> <span class='ocrx_word' id='word_1_139' title='bbox 1345 2190 1574 2262; x_wconf 81' lang='grc' dir='ltr'>σώματα</span> <span class='ocrx_word' id='word_1_140' title='bbox 1595 2206 1608 2220; x_wconf 81' lang='grc'><strong>⁸</strong></span> <span class='ocrx_word' id='word_1_141' title='bbox 1632 2188 1727 2243; x_wconf 67' lang='grc' dir='ltr'><strong>καὶ</strong></span> <span class='ocrx_word' id='word_1_142' title='bbox 1752 2186 1890 2261; x_wconf 79' lang='grc' dir='ltr'>αὕτη</span> 
     </span>
    </p>
   </div>
   <div class='ocr_carea' id='block_1_24' title="bbox 293 2288 979 2355">
    <p class='ocr_par' dir='ltr' id='par_1_24' title="bbox 293 2288 979 2355">
     <span class='ocr_line' id='line_1_25' title="bbox 293 2288 979 2355; baseline -0.009 -7"><span class='ocrx_word' id='word_1_143' title='bbox 293 2296 410 2348; x_wconf 63' lang='grc' dir='ltr'>ἐστὶ</span> <span class='ocrx_word' id='word_1_144' title='bbox 442 2292 679 2355; x_wconf 76' lang='grc' dir='ltr'>κόλασις</span> <span class='ocrx_word' id='word_1_145' title='bbox 715 2288 896 2343; x_wconf 81' lang='grc' dir='ltr'>αὐτῶν</span> <span class='ocrx_word' id='word_1_146' title='bbox 911 2289 979 2343; x_wconf 82' lang='grc'><strong>⁸⁸.</strong></span> 
     </span>
    </p>
   </div>
   <div class='ocr_carea' id='block_1_25' title="bbox 359 2371 1891 2452">
    <p class='ocr_par' dir='ltr' id='par_1_25' title="bbox 359 2371 1891 2452">
     <span class='ocr_line' id='line_1_26' title="bbox 359 2371 1891 2452; baseline -0.01 -11"><span class='ocrx_word' id='word_1_147' title='bbox 359 2387 588 2441; x_wconf 59' lang='lat' dir='ltr'><strong>omam</strong></span> <span class='ocrx_word' id='word_1_148' title='bbox 608 2378 708 2438; x_wconf 77' lang='grc' dir='ltr'>οὖν</span> <span class='ocrx_word' id='word_1_149' title='bbox 739 2384 821 2436; x_wconf 84' lang='grc' dir='ltr'>ὅτι</span> <span class='ocrx_word' id='word_1_150' title='bbox 864 2382 953 2435; x_wconf 77' lang='grc' dir='ltr'><strong>διὰ</strong></span> <span class='ocrx_word' id='word_1_151' title='bbox 978 2380 1182 2452; x_wconf 82' lang='grc' dir='ltr'>ταύτην</span> <span class='ocrx_word' id='word_1_152' title='bbox 1203 2380 1303 2452; x_wconf 85' lang='grc' dir='ltr'><strong>τὴν</strong></span> <span class='ocrx_word' id='word_1_153' title='bbox 1337 2378 1596 2432; x_wconf 79' lang='grc' dir='ltr'>αἰτίαν’ὲν</span> <span class='ocrx_word' id='word_1_154' title='bbox 1630 2371 1891 2436; x_wconf 81' lang='grc' dir='ltr'><strong>τοιούτοις</strong></span> 
     </span>
    </p>
   </div>
   <div class='ocr_carea' id='block_1_26' title="bbox 295 2471 1388 2548">
    <p class='ocr_par' dir='ltr' id='par_1_26' title="bbox 295 2471 1388 2548">
     <span class='ocr_line' id='line_1_27' title="bbox 295 2471 1388 2548; baseline -0.008 -16"><span class='ocrx_word' id='word_1_155' title='bbox 295 2478 400 2532; x_wconf 73' lang='grc' dir='ltr'>ιῑσὶ</span> <span class='ocrx_word' id='word_1_156' title='bbox 427 2476 680 2548; x_wconf 80' lang='grc' dir='ltr'>σώμασι,</span> <span class='ocrx_word' id='word_1_157' title='bbox 717 2475 814 2529; x_wconf 74' lang='grc' dir='ltr'><strong>καὶ</strong></span> <span class='ocrx_word' id='word_1_158' title='bbox 842 2476 926 2528; x_wconf 85' lang='grc' dir='ltr'>ὅτι</span> <span class='ocrx_word' id='word_1_159' title='bbox 963 2471 1272 2544; x_wconf 81' lang='grc' dir='ltr'>ὲξήμαρτόν</span> <span class='ocrx_word' id='word_1_160' title='bbox 1300 2487 1388 2535; x_wconf 76' lang='grc' dir='ltr'><strong>τις</strong></span> 
     </span>
    </p>
   </div>
   <div class='ocr_carea' id='block_1_27' title="bbox 363 2676 704 2748">
    <p class='ocr_par' dir='ltr' id='par_1_27' title="bbox 363 2676 704 2748">
     <span class='ocr_line' id='line_1_28' title="bbox 363 2676 704 2748; baseline -0.012 -15"><span class='ocrx_word' id='word_1_161' title='bbox 363 2679 437 2733; x_wconf 72' lang='grc' dir='ltr'><strong>οὗ</strong></span> <span class='ocrx_word' id='word_1_162' title='bbox 462 2676 704 2748; x_wconf 73' lang='grc' dir='ltr'>νομίζω.</span> 
     </span>
    </p>
   </div>
   <div class='ocr_carea' id='block_1_28' title="bbox 365 2754 1892 2837">
    <p class='ocr_par' dir='ltr' id='par_1_28' title="bbox 365 2754 1892 2837">
     <span class='ocr_line' id='line_1_29' title="bbox 365 2754 1892 2837; baseline -0.011 -12"><span class='ocrx_word' id='word_1_163' title='bbox 365 2771 502 2825; x_wconf 70' lang='grc' dir='ltr'><strong>Οὐδὲ</strong></span> <span class='ocrx_word' id='word_1_164' title='bbox 541 2768 780 2830; x_wconf 77' lang='grc' dir='ltr'>ταύταις</span> <span class='ocrx_word' id='word_1_165' title='bbox 826 2765 937 2837; x_wconf 78' lang='grc' dir='ltr'><strong>ἄρα</strong></span> <span class='ocrx_word' id='word_1_166' title='bbox 978 2762 1172 2832; x_wconf 74' lang='grc' dir='ltr'>ὄφελός</span> <span class='ocrx_word' id='word_1_167' title='bbox 1214 2778 1269 2814; x_wconf 90' lang='grc' dir='ltr'><strong>τι</strong></span> <span class='ocrx_word' id='word_1_168' title='bbox 1309 2761 1409 2832; x_wconf 84' lang='grc' dir='ltr'><strong>τῆς</strong></span> <span class='ocrx_word' id='word_1_169' title='bbox 1455 2758 1763 2823; x_wconf 80' lang='grc' dir='ltr'><strong>κολάσεως,</strong></span> <span class='ocrx_word' id='word_1_170' title='bbox 1815 2754 1892 2819; x_wconf 81' lang='grc' dir='ltr'>ὡς</span> 
     </span>
    </p>
   </div>
   <div class='ocr_carea' id='block_1_29' title="bbox 297 2849 1892 2933">
    <p class='ocr_par' dir='ltr' id='par_1_29' title="bbox 297 2849 1892 2933">
     <span class='ocr_line' id='line_1_30' title="bbox 297 2849 1892 2933; baseline -0.012 -13"><span class='ocrx_word' id='word_1_171' title='bbox 297 2866 467 2919; x_wconf 65' lang='grc' dir='ltr'>ἑοικεν</span> <span class='ocrx_word' id='word_1_172' title='bbox 507 2861 660 2933; x_wconf 82' lang='grc'>(81)·</span> <span class='ocrx_word' id='word_1_173' title='bbox 700 2858 818 2911; x_wconf 82' lang='grc' dir='ltr'><strong>ἀλλ’</strong></span> <span class='ocrx_word' id='word_1_174' title='bbox 843 2856 965 2910; x_wconf 81' lang='grc' dir='ltr'>οὐδὲ</span> <span class='ocrx_word' id='word_1_175' title='bbox 1016 2853 1341 2918; x_wconf 80' lang='grc' dir='ltr'>κολάζεσθαι</span> <span class='ocrx_word' id='word_1_176' title='bbox 1369 2853 1538 2915; x_wconf 84' lang='grc' dir='ltr'>αὐτὰς</span> <span class='ocrx_word' id='word_1_177' title='bbox 1575 2850 1810 2921; x_wconf 81' lang='grc' dir='ltr'>λέγοιμι,</span> <span class='ocrx_word' id='word_1_178' title='bbox 1842 2849 1892 2901; x_wconf 72' lang='grc' dir='ltr'>εἰ</span> 
     </span>
    </p>
   </div>
   <div class='ocr_carea' id='block_1_30' title="bbox 299 2947 1352 3029">
    <p class='ocr_par' dir='ltr' id='par_1_30' title="bbox 299 2947 1352 3029">
     <span class='ocr_line' id='line_1_31' title="bbox 299 2947 1352 3029; baseline -0.01 -19"><span class='ocrx_word' id='word_1_179' title='bbox 299 2958 374 3029; x_wconf 76' lang='grc' dir='ltr'><strong>μὴ</strong></span> <span class='ocrx_word' id='word_1_180' title='bbox 406 2950 911 3025; x_wconf 69' lang='grc' dir='ltr'>ἀντιλαμϐάνονται</span> <span class='ocrx_word' id='word_1_181' title='bbox 937 2947 1037 3020; x_wconf 79' lang='grc' dir='ltr'>τῆς</span> <span class='ocrx_word' id='word_1_182' title='bbox 1059 2948 1352 3011; x_wconf 83' lang='grc' dir='ltr'>κολάσεως.</span> 
     </span>
    </p>
   </div>
   <div class='ocr_carea' id='block_1_31' title="bbox 366 3047 600 3116">
    <p class='ocr_par' dir='ltr' id='par_1_31' title="bbox 366 3047 600 3116">
     <span class='ocr_line' id='line_1_32' title="bbox 366 3047 600 3116; baseline -0.013 -16"><span class='ocrx_word' id='word_1_183' title='bbox 366 3047 440 3100; x_wconf 70' lang='lat'><strong>05</strong></span> <span class='ocrx_word' id='word_1_184' title='bbox 467 3047 600 3116; x_wconf 72' lang='grc' dir='ltr'><strong>γάρ.</strong></span> 
     </span>
    </p>
   </div>
   <div class='ocr_carea' id='block_1_32' title="bbox 360 3122 1891 3205">
    <p class='ocr_par' dir='ltr' id='par_1_32' title="bbox 360 3122 1891 3205">
     <span class='ocr_line' id='line_1_33' title="bbox 360 3122 1891 3205; baseline -0.01 -14"><span class='ocrx_word' id='word_1_185' title='bbox 360 3136 499 3191; x_wconf 73' lang='grc' dir='ltr'>Οὔτε</span> <span class='ocrx_word' id='word_1_186' title='bbox 526 3130 623 3189; x_wconf 71' lang='grc' dir='ltr'><strong>οὖν</strong></span> <span class='ocrx_word' id='word_1_187' title='bbox 668 3132 836 3205; x_wconf 85' lang='grc' dir='ltr'>ὁρῶσι</span> <span class='ocrx_word' id='word_1_188' title='bbox 871 3131 964 3185; x_wconf 82' lang='grc' dir='ltr'><strong>τὸν</strong></span> <span class='ocrx_word' id='word_1_189' title='bbox 1012 3129 1143 3183; x_wconf 83' lang='grc' dir='ltr'>Θεὸν</span> <span class='ocrx_word' id='word_1_190' title='bbox 1183 3130 1237 3182; x_wconf 83' lang='grc' dir='ltr'><strong>αἱ</strong></span> <span class='ocrx_word' id='word_1_191' title='bbox 1265 3127 1455 3198; x_wconf 75' lang='grc' dir='ltr'>ψυχαὶ,</span> <span class='ocrx_word' id='word_1_192' title='bbox 1476 3123 1599 3179; x_wconf 80' lang='grc' dir='ltr'>οὔτε</span> <span class='ocrx_word' id='word_1_193' title='bbox 1630 3122 1891 3196; x_wconf 85' lang='grc' dir='ltr'>μεταμεί-</span> 
     </span>
    </p>
   </div>
   <div class='ocr_carea' id='block_1_33' title="bbox 297 3217 1891 3297">
    <p class='ocr_par' dir='ltr' id='par_1_33' title="bbox 297 3217 1891 3297">
     <span class='ocr_line' id='line_1_34' title="bbox 297 3217 1891 3297; baseline -0.011 -14"><span class='ocrx_word' id='word_1_194' title='bbox 297 3230 483 3283; x_wconf 50' lang='lat' dir='ltr'><strong>anm”</strong></span> <span class='ocrx_word' id='word_1_195' title='bbox 510 3231 593 3291; x_wconf 79' lang='grc' dir='ltr'><strong>εἰς</strong></span> <span class='ocrx_word' id='word_1_196' title='bbox 618 3228 791 3297; x_wconf 74' lang='grc' dir='ltr'>ἕτερα</span> <span class='ocrx_word' id='word_1_197' title='bbox 814 3222 1066 3294; x_wconf 81' lang='grc' dir='ltr'>σώματα·</span> <span class='ocrx_word' id='word_1_198' title='bbox 1096 3221 1294 3293; x_wconf 71' lang='grc' dir='ltr'>ᾔδοσαν</span> <span class='ocrx_word' id='word_1_199' title='bbox 1311 3219 1419 3289; x_wconf 68' lang='grc'>(82)</span> <span class='ocrx_word' id='word_1_200' title='bbox 1448 3218 1558 3289; x_wconf 74' lang='grc' dir='ltr'><strong>γὰρ</strong></span> <span class='ocrx_word' id='word_1_201' title='bbox 1591 3217 1677 3279; x_wconf 87' lang='grc' dir='ltr'><strong>ἂν,</strong></span> <span class='ocrx_word' id='word_1_202' title='bbox 1703 3217 1786 3269; x_wconf 83' lang='grc' dir='ltr'>ὅτι</span> <span class='ocrx_word' id='word_1_203' title='bbox 1806 3232 1891 3267; x_wconf 87' lang='grc' dir='ltr'>κο-</span> 
     </span>
    </p>
   </div>
   <div class='ocr_carea' id='block_1_34' title="bbox 296 3306 1890 3391">
    <p class='ocr_par' dir='ltr' id='par_1_34' title="bbox 296 3306 1890 3391">
     <span class='ocr_line' id='line_1_35' title="bbox 296 3306 1890 3391; baseline -0.009 -17"><span class='ocrx_word' id='word_1_204' title='bbox 296 3322 549 3387; x_wconf 63' lang='grc' dir='ltr'>λάζονται</span> <span class='ocrx_word' id='word_1_205' title='bbox 567 3319 685 3391; x_wconf 81' lang='grc'>(85)</span> <span class='ocrx_word' id='word_1_206' title='bbox 715 3316 891 3380; x_wconf 70' lang='grc' dir='ltr'>οὕτως</span> <span class='ocrx_word' id='word_1_207' title='bbox 909 3355 924 3380; x_wconf 89' lang='grc'><strong>,</strong></span> <span class='ocrx_word' id='word_1_208' title='bbox 967 3315 1063 3369; x_wconf 83' lang='grc' dir='ltr'><strong>καί</strong></span> <span class='ocrx_word' id='word_1_209' title='bbox 1095 3311 1385 3383; x_wconf 74' lang='grc' dir='ltr'>ἐφοϐοῦντο</span> <span class='ocrx_word' id='word_1_210' title='bbox 1416 3310 1481 3364; x_wconf 84' lang='grc' dir='ltr'><strong>ἂν</strong></span> <span class='ocrx_word' id='word_1_211' title='bbox 1512 3309 1607 3363; x_wconf 77' lang='grc' dir='ltr'>καὶ</span> <span class='ocrx_word' id='word_1_212' title='bbox 1644 3308 1705 3361; x_wconf 84' lang='grc' dir='ltr'><strong>τὸ</strong></span> <span class='ocrx_word' id='word_1_213' title='bbox 1728 3306 1890 3379; x_wconf 84' lang='grc' dir='ltr'>τυχὸν</span> 
     </span>
    </p>
   </div>
   <div class='ocr_carea' id='block_1_35' title="bbox 296 3398 1891 3485">
    <p class='ocr_par' dir='ltr' id='par_1_35' title="bbox 296 3398 1891 3485">
     <span class='ocr_line' id='line_1_36' title="bbox 296 3398 1891 3485; baseline -0.011 -17"><span class='ocrx_word' id='word_1_214' title='bbox 296 3414 628 3485; x_wconf 76' lang='grc' dir='ltr'>ἐξαμαρτεῖν</span> <span class='ocrx_word' id='word_1_215' title='bbox 656 3411 906 3481; x_wconf 81' lang='grc' dir='ltr'>ὓστερον.</span> <span class='ocrx_word' id='word_1_216' title='bbox 934 3408 1092 3460; x_wconf 84' lang='grc' dir='ltr'>Νοεῖν</span> <span class='ocrx_word' id='word_1_217' title='bbox 1107 3406 1163 3458; x_wconf 84' lang='grc' dir='ltr'><strong>δὲ</strong></span> <span class='ocrx_word' id='word_1_218' title='bbox 1180 3404 1349 3467; x_wconf 83' lang='grc' dir='ltr'>αὑτὰς</span> <span class='ocrx_word' id='word_1_219' title='bbox 1367 3400 1646 3463; x_wconf 81' lang='grc' dir='ltr'>δύνασθαι,</span> <span class='ocrx_word' id='word_1_220' title='bbox 1670 3401 1751 3453; x_wconf 85' lang='grc' dir='ltr'><strong>ὅτι</strong></span> <span class='ocrx_word' id='word_1_221' title='bbox 1776 3398 1891 3451; x_wconf 76' lang='grc' dir='ltr'>ἐστι</span> 
     </span>
    </p>
   </div>
   <div class='ocr_carea' id='block_1_36' title="bbox 295 3489 1891 3570">
    <p class='ocr_par' dir='ltr' id='par_1_36' title="bbox 295 3489 1891 3570">
     <span class='ocr_line' id='line_1_37' title="bbox 295 3489 1891 3570; baseline -0.009 -13"><span class='ocrx_word' id='word_1_222' title='bbox 295 3505 447 3568; x_wconf 72' lang='grc' dir='ltr'>Θεὸς,</span> <span class='ocrx_word' id='word_1_223' title='bbox 483 3505 584 3557; x_wconf 72' lang='grc' dir='ltr'>καὶ</span> <span class='ocrx_word' id='word_1_224' title='bbox 616 3498 937 3570; x_wconf 81' lang='grc' dir='ltr'>δικαιοσύνη</span> <span class='ocrx_word' id='word_1_225' title='bbox 966 3498 1061 3552; x_wconf 73' lang='grc' dir='ltr'><strong>καὶ</strong></span> <span class='ocrx_word' id='word_1_226' title='bbox 1085 3494 1336 3550; x_wconf 76' lang='grc' dir='ltr'>εὐσέϐεια</span> <span class='ocrx_word' id='word_1_227' title='bbox 1353 3493 1535 3557; x_wconf 85' lang='grc' dir='ltr'>καλὸν,</span> <span class='ocrx_word' id='word_1_228' title='bbox 1577 3489 1732 3560; x_wconf 85' lang='grc' dir='ltr'><strong>κάγὼ</strong></span> <span class='ocrx_word' id='word_1_229' title='bbox 1768 3507 1891 3543; x_wconf 85' lang='grc' dir='ltr'>συν-</span> 
     </span>
    </p>
   </div>
   <div class='ocr_carea' id='block_1_37' title="bbox 294 3596 699 3667">
    <p class='ocr_par' dir='ltr' id='par_1_37' title="bbox 294 3596 699 3667">
     <span class='ocr_line' id='line_1_38' title="bbox 294 3596 699 3667; baseline 0 -19"><span class='ocrx_word' id='word_1_230' title='bbox 294 3598 537 3667; x_wconf 70' lang='grc' dir='ltr'>τίθεμαι,</span> <span class='ocrx_word' id='word_1_231' title='bbox 560 3596 666 3665; x_wconf 72' lang='grc' dir='ltr'><strong>ἔφη</strong></span> <span class='ocrx_word' id='word_1_232' title='bbox 680 3638 699 3654; x_wconf 90' lang='grc'><strong>.</strong></span> 
     </span>
    </p>
   </div>
   <div class='ocr_carea' id='block_1_38' title="bbox 378 3679 1018 3759">
    <p class='ocr_par' dir='ltr' id='par_1_38' title="bbox 378 3679 1018 3759">
     <span class='ocr_line' id='line_1_39' title="bbox 378 3679 1018 3759; baseline -0.011 -19"><span class='ocrx_word' id='word_1_233' title='bbox 378 3688 592 3759; x_wconf 78' lang='grc' dir='ltr'>Ὀρθῶς</span> <span class='ocrx_word' id='word_1_234' title='bbox 614 3687 820 3754; x_wconf 73' lang='grc' dir='ltr'>λέγεις,</span> <span class='ocrx_word' id='word_1_235' title='bbox 847 3679 1018 3736; x_wconf 82' lang='grc' dir='ltr'>εἷπον.</span> 
     </span>
    </p>
   </div>
   <div class='ocr_carea' id='block_1_39' title="bbox 366 3767 1888 3845">
    <p class='ocr_par' dir='ltr' id='par_1_39' title="bbox 366 3767 1888 3845">
     <span class='ocr_line' id='line_1_40' title="bbox 366 3767 1888 3845; baseline -0.008 -12"><span class='ocrx_word' id='word_1_236' title='bbox 366 3780 420 3833; x_wconf 87' lang='grc'><strong>5.</strong></span> <span class='ocrx_word' id='word_1_237' title='bbox 445 3780 619 3833; x_wconf 71' lang='grc' dir='ltr'>Οὐδὲν</span> <span class='ocrx_word' id='word_1_238' title='bbox 660 3775 755 3830; x_wconf 76' lang='grc' dir='ltr'>οὖν</span> <span class='ocrx_word' id='word_1_239' title='bbox 800 3776 949 3829; x_wconf 79' lang='grc' dir='ltr'>ἴσασι</span> <span class='ocrx_word' id='word_1_240' title='bbox 982 3775 1107 3845; x_wconf 79' lang='grc' dir='ltr'>περὶ</span> <span class='ocrx_word' id='word_1_241' title='bbox 1134 3772 1339 3826; x_wconf 83' lang='grc' dir='ltr'>τούτων</span> <span class='ocrx_word' id='word_1_242' title='bbox 1373 3771 1569 3823; x_wconf 78' lang='grc' dir='ltr'>ἐκεῖνοι</span> <span class='ocrx_word' id='word_1_243' title='bbox 1590 3769 1637 3821; x_wconf 81' lang='grc' dir='ltr'><strong>οἱ</strong></span> <span class='ocrx_word' id='word_1_244' title='bbox 1670 3767 1888 3838; x_wconf 71' lang='grc' dir='ltr'>φιὶόσο-</span> 
     </span>
    </p>
   </div>
   <div class='ocr_carea' id='block_1_40' title="bbox 299 3862 1780 3942">
    <p class='ocr_par' dir='ltr' id='par_1_40' title="bbox 299 3862 1780 3942">
     <span class='ocr_line' id='line_1_41' title="bbox 299 3862 1780 3942; baseline -0.008 -17"><span class='ocrx_word' id='word_1_245' title='bbox 299 3890 386 3941; x_wconf 65' lang='grc' dir='ltr'>φοι</span> <span class='ocrx_word' id='word_1_246' title='bbox 405 3890 417 3902; x_wconf 96' lang='grc'><strong>·</strong></span> <span class='ocrx_word' id='word_1_247' title='bbox 442 3872 567 3926; x_wconf 74' lang='grc' dir='ltr'>οὐδὲ</span> <span class='ocrx_word' id='word_1_248' title='bbox 590 3871 703 3942; x_wconf 78' lang='grc' dir='ltr'><strong>γὰρ</strong></span> <span class='ocrx_word' id='word_1_249' title='bbox 723 3873 753 3924; x_wconf 81' lang='grc' dir='ltr'>ὃ</span> <span class='ocrx_word' id='word_1_250' title='bbox 783 3871 838 3923; x_wconf 83' lang='grc' dir='ltr'><strong>τί</strong></span> <span class='ocrx_word' id='word_1_251' title='bbox 872 3868 1001 3921; x_wconf 83' lang='grc' dir='ltr'>ποτέ</span> <span class='ocrx_word' id='word_1_252' title='bbox 1024 3870 1140 3920; x_wconf 75' lang='grc' dir='ltr'>ἐστι</span> <span class='ocrx_word' id='word_1_253' title='bbox 1161 3864 1309 3936; x_wconf 80' lang='grc' dir='ltr'><strong>ψυχὴ</strong></span> <span class='ocrx_word' id='word_1_254' title='bbox 1338 3862 1554 3935; x_wconf 76' lang='grc' dir='ltr'>ἔχουσιν</span> <span class='ocrx_word' id='word_1_255' title='bbox 1582 3862 1780 3914; x_wconf 79' lang='grc' dir='ltr'>εἰπεῖν.</span> 
     </span>
    </p>
   </div>
   <div class='ocr_carea' id='block_1_41' title="bbox 371 4055 721 4108">
    <p class='ocr_par' dir='ltr' id='par_1_41' title="bbox 371 4055 721 4108">
     <span class='ocr_line' id='line_1_42' title="bbox 371 4055 721 4108; baseline -0.009 0"><span class='ocrx_word' id='word_1_256' title='bbox 371 4057 488 4108; x_wconf 61' lang='grc' dir='ltr'><strong>Οὖκ</strong></span> <span class='ocrx_word' id='word_1_257' title='bbox 520 4055 721 4107; x_wconf 82' lang='grc' dir='ltr'>ἔοικεν.</span> 
     </span>
    </p>
   </div>
   <div class='ocr_carea' id='block_1_42' title="bbox 368 4129 1891 4217">
    <p class='ocr_par' dir='ltr' id='par_1_42' title="bbox 368 4129 1891 4217">
     <span class='ocr_line' id='line_1_43' title="bbox 368 4129 1891 4217; baseline -0.011 -18"><span class='ocrx_word' id='word_1_258' title='bbox 368 4147 504 4199; x_wconf 59' lang='grc' dir='ltr'>οὐδὲ</span> <span class='ocrx_word' id='word_1_259' title='bbox 533 4147 643 4217; x_wconf 76' lang='grc' dir='ltr'>μὴν</span> <span class='ocrx_word' id='word_1_260' title='bbox 678 4143 947 4197; x_wconf 79' lang='grc' dir='ltr'>ἀθάνατον</span> <span class='ocrx_word' id='word_1_261' title='bbox 974 4141 1080 4213; x_wconf 80' lang='grc' dir='ltr'><strong>χρὴ</strong></span> <span class='ocrx_word' id='word_1_262' title='bbox 1105 4139 1285 4209; x_wconf 81' lang='grc' dir='ltr'>λέγειν</span> <span class='ocrx_word' id='word_1_263' title='bbox 1321 4137 1489 4209; x_wconf 78' lang='grc' dir='ltr'>αὐτήν</span> <span class='ocrx_word' id='word_1_264' title='bbox 1508 4152 1521 4164; x_wconf 85' lang='grc'><em>’</em></span> <span class='ocrx_word' id='word_1_265' title='bbox 1555 4136 1662 4197; x_wconf 83' lang='grc' dir='ltr'>ὅτι,</span> <span class='ocrx_word' id='word_1_266' title='bbox 1694 4132 1741 4184; x_wconf 82' lang='grc' dir='ltr'>εἰ</span> <span class='ocrx_word' id='word_1_267' title='bbox 1761 4129 1891 4185; x_wconf 84' lang='grc' dir='ltr'><strong>ἀθά-</strong></span> 
     </span>
    </p>
   </div>
   <div class='ocr_carea' id='block_1_43' title="bbox 304 4230 1321 4303">
    <p class='ocr_par' dir='ltr' id='par_1_43' title="bbox 304 4230 1321 4303">
     <span class='ocr_line' id='line_1_44' title="bbox 304 4230 1321 4303; baseline -0.01 -11"><span class='ocrx_word' id='word_1_268' title='bbox 304 4241 459 4303; x_wconf 77' lang='grc' dir='ltr'>νατός</span> <span class='ocrx_word' id='word_1_269' title='bbox 487 4244 631 4299; x_wconf 72' lang='grc' dir='ltr'>ἐστι,</span> <span class='ocrx_word' id='word_1_270' title='bbox 658 4237 758 4290; x_wconf 71' lang='grc' dir='ltr'><strong>καὶ</strong></span> <span class='ocrx_word' id='word_1_271' title='bbox 785 4236 1077 4303; x_wconf 83' lang='grc' dir='ltr'>ἁγέννητος</span> <span class='ocrx_word' id='word_1_272' title='bbox 1101 4230 1321 4303; x_wconf 84' lang='grc' dir='ltr'><strong>δηλαδή.</strong></span> 
     </span>
    </p>
   </div>
   <div class='ocr_carea' id='block_1_44' title="bbox 382 4313 1889 4401">
    <p class='ocr_par' dir='ltr' id='par_1_44' title="bbox 382 4313 1889 4401">
     <span class='ocr_line' id='line_1_45' title="bbox 382 4313 1889 4401; baseline -0.015 -16"><span class='ocrx_word' id='word_1_273' title='bbox 382 4332 707 4401; x_wconf 78' lang='grc' dir='ltr'>’Δγέννητος</span> <span class='ocrx_word' id='word_1_274' title='bbox 740 4328 795 4381; x_wconf 81' lang='grc' dir='ltr'><strong>δὲ</strong></span> <span class='ocrx_word' id='word_1_275' title='bbox 828 4328 920 4381; x_wconf 70' lang='grc' dir='ltr'>καὶ</span> <span class='ocrx_word' id='word_1_276' title='bbox 950 4324 1214 4387; x_wconf 81' lang='grc' dir='ltr'>ἀθάνατός</span> <span class='ocrx_word' id='word_1_277' title='bbox 1232 4326 1347 4375; x_wconf 84' lang='grc' dir='ltr'>ἐστι</span> <span class='ocrx_word' id='word_1_278' title='bbox 1382 4320 1523 4374; x_wconf 81' lang='grc' dir='ltr'>κατά</span> <span class='ocrx_word' id='word_1_279' title='bbox 1553 4332 1704 4378; x_wconf 86' lang='grc' dir='ltr'>τινας</span> <span class='ocrx_word' id='word_1_280' title='bbox 1735 4313 1889 4382; x_wconf 82' lang='grc' dir='ltr'>λεγο-</span> 
     </span>
    </p>
   </div>
   <div class='ocr_carea' id='block_1_45' title="bbox 302 4417 942 4496">
    <p class='ocr_par' dir='ltr' id='par_1_45' title="bbox 302 4417 942 4496">
     <span class='ocr_line' id='line_1_46' title="bbox 302 4417 942 4496; baseline -0.011 -18"><span class='ocrx_word' id='word_1_281' title='bbox 302 4426 498 4496; x_wconf 54' lang='grc' dir='ltr'>μένοπ</span> <span class='ocrx_word' id='word_1_282' title='bbox 531 4417 942 4480; x_wconf 74' lang='grc' dir='ltr'>Πλατωνικούς.</span> 
     </span>
    </p>
   </div>
   <div class='ocr_carea' id='block_1_46' title="bbox 366 4503 1600 4581">
    <p class='ocr_par' dir='ltr' id='par_1_46' title="bbox 366 4503 1600 4581">
     <span class='ocr_line' id='line_1_47' title="bbox 366 4503 1600 4581; baseline -0.011 -14"><span class='ocrx_word' id='word_1_283' title='bbox 366 4512 445 4567; x_wconf 86' lang='grc' dir='ltr'><strong>Ἦ</strong></span> <span class='ocrx_word' id='word_1_284' title='bbox 466 4515 564 4568; x_wconf 71' lang='grc' dir='ltr'>καὶ</span> <span class='ocrx_word' id='word_1_285' title='bbox 598 4513 694 4565; x_wconf 77' lang='grc' dir='ltr'><strong>τὸν</strong></span> <span class='ocrx_word' id='word_1_286' title='bbox 728 4513 931 4581; x_wconf 83' lang='grc' dir='ltr'>κόσμον</span> <span class='ocrx_word' id='word_1_287' title='bbox 964 4510 1028 4561; x_wconf 78' lang='grc' dir='ltr'><strong>σὺ</strong></span> <span class='ocrx_word' id='word_1_288' title='bbox 1061 4506 1353 4576; x_wconf 81' lang='grc' dir='ltr'>ἀγέννητον</span> <span class='ocrx_word' id='word_1_289' title='bbox 1383 4503 1600 4571; x_wconf 82' lang='grc' dir='ltr'>λέγεις;</span> 
     </span>
    </p>
   </div>
   <div class='ocr_carea' id='block_1_47' title="bbox 368 4596 1889 4672">
    <p class='ocr_par' dir='ltr' id='par_1_47' title="bbox 368 4596 1889 4672">
     <span class='ocr_line' id='line_1_48' title="bbox 368 4596 1889 4672; baseline -0.01 -12"><span class='ocrx_word' id='word_1_290' title='bbox 368 4606 523 4660; x_wconf 72' lang='grc' dir='ltr'>Εἰσὶν</span> <span class='ocrx_word' id='word_1_291' title='bbox 570 4606 621 4658; x_wconf 87' lang='grc' dir='ltr'>οἱ</span> <span class='ocrx_word' id='word_1_292' title='bbox 668 4604 941 4672; x_wconf 75' lang='grc' dir='ltr'>λέγοντες,</span> <span class='ocrx_word' id='word_1_293' title='bbox 975 4601 1036 4653; x_wconf 81' lang='grc' dir='ltr'><strong>οὐ</strong></span> <span class='ocrx_word' id='word_1_294' title='bbox 1091 4599 1271 4670; x_wconf 82' lang='grc' dir='ltr'>μέντοι</span> <span class='ocrx_word' id='word_1_295' title='bbox 1303 4613 1366 4665; x_wconf 89' lang='grc' dir='ltr'>γε</span> <span class='ocrx_word' id='word_1_296' title='bbox 1400 4596 1580 4656; x_wconf 84' lang='grc' dir='ltr'>αὐτοῖς</span> <span class='ocrx_word' id='word_1_297' title='bbox 1618 4608 1889 4661; x_wconf 85' lang='grc' dir='ltr'>συγκατα-</span> 
     </span>
    </p>
   </div>
   <div class='ocr_carea' id='block_1_48' title="bbox 297 4697 689 4771">
    <p class='ocr_par' dir='ltr' id='par_1_48' title="bbox 297 4697 689 4771">
     <span class='ocr_line' id='line_1_49' title="bbox 297 4697 689 4771; baseline -0.005 -18"><span class='ocrx_word' id='word_1_298' title='bbox 297 4701 517 4771; x_wconf 73' lang='grc' dir='ltr'>τίθεμαι</span> <span class='ocrx_word' id='word_1_299' title='bbox 552 4697 689 4767; x_wconf 79' lang='grc' dir='ltr'><strong>ἐγώ.</strong></span> 
     </span>
    </p>
   </div>
   <div class='ocr_carea' id='block_1_49' title="bbox 1992 550 3567 618">
    <p class='ocr_par' dir='ltr' id='par_1_49' title="bbox 1992 550 3567 618">
     <span class='ocr_line' id='line_1_50' title="bbox 1992 550 3567 618; baseline 0.007 -15"><span class='ocrx_word' id='word_1_300' title='bbox 1992 550 2067 604; x_wconf 91' lang='lat' dir='ltr'><strong>ita</strong></span> <span class='ocrx_word' id='word_1_301' title='bbox 2119 564 2259 618; x_wconf 88' lang='lat' dir='ltr'><strong>esse,</strong></span> <span class='ocrx_word' id='word_1_302' title='bbox 2322 561 2382 604; x_wconf 94' lang='lat' dir='ltr'><strong>ut</strong></span> <span class='ocrx_word' id='word_1_303' title='bbox 2431 551 2588 613; x_wconf 89' lang='lat' dir='ltr'><strong>dicis,</strong></span> <span class='ocrx_word' id='word_1_304' title='bbox 2630 554 2983 608; x_wconf 75' lang='lat' dir='ltr'><strong>concedatur.</strong></span> <span class='ocrx_word' id='word_1_305' title='bbox 3029 555 3136 609; x_wconf 91' lang='lat' dir='ltr'><strong>Sed</strong></span> <span class='ocrx_word' id='word_1_306' title='bbox 3179 556 3281 611; x_wconf 91' lang='lat' dir='ltr'><strong>hoc</strong></span> <span class='ocrx_word' id='word_1_307' title='bbox 3306 557 3434 610; x_wconf 90' lang='lat' dir='ltr'><strong>mihi</strong></span> <span class='ocrx_word' id='word_1_308' title='bbox 3478 575 3567 613; x_wconf 87' lang='lat' dir='ltr'><strong>re-</strong></span> 
     </span>
    </p>
   </div>
   <div class='ocr_carea' id='block_1_50' title="bbox 1991 644 3563 715">
    <p class='ocr_par' dir='ltr' id='par_1_50' title="bbox 1991 644 3563 715">
     <span class='ocr_line' id='line_1_51' title="bbox 1991 644 3563 715; baseline 0.007 -20"><span class='ocrx_word' id='word_1_309' title='bbox 1991 644 2217 710; x_wconf 85' lang='lat' dir='ltr'><strong>sponde,</strong></span> <span class='ocrx_word' id='word_1_310' title='bbox 2274 651 2460 698; x_wconf 89' lang='lat' dir='ltr'><strong>utrum</strong></span> <span class='ocrx_word' id='word_1_311' title='bbox 2517 645 2699 698; x_wconf 90' lang='lat' dir='ltr'><strong>anima</strong></span> <span class='ocrx_word' id='word_1_312' title='bbox 2754 646 2919 700; x_wconf 91' lang='lat' dir='ltr'><strong>Deum</strong></span> <span class='ocrx_word' id='word_1_313' title='bbox 2974 647 3158 701; x_wconf 84' lang='lat' dir='ltr'><strong>videat</strong></span> <span class='ocrx_word' id='word_1_314' title='bbox 3199 648 3462 715; x_wconf 83' lang='lat' dir='ltr'><strong>quamdiu</strong></span> <span class='ocrx_word' id='word_1_315' title='bbox 3509 653 3563 707; x_wconf 92' lang='lat' dir='ltr'><strong>in</strong></span> 
     </span>
    </p>
   </div>
   <div class='ocr_carea' id='block_1_51' title="bbox 1993 738 3121 805">
    <p class='ocr_par' dir='ltr' id='par_1_51' title="bbox 1993 738 3121 805">
     <span class='ocr_line' id='line_1_52' title="bbox 1993 738 3121 805; baseline 0.004 -17"><span class='ocrx_word' id='word_1_316' title='bbox 1993 748 2223 802; x_wconf 89' lang='lat' dir='ltr'><strong>corpore</strong></span> <span class='ocrx_word' id='word_1_317' title='bbox 2246 744 2351 799; x_wconf 91' lang='lat' dir='ltr'><strong>est,</strong></span> <span class='ocrx_word' id='word_1_318' title='bbox 2383 751 2451 788; x_wconf 92' lang='lat' dir='ltr'><strong>an</strong></span> <span class='ocrx_word' id='word_1_319' title='bbox 2482 746 2773 805; x_wconf 74' lang='lat' dir='ltr'><strong>postquam</strong></span> <span class='ocrx_word' id='word_1_320' title='bbox 2809 753 2876 793; x_wconf 92' lang='lat' dir='ltr'><strong>eo</strong></span> <span class='ocrx_word' id='word_1_321' title='bbox 2903 738 3121 792; x_wconf 85' lang='lat' dir='ltr'><strong>soluta?</strong></span> 
     </span>
    </p>
   </div>
   <div class='ocr_carea' id='block_1_52' title="bbox 2063 826 3568 902">
    <p class='ocr_par' dir='ltr' id='par_1_52' title="bbox 2063 826 3568 902">
     <span class='ocr_line' id='line_1_53' title="bbox 2063 826 3568 902; baseline 0.009 -25"><span class='ocrx_word' id='word_1_322' title='bbox 2063 826 2312 892; x_wconf 87' lang='lat' dir='ltr'><strong>Quandiu</strong></span> <span class='ocrx_word' id='word_1_323' title='bbox 2355 827 2407 883; x_wconf 95' lang='lat' dir='ltr'><strong>in</strong></span> <span class='ocrx_word' id='word_1_324' title='bbox 2446 830 2682 883; x_wconf 86' lang='lat' dir='ltr'><strong>hominis</strong></span> <span class='ocrx_word' id='word_1_325' title='bbox 2726 828 2900 883; x_wconf 81' lang='lat' dir='ltr'><strong>forma</strong></span> <span class='ocrx_word' id='word_1_326' title='bbox 2938 840 3042 894; x_wconf 87' lang='lat' dir='ltr'><strong>est,</strong></span> <span class='ocrx_word' id='word_1_327' title='bbox 3090 834 3337 900; x_wconf 90' lang='lat' dir='ltr'><strong>inquam.</strong></span> <span class='ocrx_word' id='word_1_328' title='bbox 3386 843 3568 902; x_wconf 86' lang='lat' dir='ltr'><strong>potest</strong></span> 
     </span>
    </p>
   </div>
   <div class='ocr_carea' id='block_1_53' title="bbox 1994 916 3568 994">
    <p class='ocr_par' dir='ltr' id='par_1_53' title="bbox 1994 916 3568 994">
     <span class='ocr_line' id='line_1_54' title="bbox 1994 916 3568 994; baseline 0.006 -24"><span class='ocrx_word' id='word_1_329' title='bbox 1994 916 2044 970; x_wconf 93' lang='lat' dir='ltr'><strong>id</strong></span> <span class='ocrx_word' id='word_1_330' title='bbox 2080 927 2261 972; x_wconf 88' lang='lat' dir='ltr'><strong>mente</strong></span> <span class='ocrx_word' id='word_1_331' title='bbox 2282 921 2576 990; x_wconf 85' lang='lat' dir='ltr'><strong>consequi;</strong></span> <span class='ocrx_word' id='word_1_332' title='bbox 2606 920 2701 975; x_wconf 91' lang='lat' dir='ltr'><strong>sed</strong></span> <span class='ocrx_word' id='word_1_333' title='bbox 2733 930 2845 975; x_wconf 88' lang='lat' dir='ltr'><strong>tum</strong></span> <span class='ocrx_word' id='word_1_334' title='bbox 2884 923 3141 985; x_wconf 77' lang='lat' dir='ltr'><strong>maxime.</strong></span> <span class='ocrx_word' id='word_1_335' title='bbox 3176 939 3299 977; x_wconf 91' lang='lat' dir='ltr'><strong>cum</strong></span> <span class='ocrx_word' id='word_1_336' title='bbox 3335 940 3568 994; x_wconf 90' lang='lat' dir='ltr'><strong>corpore</strong></span> 
     </span>
    </p>
   </div>
   <div class='ocr_carea' id='block_1_54' title="bbox 1992 1012 3567 1084">
    <p class='ocr_par' dir='ltr' id='par_1_54' title="bbox 1992 1012 3567 1084">
     <span class='ocr_line' id='line_1_55' title="bbox 1992 1012 3567 1084; baseline 0.004 -19"><span class='ocrx_word' id='word_1_337' title='bbox 1992 1012 2169 1066; x_wconf 89' lang='lat' dir='ltr'><strong>soluta</strong></span> <span class='ocrx_word' id='word_1_338' title='bbox 2206 1022 2309 1078; x_wconf 90' lang='lat' dir='ltr'><strong>est,</strong></span> <span class='ocrx_word' id='word_1_339' title='bbox 2345 1029 2408 1068; x_wconf 91' lang='lat' dir='ltr'><strong>ac</strong></span> <span class='ocrx_word' id='word_1_340' title='bbox 2432 1030 2614 1070; x_wconf 90' lang='lat' dir='ltr'><strong>secum</strong></span> <span class='ocrx_word' id='word_1_341' title='bbox 2642 1015 2760 1084; x_wconf 89' lang='lat' dir='ltr'><strong>ipsa</strong></span> <span class='ocrx_word' id='word_1_342' title='bbox 2785 1027 3061 1081; x_wconf 83' lang='lat' dir='ltr'><strong>versatur,</strong></span> <span class='ocrx_word' id='word_1_343' title='bbox 3084 1016 3145 1071; x_wconf 82' lang='lat' dir='ltr'><strong>lit</strong></span> <span class='ocrx_word' id='word_1_344' title='bbox 3174 1018 3396 1072; x_wconf 92' lang='lat' dir='ltr'><strong>omnino</strong></span> <span class='ocrx_word' id='word_1_345' title='bbox 3424 1027 3481 1073; x_wconf 89' lang='lat' dir='ltr'><strong>et</strong></span> <span class='ocrx_word' id='word_1_346' title='bbox 3511 1019 3567 1072; x_wconf 94' lang='lat' dir='ltr'><strong>in</strong></span> 
     </span>
    </p>
   </div>
   <div class='ocr_carea' id='block_1_55' title="bbox 1991 1108 3040 1179">
    <p class='ocr_par' dir='ltr' id='par_1_55' title="bbox 1991 1108 3040 1179">
     <span class='ocr_line' id='line_1_56' title="bbox 1991 1108 3040 1179; baseline 0.009 -22"><span class='ocrx_word' id='word_1_347' title='bbox 1991 1117 2153 1158; x_wconf 91' lang='lat' dir='ltr'><strong>omne</strong></span> <span class='ocrx_word' id='word_1_348' title='bbox 2176 1121 2350 1160; x_wconf 72' lang='lat' dir='ltr'><strong>wvum</strong></span> <span class='ocrx_word' id='word_1_349' title='bbox 2383 1108 2458 1161; x_wconf 85' lang='lat' dir='ltr'><strong>rei</strong></span> <span class='ocrx_word' id='word_1_350' title='bbox 2496 1109 2766 1163; x_wconf 64' lang='lat' dir='ltr'><strong>adamata:</strong></span> <span class='ocrx_word' id='word_1_351' title='bbox 2797 1123 3040 1179; x_wconf 87' lang='lat' dir='ltr'><strong>compos.</strong></span> 
     </span>
    </p>
   </div>
   <div class='ocr_carea' id='block_1_56' title="bbox 2066 1194 3566 1267">
    <p class='ocr_par' dir='ltr' id='par_1_56' title="bbox 2066 1194 3566 1267">
     <span class='ocr_line' id='line_1_57' title="bbox 2066 1194 3566 1267; baseline 0.007 -18"><span class='ocrx_word' id='word_1_352' title='bbox 2066 1194 2146 1249; x_wconf 84' lang='lat' dir='ltr'><strong>An</strong></span> <span class='ocrx_word' id='word_1_353' title='bbox 2182 1198 2352 1253; x_wconf 89' lang='lat' dir='ltr'><strong>etiam</strong></span> <span class='ocrx_word' id='word_1_354' title='bbox 2382 1198 2584 1255; x_wconf 87' lang='lat' dir='ltr'><strong>vidisse</strong></span> <span class='ocrx_word' id='word_1_355' title='bbox 2630 1216 2688 1255; x_wconf 92' lang='lat' dir='ltr'><strong>se</strong></span> <span class='ocrx_word' id='word_1_356' title='bbox 2713 1202 2986 1267; x_wconf 79' lang='lat' dir='ltr'><strong>meminit,</strong></span> <span class='ocrx_word' id='word_1_357' title='bbox 3019 1217 3144 1257; x_wconf 93' lang='lat' dir='ltr'><strong>cum</strong></span> <span class='ocrx_word' id='word_1_358' title='bbox 3173 1205 3243 1259; x_wconf 89' lang='lat' dir='ltr'><strong>ad</strong></span> <span class='ocrx_word' id='word_1_359' title='bbox 3284 1203 3566 1260; x_wconf 86' lang='lat' dir='ltr'><strong>hominem</strong></span> 
     </span>
    </p>
   </div>
   <div class='ocr_carea' id='block_1_57' title="bbox 1991 1288 2171 1342">
    <p class='ocr_par' dir='ltr' id='par_1_57' title="bbox 1991 1288 2171 1342">
     <span class='ocr_line' id='line_1_58' title="bbox 1991 1288 2171 1342; baseline 0.011 -2"><span class='ocrx_word' id='word_1_360' title='bbox 1991 1288 2171 1342; x_wconf 78' lang='lat' dir='ltr'><strong>redit?</strong></span> 
     </span>
    </p>
   </div>
   <div class='ocr_carea' id='block_1_58' title="bbox 2063 1459 2892 1546">
    <p class='ocr_par' dir='ltr' id='par_1_58' title="bbox 2063 1459 2892 1546">
     <span class='ocr_line' id='line_1_59' title="bbox 2063 1459 2892 1546; baseline 0.006 -17"><span class='ocrx_word' id='word_1_361' title='bbox 2063 1474 2181 1531; x_wconf 89' lang='lat' dir='ltr'><strong>Non</strong></span> <span class='ocrx_word' id='word_1_362' title='bbox 2208 1476 2339 1532; x_wconf 93' lang='lat' dir='ltr'><strong>mihi</strong></span> <span class='ocrx_word' id='word_1_363' title='bbox 2377 1477 2613 1540; x_wconf 88' lang='lat' dir='ltr'><strong>videtur,</strong></span> <span class='ocrx_word' id='word_1_364' title='bbox 2650 1459 2892 1546; x_wconf 85' lang='lat' dir='ltr'><strong>inquam.</strong></span> 
     </span>
    </p>
   </div>
   <div class='ocr_carea' id='block_1_59' title="bbox 2064 1571 3565 1642">
    <p class='ocr_par' dir='ltr' id='par_1_59' title="bbox 2064 1571 3565 1642">
     <span class='ocr_line' id='line_1_60' title="bbox 2064 1571 3565 1642; baseline 0 -16"><span class='ocrx_word' id='word_1_365' title='bbox 2064 1571 2203 1639; x_wconf 85' lang='lat' dir='ltr'><strong>Quid</strong></span> <span class='ocrx_word' id='word_1_366' title='bbox 2238 1572 2405 1641; x_wconf 80' lang='lat' dir='ltr'><strong>igitur</strong></span> <span class='ocrx_word' id='word_1_367' title='bbox 2445 1572 2672 1642; x_wconf 89' lang='lat' dir='ltr'><strong>prodest</strong></span> <span class='ocrx_word' id='word_1_368' title='bbox 2716 1572 2955 1639; x_wconf 84' lang='lat' dir='ltr'><strong>vidisse;</strong></span> <span class='ocrx_word' id='word_1_369' title='bbox 2999 1579 3093 1626; x_wconf 87' lang='lat' dir='ltr'><strong>aut</strong></span> <span class='ocrx_word' id='word_1_370' title='bbox 3124 1571 3217 1640; x_wconf 90' lang='lat' dir='ltr'><strong>qui</strong></span> <span class='ocrx_word' id='word_1_371' title='bbox 3267 1572 3405 1627; x_wconf 90' lang='lat' dir='ltr'><strong>vidit</strong></span> <span class='ocrx_word' id='word_1_372' title='bbox 3435 1574 3565 1642; x_wconf 90' lang='lat' dir='ltr'><strong>quid</strong></span> 
     </span>
    </p>
   </div>
   <div class='ocr_carea' id='block_1_60' title="bbox 1993 1664 3569 1736">
    <p class='ocr_par' dir='ltr' id='par_1_60' title="bbox 1993 1664 3569 1736">
     <span class='ocr_line' id='line_1_61' title="bbox 1993 1664 3569 1736; baseline -0.001 -16"><span class='ocrx_word' id='word_1_373' title='bbox 1993 1664 2227 1733; x_wconf 84' lang='lat' dir='ltr'><strong>amplius</strong></span> <span class='ocrx_word' id='word_1_374' title='bbox 2253 1664 2417 1720; x_wconf 81' lang='lat' dir='ltr'><strong>habet</strong></span> <span class='ocrx_word' id='word_1_375' title='bbox 2446 1681 2609 1735; x_wconf 84' lang='lat' dir='ltr'><strong>quam</strong></span> <span class='ocrx_word' id='word_1_376' title='bbox 2638 1666 2729 1736; x_wconf 89' lang='lat' dir='ltr'><strong>qui</strong></span> <span class='ocrx_word' id='word_1_377' title='bbox 2764 1681 2870 1720; x_wconf 91' lang='lat' dir='ltr'><strong>non</strong></span> <span class='ocrx_word' id='word_1_378' title='bbox 2903 1665 3071 1729; x_wconf 88' lang='lat' dir='ltr'><strong>vidit,</strong></span> <span class='ocrx_word' id='word_1_379' title='bbox 3113 1665 3156 1718; x_wconf 89' lang='lat' dir='ltr'><strong>si</strong></span> <span class='ocrx_word' id='word_1_380' title='bbox 3186 1681 3253 1719; x_wconf 90' lang='lat' dir='ltr'><strong>ne</strong></span> <span class='ocrx_word' id='word_1_381' title='bbox 3283 1666 3415 1719; x_wconf 88' lang='lat' dir='ltr'><strong>illud</strong></span> <span class='ocrx_word' id='word_1_382' title='bbox 3444 1667 3569 1735; x_wconf 87' lang='lat' dir='ltr'><strong>qui-</strong></span> 
     </span>
    </p>
   </div>
   <div class='ocr_carea' id='block_1_61' title="bbox 1995 1758 3566 1829">
    <p class='ocr_par' dir='ltr' id='par_1_61' title="bbox 1995 1758 3566 1829">
     <span class='ocr_line' id='line_1_62' title="bbox 1995 1758 3566 1829; baseline 0.002 -17"><span class='ocrx_word' id='word_1_383' title='bbox 1995 1758 2118 1812; x_wconf 89' lang='lat' dir='ltr'><strong>dem</strong></span> <span class='ocrx_word' id='word_1_384' title='bbox 2178 1758 2386 1828; x_wconf 85' lang='lat' dir='ltr'><strong>ipsum,</strong></span> <span class='ocrx_word' id='word_1_385' title='bbox 2435 1774 2630 1829; x_wconf 91' lang='lat' dir='ltr'><strong>nempe</strong></span> <span class='ocrx_word' id='word_1_386' title='bbox 2674 1758 2873 1815; x_wconf 86' lang='lat' dir='ltr'><strong>vidisse</strong></span> <span class='ocrx_word' id='word_1_387' title='bbox 2901 1774 2984 1824; x_wconf 90' lang='lat' dir='ltr'><strong>se,</strong></span> <span class='ocrx_word' id='word_1_388' title='bbox 3037 1758 3205 1814; x_wconf 86' lang='lat' dir='ltr'><strong>habet</strong></span> <span class='ocrx_word' id='word_1_389' title='bbox 3251 1760 3305 1814; x_wconf 93' lang='lat' dir='ltr'><strong>in</strong></span> <span class='ocrx_word' id='word_1_390' title='bbox 3355 1776 3566 1815; x_wconf 91' lang='lat' dir='ltr'><strong>memo-</strong></span> 
     </span>
    </p>
   </div>
   <div class='ocr_carea' id='block_1_62' title="bbox 1996 1850 2123 1906">
    <p class='ocr_par' dir='ltr' id='par_1_62' title="bbox 1996 1850 2123 1906">
     <span class='ocr_line' id='line_1_63' title="bbox 1996 1850 2123 1906; baseline -0.024 0"><span class='ocrx_word' id='word_1_391' title='bbox 1996 1850 2076 1906; x_wconf 86' lang='lat' dir='ltr'><strong>ria</strong></span> <span class='ocrx_word' id='word_1_392' title='bbox 2099 1850 2123 1903; x_wconf 90' lang='lat'><strong>?</strong></span> 
     </span>
    </p>
   </div>
   <div class='ocr_carea' id='block_1_63' title="bbox 2059 1943 3102 2013">
    <p class='ocr_par' dir='ltr' id='par_1_63' title="bbox 2059 1943 3102 2013">
     <span class='ocr_line' id='line_1_64' title="bbox 2059 1943 3102 2013; baseline 0.001 -14"><span class='ocrx_word' id='word_1_393' title='bbox 2059 1944 2176 1999; x_wconf 90' lang='lat' dir='ltr'><strong>Non</strong></span> <span class='ocrx_word' id='word_1_394' title='bbox 2212 1958 2430 2013; x_wconf 91' lang='lat' dir='ltr'><strong>possum</strong></span> <span class='ocrx_word' id='word_1_395' title='bbox 2467 1943 2518 1997; x_wconf 87' lang='lat' dir='ltr'><strong>id</strong></span> <span class='ocrx_word' id='word_1_396' title='bbox 2551 1952 2823 2008; x_wconf 85' lang='lat' dir='ltr'><strong>statuere,</strong></span> <span class='ocrx_word' id='word_1_397' title='bbox 2856 1943 3102 2012; x_wconf 88' lang='lat' dir='ltr'><strong>inquam.</strong></span> 
     </span>
    </p>
   </div>
   <div class='ocr_carea' id='block_1_64' title="bbox 2062 2034 3562 2105">
    <p class='ocr_par' dir='ltr' id='par_1_64' title="bbox 2062 2034 3562 2105">
     <span class='ocr_line' id='line_1_65' title="bbox 2062 2034 3562 2105; baseline 0 -18"><span class='ocrx_word' id='word_1_398' title='bbox 2062 2034 2194 2102; x_wconf 64' lang='lat' dir='ltr'><strong>Quae</strong></span> <span class='ocrx_word' id='word_1_399' title='bbox 2227 2051 2354 2090; x_wconf 89' lang='lat' dir='ltr'><strong>vero</strong></span> <span class='ocrx_word' id='word_1_400' title='bbox 2380 2035 2615 2105; x_wconf 65' lang='lat' dir='ltr'><strong>indignae</strong></span> <span class='ocrx_word' id='word_1_401' title='bbox 2644 2034 2903 2101; x_wconf 74' lang='lat' dir='ltr'><strong>iudicatae</strong></span> <span class='ocrx_word' id='word_1_402' title='bbox 2924 2043 3079 2099; x_wconf 90' lang='lat' dir='ltr'><strong>sunt,</strong></span> <span class='ocrx_word' id='word_1_403' title='bbox 3125 2050 3249 2105; x_wconf 60' lang='lat' dir='ltr'><strong>qua:</strong></span> <span class='ocrx_word' id='word_1_404' title='bbox 3291 2036 3562 2097; x_wconf 82' lang='lat' dir='ltr'><strong>viderent,</strong></span> 
     </span>
    </p>
   </div>
   <div class='ocr_carea' id='block_1_65' title="bbox 1990 2125 2829 2196">
    <p class='ocr_par' dir='ltr' id='par_1_65' title="bbox 1990 2125 2829 2196">
     <span class='ocr_line' id='line_1_66' title="bbox 1990 2125 2829 2196; baseline 0.002 -17"><span class='ocrx_word' id='word_1_405' title='bbox 1990 2125 2122 2196; x_wconf 86' lang='lat' dir='ltr'><strong>quid</strong></span> <span class='ocrx_word' id='word_1_406' title='bbox 2148 2126 2473 2194; x_wconf 87' lang='lat' dir='ltr'><strong>patiuntur?</strong></span> <span class='ocrx_word' id='word_1_407' title='bbox 2510 2126 2685 2194; x_wconf 82' lang='lat' dir='ltr'><strong>inquit</strong></span> <span class='ocrx_word' id='word_1_408' title='bbox 2717 2125 2829 2180; x_wconf 88' lang='lat' dir='ltr'><strong>ille.</strong></span> 
     </span>
    </p>
   </div>
   <div class='ocr_carea' id='block_1_66' title="bbox 2061 2215 3563 2287">
    <p class='ocr_par' dir='ltr' id='par_1_66' title="bbox 2061 2215 3563 2287">
     <span class='ocr_line' id='line_1_67' title="bbox 2061 2215 3563 2287; baseline -0.001 -15"><span class='ocrx_word' id='word_1_409' title='bbox 2061 2217 2119 2273; x_wconf 89' lang='lat' dir='ltr'><strong>lu</strong></span> <span class='ocrx_word' id='word_1_410' title='bbox 2150 2216 2334 2287; x_wconf 89' lang='lat' dir='ltr'><strong>aliqua</strong></span> <span class='ocrx_word' id='word_1_411' title='bbox 2367 2216 2604 2271; x_wconf 81' lang='lat' dir='ltr'><strong>ferarum</strong></span> <span class='ocrx_word' id='word_1_412' title='bbox 2634 2232 2893 2285; x_wconf 88' lang='lat' dir='ltr'><strong>corpora,</strong></span> <span class='ocrx_word' id='word_1_413' title='bbox 2915 2215 3066 2271; x_wconf 90' lang='lat' dir='ltr'><strong>velut</strong></span> <span class='ocrx_word' id='word_1_414' title='bbox 3096 2216 3151 2270; x_wconf 93' lang='lat' dir='ltr'><strong>in</strong></span> <span class='ocrx_word' id='word_1_415' title='bbox 3183 2216 3396 2272; x_wconf 86' lang='lat' dir='ltr'><strong>vincula</strong></span> <span class='ocrx_word' id='word_1_416' title='bbox 3428 2232 3563 2272; x_wconf 90' lang='lat' dir='ltr'><strong>con-</strong></span> 
     </span>
    </p>
   </div>
   <div class='ocr_carea' id='block_1_67' title="bbox 1985 2309 3177 2380">
    <p class='ocr_par' dir='ltr' id='par_1_67' title="bbox 1985 2309 3177 2380">
     <span class='ocr_line' id='line_1_68' title="bbox 1985 2309 3177 2380; baseline 0 -16"><span class='ocrx_word' id='word_1_417' title='bbox 1985 2309 2274 2380; x_wconf 81' lang='lat' dir='ltr'><strong>jiciuntur,</strong></span> <span class='ocrx_word' id='word_1_418' title='bbox 2308 2321 2473 2379; x_wconf 89' lang='lat' dir='ltr'><strong>atque</strong></span> <span class='ocrx_word' id='word_1_419' title='bbox 2497 2309 2615 2364; x_wconf 69' lang='lat' dir='ltr'><strong>haec</strong></span> <span class='ocrx_word' id='word_1_420' title='bbox 2645 2309 2860 2364; x_wconf 88' lang='lat' dir='ltr'><strong>illarum</strong></span> <span class='ocrx_word' id='word_1_421' title='bbox 2891 2323 3051 2379; x_wconf 71' lang='lat' dir='ltr'><strong>poena</strong></span> <span class='ocrx_word' id='word_1_422' title='bbox 3073 2318 3177 2365; x_wconf 88' lang='lat' dir='ltr'><strong>est.</strong></span> 
     </span>
    </p>
   </div>
   <div class='ocr_carea' id='block_1_68' title="bbox 2064 2403 3564 2475">
    <p class='ocr_par' dir='ltr' id='par_1_68' title="bbox 2064 2403 3564 2475">
     <span class='ocr_line' id='line_1_69' title="bbox 2064 2403 3564 2475; baseline -0.003 -14"><span class='ocrx_word' id='word_1_423' title='bbox 2064 2406 2222 2475; x_wconf 83' lang='lat'><strong>107</strong></span> <span class='ocrx_word' id='word_1_424' title='bbox 2270 2403 2553 2459; x_wconf 89' lang='lat' dir='ltr'><strong>Noverunt</strong></span> <span class='ocrx_word' id='word_1_425' title='bbox 2592 2404 2758 2474; x_wconf 87' lang='lat' dir='ltr'><strong>igitur</strong></span> <span class='ocrx_word' id='word_1_426' title='bbox 2801 2406 2945 2458; x_wconf 85' lang='lat' dir='ltr'><strong>hanc</strong></span> <span class='ocrx_word' id='word_1_427' title='bbox 2983 2404 3054 2459; x_wconf 87' lang='lat' dir='ltr'><strong>ob</strong></span> <span class='ocrx_word' id='word_1_428' title='bbox 3109 2418 3332 2459; x_wconf 83' lang='lat' dir='ltr'><strong>causam</strong></span> <span class='ocrx_word' id='word_1_429' title='bbox 3358 2417 3479 2458; x_wconf 82' lang='lat' dir='ltr'><strong>sese</strong></span> <span class='ocrx_word' id='word_1_430' title='bbox 3513 2403 3564 2457; x_wconf 92' lang='lat' dir='ltr'><strong>in</strong></span> 
     </span>
    </p>
   </div>
   <div class='ocr_carea' id='block_1_69' title="bbox 1994 2497 3566 2569">
    <p class='ocr_par' dir='ltr' id='par_1_69' title="bbox 1994 2497 3566 2569">
     <span class='ocr_line' id='line_1_70' title="bbox 1994 2497 3566 2569; baseline 0 -16"><span class='ocrx_word' id='word_1_431' title='bbox 1994 2498 2101 2554; x_wconf 83' lang='lat' dir='ltr'><strong>illis</strong></span> <span class='ocrx_word' id='word_1_432' title='bbox 2132 2513 2257 2554; x_wconf 90' lang='lat' dir='ltr'><strong>esse</strong></span> <span class='ocrx_word' id='word_1_433' title='bbox 2297 2499 2641 2569; x_wconf 82' lang='lat' dir='ltr'><strong>corporibus,</strong></span> <span class='ocrx_word' id='word_1_434' title='bbox 2674 2507 2843 2569; x_wconf 85' lang='lat' dir='ltr'><strong>atque</strong></span> <span class='ocrx_word' id='word_1_435' title='bbox 2896 2497 3098 2568; x_wconf 87' lang='lat' dir='ltr'><strong>aliquid</strong></span> <span class='ocrx_word' id='word_1_436' title='bbox 3128 2513 3158 2552; x_wconf 89' lang='lat' dir='ltr'><strong>a</strong></span> <span class='ocrx_word' id='word_1_437' title='bbox 3188 2512 3248 2553; x_wconf 88' lang='lat' dir='ltr'><strong>se</strong></span> <span class='ocrx_word' id='word_1_438' title='bbox 3281 2508 3566 2569; x_wconf 89' lang='lat' dir='ltr'><strong>peccatum</strong></span> 
     </span>
    </p>
   </div>
   <div class='ocr_carea' id='block_1_70' title="bbox 1992 2590 2156 2646">
    <p class='ocr_par' dir='ltr' id='par_1_70' title="bbox 1992 2590 2156 2646">
     <span class='ocr_line' id='line_1_71' title="bbox 1992 2590 2156 2646; baseline -0.006 -1"><span class='ocrx_word' id='word_1_439' title='bbox 1992 2604 2115 2646; x_wconf 89' lang='lat' dir='ltr'><strong>esse</strong></span> <span class='ocrx_word' id='word_1_440' title='bbox 2132 2590 2156 2644; x_wconf 88' lang='lat'><strong>?</strong></span> 
     </span>
    </p>
   </div>
   <div class='ocr_carea' id='block_1_71' title="bbox 2066 2682 2367 2751">
    <p class='ocr_par' dir='ltr' id='par_1_71' title="bbox 2066 2682 2367 2751">
     <span class='ocr_line' id='line_1_72' title="bbox 2066 2682 2367 2751; baseline 0.003 -15"><span class='ocrx_word' id='word_1_441' title='bbox 2066 2682 2183 2737; x_wconf 87' lang='lat' dir='ltr'><strong>Non</strong></span> <span class='ocrx_word' id='word_1_442' title='bbox 2217 2690 2367 2751; x_wconf 88' lang='lat' dir='ltr'><strong>puto.</strong></span> 
     </span>
    </p>
   </div>
   <div class='ocr_carea' id='block_1_72' title="bbox 2060 2774 3565 2846">
    <p class='ocr_par' dir='ltr' id='par_1_72' title="bbox 2060 2774 3565 2846">
     <span class='ocr_line' id='line_1_73' title="bbox 2060 2774 3565 2846; baseline 0.001 -16"><span class='ocrx_word' id='word_1_443' title='bbox 2060 2775 2209 2831; x_wconf 82' lang='lat' dir='ltr'><strong>Nihil</strong></span> <span class='ocrx_word' id='word_1_444' title='bbox 2239 2777 2405 2845; x_wconf 82' lang='lat' dir='ltr'><strong>igitur</strong></span> <span class='ocrx_word' id='word_1_445' title='bbox 2427 2774 2681 2830; x_wconf 88' lang='lat' dir='ltr'><strong>utilitatis</strong></span> <span class='ocrx_word' id='word_1_446' title='bbox 2705 2775 2955 2830; x_wconf 92' lang='lat' dir='ltr'><strong>videntur</strong></span> <span class='ocrx_word' id='word_1_447' title='bbox 2975 2789 3040 2830; x_wconf 82' lang='lat' dir='ltr'><strong>ex</strong></span> <span class='ocrx_word' id='word_1_448' title='bbox 3067 2790 3225 2845; x_wconf 73' lang='lat' dir='ltr'><strong>poena</strong></span> <span class='ocrx_word' id='word_1_449' title='bbox 3249 2776 3565 2846; x_wconf 84' lang='lat' dir='ltr'><strong>percipere;</strong></span> 
     </span>
    </p>
   </div>
   <div class='ocr_carea' id='block_1_73' title="bbox 1993 2865 3566 2938">
    <p class='ocr_par' dir='ltr' id='par_1_73' title="bbox 1993 2865 3566 2938">
     <span class='ocr_line' id='line_1_74' title="bbox 1993 2865 3566 2938; baseline 0.003 -18"><span class='ocrx_word' id='word_1_450' title='bbox 1993 2868 2105 2922; x_wconf 90' lang='lat' dir='ltr'><strong>imo</strong></span> <span class='ocrx_word' id='word_1_451' title='bbox 2137 2882 2203 2920; x_wconf 92' lang='lat' dir='ltr'><strong>ne</strong></span> <span class='ocrx_word' id='word_1_452' title='bbox 2234 2865 2415 2935; x_wconf 88' lang='lat' dir='ltr'><strong>puniri</strong></span> <span class='ocrx_word' id='word_1_453' title='bbox 2444 2866 2664 2936; x_wconf 91' lang='lat' dir='ltr'><strong>quidem</strong></span> <span class='ocrx_word' id='word_1_454' title='bbox 2691 2880 2804 2936; x_wconf 36' lang='lat' dir='ltr'><strong>-eas</strong></span> <span class='ocrx_word' id='word_1_455' title='bbox 2846 2866 3100 2934; x_wconf 82' lang='lat' dir='ltr'><strong>dixerim,</strong></span> <span class='ocrx_word' id='word_1_456' title='bbox 3135 2866 3179 2921; x_wconf 90' lang='lat' dir='ltr'><strong>si</strong></span> <span class='ocrx_word' id='word_1_457' title='bbox 3202 2882 3421 2938; x_wconf 81' lang='lat' dir='ltr'><strong>pteuam</strong></span> <span class='ocrx_word' id='word_1_458' title='bbox 3456 2885 3566 2924; x_wconf 92' lang='lat' dir='ltr'><strong>non</strong></span> 
     </span>
    </p>
   </div>
   <div class='ocr_carea' id='block_1_74' title="bbox 1992 2958 2255 3013">
    <p class='ocr_par' dir='ltr' id='par_1_74' title="bbox 1992 2958 2255 3013">
     <span class='ocr_line' id='line_1_75' title="bbox 1992 2958 2255 3013; baseline -0.008 0"><span class='ocrx_word' id='word_1_459' title='bbox 1992 2958 2255 3013; x_wconf 86' lang='lat' dir='ltr'><strong>sentiunt.</strong></span> 
     </span>
    </p>
   </div>
   <div class='ocr_carea' id='block_1_75' title="bbox 2064 3047 2369 3103">
    <p class='ocr_par' dir='ltr' id='par_1_75' title="bbox 2064 3047 2369 3103">
     <span class='ocr_line' id='line_1_76' title="bbox 2064 3047 2369 3103; baseline 0 -1"><span class='ocrx_word' id='word_1_460' title='bbox 2064 3047 2183 3103; x_wconf 85' lang='lat' dir='ltr'><strong>Non</strong></span> <span class='ocrx_word' id='word_1_461' title='bbox 2215 3059 2369 3103; x_wconf 86' lang='lat' dir='ltr'><strong>sane.</strong></span> 
     </span>
    </p>
   </div>
   <div class='ocr_carea' id='block_1_76' title="bbox 2065 3137 3605 3210">
    <p class='ocr_par' dir='ltr' id='par_1_76' title="bbox 2065 3137 3605 3210">
     <span class='ocr_line' id='line_1_77' title="bbox 2065 3137 3605 3210; baseline 0.001 -15"><span class='ocrx_word' id='word_1_462' title='bbox 2065 3141 2182 3195; x_wconf 88' lang='lat' dir='ltr'><strong>Non</strong></span> <span class='ocrx_word' id='word_1_463' title='bbox 2213 3156 2345 3210; x_wconf 91' lang='lat' dir='ltr'><strong>ergo</strong></span> <span class='ocrx_word' id='word_1_464' title='bbox 2364 3139 2531 3195; x_wconf 91' lang='lat' dir='ltr'><strong>Deum</strong></span> <span class='ocrx_word' id='word_1_465' title='bbox 2554 3137 2740 3195; x_wconf 90' lang='lat' dir='ltr'><strong>vident</strong></span> <span class='ocrx_word' id='word_1_466' title='bbox 2757 3139 2972 3204; x_wconf 69' lang='lat' dir='ltr'><strong>animae,</strong></span> <span class='ocrx_word' id='word_1_467' title='bbox 2999 3154 3101 3194; x_wconf 91' lang='lat' dir='ltr'><strong>nec</strong></span> <span class='ocrx_word' id='word_1_468' title='bbox 3122 3141 3359 3210; x_wconf 80' lang='lat' dir='ltr'><strong>migrant</strong></span> <span class='ocrx_word' id='word_1_469' title='bbox 3380 3141 3434 3195; x_wconf 91' lang='lat' dir='ltr'><strong>in</strong></span> <span class='ocrx_word' id='word_1_470' title='bbox 3463 3142 3567 3197; x_wconf 87' lang='lat' dir='ltr'><strong>alia</strong></span> <span class='ocrx_word' id='word_1_471' title='bbox 3600 3140 3605 3148; x_wconf 84' lang='grc'><em>’</em></span> 
     </span>
    </p>
   </div>
   <div class='ocr_carea' id='block_1_77' title="bbox 1996 3231 3571 3303">
    <p class='ocr_par' dir='ltr' id='par_1_77' title="bbox 1996 3231 3571 3303">
     <span class='ocr_line' id='line_1_78' title="bbox 1996 3231 3571 3303; baseline -0.001 -16"><span class='ocrx_word' id='word_1_472' title='bbox 1996 3248 2264 3303; x_wconf 89' lang='lat' dir='ltr'><strong>corpora;</strong></span> <span class='ocrx_word' id='word_1_473' title='bbox 2301 3232 2507 3287; x_wconf 86' lang='lat' dir='ltr'><strong>scirent</strong></span> <span class='ocrx_word' id='word_1_474' title='bbox 2526 3231 2669 3285; x_wconf 91' lang='lat' dir='ltr'><strong>enim</strong></span> <span class='ocrx_word' id='word_1_475' title='bbox 2699 3231 2915 3286; x_wconf 84' lang='lat' dir='ltr'><strong>seseita</strong></span> <span class='ocrx_word' id='word_1_476' title='bbox 2951 3232 3154 3301; x_wconf 92' lang='lat' dir='ltr'><strong>puniri,</strong></span> <span class='ocrx_word' id='word_1_477' title='bbox 3178 3245 3245 3284; x_wconf 88' lang='lat' dir='ltr'><strong>ac</strong></span> <span class='ocrx_word' id='word_1_478' title='bbox 3268 3240 3571 3286; x_wconf 78' lang='lat' dir='ltr'><strong>metuerent</strong></span> 
     </span>
    </p>
   </div>
   <div class='ocr_carea' id='block_1_78' title="bbox 1997 3321 3570 3395">
    <p class='ocr_par' dir='ltr' id='par_1_78' title="bbox 1997 3321 3570 3395">
     <span class='ocr_line' id='line_1_79' title="bbox 1997 3321 3570 3395; baseline -0.004 -14"><span class='ocrx_word' id='word_1_479' title='bbox 1997 3341 2066 3381; x_wconf 90' lang='lat' dir='ltr'><strong>ne</strong></span> <span class='ocrx_word' id='word_1_480' title='bbox 2094 3325 2221 3395; x_wconf 89' lang='lat' dir='ltr'><strong>quid</strong></span> <span class='ocrx_word' id='word_1_481' title='bbox 2263 3324 2520 3393; x_wconf 88' lang='lat' dir='ltr'><strong>deinceps</strong></span> <span class='ocrx_word' id='word_1_482' title='bbox 2555 3321 2641 3376; x_wconf 89' lang='lat' dir='ltr'><strong>vel</strong></span> <span class='ocrx_word' id='word_1_483' title='bbox 2691 3322 2884 3377; x_wconf 89' lang='lat' dir='ltr'><strong>leviter</strong></span> <span class='ocrx_word' id='word_1_484' title='bbox 2932 3331 3250 3392; x_wconf 83' lang='lat' dir='ltr'><strong>peccarent.</strong></span> <span class='ocrx_word' id='word_1_485' title='bbox 3288 3322 3446 3389; x_wconf 83' lang='lat' dir='ltr'><strong>Quod</strong></span> <span class='ocrx_word' id='word_1_486' title='bbox 3473 3339 3570 3376; x_wconf 86' lang='lat' dir='ltr'><strong>au-</strong></span> 
     </span>
    </p>
   </div>
   <div class='ocr_carea' id='block_1_79' title="bbox 1998 3412 3572 3484">
    <p class='ocr_par' dir='ltr' id='par_1_79' title="bbox 1998 3412 3572 3484">
     <span class='ocr_line' id='line_1_80' title="bbox 1998 3412 3572 3484; baseline -0.003 -13"><span class='ocrx_word' id='word_1_487' title='bbox 1998 3426 2101 3471; x_wconf 83' lang='lat' dir='ltr'><strong>tem</strong></span> <span class='ocrx_word' id='word_1_488' title='bbox 2131 3414 2433 3484; x_wconf 79' lang='lat' dir='ltr'><strong>intelligere</strong></span> <span class='ocrx_word' id='word_1_489' title='bbox 2471 3414 2682 3482; x_wconf 88' lang='lat' dir='ltr'><strong>possint</strong></span> <span class='ocrx_word' id='word_1_490' title='bbox 2711 3412 2881 3467; x_wconf 87' lang='lat' dir='ltr'><strong>Deum</strong></span> <span class='ocrx_word' id='word_1_491' title='bbox 2919 3427 3073 3479; x_wconf 84' lang='lat' dir='ltr'><strong>esse,</strong></span> <span class='ocrx_word' id='word_1_492' title='bbox 3116 3428 3182 3468; x_wconf 86' lang='lat' dir='ltr'><strong>ac</strong></span> <span class='ocrx_word' id='word_1_493' title='bbox 3222 3413 3488 3481; x_wconf 80' lang='lat' dir='ltr'><strong>justitiam</strong></span> <span class='ocrx_word' id='word_1_494' title='bbox 3514 3423 3572 3469; x_wconf 88' lang='lat' dir='ltr'><strong>et</strong></span> 
     </span>
    </p>
   </div>
   <div class='ocr_carea' id='block_1_80' title="bbox 1995 3505 3567 3578">
    <p class='ocr_par' dir='ltr' id='par_1_80' title="bbox 1995 3505 3567 3578">
     <span class='ocr_line' id='line_1_81' title="bbox 1995 3505 3567 3578; baseline 0 -18"><span class='ocrx_word' id='word_1_495' title='bbox 1995 3511 2253 3578; x_wconf 85' lang='lat' dir='ltr'><strong>pietatem</strong></span> <span class='ocrx_word' id='word_1_496' title='bbox 2295 3506 2619 3576; x_wconf 80' lang='lat' dir='ltr'><strong>praeclarum</strong></span> <span class='ocrx_word' id='word_1_497' title='bbox 2653 3506 2935 3576; x_wconf 88' lang='lat' dir='ltr'><strong>quidpiam</strong></span> <span class='ocrx_word' id='word_1_498' title='bbox 2965 3519 3107 3572; x_wconf 89' lang='lat' dir='ltr'><strong>esse,</strong></span> <span class='ocrx_word' id='word_1_499' title='bbox 3129 3505 3184 3561; x_wconf 93' lang='lat' dir='ltr'><strong>id</strong></span> <span class='ocrx_word' id='word_1_500' title='bbox 3209 3506 3343 3576; x_wconf 87' lang='lat' dir='ltr'><strong>ipse,</strong></span> <span class='ocrx_word' id='word_1_501' title='bbox 3369 3506 3567 3576; x_wconf 86' lang='lat' dir='ltr'><strong>inquit,</strong></span> 
     </span>
    </p>
   </div>
   <div class='ocr_carea' id='block_1_81' title="bbox 1995 3601 2284 3654">
    <p class='ocr_par' dir='ltr' id='par_1_81' title="bbox 1995 3601 2284 3654">
     <span class='ocr_line' id='line_1_82' title="bbox 1995 3601 2284 3654; baseline -0.003 -1"><span class='ocrx_word' id='word_1_502' title='bbox 1995 3601 2284 3654; x_wconf 88' lang='lat' dir='ltr'><strong>assentior.</strong></span> 
     </span>
    </p>
   </div>
   <div class='ocr_carea' id='block_1_82' title="bbox 2066 3689 2695 3757">
    <p class='ocr_par' dir='ltr' id='par_1_82' title="bbox 2066 3689 2695 3757">
     <span class='ocr_line' id='line_1_83' title="bbox 2066 3689 2695 3757; baseline 0.006 -15"><span class='ocrx_word' id='word_1_503' title='bbox 2066 3691 2238 3743; x_wconf 75' lang='lat' dir='ltr'><strong>[tecte</strong></span> <span class='ocrx_word' id='word_1_504' title='bbox 2269 3689 2427 3751; x_wconf 88' lang='lat' dir='ltr'><strong>dicis,</strong></span> <span class='ocrx_word' id='word_1_505' title='bbox 2452 3689 2695 3757; x_wconf 88' lang='lat' dir='ltr'><strong>inquam.</strong></span> 
     </span>
    </p>
   </div>
   <div class='ocr_carea' id='block_1_83' title="bbox 2065 3777 3566 3851">
    <p class='ocr_par' dir='ltr' id='par_1_83' title="bbox 2065 3777 3566 3851">
     <span class='ocr_line' id='line_1_84' title="bbox 2065 3777 3566 3851; baseline -0.001 -18"><span class='ocrx_word' id='word_1_506' title='bbox 2065 3780 2119 3835; x_wconf 87' lang='grc'><strong>5.</strong></span> <span class='ocrx_word' id='word_1_507' title='bbox 2152 3780 2337 3851; x_wconf 85' lang='lat' dir='ltr'><strong>Neque</strong></span> <span class='ocrx_word' id='word_1_508' title='bbox 2385 3780 2546 3834; x_wconf 79' lang='lat' dir='ltr'><strong>etiam</strong></span> <span class='ocrx_word' id='word_1_509' title='bbox 2572 3787 2767 3832; x_wconf 82' lang='lat' dir='ltr'><strong>natura</strong></span> <span class='ocrx_word' id='word_1_510' title='bbox 2792 3794 2891 3832; x_wconf 78' lang='lat' dir='ltr'><strong>sua</strong></span> <span class='ocrx_word' id='word_1_511' title='bbox 2922 3777 3242 3833; x_wconf 73' lang='lat' dir='ltr'><strong>immortalis</strong></span> <span class='ocrx_word' id='word_1_512' title='bbox 3264 3786 3340 3833; x_wconf 79' lang='lat' dir='ltr'><strong>est</strong></span> <span class='ocrx_word' id='word_1_513' title='bbox 3364 3778 3566 3832; x_wconf 77' lang='lat' dir='ltr'><strong>anima.</strong></span> 
     </span>
    </p>
   </div>
   <div class='ocr_carea' id='block_1_84' title="bbox 1995 3870 3568 3943">
    <p class='ocr_par' dir='ltr' id='par_1_84' title="bbox 1995 3870 3568 3943">
     <span class='ocr_line' id='line_1_85' title="bbox 1995 3870 3568 3943; baseline -0.003 -14"><span class='ocrx_word' id='word_1_514' title='bbox 1995 3904 2066 3917; x_wconf 86' lang='lat'><strong>-</strong></span> <span class='ocrx_word' id='word_1_515' title='bbox 2092 3874 2236 3929; x_wconf 88' lang='lat' dir='ltr'><strong>Nihil</strong></span> <span class='ocrx_word' id='word_1_516' title='bbox 2294 3874 2461 3943; x_wconf 87' lang='lat' dir='ltr'><strong>igitur</strong></span> <span class='ocrx_word' id='word_1_517' title='bbox 2490 3874 2573 3927; x_wconf 85' lang='lat' dir='ltr'><strong>his</strong></span> <span class='ocrx_word' id='word_1_518' title='bbox 2605 3872 2672 3926; x_wconf 91' lang='lat' dir='ltr'><strong>de</strong></span> <span class='ocrx_word' id='word_1_519' title='bbox 2692 3870 2858 3926; x_wconf 90' lang='lat' dir='ltr'><strong>rebus</strong></span> <span class='ocrx_word' id='word_1_520' title='bbox 2890 3871 3072 3927; x_wconf 89' lang='lat' dir='ltr'><strong>sciunt</strong></span> <span class='ocrx_word' id='word_1_521' title='bbox 3098 3871 3186 3925; x_wconf 90' lang='lat' dir='ltr'><strong>isti</strong></span> <span class='ocrx_word' id='word_1_522' title='bbox 3220 3871 3522 3941; x_wconf 82' lang='lat' dir='ltr'><strong>philosophi</strong></span> <span class='ocrx_word' id='word_1_523' title='bbox 3550 3887 3568 3937; x_wconf 89' lang='lat'><strong>;</strong></span> 
     </span>
    </p>
   </div>
   <div class='ocr_carea' id='block_1_85' title="bbox 1993 3962 3286 4034">
    <p class='ocr_par' dir='ltr' id='par_1_85' title="bbox 1993 3962 3286 4034">
     <span class='ocr_line' id='line_1_86' title="bbox 1993 3962 3286 4034; baseline -0.004 -13"><span class='ocrx_word' id='word_1_524' title='bbox 1993 3981 2093 4021; x_wconf 92' lang='lat' dir='ltr'><strong>nec</strong></span> <span class='ocrx_word' id='word_1_525' title='bbox 2114 3966 2257 4020; x_wconf 90' lang='lat' dir='ltr'><strong>enim</strong></span> <span class='ocrx_word' id='word_1_526' title='bbox 2279 3965 2411 4034; x_wconf 90' lang='lat' dir='ltr'><strong>quid</strong></span> <span class='ocrx_word' id='word_1_527' title='bbox 2430 3964 2503 4018; x_wconf 91' lang='lat' dir='ltr'><strong>sit</strong></span> <span class='ocrx_word' id='word_1_528' title='bbox 2524 3962 2704 4016; x_wconf 88' lang='lat' dir='ltr'><strong>anima</strong></span> <span class='ocrx_word' id='word_1_529' title='bbox 2735 3963 3011 4033; x_wconf 82' lang='lat' dir='ltr'><strong>explicare</strong></span> <span class='ocrx_word' id='word_1_530' title='bbox 3040 3971 3286 4033; x_wconf 86' lang='lat' dir='ltr'><strong>possunt.</strong></span> 
     </span>
    </p>
   </div>
   <div class='ocr_carea' id='block_1_86' title="bbox 2060 4055 2640 4113">
    <p class='ocr_par' dir='ltr' id='par_1_86' title="bbox 2060 4055 2640 4113">
     <span class='ocr_line' id='line_1_87' title="bbox 2060 4055 2640 4113; baseline -0.009 -1"><span class='ocrx_word' id='word_1_531' title='bbox 2060 4058 2204 4113; x_wconf 86' lang='lat' dir='ltr'><strong>Idem</strong></span> <span class='ocrx_word' id='word_1_532' title='bbox 2241 4057 2374 4111; x_wconf 87' lang='lat' dir='ltr'><strong>mihi</strong></span> <span class='ocrx_word' id='word_1_533' title='bbox 2408 4055 2640 4109; x_wconf 87' lang='lat' dir='ltr'><strong>videtur.</strong></span> 
     </span>
    </p>
   </div>
   <div class='ocr_carea' id='block_1_87' title="bbox 2061 4144 3569 4217">
    <p class='ocr_par' dir='ltr' id='par_1_87' title="bbox 2061 4144 3569 4217">
     <span class='ocr_line' id='line_1_88' title="bbox 2061 4144 3569 4217; baseline -0.002 -15"><span class='ocrx_word' id='word_1_534' title='bbox 2061 4146 2251 4217; x_wconf 90' lang='lat' dir='ltr'><strong>Neque</strong></span> <span class='ocrx_word' id='word_1_535' title='bbox 2279 4148 2447 4202; x_wconf 89' lang='lat' dir='ltr'><strong>etiam</strong></span> <span class='ocrx_word' id='word_1_536' title='bbox 2479 4144 2801 4200; x_wconf 86' lang='lat' dir='ltr'><strong>immortalis</strong></span> <span class='ocrx_word' id='word_1_537' title='bbox 2820 4144 3050 4200; x_wconf 90' lang='lat' dir='ltr'><strong>dicenda</strong></span> <span class='ocrx_word' id='word_1_538' title='bbox 3079 4157 3194 4213; x_wconf 89' lang='lat' dir='ltr'><strong>est;</strong></span> <span class='ocrx_word' id='word_1_539' title='bbox 3233 4160 3357 4201; x_wconf 86' lang='lat' dir='ltr'><strong>nam</strong></span> <span class='ocrx_word' id='word_1_540' title='bbox 3384 4145 3432 4201; x_wconf 90' lang='lat' dir='ltr'><strong>si</strong></span> <span class='ocrx_word' id='word_1_541' title='bbox 3463 4146 3569 4200; x_wconf 89' lang='lat' dir='ltr'><strong>im-</strong></span> 
     </span>
    </p>
   </div>
   <div class='ocr_carea' id='block_1_88' title="bbox 1995 4237 3040 4308">
    <p class='ocr_par' dir='ltr' id='par_1_88' title="bbox 1995 4237 3040 4308">
     <span class='ocr_line' id='line_1_89' title="bbox 1995 4237 3040 4308; baseline -0.003 -13"><span class='ocrx_word' id='word_1_542' title='bbox 1995 4242 2265 4303; x_wconf 86' lang='lat' dir='ltr'><strong>mortalis,</strong></span> <span class='ocrx_word' id='word_1_543' title='bbox 2291 4240 2460 4295; x_wconf 89' lang='lat' dir='ltr'><strong>etiam</strong></span> <span class='ocrx_word' id='word_1_544' title='bbox 2490 4237 2740 4308; x_wconf 80' lang='lat' dir='ltr'><strong>profecto</strong></span> <span class='ocrx_word' id='word_1_545' title='bbox 2772 4238 3040 4307; x_wconf 85' lang='lat' dir='ltr'><strong>ingenita.</strong></span> 
     </span>
    </p>
   </div>
   <div class='ocr_carea' id='block_1_89' title="bbox 2064 4330 3571 4388">
    <p class='ocr_par' dir='ltr' id='par_1_89' title="bbox 2064 4330 3571 4388">
     <span class='ocr_line' id='line_1_90' title="bbox 2064 4330 3571 4388; baseline -0.003 0"><span class='ocrx_word' id='word_1_546' title='bbox 2064 4333 2367 4388; x_wconf 89' lang='lat' dir='ltr'><strong>lncreatam</strong></span> <span class='ocrx_word' id='word_1_547' title='bbox 2394 4341 2575 4386; x_wconf 87' lang='lat' dir='ltr'><strong>autem</strong></span> <span class='ocrx_word' id='word_1_548' title='bbox 2602 4344 2657 4386; x_wconf 88' lang='lat' dir='ltr'><strong>et</strong></span> <span class='ocrx_word' id='word_1_549' title='bbox 2691 4330 3061 4388; x_wconf 88' lang='lat' dir='ltr'><strong>immortalem</strong></span> <span class='ocrx_word' id='word_1_550' title='bbox 3089 4330 3407 4386; x_wconf 85' lang='lat' dir='ltr'><strong>existimant</strong></span> <span class='ocrx_word' id='word_1_551' title='bbox 3438 4347 3571 4386; x_wconf 91' lang='lat' dir='ltr'><strong>nou-</strong></span> 
     </span>
    </p>
   </div>
   <div class='ocr_carea' id='block_1_90' title="bbox 1995 4423 2866 4494">
    <p class='ocr_par' dir='ltr' id='par_1_90' title="bbox 1995 4423 2866 4494">
     <span class='ocr_line' id='line_1_91' title="bbox 1995 4423 2866 4494; baseline -0.005 -14"><span class='ocrx_word' id='word_1_552' title='bbox 1995 4426 2146 4491; x_wconf 89' lang='lat' dir='ltr'><strong>nulli,</strong></span> <span class='ocrx_word' id='word_1_553' title='bbox 2182 4425 2271 4494; x_wconf 91' lang='lat' dir='ltr'><strong>qui</strong></span> <span class='ocrx_word' id='word_1_554' title='bbox 2298 4424 2562 4479; x_wconf 86' lang='lat' dir='ltr'><strong>Platonici</strong></span> <span class='ocrx_word' id='word_1_555' title='bbox 2591 4423 2866 4478; x_wconf 88' lang='lat' dir='ltr'><strong>dicuntur.</strong></span> 
     </span>
    </p>
   </div>
   <div class='ocr_carea' id='block_1_91' title="bbox 1918 4514 3416 4588">
    <p class='ocr_par' dir='ltr' id='par_1_91' title="bbox 1918 4514 3416 4588">
     <span class='ocr_line' id='line_1_92' title="bbox 1918 4514 3416 4588; baseline -0.005 -13"><span class='ocrx_word' id='word_1_556' title='bbox 1918 4532 1963 4588; x_wconf 85' lang='grc' dir='ltr'>ι)</span> <span class='ocrx_word' id='word_1_557' title='bbox 2064 4520 2171 4575; x_wconf 91' lang='lat' dir='ltr'><strong>Sed</strong></span> <span class='ocrx_word' id='word_1_558' title='bbox 2216 4528 2270 4573; x_wconf 90' lang='lat' dir='ltr'><strong>tu</strong></span> <span class='ocrx_word' id='word_1_559' title='bbox 2302 4535 2369 4573; x_wconf 90' lang='lat' dir='ltr'><strong>an</strong></span> <span class='ocrx_word' id='word_1_560' title='bbox 2398 4519 2573 4588; x_wconf 91' lang='lat' dir='ltr'><strong>ipsum</strong></span> <span class='ocrx_word' id='word_1_561' title='bbox 2614 4518 2874 4572; x_wconf 91' lang='lat' dir='ltr'><strong>mundum</strong></span> <span class='ocrx_word' id='word_1_562' title='bbox 2907 4516 3208 4585; x_wconf 81' lang='lat' dir='ltr'><strong>ingenitum</strong></span> <span class='ocrx_word' id='word_1_563' title='bbox 3240 4514 3416 4569; x_wconf 79' lang='lat' dir='ltr'><strong>dicis?</strong></span> 
     </span>
    </p>
   </div>
   <div class='ocr_carea' id='block_1_92' title="bbox 2068 4608 3398 4682">
    <p class='ocr_par' dir='ltr' id='par_1_92' title="bbox 2068 4608 3398 4682">
     <span class='ocr_line' id='line_1_93' title="bbox 2068 4608 3398 4682; baseline -0.005 -15"><span class='ocrx_word' id='word_1_564' title='bbox 2068 4612 2209 4668; x_wconf 91' lang='lat' dir='ltr'><strong>Sunt</strong></span> <span class='ocrx_word' id='word_1_565' title='bbox 2244 4612 2337 4682; x_wconf 91' lang='lat' dir='ltr'><strong>qui</strong></span> <span class='ocrx_word' id='word_1_566' title='bbox 2357 4611 2563 4678; x_wconf 88' lang='lat' dir='ltr'><strong>dicant,</strong></span> <span class='ocrx_word' id='word_1_567' title='bbox 2598 4611 2692 4666; x_wconf 88' lang='lat' dir='ltr'><strong>sed</strong></span> <span class='ocrx_word' id='word_1_568' title='bbox 2716 4610 2802 4665; x_wconf 83' lang='lat' dir='ltr'><strong>bis</strong></span> <span class='ocrx_word' id='word_1_569' title='bbox 2832 4624 2932 4679; x_wconf 83' lang='lat' dir='ltr'><strong>ego</strong></span> <span class='ocrx_word' id='word_1_570' title='bbox 2967 4624 3072 4664; x_wconf 90' lang='lat' dir='ltr'><strong>non</strong></span> <span class='ocrx_word' id='word_1_571' title='bbox 3106 4608 3398 4664; x_wconf 85' lang='lat' dir='ltr'><strong>assentior.</strong></span> 
     </span>
    </p>
   </div>
   <div class='ocr_carea' id='block_1_93' title="bbox 370 4848 1889 4967">
    <p class='ocr_par' dir='ltr' id='par_1_93' title="bbox 370 4848 1889 4967">
     <span class='ocr_line' id='line_1_94' title="bbox 370 4848 1889 4967; baseline -0.009 -16"><span class='ocrx_word' id='word_1_572' title='bbox 370 4900 413 4929; x_wconf 75' lang='grc' dir='ltr'>σι</span> <span class='ocrx_word' id='word_1_573' title='bbox 451 4892 1027 4967; x_wconf 66' lang='lat' dir='ltr'><strong>piai.__ph¢don.,p._</strong></span> <span class='ocrx_word' id='word_1_574' title='bbox 1059 4888 1148 4955; x_wconf 68' lang='grc' dir='ltr'><strong>τε,</strong></span> <span class='ocrx_word' id='word_1_575' title='bbox 1183 4848 1273 4950; x_wconf 67' lang='lat'><strong>.76,</strong></span> <span class='ocrx_word' id='word_1_576' title='bbox 1303 4886 1393 4953; x_wconf 74' lang='lat'><strong>92,</strong></span> <span class='ocrx_word' id='word_1_577' title='bbox 1451 4892 1507 4943; x_wconf 84' lang='lat' dir='ltr'><strong>et</strong></span> <span class='ocrx_word' id='word_1_578' title='bbox 1539 4883 1758 4943; x_wconf 72' lang='lat' dir='ltr'><strong>Phwdr.</strong></span> <span class='ocrx_word' id='word_1_579' title='bbox 1793 4882 1889 4938; x_wconf 65' lang='grc' dir='ltr'>εις</span> 
     </span>
    </p>
   </div>
   <div class='ocr_carea' id='block_1_94' title="bbox 2012 4848 3566 4967">
    <p class='ocr_par' dir='ltr' id='par_1_94' title="bbox 2034 4876 3566 4951">
     <span class='ocr_line' id='line_1_95' title="bbox 2034 4876 3566 4951; baseline -0.003 -15"><span class='ocrx_word' id='word_1_580' title='bbox 2034 4882 2080 4915; x_wconf 81' lang='grc'><strong>⁸³</strong></span> <span class='ocrx_word' id='word_1_581' title='bbox 2132 4879 2478 4951; x_wconf 75' lang='lat' dir='ltr'><strong>Phcedon.,p.</strong></span> <span class='ocrx_word' id='word_1_582' title='bbox 2519 4877 2588 4935; x_wconf 83' lang='lat'><strong>66</strong></span> <span class='ocrx_word' id='word_1_583' title='bbox 2621 4887 2678 4936; x_wconf 86' lang='lat' dir='ltr'><strong>et</strong></span> <span class='ocrx_word' id='word_1_584' title='bbox 2702 4877 2794 4934; x_wconf 82' lang='lat'><strong>67.</strong></span> <span class='ocrx_word' id='word_1_585' title='bbox 2898 4878 2946 4911; x_wconf 81' lang='grc'><strong>⁸³</strong></span> <span class='ocrx_word' id='word_1_586' title='bbox 2987 4876 3342 4951; x_wconf 75' lang='grc' dir='ltr'><strong>ΡΙιιεάοη.,[›.</strong></span> <span class='ocrx_word' id='word_1_587' title='bbox 3396 4876 3455 4932; x_wconf 85' lang='grc'>81</span> <span class='ocrx_word' id='word_1_588' title='bbox 3511 4884 3566 4933; x_wconf 82' lang='lat' dir='ltr'><strong>et</strong></span> 
     </span>
    </p>
   </div>
   <div class='ocr_carea' id='block_1_95' title="bbox 339 4965 702 5037">
    <p class='ocr_par' dir='ltr' id='par_1_95' title="bbox 339 4965 702 5037">
     <span class='ocr_line' id='line_1_96' title="bbox 339 4965 702 5037; baseline -0.011 -16"><span class='ocrx_word' id='word_1_589' title='bbox 339 4966 472 5022; x_wconf 72' lang='lat' dir='ltr'><strong>Tim.</strong></span> <span class='ocrx_word' id='word_1_590' title='bbox 510 4984 570 5037; x_wconf 91' lang='lat' dir='ltr'><strong>p.</strong></span> <span class='ocrx_word' id='word_1_591' title='bbox 606 4965 702 5019; x_wconf 75' lang='grc'><strong>42.</strong></span> 
     </span>
    </p>
   </div>
   <div class='ocr_carea' id='block_1_96' title="bbox 377 5139 1886 5231">
    <p class='ocr_par' dir='ltr' id='par_1_96' title="bbox 377 5139 1886 5231">
     <span class='ocr_line' id='line_1_97' title="bbox 377 5139 1886 5231; baseline -0.015 -17"><span class='ocrx_word' id='word_1_592' title='bbox 377 5158 484 5231; x_wconf 66' lang='grc' dir='ltr'><strong>βθ)</strong></span> <span class='ocrx_word' id='word_1_593' title='bbox 528 5156 742 5231; x_wconf 66' lang='grc' dir='ltr'>Πάντα</span> <span class='ocrx_word' id='word_1_594' title='bbox 755 5153 863 5231; x_wconf 75' lang='grc' dir='ltr'>τὸν</span> <span class='ocrx_word' id='word_1_595' title='bbox 885 5148 1387 5231; x_wconf 49' lang='grc' dir='ltr'><strong>χρόνονηπιξντωγ.</strong></span> <span class='ocrx_word' id='word_1_596' title='bbox 1425 5143 1482 5231; x_wconf 60' lang='lat' dir='ltr'><strong>in</strong></span> <span class='ocrx_word' id='word_1_597' title='bbox 1502 5139 1886 5231; x_wconf 13' lang='lat' dir='ltr'><strong>rcodzgluarom.</strong></span> 
     </span>
    </p>
   </div>
   <div class='ocr_carea' id='block_1_97' title="bbox 306 5214 1890 5297">
    <p class='ocr_par' dir='ltr' id='par_1_97' title="bbox 306 5214 1890 5297">
     <span class='ocr_line' id='line_1_98' title="bbox 306 5214 1890 5297; baseline -0.016 -12"><span class='ocrx_word' id='word_1_598' title='bbox 306 5214 394 5297; x_wconf 73' lang='lat' dir='ltr'><strong>pro</strong></span> <span class='ocrx_word' id='word_1_599' title='bbox 417 5214 645 5283; x_wconf 65' lang='grc' dir='ltr'>πᾶντων</span> <span class='ocrx_word' id='word_1_600' title='bbox 663 5229 863 5295; x_wconf 87' lang='lat' dir='ltr'><strong>legitur</strong></span> <span class='ocrx_word' id='word_1_601' title='bbox 885 5214 1080 5297; x_wconf 61' lang='grc' dir='ltr'>σῖᾴντα.</span> <span class='ocrx_word' id='word_1_602' title='bbox 1101 5216 1423 5297; x_wconf 74' lang='lat' dir='ltr'><strong>Sylburgius</strong></span> <span class='ocrx_word' id='word_1_603' title='bbox 1440 5214 1725 5297; x_wconf 63' lang='lat' dir='ltr'><strong>legendum</strong></span> <span class='ocrx_word' id='word_1_604' title='bbox 1758 5223 1890 5297; x_wconf 52' lang='lat' dir='ltr'><strong>oon:</strong></span> 
     </span>
    </p>
   </div>
   <div class='ocr_carea' id='block_1_98' title="bbox 302 5280 1890 5369">
    <p class='ocr_par' dir='ltr' id='par_1_98' title="bbox 302 5280 1890 5369">
     <span class='ocr_line' id='line_1_99' title="bbox 302 5280 1890 5369; baseline -0.015 -15"><span class='ocrx_word' id='word_1_605' title='bbox 615 5280 962 5369; x_wconf 41' lang='lat' dir='ltr'><strong>tﬁv‘équel</strong></span> <span class='ocrx_word' id='word_1_606' title='bbox 985 5280 1200 5369; x_wconf 60' lang='grc' dir='ltr'>πᾲντών</span> <span class='ocrx_word' id='word_1_607' title='bbox 1229 5286 1480 5369; x_wconf 54' lang='grc' dir='ltr'>μάλιστα.</span> <span class='ocrx_word' id='word_1_608' title='bbox 1498 5280 1694 5369; x_wconf 47' lang='grc' dir='ltr'><strong>’ὶμθιίιιξ</strong></span> 
     </span>
    </p>
   </div>
   <div class='ocr_carea' id='block_1_99' title="bbox 307 5352 1890 5436">
    <p class='ocr_par' dir='ltr' id='par_1_99' title="bbox 307 5352 1890 5436">
     <span class='ocr_line' id='line_1_100' title="bbox 307 5352 1890 5436; baseline -0.013 -12"><span class='ocrx_word' id='word_1_609' title='bbox 561 5352 732 5436; x_wconf 60' lang='lat' dir='ltr'><strong>atque</strong></span> <span class='ocrx_word' id='word_1_610' title='bbox 763 5352 1065 5436; x_wconf 36' lang='lat' dir='ltr'><strong>ita&#39;placui}</strong></span> <span class='ocrx_word' id='word_1_611' title='bbox 1089 5352 1386 5436; x_wconf 48' lang='lat' dir='ltr'><strong>Pearisouo.</strong></span> <span class='ocrx_word' id='word_1_612' title='bbox 1414 5355 1579 5436; x_wconf 79' lang='lat' dir='ltr'><strong>Paulo</strong></span> <span class='ocrx_word' id='word_1_613' title='bbox 1606 5360 1735 5436; x_wconf 68' lang='lat' dir='ltr'><strong>ante</strong></span> <span class='ocrx_word' id='word_1_614' title='bbox 1757 5352 1890 5436; x_wconf 61' lang='lat' dir='ltr'><strong>legit</strong></span> 
     </span>
    </p>
   </div>
   <div class='ocr_carea' id='block_1_100' title="bbox 305 5422 1886 5503">
    <p class='ocr_par' dir='ltr' id='par_1_100' title="bbox 305 5422 1886 5503">
     <span class='ocr_line' id='line_1_101' title="bbox 305 5422 1886 5503; baseline -0.011 -12"><span class='ocrx_word' id='word_1_615' title='bbox 305 5422 605 5499; x_wconf 68' lang='lat' dir='ltr'><strong>Thirlbius,</strong></span> <span class='ocrx_word' id='word_1_616' title='bbox 642 5422 1005 5503; x_wconf 75' lang='grc' dir='ltr'>’συγγενέσθαι</span> <span class='ocrx_word' id='word_1_617' title='bbox 1033 5430 1120 5485; x_wconf 84' lang='grc' dir='ltr'><strong>διὰ</strong></span> <span class='ocrx_word' id='word_1_618' title='bbox 1149 5428 1243 5483; x_wconf 76' lang='grc' dir='ltr'>τοῦ</span> <span class='ocrx_word' id='word_1_619' title='bbox 1273 5424 1387 5492; x_wconf 76' lang='grc' dir='ltr'>νοῦ,</span> <span class='ocrx_word' id='word_1_620' title='bbox 1422 5426 1562 5494; x_wconf 84' lang='lat' dir='ltr'><strong>quod</strong></span> <span class='ocrx_word' id='word_1_621' title='bbox 1608 5422 1737 5475; x_wconf 85' lang='lat' dir='ltr'><strong>mihi</strong></span> <span class='ocrx_word' id='word_1_622' title='bbox 1780 5432 1886 5473; x_wconf 92' lang='lat' dir='ltr'><strong>non</strong></span> 
     </span>
    </p>
   </div>
   <div class='ocr_carea' id='block_1_101' title="bbox 302 5508 966 5563">
    <p class='ocr_par' dir='ltr' id='par_1_101' title="bbox 302 5508 966 5563">
     <span class='ocr_line' id='line_1_102' title="bbox 302 5508 966 5563; baseline -0.002 -6"><span class='ocrx_word' id='word_1_623' title='bbox 302 5511 525 5563; x_wconf 77' lang='lat' dir='ltr'><strong>videtur</strong></span> <span class='ocrx_word' id='word_1_624' title='bbox 558 5522 789 5560; x_wconf 80' lang='lat' dir='ltr'><strong>necessa</strong></span> <span class='ocrx_word' id='word_1_625' title='bbox 799 5508 966 5556; x_wconf 84' lang='lat' dir='ltr'><strong>rium.</strong></span> 
     </span>
    </p>
   </div>
   <div class='ocr_carea' id='block_1_102' title="bbox 372 5560 1884 5650">
    <p class='ocr_par' dir='ltr' id='par_1_102' title="bbox 372 5560 1884 5650">
     <span class='ocr_line' id='line_1_103' title="bbox 372 5560 1884 5650; baseline -0.015 -15"><span class='ocrx_word' id='word_1_626' title='bbox 372 5560 487 5650; x_wconf 77' lang='grc'>(81)</span> <span class='ocrx_word' id='word_1_627' title='bbox 531 5576 650 5643; x_wconf 86' lang='grc' dir='ltr'><strong>Τῆς</strong></span> <span class='ocrx_word' id='word_1_628' title='bbox 681 5572 1010 5650; x_wconf 63' lang='grc' dir='ltr'>κονζᾴσεως,</span> <span class='ocrx_word' id='word_1_629' title='bbox 1042 5572 1121 5637; x_wconf 90' lang='grc' dir='ltr'>ὡς</span> <span class='ocrx_word' id='word_1_630' title='bbox 1144 5572 1359 5650; x_wconf 64' lang='grc' dir='ltr'>ἔοικεν.</span> <span class='ocrx_word' id='word_1_631' title='bbox 1392 5565 1525 5619; x_wconf 90' lang='lat' dir='ltr'><strong>Illud</strong></span> <span class='ocrx_word' id='word_1_632' title='bbox 1574 5564 1651 5626; x_wconf 86' lang='grc' dir='ltr'>ὡς</span> <span class='ocrx_word' id='word_1_633' title='bbox 1679 5560 1884 5650; x_wconf 39' lang='grc' dir='ltr'>,ἔοικεν</span> 
     </span>
    </p>
   </div>
   <div class='ocr_carea' id='block_1_103' title="bbox 1982 5488 2278 5558">
    <p class='ocr_par' dir='ltr' id='par_1_103' title="bbox 1982 5488 2278 5558">
     <span class='ocr_line' id='line_1_104' title="bbox 1982 5488 2278 5558; baseline -0.01 -15"><span class='ocrx_word' id='word_1_634' title='bbox 1982 5489 2219 5558; x_wconf 80' lang='lat' dir='ltr'><strong>gendum</strong></span> 
     </span>
    </p>
   </div>
   <div class='ocr_carea' id='block_1_104' title="bbox 2068 5137 3563 5211">
    <p class='ocr_par' dir='ltr' id='par_1_104' title="bbox 2068 5137 3563 5211">
     <span class='ocr_line' id='line_1_105' title="bbox 2068 5137 3563 5211; baseline -0.004 -19"><span class='ocrx_word' id='word_1_635' title='bbox 2068 5138 2180 5209; x_wconf 78' lang='lat'><strong>(89.)</strong></span> <span class='ocrx_word' id='word_1_636' title='bbox 2217 5137 2503 5211; x_wconf 55' lang='lat' dir='ltr'><strong>ﬂavour.</strong></span> <span class='ocrx_word' id='word_1_637' title='bbox 2538 5137 2594 5193; x_wconf 92' lang='lat' dir='ltr'><strong>Si</strong></span> <span class='ocrx_word' id='word_1_638' title='bbox 2624 5139 2693 5194; x_wconf 87' lang='lat' dir='ltr'><strong>ab</strong></span> <span class='ocrx_word' id='word_1_639' title='bbox 2729 5148 2949 5194; x_wconf 90' lang='lat' dir='ltr'><strong>auctore</strong></span> <span class='ocrx_word' id='word_1_640' title='bbox 2974 5137 3244 5211; x_wconf 71' lang='lat' dir='ltr'><strong>scriptum</strong></span> <span class='ocrx_word' id='word_1_641' title='bbox 3267 5143 3563 5211; x_wconf 70' lang='lat' dir='ltr'><strong>est,_usur-</strong></span> 
     </span>
    </p>
   </div>
   <div class='ocr_carea' id='block_1_105' title="bbox 1996 5203 3559 5280">
    <p class='ocr_par' dir='ltr' id='par_1_105' title="bbox 1996 5203 3559 5280">
     <span class='ocr_line' id='line_1_106' title="bbox 1996 5203 3559 5280; baseline -0.004 -17"><span class='ocrx_word' id='word_1_642' title='bbox 1996 5203 2180 5278; x_wconf 82' lang='lat' dir='ltr'><strong>patum</strong></span> <span class='ocrx_word' id='word_1_643' title='bbox 2207 5203 2287 5280; x_wconf 75' lang='lat' dir='ltr'><strong>it&#39;a</strong></span> <span class='ocrx_word' id='word_1_644' title='bbox 2316 5220 2405 5280; x_wconf 82' lang='lat' dir='ltr'><strong>est</strong></span> <span class='ocrx_word' id='word_1_645' title='bbox 2421 5209 2638 5280; x_wconf 73' lang='grc' dir='ltr'>ᾑδοσαν,</span> <span class='ocrx_word' id='word_1_646' title='bbox 2687 5219 2743 5264; x_wconf 94' lang='lat' dir='ltr'><strong>ut</strong></span> <span class='ocrx_word' id='word_1_647' title='bbox 2790 5212 2842 5263; x_wconf 89' lang='lat' dir='ltr'><strong>iu</strong></span> <span class='ocrx_word' id='word_1_648' title='bbox 2877 5209 3049 5262; x_wconf 89' lang='lat' dir='ltr'><strong>sacris</strong></span> <span class='ocrx_word' id='word_1_649' title='bbox 3090 5203 3275 5280; x_wconf 30' lang='lat' dir='ltr'><strong>Bili‘liis</strong></span> <span class='ocrx_word' id='word_1_650' title='bbox 3306 5203 3559 5275; x_wconf 78' lang='grc' dir='ltr'>ἧλθοσαν,</span> 
     </span>
    </p>
   </div>
   <div class='ocr_carea' id='block_1_106' title="bbox 1995 5276 3559 5349">
    <p class='ocr_par' dir='ltr' id='par_1_106' title="bbox 1995 5276 3559 5349">
     <span class='ocr_line' id='line_1_107' title="bbox 1995 5276 3559 5349; baseline -0.003 -16"><span class='ocrx_word' id='word_1_651' title='bbox 1995 5276 2051 5333; x_wconf 73' lang='lat' dir='ltr'><strong>et</strong></span> <span class='ocrx_word' id='word_1_652' title='bbox 2095 5279 2292 5331; x_wconf 90' lang='lat' dir='ltr'><strong>similia</strong></span> <span class='ocrx_word' id='word_1_653' title='bbox 2319 5276 2557 5349; x_wconf 25' lang='lat' dir='ltr'><strong>{alioqui</strong></span> <span class='ocrx_word' id='word_1_654' title='bbox 2592 5280 2693 5349; x_wconf 84' lang='lat' dir='ltr'><strong>legi</strong></span> <span class='ocrx_word' id='word_1_655' title='bbox 2735 5289 2917 5347; x_wconf 85' lang='lat' dir='ltr'><strong>posset</strong></span> <span class='ocrx_word' id='word_1_656' title='bbox 2937 5282 3103 5331; x_wconf 88' lang='lat' dir='ltr'><strong>etiam</strong></span> <span class='ocrx_word' id='word_1_657' title='bbox 3137 5276 3378 5349; x_wconf 64' lang='grc' dir='ltr'>ᾔδεισαν,</span> <span class='ocrx_word' id='word_1_658' title='bbox 3423 5280 3559 5328; x_wconf 68' lang='lat' dir='ltr'><strong>Su.-</strong></span> 
     </span>
    </p>
   </div>
   <div class='ocr_carea' id='block_1_107' title="bbox 1995 5344 3560 5418">
    <p class='ocr_par' dir='ltr' id='par_1_107' title="bbox 1995 5344 3560 5418">
     <span class='ocr_line' id='line_1_108' title="bbox 1995 5344 3560 5418; baseline -0.003 -15"><span class='ocrx_word' id='word_1_659' title='bbox 1995 5363 2239 5403; x_wconf 82' lang='lat' dir='ltr'><strong>BURGIUS.</strong></span> <span class='ocrx_word' id='word_1_660' title='bbox 2263 5344 2572 5418; x_wconf 81' lang='lat' dir='ltr'><strong>—Legiiur</strong></span> <span class='ocrx_word' id='word_1_661' title='bbox 2601 5344 2669 5403; x_wconf 58' lang='lat' dir='ltr'><strong>in&#39;</strong></span> <span class='ocrx_word' id='word_1_662' title='bbox 2689 5344 2918 5417; x_wconf 77' lang='lat' dir='ltr'><strong>utroque</strong></span> <span class='ocrx_word' id='word_1_663' title='bbox 2940 5350 3065 5402; x_wconf 91' lang='lat' dir='ltr'><strong>cod.</strong></span> <span class='ocrx_word' id='word_1_664' title='bbox 3096 5344 3206 5418; x_wconf 54' lang='lat' dir='ltr'><strong>uis.</strong></span> <span class='ocrx_word' id='word_1_665' title='bbox 3239 5344 3457 5415; x_wconf 84' lang='grc' dir='ltr'>ᾔδεσαν,</span> <span class='ocrx_word' id='word_1_666' title='bbox 3482 5361 3560 5418; x_wconf 68' lang='lat' dir='ltr'><strong>ex</strong></span> 
     </span>
    </p>
   </div>
   <div class='ocr_carea' id='block_1_108' title="bbox 1996 5415 3560 5487">
    <p class='ocr_par' dir='ltr' id='par_1_108' title="bbox 1996 5415 3560 5487">
     <span class='ocr_line' id='line_1_109' title="bbox 1996 5415 3560 5487; baseline -0.003 -15"><span class='ocrx_word' id='word_1_667' title='bbox 1996 5436 2106 5487; x_wconf 87' lang='lat' dir='ltr'><strong>quo</strong></span> <span class='ocrx_word' id='word_1_668' title='bbox 2152 5415 2506 5473; x_wconf 49' lang='lat' dir='ltr'><strong>conﬁrmat—ur</strong></span> <span class='ocrx_word' id='word_1_669' title='bbox 2540 5415 2852 5473; x_wconf 80' lang='lat' dir='ltr'><strong>observatio</strong></span> <span class='ocrx_word' id='word_1_670' title='bbox 2900 5417 3199 5487; x_wconf 60' lang='lat' dir='ltr'><strong>Sylhurgii,</strong></span> <span class='ocrx_word' id='word_1_671' title='bbox 3245 5430 3436 5487; x_wconf 86' lang='lat' dir='ltr'><strong>nempe</strong></span> <span class='ocrx_word' id='word_1_672' title='bbox 3479 5415 3560 5469; x_wconf 85' lang='lat' dir='ltr'><strong>le-</strong></span> 
     </span>
    </p>
   </div>
   <div class='ocr_carea' id='block_1_109' title="bbox 2254 5486 3437 5559">
    <p class='ocr_par' dir='ltr' id='par_1_109' title="bbox 2254 5486 3437 5559">
     <span class='ocr_line' id='line_1_110' title="bbox 2254 5486 3437 5559; baseline -0.002 -19"><span class='ocrx_word' id='word_1_673' title='bbox 2254 5488 2573 5559; x_wconf 61' lang='lat' dir='ltr'><strong>ﬁt‘ietcade</strong></span> <span class='ocrx_word' id='word_1_674' title='bbox 2602 5490 2765 5542; x_wconf 90' lang='lat' dir='ltr'><strong>etiam</strong></span> <span class='ocrx_word' id='word_1_675' title='bbox 2800 5486 3114 5543; x_wconf 78' lang='lat' dir='ltr'><strong>observavit</strong></span> <span class='ocrx_word' id='word_1_676' title='bbox 3144 5486 3437 5559; x_wconf 85' lang='lat' dir='ltr'><strong>Thirlbius.</strong></span> 
     </span>
    </p>
   </div>
   <div class='ocr_carea' id='block_1_110' title="bbox 2055 5557 3561 5630">
    <p class='ocr_par' dir='ltr' id='par_1_110' title="bbox 2055 5557 3561 5630">
     <span class='ocr_line' id='line_1_111' title="bbox 2055 5557 3561 5630; baseline -0.001 -17"><span class='ocrx_word' id='word_1_677' title='bbox 2055 5557 2294 5630; x_wconf 70' lang='grc' dir='ltr'><strong>(85)”Οτι</strong></span> <span class='ocrx_word' id='word_1_678' title='bbox 2320 5557 2685 5630; x_wconf 70' lang='grc' dir='ltr'>κολάζονται.</span> <span class='ocrx_word' id='word_1_679' title='bbox 2728 5560 2930 5630; x_wconf 80' lang='lat' dir='ltr'><strong>Eodem</strong></span> <span class='ocrx_word' id='word_1_680' title='bbox 2954 5566 3274 5630; x_wconf 80' lang='lat' dir='ltr'><strong>argumento</strong></span> <span class='ocrx_word' id='word_1_681' title='bbox 3299 5558 3561 5630; x_wconf 54' lang='lat' dir='ltr'><strong>adversus</strong></span> 
     </span>
    </p>
   </div>
   <div class='ocr_carea' id='block_1_111' title="bbox 303 5624 3562 5715">
    <p class='ocr_par' dir='ltr' id='par_1_111' title="bbox 303 5624 3562 5715">
     <span class='ocr_line' id='line_1_112' title="bbox 303 5624 3562 5715; baseline -0.008 -14"><span class='ocrx_word' id='word_1_682' title='bbox 303 5624 499 5701; x_wconf 68' lang='grc' dir='ltr'><strong>ιιιεῖἱῖἷί</strong></span> <span class='ocrx_word' id='word_1_683' title='bbox 528 5624 1124 5715; x_wconf 50' lang='grc' dir='ltr'><strong>ᾖὸίἶιιὲἶίλιὲιὶιὲἑεεεὲ</strong></span> <span class='ocrx_word' id='word_1_684' title='bbox 1164 5642 1366 5715; x_wconf 76' lang='lat' dir='ltr'><strong>dictum</strong></span> <span class='ocrx_word' id='word_1_685' title='bbox 1390 5650 1551 5703; x_wconf 82' lang='lat' dir='ltr'><strong>quam</strong></span> <span class='ocrx_word' id='word_1_686' title='bbox 1577 5624 1748 5715; x_wconf 69' lang='lat' dir='ltr'><strong>senis.</strong></span> <span class='ocrx_word' id='word_1_687' title='bbox 1778 5634 1885 5688; x_wconf 84' lang='lat' dir='ltr'><strong>Sed</strong></span> <span class='ocrx_word' id='word_1_688' title='bbox 1983 5624 2490 5715; x_wconf 54' lang='lat' dir='ltr'><strong>metempsvi-hosin</strong></span> <span class='ocrx_word' id='word_1_689' title='bbox 2528 5640 2762 5715; x_wconf 46' lang='lat' dir='ltr'><strong>lutuutur</strong></span> <span class='ocrx_word' id='word_1_690' title='bbox 2808 5624 3065 5715; x_wconf 49' lang='lat' dir='ltr'><strong>I&#39;renaéus.</strong></span> <span class='ocrx_word' id='word_1_691' title='bbox 3082 5624 3562 5715; x_wconf 49' lang='lat' dir='ltr'><strong>Eb.Jl,&quot;Cll?_lllt‘tls</strong></span> 
     </span>
    </p>
   </div>
   <div class='ocr_carea' id='block_1_112' title="bbox 304 5704 1884 5781">
    <p class='ocr_par' dir='ltr' id='par_1_112' title="bbox 304 5704 1884 5781">
     <span class='ocr_line' id='line_1_113' title="bbox 304 5704 1884 5781; baseline -0.008 -11"><span class='ocrx_word' id='word_1_692' title='bbox 304 5718 348 5770; x_wconf 87' lang='lat' dir='ltr'><strong>si</strong></span> <span class='ocrx_word' id='word_1_693' title='bbox 371 5704 588 5771; x_wconf 77' lang='lat' dir='ltr'><strong>Justino</strong></span> <span class='ocrx_word' id='word_1_694' title='bbox 612 5718 916 5775; x_wconf 88' lang='lat' dir='ltr'><strong>tribuatur,</strong></span> <span class='ocrx_word' id='word_1_695' title='bbox 941 5711 1223 5781; x_wconf 81' lang='lat' dir='ltr'><strong>legendum</strong></span> <span class='ocrx_word' id='word_1_696' title='bbox 1241 5707 1365 5776; x_wconf 86' lang='lat' dir='ltr'><strong>erit,</strong></span> <span class='ocrx_word' id='word_1_697' title='bbox 1385 5716 1441 5759; x_wconf 88' lang='lat' dir='ltr'><strong>ut</strong></span> <span class='ocrx_word' id='word_1_698' title='bbox 1462 5719 1527 5761; x_wconf 79' lang='lat' dir='ltr'><strong>ex</strong></span> <span class='ocrx_word' id='word_1_699' title='bbox 1551 5704 1712 5775; x_wconf 86' lang='lat' dir='ltr'><strong>paulo</strong></span> <span class='ocrx_word' id='word_1_700' title='bbox 1740 5710 1884 5774; x_wconf 87' lang='lat' dir='ltr'><strong>post,</strong></span> 
     </span>
    </p>
   </div>
   <div class='ocr_carea' id='block_1_113' title="bbox 304 5782 1181 5849">
    <p class='ocr_par' dir='ltr' id='par_1_113' title="bbox 304 5782 1181 5849">
     <span class='ocr_line' id='line_1_114' title="bbox 304 5782 1181 5849; baseline -0.01 -10"><span class='ocrx_word' id='word_1_701' title='bbox 304 5790 401 5839; x_wconf 74' lang='grc' dir='ltr'>οὐκ</span> <span class='ocrx_word' id='word_1_702' title='bbox 438 5788 643 5849; x_wconf 71' lang='grc' dir='ltr'>Ξοικεν,</span> <span class='ocrx_word' id='word_1_703' title='bbox 687 5804 706 5837; x_wconf 87' lang='grc' dir='ltr'><strong>ι</strong></span> <span class='ocrx_word' id='word_1_704' title='bbox 750 5798 866 5838; x_wconf 81' lang='lat' dir='ltr'><strong>non</strong></span> <span class='ocrx_word' id='word_1_705' title='bbox 897 5782 1126 5837; x_wconf 76' lang='lat' dir='ltr'><strong>videtur.</strong></span> <span class='ocrx_word' id='word_1_706' title='bbox 1163 5799 1181 5830; x_wconf 75' lang='grc' dir='ltr'><strong>ι</strong></span> 
     </span>
    </p>
   </div>
   <div class='ocr_carea' id='block_1_114' title="bbox 1987 5695 3560 5766">
    <p class='ocr_par' dir='ltr' id='par_1_114' title="bbox 1987 5695 3560 5766">
     <span class='ocr_line' id='line_1_115' title="bbox 1987 5695 3560 5766; baseline -0.001 -14"><span class='ocrx_word' id='word_1_707' title='bbox 1987 5695 2629 5766; x_wconf 75' lang='lat' dir='ltr'><strong>Alexandrinus,Eclog.</strong></span> <span class='ocrx_word' id='word_1_708' title='bbox 2679 5698 2917 5766; x_wconf 75' lang='lat' dir='ltr'><strong>praphet.</strong></span> <span class='ocrx_word' id='word_1_709' title='bbox 2965 5698 3137 5764; x_wconf 70' lang='lat' dir='ltr'><strong>n.17,</strong></span> <span class='ocrx_word' id='word_1_710' title='bbox 3188 5695 3560 5751; x_wconf 81' lang='lat' dir='ltr'><strong>Tertullianus</strong></span> 
     </span>
    </p>
   </div>
   <div class='ocr_carea' id='block_1_115' title="bbox 1987 5765 3028 5837">
    <p class='ocr_par' dir='ltr' id='par_1_115' title="bbox 1987 5765 3028 5837">
     <span class='ocr_line' id='line_1_116' title="bbox 1987 5765 3028 5837; baseline -0.005 -13"><span class='ocrx_word' id='word_1_711' title='bbox 1987 5770 2085 5825; x_wconf 90' lang='lat' dir='ltr'><strong>lib.</strong></span> <span class='ocrx_word' id='word_1_712' title='bbox 2106 5769 2184 5825; x_wconf 85' lang='lat' dir='ltr'><strong>De</strong></span> <span class='ocrx_word' id='word_1_713' title='bbox 2212 5771 2386 5822; x_wconf 81' lang='lat' dir='ltr'><strong>anima</strong></span> <span class='ocrx_word' id='word_1_714' title='bbox 2411 5770 2631 5837; x_wconf 81' lang='lat' dir='ltr'><strong>cap.ll.</strong></span> <span class='ocrx_word' id='word_1_715' title='bbox 2660 5768 2859 5824; x_wconf 83' lang='lat' dir='ltr'><strong>Ibidem</strong></span> <span class='ocrx_word' id='word_1_716' title='bbox 2877 5765 3028 5827; x_wconf 69' lang='lat' dir='ltr'><strong>ius,</strong></span> 
     </span>
    </p>
   </div>
  </div>
