4006 6254
406 331 512 388 ι87

478 449 644 503 Recte
678 444 832 500 facis.
870 441 1041 509 Quam
1094 440 1239 493 enim
1288 439 1455 493 habet
1485 441 1754 493 rationem
1782 453 1979 508 corpus
2010 451 2056 505 Α

408 543 545 597 adeo
572 539 809 595 solidum
835 546 890 591 et
921 539 1118 588 durum
1148 543 1202 587 et
1238 540 1707 601 coagmentatum,
1736 536 1990 602 quodque

409 635 753 694 immutatur,
786 630 925 698 perit
958 638 1015 681 et
1058 626 1303 679 nascitur
1351 625 1618 692 quotidie,
1648 640 1756 679 non
1786 627 1855 680 ab
1885 624 1988 679 ali-

406 739 516 795 qua
554 737 721 778 causa
750 732 931 775 ortum
953 717 1221 773 censere?
1256 716 1408 782 Quod
1437 715 1483 769 si
1515 718 1747 771 mundus
1774 719 1989 789 genitus

407 825 530 882 est,
581 828 805 868 necesse
869 819 954 865 est
1009 812 1223 868 animas
1266 826 1484 882 quoque
1521 810 1734 879 genitas
1763 825 1989 874 esse,ac

416 920 580 975 posse
632 904 807 958 nullas
849 918 990 957 esse.
1055 901 1194 956 Sunt
1241 903 1388 956 enim
1422 902 1580 957 taetre
1626 903 1907 956 hominum
1937 909 1991 954 et

417 1012 735 1056 ceterorum
769 998 1085 1053 animalium
1119 1012 1306 1065 eausa,
1343 997 1389 1052 si
1429 998 1654 1052 omnino
1693 997 1985 1065 separatim

408 1109 472 1146 ac
505 1109 608 1146 non
635 1109 738 1146 una
763 1107 886 1146 cum
925 1092 1162 1160 propriis
1196 1090 1521 1161 corporibus
1558 1090 1776 1160 genitas
1812 1088 1983 1144 dices.

477 1273 705 1328 Videtur
738 1275 839 1329 hoc
870 1283 1014 1329 recte
1045 1290 1104 1328 se
1137 1274 1358 1329 habere.

478 1363 593 1417 Non
616 1379 749 1432 ergo
772 1364 1106 1418 immortales
1131 1368 1295 1419 sunt?

479 1454 595 1509 Non
621 1473 636 1523 ;
663 1454 927 1526 siquidem
952 1456 1246 1510 statuimus
1276 1454 1539 1509 mundum
1563 1468 1690 1509 esse
1722 1453 1981 1525 genitum.

478 1546 594 1602 Non
630 1558 809 1601 tamen
855 1547 1037 1617 perire
1067 1547 1189 1601 dico
1222 1547 1359 1602 ullas
1400 1548 1653 1614 animas;
1680 1562 1806 1601 vere
1841 1549 1985 1602 enim

407 1639 648 1695 dclucro
704 1640 755 1693 id
811 1648 960 1693 esset
1013 1638 1301 1707 improbis.
1348 1638 1486 1704 Quid
1526 1639 1735 1707 igitur?
1766 1637 1986 1693 Piorum

406 1731 623 1799 quidem
649 1732 857 1786 animas
888 1734 939 1785 in
984 1730 1207 1785 meliore
1238 1729 1358 1783 loco
1391 1746 1634 1796 manere,
1668 1730 1984 1800 iniquorum

404 1833 583 1876 autem
606 1832 657 1875 et
686 1821 953 1877 malorum
996 1823 1048 1875 in
1080 1820 1583 1889 deteriore,judicii
1634 1829 1847 1892 tempus
1886 1839 1982 1876 ex-

404 1923 737 1980 spectantes.
771 1913 865 1967 Sic
907 1913 1048 1977 istae,
1074 1928 1198 1966 cum
1236 1912 1349 1965 Deo
1379 1910 1829 1981 dignaejudicatae
1870 1910 1985 1965 fue-

407 2006 539 2067 rint,
589 2020 695 2059 non
744 2004 857 2073 jam
932 2005 1280 2070 moriuntur;
1349 2004 1432 2058 ha:
1476 2019 1605 2058 vero
1658 2005 1982 2073 puniuntur,

405 2099 644 2166 quanuliu
677 2114 771 2152 eas
793 2113 916 2152 esse
946 2108 999 2151 et
1021 2099 1207 2166 puniri
1235 2097 1381 2151 Deus
1416 2095 1669 2151 voluerit.

476 2273 636 2334 Num,
684 2289 889 2342 qua-so,
924 2274 1069 2341 quod
1110 2273 1246 2328 dicis
1274 2272 1383 2327 tale
1426 2281 1534 2336 est,
1572 2272 1733 2342 quale
1764 2273 1818 2328 id
1838 2276 1982 2343 quod

403 2378 459 2423 et
505 2367 657 2419 Plato
688 2369 1026 2421 subobscure
1068 2367 1233 2419 tradit
1264 2366 1330 2420 de
1361 2367 1586 2431 mundo,
1641 2366 1983 2434 corruptioni

403 2459 702 2514 obnoxium
748 2458 966 2524 dicens,
999 2467 1277 2526 quatenus
1302 2459 1524 2526 genitus
1553 2466 1668 2523 est;
1704 2457 1865 2527 108
1896 2458 1983 2511 t‘u-

406 2560 588 2605 turum
636 2560 815 2605 tamen
851 2560 1077 2621 pr0pter
1112 2547 1207 2602 Dei
1251 2547 1610 2613 voluntatem,
1656 2559 1713 2601 ut
1755 2564 1854 2602 nec
1877 2549 1979 2603 sol-

404 2652 587 2707 Vatur,
623 2659 720 2698 nec
745 2642 797 2695 in
832 2643 1022 2695 mortis
1046 2640 1214 2695 fatum
1245 2641 1524 2695 incurrat?
1552 2642 1695 2695 ldem
1746 2641 1839 2695 tibi
1864 2642 1979 2712 pla-

405 2744 494 2789 cet
525 2736 593 2789 de
626 2735 805 2789 anima
835 2750 899 2789 ac
929 2733 1232 2804 generatim
1284 2734 1351 2788 de
1381 2733 1636 2789 omnibus
1659 2734 1802 2788 dici?
1828 2734 1983 2800 Qua:—

403 2838 623 2896 Cunque
651 2826 796 2880 enim
830 2836 952 2894 post
984 2824 1152 2879 Deum
1189 2834 1340 2889 sunt,
1365 2834 1458 2889 aut
1493 2835 1659 2880 erunt
1687 2825 1982 2895 aliquando

411 2933 473 2972 ea
509 2927 759 2971 naturam
792 2917 1353 2987 habentcorruptioni
1400 2916 1716 2980 obnoxiam,
1750 2932 1814 2971 ac
1852 2916 1983 2971 talia

420 3018 551 3060 sum
606 3020 664 3061 ut
718 3006 923 3061 aboleri
985 3008 1215 3075 possint,
1254 3022 1318 3061 ac
1348 3008 1459 3077 jam
1484 3008 1629 3061 nulla
1651 3022 1794 3064 esse.
1824 3008 1983 3065 Solus

410 3104 555 3156 enim
580 3100 721 3154 Deus
752 3110 854 3163 est,
892 3100 984 3168 qui
1017 3115 1116 3154 nec
1148 3101 1363 3168 genitus
1394 3100 1487 3163 sit,
1521 3116 1622 3155 nec
1644 3102 1979 3171 corruptioni
2010 3131 2053 3188 ο

403 3194 699 3256 obnoxius,
726 3208 788 3249 ac
814 3200 1099 3262 propterea
1126 3192 1267 3246 Deus
1303 3203 1421 3257 est;
1459 3192 1668 3262 reliqua
1710 3208 1839 3247 vero
1868 3209 1985 3246 om-

405 3286 522 3351 nia,
544 3302 663 3355 quaz
689 3295 811 3354 post
832 3301 956 3340 eum
1015 3294 1169 3352 sunt,
1220 3285 1404 3354 genita
1444 3295 1499 3339 et
1524 3286 1859 3355 corruptioni
1889 3286 1982 3340 ob-

406 3380 596 3433 noxia.
663 3377 779 3433 Hoc
824 3380 1000 3447 ipsum
1040 3392 1220 3432 causa:
1250 3387 1356 3439 est,
1404 3392 1506 3433 cur
1555 3378 1750 3432 animae
1782 3388 1836 3432 et
1868 3394 1983 3431 mo-

405 3472 619 3526 riantnr
640 3481 695 3526 et
732 3472 1052 3541 puniantur.
1100 3470 1233 3523 Nam
1273 3470 1319 3523 si
1354 3469 1612 3539 ingenitae
1647 3478 1851 3533 essent,
1883 3484 1983 3523 nec

406 3569 726 3630 peccarent,
776 3577 878 3615 nec
914 3560 1145 3615 stultitia
1199 3561 1604 3623 redundarent,
1634 3574 1736 3614 nec
1778 3560 1985 3629 ignava:

405 3663 610 3720 essent,
633 3668 736 3707 nec
764 3667 981 3706 rursum
1010 3651 1253 3717 feroces;
1285 3665 1458 3720 neque
1478 3652 1643 3705 etiam
1674 3666 1771 3706 sua
1795 3660 1987 3721 sponte

480 3816 526 3848 “
566 3816 717 3870 Plato
753 3815 806 3869 in
844 3814 1060 3881 Timwo,
1086 3832 1143 3888 p.
1174 3818 1265 3874 Μ.

480 3994 591 4064 (84)
632 3992 840 4058 Πάσας
871 3992 977 4057 τὰς
1000 3991 1313 4064 ψυχάς.βί
1338 3994 1558 4047 verbum
1590 3993 1755 4047 verbo
1784 3993 1978 4046 redda-

410 4062 671 4125 mus,‘sic
720 4064 857 4115 verti
897 4064 1137 4129 poterit:
1175 4081 1193 4113 ι
1233 4062 1348 4116 Non
1399 4078 1588 4116 omnes
1621 4078 1721 4130 ego
1767 4064 1979 4117 animas

410 4137 594 4201 perire
614 4131 771 4196 dico;
811 4149 827 4183 ι
867 4133 960 4186 sed
1000 4134 1227 4186 reddere
1264 4132 1468 4185 malui:
1509 4150 1527 4183 ι
1563 4133 1748 4185 Nullas
1773 4133 1982 4185 animas

412 4205 591 4271 perire
627 4203 769 4255 dico.
824 4220 843 4252 ι
881 4206 1034 4269 Ea'pe
1065 4203 1178 4256 hate
1209 4203 1461 4271 loquendi
1490 4205 1626 4257 ratio
1660 4204 1710 4255 in
1736 4204 1978 4257 eamdem

411 4272 736 4340 sententiam
786 4282 1124 4340 usurpatur;
1183 4273 1328 4325 velut
1364 4288 1486 4327 cum
1520 4274 1660 4327 idem
1710 4287 1875 4325 senex
1905 4274 1981 4325 ait

408 4336 623 4396 Iustino
664 4342 765 4393 sub
806 4336 968 4396 tinem
1012 4342 1265 4410 Colloquii
1303 4344 1417 4395 :06
1452 4343 1558 4410 γὰρ
1595 4340 1831 4394 συνοπτά
1862 4343 1981 4393 οὐδὲ

412 4360 623 4396 ιιιειιιιο
664 4360 765 4393 sun
806 4360 968 4396 nnem
1012 4360 1265 4410 conoquu
1303 4360 1417 4395 :UU
1452 4360 1523 4410 γα
1595 4360 1831 4394 συνοπτα
1862 4360 1981 4393 ουοε

412 4410 691 4484 συννοητά-
722 4411 887 4484 πᾶσίν
922 4414 1091 4484 ἐστιν,
1120 4412 1184 4484 λεί
1222 4412 1295 4483 μή
1329 4430 1407 4481 τῳ
1451 4360 1583 4475 Θεὲς
1613 4410 1692 4484 δῷ
1724 4411 1981 4484 συνιέναι.

411 4480 606 4552 Liquet
640 4480 768 4552 illud
791 4482 851 4533 οὐ
887 4483 1051 4534 πᾶσιν
1081 4480 1443 4536 ίιιειηεοηατθ
1468 4498 1533 4535 ac
1556 4480 1777 4535 nemini.
1807 4481 1985 4535 Locus

416 4551 511 4605 ille
533 4593 547 4615 ,
581 4551 671 4617 qui
712 4567 855 4605 nunc
882 4552 934 4604 in
959 4552 1212 4606 manibus
1245 4560 1350 4617 est,
1385 4553 1437 4605 in
1470 4553 1633 4605 aliam
1659 4553 1982 4605 sententiam

411 4622 585 4691 accipi
630 4636 736 4674 non
759 4632 954 4690 potest.
980 4622 1168 4674 Nullas
1193 4637 1417 4689 prorsus
1447 4624 1659 4674 animas
1680 4623 1814 4673 mori
1871 4622 1987 4675 exi—

416 4692 604 4744 slimat
641 4706 828 4752 senex,
864 4707 930 4743 ne
962 4693 1229 4745 malormn
1286 4692 1525 4758 quidem,
1559 4693 1681 4759 quia
1718 4692 1768 4743 id
1797 4691 1903 4745 illis
1931 4694 1984 4742 in

416 4759 568 4814 lucro
595 4761 835 4813 futurum
861 4773 1027 4815 esset.
1063 4761 1119 4813 Si
1153 4777 1288 4830 quas
1321 4777 1483 4829 porro
1515 4761 1865 4827 excipiendas
1890 4776 1988 4829 pu--

415 4837 585 4885 lasset
618 4847 737 4899 qua:
774 4841 1136 4894 morerentur,
1170 4848 1276 4885 non
1302 4831 1437 4884 alias
1466 4832 1795 4899 excepisset,
1824 4846 1985 4898 quam

417 4902 703 4953 malorum.
765 4901 936 4954 Nemo
974 4904 1119 4954 enim
1171 4902 1538 4968 suspicabitur
1598 4917 1721 4953 eum
1773 4902 1988 4953 animus

410 4969 683 5041 jusmrum
712 4970 1033 5024 interituras
1066 4973 1389 5027 credidisse.
1419 4972 1557 5041 Ergo
1582 4987 1703 5024 cum
1734 4972 1985 5025 nomina-

418 5041 513 5092 tim
539 5040 802 5093 malorum
838 5043 1055 5093 animas
1080 5060 1184 5094 non
1213 5043 1347 5095 mori
1377 5040 1713 5111 pronuntiat,
1737 5041 1988 5095 omnibus

414 5119 1028 5183 prorsusgaternltatem
1056 5112 1271 5183 astruit.

489 5180 599 5249 (85)
635 5181 914 5248 Ἕρμαιον
932 5182 1041 5249 γὰρ
1069 5177 1165 5249 ἦν.
1200 5180 1401 5234 Eodem
1435 5181 1663 5234 rationis
1711 5186 1988 5233 momento

417 5252 589 5302 utitur
632 5249 881 5304 Justinus
921 5252 1073 5316 Αμοί.
1122 5267 1163 5313 ι,
1206 5268 1258 5303 n.
1294 5252 1379 5305 18.
1426 5251 1532 5305 Sed
1556 5262 1683 5303 ante
1709 5249 1985 5303 Justiuum

418 5318 641 5373 Theano
672 5320 1051 5389 Pythagorica,
1105 5328 1242 5374 teste
1286 5323 1565 5389 Clemente
1612 5321 1989 5374 Alexandrino

420 5389 618 5463 Stram.
651 5387 728 5463 tv,
760 5407 811 5463 p.
852 5387 1341 5463 192:_scri|iserat:
1371 5387 1617 5463 'Hv_y&p
1650 5389 1726 5463 τῷ
1754 5389 1989 5452 ὅντιτοῐς

1370 319 1429 378 s.
1468 318 1735 377 meum
1772 306 2188 378 purLosorru
2213 319 2302 375 er
2338 318 2695 375 MARTYRIS

3562 320 3681 375 688

2172 439 2377 510 Ὀρθῶς
2409 439 2597 493 ποιῶν.
2645 438 2780 491 Τίνα
2821 436 2930 510 γὰρ
2971 436 3128 505 λόγον
3163 436 3297 508 ἔχει,
3333 436 3495 509 σῶμα
3525 437 3681 491 οὕτω

2094 530 2316 602 στερεὸν
2358 532 2453 586 καὶ
2484 530 2802 584 ἀντιτυπίαν
2835 530 2982 600 ἔχον,
3015 530 3110 583 καὶ
3137 529 3408 596 σύνθετον,
3443 531 3538 585 καὶ
3576 529 3681 583 ἀλιο

2090 621 2420 693 λοιούμενον,
2466 624 2560 676 καὶ
2591 621 2797 692 φθίνον,
2833 623 2926 675 καὶ
2958 622 3239 692 γινόμενον
3274 623 3510 693 ἑκάστης
3542 624 3679 694 ἡμέα-

2093 729 2212 783 ρας,
2239 712 2312 784 μὴ
2333 713 2426 765 ἀπ’
2461 713 2632 784 ἀρχῆς
2664 728 2808 774 τινος
2859 711 3107 782 ἡγεῖσθαι
3153 712 3468 781 γεγονέναι;
3499 714 3611 766 είδ⁵
3646 716 3682 767 6

2092 805 2294 876 κόσμος
2326 806 2601 876 γεννητὸς,
2638 805 2850 875 ἀνάγκη
2888 804 2982 857 καὶ
3028 804 3129 867 τὰς
3159 804 3338 875 ψυχὰς
3365 806 3677 874 γεγονέναι,

2091 900 2184 951 καὶ
2217 899 2317 950 οὐκ
2360 894 2500 951 εἷναί
2549 905 2640 950 πόι
2685 898 2842 967 τάχα.
2892 895 2990 949 Διά
3023 895 3133 968 γὰρ
3166 897 3292 960 τοὺς
3342 897 3679 969 ἀνθρώπους

2090 990 2336 1057 ἐγένοντο
2384 991 2478 1043 καὶ
2510 989 2578 1042 τά
2621 988 2755 1043 ἄλλα
2789 987 2925 1052 ζῶα,
2971 990 3019 1041 εἰ
3052 988 3188 1051 ὅλως
3239 990 3360 1041 κατ’
3395 988 3552 1053 ἰδίαν,
3576 1004 3685 1042 και

2093 1082 2167 1153 μὴ
2218 1081 2354 1152 μετά
2401 1081 2511 1135 τῶν
2557 1082 2702 1135 ἰδίων
2754 1081 3020 1150 σωμάτων
3071 1081 3263 1151 φήσεις
3309 1080 3479 1146 αὐτὰς
3512 1098 3686 1151 γεγο-

2093 1172 2259 1228 vivat.

2161 1256 2345 1327 Ούτως
2375 1263 2523 1317 δοκεῖ
2551 1262 2725 1334 ὀρθῶς
2757 1262 2920 1334 ἔχειν.

2160 1357 2274 1409 Οὐκ
2306 1355 2415 1426 ἄρα
2446 1354 2703 1407 ἀθάνατοι
2726 1371 2739 1419 ;

2161 1447 2297 1511 Οὗκ,
2346 1446 2532 1519 ἐπειδὴ
2577 1444 2671 1500 καὶ
2702 1450 2729 1501 6
2761 1445 2962 1518 κόσμος
3006 1445 3261 1519 γεννητὸς
3299 1448 3427 1521 ⁴ἡμῖν
3471 1450 3675 1523 ἐφάνη.

2173 1538 2333 1592 Ἀλλά
2368 1537 2471 1610 μὴν
2504 1537 2623 1591 οὐδὲ
2655 1539 3019 1608 ἀποθνήσκειν
3052 1540 3194 1610 φημὶ
3241 1540 3416 1603 πάσας
3433 1540 3531 1603 τάς
3562 1540 3677 1609 ψυ-

2093 1633 2196 1705 χὰς
2220 1631 2331 1704 (84)
2369 1630 2508 1699 ἐγώ·
2557 1631 2786 1701 ἕρμαιον
2832 1631 2939 1702 γὰρ
2974 1627 3042 1702 ἦν
3076 1631 3187 1703 (85)
3220 1631 3295 1696 ὡς
3323 1632 3535 1702 ἀληθῶς
3556 1638 3679 1697 τοῖς

2090 1727 2299 1787 κακοῖς.
2330 1722 2487 1775 Ἀλλά
2506 1722 2596 1787 τίς
2630 1721 2728 1785 τὰς
2748 1722 2845 1793 μὲν
2877 1723 2984 1775 τῶν
3016 1723 3279 1787 εὐσεϐῶν,
3313 1725 3370 1776 ἐν
3403 1726 3679 1796 κρείττονι

2088 1836 2178 1871 ποι
2230 1815 2392 1888 χώρῳ
2441 1815 2644 1887 μένειν,
2693 1816 2792 1879 τάς
2837 1816 2893 1869 δὲ
2954 1816 3174 1879 ἀδίκους
3212 1818 3306 1870 καὶ
3338 1818 3580 1889 πονηρὰς
3612 1820 3680 1873 ὲν

2087 1912 2310 1984 χείρονι,
2332 1905 2424 1964 τὸν
2450 1910 2550 1981 τῆς
2571 1909 2805 1980 κρίσεως
2821 1903 3176 1980 ἐκδεχομένας
3192 1899 3380 1980 χρόνον
3395 1911 3513 1963 τότε
3532 1910 3672 1982 (86).

2086 1991 2272 2068 Οὕτως
2315 2005 2369 2055 αἱ
2420 2003 2537 2073 μὲν,
2590 2001 2739 2067 ἄξιαι
2785 2000 2879 2055 τοῦ
2912 2001 3046 2055 Θεοῦ
3084 2001 3368 2070 φανεῖσθαι
3402 2001 3533 2077 (87),
3570 2005 3677 2055 οὐκ

2085 2094 2515 2165 ἀποθνήσκουσιν
2535 2093 2614 2146 ἔτι
2633 2111 2646 2122 ·
2677 2095 2732 2147 αἱ
2762 2093 2817 2146 δὲ
2836 2092 3151 2157 κολάζονται
3177 2093 3287 2146 ἐστ’
3306 2093 3373 2147 ἂν
3389 2094 3559 2158 αὑτὰς
3575 2095 3679 2147 καὶ

2085 2184 2223 2240 εἶναι
2257 2187 2351 2240 κα)⁵
2383 2184 2705 2250 κολάζεσθαι
2740 2187 2768 2239 6
2800 2185 2933 2249 Θεὸς
2966 2185 3115 2259 θέλῃ.

2154 2274 2301 2349 Ἀρα
2322 2278 2567 2333 τοιοῦτόν
2617 2282 2764 2333 ἐστιν
2800 2279 2829 2332 ὂ
2860 2278 3058 2347 λέγεις,
3094 2273 3204 2331 οἷον
3237 2279 3331 2332 καὶ
3354 2279 3579 2334 Πλάτων
3612 2283 3679 2334 ὲν

2086 2368 2302 2441 Τιμαίῳ
2335 2370 2383 2402 ⁸⁸
2426 2371 2729 2424 αἰνίσσεται
2764 2369 3014 2442 περὶτοῦ
3068 2360 3297 2440 κόσμου,
3341 2369 3534 2439 λέγων,
3584 2372 3677 2424 ὅτι

2085 2461 2249 2524 αὐτὸς
2284 2463 2381 2531 μὲν
2428 2462 2523 2515 καὶ
2558 2460 2797 2534 φθαρτός
2829 2464 2974 2515 ἐστιν
3010 2455 3316 2535 ᾖγέγονεν,
3351 2462 3411 2515 οὐ
3444 2461 3679 2534 λυθήσε-

2083 2568 2171 2603 ται
2202 2551 2277 2616 δὲ,
2303 2551 2422 2604 οὐδὲ
2446 2550 2693 2616 τεύξεται
2718 2552 2945 2605 θανάτου
2983 2546 3198 2624 μοίρας,
3226 2552 3313 2606 διά
3343 2552 3440 2624 τὴν
3481 2552 3679 2624 βούλη-

2086 2659 2171 2695 σιν
2212 2642 2304 2696 τοῦ
2353 2642 2525 2708 Θεοῦ;
2558 2643 2702 2696 τοῦτ’
2742 2644 2870 2697 αὐτό
2904 2661 2985 2696 σοι
3016 2644 3163 2699 δοκεῖ
3196 2646 3291 2697 καὶ
3323 2646 3447 2716 περὶ
3490 2644 3675 2715 ψυχῆς

2084 2733 2179 2787 καὶ
2202 2733 2388 2799 ἁπλῶς
2414 2735 2631 2788 πάντων
2656 2734 2783 2807 πέρι
2805 2733 3060 2803 λέγεσθαι
3080 2753 3094 2801 ;
3130 2733 3274 2789 Ὅσα
3293 2735 3402 2807 γάρ
3422 2737 3536 2788 ἐστι

2088 2823 2226 2893 μετά
2250 2822 2344 2877 τὸν
2382 2824 2515 2878 Θεὸν
2549 2824 2582 2896 ἢ
2630 2825 2781 2879 ἔσται
2827 2826 2978 2889 ποτὲ,
3025 2826 3200 2880 ταῦτα
3230 2827 3390 2895 φύσιν
3428 2826 3678 2898 φθαρτὴν

2083 2914 2227 2985 ἔχειν
2286 2915 2418 2987 (89),
2470 2918 2567 2970 καὶ
2616 2913 2706 2970 οἷά
2729 2936 2789 2973 τε
2813 2915 3238 2988 ὲξαφανισθῆναι
3277 2918 3371 2971 καὶ
3420 2916 3494 2991 μὴ
3529 2914 3679 2972 εἶναι

2084 3002 2184 3058 ἔτι.
2209 3004 2384 3069 Μόνος
2417 3004 2525 3077 γὰρ
2573 3004 2868 3077 ἀγέννητὸς
2902 3006 2998 3058 καὶ
3034 3005 3310 3079 ἄφθαρτος
3342 3008 3537 3071 ὁθεὸς,
3573 3007 3677 3061 καὶ

2084 3095 2171 3149 διὰ
2198 3095 2358 3149 τοῦτο
2382 3097 2512 3162 Θεός
2557 3099 2705 3150 ἐστι’
2740 3100 2810 3150 τὰ
2837 3098 2893 3151 δὲ
2925 3099 3085 3152 λοιπά
3109 3100 3285 3154 πάντα
3315 3101 3452 3172 μετά
3482 3101 3675 3155 τοῦτον

2086 3186 2321 3256 γεννητά
2343 3189 2436 3241 καὶ
2467 3188 2699 3261 φθαρτά.
2736 3189 2938 3242 Τούτου
2962 3191 3120 3263 χάριν
3170 3193 3266 3246 καὶ
3295 3193 3675 3265 ἀποθνήσκου-

2088 3296 2171 3333 σιν
2189 3284 2243 3333 at
2272 3280 2439 3351 ψυχαὶ
2467 3284 2560 3335 καὶ
2582 3282 2898 3346 κολάζονται
2917 3301 2930 3313 ”
2968 3286 3109 3349 ἐπεὶ,
3145 3286 3195 3338 εί
3214 3286 3493 3355 ἀγέννητοι
3526 3282 3677 3357 ἦσαν

2083 3372 2196 3425 οὔτ’
2232 3373 2297 3427 ἂν
2332 3372 2727 3448 ἐξημάρτανον,
2746 3376 2871 3431 οὔτε
2901 3377 3215 3448 ἀφροσύνης
3234 3378 3486 3450 ἀνάπλεῳ
3500 3375 3673 3450 ἦσαν,

2082 3463 2203 3515 οὐδὲ
2236 3463 2407 3517 δειλαὶ
2458 3466 2553 3519 καὶ
2602 3465 2851 3537 θρασεῖαι
2907 3467 3102 3521 πάλινέ
3140 3468 3253 3521 ἀλλ’
3286 3469 3407 3522 οὐδὲ
3443 3469 3679 3528 ὲκοῦσαί

2086 3567 2216 3608 ποτε
2265 3558 2344 3620 είς
2381 3555 2513 3621 σύας
2549 3557 2789 3630 ἐχώρουν
2828 3560 2939 3630 (90)
2977 3560 3073 3613 καὶ
3113 3560 3265 3629 ὄφεις
3312 3561 3407 3613 καὶ
3462 3561 3670 3623 κύνας·

2085 3647 2204 3699 οὐδὲ
2235 3647 2339 3719 μὴν
2367 3649 2771 3719 ἀναγκάζεσθαι
2787 3651 2956 3716 αὐτὰς
2976 3642 3153 3723 θέμις,
3171 3652 3327 3724 εἰπερ
3349 3653 3485 3706 είσὶν
3517 3652 3677 3719 ἀγέν-

2086 3993 2326 4049 Isidorus
2354 3992 2541 4051 Pelus.
2566 3992 2661 4047 lib.
2690 4010 2731 4049 ιι
2751 4035 2765 4055 .
2804 3994 2965 4061 epist.-
3000 3990 3141 4060 203,
3165 3992 3399 4048 similem
3421 3989 3670 4050 Platonis

2089 4066 2415 4118 sententiam
2446 4064 2697 4119 referunt
2721 4080 2787 4118 ex
2822 4064 3039 4119 Timeo.

2160 4133 2268 4203 (86)
2296 4134 2525 4201 Χρόνον
2547 4136 2699 4187 τότε.
2726 4135 2872 4188 Satis
2906 4146 3032 4204 apte
3078 4127 3370 4204 Thirlbius
3390 4132 3669 4204 emendat,

2090 4201 2474 4275 ac'leg'endum
2517 4213 2669 4275 putat
2694 4205 2887 4275 χρόνον
2907 4201 3074 4275 ποτέ.
3102 4201 3487 4275 ibidemklegit
3513 4202 3670 4275 ὅπως

2089 4274 2145 4345 at
2184 4270 2281 4343 μὲν
2310 4272 2410 4327 οὐκ
2444 4270 2858 4345 ἀποθνήσῦιωσιν
2891 4274 2991 4338 ἔτι,
3016 4275 3071 4326 αἱ
3095 4272 3153 4325 δὲ
3184 4270 3521 4336 κολάζονται.
3556 4273 3669 4327 Sed

2090 4342 2356 4414 ejusmodi
2395 4342 2739 4414 conjecurras
2771 4344 2975 4398 referre
2996 4345 3161 4414 piget.

2162 4413 2274 4482 (87)
2299 4408 2635 4469 Φανεῖὀνθαι.
2666 4414 2734 4465 lla
2754 4414 2820 4470 Β.
2852 4408 3159 4482 Stephanus
3178 4420 3233 4467 et
3259 4425 3391 4465 mss.
3422 4408 3667 4482 codices.

2016 4457 2064 4517 υ
2088 4457 2402 4551 [εξνεὶζαῖιῶ
2426 4457 3161 4553 ἷθὲέἴὶῥοὶὺέῖὲἀιῖἧῖιὶἵτίὶὲίἷ
3181 4457 3668 4553 Ὲάὶξιῖιὶἓςῇἶιὲῗῇἶὶ

2087 4550 2194 4620 que
2230 4555 2300 4605 ita
2348 4553 2542 4620 legitur
2586 4550 2638 4606 in
2692 4553 3024 4607 editionibus
3069 4550 3524 4613 Greco-Latinis,
3562 4567 3664 4603 ex-

2088 4623 2261 4688 ceptis
2296 4631 2473 4675 tamen
2494 4623 2957 4679 Londinensibus.
2990 4621 3264 4676 Thirlbius
3292 4620 3476 4674 mallet
3514 4620 3670 4687 ἄξιαι

2086 4690 2163 4761 τῷ
2196 4690 2315 4761 Θεῷ
2350 4693 2653 4759 φανεῖσθαι.

2160 4762 2271 4830 (88)
2288 4757 2467 4815 ’Ὅσα
2495 4762 2605 4831 γάρ
2624 4763 2774 4817 ἐστι.
2796 4762 2851 4815 lu
2880 4762 3055 4831 prima
3076 4759 3313 4831 editione
3332 4757 3669 4831 Londinensi

2087 4829 2201 4900 inec
2227 4829 2413 4900 Omnia
2458 4829 2772 4887 tribuuntur
2820 4829 2959 4894 seni,
2994 4846 3166 4900 usque
3211 4830 3277 4882 ad
3336 4829 3449 4900 inec
3494 4833 3667 4881 verba

2088 4897 2207 4953 εἶτα
2242 4899 2419 4954 ἔλαθε.
2460 4902 2554 4955 Sic
2588 4906 2752 4956 etiam
2799 4902 2862 4956 Β.
2910 4897 3221 4971 Stephanus
3254 4910 3305 4971 et
3333 4899 3552 4971 Langus
3582 4900 3671 4950 vi-

2089 4972 2286 5023 dentur
2305 4973 2683 5027 existimasse.
2728 4973 2832 5027 Sed
2882 4967 3023 5026 inec'
3052 4970 3233 5026 omnia
3263 4967 3477 5021 Justlno
3500 4983 3670 5035 cogor

2092 5041 2404 5098 restituere.
2452 5041 2637 5110 Neque
2685 5045 2830 5097 enim
2876 5056 3041 5096 senex
3086 5040 3319 5110 dixisset
3362 5038 3574 5090 animas
3612 5038 3667 5090 in

2089 5125 2318 5178 corpora
2378 5109 2679 5165 belluarum
2732 5115 2998 5180 migrare;
3029 5110 3183 5164 nefas
3222 5109 3274 5163 in
3318 5121 3441 5160 eum
3482 5118 3672 5161 trans-

2093 5180 2237 5233 ferre
2270 5182 2372 5233 lIOC
2439 5183 2778 5235 Platonicum
2812 5191 3203 5237 cammentum.

2163 5250 2271 5321 (89)
2310 5251 2534 5318 Ἔχειν.
2571 5252 2771 5321 Supple
2806 5256 2857 5305 id
2887 5252 3029 5320 quod
3074 5265 3239 5319 supra
3276 5247 3493 5319 legitur,
3521 5247 3669 5301 me.

2088 5338 2208 5393 wv_
2230 5321 2550 5379 αἰνίσσεται,
2606 5324 2688 5375 vel
2714 5324 2828 5393 lege
2861 5323 2990 5393 ἔχει.

2165 5390 2275 5460 (90)
2307 5393 2412 5456 Εἰς
2444 5393 2601 5456 σύας
2629 5390 2921 5461 extim—over,
2956 5402 3065 5448 etc.
3100 5391 3461 5445 Concesserat
3501 5402 3667 5455 supra

418 5462 606 5532 διακοξς
641 5444 1086 5532 εὐωχίαλὸιβίος,
1125 5444 1622 5532 πονηρευσαμένοιξ
1668 5444 1857 5532 ἔπειτα
1903 5475 1987 5532 τε·

2100 5444 2364 5532 Ιιιὲιίιῖιιᾷξ,
2387 5444 2632 5516 ’διιίηιᾶε
2665 5444 3001 5530 ’ἶιέυιίιιιίθιιι
3054 5464 3106 5515 in
3163 5463 3266 5513 alia
3305 5474 3533 5522 corpora
3565 5444 3668 5532 I'ui-

416 5527 699 5604 λευτῶσιν,
730 5526 783 5582 εί
816 5530 889 5603 μὴ
932 5526 999 5598 ἦν
1036 5526 1307 5604 ἀθάνατος
1330 5526 1543 5601 ἡψυχὴ,
1579 5532 1805 5601 ἕρμαιον
1836 5529 1865 5579 ὁ
1897 5526 1987 5579 θά-

2100 5547 2269 5604 grai-e.
2308 5530 2563 5604 Fortasse
2599 5535 2762 5604 igitur
2798 5526 2882 5587 hic
2915 5546 3007 5586 eas
3044 5534 3267 5593 indicat,
3306 5542 3426 5598 quae
3463 5529 3666 5582 suntin

418 5614 593 5671 νατος.
616 5618 634 5649 ι
663 5601 978 5654 Essetenim
997 5616 1183 5653 revera
1210 5603 1365 5655 malis
1388 5606 1603 5670 epulum
1635 5604 1767 5664 vita,
1790 5608 1846 5651 et
1869 5607 1991 5665 post
2096 5603 2300 5671 brutis;
2332 5603 2541 5671 scilicet
2576 5601 2640 5659 cf
2664 5604 2718 5671 4,
2757 5606 2808 5657 in
2834 5604 3087 5658 omnibus
3114 5604 3333 5656 easdem
3369 5611 3490 5651 esse
3523 5612 3663 5651 θυεμ

408 5670 626 5731 scelera
652 5672 1030 5733 morientibus,
1058 5672 1105 5723 si
1130 5673 1307 5724 anima
1336 5672 1657 5724 immortalis
1689 5685 1794 5722 non
1823 5680 1987 5732 esset,

406 5750 569 5807 unors
617 5738 669 5793 in
714 5738 866 5794 lucro
921 5739 1079 5795 foret.
1120 5759 1137 5791 ι
1180 5742 1430 5795 Clemens
1473 5742 1664 5795 eodem
1698 5741 1755 5793 in
1785 5737 1907 5794 loco
1932 5752 1987 5791 et

2096 5670 2290 5725 tendit.
2326 5670 2506 5728 O'rro.
