4006 6254
490 402 586 456 491

1438 399 1493 454 S.
1525 399 1786 456 JUSTlNl
1820 399 2225 458 PIIILOSOPHI
2259 400 2347 454 ET
2381 398 2736 456 MARTYRIS

3613 409 3724 462 ὅθί

488 521 751 583 perpetuo
782 526 981 582 corpus
1009 528 1130 568 cum
1160 514 1340 568 anima
1375 515 1727 583 coniunctum
1785 527 1912 584 est;
1955 532 2000 573 se

2098 528 2124 582 ι
2147 517 2327 588 ψυφην
2354 516 2548 586 μηκέτι
2591 512 2744 580 εἶναι,
2795 517 3001 589 ἀπέστη
3054 519 3149 571 ἀπ’
3196 519 3364 588 αὐτῆς
3397 519 3454 572 τὸ
3487 523 3727 586 ζωτικὸν

485 622 607 659 cum
640 605 776 660 solvi
806 614 1021 676 Oportet
1045 606 1186 660 hanc
1227 605 1597 673 harmoniam,
1630 609 1887 679 relinquit
1922 625 2045 665 cor-

481 710 582 764 pus
622 695 825 762 anima,
872 711 970 750 nec
1007 695 1118 766 jam
1141 705 1320 751 exstat
1355 697 1516 752 homo
1546 714 1560 751 :
1588 699 1665 753 sic
1699 700 1883 763 etiam,
1923 715 2046 754 cum

480 787 721 840 animam
771 801 877 840 non
927 786 1039 856 jam
1066 802 1189 842 esse
1242 790 1580 856 oportuerit,
1621 790 1852 845 discedit
1891 790 1958 844 ab
1980 805 2044 845 ea

478 878 705 948 spiritus
723 876 927 943 vitalis,
958 892 1057 932 nec
1091 878 1205 946 jam
1244 887 1426 934 exstat
1479 879 1681 945 anima,
1718 881 1813 936 sed
1839 891 1894 938 et
1927 883 2042 952 ipsa

479 972 623 1024 unde
652 969 843 1025 educta
875 977 978 1035 est,
1005 985 1070 1025 eo
1097 972 1406 1027 revertitur.

546 1085 597 1139 7.
643 1083 890 1139 Veritatis
917 1085 1145 1155 cognitio
1194 1103 1227 1140 a
1288 1087 1553 1156 prophetis
1603 1086 1728 1141 solis
1795 1090 2038 1155 petenda.

471 1205 532 1215 —-
571 1176 817 1242 Quonam
866 1190 995 1246 ergo
1033 1175 1144 1244 jam
1183 1177 1328 1246 quis,
1363 1177 1605 1247 inquam,
1640 1187 1826 1231 utatur
1869 1180 2040 1249 magi-

470 1278 604 1334 stro,
642 1277 734 1322 aut
772 1268 913 1324 unde
940 1268 1242 1337 adjuvetur,
1273 1269 1316 1324 si
1359 1285 1429 1325 ne
1475 1269 1565 1325 isti
1597 1269 1815 1339 quidem
1847 1286 2036 1327 verum

467 1361 724 1414 viderunt
750 1359 774 1413 ?

537 1472 810 1528 Exstitere
831 1473 994 1544 longe
1017 1472 1085 1526 ab
1115 1473 1221 1527 hoc
1262 1480 1507 1540 tempore
1538 1471 1642 1527 viri
1668 1471 1885 1543 quidam
1914 1473 2035 1530 istis

466 1569 742 1634 omnibus,
770 1567 863 1637 qui
897 1565 1207 1636 phiIOSOphi
1235 1565 1640 1628 existimantur,
1669 1566 2032 1635 antiquiores,

463 1659 609 1715 beati
650 1668 704 1714 et
739 1659 871 1730 justi
900 1668 955 1715 et
993 1660 1101 1713 Deo
1133 1657 1309 1722 chari,
1351 1657 1443 1727 qui
1484 1656 1688 1726 Spiritu
1723 1668 1913 1714 sancto
1947 1657 2030 1712 al-

463 1751 630 1806 ilante
669 1749 832 1806 locuti
872 1758 1024 1816 sunt,
1067 1759 1121 1804 et
1160 1749 1343 1804 futura
1385 1749 1667 1804 vaticinati
1715 1762 1865 1816 sunt,
1911 1767 2030 1820 quae

2150 606 2380 677 πνεῦμα,
2417 609 2509 660 καὶ
2539 608 2635 661 οὐκ
2663 607 2806 660 ἐστιν
2838 611 2871 678 ἠ
2905 609 3049 680 ψυχὴ
3082 610 3184 674 ἔτι,
3237 611 3372 665 ἀλλὰ
3405 615 3502 666 καὶ
3555 613 3722 686 αὐτὴ,

2146 696 2266 750 ὅθεν
2298 696 2523 768 ἐλήφθη,
2559 699 2734 750 ἐκεῖσε
2767 702 2932 769 χωρεί
2965 700 3143 753 πάλιν.

2211 1089 2264 1142 7.
2297 1090 2412 1142 Τίνι
2449 1083 2562 1152 οὖν,
2599 1089 2758 1160 φημὶ,
2792 1088 2871 1142 ἔτι
2915 1106 2999 1153 τις
3021 1091 3281 1161 χρήσαιτο
3321 1091 3643 1162 διδασκάλῳ,
3674 1093 3713 1166 ἢ

2140 1174 2302 1228 πόθεν
2337 1176 2641 1248 ὠφεληθείη
2686 1195 2792 1243 τις,
2833 1178 2884 1229 εί
2919 1178 3049 1248 μηδέ
3083 1182 3140 1232 ἐν
3180 1179 3388 1244 τούτοις
3414 1180 3474 1234 τὸ
3507 1181 3710 1252 ἀληθές

2141 1269 2289 1322 ἐστιν
2315 1285 2328 1335 ;

2219 1468 2491 1538 Ἐγένοντό
2513 1487 2657 1533 τινες
2682 1470 2788 1542 πρὸ
2817 1469 3009 1524 πολλοῦ
3042 1471 3229 1542 χρόνου
3251 1474 3466 1528 πάντων
3499 1476 3708 1530 τούτων

2133 1564 2240 1618 τῶν
2272 1565 2636 1636 νομιζομένων
2679 1565 2980 1635 φιλοσόφων
3016 1566 3377 1640 παλαιότεροι,
3420 1570 3701 1640 μακάριοι,

2132 1655 2226 1708 καὶ
2250 1656 2466 1720 δίκαιοι,
2497 1658 2590 1709 καὶ
2619 1656 2905 1725 θεοφιλεῖς,
2951 1655 3080 1728 θείῳ
3123 1657 3394 1727 πνεύματι
3435 1658 3704 1729 λαλήσαν-

2129 1763 2239 1810 τες,
2267 1747 2359 1800 καὶ
2389 1747 2456 1800 τὰ
2488 1748 2745 1818 μέλλοντα
2767 1748 3139 1813 θεσπίσαντες,
3176 1749 3213 1804 ἃ
3235 1750 3298 1821 δὴ
3332 1749 3425 1803 νῦν
3447 1751 3656 1818 γίνεται
3682 1769 3696 1781 ·

460 1843 678 1912 quidem
713 1856 856 1897 nunc
890 1841 1064 1896 ﬁunt:
1093 1842 1374 1911 propheta:
1413 1851 1699 1896 vocantur.
1742 1843 1805 1896 lli
1840 1858 2000 1898 verun

2098 1880 2100 1914 ι
2131 1841 2414 1912 προφήτας
2438 1840 2494 1894 δέ
2517 1841 2711 1904 αὐτοὺς
2733 1841 3008 1896 καλοῦσιν.
3045 1836 3202 1896 Οὗτοι
3233 1843 3381 1913 μόνοι
3413 1844 3471 1897 τὸ
3497 1842 3702 1914 ἀληθὲς

461 1934 564 1988 soli
591 1943 646 1988 et
671 1935 947 2006 viderunt,
980 1942 1032 1987 et
1059 1932 1368 1987 [nominibus
1393 1932 1730 2000 nuntiarunt,
1756 1933 2000 1987 neminen

2127 1936 2222 1988 acati.
2255 1931 2392 1988 εἶδον
2426 1937 2518 1987 καὶ
2544 1935 2756 2001 ἐξεῖπον
2786 1933 3110 2005 ἀνθρώποις,
3151 1938 3275 2007 μήτ’
3305 1937 3701 2007 εὐλαϐηθέντες

461 2036 789 2092 metuentes,
813 2027 1083 2081 neminem
1114 2025 1357 2089 reveriti,
1391 2038 1490 2078 nec
1515 2023 1698 2094 gloria:
1726 2025 2024 2094 cupiditate

457 2119 726 2186 victi,sed
758 2134 823 2174 ea
863 2127 1074 2172 tantum
1104 2118 1484 2188 praedicantes,
1508 2131 1630 2186 quae
1659 2118 1947 2172 audierant
1968 2128 2022 2173 et

452 2212 702 2268 viderant
753 2212 959 2281 Spiritu
990 2220 1180 2266 sancto
1215 2210 1426 2281 repleti.
1457 2209 1684 2265 Exstant
1711 2213 1886 2266 adhuc
1928 2225 2020 2266 eo-

451 2321 572 2360 rum
602 2306 829 2375 scripta,
866 2320 987 2374 quae
1035 2305 1079 2359 si
1119 2305 1241 2374 quis
1269 2305 1436 2376 legat,
1469 2305 1758 2376 plurimum
1805 2305 1928 2361 inde
1962 2315 2017 2361 et

448 2395 516 2451 ad
551 2397 944 2466 principiorum
977 2407 1032 2452 et
1063 2399 1131 2453 ad
1163 2397 1288 2452 linis
1316 2407 1372 2452 et
1402 2398 1471 2452 ad
1507 2412 1696 2453 eorum
1742 2413 1866 2468 quae
1896 2399 2018 2466 phi-

449 2489 707 2558 losophus
731 2488 876 2544 scire
902 2488 1082 2553 debet,
1118 2490 1484 2559 cognitionem
1516 2490 1743 2560 adipisci
1788 2492 2012 2558 poterit,

447 2580 608 2635 ﬁdem
640 2579 746 2634 illis
792 2580 1023 2636 habens.
1061 2580 1251 2651 Neque
1297 2583 1443 2637 enim
1495 2590 1625 2638 tunc
1670 2583 2014 2638 demonstra-

447 2667 685 2721 tionibus
710 2667 764 2720 in
791 2667 1109 2723 disserendo
1133 2670 1453 2736 utebantur;
1477 2672 1677 2742 quippe
1701 2687 1822 2725 cum
1847 2687 2009 2742 supra

449 2759 979 2816 demonstrationem
1006 2775 1224 2816 omnem
1257 2763 1564 2834 gravissimi
1611 2773 1776 2819 testes
1805 2764 2010 2820 iuerint

440 2851 722 2917 veritatis;
761 2853 855 2907 sed
892 2868 1012 2922 qua
1035 2864 1338 2912 evenerunt
1369 2864 1422 2910 et
1449 2856 1731 2921 eveniunt,
1755 2856 2006 2912 assentiri

441 2954 644 3013 cogunt
687 2960 876 3002 eorum
917 2949 1219 3007 vaticiniis.
1249 2949 1573 3019 Quanquam
1604 2951 1771 3004 etiam
1803 2949 1871 3004 ob
1901 2951 2004 3004 mi-

441 3035 624 3091 racula
650 3053 770 3107 quze
799 3037 1112 3108 ediderunt,
1145 3040 1290 3109 digni
1325 3040 1502 3106 fuere,
1533 3041 1733 3112 quibus
1756 3040 2005 3095 credere-

439 3138 557 3194 tur;
593 3127 857 3197 siquidem
885 3141 1190 3187 creatorem
1215 3132 1593 3187 universorum
1623 3129 1792 3185 Deum
1826 3138 1880 3186 et
1904 3127 2002 3184 Pa-

2128 2027 2262 2096 μήτε
2299 2026 2708 2097 δυσωπηθέντες
2744 2026 2884 2090 τινὰ,
2925 2027 2997 2098 μὴ
3031 2029 3322 2098 ἡττημένοι
3347 2029 3522 2100 δόξης,
3558 2029 3702 2083 ἀλλὰ

2127 2117 2260 2187 μόνα
2298 2117 2471 2170 ταῦτα
2515 2119 2760 2181 εἰπόντες
2802 2117 2837 2172 ἃ
2869 2119 3106 2189 ἥκουσαν
3141 2120 3234 2174 καὶ
3271 2121 3307 2174 ἀ
3352 2117 3510 2185 εἶδον,
3551 2123 3702 2193 ἁγίῳ

2125 2208 2504 2280 πληρωθέντες
2532 2210 2827 2281 Πνεύματι.
2859 2213 3272 2283 Συγγράμματα
3306 2213 3362 2266 δὲ
3397 2213 3572 2267 αὐτῶν
3612 2214 3701 2268 ἔτι

2119 2302 2212 2354 καὶ
2236 2301 2330 2353 νῦν
2349 2301 2613 2371 διαμένει,
2631 2304 2727 2356 καὶ
2747 2304 2889 2357 ἐστιν
2907 2305 3190 2375 ἐντυχόντα
3213 2306 3420 2369 τούτοις
3443 2307 3701 2360 πλεῖστον

2116 2392 2460 2464 ὠφεληθῆναι
2481 2395 2575 2447 καὶ
2605 2395 2734 2466 περὶ
2762 2395 2964 2468 ἀρχῶν,
2983 2396 3079 2450 καὶ
3110 2395 3236 2466 περὶ
3258 2396 3461 2460 τέλους,
3493 2396 3586 2450 καὶ
3612 2391 3701 2451 ὧν

2114 2483 2216 2555 χρὴ
2245 2484 2440 2537 εἰδέναι
2472 2485 2563 2537 τὸν
2595 2486 2898 2554 φιλόσοφον,
2938 2486 3300 2540 πιστεύσαντα
3335 2487 3576 2550 ἐκείνοις.
3611 2489 3693 2540 Οὐ

2112 2575 2182 2642 γά
2190 2593 2218 2645 ρ
2240 2575 2375 2645 μετά
2389 2576 2712 2640 ἀποδείξεως
2729 2579 3048 2650 πεποίηνται
3068 2581 3186 2632 τότε
3209 2581 3317 2650 (97)
3334 2583 3456 2644 τοὺς
3471 2581 3692 2650 λόγους,

2113 2666 2206 2719 ἆτε
2227 2668 2480 2739 ἀνωτέρω
2506 2670 2686 2739 πάσης
2706 2671 3029 2735 ἀποδείξεως
3054 2672 3204 2735 ὄντες
3225 2672 3520 2737 ἀξιόπιστοι
3549 2676 3691 2748 μάρο

2108 2775 2265 2829 τυρες
2291 2761 2387 2831 τῆς
2414 2759 2670 2830 ἀληθείας
2691 2777 2703 2789 ·
2727 2761 2797 2813 τὰ
2817 2761 2873 2814 δὲ
2900 2761 3176 2815 ἀποϐάντα
3198 2765 3291 2816 καὶ
3319 2763 3686 2818 ἀποϐαίνοντα

2107 2849 2462 2919 ἐξαναγκάζει
2489 2853 2827 2906 συντίθεσθαι
2851 2857 2962 2917 τοῖς
2986 2853 3365 2926 λελαλημένοις
3384 2857 3450 2908 δι’
3473 2858 3678 2910 αὐτῶν.

2106 2943 2297 2995 Καίτοι
2334 2960 2397 3011 γε
2438 2945 2534 2997 καὶ
2573 2945 2660 2998 διὰ
2698 2945 2797 3009 τάς
2836 2945 3092 3016 δυνάμεις
3123 2946 3188 3010 ἃς
3227 2947 3532 3010 ἐπετέλουν,
3580 2965 3682 3000 πι-

2104 3032 2389 3086 στεύεσθαι
2420 3033 2617 3087 δίκαιοι
2642 3030 2810 3104 ἦσαν·
2843 3035 3029 3106 ἐπειδὴ
3059 3038 3152 3090 καὶ¹
3179 3035 3269 3090 τὸν
3314 3039 3534 3108 ποιητὴν
3567 3038 3682 3090 τῶν

2101 3121 2236 3175 ὅλων
2259 3123 2391 3176 Θεὸν
2418 3125 2511 3177 καὶ
2542 3125 2764 3196 Πατέρα
2803 3125 3072 3190 ἐδόξαζον,
3102 3128 3197 3180 καὶ
3223 3128 3312 3182 τὸν
3342 3131 3471 3200 παρ’
3503 3129 3675 3182 αὐτοῦ

435 3228 575 3274 trem
603 3220 984 3288 celebrabant,
1015 3231 1070 3276 et
1112 3223 1335 3278 missum
1377 3223 1446 3277 ab
1472 3236 1539 3277 eo
1568 3222 1871 3288 Christum,
1908 3223 2000 3294 qui

2102 3212 2333 3284 Χριστὸν
2365 3214 2493 3268 Υίὸν
2533 3216 2698 3269 αὐτοῦ
2730 3218 3092 3288 κατήγγελλον
3113 3236 3126 3248 ·
3172 3221 3308 3292 ὅπερ
3346 3222 3393 3272 oi
3435 3221 3542 3274 ἀπὸ
3576 3222 3675 3274 τοῦ

433 3311 604 3367 Filius
630 3311 750 3381 ejus
778 3319 882 3377 est,
929 3313 1244 3370 hominibus
1291 3314 1654 3378 nuntiabant;
1709 3313 1851 3382 quod
1881 3315 2002 3383 qui-

433 3401 554 3457 dem
587 3400 706 3456 falsi
737 3403 1036 3474 prophetae,
1063 3404 1312 3460 mendaci
1346 3415 1403 3460 et
1436 3405 1650 3472 impuro
1687 3403 1880 3474 spiritu
1914 3419 2000 3459 re-

434 3493 584 3562 pleti,
613 3508 714 3548 nec
739 3494 943 3561 fecere,
977 3509 1079 3549 nec
1105 3495 1332 3562 faciunt,
1361 3497 1456 3552 sed
1481 3497 1728 3565 quaedam
1753 3495 1995 3567 prodigia

428 3585 590 3640 edere
614 3587 816 3641 audent
845 3587 910 3642 ad
946 3585 1323 3656 percellendos
1363 3587 1633 3653 homines,
1673 3602 1737 3641 ac
1768 3589 1994 3657 spiritus

428 3679 636 3732 erroris
662 3686 720 3732 et
751 3676 1015 3732 daemonia
1040 3678 1349 3733 celebrant.
1379 3678 1458 3733 Tu
1491 3694 1623 3735 vero
1655 3688 1783 3735 ante
1810 3681 1993 3735 omnia

425 3783 653 3837 precare
687 3769 826 3824 lucis
869 3781 1060 3840 portas
1102 3772 1200 3826 tibi
1229 3772 1457 3841 aperiri;
1490 3787 1662 3843 neque
1687 3773 1830 3828 enim
1875 3773 1992 3828 haec

424 3860 710 3929 quisquam
749 3863 1060 3930 perspicere
1089 3871 1144 3918 et
1174 3863 1481 3933 intelligere
1513 3865 1708 3935 possit,
1751 3867 1856 3920 nisi
1899 3866 1989 3920 cui

423 3951 566 4006 Deus
597 3951 893 4020 intelligere
919 3952 1130 4008 dederit
1167 3963 1221 4009 et
1242 3953 1495 4011 Christus
1523 3955 1667 4026 ejus.

492 4063 547 4120 8.
575 4061 826 4118 Justinus
872 4080 939 4118 ex
977 4065 1075 4118 hoc
1106 4064 1364 4134 colloquio
1397 4066 1469 4120 ad
1509 4085 1742 4125 amorem
1785 4073 1984 4131 Christi

418 4157 745 4210 accenditur.
776 4185 845 4198 —
870 4155 996 4212 Haec
1022 4157 1111 4212 ille
1139 4167 1195 4212 et
1234 4159 1400 4213 multa
1434 4161 1538 4214 alia
1568 4177 1691 4217 cum
1729 4165 1980 4235 dixisset,

415 4260 539 4315 qua
563 4247 769 4301 referre
803 4260 911 4299 non
934 4255 1017 4300 est
1043 4245 1202 4313 hujus
1238 4249 1526 4317 temporis,
1557 4251 1745 4307 abiens
1771 4269 1978 4323 praece-

413 4339 494 4407 pit
523 4347 582 4392 ut
612 4352 677 4392 ea
719 4337 1032 4392 meditando
1062 4353 1459 4408 persequerer;
1493 4357 1669 4410 neque
1704 4360 1826 4398 eum
1856 4361 1976 4401 am-

411 4429 554 4500 plius
575 4429 707 4484 vidi.
740 4428 868 4483 Mihi
902 4443 1029 4483 vero
1051 4429 1230 4482 statim
1256 4429 1309 4483 in
1333 4431 1516 4486 animo
1541 4418 1681 4500 ig'nis
1713 4449 1975 4491 accensus

2103 3305 2304 3358 πλάνου
2337 3305 2432 3358 καλ⁵
2458 3307 2766 3380 ἀκαθάρτου
2794 3308 3097 3379 πνεύματος
3123 3311 3516 3382 ἐμπιπλάμενοι
3545 3313 3681 3382 ψευ-

2097 3395 2430 3467 δοπροφῆται
2455 3397 2576 3451 οὔτε
2601 3399 2865 3470 ἐποίησαν
2893 3399 3014 3454 οὔτε
3041 3401 3301 3467 ποιοῦσιν,
3333 3404 3466 3457 ἀλλὰ
3507 3406 3674 3460 δυνά-

2100 3507 2220 3559 μεις
2253 3489 2403 3553 τινάς
2444 3492 2685 3564 ἐνεργεῖν
2721 3495 2801 3557 είς
2842 3493 3177 3564 κατάπληξιν
3223 3495 3329 3549 τῶν
3365 3496 3678 3568 ἀνθρώπων

2094 3579 2354 3651 τολμῶσι,
2387 3583 2481 3636 καὶ
2515 3583 2581 3637 τά
2615 3585 2714 3654 τῆς
2749 3585 2954 3656 πλάνης
2985 3585 3268 3656 πνεύματα
3297 3589 3388 3641 καὶ
3412 3588 3670 3660 δαιμόνια

2091 3670 2477 3741 δοξολογοῦσιν.
2510 3672 2681 3744 Εῠχου
2710 3674 2765 3727 δέ
2807 3692 2888 3727 σοι
2920 3676 3025 3746 πρὸ
3060 3678 3272 3731 πάντων
3311 3679 3484 3748 φωτὸς
3515 3682 3668 3735 ἀνοι-

2093 3762 2284 3832 χθῆναι
2315 3763 2489 3828 πύλας
2511 3781 2524 3794 ο
2555 3765 2613 3818 οὐ
2649 3765 2758 3837 γὰρ
2791 3766 3027 3820 συνοπτὰ
3059 3767 3177 3821 οὐδὲ
3203 3771 3462 3839 συννοητά
3491 3773 3668 3826 πᾶσίν

2091 3857 2258 3920 ἐστιν,
2289 3859 2337 3910 εί
2368 3860 2440 3928 μή
2481 3874 2558 3928 τῳ
2587 3857 2717 3921 Θεὸς
2747 3857 2822 3929 δῷ
2854 3860 3092 3913 συνῖέναι
3123 3861 3216 3914 καὶ
3249 3863 3277 3915 ὁ
3300 3862 3532 3934 Χριστὸς
3565 3865 3668 3918 αύ-

2091 3959 2181 3997 του
2189 3984 2203 3998 ο

2155 4059 2207 4114 8.
2248 4060 2430 4116 Ταῦτα
2465 4063 2557 4116 κα)⁸
2580 4061 2657 4116 ἐτι
2679 4062 2812 4118 ἄλλα
2849 4063 3017 4118 πολλὰ
3042 4065 3210 4118 είπὼν
3239 4068 3462 4131 ἐκεῖνος,
3493 4067 3528 4121 ἀ
3556 4067 3659 4122 νῦν

2083 4150 2272 4221 καιρὸς
2325 4153 2424 4205 οὐκ
2474 4153 2587 4206 ἐστι
2631 4153 2830 4221 λέγειν,
2880 4154 3070 4225 ῷχετο,
3121 4157 3382 4222 κελεύσας
3434 4159 3654 4213 διώκειν

2081 4239 2220 4292 αὐτά
2243 4257 2256 4269 ο
2289 4242 2382 4294 καὶ
2417 4242 2515 4294 οὐκ
2555 4242 2634 4294 ἔτι
2665 4241 2825 4296 αὐτὸν
2855 4239 3010 4296 εἶδον.
3049 4244 3213 4314 Ἑμοῦ
3238 4246 3345 4315 (98)
3383 4247 3438 4300 δὲ
3468 4265 3654 4318 παρα-

2079 4331 2267 4404 χρῆμα
2291 4331 2398 4406 πῦρ
2422 4336 2478 4387 ἐν
2503 4338 2567 4404 τῇ
2590 4336 2730 4407 ψυχῇ
2759 4337 2996 4409 ἀνήφθη,
3025 4339 3118 4391 καὶ
3145 4339 3280 4412 ἔρως
3309 4341 3418 4409 ἔχει
3449 4358 3514 4409 με
3537 4340 3650 4394 τῶν

2078 4425 2387 4496 προφητῶν,
2420 4427 2514 4478 καὶ
2546 4425 2651 4478 τῶν
2693 4427 2898 4500 ἀνδρῶν
2929 4429 3151 4481 ἐκείνων
3195 4431 3246 4482 οἴ
3273 4432 3375 4481 είσι
3405 4431 3646 4502 Χριστοῦ

410 4532 515 4589 est,
548 4535 745 4592 meque
781 4537 936 4576 amor
966 4521 1163 4576 invasit
1195 4522 1574 4591 prophetarum
1603 4535 1660 4580 et
1693 4526 1968 4582 hominum

2098 4516 2250 4584 ρίλοιο
2290 4516 2726 4590 διαλογιζόμενός
2761 4537 2822 4572 τε
2862 4521 2995 4593 πρὸς
3039 4523 3268 4590 ἐμαυτὸν
3298 4524 3422 4586 τοὺς
3450 4524 3646 4591 λόγους

409 4614 648 4680 illorum,
675 4615 765 4685 qui
802 4614 1006 4670 Christi
1038 4623 1166 4670 sunt
1193 4614 1377 4668 amici.
1404 4614 1651 4686 Cumque
1679 4617 1821 4672 illius
1850 4633 1971 4674 ser-

407 4719 598 4761 mones
635 4706 776 4776 apud
806 4707 1048 4760 animum
1083 4719 1466 4775 proponerent.
1497 4706 1638 4762 hanc
1677 4707 1845 4762 solam
1879 4724 1968 4764 re-

406 4797 679 4865 periebam
711 4795 1150 4865 philosOphiam,
1188 4810 1308 4865 qua:
1335 4797 1552 4864 quidem
1590 4807 1700 4852 tuta
1736 4808 1792 4853 et
1819 4799 1967 4856 utilis

404 4887 566 4943 foret.
602 4888 684 4942 Ad
733 4888 875 4943 hunc
919 4903 1020 4958 ego
1066 4887 1284 4942 modum
1339 4901 1501 4958 atque
1550 4889 1654 4944 hac
1699 4890 1765 4946 de
1803 4905 1965 4947 causa

403 4977 778 5050 philosophus.
822 4979 1026 5035 Vellem
1068 4981 1319 5050 equidem
1370 4991 1429 5036 ut
1469 4995 1659 5037 omnes
1699 4983 1963 5040 rationem

406 5086 543 5126 mea:
581 5071 815 5125 similem
861 5071 1130 5133 ineuntes.
1165 5087 1194 5124 a
1231 5071 1534 5127 Salvatoris
1571 5075 1815 5129 doctrina
1853 5090 1962 5129 non

399 5165 746 5218 aberrarent.
780 5161 954 5217 Habet
989 5164 1134 5216 enim
1163 5163 1215 5216 in
1239 5177 1299 5217 se
1339 5163 1638 5219 terribilem
1671 5166 1960 5236 quamdam

397 5254 761 5322 majestatem,
793 5263 848 5309 et
876 5253 943 5306 ad
973 5267 1066 5308 eos
1098 5255 1496 5324 permovendos
1521 5256 1713 5311 idonea
1739 5266 1839 5324 est,
1865 5257 1957 5326 qui

396 5346 465 5399 de
493 5353 639 5399 recta
680 5344 766 5398 via
811 5341 1177 5410 deﬂexerunt;
1203 5345 1290 5400 his
1320 5356 1520 5413 autem,
1554 5348 1645 5417 qui
1679 5363 1798 5404 eam
1839 5365 1955 5405 me-

2071 4607 2260 4673 αὐτοῦ,
2288 4609 2492 4682 ταύτην
2523 4612 2690 4682 μόνην
2718 4611 2968 4684 εὕρισκον
2996 4613 3305 4681 φιλοσοφίαν
3338 4615 3554 4686 ἀσφαλῆ
3578 4635 3641 4670 τε

2070 4699 2165 4753 καὶ¹
2206 4700 2502 4774 σύμφορον.
2546 4701 2733 4765 Οὕτως
2778 4703 2843 4774 δὴ
2889 4704 2982 4756 καὶ
3017 4704 3102 4756 διὰ
3143 4704 3316 4758 ταῦτα
3351 4707 3643 4776 φιλόσοφος

2070 4789 2200 4859 ἐγώ.
2238 4792 2534 4865 Βουλοίμην
2563 4795 2671 4866 (99)
2700 4795 2744 4848 δ’
2775 4796 2839 4849 ἂν
2873 4795 2966 4849 καὶ
2995 4798 3222 4862 πάντας,
3251 4799 3360 4852 ἴσον
3392 4799 3515 4868 ἐμοὶ
3541 4799 3642 4853 θυ-

2070 4881 2168 4951 μὸν
2204 4885 2622 4956 ποιησαμένους,
2655 4887 2730 4958 μὴ
2754 4888 3078 4957 ἀφίστασθαι
3107 4889 3214 4942 τῶν
3259 4889 3350 4942 τοῦ
3379 4889 3637 4962 Σωτῆρος

2065 4969 2259 5039 λόγων.
2286 4974 2411 5037 Δέος
2429 4975 2536 5046 γάρ
2561 4993 2612 5028 τι
2638 4976 2846 5046 ἔχουσιν
2869 4980 2926 5030 ἐν
2950 4979 3174 5041 ἑαυτοῖςι,
3195 4980 3287 5032 καὶ
3314 4979 3486 5032 ἱκανοὶ
3511 4980 3637 5032 δυσ-

2063 5061 2281 5132 ωπῆσαι
2320 5065 2445 5127 τοὺς
2484 5066 2913 5136 ἐκτρεπομένους
2953 5067 3051 5137 τῆς
3098 5068 3264 5138 ὀρθῆς
3311 5069 3448 5132 ὀδοῦ,
3492 5071 3632 5123 ἀνά-

2062 5155 2260 5218 παυσίς
2301 5171 2360 5208 τε
2393 5155 2581 5226 ἡδίστη
2612 5157 2819 5225 γίνεται
2856 5159 2968 5220 τοῖς
3007 5159 3365 5228 ἐκμελετῶσιν
3405 5160 3623 5224 αὐτούς.

2060 5247 2122 5300 Et
2153 5243 2245 5300 οὖν
2269 5265 2322 5301 τι
2360 5251 2453 5302 καὶ
2486 5250 2568 5302 σοὶ
2598 5251 2724 5320 περὶ
2763 5251 2985 5304 σεαυτοῦ
3024 5250 3193 5321 μέλει,
3234 5254 3326 5305 καὶ
3372 5253 3624 5326 ἀντιποιῇ

2059 5340 2350 5411 σωτηρίας,
2383 5342 2474 5394 καὶ
2504 5341 2595 5394 ἐπὶ
2619 5340 2697 5411 τῷ
2717 5341 2836 5412 Θεῷ
2865 5343 3144 5407 πέποιθας,
3177 5344 3318 5414 ἀπερ
3340 5345 3436 5397 οὐκ
3467 5342 3626 5399 ἁλλο-

2052 5542 2142 5599 29.
2195 5540 2402 5596 Prteter
2421 5539 2556 5595 alios
2578 5542 2836 5596 Tatianns
2857 5554 3068 5609 quoque
3093 5540 3268 5610 (Orat.
3292 5542 3412 5594 adu.
3438 5539 3616 5596 (ἔπινε.

2053 5627 2106 5666 c.
2139 5611 2230 5674 29,
2267 5611 2391 5666 coll.
2425 5626 2473 5666 c.
2507 5610 2599 5675 55,
2639 5623 2695 5665 et
2738 5610 3074 5679 Theophilus
3114 5611 3242 5664 Ant.
3281 5612 3371 5678 (ad
3425 5612 3616 5665 Δωρί.

2052 5698 2093 5748 ι,
2123 5697 2173 5736 c.
2211 5680 2323 5751 14),
2359 5695 2483 5736 cum
2511 5681 2724 5751 Veteris
2755 5680 3084 5751 Testamenti
3135 5691 3244 5751 tuin
3279 5681 3613 5748 scriptorum

2050 5748 2489 5821 propheticorum
2521 5749 2757 5808 lectione
2785 5751 2851 5804 ad
2883 5763 2997 5828 rem
3025 5748 3386 5804 Christianam
3418 5763 3613 5817 perve-

2052 5837 2201 5877 nere.

463 5539 576 5613 (97)
618 5541 772 5594 Τότε.
826 5540 1133 5611 Legendum
1174 5542 1305 5596 ποτέ
1349 5541 1673 5610 conjiciebat
1719 5541 1951 5598 Pearso-

389 5626 576 5748 ηυῗόε)
629 5681 825 5749 Ἐμοῦ.
862 5680 1016 5736 Libet
1041 5682 1257 5749 erudito
1288 5681 1618 5737 Londinensi
1649 5682 1844 5738 editori
1873 5684 1951 5737 le-

391 5748 698 5822 geresjtoi.
726 5751 843 5804 Mox
869 5753 1009 5804 idem
1042 5748 1154 5822 εἶχε
1184 5767 1280 5820 pro
1308 5754 1439 5822 ἔχει.

461 5820 591 5892 (99)
613 5823 1016 5892 Βουλοίμην...
1055 5820 1268 5891 λόγων.
1291 5820 1427 5880 Coll.
1457 5824 1571 5879 Act.
1596 5833 1765 5894 apost.
1804 5837 1948 5890 xxvi,
