4006 6254
329 399 424 455 ωδ

1347 399 1693 458 DIALOGUS
1729 399 1875 456 CUM
1914 398 2287 456 TRYPHONE
2318 398 2582 458 JUDIEO.

3505 409 3610 466 494

328 517 456 587 τρίῳ
479 513 550 584 (1)
584 516 680 570 τοῦ
717 517 1094 590 πράγματος,
1136 521 1395 592 πάρεστιν
1419 517 1693 587 ἐπιγνόντι
1725 534 1804 570 σοι
1841 517 1932 570 τὸν

2047 515 2300 579 ditantur,
2336 517 2658 571 suavissima
2703 527 2791 573 est
2837 520 3073 590 requies.
3107 521 3167 577 Si
3211 537 3318 592 qua
3366 535 3498 596 ergo
3534 530 3608 582 tui

332 611 554 681 Χριστὸν
596 609 692 664 τοῦ
737 611 910 677 Θεοῦ,
957 616 1058 666 καὶ
1086 613 1278 684 τελείῳ
1318 612 1392 685 (Ξ)
1423 612 1718 682 γενομένῳ,
1753 610 1934 663 εὐδαι-

338 719 529 772 μονειν.

411 989 598 1042 Ταῦτά
620 1007 742 1059 μου,
774 990 1028 1058 φίλτατε,
1062 991 1324 1056 εἰπόντος,
1348 993 1394 1045 οἱ
1429 991 1564 1062 μετὰ
1590 991 1683 1045 τοῦ
1710 993 1937 1064 Τρύφω-

338 1099 431 1144 νος
483 1083 856 1150 ἀνεγέλασαν·
905 1083 1072 1146 αὐτὸς
1120 1083 1195 1148 δέ,
1233 1084 1652 1154 ὑπομειδιάσας·
1707 1083 1787 1136 Τά
1839 1084 1936 1154 μὲν

338 1175 474 1228 ἀλλά
508 1193 626 1240 σου,
661 1179 849 1246 φησὶν,
887 1178 1244 1248 ἀποδέχομαι,
1278 1177 1372 1230 καὶ
1410 1178 1620 1247 ἄγαμαι
1667 1178 1767 1248 τῆς
1809 1178 1936 1248 περὶ

339 1269 400 1320 τὸ
427 1269 572 1322 θεῖον
605 1269 813 1340 ὁρμῆς·
848 1269 1073 1340 ἄμεινον
1105 1270 1160 1322 δὲ
1186 1266 1252 1341 ἦν
1288 1269 1592 1338 φιλοσοφεῖν
1632 1269 1710 1322 ἔτι
1750 1286 1808 1322 σε
1838 1269 1935 1340 τὴν

341 1366 634 1429 Πλάτωνος
668 1365 704 1436 ἢ
742 1364 904 1419 ἀλλου
936 1382 1032 1417 του
1067 1363 1399 1434 φιλοσοφίαν,
1433 1363 1701 1416 ἀσκοῦντα
1739 1380 1933 1432 καρτε-

337 1458 468 1530 ρίαν
499 1459 596 1510 καὶ
630 1457 965 1528 ἐγκράτειαν
994 1457 1090 1510 καὶ
1121 1455 1492 1528 σωφροσύνην,
1531 1457 1564 1527 ἢ
1608 1456 1786 1524 λόγοις
1815 1455 1937 1519 ἐξα-

337 1551 662 1622 πατηθῆναι
691 1549 932 1619 ψευδέσι,
965 1550 1057 1603 καὶ
1082 1548 1386 1620 ἀνθρώποις
1418 1548 1774 1618 ἀκολουθῆσαι
1797 1549 1938 1602 οὐδε-

339 1644 433 1706 νὲς
467 1643 664 1707 ἀξίοις.
701 1643 934 1695 Μένοντι
971 1641 1082 1712 γάρ
1122 1658 1202 1694 σοι
1235 1643 1291 1694 ἐν
1329 1642 1526 1711 ἐκείνῳ
1551 1641 1628 1711 τῷ
1661 1641 1760 1711 τῆς
1789 1641 1936 1710 φιλο-

341 1737 540 1804 σοφίας
583 1735 793 1806 τρόπῳ,
826 1736 920 1788 καὶ
964 1734 1124 1796 ζῶντι
1171 1733 1494 1804 ἀμέμπτως,
1528 1734 1681 1797 ἐλπὶς
1724 1733 1938 1786 ὑπελεί-

344 1846 477 1882 πετο
503 1829 795 1898 ἀμείνονος
822 1827 1017 1897 μοίρας
1041 1842 1054 1854 ·
1091 1825 1440 1878 καταλιπόντι
1463 1825 1519 1878 δέ
1552 1825 1640 1878 τὸν
1669 1826 1820 1889 Θεὸν,
1844 1828 1936 1879 καὶ

342 1923 425 1984 είς
456 1920 752 1990 ἄνθρωπον
794 1918 1098 1981 ἐλπίσαντι,
1135 1918 1262 1970 ποία
1298 1918 1378 1970 ἔτι
1417 1918 1792 1988 περιλείπεται
1834 1937 1938 1971 σω-

341 2013 548 2082 τηρίας
578 2012 644 2064 Εἰ
680 2005 773 2063 οὖν
803 2011 896 2064 καὶ
932 2009 1065 2080 ἐμοῦ
1105 2010 1278 2072 θέλεις
1322 2008 1569 2071 ἀκοῦσαι,
1605 2009 1789 2078 (φίλον
1830 2009 1938 2081 γάρ

345 2123 408 2158 σε
448 2104 555 2174 ἤδη
601 2102 898 2173 νενόμικα)
935 2100 1149 2172 πρῶτον
1194 2101 1290 2171 μὲν
1330 2101 1646 2172 περιτεμοῦ,
1687 2097 1803 2154 εἶτα
1840 2101 1940 2170 φύ-

341 2199 506 2264 λαξον
539 2198 616 2260 ὡς
657 2196 971 2266 νενόμισται
1013 2193 1073 2245 τὸ
1115 2192 1404 2254 σάϐϐατον,
1453 2192 1548 2244 καὶ
1583 2190 1682 2255 τὰς
1723 2191 1935 2262 ἑορτὰς,

343 2294 440 2345 καὶ
483 2291 586 2354 τὰς
627 2287 928 2358 νουμηνίας
962 2284 1056 2337 τοῦ
1101 2281 1256 2347 Θεοῦ,
1298 2284 1392 2336 καὶ
1433 2281 1620 2345 ἁπλῶς
1659 2281 1727 2334 τὰ
1773 2285 1830 2335 ἐν
1862 2281 1939 2351 τῷ

346 2385 498 2453 νόμῳ
538 2377 910 2451 γεγραμμένα
956 2376 1131 2429 πάντα
1170 2375 1313 2427 ποίει
1338 2389 1351 2403 ⁸
1384 2373 1478 2426 καὶ
1524 2373 1645 2425 τότε
1688 2390 1768 2425 σοι
1812 2373 1939 2436 ἴσως

347 2473 496 2534 ἕλεος
527 2472 684 2523 ἔσται
705 2467 860 2539 παρά
889 2465 1043 2519 Θεοῦ.
1078 2464 1309 2536 Χριστὸς
1333 2463 1412 2529 δὲ,
1434 2465 1482 2518 εί
1510 2465 1602 2517 καὶ
1631 2463 1936 2534 γεγένηται,

347 2567 443 2619 καὶ
476 2565 595 2617 ἐστι
625 2580 752 2624 που,
787 2559 1060 2628 ἄγνωστός
1085 2559 1218 2621 ἐστι,
1252 2557 1346 2610 καὶ
1377 2557 1496 2610 οὐδὲ
1522 2556 1680 2620 αὐτός
1708 2575 1794 2609 πω
1823 2557 1942 2608 ὲαυ-

348 2659 439 2711 τδν
469 2657 793 2717 ἐπίσταται,
825 2652 944 2705 οὐδὲ
969 2650 1082 2721 ἕχει
1106 2649 1332 2720 δύναμίν
1365 2667 1486 2704 τινα
1531 2649 1721 2720 μέχρις
1757 2649 1822 2703 ἂν
1852 2649 1939 2702 ἐλ-

349 2751 456 2803 θὼν
497 2749 687 2811 Ἠλίας
717 2745 881 2817 χρίσῃ
916 2744 1098 2805 αὑτὸν,
1139 2745 1233 2796 καὶ
1272 2744 1503 2814 φανερὸν
1546 2745 1678 2796 πᾶσι
1717 2743 1937 2812 ποιήσῃ.

361 2844 550 2912 Ὑμεῖς
591 2841 672 2903 δὲ,
726 2838 965 2908 ματαίαν
1004 2835 1171 2906 ἀκοὴν
1217 2835 1669 2907 παραδεξάμενοι,
1709 2834 1941 2905 Χριστὸν

351 2937 565 2996 ἑαυτοῖς
609 2932 733 2985 τινὰ
773 2929 1174 2991 ἀναπλάσσετε,
1211 2928 1308 2982 καὶ
1353 2927 1519 2982 αὐτοῦ
1554 2929 1713 3000 χάριν
1742 2927 1810 2979 τὰ
1847 2925 1940 2978 νῦν

352 3025 613 3084 ἀσκόπως
651 3020 978 3075 ἀπόλλυσθε.

418 3203 473 3258 9.
518 3199 833 3271 Συγγνώμη
873 3215 973 3261 σοι,
1017 3197 1171 3268 ἔφην,
1201 3190 1247 3250 ὦ
1274 3196 1548 3267 ἄνθρωπε,
1585 3195 1677 3250 καὶ
1714 3194 1939 3266 ἀφεθείη
1966 3223 2008 3282 c

353 3312 455 3350 aut.
488 3297 563 3350 Ού
597 3294 710 3366 γὰρ
736 3288 885 3355 οἶδας
912 3292 941 3344 ὃ
961 3290 1138 3360 λέγεις
1159 3307 1171 3319 ·
1211 3289 1344 3343 ἀλλὰ
1378 3288 1695 3359 πειθόμενος
1728 3291 1840 3352 τοῖς
1864 3287 1942 3342 δι-

352 3391 648 3451 δατ-κάλοις
686 3389 736 3440 οἳ
777 3388 838 3439 οὐ
881 3386 1094 3439 συνιᾶσι
1139 3384 1237 3448 τὰς
1275 3382 1517 3455 Γραφὰς,
1563 3382 1657 3435 καὶ
1695 3383 1942 3452 ἀπομαν-

351 3482 648 3550 τευόμενος
681 3479 865 3546 λέγεις
893 3479 920 3530 ὅ
948 3495 1000 3529 τι
1041 3477 1105 3530 ἀν
1146 3494 1225 3528 σοι
1254 3477 1344 3528 ἐπὶ
1387 3474 1554 3543 θυμὸν
1588 3473 1749 3526 ἔλθοι.
1782 3474 1844 3525 Εἰ
1886 3473 1942 3526 δὲ

356 3574 567 3644 βούλοιο
609 3573 803 3624 τούτου
851 3570 979 3642 πέρι
1021 3567 1272 3634 δέξασθαι
1314 3567 1388 3637 (5)
1434 3566 1605 3634 λόγον,
1647 3565 1722 3628 ὡς
1765 3565 1823 3618 ού
1847 3583 1943 3617 πε-

355 3667 704 3738 πὶανήμεθα,
755 3664 875 3718 οὐδὲ
913 3662 1234 3733 παυσόμεθα
1271 3662 1346 3731 (4)
1389 3660 1774 3732 ὁμολογοῦντες
1824 3658 1944 3712 τοῦ-

355 3779 443 3814 τον
497 3761 604 3831 (5),
659 3758 766 3811 κᾶν
816 3757 884 3809 τά
927 3756 988 3820 ἐξ
1040 3755 1338 3828 ἀνθρώπων
1395 3756 1524 3825 ἡμῖν
1573 3755 1942 3826 ἐπιφέρωνται

354 3853 552 3924 ὀνείδη,
576 3851 683 3904 κάν
703 3851 733 3902 ὁ
751 3849 1053 3911 δεινότατος
1074 3849 1327 3900 ἀπειπεῖν
1349 3845 1630 3917 ἀναγκάζῃ
1653 3845 1714 3899 τύ
1724 3863 1908 3918 ραννος
1925 3861 1936 3874 ·

359 3943 675 4015 παρεστῶτι
729 3941 836 4013 γὰρ
882 3940 1061 4003 δείξω,
1102 3939 1183 3991 ὃτι
1224 3938 1283 3991 ού
1328 3941 1503 4002 κενοῖς
1545 3937 1941 4008 ἐπιστεύσαμεν

363 4039 573 4109 μύθοκ,
633 4036 756 4090 οὐδὲ
805 4033 1216 4096 ἀναποδείκτοις
1270 4030 1470 4100 λόγοις,
1527 4031 1661 4086 ἀλλὰ
1727 4036 1942 4103 μεστοῖς

358 4131 678 4197 Πνεύματος
717 4127 860 4179 θείου
894 4127 988 4178 καὶ
1031 4124 1256 4194 δυνάμει
1299 4123 1541 4196 βρύουσι,
1573 4125 1665 4176 καὶ
1692 4123 1941 4194 τεθηλόσι

355 4223 560 4292 χάριτι.
580 4251 650 4262 ——
665 4217 1022 4286 Ἀνεγέλασαν
1037 4212 1130 4270 οῦν
1143 4217 1302 4270 πάλιν
1318 4218 1366 4270 oi
1383 4218 1497 4288 μετ’
1516 4216 1700 4282 αὑτοῦ,
1719 4218 1812 4271 καλ⁹
1825 4217 1944 4270 ἀκο-

429 4399 508 4466 (Ι)
555 4398 743 4463 Ἀετερ
771 4396 881 4448 οὐκ
907 4395 1225 4464 ἀλλοτρίῳ.
1277 4395 1403 4450 11ωο
1431 4395 1717 4466 Perionius
1752 4397 1818 4450 ad
1864 4397 1944 4466 ip-

356 4485 477 4523 sum
535 4469 708 4521 Deum
754 4466 963 4519 refert:
1015 4467 1183 4520 multo
1230 4467 1424 4522 melius
1475 4468 1540 4518 ad
1590 4465 1940 4536 Tryphonem

359 4540 602 4607 Langus.
659 4537 825 4607 inter,
861 4545 1153 4607 utramque
1201 4536 1713 4607 interpretationem
1758 4539 1945 4592 divisit

1971 1869 2012 1926 Β

2041 608 2211 677 ipsius
2238 624 2369 662 cura
2414 610 2676 677 tangeris,
2708 611 2755 664 si
2791 612 2984 666 salutis
3029 614 3260 682 cupidus
3288 630 3369 682 es,
3402 631 3466 670 ac
3497 617 3611 673 Deo

2039 699 2304 764 confidis,
2346 701 2478 756 licet
2513 702 2628 765 tibi,
2677 713 2867 770 utpote
2904 705 2973 758 ab
3011 706 3124 775 ipsa
3177 721 3236 762 re
3265 723 3371 761 non
3407 708 3608 772 alieno,

2040 787 2127 841 ubi
2162 788 2442 844 Christum
2477 793 2769 860 ag’noveris
2800 809 2866 848 ac
2905 795 3186 864 mysteriis
3218 797 3466 855 initiatus
3495 799 3611 856 fue-

2041 878 2140 942 ris,
2184 880 2341 935 beate
2381 883 2584 936 vivere.

2115 972 2274 1042 ιιο
2307 974 2437 1028 Cum
2463 975 2578 1030 haec
2608 975 2889 1043 dixissem,
2921 979 3242 1036 charissime
3261 981 3506 1054 Pompei,
3537 985 3612 1039 ri-

2040 1075 2231 1119 serunt
2262 1067 2394 1121 socii
2429 1067 2766 1138 Tryphonis;
2795 1071 2907 1139 ipse
2935 1082 3114 1126 autem
3143 1073 3432 1130 subridens
3452 1094 3466 1130 :
3489 1076 3610 1132 Cae-

2043 1165 2155 1209 tera
2182 1159 2397 1226 quidem
2432 1168 2544 1226 tna,
2571 1161 2767 1230 inquit,
2801 1163 2990 1230 probo,
3017 1180 3080 1219 ac
3109 1166 3403 1223 vehemens
3429 1183 3610 1223 rerum

2039 1249 2345 1303 divinarum
2375 1253 2612 1306 studium
2643 1253 2910 1308 admiror.
2951 1255 3057 1310 Sed
3080 1258 3250 1311 salius
3281 1267 3396 1313 erat
3431 1261 3611 1315 adhuc

2043 1348 2092 1393 te
2136 1339 2508 1411 philosophari
2556 1345 2611 1398 in
2652 1344 2895 1400 Platonis
2933 1357 3026 1400 aut
3071 1349 3298 1404 alterius
3343 1351 3608 1420 ejusmodi

2039 1431 2349 1500 disciplina,
2383 1435 2600 1491 dantem
2628 1453 2849 1506 operam
2879 1443 3226 1508 constantiae,
3264 1444 3612 1499 continentiae

2038 1533 2092 1577 et
2120 1526 2510 1594 temperantiae,
2545 1543 2711 1598 quam
2750 1531 2901 1587 falsis
2929 1533 3108 1603 decipi
3154 1535 3522 1600 sermonibus,
3549 1553 3612 1590 ac

2040 1616 2348 1674 hominibus
2369 1621 2742 1676 adhmrescere
2768 1625 2965 1679 nullius
2993 1628 3175 1694 pretii.
3203 1627 3436 1683 Manenti
3461 1630 3608 1684 enim

2041 1710 2135 1764 tibi
2181 1712 2232 1764 in
2271 1711 2360 1765 illo
2395 1713 2750 1784 philosophia:
2795 1717 3069 1783 instituto,
3105 1730 3159 1775 et
3205 1722 3346 1776 citra
3390 1724 3608 1794 culpam

2040 1805 2242 1859 viventi
2291 1821 2417 1874 spes
2463 1808 2872 1878 relinquebatur
2923 1815 3091 1869 sortis
3126 1815 3392 1872 melioris.
3438 1817 3608 1873 Deum

2042 1905 2224 1950 autem
2269 1898 2561 1964 deserenti,
2609 1909 2663 1954 et
2691 1917 2839 1970 spem
2885 1903 2937 1957 in
2985 1904 3203 1962 homine
3248 1910 3610 1964 constituenti

2040 1987 2167 2055 quid
2197 1988 2373 2043 adhuc
2414 1991 2739 2060 relinquitur
2772 1994 3013 2050 salutis?
3054 1996 3236 2062 Quare
3274 2001 3317 2054 si
3355 2015 3440 2055 me
3473 2017 3613 2069 quo-

2039 2095 2144 2147 que
2170 2081 2356 2136 audire
2376 2082 2523 2137 voles
2541 2083 2668 2154 (jam
2696 2087 2839 2140 enim
2864 2099 2916 2142 te
2936 2089 3168 2143 amicum
3197 2093 3494 2162 existimo),
3522 2094 3610 2149 fac

2038 2171 2274 2238 primum
2309 2179 2366 2224 ut
2400 2173 2843 2244 circumcidaris;
2884 2177 3081 2234 deinde
3111 2180 3361 2246 observa,
3401 2193 3458 2236 ut
3491 2183 3612 2255 iege

2042 2262 2312 2317 sancitum
2346 2271 2455 2327 est,
2489 2265 2774 2319 sabbatum
2806 2278 2860 2320 et
2888 2265 3007 2322 dies
3044 2267 3216 2324 festos
3244 2287 3306 2326 ac
3335 2275 3610 2329 novilunia

2042 2355 2170 2422 Dei;
2212 2370 2320 2410 uno
2353 2358 2541 2420 verbo,
2575 2372 2694 2426 quae
2736 2359 2788 2411 in
2829 2359 2947 2426 lege
2989 2363 3189 2431 scripta
3235 2373 3382 2427 sunt,
3425 2369 3610 2422 omnia

2039 2463 2370 2516 exsequere;
2403 2459 2626 2517 tumque
2651 2449 2744 2503 tibi
2775 2449 3000 2505 forsitan
3031 2453 3410 2511 misericordia
3446 2460 3552 2511 erit
3579 2475 3609 2512 a

2043 2541 2170 2597 Deo.
2192 2541 2440 2596 Christus
2463 2551 2664 2608 autem,
2682 2541 2726 2595 si
2745 2543 2959 2612 quidem
2984 2553 3142 2598 natus
3161 2557 3261 2610 est,
3283 2557 3375 2603 aut
3398 2551 3609 2619 uspiam

2040 2642 2307 2693 versatur,
2355 2632 2573 2701 ignotus
2619 2641 2722 2698 est,
2767 2634 2994 2688 necdum
3029 2649 3088 2689 se
3137 2636 3252 2704 ipse
3291 2641 3468 2704 novit,
3511 2657 3614 2697 nec

2040 2721 2148 2777 ulla
2194 2725 2397 2778 virtute
2450 2723 2709 2792 prazditus
2761 2734 2866 2790 cst,
2915 2725 3090 2781 donec
3142 2743 3264 2782 eum
3316 2730 3614 2788 adveniens

2041 2814 2185 2870 Elias
2213 2816 2453 2880 unxerit,
2488 2825 2542 2871 et
2571 2815 2923 2872 manifestum
2965 2819 3222 2874 omnibus
3252 2820 3460 2876 fecerit.
3511 2823 3614 2880 Vos

2041 2918 2220 2962 autem
2247 2909 2393 2962 inani
2413 2909 2688 2965 auditione
2708 2921 2931 2973 excepta
2955 2910 3229 2966 Christum
3251 2915 3406 2969 vobis
3427 2930 3614 2983 quem-

2040 3001 2164 3056 dam
2191 3002 2420 3071 lingitis,
2457 3011 2513 3057 et
2544 3002 2688 3058 lllius
2719 3018 2885 3059 causa
2919 3020 3063 3059 nunc
3091 3006 3282 3073 peritis
3307 3007 3616 3066 inconside-

2039 3103 2179 3148 rate.

2113 3183 2167 3238 9.
2201 3183 2495 3238 Christiani
2519 3200 2621 3238 non
2654 3184 2801 3238 vanis
2817 3185 3150 3239 crediderunt
3175 3188 3521 3244 sermonibus.
3546 3219 3617 3232 -—

2043 3276 2375 3344 lgnoscatnr,
2415 3277 2656 3343 inquam,
2694 3275 2930 3346 Trypho,
2980 3287 3036 3331 et
3083 3281 3422 3334 condonetur
3464 3283 3605 3347 tibi;

2043 3381 2215 3434 neque
2236 3367 2380 3420 enim
2406 3367 2512 3422 scis
2539 3367 2668 3438 quid
2696 3367 2877 3432 dicas;
2905 3371 3023 3430 sed,
3049 3371 3326 3440 magistris
3351 3373 3613 3428 credulus

2044 3455 2356 3527 Scripturas
2395 3472 2502 3512 non
2544 3458 2990 3529 intelligentibus,
3025 3469 3081 3515 et
3121 3462 3276 3530 quasi
3312 3463 3615 3525 hariolans.

2041 3549 2305 3618 quidquid
2343 3550 2396 3604 in
2446 3559 2682 3606 mentem
2721 3552 2952 3620 venerit,
2995 3553 3258 3623 loqueris.
3297 3555 3450 3622 Quod
3483 3557 3528 3610 si
3564 3559 3617 3612 id

2044 3639 2140 3694 tibi
2189 3641 2492 3697 rationibus
2535 3641 2756 3708 probari
2789 3644 3014 3711 pateris,
3049 3658 3148 3699 nos
3198 3644 3618 3700 scilicetodece-

2041 3743 2163 3803 ptos
2189 3749 2295 3788 non
2319 3749 2461 3799 esse,
2498 3748 2598 3789 nec
2626 3734 2897 3791 desituros
2925 3736 3074 3792 hunc
3097 3737 3370 3802 confiteri,
3401 3740 3617 3795 etiamsi

2043 3827 2201 3881 nobis
2241 3826 2535 3896 opprobria
2577 3825 2646 3879 ab
2683 3827 2997 3884 hominibus
3045 3828 3372 3897 inferantur,
3403 3831 3619 3888 etiamsi

2044 3918 2372 3973 saevissimus
2415 3917 2646 3972 deﬁcere
2682 3925 2842 3987 cogat
2872 3925 3170 3988 tyrannus;
3221 3923 3475 3991 praesenti
3521 3922 3618 3976 tibi

2044 4009 2436 4067 demonstrabo
2466 4024 2572 4064 non
2609 4011 2766 4064 vanis
2798 4026 2898 4066 nos
2926 4013 3227 4068 credidisse
3272 4015 3487 4078 fabulis,
3519 4031 3620 4071 nec

2045 4103 2323 4159 destitutis
2377 4113 2704 4171 argumento
2734 4103 3100 4170 sermonibus,
3131 4107 3224 4160 sed
3261 4107 3465 4175 Spiritu
3495 4124 3620 4163 san-

2047 4206 2135 4252 cto
2177 4195 2350 4259 plenis
2387 4209 2452 4250 ac
2483 4195 2685 4252 virtute
2709 4197 3072 4263 scatentibus,
3107 4205 3161 4250 et
3193 4199 3371 4269 gratia
3409 4199 3618 4257 eillore-

2046 4395 2124 4466 τῷ
2152 4393 2490 4466 Βεελφεγώρ.

2118 4467 2196 4536 (5)
2243 4465 2462 4536 Τούτου
2485 4465 2620 4534 πέρι
2641 4465 2946 4536 δέξασθαι.
2990 4467 3065 4522 Ita
3100 4467 3269 4522 codex
3304 4467 3620 4523 Claromon-

2050 4535 2229 4591 tanu's.
2269 4535 2410 4591 Editi
2447 4535 2850 4608 περιδέξασθαι.
2885 4537 3053 4592 Totus
3092 4539 3181 4592 hic
3212 4539 3362 4592 locus
3395 4550 3620 4592 sanatur

367 4597 1020 4693 spiritumILondinepsis
1049 4597 1242 4688 editor.
1285 4597 1396 4688 Sed
1427 4606 1939 4693 mibi-manifestum
1974 4597 2020 4654 Ῑ)
2050 4597 2743 4693 tum‘interpun'ge'ndo'ttt
2789 4608 3243 4693 interpunximus,
3281 4617 3394 4693 tum
3440 4609 3621 4693 negli-

355 4681 598 4736 videtur.
621 4677 868 4747 Judaeum
888 4676 1186 4747 designari,
1207 4678 1437 4744 quicum
1463 4677 1517 4730 in
1550 4678 1732 4746 Moyse
1749 4686 1802 4732 et
1821 4694 1942 4747 pro-

360 4752 544 4818 phetis
572 4760 682 4799 tam
715 4745 882 4818 multa
927 4746 995 4799 de
1037 4746 1258 4818 Christo
1301 4747 1528 4816 legeret,
1565 4745 1777 4802 alienus
1801 4745 1940 4817 qun-

362 4816 481 4872 dam
528 4818 694 4871 modo
731 4816 798 4868 ab
832 4816 918 4883 iis,
960 4831 1081 4885 quae
1125 4816 1401 4872 Christum
1451 4827 1720 4886 spectant,
1760 4816 1938 4872 videri

362 4905 464 4943 non
497 4890 758 4942 debebat.

432 4960 512 5029 (2)
559 4961 794 5029 Iusto).
818 4957 1214 5014 Perfectinnem
1248 4959 1353 5013 hac
1383 4973 1516 5014 voce
1546 4958 1812 5028 designari
1847 4974 1942 5026 pu-

365 5027 552 5084 tarunt
583 5027 787 5100 Justini
835 5033 1185 5093 interpretes,
1217 5029 1549 5100 Baptismum
1597 5027 1940 5100 Sylburgius.

363 5101 633 5180 Eruditns
661 5099 1022 5180 Londinensis
1067 5100 1246 5154 editor
1272 5098 1573 5180 .Sylbnurgii
1625 5098 1650 5151 ὁ
1683 5098 1946 5180 interpre-

366 5171 557 5224 talioni
579 5169 740 5223 illud»
759 5173 834 5225 ait
849 5189 874 5241 Ac
894 5170 1044 5223 obsta
1055 5185 1131 5241 re,
1147 5170 1287 5237 quod
1305 5172 1390 5223 vix
1415 5168 1528 5241 fieri
1550 5171 1721 5237 potuit
1739 5169 1946 5241 utTry-

364 5241 558 5310 phoni,
599 5241 810 5294 homini
838 5239 1048 5304 Iudaeo,
1095 5240 1196 5292 ista
1235 5240 1507 5294 sententia
1544 5241 1693 5294 vocis
1740 5239 1945 5304 τέλειος

364 5315 496 5364 satis
520 5321 670 5365 esset
703 5320 985 5380 perspecta
1008 5327 1023 5375 ;
1046 5313 1190 5378 quod
1221 5319 1400 5364 tamen
1423 5310 1479 5381 in
1515 5320 1624 5364 tam
1657 5311 1942 5381 negligenti

367 5385 636 5450 scriptore
671 5381 928 5434 momenti
965 5390 1183 5450 nonest
1211 5380 1456 5436 maximi.
1488 5400 1505 5432 ι
1539 5382 1642 5434 Sed
1673 5380 1946 5449 quomodo

365 5449 568 5503 τέλειον
595 5451 865 5518 γίνεσθαι,
894 5449 1183 5512 τελεῖσθαι,
1213 5451 1351 5503 idem
1375 5465 1496 5505 esse
1513 5465 1576 5504 ac
1599 5452 1827 5516 initiari,
1852 5462 1947 5504 aut

371 5521 625 5588 ignorare
650 5524 828 5592 potuit
858 5521 1097 5592 Trypho.
1129 5529 1224 5592 aut
1257 5523 1397 5574 banc
1433 5521 1507 5574 illi
1547 5521 1944 5592 ignorationem

370 5590 966 5654 attribuereJustinus‘,
992 5606 1110 5644 cum
1136 5591 1251 5644 hzec
1278 5593 1442 5644 verba
1475 5605 1579 5644 non
1606 5591 1778 5646 solum
1807 5590 1947 5658 apud

372 5661 632 5727 profanos
673 5662 999 5729 scriptores,
1037 5661 1126 5713 sed
1177 5661 1340 5713 etiam
1393 5662 1536 5730 apud
1571 5674 1757 5730 sacros
1804 5661 1948 5730 hunc

378 5731 429 5782 in
456 5746 681 5784 sensum
715 5730 1093 5798 usurpentur?
1129 5730 1316 5784 Nonne
1349 5729 1518 5796 enim,
1554 5740 1613 5783 ut
1647 5729 1808 5783 multa
1841 5729 1946 5782 alia

379 5804 653 5884 omittam,
677 5803 1079 5884 Iegimuinum:
1101 5815 1226 5863 xxv,
1243 5801 1277 5852 5
1295 5803 1433 5884 εὲαὶ
1450 5799 1705 5884 ἐτελέσθη
1728 5798 1949 5884 ,Ἰσραὴλ

379 5869 453 5938 τῷ
475 5868 823 5940 Βεελφεγώρ.
870 5869 933 5922 Et
963 5871 1146 5938 psalm.
1183 5885 1268 5938 CV,
1309 5871 1409 5925 ‘28'
1455 5873 1565 5926 Καὶ
1595 5868 1948 5938 ἐτελέσθησαν

2045 4677 2218 4747 gendo
2245 4676 2372 4748 illud
2401 4677 2656 4748 ydppost
2679 4677 3011 4748 παρεστῶτι,
3037 4678 3119 4748 vel
3151 4677 3475 4748 legendoyé.
3501 4676 3620 4747 Syl-

2045 4745 2272 4816 burgius
2293 4747 2435 4818 legit
2465 4745 2589 4817 πέρι
2639 4745 2917 4812 δέξασθαι,
2965 4745 3618 4818 μαθήσῃξΤιιὶτιὺίυείεί

2047 4819 2188 4939 Ederet
2219 4816 2404 4871 valere
2437 4816 2590 4885 putat
2620 4832 2685 4871 ac
2720 4835 2738 4868 ι
2775 4816 3006 4885 utinam,
3046 4837 3066 4870 ι
3101 4816 3170 4871 ει
3212 4817 3344 4888 legit
3375 4817 3616 4889 παραδέ-

2078 4904 2146 4939 ασ
2182 4904 2256 4939 αι.

2078 4904 2256 4940 acuat.

2045 4887 2406 5028 ξαῗὲῗισούδὲ
2459 4957 2829 5027 παυσόμεθα.
2879 4956 3029 5028 Ιίωο
3058 4957 3186 5012 dicit
3242 4954 3508 5022 Justinus,
3559 4964 3620 5010 ut

2047 5029 2231 5095 inepta
2278 5028 2587 5097 Tryphonis
2625 5030 2853 5082 consilia
2884 5027 3116 5091 refellat,
3155 5028 3246 5095 qui
3283 5028 3349 5081 ad
3381 5029 3618 5097 circum—

2047 5096 2800 5168 cisionemamplectendam
2864 5099 3117 5152 hortatus
3174 5097 3372 5168 fuerat.
3435 5096 3616 5168 Simili

2047 5169 2208 5238 modo
2261 5166 2610 5231 refelluntur,
2656 5169 2749 5238 qui
2804 5178 3050 5238 metuere
3098 5183 3160 5224 se
3205 5166 3502 5238 ﬁngebant,
3536 5166 3620 5238 ine

2048 5237 2368 5301 Christiani,
2395 5236 2908 5308 crucifixo'relicto,
2938 5237 3299 5308 Polycarpum
3324 5236 3503 5308 colere
3529 5237 3620 5308 ἰιι⁴

2050 5310 2316 5378 ciperent.
2373 5327 2391 5359 ι
2428 5307 2604 5377 Atque
2655 5309 2772 5378 haec
2828 5305 3066 5372 aiebant,
3104 5326 3124 5360 ι
3156 5305 3330 5376 inquit
3379 5305 3618 5378 Ecclesia

2053 5377 2404 5449 Sinyrnensis
2423 5381 2485 5449 _in
2515 5380 2636 5432 Act.
2658 5377 3063 5449 S.APolycarpi,
3093 5395 3113 5428 ι
3137 5377 3621 5449 suggerentibuset

2049 5446 2382 5505 instantibus
2415 5447 2685 5502 ludatis...
2721 5446 2892 5518 ignari
2922 5446 3065 5517 quod
3088 5463 3188 5502 nec
3209 5447 3487 5503 Christum
3518 5462 3621 5499 un-

2051 5535 2214 5588 quam
2252 5520 2635 5588 derelinquere
2680 5517 3051 5588 poterimus...
3086 5531 3187 5588 nec
3231 5517 3397 5571 alium
3430 5531 3621 5588 quem-

2050 5585 2214 5659 quam
2261 5591 2462 5644 colere.
2486 5585 2528 5638 ἰ
2569 5585 2922 5659 ίἈγνοοῦντες
2967 5589 3058 5659 ὃτι
3094 5586 3218 5659 οὒτε
3255 5588 3346 5639 τὸν
3390 5585 3622 5659 Χριστόν

2049 5654 2179 5730 ποτε
2211 5660 2531 5714 καταλιπεῖν
2559 5654 2963 5728 δυνησόμεθα...
3007 5658 3128 5710 οὒτε
3158 5658 3344 5730 ἕτερόν
3371 5654 3494 5711 τινα
3529 5654 3621 5710 σέ·

2050 5729 2182 5782 ϐειν.

2115 5803 2198 5880 έδ)
2245 5801 2481 5858 Τοῦτον.
2515 5801 2719 5876 Regius
2743 5799 2910 5855 codex
2944 5800 3104 5856 habet
3131 5800 3196 5856 ad
3223 5799 3518 5869 marginem
3542 5796 3622 5863 εἰς

2050 5887 2254 5926 τουτον.
