4006 6254
392 370 497 428 455

1348 372 1404 428 S.
1436 370 1699 428 JUSTINI
1734 371 2141 431 PHILOSOPHI
2184 374 2271 429 ET
2307 375 2663 434 MARTYRIS

3521 392 3633 440 ινι»

396 490 695 546 scentibus.
732 485 1074 542 —Rlserunt
1104 485 1269 554 igitur
1320 487 1520 541 iterum
1558 486 1678 556 ejus
1706 489 1948 555 comites,

2062 508 2195 563 σμον
2238 492 2649 562 ἀνεφθέγγοντο.
2695 491 2835 562 Ἐγὼ
2869 492 2944 556 δέ,
2976 492 3232 557 ἀναστὰς,
3262 487 3370 560 οἷός
3398 496 3446 550 τ’
3481 500 3635 571 ήμην

393 591 557 651 atque
594 581 844 635 indecore
879 578 1201 634 clamarunt.
1244 578 1378 632 Tum
1405 592 1506 647 ego
1535 594 1656 634 cum
1690 583 1961 637 surrexis-

393 674 773 738 sem,abeunti
817 672 1012 727 similis
1051 686 1240 737 eram;
1288 672 1383 727 sed
1427 671 1517 726 ille
1554 682 1770 739 arrepta
1811 683 1960 729 veste

392 766 543 835 prius
566 764 916 819 dimissurum
954 764 1189 833 negavit,
1219 778 1378 833 quam
1406 763 1735 832 promissum
1772 764 1957 820 exsol-

393 857 615 910 vissem.
658 854 735 909 Ne
767 870 899 925 ergo
940 855 1355 920 tumultuentur,
1396 855 1634 924 inquam.
1680 856 1813 912 socii
1856 858 1955 921 tui,

394 967 494 1007 nec
524 952 602 1006 sic
636 966 695 1006 se
732 960 921 1021 gerant
953 951 1243 1019 indecore;
1284 951 1376 1006 sed
1410 950 1455 1004 si
1492 951 1700 1016 volunt,
1738 953 1957 1009 silentio

390 1045 725 1110 auscultent;
754 1044 797 1098 si
822 1058 925 1113 qua
952 1053 1130 1097 autem
1155 1043 1333 1112 potior
1352 1057 1448 1099 eos
1470 1045 1755 1112 occupatio
1789 1045 1958 1101 inter-

390 1139 575 1208 pellat,
628 1138 845 1192 abeant.
880 1138 987 1192 Nos
1026 1146 1206 1191 autem
1240 1138 1562 1192 secedamus
1605 1136 1809 1205 aliquo,
1845 1136 1953 1191 ibi-

388 1245 494 1300 que
536 1232 936 1299 requiescentes
974 1228 1395 1297 disputationem
1445 1242 1835 1296 exsequamur.
1860 1227 1958 1281 Vi.

387 1341 507 1381 sum
535 1335 620 1379 est
641 1325 804 1378 etiam
831 1322 1126 1393 Tryphoni,
1159 1330 1219 1376 ut
1255 1322 1326 1376 ita
1356 1321 1690 1387 faceremus;
1726 1333 1957 1390 cumque

388 1419 530 1472 inter
570 1432 668 1471 nos
710 1417 1098 1479 innuissemus,
1136 1414 1190 1468 in
1242 1413 1476 1468 medium
1523 1413 1662 1486 xysti
1715 1414 1953 1470 stadium

386 1510 656 1564 venimus.
686 1509 801 1563 Duo
829 1516 1009 1561 autem
1036 1519 1103 1559 ex
1132 1504 1252 1571 ejus
1295 1505 1586 1561 comitibus
1619 1520 1741 1559 cum
1782 1505 1956 1559 cavil-

386 1599 481 1653 ιιιιὶ
509 1606 711 1663 essent,
748 1606 803 1653 et
833 1597 885 1650 in
928 1594 1163 1650 studium
1203 1604 1448 1650 nostrum
1468 1593 1653 1664 jocati,
1689 1595 1955 1651 discesse-

386 1700 530 1747 runt.
567 1691 664 1748 Ubi
716 1690 770 1746 in
819 1690 912 1747 illo
952 1690 1072 1746 loco
1117 1690 1354 1754 fuimus,
1384 1690 1476 1745 ubi
1523 1690 1712 1746 sedilia
1744 1691 1954 1761 lapidea

384 1795 508 1841 sunt
535 1800 601 1839 ex
642 1794 873 1853 utraque
922 1790 1110 1853 parte,
1142 1783 1303 1837 amici
1335 1782 1647 1853 Tryphonis
1681 1783 1733 1837 in
1780 1782 1952 1837 altera

2062 586 2395 658 ἀπέρχεσθαι
2418 604 2431 616 ·
2457 590 2486 640 ὁ
2506 587 2563 640 δέ
2599 604 2698 657 μου
2724 589 2816 641 τοῦ
2842 588 3056 658 ἱματίου
3079 588 3395 660 λαϐόμενος,
3416 592 3477 645 οὑ
3502 597 3635 665 πρὶν

2058 677 2279 732 ἀνύσειν
2317 676 2391 749 (6)
2431 677 2555 749 ἔφη,
2597 678 2727 749 πρὶν
2766 677 2794 730 ὃ
2836 678 3151 751 ὑπεσχόμην
3191 680 3491 737 ἐκτελέσαι.
3537 687 3634 758 Μὴ

2058 763 2171 832 οὑν,
2201 769 2358 839 ἔφην,
2395 768 2796 840 θορυϐείτωσαν
2824 768 2875 821 oi
2904 769 3109 840 ἐταῖροί
3145 786 3258 833 σου,
3301 771 3435 842 μηδέ
3468 773 3638 843 ἀσχη-

2060 862 2392 933 μονείτωσαν
2436 860 2627 925 οὑτως.
2692 860 2829 913 Ἀλλ’
2887 862 2935 913 εἰ
2985 862 3082 932 μὲν
3134 861 3443 932 βούλονται,
3494 865 3635 935 μετά

2057 954 2284 1025 ἡσυχίας
2309 953 2701 1024 ἀκροάσθωσαν
2720 969 2733 983 ·
2775 952 2825 1009 εί
2862 952 2922 1007 δέ
2945 954 3038 1006 καὶ
3072 954 3295 1024 ἀσχολία
3324 972 3408 1018 τις
3449 957 3636 1020 αὑτοῖς

2060 1048 2356 1119 ὑπέρτερος
2386 1046 2633 1118 ἐμποδών
2661 1048 2827 1112 ἐστιν,
2855 1047 3132 1102 ἀπίτωσαν
3152 1066 3164 1078 ·
3204 1050 3361 1120 ἡμεῖς
3394 1050 3470 1115 δὲ,
3500 1051 3637 1103 ὑπο-

2057 1141 2404 1211 χωρήσαντές
2432 1158 2521 1193 ποι
2548 1141 2643 1194 καὶ
2664 1140 3132 1211 ἀναπαυσάμενοι,
3170 1142 3516 1213 περαίνωμεν
3538 1145 3637 1197 τὸν

2056 1229 2231 1297 λόγον.
2259 1229 2440 1295 Ἔδοξε
2482 1229 2575 1283 καὶ
2598 1228 2676 1299 τῷ
2710 1230 2963 1303 Τρύφωνι
2998 1229 3169 1294 οὑτως
3204 1233 3349 1301 ἡμᾶς
3372 1233 3595 1304 ποιῆσαι
3614 1250 3629 1263 ’

2056 1322 2153 1376 καὶ
2176 1321 2259 1393 δὴ,
2287 1322 2659 1388 ἐκνεύσαντες,
2690 1325 2768 1386 είς
2790 1322 2851 1376 τὸ
2879 1322 3041 1393 μέσον
3071 1322 3160 1376 τοῦ
3193 1323 3382 1388 ξύστου
3417 1326 3630 1379 στάδιον

2056 1414 2266 1486 ᾔειμεν.
2299 1414 2417 1467 Τῶν
2458 1414 2513 1469 δὲ
2563 1416 2661 1468 σὺν
2686 1413 2834 1486 αὑτῷ
2867 1413 2959 1468 δύο
2996 1414 3378 1485 χλευάσαντες,
3409 1416 3502 1469 καὶ
3529 1416 3630 1488 τὴν

2057 1505 2289 1577 σπουδὴν
2334 1505 2489 1577 ήμῶν
2527 1504 2954 1575 ἐπισκώψαντες,
2994 1507 3405 1578 ἀπηλλάγησαν.
3442 1509 3631 1578 Ἡμεῖς

2055 1595 2131 1661 δὲ,
2162 1596 2235 1660 ώς
2258 1596 2553 1667 ἐγενόμεθα
2579 1600 2635 1651 ἐν
2655 1596 2845 1669 ἐκείνῳ
2866 1597 2942 1668 τῷ
2973 1597 3121 1668 τόπῳ
3144 1597 3269 1650 ἔνθα
3292 1598 3631 1671 ἑκατέρωθεν

2056 1686 2243 1740 λίθινοί
2274 1688 2378 1739 είσι
2406 1685 2589 1752 θῶκοι,
2622 1689 2679 1741 ἐν
2705 1686 2783 1758 τῷ
2818 1689 2987 1760 ἑτέρῳ
3013 1687 3364 1754 καθεσθέντες
3396 1691 3443 1743 oi
3488 1690 3631 1760 μετά

2054 1777 2147 1831 τοῦ
2193 1778 2505 1849 Τρύφωνος,
2536 1778 2859 1848 ἐμϐαλόντος
2906 1781 3048 1844 τινὸς
3080 1781 3259 1835 αὑτῶν
3297 1782 3452 1851 λόγον
3496 1782 3632 1855 περὶ

382 1878 652 1943 sedentes,
708 1892 828 1931 cum
873 1890 1064 1931 eorum
1108 1875 1305 1945 aliquis
1356 1875 1423 1929 de
1475 1876 1617 1931 bello
1665 1876 1719 1930 in
1764 1875 1948 1932 Judzea

2050 1869 2141 1923 τοῦ
2190 1870 2332 1924 κατά
2366 1872 2467 1943 τὴν
2513 1871 2768 1927 Ἰουδαίαν
2815 1874 3103 1944 γενομένου
3147 1874 3405 1946 πολέμου,
3452 1874 3636 1928 διελά-

382 1981 536 2042 gesto
568 1970 891 2026 mentionem
926 1968 1228 2037 injecisset,
1263 1967 1740 2040 colloquebantur.

454 2065 543 2120 10.
596 2064 707 2118 Hoc
757 2062 927 2117 solum
979 2062 1188 2131 Trypho
1235 2062 1491 2127 vituperat
1536 2063 1590 2115 in
1637 2062 1956 2119 Christianis

379 2153 517 2220 quod
554 2151 716 2222 legem
766 2167 870 2205 non
912 2153 1202 2204 observent.
1234 2178 1302 2189 —
1344 2148 1634 2219 Postquam
1676 2150 1841 2208 linem
1878 2152 1956 2208 fe-

379 2257 524 2307 cere,
563 2243 634 2296 ita
673 2243 739 2296 ad
764 2257 858 2297 eos
902 2256 1116 2295 rursum
1148 2240 1370 2310 incmpi.
1406 2239 1604 2296 Utrum
1636 2240 1781 2296 aliud
1816 2242 1953 2298 nihil

380 2335 433 2390 in
457 2334 632 2399 nobis,
658 2335 836 2401 amici,
874 2332 1296 2404 reprehenditis,
1331 2332 1438 2387 nisi
1484 2332 1626 2402 quod
1657 2337 1951 2391 secundum

380 2428 552 2499 legem
606 2444 711 2483 non
761 2429 1034 2492 vivamus,
1086 2441 1283 2497 neque,
1342 2435 1402 2481 ut
1455 2426 1695 2496 majores
1752 2430 1948 2497 vestri,

376 2534 542 2574 carne
567 2520 1046 2582 circumcidamur,
1091 2533 1287 2588 neque,
1321 2527 1380 2573 ut
1407 2533 1525 2586 vos,
1566 2518 1791 2574 sabbata
1829 2534 1949 2575 ser-

377 2612 606 2669 vemus?
636 2611 789 2680 111
820 2611 901 2665 An
935 2612 1047 2665 vita
1091 2610 1255 2665 etiam
1291 2620 1348 2664 et
1381 2625 1562 2666 mores
1593 2612 1763 2666 nostri
1793 2611 1951 2667 malis

392 2703 535 2773 apud
568 2717 664 2759 vos
691 2702 1001 2757 rumoribus
1038 2700 1306 2771 ﬂagrant?
1335 2701 1491 2768 Quod
1521 2712 1701 2756 autem
1729 2702 1851 2757 dico
1887 2702 1952 2757 il-

388 2795 479 2850 lud
504 2804 588 2851 est
612 2813 626 2851 :
659 2804 841 2849 utrum
882 2795 1023 2850 hanc
1050 2795 1117 2849 de
1146 2793 1303 2849 nobis
1334 2794 1644 2864 opinionem
1684 2809 1781 2849 vos
1809 2808 1948 2864 quo-

386 2904 495 2959 que
520 2887 827 2958 accepistis,
860 2886 1113 2942 humanis
1140 2902 1236 2943 nos
1266 2886 1411 2941 vesci
1440 2887 1720 2951 carnibus,
1746 2896 1802 2943 et
1828 2897 1949 2956 post

373 2981 614 3051 epulum,
640 2980 930 3035 exstinctis
958 2980 1220 3045 lucernis,
1247 2979 1299 3033 in
1328 2978 1550 3049 ﬂagitiis
1575 2978 1827 3035 nefandis
1854 2995 1951 3036 vo-

374 3074 557 3142 lutari,
584 3088 649 3127 an
685 3072 813 3127 illud
837 3072 1013 3142 ipsum
1041 3071 1098 3125 in
1134 3071 1297 3127 nobis
1336 3071 1515 3126 solum
1554 3071 1952 3137 condenmatis,

373 3168 516 3238 quod
546 3166 809 3236 ejusmodi
856 3164 1230 3220 adhaereamus
1272 3163 1555 3228 doctrinae,
1582 3178 1648 3219 ac
1684 3161 1853 3228 falsae,
1888 3170 1948 3217 ut
1972 3180 2015 3239 ρ

373 3261 528 3315 vobis
556 3258 796 3322 videtur,
834 3255 1079 3327 opinioni
1108 3254 1434 3310 credamus?

441 3351 574 3406 Illud
605 3358 710 3418 est,
729 3349 873 3418 quod
904 3348 1188 3411 miramur,
1217 3346 1392 3415 inquit
1415 3346 1671 3416 Trypho:
1697 3360 1819 3416 quae
1848 3362 1946 3401 au-

371 3455 477 3501 tem
522 3444 774 3498 dictitant
825 3442 1002 3508 multi,
1046 3442 1155 3497 (ide
1203 3441 1367 3511 digna
1423 3456 1529 3495 non
1574 3448 1734 3505 sunt;
1784 3439 1945 3510 longe

368 3537 511 3592 enim
550 3537 847 3591 abhorrent
876 3534 945 3589 ab
993 3535 1228 3588 humana
1269 3540 1494 3599 natura;
1540 3533 1635 3587 sed
1672 3541 1727 3587 et
1759 3542 1941 3587 vestra

370 3628 462 3685 illa
488 3628 541 3681 in
563 3642 646 3693 eo,
672 3628 818 3697 quod
844 3624 1402 3695 Vocatis,‘Evangelio
1438 3632 1706 3693 praecepta
1737 3623 1811 3678 ita
1845 3623 1944 3677 mi-

376 3719 569 3774 rabilia
602 3727 659 3774 et
684 3733 879 3789 magna
908 3732 1031 3772 esse
1054 3717 1194 3782 scio,
1217 3726 1280 3770 ut
1314 3715 1554 3784 suspicio
1580 3714 1651 3769 sit
1673 3714 1942 3768 neminem

369 3828 434 3868 ea
478 3827 637 3880 posse
660 3826 909 3877 servare;
943 3810 1076 3865 mihi
1116 3810 1259 3864 enim
1289 3821 1434 3864 curae
1464 3806 1587 3874 fuit,
1626 3815 1684 3861 ut
1707 3820 1769 3861 ea
1800 3804 1944 3877 lege-

371 3917 509 3957 rem.
562 3902 616 3956 In
664 3918 731 3958 eo
783 3911 961 3956 autem
1011 3900 1356 3971 potissimum
1404 3900 1673 3954 haeremus
1723 3896 1939 3959 incerti,

370 3995 515 4061 quod
561 4009 683 4048 cum
718 4008 817 4049 vos
858 3994 1110 4063 pietatem
1147 3992 1327 4047 colere
1370 3990 1592 4055 dicatis,
1640 3998 1697 4044 et
1727 3989 1944 4047 caeteris

368 4096 634 4154 praestare
684 4086 1047 4149 arbitremini,
1097 4085 1248 4141 nulla
1297 4094 1477 4139 tamen
1527 4084 1582 4138 in
1640 4098 1700 4138 re
1749 4084 1819 4139 ab
1862 4082 1944 4139 eis

368 4178 683 4242 discedatis,
703 4191 803 4233 nec
832 4178 997 4232 vitam
1017 4185 1254 4232 vestram
1286 4191 1316 4230 a
1338 4175 1593 4246 gentibus
1618 4176 1942 4246 segregetis,

369 4278 428 4323 ut
457 4270 549 4341 qui
574 4284 671 4324 nec
696 4270 860 4323 ferias
891 4269 1141 4333 servetis,
1176 4283 1276 4323 nec
1309 4263 1565 4334 sabbata,
1586 4282 1682 4322 nec
1709 4268 1943 4321 circum-

368 4364 629 4418 cisionem
663 4363 944 4430 habeatis;
970 4362 1165 4417 deinde
1186 4362 1347 4416 etiam
1374 4362 1543 4430 quod,
1567 4376 1692 4415 cum
1723 4375 1848 4430 spes
1886 4360 1940 4413 in

2056 1964 2199 2016 λουν.

2125 2055 2209 2109 10.
2249 2053 2336 2120 Ὠς
2369 2054 2425 2108 δὲ
2460 2053 2855 2121 ἀνεπαύσαντο,
2901 2054 3011 2124 ἐγὼ
3048 2055 3218 2121 οὕτως
3248 2058 3431 2122 αὑτοῖς
3464 2058 3630 2113 πάλιν

2052 2140 2333 2214 ἠρξάμηψ
2364 2142 2456 2213 Μὴ
2488 2143 2614 2196 ἀλλο
2638 2142 2690 2195 τί
2714 2146 2860 2196 ἐστιν
2887 2145 2915 2197 ὃ
2944 2146 3319 2218 ἐπιμέμφεσθε
3346 2150 3513 2219 ἡμᾶς,
3541 2152 3629 2205 ἇν-

2052 2233 2175 2304 δρες
2205 2233 2366 2304 φίλοι,
2398 2235 2431 2304 ἢ
2468 2233 2645 2300 τοῦτο,
2690 2237 2771 2289 ὅτι
2797 2236 2856 2288 οὑ
2894 2236 3033 2289 κατὰ
3054 2237 3145 2290 τὸν
3182 2238 3342 2308 νόμον
3379 2239 3628 2309 βιοῦμεν,

2051 2324 2169 2378 οὑδὲ
2191 2325 2392 2395 ὁμοίως
2412 2328 2521 2391 τοῖς
2551 2326 2837 2398 προγόνοις
2868 2327 3020 2397 ὑμῶν
3063 2346 3247 2399 περιτε
3258 2330 3499 2401 μνόμεθα
3527 2332 3633 2403 τὴν

2052 2415 2251 2487 σάρκα,
2286 2416 2407 2469 οὑδὲ
2437 2415 2512 2482 ὡς
2550 2416 2707 2488 ὑμεῖς
2749 2418 3178 2489 σαϐϐατίζομεν;
3210 2406 3287 2474 τΗ
3316 2423 3411 2475 καὶ
3434 2423 3462 2473 ὁ
3509 2422 3628 2492 βίος

2051 2507 2207 2578 ήμῶν
2238 2508 2331 2562 καὶ
2358 2508 2418 2561 τὸ
2449 2503 2579 2579 ἦθος
2618 2508 2964 2581 δίαϐέϐληται
2997 2511 3125 2582 παρ’
3160 2513 3321 2582 ὑμῖν;
3366 2512 3536 2566 Τοῦτο
3579 2514 3630 2566 δ’

2050 2600 2198 2653 ἐστὶν
2219 2600 2247 2653 ὃ
2275 2601 2436 2669 λέγω,
2466 2600 2540 2673 μὴ
2564 2603 2656 2655 καὶ
2683 2603 2841 2673 ὑμεῖς
2866 2604 3264 2658 πεπιστεύκατε
3290 2607 3417 2677 περὶ
3444 2607 3625 2677 ήμῶν,

2050 2691 2130 2743 ὅτι
2163 2690 2227 2762 δὴ
2268 2691 2517 2763 ἐσθίομεν
2548 2691 2887 2764 ἀνθρώπους,
2930 2696 3024 2747 καὶ
3057 2695 3194 2764 μετὰ
3222 2695 3317 2767 τὴν
3344 2695 3627 2767 είλαπίνην

2050 2778 2478 2846 ἀποσϐεννύντες
2510 2781 2635 2847 τοὺς
2664 2780 2910 2852 λύχνους,
2943 2782 3199 2855 ἀθέσμοις
3234 2784 3439 2854 μίξεσιν
3470 2787 3633 2853 ἐγκυ-

2049 2870 2303 2942 λιόμεθα;
2339 2874 2409 2927 Ἦ
2442 2873 2573 2927 αὑτὸ
2604 2874 2761 2929 τοῦτο
2790 2875 3224 2945 καταγινώσκετε
3255 2876 3410 2948 ἡμῶν
3441 2876 3629 2947 μόνον,

2048 2966 2131 3018 ὅτι
2159 2964 2416 3031 τοιούτοις
2446 2967 2787 3039 προσέχομεν
2826 2968 3024 3037 λόγοις,
3058 2968 3152 3023 καὶ
3179 2970 3279 3023 ούκ
3304 2969 3514 3041 ἀληθεῖ,
3546 2970 3627 3035 ὡς

2045 3058 2246 3125 οἴεσθε,
2280 3060 2605 3132 πιστεύομεν
2641 3060 2766 3133 δόξῃ
2791 3079 2808 3127 ;

2115 3328 2270 3383 Τοῦτ’
2297 3329 2441 3385 ἔστιν
2461 3330 2489 3383 ὃ
2513 3326 2883 3403 θαυμάζομεν,
2916 3331 3018 3404 ἔφη
3043 3334 3070 3385 ὁ
3106 3333 3366 3406 Τρύφων⁸
3398 3335 3527 3407 περὶ
3560 3336 3623 3389 δὲ

2045 3412 2119 3475 ὧν
2159 3420 2210 3474 οἱ
2243 3420 2425 3475 πολλοὶ
2468 3422 2738 3491 λέγουσιν,
2783 3424 2844 3475 οὑ
2889 3423 3175 3478 πιστεῦσαι
3221 3424 3395 3491 ἄξιον·
3431 3427 3627 3499 πόρρω

2044 3513 2151 3585 γάρ
2191 3513 2474 3587 κεχώρηκε
2513 3516 2611 3585 τῆς
2655 3515 3001 3587 ἀνθρωπίνης
3053 3517 3286 3585 φύσεως.
3344 3518 3528 3587 ’Υμῶν
3562 3520 3623 3571 δὲ

2044 3605 2139 3659 καλ⁸
2186 3605 2253 3658 τά
2307 3607 2365 3659 ἐν
2394 3604 2471 3675 τῷ
2510 3604 2784 3677 λεγομένῳ
2830 3604 3145 3677 Εὑαγγελίῳ
3187 3608 3625 3679 παραγγέλματα

2045 3695 2331 3767 θαυμαστά
2374 3697 2547 3761 οὕτως
2595 3696 2691 3750 καὶ
2742 3698 2953 3768 μεγάλα
2996 3699 3295 3769 ἐπίσταμαι
3344 3695 3504 3765 εἶναι,
3543 3700 3624 3762 ὡς

2045 3788 2443 3859 ὑπολαμϐάνειν
2478 3789 2677 3860 μηδένα
2706 3790 2963 3844 δύνασθαι
3010 3790 3240 3859 φυλάξαι
3281 3791 3447 3844 αὑτά·
3494 3792 3624 3862 ἐμοὶ

2043 3880 2153 3951 γὰρ
2179 3879 2441 3951 ἐμέλησεν
2472 3882 2709 3950 ἐντυχεῖν
2750 3880 2951 3946 αὑτοῖς.
2993 3882 3201 3935 Ἐκεῖνο
3225 3882 3280 3934 δὲ
3309 3881 3625 3953 ἀποροῦμεν

2047 3974 2299 4047 μάλιστα,
2331 3975 2380 4026 εί
2415 3974 2591 4044 ὑμεῖς,
2626 3974 2867 4026 εὐσεϐεῖν
2894 3973 3159 4043 λέγοντες,
3194 3975 3420 4029 καὶτῶν
3442 3974 3622 4030 ἄλλων

2042 4067 2277 4137 οἰόμενοι
2321 4064 2624 4136 διαφέρειν,
2658 4066 2778 4118 κατ’
2822 4064 2973 4119 οὐδὲν
3012 4066 3189 4119 αὑτῶν
3234 4064 3620 4131 ἀπολείπεσθε,

2042 4158 2161 4211 οὑδὲ
2184 4156 2526 4210 διαλλάσσετε
2565 4156 2672 4208 ἀπὸ
2698 4154 2805 4208 τῶν
2844 4155 3011 4210 ἐθνῶν
3044 4155 3134 4209 τὸν
3174 4157 3438 4227 ὑμέτερον
3479 4156 3619 4227 βίον,

2042 4252 2099 4303 ἐν
2127 4248 2203 4319 τῷ
2238 4251 2372 4320 μήτε
2393 4248 2489 4311 τὰς
2519 4247 2729 4319 ἑορτὰς,
2756 4248 2892 4318 μήτε
2917 4247 2983 4301 τά
3008 4248 3250 4302 σάϐϐατα
3272 4251 3477 4319 τηρεῖν,
3515 4249 3624 4318 μή-

2042 4360 2100 4396 τε
2131 4343 2229 4415 τὴν
2252 4342 2552 4413 περιτομὴν
2581 4340 2752 4411 ἔχειν·
2786 4339 2881 4393 καὶ
2917 4339 2995 4393 ἔτι
3028 4340 3113 4393 ἐπ’
3141 4339 3423 4411 ἄνθρωπον
3457 4356 3623 4393 σταυ-

370 4455 589 4509 homine
622 4454 887 4511 cruciﬁxo
928 4456 1139 4525 positas
1188 4454 1460 4517 habeatis,
1495 4452 1727 4522 speretis
1761 4463 1937 4506 tamen

2050 4435 2286 4507 ρωθέντά
2317 4435 2414 4500 τὰς
2445 4436 2667 4499 ἐλπίδας
2690 4435 3020 4506 ποιούμενοι,
3051 4434 3200 4504 ὅμως
3224 4432 3468 4498 ἐλπίζετε
3496 4434 3623 4487 τεύ-

371 4546 573 4615 aliquid
618 4546 745 4602 boni
789 4562 818 4601 a
865 4547 975 4601 Deo
1021 4555 1439 4610 consecuturos,
1482 4561 1590 4601 non
1632 4544 1936 4600 observatis

2050 4528 2224 4597 Ξεσθαι
2264 4527 2464 4597 ἀγαθοῦ
2499 4545 2642 4593 τινος
2690 4528 2839 4599 παρά
2881 4526 2975 4580 τοῦ
3013 4524 3168 4585 Θεοῦ,
3216 4526 3289 4596 μὴ
3338 4525 3623 4591 ποιοῦντες

368 4637 485 4706 ejus
530 4638 821 4693 mandatis.
854 4639 937 4693 An
973 4654 1078 4693 non
1116 4637 1296 4709 legisti
1331 4638 1563 4693 deletum
1596 4638 1662 4692 iri
1702 4638 1937 4692 animam

368 4733 520 4787 illam
548 4745 615 4784 ex
647 4745 846 4800 genere
881 4746 1000 4797 suo,
1042 4745 1161 4800 quae
1192 4746 1299 4786 non
1330 4729 1758 4786 circumcidetur
1788 4740 1940 4785 octa-

367 4839 436 4878 vo
459 4823 586 4878 die?
607 4821 759 4889 Quod
782 4822 999 4893 quidem
1029 4823 1234 4892 pariter
1264 4831 1319 4876 et
1350 4822 1416 4876 de
1446 4821 1772 4892 alienigenis
1800 4830 1854 4877 et
1877 4823 1943 4878 de

368 4916 546 4987 pretio
565 4916 763 4985 emptis
784 4916 1051 4971 sancitum
1069 4924 1173 4971 est.
1201 4912 1316 4969 Hoc
1351 4913 1516 4981 igitur
1553 4922 1938 4968 testamentum

368 5011 553 5064 statim
582 5019 1015 5074 contemnentes,
1042 5009 1206 5063 etiam
1232 5022 1352 5077 quas
1366 5015 1773 5075 consequuntur
1806 5003 1939 5060 ﬂoc-

367 5098 625 5164 cilacitis,
651 5114 715 5151 ac
738 5097 894 5153 nobis
921 5097 1251 5168 persuadere
1278 5092 1554 5148 conanimi
1590 5092 1755 5147 Deum
1786 5092 1941 5148 vobis

437 5274 517 5347 (6)
569 5277 864 5331 Ἀνύσειν.
899 5273 1211 5344 Legendum
1238 5285 1362 5328 esse
1390 5270 1610 5347 ἀνήσειν
1644 5268 1865 5347 Langns‘
1885 5276 1941 5322 et

369 5338 696 5417 Sylh'urgius
718 5338 1243 5417 animadvérterunt,
1282 5344 1429 5417 quod
1467 5338 1681 5417 quidem
1728 5338 1939 5417 (acilius

371 5409 540 5487 multo
575 5409 630 5470 Et
653 5420 853 5487 aptius,
890 5430 1055 5483 quam
1084 5416 1126 5470 si
1155 5423 1275 5481 post
1298 5411 1517 5487 ἀνύσειν
1537 5409 1936 5487 subaudiamus

362 5486 442 5546 τι,
471 5497 528 5539 ιιι
556 5479 703 5541 idem
731 5479 1050 5609 Sylbuliigius
1094 5479 1364 5565 proponit,
1406 5491 1499 5536 aut
1534 5480 1774 5549 legamus
1805 5479 1938 5530 ἀπο-

366 5554 567 5609 νύσειν.
605 5568 664 5609 ιιι
696 5558 871 5609 nlacet
956 5555 1177 5609 lnirlbto.

366 5554 567 5626 νύσξιν.
605 5568 664 5626 ιιι
696 5554 871 5626 placet
904 5554 1177 5626 Tltirlbio.

442 5624 520 5697 (:1)
557 5625 677 5680 Τῶν
691 5618 912 5682 ἔπειτα.
956 5625 1316 5697 Nonaateruze
1348 5623 1480 5693 legis
1504 5618 1935 5697 observationem

372 5693 425 5764 in
455 5689 782 5751 Christianis
810 5698 1036 5764 requirit
1070 5695 1317 5757 Jutlwus;
1355 5689 1477 5746 "5'"
1523 5704 1686 5758 5"?”
1718 5689 1934 5764 ί¹¹⁰¹ζ¹¹¹¹¹

371 5763 425 5816 in
459 5765 560 5819 hoc
589 5782 788 5835 genere
821 5758 1125 5822 doctrinam
1170 5764 1548 5835 admirabilem
1577 5758 1935 5835 esse_confes-

372 5848 466 5889 sus
497 5829 621 5904 est;
642 5839 734 5891 sed
759 5835 1022 5903 ejusmodi
1051 5844 1315 5905 prmcepta
1336 5834 1403 5888 ab
1434 5833 1540 5887 illis
1574 5829 1771 5901 negligi
1802 5844 1929 5899 que-

2039 4622 2201 4679 αὑτοῦ
2230 4624 2328 4687 τὰς
2357 4620 2593 4685 ἐντολάς.
2626 4622 2697 4675 Ἦ
2727 4621 2827 4673 οὑκ
2859 4620 3097 4687 ἀνέγνως
3121 4619 3200 4671 ὅτι
3235 4616 3623 4690 ἐξολοθρευθή-

2042 4734 2191 4770 σεται
2224 4718 2257 4787 ή
2298 4715 2443 4786 ψυχὴ
2490 4714 2673 4786 ἐκείνη
2714 4715 2779 4768 ἐκ
2822 4712 2912 4767 τοῦ
2948 4712 3137 4780 γένους
3175 4711 3365 4781 αὐτῆς,
3409 4711 3531 4781 ἥτις
3552 4712 3618 4763 οὑ

2040 4809 2511 4881 περιτμηθήσεται
2554 4810 2621 4877 τῇ
2672 4806 2835 4877 ὀγδόῃ
2887 4803 3103 4875 ἡμέρᾳ;
3151 4802 3380 4873 Ὁμοίως
3419 4802 3475 4855 δὲ
3520 4802 3620 4855 καὶ

2040 4899 2167 4972 περὶ
2216 4898 2320 4952 τῶν
2369 4895 2691 4965 ἀλλογενῶν,
2735 4897 2830 4951 καὶ
2878 4895 3006 4968 περὶ
3059 4893 3165 4948 τῶν
3205 4894 3620 4965 ἀργυρωνήτων

2037 4991 2359 5046 διέσταλται.
2392 4990 2606 5062 Ταύτης
2649 4984 2741 5043 οὖν
2768 4988 2867 5060 τῆς
2908 4987 3169 5059 διαθήκης
3202 4984 3404 5046 εὐθέως
3442 4999 3617 5035 κατα-

2040 5084 2404 5157 φρονήσαντες
2431 5082 2608 5153 ὑμεῖς,
2636 5080 2885 5152 ἀμελεῖτε
2909 5078 3131 5134 καὶτῶν
3167 5078 3358 5131 ἔπειτα
3389 5073 3485 5147 (7),
3516 5073 3617 5127 καὶ

2040 5262 2203 5321 ritur,
2226 5274 2347 5329 quae
2381 5273 2446 5312 ex
2480 5256 2913 5329 circumcisione
2932 5253 3433 5329 consequebantur.
3458 5248 3611 5329 illud

2039 5322 2404 5403 eb0_ém;_'idem
2440 5329 2654 5403 videtur
2681 5342 2879 5383 sonare
2902 5328 3007 5403 hoc
3038 5322 3159 5379 loco
3199 5341 3264 5377 ac
3290 5341 3320 5403 «_
3344 5322 3551 5403 statim,
3588 5341 3608 5373 ι

2040 5412 2097 5455 ιιι
2127 5391 2413 5455 Perionius
2456 5411 2509 5452 et
2554 5399 2772 5468 Langus
2821 5397 3190 5459 reddiderunt,
3238 5393 3321 5468 vel
3357 5391 3500 5468 idem
3546 5406 3613 5468 ac

2044 5491 2062 5522 ι
2102 5471 2372 5539 protinus.
2439 5489 2459 5522 ι
2520 5461 2767 5523 Habebat
2812 5464 3351 5539 enim__circumci_sio
3388 5461 3611 5539 aliquid

2040 5531 2277 5604 molesti,
2306 5541 2450 5609 quod
2478 5540 2661 5595 statim
2685 5539 2898 5609 animos
2924 5536 3212 5609 alienabat.
3232 5531 3614 5609 poclissiinus

2038 5599 2405 5680 Lottdinettsis
2430 5611 2605 5680 editor
2632 5608 3105 5680 legendumprimo
3127 5603 3347 5680 conjicit
3372 5599 3609 5680 εὐήθως,

2040 5683 2122 5735 vel
2156 5679 2356 5743 εὐθέως
2382 5679 2664 5751 ἀμελεῖτες
2687 5671 2883 5731 deinde
2909 5671 3011 5751 llas
3031 5676 3378 5751 conjecturas
3404 5671 3611 5739 rejicit,

2037 5762 2095 5805 et
2132 5752 2297 5805 aliam
2348 5745 2625 5822 proponit,
2676 5762 2871 5817 nempe
2926 5745 3129 5807 εὐθέως
3182 5745 3322 5797 idem
3370 5755 3492 5795 esse
3543 5756 3611 5795 ac

2043 5843 2061 5875 1
2092 5834 2311 5878 temere.
2349 5839 2369 5875 ι
