  <div class='ocr_page' id='page_1' title='image "/cluster/home/n/w/nwhite01/storage/ocr_20150623/6/mdp.39015004289917/260.png"; bbox 0 0 4006 6254; ppageno 0'>
   <div class='ocr_carea' id='block_1_1' title="bbox 374 392 470 448">
    <p class='ocr_par' dir='ltr' id='par_1_1' title="bbox 374 392 470 448">
     <span class='ocr_line' id='line_1_1' title="bbox 374 392 470 448; baseline -0.021 0"><span class='ocrx_word' id='word_1_1' title='bbox 374 392 470 448; x_wconf 63' lang='grc'><strong>897</strong></span> 
     </span>
    </p>
   </div>
   <div class='ocr_carea' id='block_1_2' title="bbox 1382 396 2612 477">
    <p class='ocr_par' dir='ltr' id='par_1_2' title="bbox 1382 396 2612 477">
     <span class='ocr_line' id='line_1_2' title="bbox 1382 396 2612 477; baseline 0 -22"><span class='ocrx_word' id='word_1_2' title='bbox 1382 399 1729 457; x_wconf 75' lang='lat' dir='ltr'><strong>DlALOGUS</strong></span> <span class='ocrx_word' id='word_1_3' title='bbox 1762 399 1906 457; x_wconf 77' lang='lat' dir='ltr'><strong>CUM</strong></span> <span class='ocrx_word' id='word_1_4' title='bbox 1942 396 2315 455; x_wconf 75' lang='lat' dir='ltr'><strong>TRYPHONE</strong></span> <span class='ocrx_word' id='word_1_5' title='bbox 2351 397 2612 477; x_wconf 60' lang='lat' dir='ltr'><strong>JUDIEO.</strong></span> 
     </span>
    </p>
   </div>
   <div class='ocr_carea' id='block_1_3' title="bbox 3532 392 3637 445">
    <p class='ocr_par' dir='ltr' id='par_1_3' title="bbox 3532 392 3637 445">
     <span class='ocr_line' id='line_1_3' title="bbox 3532 392 3637 445; baseline 0 0"><span class='ocrx_word' id='word_1_6' title='bbox 3532 392 3637 445; x_wconf 63' lang='lat'><strong>493</strong></span> 
     </span>
    </p>
   </div>
   <div class='ocr_carea' id='block_1_4' title="bbox 377 507 1944 599">
    <p class='ocr_par' dir='ltr' id='par_1_4' title="bbox 377 507 1944 599">
     <span class='ocr_line' id='line_1_4' title="bbox 377 507 1944 599; baseline 0.005 -37"><span class='ocrx_word' id='word_1_7' title='bbox 377 507 574 562; x_wconf 74' lang='grc' dir='ltr'>πείθειν</span> <span class='ocrx_word' id='word_1_8' title='bbox 630 508 779 578; x_wconf 67' lang='grc' dir='ltr'>ἡμᾶς</span> <span class='ocrx_word' id='word_1_9' title='bbox 820 508 1172 599; x_wconf 51' lang='grc' dir='ltr'>ὲξιχειρεῖτε</span> <span class='ocrx_word' id='word_1_10' title='bbox 1211 516 1285 579; x_wconf 83' lang='grc' dir='ltr'>ὡς</span> <span class='ocrx_word' id='word_1_11' title='bbox 1314 515 1513 580; x_wconf 77' lang='grc' dir='ltr'>εἰδότες</span> <span class='ocrx_word' id='word_1_12' title='bbox 1540 516 1631 569; x_wconf 86' lang='grc' dir='ltr'><strong>τὸν</strong></span> <span class='ocrx_word' id='word_1_13' title='bbox 1672 516 1825 578; x_wconf 84' lang='grc' dir='ltr'><strong>Θεὸν,</strong></span> <span class='ocrx_word' id='word_1_14' title='bbox 1858 532 1944 586; x_wconf 79' lang='grc' dir='ltr'><strong>μη</strong></span> 
     </span>
    </p>
   </div>
   <div class='ocr_carea' id='block_1_5' title="bbox 2043 507 3637 599">
    <p class='ocr_par' dir='ltr' id='par_1_5' title="bbox 2043 510 3637 581">
     <span class='ocr_line' id='line_1_5' title="bbox 2043 510 3637 581; baseline -0.004 -10"><span class='ocrx_word' id='word_1_15' title='bbox 2043 524 2261 577; x_wconf 81' lang='lat' dir='ltr'><strong>notum</strong></span> <span class='ocrx_word' id='word_1_16' title='bbox 2310 529 2450 579; x_wconf 90' lang='lat' dir='ltr'><strong>esse,</strong></span> <span class='ocrx_word' id='word_1_17' title='bbox 2487 529 2610 569; x_wconf 91' lang='lat' dir='ltr'><strong>cum</strong></span> <span class='ocrx_word' id='word_1_18' title='bbox 2642 511 2776 567; x_wconf 84' lang='lat' dir='ltr'><strong>nihil</strong></span> <span class='ocrx_word' id='word_1_19' title='bbox 2813 526 3000 568; x_wconf 89' lang='lat' dir='ltr'><strong>eorum</strong></span> <span class='ocrx_word' id='word_1_20' title='bbox 3042 510 3280 578; x_wconf 74' lang='lat' dir='ltr'><strong>faciatis,</strong></span> <span class='ocrx_word' id='word_1_21' title='bbox 3318 510 3436 581; x_wconf 70' lang='lat' dir='ltr'><strong>qua:</strong></span> <span class='ocrx_word' id='word_1_22' title='bbox 3462 511 3637 567; x_wconf 86' lang='lat' dir='ltr'><strong>solent</strong></span> 
     </span>
    </p>
   </div>
   <div class='ocr_carea' id='block_1_6' title="bbox 374 594 1944 677">
    <p class='ocr_par' dir='ltr' id='par_1_6' title="bbox 374 594 1944 677">
     <span class='ocr_line' id='line_1_6' title="bbox 374 594 1944 677; baseline 0.004 -23"><span class='ocrx_word' id='word_1_23' title='bbox 374 602 460 654; x_wconf 67' lang='grc' dir='ltr'>διν</span> <span class='ocrx_word' id='word_1_24' title='bbox 482 600 818 670; x_wconf 68' lang='grc' dir='ltr'><strong>πράσσοντες</strong></span> <span class='ocrx_word' id='word_1_25' title='bbox 856 594 939 656; x_wconf 76' lang='grc' dir='ltr'>ὧν</span> <span class='ocrx_word' id='word_1_26' title='bbox 984 605 1037 657; x_wconf 78' lang='grc' dir='ltr'>οἱ</span> <span class='ocrx_word' id='word_1_27' title='bbox 1091 606 1416 677; x_wconf 79' lang='grc' dir='ltr'>φοὸούμενοι</span> <span class='ocrx_word' id='word_1_28' title='bbox 1459 607 1551 661; x_wconf 89' lang='grc' dir='ltr'><strong>τὸν</strong></span> <span class='ocrx_word' id='word_1_29' title='bbox 1583 607 1738 662; x_wconf 90' lang='grc' dir='ltr'>Θεόν.</span> <span class='ocrx_word' id='word_1_30' title='bbox 1790 602 1944 660; x_wconf 70' lang='grc' dir='ltr'><strong>Είοῦε</strong></span> 
     </span>
    </p>
   </div>
   <div class='ocr_carea' id='block_1_7' title="bbox 2043 594 3635 677">
    <p class='ocr_par' dir='ltr' id='par_1_7' title="bbox 2068 596 3635 674">
     <span class='ocr_line' id='line_1_7' title="bbox 2068 596 3635 674; baseline 0.002 -15"><span class='ocrx_word' id='word_1_31' title='bbox 2068 604 2107 661; x_wconf 89' lang='lat' dir='ltr'><strong>ii</strong></span> <span class='ocrx_word' id='word_1_32' title='bbox 2141 605 2233 674; x_wconf 86' lang='lat' dir='ltr'><strong>qui</strong></span> <span class='ocrx_word' id='word_1_33' title='bbox 2282 604 2448 659; x_wconf 82' lang='lat' dir='ltr'><strong>Deum</strong></span> <span class='ocrx_word' id='word_1_34' title='bbox 2492 604 2705 659; x_wconf 91' lang='lat' dir='ltr'><strong>timent.</strong></span> <span class='ocrx_word' id='word_1_35' title='bbox 2753 603 2812 658; x_wconf 81' lang='lat' dir='ltr'><strong>Si</strong></span> <span class='ocrx_word' id='word_1_36' title='bbox 2859 613 3012 673; x_wconf 85' lang='lat' dir='ltr'><strong>potes</strong></span> <span class='ocrx_word' id='word_1_37' title='bbox 3050 604 3221 674; x_wconf 92' lang='lat' dir='ltr'><strong>igitur</strong></span> <span class='ocrx_word' id='word_1_38' title='bbox 3258 604 3341 660; x_wconf 90' lang='lat' dir='ltr'><strong>his</strong></span> <span class='ocrx_word' id='word_1_39' title='bbox 3380 605 3447 661; x_wconf 89' lang='lat' dir='ltr'><strong>de</strong></span> <span class='ocrx_word' id='word_1_40' title='bbox 3474 596 3635 663; x_wconf 86' lang='lat' dir='ltr'><strong>rebus</strong></span> 
     </span>
    </p>
   </div>
   <div class='ocr_carea' id='block_1_8' title="bbox 376 692 1965 768">
    <p class='ocr_par' dir='ltr' id='par_1_8' title="bbox 376 692 1965 768">
     <span class='ocr_line' id='line_1_8' title="bbox 376 692 1965 768; baseline 0.007 -26"><span class='ocrx_word' id='word_1_41' title='bbox 376 692 511 761; x_wconf 69' lang='grc' dir='ltr'>ἔχεις</span> <span class='ocrx_word' id='word_1_42' title='bbox 543 692 679 761; x_wconf 82' lang='grc' dir='ltr'>πρὸς</span> <span class='ocrx_word' id='word_1_43' title='bbox 711 692 890 746; x_wconf 76' lang='grc' dir='ltr'>ταῦτα</span> <span class='ocrx_word' id='word_1_44' title='bbox 916 695 1390 768; x_wconf 85' lang='grc' dir='ltr'>ἀπολογήσασθαι,</span> <span class='ocrx_word' id='word_1_45' title='bbox 1409 698 1505 753; x_wconf 75' lang='grc' dir='ltr'>καὶ</span> <span class='ocrx_word' id='word_1_46' title='bbox 1531 698 1793 765; x_wconf 74' lang='grc' dir='ltr'>ἐπιδεῖξαι</span> <span class='ocrx_word' id='word_1_47' title='bbox 1812 692 1965 768; x_wconf 82' lang='grc' dir='ltr'><strong>ᾧτινι</strong></span> 
     </span>
    </p>
   </div>
   <div class='ocr_carea' id='block_1_9' title="bbox 376 784 1968 864">
    <p class='ocr_par' dir='ltr' id='par_1_9' title="bbox 376 784 1968 864">
     <span class='ocr_line' id='line_1_9' title="bbox 376 784 1968 864; baseline 0.008 -30"><span class='ocrx_word' id='word_1_48' title='bbox 376 784 552 853; x_wconf 76' lang='grc' dir='ltr'>τρόπῳ</span> <span class='ocrx_word' id='word_1_49' title='bbox 584 784 841 850; x_wconf 71' lang='grc' dir='ltr'>ἐλπίζετε</span> <span class='ocrx_word' id='word_1_50' title='bbox 877 788 1085 855; x_wconf 78' lang='grc' dir='ltr'><strong>ὁτιοῦν,</strong></span> <span class='ocrx_word' id='word_1_51' title='bbox 1128 791 1230 845; x_wconf 80' lang='grc' dir='ltr'>κᾶν</span> <span class='ocrx_word' id='word_1_52' title='bbox 1275 791 1347 864; x_wconf 81' lang='grc' dir='ltr'><strong>μή</strong></span> <span class='ocrx_word' id='word_1_53' title='bbox 1380 792 1740 862; x_wconf 80' lang='grc' dir='ltr'><strong>φυλάσσοντες</strong></span> <span class='ocrx_word' id='word_1_54' title='bbox 1770 793 1861 846; x_wconf 91' lang='grc' dir='ltr'><strong>τὸν</strong></span> <span class='ocrx_word' id='word_1_55' title='bbox 1888 793 1968 847; x_wconf 93' lang='grc' dir='ltr'>νό-</span> 
     </span>
    </p>
   </div>
   <div class='ocr_carea' id='block_1_10' title="bbox 379 877 1965 956">
    <p class='ocr_par' dir='ltr' id='par_1_10' title="bbox 379 877 1965 956">
     <span class='ocr_line' id='line_1_10' title="bbox 379 877 1965 956; baseline 0.004 -25"><span class='ocrx_word' id='word_1_56' title='bbox 379 893 491 944; x_wconf 82' lang='grc' dir='ltr'>μον,</span> <span class='ocrx_word' id='word_1_57' title='bbox 530 877 691 931; x_wconf 76' lang='grc' dir='ltr'>τοῦτό</span> <span class='ocrx_word' id='word_1_58' title='bbox 735 897 831 933; x_wconf 84' lang='grc' dir='ltr'><strong>σου</strong></span> <span class='ocrx_word' id='word_1_59' title='bbox 865 880 1044 953; x_wconf 78' lang='grc' dir='ltr'>ἡδέως</span> <span class='ocrx_word' id='word_1_60' title='bbox 1095 884 1430 955; x_wconf 83' lang='grc' dir='ltr'><strong>ἀκούσαιμεν</strong></span> <span class='ocrx_word' id='word_1_61' title='bbox 1463 883 1719 956; x_wconf 83' lang='grc' dir='ltr'>μάλιστα,</span> <span class='ocrx_word' id='word_1_62' title='bbox 1758 883 1855 939; x_wconf 75' lang='grc' dir='ltr'>καὶ</span> <span class='ocrx_word' id='word_1_63' title='bbox 1894 883 1965 938; x_wconf 89' lang='grc' dir='ltr'><strong>τά</strong></span> 
     </span>
    </p>
   </div>
   <div class='ocr_carea' id='block_1_11' title="bbox 373 964 1398 1046">
    <p class='ocr_par' dir='ltr' id='par_1_11' title="bbox 373 964 1398 1046">
     <span class='ocr_line' id='line_1_11' title="bbox 373 964 1398 1046; baseline 0.008 -27"><span class='ocrx_word' id='word_1_64' title='bbox 373 964 503 1020; x_wconf 76' lang='grc' dir='ltr'>ἀλλα</span> <span class='ocrx_word' id='word_1_65' title='bbox 521 967 580 1020; x_wconf 75' lang='grc' dir='ltr'>δὲ</span> <span class='ocrx_word' id='word_1_66' title='bbox 600 970 809 1040; x_wconf 74' lang='grc' dir='ltr'>ὁμοίως</span> <span class='ocrx_word' id='word_1_67' title='bbox 836 972 1282 1045; x_wconf 81' lang='grc' dir='ltr'>συνεξετάσωμεν</span> <span class='ocrx_word' id='word_1_68' title='bbox 1304 974 1398 1046; x_wconf 87' lang='grc'>(8,).</span> 
     </span>
    </p>
   </div>
   <div class='ocr_carea' id='block_1_12' title="bbox 445 1059 1963 1141">
    <p class='ocr_par' dir='ltr' id='par_1_12' title="bbox 445 1059 1963 1141">
     <span class='ocr_line' id='line_1_12' title="bbox 445 1059 1963 1141; baseline 0.006 -29"><span class='ocrx_word' id='word_1_69' title='bbox 445 1059 531 1113; x_wconf 78' lang='grc' dir='ltr'>Η.</span> <span class='ocrx_word' id='word_1_70' title='bbox 556 1059 701 1114; x_wconf 68' lang='grc' dir='ltr'>Οὔτε</span> <span class='ocrx_word' id='word_1_71' title='bbox 730 1063 886 1118; x_wconf 78' lang='grc' dir='ltr'>ἔσται</span> <span class='ocrx_word' id='word_1_72' title='bbox 918 1066 1053 1119; x_wconf 84' lang='grc' dir='ltr'>ποτὲ</span> <span class='ocrx_word' id='word_1_73' title='bbox 1084 1065 1242 1131; x_wconf 85' lang='grc' dir='ltr'>ἀλλος</span> <span class='ocrx_word' id='word_1_74' title='bbox 1266 1067 1397 1132; x_wconf 86' lang='grc' dir='ltr'><strong>Θεὸς</strong></span> <span class='ocrx_word' id='word_1_75' title='bbox 1416 1109 1429 1133; x_wconf 92' lang='grc'><strong>,</strong></span> <span class='ocrx_word' id='word_1_76' title='bbox 1462 1061 1507 1125; x_wconf 79' lang='grc' dir='ltr'><strong>ὦ</strong></span> <span class='ocrx_word' id='word_1_77' title='bbox 1552 1066 1806 1141; x_wconf 81' lang='grc' dir='ltr'>Τρύφων,</span> <span class='ocrx_word' id='word_1_78' title='bbox 1839 1067 1963 1122; x_wconf 73' lang='grc' dir='ltr'>οὔτε</span> 
     </span>
    </p>
   </div>
   <div class='ocr_carea' id='block_1_13' title="bbox 370 1146 1961 1232">
    <p class='ocr_par' dir='ltr' id='par_1_13' title="bbox 370 1146 1961 1232">
     <span class='ocr_line' id='line_1_13' title="bbox 370 1146 1961 1232; baseline -0.006 -10"><span class='ocrx_word' id='word_1_79' title='bbox 370 1146 437 1222; x_wconf 67' lang='grc' dir='ltr'><strong>ἦν</strong></span> <span class='ocrx_word' id='word_1_80' title='bbox 480 1153 577 1205; x_wconf 67' lang='grc' dir='ltr'><strong>ἀπ’</strong></span> <span class='ocrx_word' id='word_1_81' title='bbox 614 1154 818 1220; x_wconf 72' lang='grc' dir='ltr'>αἰῶνος</span> <span class='ocrx_word' id='word_1_82' title='bbox 862 1157 998 1228; x_wconf 79' lang='grc' dir='ltr'>(ἐγὼ</span> <span class='ocrx_word' id='word_1_83' title='bbox 1043 1158 1217 1224; x_wconf 81' lang='grc' dir='ltr'>οὕτως</span> <span class='ocrx_word' id='word_1_84' title='bbox 1259 1161 1395 1231; x_wconf 90' lang='grc' dir='ltr'>πρὸς</span> <span class='ocrx_word' id='word_1_85' title='bbox 1440 1160 1647 1232; x_wconf 76' lang='grc' dir='ltr'>αὐτόν),</span> <span class='ocrx_word' id='word_1_86' title='bbox 1683 1160 1822 1232; x_wconf 80' lang='grc' dir='ltr'>πλὴν</span> <span class='ocrx_word' id='word_1_87' title='bbox 1869 1159 1961 1214; x_wconf 81' lang='grc' dir='ltr'><strong>τοῦ</strong></span> 
     </span>
    </p>
   </div>
   <div class='ocr_carea' id='block_1_14' title="bbox 372 1244 1962 1315">
    <p class='ocr_par' dir='ltr' id='par_1_14' title="bbox 372 1244 1962 1315">
     <span class='ocr_line' id='line_1_14' title="bbox 372 1244 1962 1315; baseline 0.008 -21"><span class='ocrx_word' id='word_1_88' title='bbox 372 1244 704 1313; x_wconf 77' lang='grc' dir='ltr'>ποιήσαντος</span> <span class='ocrx_word' id='word_1_89' title='bbox 730 1247 829 1299; x_wconf 73' lang='grc' dir='ltr'>καὶ</span> <span class='ocrx_word' id='word_1_90' title='bbox 846 1249 1200 1315; x_wconf 78' lang='grc' dir='ltr'>διατάξαντος</span> <span class='ocrx_word' id='word_1_91' title='bbox 1232 1253 1350 1305; x_wconf 91' lang='grc' dir='ltr'>τόδε</span> <span class='ocrx_word' id='word_1_92' title='bbox 1390 1253 1450 1306; x_wconf 92' lang='grc' dir='ltr'><strong>τὸ</strong></span> <span class='ocrx_word' id='word_1_93' title='bbox 1479 1254 1607 1308; x_wconf 82' lang='grc' dir='ltr'>πᾶν.</span> <span class='ocrx_word' id='word_1_94' title='bbox 1644 1252 1779 1306; x_wconf 81' lang='grc' dir='ltr'><strong>Οὐδὲ</strong></span> <span class='ocrx_word' id='word_1_95' title='bbox 1805 1253 1962 1307; x_wconf 86' lang='grc' dir='ltr'>ἀλλον</span> 
     </span>
    </p>
   </div>
   <div class='ocr_carea' id='block_1_15' title="bbox 374 1337 1961 1415">
    <p class='ocr_par' dir='ltr' id='par_1_15' title="bbox 374 1337 1961 1415">
     <span class='ocr_line' id='line_1_15' title="bbox 374 1337 1961 1415; baseline 0.006 -26"><span class='ocrx_word' id='word_1_96' title='bbox 374 1337 469 1405; x_wconf 83' lang='grc' dir='ltr'>μὲν</span> <span class='ocrx_word' id='word_1_97' title='bbox 496 1337 683 1407; x_wconf 76' lang='grc' dir='ltr'>ήμῶν,</span> <span class='ocrx_word' id='word_1_98' title='bbox 718 1338 879 1393; x_wconf 83' lang='grc' dir='ltr'>ἀλλον</span> <span class='ocrx_word' id='word_1_99' title='bbox 906 1340 963 1393; x_wconf 85' lang='grc' dir='ltr'>δὲ</span> <span class='ocrx_word' id='word_1_100' title='bbox 989 1342 1145 1413; x_wconf 83' lang='grc' dir='ltr'>ὑμῶν</span> <span class='ocrx_word' id='word_1_101' title='bbox 1172 1344 1451 1415; x_wconf 79' lang='grc' dir='ltr'><strong>ἡγούμεθα</strong></span> <span class='ocrx_word' id='word_1_102' title='bbox 1475 1344 1627 1411; x_wconf 85' lang='grc' dir='ltr'>Θεὸν,</span> <span class='ocrx_word' id='word_1_103' title='bbox 1652 1345 1767 1401; x_wconf 85' lang='grc' dir='ltr'>ἀλλ’</span> <span class='ocrx_word' id='word_1_104' title='bbox 1800 1346 1961 1400; x_wconf 82' lang='grc' dir='ltr'>αὑτὸν</span> 
     </span>
    </p>
   </div>
   <div class='ocr_carea' id='block_1_16' title="bbox 366 1427 1959 1509">
    <p class='ocr_par' dir='ltr' id='par_1_16' title="bbox 366 1427 1959 1509">
     <span class='ocr_line' id='line_1_16' title="bbox 366 1427 1959 1509; baseline 0.012 -33"><span class='ocrx_word' id='word_1_105' title='bbox 366 1427 575 1479; x_wconf 72' lang='grc' dir='ltr'>ἐκεῖνον</span> <span class='ocrx_word' id='word_1_106' title='bbox 616 1428 715 1480; x_wconf 83' lang='grc' dir='ltr'><strong>τὸν</strong></span> <span class='ocrx_word' id='word_1_107' title='bbox 741 1427 1085 1498; x_wconf 78' lang='grc' dir='ltr'><strong>ἐξαγαγόντα</strong></span> <span class='ocrx_word' id='word_1_108' title='bbox 1111 1435 1236 1497; x_wconf 83' lang='grc' dir='ltr'>τοὺς</span> <span class='ocrx_word' id='word_1_109' title='bbox 1278 1436 1517 1509; x_wconf 84' lang='grc' dir='ltr'>πατέρας</span> <span class='ocrx_word' id='word_1_110' title='bbox 1557 1436 1711 1507; x_wconf 82' lang='grc' dir='ltr'>ὑμῶν</span> <span class='ocrx_word' id='word_1_111' title='bbox 1745 1440 1810 1491; x_wconf 83' lang='grc' dir='ltr'>ἐκ</span> <span class='ocrx_word' id='word_1_112' title='bbox 1856 1440 1959 1509; x_wconf 86' lang='grc' dir='ltr'>γῆς</span> 
     </span>
    </p>
   </div>
   <div class='ocr_carea' id='block_1_17' title="bbox 367 1518 1958 1599">
    <p class='ocr_par' dir='ltr' id='par_1_17' title="bbox 367 1518 1958 1599">
     <span class='ocr_line' id='line_1_17' title="bbox 367 1518 1958 1599; baseline 0.009 -30"><span class='ocrx_word' id='word_1_113' title='bbox 367 1518 650 1586; x_wconf 74' lang='grc' dir='ltr'><strong>Αἰγύπτου</strong></span> <span class='ocrx_word' id='word_1_114' title='bbox 692 1522 753 1573; x_wconf 85' lang='grc' dir='ltr'>ὲν</span> <span class='ocrx_word' id='word_1_115' title='bbox 774 1522 923 1592; x_wconf 72' lang='grc' dir='ltr'>χειρὶ</span> <span class='ocrx_word' id='word_1_116' title='bbox 952 1526 1190 1596; x_wconf 81' lang='grc' dir='ltr'>κραταιᾷ</span> <span class='ocrx_word' id='word_1_117' title='bbox 1211 1525 1305 1579; x_wconf 72' lang='grc' dir='ltr'>καὶ</span> <span class='ocrx_word' id='word_1_118' title='bbox 1328 1525 1571 1597; x_wconf 79' lang='grc' dir='ltr'>βραχίονι</span> <span class='ocrx_word' id='word_1_119' title='bbox 1599 1527 1806 1599; x_wconf 77' lang='grc' dir='ltr'>ὑψηλῷ.</span> <span class='ocrx_word' id='word_1_120' title='bbox 1834 1530 1958 1583; x_wconf 83' lang='grc' dir='ltr'>Οὐδ’</span> 
     </span>
    </p>
   </div>
   <div class='ocr_carea' id='block_1_18' title="bbox 366 1612 1958 1692">
    <p class='ocr_par' dir='ltr' id='par_1_18' title="bbox 366 1612 1958 1692">
     <span class='ocr_line' id='line_1_18' title="bbox 366 1612 1958 1692; baseline 0.008 -28"><span class='ocrx_word' id='word_1_121' title='bbox 366 1613 447 1675; x_wconf 71' lang='grc' dir='ltr'>εἰς</span> <span class='ocrx_word' id='word_1_122' title='bbox 477 1612 641 1667; x_wconf 81' lang='grc' dir='ltr'>ἀλλον</span> <span class='ocrx_word' id='word_1_123' title='bbox 676 1614 803 1668; x_wconf 77' lang='grc' dir='ltr'>τινὰ</span> <span class='ocrx_word' id='word_1_124' title='bbox 847 1616 1161 1688; x_wconf 77' lang='grc' dir='ltr'>ἠλπίκαμεν</span> <span class='ocrx_word' id='word_1_125' title='bbox 1204 1617 1285 1689; x_wconf 73' lang='grc' dir='ltr'><strong>(οὗ</strong></span> <span class='ocrx_word' id='word_1_126' title='bbox 1328 1621 1435 1692; x_wconf 87' lang='grc' dir='ltr'>γάρ</span> <span class='ocrx_word' id='word_1_127' title='bbox 1475 1621 1666 1690; x_wconf 80' lang='grc' dir='ltr'>ἐστιν),</span> <span class='ocrx_word' id='word_1_128' title='bbox 1721 1621 1836 1675; x_wconf 82' lang='grc' dir='ltr'>ἀλλ’</span> <span class='ocrx_word' id='word_1_129' title='bbox 1878 1623 1958 1686; x_wconf 87' lang='grc' dir='ltr'><strong>είς</strong></span> 
     </span>
    </p>
   </div>
   <div class='ocr_carea' id='block_1_19' title="bbox 365 1703 1957 1786">
    <p class='ocr_par' dir='ltr' id='par_1_19' title="bbox 365 1703 1957 1786">
     <span class='ocr_line' id='line_1_19' title="bbox 365 1703 1957 1786; baseline 0.008 -30"><span class='ocrx_word' id='word_1_130' title='bbox 365 1703 548 1757; x_wconf 58' lang='grc' dir='ltr'>τοῦτον</span> <span class='ocrx_word' id='word_1_131' title='bbox 581 1707 669 1769; x_wconf 89' lang='grc' dir='ltr'>εἰς</span> <span class='ocrx_word' id='word_1_132' title='bbox 712 1706 773 1759; x_wconf 80' lang='grc' dir='ltr'><strong>δν</strong></span> <span class='ocrx_word' id='word_1_133' title='bbox 805 1707 899 1759; x_wconf 79' lang='grc' dir='ltr'>καὶ</span> <span class='ocrx_word' id='word_1_134' title='bbox 940 1708 1118 1779; x_wconf 83' lang='grc' dir='ltr'>ὑμεῖς,</span> <span class='ocrx_word' id='word_1_135' title='bbox 1159 1709 1250 1764; x_wconf 87' lang='grc' dir='ltr'><strong>τὸν</strong></span> <span class='ocrx_word' id='word_1_136' title='bbox 1280 1710 1409 1764; x_wconf 86' lang='grc' dir='ltr'>Θεὸν</span> <span class='ocrx_word' id='word_1_137' title='bbox 1447 1711 1537 1765; x_wconf 81' lang='grc' dir='ltr'>τοῦ</span> <span class='ocrx_word' id='word_1_138' title='bbox 1583 1713 1833 1786; x_wconf 75' lang='grc' dir='ltr'>’Δύραάμ</span> <span class='ocrx_word' id='word_1_139' title='bbox 1863 1716 1957 1768; x_wconf 74' lang='grc' dir='ltr'>καὶ</span> 
     </span>
    </p>
   </div>
   <div class='ocr_carea' id='block_1_20' title="bbox 380 1794 1954 1875">
    <p class='ocr_par' dir='ltr' id='par_1_20' title="bbox 380 1794 1954 1875">
     <span class='ocr_line' id='line_1_20' title="bbox 380 1794 1954 1875; baseline 0.009 -28"><span class='ocrx_word' id='word_1_140' title='bbox 380 1794 563 1849; x_wconf 69' lang='grc' dir='ltr'>Ἰσαὰκ</span> <span class='ocrx_word' id='word_1_141' title='bbox 590 1798 699 1850; x_wconf 75' lang='grc' dir='ltr'>καὶ</span> <span class='ocrx_word' id='word_1_142' title='bbox 747 1799 959 1854; x_wconf 76' lang='grc' dir='ltr'>Ἰακώϐ.</span> <span class='ocrx_word' id='word_1_143' title='bbox 1008 1801 1345 1873; x_wconf 83' lang='grc' dir='ltr'>Ἥλπίσαμεν</span> <span class='ocrx_word' id='word_1_144' title='bbox 1390 1802 1466 1875; x_wconf 88' lang='grc'><strong>(9)</strong></span> <span class='ocrx_word' id='word_1_145' title='bbox 1499 1805 1556 1858; x_wconf 80' lang='grc' dir='ltr'>δὲ</span> <span class='ocrx_word' id='word_1_146' title='bbox 1587 1806 1648 1858; x_wconf 85' lang='grc' dir='ltr'>οὐ</span> <span class='ocrx_word' id='word_1_147' title='bbox 1678 1806 1767 1859; x_wconf 89' lang='grc' dir='ltr'><strong>διά</strong></span> <span class='ocrx_word' id='word_1_148' title='bbox 1788 1808 1954 1861; x_wconf 84' lang='grc' dir='ltr'>Μωῦ-</span> 
     </span>
    </p>
   </div>
   <div class='ocr_carea' id='block_1_21' title="bbox 368 1886 1953 1969">
    <p class='ocr_par' dir='ltr' id='par_1_21' title="bbox 368 1886 1953 1969">
     <span class='ocr_line' id='line_1_21' title="bbox 368 1886 1953 1969; baseline 0.008 -29"><span class='ocrx_word' id='word_1_149' title='bbox 368 1886 525 1951; x_wconf 83' lang='grc' dir='ltr'>σέως,</span> <span class='ocrx_word' id='word_1_150' title='bbox 560 1889 691 1943; x_wconf 74' lang='grc' dir='ltr'>οὐδὲ</span> <span class='ocrx_word' id='word_1_151' title='bbox 731 1890 823 1945; x_wconf 71' lang='grc' dir='ltr'><strong>διὰ</strong></span> <span class='ocrx_word' id='word_1_152' title='bbox 855 1890 946 1944; x_wconf 77' lang='grc' dir='ltr'>τοῦ</span> <span class='ocrx_word' id='word_1_153' title='bbox 986 1893 1183 1964; x_wconf 72' lang='grc' dir='ltr'>νόμουο</span> <span class='ocrx_word' id='word_1_154' title='bbox 1234 1889 1270 1963; x_wconf 84' lang='grc' dir='ltr'>ἦ</span> <span class='ocrx_word' id='word_1_155' title='bbox 1299 1895 1407 1968; x_wconf 86' lang='grc' dir='ltr'><strong>γὰρ</strong></span> <span class='ocrx_word' id='word_1_156' title='bbox 1448 1896 1515 1951; x_wconf 77' lang='grc' dir='ltr'>ἂν</span> <span class='ocrx_word' id='word_1_157' title='bbox 1559 1897 1619 1951; x_wconf 89' lang='grc' dir='ltr'><strong>τὸ</strong></span> <span class='ocrx_word' id='word_1_158' title='bbox 1650 1899 1781 1952; x_wconf 82' lang='grc' dir='ltr'>αὐτὸ</span> <span class='ocrx_word' id='word_1_159' title='bbox 1824 1899 1953 1969; x_wconf 79' lang='grc' dir='ltr'>ὑμῖν</span> 
     </span>
    </p>
   </div>
   <div class='ocr_carea' id='block_1_22' title="bbox 362 1975 1952 2059">
    <p class='ocr_par' dir='ltr' id='par_1_22' title="bbox 362 1975 1952 2059">
     <span class='ocr_line' id='line_1_22' title="bbox 362 1975 1952 2059; baseline 0.01 -34"><span class='ocrx_word' id='word_1_160' title='bbox 362 1975 681 2047; x_wconf 69' lang='grc' dir='ltr'>ἐποιοῦμεν.</span> <span class='ocrx_word' id='word_1_161' title='bbox 716 1980 861 2033; x_wconf 72' lang='grc' dir='ltr'>Νυνὶ</span> <span class='ocrx_word' id='word_1_162' title='bbox 885 1982 963 2049; x_wconf 82' lang='grc' dir='ltr'>δὲ,</span> <span class='ocrx_word' id='word_1_163' title='bbox 1008 1981 1270 2054; x_wconf 81' lang='grc' dir='ltr'>(ἀνέγνων</span> <span class='ocrx_word' id='word_1_164' title='bbox 1305 1985 1413 2059; x_wconf 84' lang='grc' dir='ltr'>γὰρ</span> <span class='ocrx_word' id='word_1_165' title='bbox 1454 1986 1588 2057; x_wconf 84' lang='lat' dir='ltr'><strong>(l0),</strong></span> <span class='ocrx_word' id='word_1_166' title='bbox 1616 1981 1661 2040; x_wconf 82' lang='grc' dir='ltr'><strong>ὦ</strong></span> <span class='ocrx_word' id='word_1_167' title='bbox 1697 1987 1952 2059; x_wconf 81' lang='grc' dir='ltr'><strong>Τρύφων,</strong></span> 
     </span>
    </p>
   </div>
   <div class='ocr_carea' id='block_1_23' title="bbox 362 2066 1954 2151">
    <p class='ocr_par' dir='ltr' id='par_1_23' title="bbox 362 2066 1954 2151">
     <span class='ocr_line' id='line_1_23' title="bbox 362 2066 1954 2151; baseline 0.01 -34"><span class='ocrx_word' id='word_1_168' title='bbox 362 2066 442 2118; x_wconf 84' lang='grc' dir='ltr'><strong>δτι</strong></span> <span class='ocrx_word' id='word_1_169' title='bbox 468 2068 651 2122; x_wconf 81' lang='grc' dir='ltr'>ἔσοιτο</span> <span class='ocrx_word' id='word_1_170' title='bbox 686 2070 785 2125; x_wconf 74' lang='grc' dir='ltr'>καὶ</span> <span class='ocrx_word' id='word_1_171' title='bbox 811 2072 1117 2138; x_wconf 89' lang='grc' dir='ltr'>τελευταῖος</span> <span class='ocrx_word' id='word_1_172' title='bbox 1145 2075 1328 2147; x_wconf 88' lang='grc' dir='ltr'>νόμος,</span> <span class='ocrx_word' id='word_1_173' title='bbox 1360 2077 1455 2130; x_wconf 78' lang='grc' dir='ltr'>καὶ</span> <span class='ocrx_word' id='word_1_174' title='bbox 1480 2077 1710 2151; x_wconf 81' lang='grc' dir='ltr'>διαθήκη</span> <span class='ocrx_word' id='word_1_175' title='bbox 1751 2096 1954 2151; x_wconf 85' lang='grc' dir='ltr'>κυριω-</span> 
     </span>
    </p>
   </div>
   <div class='ocr_carea' id='block_1_24' title="bbox 361 2160 1951 2244">
    <p class='ocr_par' dir='ltr' id='par_1_24' title="bbox 361 2160 1951 2244">
     <span class='ocr_line' id='line_1_24' title="bbox 361 2160 1951 2244; baseline 0.009 -31"><span class='ocrx_word' id='word_1_176' title='bbox 361 2160 491 2231; x_wconf 74' lang='grc' dir='ltr'>τάτη</span> <span class='ocrx_word' id='word_1_177' title='bbox 514 2161 733 2227; x_wconf 79' lang='grc' dir='ltr'>πασῶν,</span> <span class='ocrx_word' id='word_1_178' title='bbox 757 2166 826 2235; x_wconf 76' lang='grc' dir='ltr'>ῆν</span> <span class='ocrx_word' id='word_1_179' title='bbox 840 2165 933 2220; x_wconf 79' lang='grc' dir='ltr'><strong>νῦν</strong></span> <span class='ocrx_word' id='word_1_180' title='bbox 949 2167 1068 2221; x_wconf 90' lang='grc' dir='ltr'>δέον</span> <span class='ocrx_word' id='word_1_181' title='bbox 1083 2167 1372 2238; x_wconf 82' lang='grc' dir='ltr'>φυλάσσειν</span> <span class='ocrx_word' id='word_1_182' title='bbox 1392 2170 1598 2236; x_wconf 84' lang='grc' dir='ltr'>πάντας</span> <span class='ocrx_word' id='word_1_183' title='bbox 1611 2172 1951 2244; x_wconf 84' lang='grc' dir='ltr'>ἀνθρώπους,</span> 
     </span>
    </p>
   </div>
   <div class='ocr_carea' id='block_1_25' title="bbox 359 2252 1953 2339">
    <p class='ocr_par' dir='ltr' id='par_1_25' title="bbox 359 2252 1953 2339">
     <span class='ocr_line' id='line_1_25' title="bbox 359 2252 1953 2339; baseline 0.011 -35"><span class='ocrx_word' id='word_1_184' title='bbox 359 2252 470 2305; x_wconf 73' lang='grc' dir='ltr'>ὅσοι</span> <span class='ocrx_word' id='word_1_185' title='bbox 499 2254 605 2325; x_wconf 83' lang='grc' dir='ltr'>τῆς</span> <span class='ocrx_word' id='word_1_186' title='bbox 628 2256 725 2309; x_wconf 78' lang='grc' dir='ltr'>τοῦ</span> <span class='ocrx_word' id='word_1_187' title='bbox 756 2255 893 2311; x_wconf 87' lang='grc' dir='ltr'>Θεοῦ</span> <span class='ocrx_word' id='word_1_188' title='bbox 919 2259 1280 2332; x_wconf 83' lang='grc' dir='ltr'>κληρονομίας</span> <span class='ocrx_word' id='word_1_189' title='bbox 1304 2262 1720 2318; x_wconf 82' lang='grc' dir='ltr'>ἀντιποιοῦνται.</span> <span class='ocrx_word' id='word_1_190' title='bbox 1763 2266 1821 2320; x_wconf 85' lang='grc' dir='ltr'>Ὁ</span> <span class='ocrx_word' id='word_1_191' title='bbox 1845 2267 1953 2339; x_wconf 86' lang='grc' dir='ltr'><strong>γὰρ</strong></span> 
     </span>
    </p>
   </div>
   <div class='ocr_carea' id='block_1_26' title="bbox 360 2342 1953 2424">
    <p class='ocr_par' dir='ltr' id='par_1_26' title="bbox 360 2342 1953 2424">
     <span class='ocr_line' id='line_1_26' title="bbox 360 2342 1953 2424; baseline 0.011 -31"><span class='ocrx_word' id='word_1_192' title='bbox 360 2342 419 2394; x_wconf 80' lang='grc' dir='ltr'>ἐν</span> <span class='ocrx_word' id='word_1_193' title='bbox 450 2344 662 2416; x_wconf 77' lang='grc' dir='ltr'>Χωρήὸ</span> <span class='ocrx_word' id='word_1_194' title='bbox 708 2348 940 2411; x_wconf 85' lang='grc' dir='ltr'>παλαιὸς</span> <span class='ocrx_word' id='word_1_195' title='bbox 966 2350 1069 2420; x_wconf 81' lang='grc' dir='ltr'><strong>ήδη</strong></span> <span class='ocrx_word' id='word_1_196' title='bbox 1101 2351 1262 2421; x_wconf 90' lang='grc' dir='ltr'>νόμος</span> <span class='ocrx_word' id='word_1_197' title='bbox 1293 2352 1388 2405; x_wconf 72' lang='grc' dir='ltr'>καὶ</span> <span class='ocrx_word' id='word_1_198' title='bbox 1418 2352 1570 2424; x_wconf 85' lang='grc' dir='ltr'>ὑμῶν</span> <span class='ocrx_word' id='word_1_199' title='bbox 1605 2354 1781 2424; x_wconf 83' lang='grc' dir='ltr'>μόνων</span> <span class='ocrx_word' id='word_1_200' title='bbox 1803 2371 1821 2390; x_wconf 87' lang='grc'><strong>·</strong></span> <span class='ocrx_word' id='word_1_201' title='bbox 1844 2358 1872 2409; x_wconf 84' lang='grc' dir='ltr'>ὁ</span> <span class='ocrx_word' id='word_1_202' title='bbox 1897 2356 1953 2411; x_wconf 76' lang='grc' dir='ltr'>δὲ</span> 
     </span>
    </p>
   </div>
   <div class='ocr_carea' id='block_1_27' title="bbox 362 2432 1953 2515">
    <p class='ocr_par' dir='ltr' id='par_1_27' title="bbox 362 2432 1953 2515">
     <span class='ocr_line' id='line_1_27' title="bbox 362 2432 1953 2515; baseline 0.011 -31"><span class='ocrx_word' id='word_1_203' title='bbox 362 2432 581 2487; x_wconf 71' lang='grc' dir='ltr'>πάντων</span> <span class='ocrx_word' id='word_1_204' title='bbox 611 2436 829 2501; x_wconf 79' lang='grc' dir='ltr'>ἀπλῶς.</span> <span class='ocrx_word' id='word_1_205' title='bbox 854 2438 1041 2510; x_wconf 83' lang='grc' dir='ltr'>Νόμος</span> <span class='ocrx_word' id='word_1_206' title='bbox 1065 2440 1123 2494; x_wconf 86' lang='grc' dir='ltr'>δὲ</span> <span class='ocrx_word' id='word_1_207' title='bbox 1152 2441 1290 2495; x_wconf 88' lang='grc' dir='ltr'><strong>κατά</strong></span> <span class='ocrx_word' id='word_1_208' title='bbox 1329 2442 1495 2514; x_wconf 91' lang='grc' dir='ltr'>νόμου</span> <span class='ocrx_word' id='word_1_209' title='bbox 1522 2444 1633 2515; x_wconf 87' lang='lat' dir='ltr'><strong>(ll)</strong></span> <span class='ocrx_word' id='word_1_210' title='bbox 1656 2445 1835 2510; x_wconf 77' lang='grc' dir='ltr'>τεθεὶς</span> <span class='ocrx_word' id='word_1_211' title='bbox 1862 2447 1953 2502; x_wconf 86' lang='grc' dir='ltr'><strong>τὸν</strong></span> 
     </span>
    </p>
   </div>
   <div class='ocr_carea' id='block_1_28' title="bbox 362 2524 1949 2610">
    <p class='ocr_par' dir='ltr' id='par_1_28' title="bbox 362 2524 1949 2610">
     <span class='ocr_line' id='line_1_28' title="bbox 362 2524 1949 2610; baseline 0.009 -34"><span class='ocrx_word' id='word_1_212' title='bbox 362 2525 464 2595; x_wconf 77' lang='grc' dir='ltr'><strong>πρὸ</strong></span> <span class='ocrx_word' id='word_1_213' title='bbox 493 2524 668 2579; x_wconf 73' lang='grc' dir='ltr'>αὑτοῦ</span> <span class='ocrx_word' id='word_1_214' title='bbox 696 2526 935 2581; x_wconf 70' lang='grc' dir='ltr'>ἔπαυσε*</span> <span class='ocrx_word' id='word_1_215' title='bbox 972 2529 1066 2582; x_wconf 76' lang='grc' dir='ltr'><strong>καὶ</strong></span> <span class='ocrx_word' id='word_1_216' title='bbox 1086 2529 1314 2604; x_wconf 83' lang='grc' dir='ltr'>διαθήκη</span> <span class='ocrx_word' id='word_1_217' title='bbox 1355 2534 1649 2603; x_wconf 86' lang='grc' dir='ltr'>μετέπειτα</span> <span class='ocrx_word' id='word_1_218' title='bbox 1682 2536 1949 2610; x_wconf 81' lang='grc' dir='ltr'>γενομένη</span> 
     </span>
    </p>
   </div>
   <div class='ocr_carea' id='block_1_29' title="bbox 362 2612 1952 2698">
    <p class='ocr_par' dir='ltr' id='par_1_29' title="bbox 362 2612 1952 2698">
     <span class='ocr_line' id='line_1_29' title="bbox 362 2612 1952 2698; baseline 0.011 -33"><span class='ocrx_word' id='word_1_219' title='bbox 362 2612 454 2684; x_wconf 79' lang='grc' dir='ltr'>τὴν</span> <span class='ocrx_word' id='word_1_220' title='bbox 484 2615 772 2687; x_wconf 78' lang='grc' dir='ltr'>προτέραν</span> <span class='ocrx_word' id='word_1_221' title='bbox 802 2618 1004 2689; x_wconf 81' lang='grc' dir='ltr'>ὁμοίως</span> <span class='ocrx_word' id='word_1_222' title='bbox 1036 2619 1261 2692; x_wconf 78' lang='grc' dir='ltr'>ἔστησεν</span> <span class='ocrx_word' id='word_1_223' title='bbox 1289 2622 1401 2692; x_wconf 78' lang='grc'>(12)</span> <span class='ocrx_word' id='word_1_224' title='bbox 1425 2640 1439 2654; x_wconf 91' lang='grc'><strong>·</strong></span> <span class='ocrx_word' id='word_1_225' title='bbox 1472 2624 1690 2689; x_wconf 75' lang='grc' dir='ltr'>αἰώνιός</span> <span class='ocrx_word' id='word_1_226' title='bbox 1728 2643 1787 2679; x_wconf 93' lang='grc' dir='ltr'><strong>τε</strong></span> <span class='ocrx_word' id='word_1_227' title='bbox 1820 2628 1952 2698; x_wconf 85' lang='grc' dir='ltr'>ήμῖν</span> 
     </span>
    </p>
   </div>
   <div class='ocr_carea' id='block_1_30' title="bbox 362 2707 1949 2791">
    <p class='ocr_par' dir='ltr' id='par_1_30' title="bbox 362 2707 1949 2791">
     <span class='ocr_line' id='line_1_30' title="bbox 362 2707 1949 2791; baseline 0.008 -32"><span class='ocrx_word' id='word_1_228' title='bbox 362 2707 521 2777; x_wconf 80' lang='grc' dir='ltr'>νόμος</span> <span class='ocrx_word' id='word_1_229' title='bbox 552 2710 675 2780; x_wconf 73' lang='grc'><strong>(13)</strong></span> <span class='ocrx_word' id='word_1_230' title='bbox 707 2712 805 2764; x_wconf 80' lang='grc' dir='ltr'><strong>καὶ</strong></span> <span class='ocrx_word' id='word_1_231' title='bbox 831 2711 1171 2778; x_wconf 90' lang='grc' dir='ltr'>τελευταῖος,</span> <span class='ocrx_word' id='word_1_232' title='bbox 1214 2715 1245 2769; x_wconf 82' lang='grc' dir='ltr'><strong>ὀ</strong></span> <span class='ocrx_word' id='word_1_233' title='bbox 1291 2716 1526 2787; x_wconf 86' lang='grc' dir='ltr'>Χριστὸς</span> <span class='ocrx_word' id='word_1_234' title='bbox 1577 2716 1755 2789; x_wconf 79' lang='grc' dir='ltr'>ἐδόθη,</span> <span class='ocrx_word' id='word_1_235' title='bbox 1796 2718 1891 2773; x_wconf 77' lang='grc' dir='ltr'>καὶ</span> <span class='ocrx_word' id='word_1_236' title='bbox 1914 2720 1949 2791; x_wconf 83' lang='grc' dir='ltr'><strong>ἡ</strong></span> 
     </span>
    </p>
   </div>
   <div class='ocr_carea' id='block_1_31' title="bbox 360 2797 1947 2881">
    <p class='ocr_par' dir='ltr' id='par_1_31' title="bbox 360 2797 1947 2881">
     <span class='ocr_line' id='line_1_31' title="bbox 360 2797 1947 2881; baseline 0.009 -30"><span class='ocrx_word' id='word_1_237' title='bbox 360 2797 587 2872; x_wconf 75' lang='grc' dir='ltr'>διαθήκη</span> <span class='ocrx_word' id='word_1_238' title='bbox 646 2804 840 2874; x_wconf 85' lang='grc' dir='ltr'>πιστὴ,</span> <span class='ocrx_word' id='word_1_239' title='bbox 877 2804 998 2875; x_wconf 85' lang='grc' dir='ltr'>μεθ’</span> <span class='ocrx_word' id='word_1_240' title='bbox 1043 2805 1113 2877; x_wconf 80' lang='grc' dir='ltr'><strong>ήν</strong></span> <span class='ocrx_word' id='word_1_241' title='bbox 1160 2806 1221 2860; x_wconf 84' lang='grc' dir='ltr'><strong>ού</strong></span> <span class='ocrx_word' id='word_1_242' title='bbox 1249 2807 1433 2879; x_wconf 87' lang='grc' dir='ltr'>νόμος,</span> <span class='ocrx_word' id='word_1_243' title='bbox 1484 2808 1545 2861; x_wconf 87' lang='grc' dir='ltr'>οὐ</span> <span class='ocrx_word' id='word_1_244' title='bbox 1594 2809 1947 2881; x_wconf 87' lang='grc' dir='ltr'>πρόσταγμα,</span> 
     </span>
    </p>
   </div>
   <div class='ocr_carea' id='block_1_32' title="bbox 359 2891 1950 2974">
    <p class='ocr_par' dir='ltr' id='par_1_32' title="bbox 359 2891 1950 2974">
     <span class='ocr_line' id='line_1_32' title="bbox 359 2891 1950 2974; baseline 0.01 -33"><span class='ocrx_word' id='word_1_245' title='bbox 359 2891 457 2942; x_wconf 74' lang='grc' dir='ltr'><strong>οὐκ</strong></span> <span class='ocrx_word' id='word_1_246' title='bbox 511 2894 731 2966; x_wconf 78' lang='grc' dir='ltr'>ἐντολή.</span> <span class='ocrx_word' id='word_1_247' title='bbox 788 2896 858 2948; x_wconf 89' lang='grc' dir='ltr'><strong><em>Ἦ</em></strong></span> <span class='ocrx_word' id='word_1_248' title='bbox 917 2898 983 2950; x_wconf 82' lang='grc' dir='ltr'>σὺ</span> <span class='ocrx_word' id='word_1_249' title='bbox 1033 2897 1204 2954; x_wconf 78' lang='grc' dir='ltr'>ταῦτα</span> <span class='ocrx_word' id='word_1_250' title='bbox 1252 2901 1351 2954; x_wconf 82' lang='grc' dir='ltr'>οὐκ</span> <span class='ocrx_word' id='word_1_251' title='bbox 1403 2901 1648 2970; x_wconf 84' lang='grc' dir='ltr'>ἀνέγνως</span> <span class='ocrx_word' id='word_1_252' title='bbox 1702 2903 1737 2956; x_wconf 83' lang='grc' dir='ltr'><strong>ἆ</strong></span> <span class='ocrx_word' id='word_1_253' title='bbox 1782 2920 1950 2974; x_wconf 83' lang='grc' dir='ltr'>φησιν</span> 
     </span>
    </p>
   </div>
   <div class='ocr_carea' id='block_1_33' title="bbox 371 2977 1943 3064">
    <p class='ocr_par' dir='ltr' id='par_1_33' title="bbox 371 2977 1943 3064">
     <span class='ocr_line' id='line_1_33' title="bbox 371 2977 1943 3064; baseline 0.011 -35"><span class='ocrx_word' id='word_1_254' title='bbox 371 2977 595 3043; x_wconf 78' lang='grc' dir='ltr'>Ἠσαῖας</span> <span class='ocrx_word' id='word_1_255' title='bbox 614 2998 629 3011; x_wconf 88' lang='grc'><strong>·</strong></span> <span class='ocrx_word' id='word_1_256' title='bbox 658 2999 678 3033; x_wconf 75' lang='grc' dir='ltr'><strong>ι</strong></span> <span class='ocrx_word' id='word_1_257' title='bbox 728 2982 1024 3040; x_wconf 84' lang='grc' dir='ltr'>Ἀκούσατέ</span> <span class='ocrx_word' id='word_1_258' title='bbox 1060 3004 1181 3057; x_wconf 90' lang='grc' dir='ltr'>μου,</span> <span class='ocrx_word' id='word_1_259' title='bbox 1213 2990 1479 3045; x_wconf 84' lang='grc' dir='ltr'>ἀκούσατέ</span> <span class='ocrx_word' id='word_1_260' title='bbox 1511 3009 1633 3062; x_wconf 90' lang='grc' dir='ltr'>μου,</span> <span class='ocrx_word' id='word_1_261' title='bbox 1656 2991 1784 3056; x_wconf 88' lang='grc' dir='ltr'>λαός</span> <span class='ocrx_word' id='word_1_262' title='bbox 1812 3010 1943 3064; x_wconf 83' lang='grc' dir='ltr'><strong>μου⁸</strong></span> 
     </span>
    </p>
   </div>
   <div class='ocr_carea' id='block_1_34' title="bbox 360 3073 1946 3159">
    <p class='ocr_par' dir='ltr' id='par_1_34' title="bbox 360 3073 1946 3159">
     <span class='ocr_line' id='line_1_34' title="bbox 360 3073 1946 3159; baseline 0.011 -35"><span class='ocrx_word' id='word_1_263' title='bbox 360 3073 449 3124; x_wconf 74' lang='grc' dir='ltr'>καὶ</span> <span class='ocrx_word' id='word_1_264' title='bbox 478 3076 528 3126; x_wconf 78' lang='lat' dir='ltr'><strong>oi</strong></span> <span class='ocrx_word' id='word_1_265' title='bbox 566 3074 814 3144; x_wconf 86' lang='grc' dir='ltr'>βασιλεῖς</span> <span class='ocrx_word' id='word_1_266' title='bbox 838 3079 974 3150; x_wconf 81' lang='grc' dir='ltr'>πρός</span> <span class='ocrx_word' id='word_1_267' title='bbox 1010 3096 1078 3151; x_wconf 90' lang='grc' dir='ltr'><strong>με</strong></span> <span class='ocrx_word' id='word_1_268' title='bbox 1111 3081 1424 3146; x_wconf 79' lang='grc' dir='ltr'>ὲνωτίξεσθε</span> <span class='ocrx_word' id='word_1_269' title='bbox 1445 3102 1460 3117; x_wconf 91' lang='grc'><strong>·</strong></span> <span class='ocrx_word' id='word_1_270' title='bbox 1502 3085 1584 3138; x_wconf 85' lang='grc' dir='ltr'>ὅτι</span> <span class='ocrx_word' id='word_1_271' title='bbox 1612 3086 1776 3156; x_wconf 73' lang='grc' dir='ltr'>νόμϋς</span> <span class='ocrx_word' id='word_1_272' title='bbox 1814 3087 1946 3159; x_wconf 80' lang='grc' dir='ltr'>παρ’</span> 
     </span>
    </p>
   </div>
   <div class='ocr_carea' id='block_1_35' title="bbox 2067 696 3633 770">
    <p class='ocr_par' dir='ltr' id='par_1_35' title="bbox 2067 696 3633 770">
     <span class='ocr_line' id='line_1_35' title="bbox 2067 696 3633 770; baseline 0.001 -17"><span class='ocrx_word' id='word_1_273' title='bbox 2067 696 2386 753; x_wconf 80' lang='lat' dir='ltr'><strong>satisfacere</strong></span> <span class='ocrx_word' id='word_1_274' title='bbox 2410 712 2475 753; x_wconf 84' lang='lat' dir='ltr'><strong>ac</strong></span> <span class='ocrx_word' id='word_1_275' title='bbox 2506 697 2883 752; x_wconf 84' lang='lat' dir='ltr'><strong>demonstrare</strong></span> <span class='ocrx_word' id='word_1_276' title='bbox 2901 709 3008 765; x_wconf 95' lang='lat' dir='ltr'><strong>quo</strong></span> <span class='ocrx_word' id='word_1_277' title='bbox 3030 697 3246 752; x_wconf 90' lang='lat' dir='ltr'><strong>tandem</strong></span> <span class='ocrx_word' id='word_1_278' title='bbox 3282 712 3443 766; x_wconf 86' lang='lat' dir='ltr'><strong>pacto</strong></span> <span class='ocrx_word' id='word_1_279' title='bbox 3472 701 3633 770; x_wconf 89' lang='lat' dir='ltr'><strong>quid-</strong></span> 
     </span>
    </p>
   </div>
   <div class='ocr_carea' id='block_1_36' title="bbox 2065 787 3632 858">
    <p class='ocr_par' dir='ltr' id='par_1_36' title="bbox 2065 787 3632 858">
     <span class='ocr_line' id='line_1_36' title="bbox 2065 787 3632 858; baseline 0.004 -17"><span class='ocrx_word' id='word_1_280' title='bbox 2065 801 2228 857; x_wconf 80' lang='lat' dir='ltr'><strong>quam</strong></span> <span class='ocrx_word' id='word_1_281' title='bbox 2260 788 2512 858; x_wconf 87' lang='lat' dir='ltr'><strong>speretis,</strong></span> <span class='ocrx_word' id='word_1_282' title='bbox 2544 788 2794 857; x_wconf 76' lang='lat' dir='ltr'><strong>quamvis</strong></span> <span class='ocrx_word' id='word_1_283' title='bbox 2834 787 3013 857; x_wconf 80' lang='lat' dir='ltr'><strong>legem</strong></span> <span class='ocrx_word' id='word_1_284' title='bbox 3046 803 3152 843; x_wconf 93' lang='lat' dir='ltr'><strong>non</strong></span> <span class='ocrx_word' id='word_1_285' title='bbox 3184 792 3509 848; x_wconf 85' lang='lat' dir='ltr'><strong>custodiatis</strong></span> <span class='ocrx_word' id='word_1_286' title='bbox 3529 833 3544 858; x_wconf 86' lang='lat'><em>.</em></span> <span class='ocrx_word' id='word_1_287' title='bbox 3578 793 3632 848; x_wconf 88' lang='lat' dir='ltr'><strong>id</strong></span> 
     </span>
    </p>
   </div>
   <div class='ocr_carea' id='block_1_37' title="bbox 2064 873 3632 937">
    <p class='ocr_par' dir='ltr' id='par_1_37' title="bbox 2064 873 3632 937">
     <span class='ocr_line' id='line_1_37' title="bbox 2064 873 3632 937; baseline 0.006 -9"><span class='ocrx_word' id='word_1_288' title='bbox 2064 887 2128 928; x_wconf 84' lang='lat' dir='ltr'><strong>ex</strong></span> <span class='ocrx_word' id='word_1_289' title='bbox 2162 881 2213 928; x_wconf 92' lang='lat' dir='ltr'><strong>te</strong></span> <span class='ocrx_word' id='word_1_290' title='bbox 2234 873 2594 931; x_wconf 85' lang='lat' dir='ltr'><strong>libentissime</strong></span> <span class='ocrx_word' id='word_1_291' title='bbox 2620 876 2905 931; x_wconf 83' lang='lat' dir='ltr'><strong>audiemus</strong></span> <span class='ocrx_word' id='word_1_292' title='bbox 2926 890 2991 931; x_wconf 89' lang='lat' dir='ltr'><strong>ac</strong></span> <span class='ocrx_word' id='word_1_293' title='bbox 3019 886 3215 934; x_wconf 72' lang='lat' dir='ltr'><strong>ctetera</strong></span> <span class='ocrx_word' id='word_1_294' title='bbox 3243 880 3496 937; x_wconf 86' lang='lat' dir='ltr'><strong>similiter</strong></span> <span class='ocrx_word' id='word_1_295' title='bbox 3526 898 3632 937; x_wconf 86' lang='lat' dir='ltr'><strong>una</strong></span> 
     </span>
    </p>
   </div>
   <div class='ocr_carea' id='block_1_38' title="bbox 2063 966 2425 1023">
    <p class='ocr_par' dir='ltr' id='par_1_38' title="bbox 2063 966 2425 1023">
     <span class='ocr_line' id='line_1_38' title="bbox 2063 966 2425 1023; baseline 0.006 -4"><span class='ocrx_word' id='word_1_296' title='bbox 2063 966 2425 1023; x_wconf 84' lang='lat' dir='ltr'><strong>excutiemus.</strong></span> 
     </span>
    </p>
   </div>
   <div class='ocr_carea' id='block_1_39' title="bbox 2135 1058 3632 1131">
    <p class='ocr_par' dir='ltr' id='par_1_39' title="bbox 2135 1058 3632 1131">
     <span class='ocr_line' id='line_1_39' title="bbox 2135 1058 3632 1131; baseline 0.005 -20"><span class='ocrx_word' id='word_1_297' title='bbox 2135 1058 2223 1111; x_wconf 82' lang='grc'><strong>11.</strong></span> <span class='ocrx_word' id='word_1_298' title='bbox 2271 1058 2380 1113; x_wconf 80' lang='lat' dir='ltr'><strong>Lea:</strong></span> <span class='ocrx_word' id='word_1_299' title='bbox 2420 1060 2697 1131; x_wconf 82' lang='lat' dir='ltr'><strong>abrogata.</strong></span> <span class='ocrx_word' id='word_1_300' title='bbox 2749 1060 2962 1116; x_wconf 82' lang='lat' dir='ltr'><strong>Novum</strong></span> <span class='ocrx_word' id='word_1_301' title='bbox 3006 1061 3395 1119; x_wconf 80' lang='lat' dir='ltr'><strong>Testamentum</strong></span> <span class='ocrx_word' id='word_1_302' title='bbox 3437 1081 3470 1119; x_wconf 90' lang='lat' dir='ltr'><strong><em>a</em></strong></span> <span class='ocrx_word' id='word_1_303' title='bbox 3517 1063 3632 1119; x_wconf 83' lang='lat' dir='ltr'><strong>Deo</strong></span> 
     </span>
    </p>
   </div>
   <div class='ocr_carea' id='block_1_40' title="bbox 2060 1150 3629 1226">
    <p class='ocr_par' dir='ltr' id='par_1_40' title="bbox 2060 1150 3629 1226">
     <span class='ocr_line' id='line_1_40' title="bbox 2060 1150 3629 1226; baseline 0.007 -25"><span class='ocrx_word' id='word_1_304' title='bbox 2060 1150 2374 1218; x_wconf 71' lang='lat' dir='ltr'><strong>promissum</strong></span> <span class='ocrx_word' id='word_1_305' title='bbox 2393 1160 2442 1206; x_wconf 80' lang='lat' dir='ltr'><strong>et</strong></span> <span class='ocrx_word' id='word_1_306' title='bbox 2460 1153 2666 1209; x_wconf 85' lang='lat' dir='ltr'><strong>datum.</strong></span> <span class='ocrx_word' id='word_1_307' title='bbox 2689 1184 2762 1196; x_wconf 93' lang='lat'><strong>—</strong></span> <span class='ocrx_word' id='word_1_308' title='bbox 2777 1154 2889 1211; x_wconf 89' lang='lat' dir='ltr'><strong>Nec</strong></span> <span class='ocrx_word' id='word_1_309' title='bbox 2916 1156 3053 1211; x_wconf 90' lang='lat' dir='ltr'><strong>alius</strong></span> <span class='ocrx_word' id='word_1_310' title='bbox 3069 1170 3303 1226; x_wconf 83' lang='lat' dir='ltr'><strong>unquam</strong></span> <span class='ocrx_word' id='word_1_311' title='bbox 3336 1156 3443 1211; x_wconf 91' lang='lat' dir='ltr'><strong>erit</strong></span> <span class='ocrx_word' id='word_1_312' title='bbox 3466 1155 3629 1223; x_wconf 87' lang='lat' dir='ltr'><strong>Deus,</strong></span> 
     </span>
    </p>
   </div>
   <div class='ocr_carea' id='block_1_41' title="bbox 2060 1241 3630 1320">
    <p class='ocr_par' dir='ltr' id='par_1_41' title="bbox 2060 1241 3630 1320">
     <span class='ocr_line' id='line_1_41' title="bbox 2060 1241 3630 1320; baseline 0.006 -24"><span class='ocrx_word' id='word_1_313' title='bbox 2060 1258 2097 1297; x_wconf 89' lang='grc' dir='ltr'><strong>ο</strong></span> <span class='ocrx_word' id='word_1_314' title='bbox 2135 1241 2373 1314; x_wconf 83' lang='lat' dir='ltr'><strong>Trypho,</strong></span> <span class='ocrx_word' id='word_1_315' title='bbox 2426 1260 2526 1301; x_wconf 88' lang='lat' dir='ltr'><strong>nec</strong></span> <span class='ocrx_word' id='word_1_316' title='bbox 2572 1246 2711 1302; x_wconf 86' lang='lat' dir='ltr'><strong>alius</strong></span> <span class='ocrx_word' id='word_1_317' title='bbox 2751 1262 2780 1301; x_wconf 90' lang='lat' dir='ltr'><strong>a</strong></span> <span class='ocrx_word' id='word_1_318' title='bbox 2814 1247 3016 1304; x_wconf 82' lang='lat' dir='ltr'><strong>saeculo</strong></span> <span class='ocrx_word' id='word_1_319' title='bbox 3045 1248 3256 1304; x_wconf 77' lang='lat' dir='ltr'><strong>exStitit</strong></span> <span class='ocrx_word' id='word_1_320' title='bbox 3286 1248 3383 1319; x_wconf 91' lang='lat' dir='ltr'><strong>(ita</strong></span> <span class='ocrx_word' id='word_1_321' title='bbox 3433 1264 3533 1320; x_wconf 90' lang='lat' dir='ltr'><strong>ego</strong></span> <span class='ocrx_word' id='word_1_322' title='bbox 3562 1251 3630 1306; x_wconf 88' lang='lat' dir='ltr'><strong>ad</strong></span> 
     </span>
    </p>
   </div>
   <div class='ocr_carea' id='block_1_42' title="bbox 2062 1333 3632 1405">
    <p class='ocr_par' dir='ltr' id='par_1_42' title="bbox 2062 1333 3632 1405">
     <span class='ocr_line' id='line_1_42' title="bbox 2062 1333 3632 1405; baseline 0.003 -17"><span class='ocrx_word' id='word_1_323' title='bbox 2062 1333 2235 1402; x_wconf 89' lang='lat' dir='ltr'><strong>illum)</strong></span> <span class='ocrx_word' id='word_1_324' title='bbox 2269 1342 2464 1402; x_wconf 66' lang='lat' dir='ltr'><strong>praeter</strong></span> <span class='ocrx_word' id='word_1_325' title='bbox 2489 1349 2614 1390; x_wconf 93' lang='lat' dir='ltr'><strong>eum</strong></span> <span class='ocrx_word' id='word_1_326' title='bbox 2646 1336 2738 1405; x_wconf 87' lang='lat' dir='ltr'><strong>qui</strong></span> <span class='ocrx_word' id='word_1_327' title='bbox 2774 1337 2913 1392; x_wconf 88' lang='lat' dir='ltr'><strong>hanc</strong></span> <span class='ocrx_word' id='word_1_328' title='bbox 2958 1338 3368 1392; x_wconf 83' lang='lat' dir='ltr'><strong>universitatem</strong></span> <span class='ocrx_word' id='word_1_329' title='bbox 3408 1338 3539 1393; x_wconf 81' lang='lat' dir='ltr'><strong>fecit</strong></span> <span class='ocrx_word' id='word_1_330' title='bbox 3565 1355 3632 1395; x_wconf 89' lang='lat' dir='ltr'><strong>ac</strong></span> 
     </span>
    </p>
   </div>
   <div class='ocr_carea' id='block_1_43' title="bbox 2060 1415 3631 1495">
    <p class='ocr_par' dir='ltr' id='par_1_43' title="bbox 2060 1415 3631 1495">
     <span class='ocr_line' id='line_1_43' title="bbox 2060 1415 3631 1495; baseline 0.003 -16"><span class='ocrx_word' id='word_1_331' title='bbox 2060 1423 2343 1493; x_wconf 87' lang='lat' dir='ltr'><strong>disposuit.</strong></span> <span class='ocrx_word' id='word_1_332' title='bbox 2388 1424 2574 1495; x_wconf 84' lang='lat' dir='ltr'><strong>Neque</strong></span> <span class='ocrx_word' id='word_1_333' title='bbox 2616 1426 2783 1481; x_wconf 87' lang='lat' dir='ltr'><strong>alium</strong></span> <span class='ocrx_word' id='word_1_334' title='bbox 2825 1429 3001 1494; x_wconf 90' lang='lat' dir='ltr'><strong>nobis,</strong></span> <span class='ocrx_word' id='word_1_335' title='bbox 3050 1428 3217 1483; x_wconf 90' lang='lat' dir='ltr'><strong>alium</strong></span> <span class='ocrx_word' id='word_1_336' title='bbox 3261 1430 3417 1485; x_wconf 85' lang='lat' dir='ltr'><strong>vobis</strong></span> <span class='ocrx_word' id='word_1_337' title='bbox 3445 1415 3631 1486; x_wconf 39' lang='lat' dir='ltr'><strong>&#39;Deum</strong></span> 
     </span>
    </p>
   </div>
   <div class='ocr_carea' id='block_1_44' title="bbox 2058 1514 3632 1589">
    <p class='ocr_par' dir='ltr' id='par_1_44' title="bbox 2058 1514 3632 1589">
     <span class='ocr_line' id='line_1_44' title="bbox 2058 1514 3632 1589; baseline 0.005 -22"><span class='ocrx_word' id='word_1_338' title='bbox 2058 1526 2183 1569; x_wconf 89' lang='lat' dir='ltr'><strong>esse</strong></span> <span class='ocrx_word' id='word_1_339' title='bbox 2214 1514 2485 1581; x_wconf 89' lang='lat' dir='ltr'><strong>ducimus,</strong></span> <span class='ocrx_word' id='word_1_340' title='bbox 2516 1516 2613 1571; x_wconf 88' lang='lat' dir='ltr'><strong>sed</strong></span> <span class='ocrx_word' id='word_1_341' title='bbox 2656 1515 2833 1586; x_wconf 90' lang='lat' dir='ltr'><strong>ipsum</strong></span> <span class='ocrx_word' id='word_1_342' title='bbox 2862 1517 3036 1584; x_wconf 92' lang='lat' dir='ltr'><strong>illum,</strong></span> <span class='ocrx_word' id='word_1_343' title='bbox 3073 1520 3165 1588; x_wconf 93' lang='lat' dir='ltr'><strong>qui</strong></span> <span class='ocrx_word' id='word_1_344' title='bbox 3199 1528 3383 1589; x_wconf 87' lang='lat' dir='ltr'><strong>patres</strong></span> <span class='ocrx_word' id='word_1_345' title='bbox 3420 1529 3632 1575; x_wconf 82' lang='lat' dir='ltr'><strong>vestros</strong></span> 
     </span>
    </p>
   </div>
   <div class='ocr_carea' id='block_1_45' title="bbox 2059 1595 3632 1681">
    <p class='ocr_par' dir='ltr' id='par_1_45' title="bbox 2059 1595 3632 1681">
     <span class='ocr_line' id='line_1_45' title="bbox 2059 1595 3632 1681; baseline 0.004 -22"><span class='ocrx_word' id='word_1_346' title='bbox 2059 1603 2250 1660; x_wconf 81' lang='lat' dir='ltr'><strong>eduxit</strong></span> <span class='ocrx_word' id='word_1_347' title='bbox 2278 1619 2309 1660; x_wconf 89' lang='lat' dir='ltr'><strong>e</strong></span> <span class='ocrx_word' id='word_1_348' title='bbox 2343 1614 2490 1661; x_wconf 88' lang='lat' dir='ltr'><strong>terra</strong></span> <span class='ocrx_word' id='word_1_349' title='bbox 2520 1605 2741 1679; x_wconf 73' lang='lat' dir='ltr'><strong>Egypti</strong></span> <span class='ocrx_word' id='word_1_350' title='bbox 2784 1608 2840 1663; x_wconf 93' lang='lat' dir='ltr'><strong>in</strong></span> <span class='ocrx_word' id='word_1_351' title='bbox 2884 1624 3047 1664; x_wconf 88' lang='lat' dir='ltr'><strong>manu</strong></span> <span class='ocrx_word' id='word_1_352' title='bbox 3080 1610 3285 1681; x_wconf 85' lang='lat' dir='ltr'><strong>potenti</strong></span> <span class='ocrx_word' id='word_1_353' title='bbox 3322 1621 3376 1666; x_wconf 92' lang='lat' dir='ltr'><strong>et</strong></span> <span class='ocrx_word' id='word_1_354' title='bbox 3403 1595 3632 1666; x_wconf 75' lang='lat' dir='ltr'><strong>brachio</strong></span> 
     </span>
    </p>
   </div>
   <div class='ocr_carea' id='block_1_46' title="bbox 2057 1694 3625 1773">
    <p class='ocr_par' dir='ltr' id='par_1_46' title="bbox 2057 1694 3625 1773">
     <span class='ocr_line' id='line_1_46' title="bbox 2057 1694 3625 1773; baseline 0.003 -23"><span class='ocrx_word' id='word_1_355' title='bbox 2057 1694 2297 1753; x_wconf 85' lang='lat' dir='ltr'><strong>excelso.</strong></span> <span class='ocrx_word' id='word_1_356' title='bbox 2340 1696 2529 1767; x_wconf 83' lang='lat' dir='ltr'><strong>Neque</strong></span> <span class='ocrx_word' id='word_1_357' title='bbox 2555 1700 2609 1753; x_wconf 90' lang='lat' dir='ltr'><strong>in</strong></span> <span class='ocrx_word' id='word_1_358' title='bbox 2635 1700 2801 1754; x_wconf 90' lang='lat' dir='ltr'><strong>alium</strong></span> <span class='ocrx_word' id='word_1_359' title='bbox 2826 1714 3156 1771; x_wconf 88' lang='lat' dir='ltr'><strong>quemquam</strong></span> <span class='ocrx_word' id='word_1_360' title='bbox 3181 1716 3467 1771; x_wconf 84' lang='lat' dir='ltr'><strong>speramus</strong></span> <span class='ocrx_word' id='word_1_361' title='bbox 3491 1703 3625 1773; x_wconf 91' lang='lat' dir='ltr'><strong>(non</strong></span> 
     </span>
    </p>
   </div>
   <div class='ocr_carea' id='block_1_47' title="bbox 2056 1789 3626 1863">
    <p class='ocr_par' dir='ltr' id='par_1_47' title="bbox 2056 1789 3626 1863">
     <span class='ocr_line' id='line_1_47' title="bbox 2056 1789 3626 1863; baseline 0.003 -19"><span class='ocrx_word' id='word_1_362' title='bbox 2056 1789 2203 1844; x_wconf 91' lang='lat' dir='ltr'><strong>enim</strong></span> <span class='ocrx_word' id='word_1_363' title='bbox 2231 1790 2369 1845; x_wconf 88' lang='lat' dir='ltr'><strong>alius</strong></span> <span class='ocrx_word' id='word_1_364' title='bbox 2398 1790 2528 1861; x_wconf 87' lang='lat' dir='ltr'><strong>est),</strong></span> <span class='ocrx_word' id='word_1_365' title='bbox 2564 1794 2659 1848; x_wconf 90' lang='lat' dir='ltr'><strong>sed</strong></span> <span class='ocrx_word' id='word_1_366' title='bbox 2690 1793 2745 1847; x_wconf 92' lang='lat' dir='ltr'><strong>in</strong></span> <span class='ocrx_word' id='word_1_367' title='bbox 2788 1808 2911 1848; x_wconf 90' lang='lat' dir='ltr'><strong>eum</strong></span> <span class='ocrx_word' id='word_1_368' title='bbox 2942 1794 2997 1848; x_wconf 93' lang='lat' dir='ltr'><strong>in</strong></span> <span class='ocrx_word' id='word_1_369' title='bbox 3034 1807 3196 1863; x_wconf 90' lang='lat' dir='ltr'><strong>quem</strong></span> <span class='ocrx_word' id='word_1_370' title='bbox 3225 1804 3281 1849; x_wconf 91' lang='lat' dir='ltr'><strong>et</strong></span> <span class='ocrx_word' id='word_1_371' title='bbox 3303 1809 3422 1859; x_wconf 86' lang='lat' dir='ltr'><strong>vos,</strong></span> <span class='ocrx_word' id='word_1_372' title='bbox 3456 1794 3626 1849; x_wconf 90' lang='lat' dir='ltr'><strong>Deum</strong></span> 
     </span>
    </p>
   </div>
   <div class='ocr_carea' id='block_1_48' title="bbox 1983 1863 3621 1953">
    <p class='ocr_par' dir='ltr' id='par_1_48' title="bbox 1983 1863 3621 1953">
     <span class='ocr_line' id='line_1_48' title="bbox 1983 1863 3621 1953; baseline 0.004 -20"><span class='ocrx_word' id='word_1_373' title='bbox 1983 1863 2028 1924; x_wconf 78' lang='grc' dir='ltr'><strong>Β</strong></span> <span class='ocrx_word' id='word_1_374' title='bbox 2055 1878 2305 1946; x_wconf 79' lang='lat' dir='ltr'><strong>Abrahae,</strong></span> <span class='ocrx_word' id='word_1_375' title='bbox 2351 1890 2405 1935; x_wconf 90' lang='lat' dir='ltr'><strong>et</strong></span> <span class='ocrx_word' id='word_1_376' title='bbox 2452 1879 2599 1937; x_wconf 86' lang='lat' dir='ltr'><strong>Isaac</strong></span> <span class='ocrx_word' id='word_1_377' title='bbox 2638 1891 2693 1939; x_wconf 94' lang='lat' dir='ltr'><strong>et</strong></span> <span class='ocrx_word' id='word_1_378' title='bbox 2725 1882 2914 1939; x_wconf 76' lang='lat' dir='ltr'><strong>Jacob.</strong></span> <span class='ocrx_word' id='word_1_379' title='bbox 2958 1882 3254 1953; x_wconf 89' lang='lat' dir='ltr'><strong>Speramus</strong></span> <span class='ocrx_word' id='word_1_380' title='bbox 3300 1893 3481 1939; x_wconf 87' lang='lat' dir='ltr'><strong>autem</strong></span> <span class='ocrx_word' id='word_1_381' title='bbox 3513 1901 3621 1939; x_wconf 91' lang='lat' dir='ltr'><strong>non</strong></span> 
     </span>
    </p>
   </div>
   <div class='ocr_carea' id='block_1_49' title="bbox 2055 1972 3628 2048">
    <p class='ocr_par' dir='ltr' id='par_1_49' title="bbox 2055 1972 3628 2048">
     <span class='ocr_line' id='line_1_49' title="bbox 2055 1972 3628 2048; baseline 0.003 -20"><span class='ocrx_word' id='word_1_382' title='bbox 2055 1986 2155 2043; x_wconf 90' lang='lat' dir='ltr'><strong>per</strong></span> <span class='ocrx_word' id='word_1_383' title='bbox 2182 1972 2427 2044; x_wconf 80' lang='lat' dir='ltr'><strong>Moysen,</strong></span> <span class='ocrx_word' id='word_1_384' title='bbox 2475 1988 2653 2046; x_wconf 91' lang='lat' dir='ltr'><strong>neque</strong></span> <span class='ocrx_word' id='word_1_385' title='bbox 2699 1990 2797 2045; x_wconf 89' lang='lat' dir='ltr'><strong>per</strong></span> <span class='ocrx_word' id='word_1_386' title='bbox 2843 1977 3051 2048; x_wconf 78' lang='lat' dir='ltr'><strong>legem;</strong></span> <span class='ocrx_word' id='word_1_387' title='bbox 3109 1979 3188 2035; x_wconf 87' lang='lat' dir='ltr'><strong>sic</strong></span> <span class='ocrx_word' id='word_1_388' title='bbox 3220 1979 3364 2035; x_wconf 91' lang='lat' dir='ltr'><strong>enim</strong></span> <span class='ocrx_word' id='word_1_389' title='bbox 3394 1979 3537 2034; x_wconf 85' lang='lat' dir='ltr'><strong>idem</strong></span> <span class='ocrx_word' id='word_1_390' title='bbox 3564 1992 3628 2033; x_wconf 88' lang='lat' dir='ltr'><strong>ac</strong></span> 
     </span>
    </p>
   </div>
   <div class='ocr_carea' id='block_1_50' title="bbox 2056 2066 3628 2144">
    <p class='ocr_par' dir='ltr' id='par_1_50' title="bbox 2056 2066 3628 2144">
     <span class='ocr_line' id='line_1_50' title="bbox 2056 2066 3628 2144; baseline 0.002 -20"><span class='ocrx_word' id='word_1_391' title='bbox 2056 2083 2153 2124; x_wconf 90' lang='lat' dir='ltr'><strong>vos</strong></span> <span class='ocrx_word' id='word_1_392' title='bbox 2178 2066 2509 2125; x_wconf 78' lang='lat' dir='ltr'><strong>faceremus.</strong></span> <span class='ocrx_word' id='word_1_393' title='bbox 2548 2068 2704 2126; x_wconf 85' lang='lat' dir='ltr'><strong>Nunc</strong></span> <span class='ocrx_word' id='word_1_394' title='bbox 2732 2085 2865 2128; x_wconf 85' lang='lat' dir='ltr'><strong>vero</strong></span> <span class='ocrx_word' id='word_1_395' title='bbox 2896 2072 3024 2143; x_wconf 90' lang='lat' dir='ltr'><strong>(legi</strong></span> <span class='ocrx_word' id='word_1_396' title='bbox 3055 2073 3223 2140; x_wconf 89' lang='lat' dir='ltr'><strong>enim,</strong></span> <span class='ocrx_word' id='word_1_397' title='bbox 3255 2072 3497 2144; x_wconf 82' lang='lat' dir='ltr'><strong>Trypho,</strong></span> <span class='ocrx_word' id='word_1_398' title='bbox 3530 2087 3628 2127; x_wconf 91' lang='lat' dir='ltr'><strong>no-</strong></span> 
     </span>
    </p>
   </div>
   <div class='ocr_carea' id='block_1_51' title="bbox 2054 2160 3626 2232">
    <p class='ocr_par' dir='ltr' id='par_1_51' title="bbox 2054 2160 3626 2232">
     <span class='ocr_line' id='line_1_51' title="bbox 2054 2160 3626 2232; baseline 0.002 -18"><span class='ocrx_word' id='word_1_399' title='bbox 2054 2160 2333 2215; x_wconf 87' lang='lat' dir='ltr'><strong>vissimam</strong></span> <span class='ocrx_word' id='word_1_400' title='bbox 2384 2161 2559 2232; x_wconf 87' lang='lat' dir='ltr'><strong>legem</strong></span> <span class='ocrx_word' id='word_1_401' title='bbox 2596 2160 2838 2218; x_wconf 82' lang='lat' dir='ltr'><strong>futuram</strong></span> <span class='ocrx_word' id='word_1_402' title='bbox 2867 2173 2922 2218; x_wconf 93' lang='lat' dir='ltr'><strong>et</strong></span> <span class='ocrx_word' id='word_1_403' title='bbox 2954 2174 3341 2220; x_wconf 87' lang='lat' dir='ltr'><strong>testamentum</strong></span> <span class='ocrx_word' id='word_1_404' title='bbox 3379 2164 3626 2220; x_wconf 88' lang='lat' dir='ltr'><strong>omnium</strong></span> 
     </span>
    </p>
   </div>
   <div class='ocr_carea' id='block_1_52' title="bbox 2054 2250 3624 2323">
    <p class='ocr_par' dir='ltr' id='par_1_52' title="bbox 2054 2250 3624 2323">
     <span class='ocr_line' id='line_1_52' title="bbox 2054 2250 3624 2323; baseline 0.004 -18"><span class='ocrx_word' id='word_1_405' title='bbox 2054 2250 2444 2317; x_wconf 74' lang='lat' dir='ltr'><strong>ﬁrmissimum,</strong></span> <span class='ocrx_word' id='word_1_406' title='bbox 2481 2254 2625 2323; x_wconf 92' lang='lat' dir='ltr'><strong>quod</strong></span> <span class='ocrx_word' id='word_1_407' title='bbox 2649 2269 2792 2311; x_wconf 90' lang='lat' dir='ltr'><strong>nunc</strong></span> <span class='ocrx_word' id='word_1_408' title='bbox 2820 2256 3083 2311; x_wconf 87' lang='lat' dir='ltr'><strong>custodiri</strong></span> <span class='ocrx_word' id='word_1_409' title='bbox 3131 2256 3201 2311; x_wconf 91' lang='lat' dir='ltr'><strong>ab</strong></span> <span class='ocrx_word' id='word_1_410' title='bbox 3232 2256 3492 2312; x_wconf 90' lang='lat' dir='ltr'><strong>omnibus</strong></span> <span class='ocrx_word' id='word_1_411' title='bbox 3526 2254 3624 2311; x_wconf 84' lang='lat' dir='ltr'><strong>de—</strong></span> 
     </span>
    </p>
   </div>
   <div class='ocr_carea' id='block_1_53' title="bbox 2054 2345 3622 2419">
    <p class='ocr_par' dir='ltr' id='par_1_53' title="bbox 2054 2345 3622 2419">
     <span class='ocr_line' id='line_1_53' title="bbox 2054 2345 3622 2419; baseline 0.001 -20"><span class='ocrx_word' id='word_1_412' title='bbox 2054 2354 2162 2411; x_wconf 87' lang='lat' dir='ltr'><strong>cet,</strong></span> <span class='ocrx_word' id='word_1_413' title='bbox 2202 2345 2513 2417; x_wconf 90' lang='lat' dir='ltr'><strong>quicunque</strong></span> <span class='ocrx_word' id='word_1_414' title='bbox 2555 2346 2933 2403; x_wconf 72' lang='lat' dir='ltr'><strong>haereditatetn</strong></span> <span class='ocrx_word' id='word_1_415' title='bbox 2980 2348 3078 2403; x_wconf 88' lang='lat' dir='ltr'><strong>Dei</strong></span> <span class='ocrx_word' id='word_1_416' title='bbox 3120 2349 3380 2419; x_wconf 85' lang='lat' dir='ltr'><strong>consequi</strong></span> <span class='ocrx_word' id='word_1_417' title='bbox 3412 2347 3622 2405; x_wconf 91' lang='lat' dir='ltr'><strong>volunt.</strong></span> 
     </span>
    </p>
   </div>
   <div class='ocr_carea' id='block_1_54' title="bbox 2053 2434 3624 2511">
    <p class='ocr_par' dir='ltr' id='par_1_54' title="bbox 2053 2434 3624 2511">
     <span class='ocr_line' id='line_1_54' title="bbox 2053 2434 3624 2511; baseline 0.003 -22"><span class='ocrx_word' id='word_1_418' title='bbox 2053 2434 2191 2491; x_wconf 82' lang='lat' dir='ltr'><strong>Nam</strong></span> <span class='ocrx_word' id='word_1_419' title='bbox 2212 2451 2333 2507; x_wconf 70' lang='lat' dir='ltr'><strong>quae</strong></span> <span class='ocrx_word' id='word_1_420' title='bbox 2356 2438 2409 2491; x_wconf 92' lang='lat' dir='ltr'><strong>in</strong></span> <span class='ocrx_word' id='word_1_421' title='bbox 2442 2438 2585 2494; x_wconf 86' lang='lat' dir='ltr'><strong>Oreb</strong></span> <span class='ocrx_word' id='word_1_422' title='bbox 2619 2439 2958 2509; x_wconf 86' lang='lat' dir='ltr'><strong>promulgata</strong></span> <span class='ocrx_word' id='word_1_423' title='bbox 2996 2440 3084 2495; x_wconf 78' lang='lat' dir='ltr'><strong>lex</strong></span> <span class='ocrx_word' id='word_1_424' title='bbox 3118 2449 3224 2506; x_wconf 88' lang='lat' dir='ltr'><strong>est,</strong></span> <span class='ocrx_word' id='word_1_425' title='bbox 3250 2449 3408 2497; x_wconf 82' lang='lat' dir='ltr'><strong>vetus</strong></span> <span class='ocrx_word' id='word_1_426' title='bbox 3429 2441 3541 2511; x_wconf 80' lang='lat' dir='ltr'><strong>jam</strong></span> <span class='ocrx_word' id='word_1_427' title='bbox 3569 2449 3624 2495; x_wconf 91' lang='lat' dir='ltr'><strong>et</strong></span> 
     </span>
    </p>
   </div>
   <div class='ocr_carea' id='block_1_55' title="bbox 2052 2533 3619 2607">
    <p class='ocr_par' dir='ltr' id='par_1_55' title="bbox 2052 2533 3619 2607">
     <span class='ocr_line' id='line_1_55' title="bbox 2052 2533 3619 2607; baseline 0.006 -23"><span class='ocrx_word' id='word_1_428' title='bbox 2052 2539 2234 2585; x_wconf 83' lang='lat' dir='ltr'><strong>vestra</strong></span> <span class='ocrx_word' id='word_1_429' title='bbox 2266 2533 2439 2587; x_wconf 89' lang='lat' dir='ltr'><strong>solum</strong></span> <span class='ocrx_word' id='word_1_430' title='bbox 2468 2542 2585 2601; x_wconf 89' lang='lat' dir='ltr'><strong>est;</strong></span> <span class='ocrx_word' id='word_1_431' title='bbox 2619 2535 2735 2589; x_wconf 62' lang='lat' dir='ltr'><strong>hinc</strong></span> <span class='ocrx_word' id='word_1_432' title='bbox 2763 2545 2945 2589; x_wconf 90' lang='lat' dir='ltr'><strong>autem</strong></span> <span class='ocrx_word' id='word_1_433' title='bbox 2974 2537 3218 2591; x_wconf 91' lang='lat' dir='ltr'><strong>omnium</strong></span> <span class='ocrx_word' id='word_1_434' title='bbox 3250 2552 3475 2607; x_wconf 89' lang='lat' dir='ltr'><strong>prorsus</strong></span> <span class='ocrx_word' id='word_1_435' title='bbox 3503 2547 3619 2602; x_wconf 86' lang='lat' dir='ltr'><strong>est;</strong></span> 
     </span>
    </p>
   </div>
   <div class='ocr_carea' id='block_1_56' title="bbox 2051 2622 3616 2702">
    <p class='ocr_par' dir='ltr' id='par_1_56' title="bbox 2051 2622 3616 2702">
     <span class='ocr_line' id='line_1_56' title="bbox 2051 2622 3616 2702; baseline 0.005 -25"><span class='ocrx_word' id='word_1_436' title='bbox 2051 2622 2138 2678; x_wconf 88' lang='lat' dir='ltr'><strong>lex</strong></span> <span class='ocrx_word' id='word_1_437' title='bbox 2179 2632 2358 2680; x_wconf 88' lang='lat' dir='ltr'><strong>autem</strong></span> <span class='ocrx_word' id='word_1_438' title='bbox 2386 2627 2644 2682; x_wconf 86' lang='lat' dir='ltr'><strong>adversus</strong></span> <span class='ocrx_word' id='word_1_439' title='bbox 2671 2627 2847 2698; x_wconf 88' lang='lat' dir='ltr'><strong>legem</strong></span> <span class='ocrx_word' id='word_1_440' title='bbox 2881 2629 3055 2697; x_wconf 90' lang='lat' dir='ltr'><strong>posita</strong></span> <span class='ocrx_word' id='word_1_441' title='bbox 3080 2631 3316 2699; x_wconf 91' lang='lat' dir='ltr'><strong>priorem</strong></span> <span class='ocrx_word' id='word_1_442' title='bbox 3354 2632 3616 2702; x_wconf 87' lang='lat' dir='ltr'><strong>abrogat;</strong></span> 
     </span>
    </p>
   </div>
   <div class='ocr_carea' id='block_1_57' title="bbox 2051 2717 3619 2796">
    <p class='ocr_par' dir='ltr' id='par_1_57' title="bbox 2051 2717 3619 2796">
     <span class='ocr_line' id='line_1_57' title="bbox 2051 2717 3619 2796; baseline 0.006 -23"><span class='ocrx_word' id='word_1_443' title='bbox 2051 2717 2300 2773; x_wconf 88' lang='lat' dir='ltr'><strong>similiter</strong></span> <span class='ocrx_word' id='word_1_444' title='bbox 2330 2727 2714 2775; x_wconf 88' lang='lat' dir='ltr'><strong>testamentum</strong></span> <span class='ocrx_word' id='word_1_445' title='bbox 2746 2723 3018 2793; x_wconf 87' lang='lat' dir='ltr'><strong>posterius</strong></span> <span class='ocrx_word' id='word_1_446' title='bbox 3052 2724 3211 2794; x_wconf 71' lang='lat'><strong>112</strong></span> <span class='ocrx_word' id='word_1_447' title='bbox 3253 2726 3519 2796; x_wconf 90' lang='lat' dir='ltr'><strong>superiori</strong></span> <span class='ocrx_word' id='word_1_448' title='bbox 3553 2726 3619 2781; x_wconf 87' lang='lat' dir='ltr'><strong>li-</strong></span> 
     </span>
    </p>
   </div>
   <div class='ocr_carea' id='block_1_58' title="bbox 2050 2811 3620 2881">
    <p class='ocr_par' dir='ltr' id='par_1_58' title="bbox 2050 2811 3620 2881">
     <span class='ocr_line' id='line_1_58' title="bbox 2050 2811 3620 2881; baseline 0.006 -17"><span class='ocrx_word' id='word_1_449' title='bbox 2050 2824 2174 2865; x_wconf 89' lang='lat' dir='ltr'><strong>nem</strong></span> <span class='ocrx_word' id='word_1_450' title='bbox 2222 2811 2471 2881; x_wconf 86' lang='lat' dir='ltr'><strong>imponit,</strong></span> <span class='ocrx_word' id='word_1_451' title='bbox 2521 2827 2587 2868; x_wconf 90' lang='lat' dir='ltr'><strong>ac</strong></span> <span class='ocrx_word' id='word_1_452' title='bbox 2617 2824 2820 2870; x_wconf 68' lang='lat' dir='ltr'><strong>aeterna</strong></span> <span class='ocrx_word' id='word_1_453' title='bbox 2871 2815 3034 2870; x_wconf 91' lang='lat' dir='ltr'><strong>nobis</strong></span> <span class='ocrx_word' id='word_1_454' title='bbox 3083 2827 3138 2871; x_wconf 90' lang='lat' dir='ltr'><strong>et</strong></span> <span class='ocrx_word' id='word_1_455' title='bbox 3191 2818 3485 2873; x_wconf 89' lang='lat' dir='ltr'><strong>novissima</strong></span> <span class='ocrx_word' id='word_1_456' title='bbox 3529 2820 3620 2875; x_wconf 84' lang='lat' dir='ltr'><strong>lcx</strong></span> 
     </span>
    </p>
   </div>
   <div class='ocr_carea' id='block_1_59' title="bbox 2048 2902 3621 2981">
    <p class='ocr_par' dir='ltr' id='par_1_59' title="bbox 2048 2902 3621 2981">
     <span class='ocr_line' id='line_1_59' title="bbox 2048 2902 3621 2981; baseline 0.003 -21"><span class='ocrx_word' id='word_1_457' title='bbox 2048 2902 2299 2962; x_wconf 86' lang='lat' dir='ltr'><strong>Christus</strong></span> <span class='ocrx_word' id='word_1_458' title='bbox 2326 2907 2484 2963; x_wconf 89' lang='lat' dir='ltr'><strong>datus</strong></span> <span class='ocrx_word' id='word_1_459' title='bbox 2508 2917 2615 2973; x_wconf 91' lang='lat' dir='ltr'><strong>est,</strong></span> <span class='ocrx_word' id='word_1_460' title='bbox 2641 2916 2697 2961; x_wconf 91' lang='lat' dir='ltr'><strong>et</strong></span> <span class='ocrx_word' id='word_1_461' title='bbox 2720 2914 3104 2963; x_wconf 85' lang='lat' dir='ltr'><strong>testamentum</strong></span> <span class='ocrx_word' id='word_1_462' title='bbox 3130 2908 3304 2974; x_wconf 82' lang='lat' dir='ltr'><strong>ﬁdele,</strong></span> <span class='ocrx_word' id='word_1_463' title='bbox 3337 2918 3458 2981; x_wconf 87' lang='lat' dir='ltr'><strong>post</strong></span> <span class='ocrx_word' id='word_1_464' title='bbox 3476 2911 3621 2979; x_wconf 82' lang='lat' dir='ltr'><strong>quod</strong></span> 
     </span>
    </p>
   </div>
   <div class='ocr_carea' id='block_1_60' title="bbox 2050 2996 3620 3069">
    <p class='ocr_par' dir='ltr' id='par_1_60' title="bbox 2050 2996 3620 3069">
     <span class='ocr_line' id='line_1_60' title="bbox 2050 2996 3620 3069; baseline 0.004 -19"><span class='ocrx_word' id='word_1_465' title='bbox 2050 3009 2158 3051; x_wconf 93' lang='lat' dir='ltr'><strong>non</strong></span> <span class='ocrx_word' id='word_1_466' title='bbox 2192 2996 2302 3063; x_wconf 83' lang='lat' dir='ltr'><strong>lex,</strong></span> <span class='ocrx_word' id='word_1_467' title='bbox 2330 3014 2437 3054; x_wconf 94' lang='lat' dir='ltr'><strong>non</strong></span> <span class='ocrx_word' id='word_1_468' title='bbox 2466 3008 2823 3069; x_wconf 62' lang='lat' dir='ltr'><strong>praceptum,</strong></span> <span class='ocrx_word' id='word_1_469' title='bbox 2850 3015 2959 3056; x_wconf 87' lang='lat' dir='ltr'><strong>non</strong></span> <span class='ocrx_word' id='word_1_470' title='bbox 2987 3002 3322 3057; x_wconf 79' lang='lat' dir='ltr'><strong>mandatum.</strong></span> <span class='ocrx_word' id='word_1_471' title='bbox 3354 3005 3437 3057; x_wconf 86' lang='lat' dir='ltr'><strong>An</strong></span> <span class='ocrx_word' id='word_1_472' title='bbox 3476 3011 3532 3058; x_wconf 90' lang='lat' dir='ltr'><strong>tu</strong></span> <span class='ocrx_word' id='word_1_473' title='bbox 3552 3018 3620 3058; x_wconf 82' lang='lat' dir='ltr'><strong>ea</strong></span> 
     </span>
    </p>
   </div>
   <div class='ocr_carea' id='block_1_61' title="bbox 2049 3090 3618 3162">
    <p class='ocr_par' dir='ltr' id='par_1_61' title="bbox 2049 3090 3618 3162">
     <span class='ocr_line' id='line_1_61' title="bbox 2049 3090 3618 3162; baseline 0.004 -19"><span class='ocrx_word' id='word_1_474' title='bbox 2049 3105 2155 3145; x_wconf 91' lang='lat' dir='ltr'><strong>non</strong></span> <span class='ocrx_word' id='word_1_475' title='bbox 2188 3090 2391 3162; x_wconf 78' lang='lat' dir='ltr'><strong>legisti,</strong></span> <span class='ocrx_word' id='word_1_476' title='bbox 2436 3106 2556 3161; x_wconf 83' lang='lat' dir='ltr'><strong>quae</strong></span> <span class='ocrx_word' id='word_1_477' title='bbox 2588 3091 2721 3146; x_wconf 88' lang='lat' dir='ltr'><strong>dicit</strong></span> <span class='ocrx_word' id='word_1_478' title='bbox 2748 3091 2918 3147; x_wconf 85' lang='lat' dir='ltr'><strong>Isaias</strong></span> <span class='ocrx_word' id='word_1_479' title='bbox 2951 3108 2966 3145; x_wconf 91' lang='lat'><strong>:</strong></span> <span class='ocrx_word' id='word_1_480' title='bbox 3008 3110 3027 3144; x_wconf 82' lang='lat' dir='ltr'><strong>t</strong></span> <span class='ocrx_word' id='word_1_481' title='bbox 3057 3093 3257 3148; x_wconf 89' lang='lat' dir='ltr'><strong>Audite</strong></span> <span class='ocrx_word' id='word_1_482' title='bbox 3286 3108 3390 3158; x_wconf 92' lang='lat' dir='ltr'><strong>me,</strong></span> <span class='ocrx_word' id='word_1_483' title='bbox 3433 3096 3618 3150; x_wconf 86' lang='lat' dir='ltr'><strong>audite</strong></span> 
     </span>
    </p>
   </div>
   <div class='ocr_carea' id='block_1_62' title="bbox 358 3159 1944 3274">
    <p class='ocr_par' dir='ltr' id='par_1_62' title="bbox 358 3159 1943 3267">
     <span class='ocr_line' id='line_1_62' title="bbox 358 3159 1943 3267; baseline 0.014 -57"><span class='ocrx_word' id='word_1_484' title='bbox 358 3159 486 3267; x_wconf 54' lang='grc' dir='ltr'>έμοῦ</span> <span class='ocrx_word' id='word_1_485' title='bbox 529 3162 903 3231; x_wconf 77' lang='grc' dir='ltr'>ἐξελεύσεται,</span> <span class='ocrx_word' id='word_1_486' title='bbox 939 3169 1034 3223; x_wconf 79' lang='grc' dir='ltr'><strong>καὶ</strong></span> <span class='ocrx_word' id='word_1_487' title='bbox 1079 3172 1113 3241; x_wconf 91' lang='grc' dir='ltr'><strong>ή</strong></span> <span class='ocrx_word' id='word_1_488' title='bbox 1146 3172 1326 3243; x_wconf 89' lang='grc' dir='ltr'>κρίσις</span> <span class='ocrx_word' id='word_1_489' title='bbox 1354 3192 1455 3245; x_wconf 89' lang='grc' dir='ltr'><strong>μου</strong></span> <span class='ocrx_word' id='word_1_490' title='bbox 1488 3176 1569 3239; x_wconf 85' lang='grc' dir='ltr'><strong>είς</strong></span> <span class='ocrx_word' id='word_1_491' title='bbox 1600 3176 1717 3247; x_wconf 84' lang='grc' dir='ltr'><strong>φῶς</strong></span> <span class='ocrx_word' id='word_1_492' title='bbox 1754 3176 1943 3233; x_wconf 78' lang='grc' dir='ltr'>ἐθνῶν.</span> 
     </span>
    </p>
   </div>
   <div class='ocr_carea' id='block_1_63' title="bbox 2043 3159 3618 3274">
    <p class='ocr_par' dir='ltr' id='par_1_63' title="bbox 2051 3159 3618 3255">
     <span class='ocr_line' id='line_1_63' title="bbox 2051 3159 3618 3255; baseline 0.004 -22"><span class='ocrx_word' id='word_1_493' title='bbox 2051 3196 2156 3245; x_wconf 91' lang='lat' dir='ltr'><strong>ine,</strong></span> <span class='ocrx_word' id='word_1_494' title='bbox 2185 3159 2415 3251; x_wconf 79' lang='lat' dir='ltr'><strong>populus</strong></span> <span class='ocrx_word' id='word_1_495' title='bbox 2444 3159 2619 3249; x_wconf 83' lang='lat' dir='ltr'><strong>meus,</strong></span> <span class='ocrx_word' id='word_1_496' title='bbox 2660 3191 2889 3253; x_wconf 88' lang='lat' dir='ltr'><strong>etreges</strong></span> <span class='ocrx_word' id='word_1_497' title='bbox 2919 3180 3223 3239; x_wconf 88' lang='lat' dir='ltr'><strong>auscultate</strong></span> <span class='ocrx_word' id='word_1_498' title='bbox 3269 3185 3431 3249; x_wconf 88' lang='lat' dir='ltr'><strong>mihi;</strong></span> <span class='ocrx_word' id='word_1_499' title='bbox 3477 3200 3618 3255; x_wconf 88' lang='lat' dir='ltr'><strong>quo-</strong></span> 
     </span>
    </p>
   </div>
   <div class='ocr_carea' id='block_1_64' title="bbox 371 3249 1946 3338">
    <p class='ocr_par' dir='ltr' id='par_1_64' title="bbox 371 3249 1946 3338">
     <span class='ocr_line' id='line_1_64' title="bbox 371 3249 1946 3338; baseline 0.013 -32"><span class='ocrx_word' id='word_1_500' title='bbox 371 3249 614 3324; x_wconf 80' lang='grc' dir='ltr'>Ἐγγίζει</span> <span class='ocrx_word' id='word_1_501' title='bbox 667 3259 805 3329; x_wconf 82' lang='grc' dir='ltr'>ταχὺ</span> <span class='ocrx_word' id='word_1_502' title='bbox 850 3260 883 3330; x_wconf 79' lang='grc' dir='ltr'><strong>ἡ</strong></span> <span class='ocrx_word' id='word_1_503' title='bbox 931 3261 1243 3337; x_wconf 83' lang='grc' dir='ltr'>δικαιοσύνη</span> <span class='ocrx_word' id='word_1_504' title='bbox 1290 3284 1413 3337; x_wconf 88' lang='grc' dir='ltr'>μου,</span> <span class='ocrx_word' id='word_1_505' title='bbox 1462 3270 1557 3322; x_wconf 79' lang='grc' dir='ltr'>καὶ</span> <span class='ocrx_word' id='word_1_506' title='bbox 1606 3271 1946 3338; x_wconf 77' lang='grc' dir='ltr'>ἐξελεύσεται</span> 
     </span>
    </p>
   </div>
   <div class='ocr_carea' id='block_1_65' title="bbox 357 3346 1949 3436">
    <p class='ocr_par' dir='ltr' id='par_1_65' title="bbox 357 3346 1949 3436">
     <span class='ocr_line' id='line_1_65' title="bbox 357 3346 1949 3436; baseline 0.012 -38"><span class='ocrx_word' id='word_1_507' title='bbox 357 3346 413 3398; x_wconf 82' lang='grc' dir='ltr'><strong>τὸ</strong></span> <span class='ocrx_word' id='word_1_508' title='bbox 443 3350 719 3420; x_wconf 81' lang='grc' dir='ltr'>σωτήριόν</span> <span class='ocrx_word' id='word_1_509' title='bbox 756 3368 878 3421; x_wconf 90' lang='grc' dir='ltr'>μου,</span> <span class='ocrx_word' id='word_1_510' title='bbox 911 3354 1007 3408; x_wconf 73' lang='grc' dir='ltr'><strong>καὶ</strong></span> <span class='ocrx_word' id='word_1_511' title='bbox 1042 3358 1121 3419; x_wconf 83' lang='grc' dir='ltr'><strong>είς</strong></span> <span class='ocrx_word' id='word_1_512' title='bbox 1160 3357 1248 3411; x_wconf 90' lang='grc' dir='ltr'><strong>τὸν</strong></span> <span class='ocrx_word' id='word_1_513' title='bbox 1288 3358 1548 3431; x_wconf 85' lang='grc' dir='ltr'>βραχίονά</span> <span class='ocrx_word' id='word_1_514' title='bbox 1581 3380 1681 3433; x_wconf 89' lang='grc' dir='ltr'><strong>μου</strong></span> <span class='ocrx_word' id='word_1_515' title='bbox 1715 3363 1841 3436; x_wconf 79' lang='grc' dir='ltr'>ἔθνη</span> <span class='ocrx_word' id='word_1_516' title='bbox 1869 3364 1949 3419; x_wconf 86' lang='grc' dir='ltr'><strong>ὲλ-</strong></span> 
     </span>
    </p>
   </div>
   <div class='ocr_carea' id='block_1_66' title="bbox 359 3439 1946 3523">
    <p class='ocr_par' dir='ltr' id='par_1_66' title="bbox 359 3439 1946 3523">
     <span class='ocr_line' id='line_1_66' title="bbox 359 3439 1946 3523; baseline 0.01 -33"><span class='ocrx_word' id='word_1_517' title='bbox 359 3439 559 3493; x_wconf 75' lang='grc' dir='ltr'>πιοῦσι.</span> <span class='ocrx_word' id='word_1_518' title='bbox 602 3460 625 3491; x_wconf 73' lang='grc' dir='ltr'><strong>ι</strong></span> <span class='ocrx_word' id='word_1_519' title='bbox 661 3442 775 3495; x_wconf 79' lang='grc' dir='ltr'>Καὶ</span> <span class='ocrx_word' id='word_1_520' title='bbox 794 3442 884 3499; x_wconf 80' lang='grc' dir='ltr'><strong>διὰ</strong></span> <span class='ocrx_word' id='word_1_521' title='bbox 917 3443 1184 3516; x_wconf 85' lang='grc' dir='ltr'>Ἰερεμίου</span> <span class='ocrx_word' id='word_1_522' title='bbox 1233 3450 1363 3521; x_wconf 72' lang='grc' dir='ltr'>περὶ</span> <span class='ocrx_word' id='word_1_523' title='bbox 1400 3450 1604 3522; x_wconf 89' lang='grc' dir='ltr'>ταύτης</span> <span class='ocrx_word' id='word_1_524' title='bbox 1644 3452 1815 3523; x_wconf 79' lang='grc' dir='ltr'>αὐτῆς</span> <span class='ocrx_word' id='word_1_525' title='bbox 1846 3454 1946 3523; x_wconf 84' lang='grc' dir='ltr'>τῆς</span> 
     </span>
    </p>
   </div>
   <div class='ocr_carea' id='block_1_67' title="bbox 353 3532 1946 3617">
    <p class='ocr_par' dir='ltr' id='par_1_67' title="bbox 353 3532 1946 3617">
     <span class='ocr_line' id='line_1_67' title="bbox 353 3532 1946 3617; baseline 0.009 -34"><span class='ocrx_word' id='word_1_526' title='bbox 353 3532 565 3603; x_wconf 78' lang='grc' dir='ltr'>Καινῆς</span> <span class='ocrx_word' id='word_1_527' title='bbox 595 3534 878 3606; x_wconf 81' lang='grc' dir='ltr'>Διαθήκης</span> <span class='ocrx_word' id='word_1_528' title='bbox 927 3536 1071 3592; x_wconf 81' lang='grc' dir='ltr'>οὕτω</span> <span class='ocrx_word' id='word_1_529' title='bbox 1117 3541 1312 3611; x_wconf 85' lang='grc' dir='ltr'>φησίν·</span> <span class='ocrx_word' id='word_1_530' title='bbox 1353 3560 1373 3593; x_wconf 76' lang='grc' dir='ltr'><strong>ι</strong></span> <span class='ocrx_word' id='word_1_531' title='bbox 1425 3542 1555 3596; x_wconf 89' lang='grc' dir='ltr'>Ἰδοὺ</span> <span class='ocrx_word' id='word_1_532' title='bbox 1606 3544 1806 3616; x_wconf 84' lang='grc' dir='ltr'>ήμέραι</span> <span class='ocrx_word' id='word_1_533' title='bbox 1854 3545 1946 3617; x_wconf 83' lang='grc' dir='ltr'><strong>ἔρ-</strong></span> 
     </span>
    </p>
   </div>
   <div class='ocr_carea' id='block_1_68' title="bbox 353 3624 1945 3707">
    <p class='ocr_par' dir='ltr' id='par_1_68' title="bbox 353 3624 1945 3707">
     <span class='ocr_line' id='line_1_68' title="bbox 353 3624 1945 3707; baseline 0.011 -34"><span class='ocrx_word' id='word_1_534' title='bbox 353 3640 558 3691; x_wconf 81' lang='grc' dir='ltr'>χονται,</span> <span class='ocrx_word' id='word_1_535' title='bbox 608 3624 762 3693; x_wconf 79' lang='grc' dir='ltr'>λέγει</span> <span class='ocrx_word' id='word_1_536' title='bbox 810 3626 1043 3698; x_wconf 81' lang='grc' dir='ltr'>Κύριος·</span> <span class='ocrx_word' id='word_1_537' title='bbox 1077 3632 1171 3683; x_wconf 77' lang='grc' dir='ltr'>καὶ</span> <span class='ocrx_word' id='word_1_538' title='bbox 1198 3631 1523 3706; x_wconf 85' lang='grc' dir='ltr'>διαθήσομαι</span> <span class='ocrx_word' id='word_1_539' title='bbox 1676 3636 1811 3707; x_wconf 81' lang='grc' dir='ltr'>οἴκῳ</span> <span class='ocrx_word' id='word_1_540' title='bbox 1844 3639 1945 3691; x_wconf 85' lang='grc' dir='ltr'><strong>Ἰσ-</strong></span> 
     </span>
    </p>
   </div>
   <div class='ocr_carea' id='block_1_69' title="bbox 354 3714 1944 3801">
    <p class='ocr_par' dir='ltr' id='par_1_69' title="bbox 354 3714 1944 3801">
     <span class='ocr_line' id='line_1_69' title="bbox 354 3714 1944 3801; baseline 0.012 -37"><span class='ocrx_word' id='word_1_541' title='bbox 354 3714 488 3786; x_wconf 75' lang='grc' dir='ltr'>ραήλ</span> <span class='ocrx_word' id='word_1_542' title='bbox 535 3717 636 3770; x_wconf 73' lang='grc' dir='ltr'>καὶ</span> <span class='ocrx_word' id='word_1_543' title='bbox 691 3719 770 3789; x_wconf 80' lang='grc' dir='ltr'>τῷ</span> <span class='ocrx_word' id='word_1_544' title='bbox 810 3720 943 3791; x_wconf 71' lang='grc' dir='ltr'>οἴκῳ</span> <span class='ocrx_word' id='word_1_545' title='bbox 985 3721 1152 3777; x_wconf 84' lang='grc' dir='ltr'>Ἰούδα</span> <span class='ocrx_word' id='word_1_546' title='bbox 1198 3724 1464 3798; x_wconf 88' lang='grc' dir='ltr'>διαθήκην</span> <span class='ocrx_word' id='word_1_547' title='bbox 1507 3728 1720 3799; x_wconf 81' lang='grc' dir='ltr'>καινὴν,</span> <span class='ocrx_word' id='word_1_548' title='bbox 1759 3729 1856 3799; x_wconf 82' lang='grc' dir='ltr'><strong>οὐχ</strong></span> <span class='ocrx_word' id='word_1_549' title='bbox 1877 3730 1944 3801; x_wconf 78' lang='grc' dir='ltr'>ἢν</span> 
     </span>
    </p>
   </div>
   <div class='ocr_carea' id='block_1_70' title="bbox 352 3805 1945 3893">
    <p class='ocr_par' dir='ltr' id='par_1_70' title="bbox 352 3805 1945 3893">
     <span class='ocr_line' id='line_1_70' title="bbox 352 3805 1945 3893; baseline 0.011 -36"><span class='ocrx_word' id='word_1_550' title='bbox 352 3805 612 3877; x_wconf 75' lang='grc' dir='ltr'>διεθέμην</span> <span class='ocrx_word' id='word_1_551' title='bbox 634 3812 746 3872; x_wconf 84' lang='grc' dir='ltr'>τοῖς</span> <span class='ocrx_word' id='word_1_552' title='bbox 773 3812 1043 3882; x_wconf 85' lang='grc' dir='ltr'>πατράσιν</span> <span class='ocrx_word' id='word_1_553' title='bbox 1080 3815 1259 3869; x_wconf 82' lang='grc' dir='ltr'>αὐτῶν</span> <span class='ocrx_word' id='word_1_554' title='bbox 1303 3819 1361 3871; x_wconf 81' lang='grc' dir='ltr'>ἐν</span> <span class='ocrx_word' id='word_1_555' title='bbox 1390 3819 1573 3891; x_wconf 77' lang='grc' dir='ltr'>ήμέρᾳ</span> <span class='ocrx_word' id='word_1_556' title='bbox 1683 3821 1945 3874; x_wconf 78' lang='grc' dir='ltr'>ἐπελαϐό-</span> 
     </span>
    </p>
   </div>
   <div class='ocr_carea' id='block_1_71' title="bbox 356 3894 1944 3980">
    <p class='ocr_par' dir='ltr' id='par_1_71' title="bbox 356 3894 1944 3980">
     <span class='ocr_line' id='line_1_71' title="bbox 356 3894 1944 3980; baseline 0.003 -21"><span class='ocrx_word' id='word_1_557' title='bbox 356 3908 461 3962; x_wconf 74' lang='grc' dir='ltr'>μην</span> <span class='ocrx_word' id='word_1_558' title='bbox 489 3894 593 3965; x_wconf 75' lang='grc' dir='ltr'><strong>τῆς</strong></span> <span class='ocrx_word' id='word_1_559' title='bbox 630 3900 813 3967; x_wconf 81' lang='grc' dir='ltr'>χειρὸς</span> <span class='ocrx_word' id='word_1_560' title='bbox 858 3900 1037 3955; x_wconf 78' lang='grc' dir='ltr'>αὐτῶν</span> <span class='ocrx_word' id='word_1_561' title='bbox 1062 3902 1351 3973; x_wconf 77' lang='grc' dir='ltr'>ἐξαγαγεῖν</span> <span class='ocrx_word' id='word_1_562' title='bbox 1394 3908 1593 3972; x_wconf 80' lang='grc' dir='ltr'>αὐτοὺς</span> <span class='ocrx_word' id='word_1_563' title='bbox 1622 3912 1685 3962; x_wconf 81' lang='grc' dir='ltr'>ὲκ</span> <span class='ocrx_word' id='word_1_564' title='bbox 1714 3910 1819 3980; x_wconf 80' lang='grc' dir='ltr'>γῆς</span> <span class='ocrx_word' id='word_1_565' title='bbox 1847 3912 1944 3963; x_wconf 81' lang='grc' dir='ltr'><strong>Αί-</strong></span> 
     </span>
    </p>
   </div>
   <div class='ocr_carea' id='block_1_72' title="bbox 355 3986 1942 4074">
    <p class='ocr_par' dir='ltr' id='par_1_72' title="bbox 355 3986 1942 4074">
     <span class='ocr_line' id='line_1_72' title="bbox 355 3986 1942 4074; baseline 0.01 -35"><span class='ocrx_word' id='word_1_566' title='bbox 355 3986 581 4050; x_wconf 68' lang='grc' dir='ltr'>γύπτου.</span> <span class='ocrx_word' id='word_1_567' title='bbox 598 3994 642 4057; x_wconf 71' lang='grc' dir='ltr'>ι)</span> <span class='ocrx_word' id='word_1_568' title='bbox 662 3992 725 4042; x_wconf 81' lang='grc' dir='ltr'><strong>Εἰ</strong></span> <span class='ocrx_word' id='word_1_569' title='bbox 749 3987 883 4046; x_wconf 76' lang='grc' dir='ltr'><strong>οὖνὸ</strong></span> <span class='ocrx_word' id='word_1_570' title='bbox 908 3994 1042 4058; x_wconf 84' lang='grc' dir='ltr'>Θεὸς</span> <span class='ocrx_word' id='word_1_571' title='bbox 1060 3995 1323 4069; x_wconf 86' lang='grc' dir='ltr'>διαθήκην</span> <span class='ocrx_word' id='word_1_572' title='bbox 1346 4000 1538 4070; x_wconf 82' lang='grc' dir='ltr'>καινὴν</span> <span class='ocrx_word' id='word_1_573' title='bbox 1560 4002 1793 4074; x_wconf 76' lang='grc' dir='ltr'>ἐκήρυξε</span> <span class='ocrx_word' id='word_1_574' title='bbox 1815 4002 1942 4074; x_wconf 82' lang='grc' dir='ltr'>μέλ-</span> 
     </span>
    </p>
   </div>
   <div class='ocr_carea' id='block_1_73' title="bbox 353 4074 1937 4165">
    <p class='ocr_par' dir='ltr' id='par_1_73' title="bbox 353 4074 1937 4165">
     <span class='ocr_line' id='line_1_73' title="bbox 353 4074 1937 4165; baseline 0.013 -35"><span class='ocrx_word' id='word_1_575' title='bbox 353 4074 552 4133; x_wconf 77' lang='grc' dir='ltr'>λουσαν</span> <span class='ocrx_word' id='word_1_576' title='bbox 580 4080 1074 4155; x_wconf 83' lang='grc' dir='ltr'>διαταχθήσεσθαι,</span> <span class='ocrx_word' id='word_1_577' title='bbox 1110 4090 1205 4143; x_wconf 75' lang='grc' dir='ltr'>καὶ</span> <span class='ocrx_word' id='word_1_578' title='bbox 1235 4093 1438 4165; x_wconf 84' lang='grc' dir='ltr'>ταύτην</span> <span class='ocrx_word' id='word_1_579' title='bbox 1478 4095 1558 4158; x_wconf 75' lang='grc' dir='ltr'>εἰς</span> <span class='ocrx_word' id='word_1_580' title='bbox 1597 4094 1711 4163; x_wconf 81' lang='grc' dir='ltr'><strong>φῶς</strong></span> <span class='ocrx_word' id='word_1_581' title='bbox 1748 4095 1937 4161; x_wconf 79' lang='grc' dir='ltr'>ὲθνῶν,</span> 
     </span>
    </p>
   </div>
   <div class='ocr_carea' id='block_1_74' title="bbox 427 4262 1621 4340">
    <p class='ocr_par' dir='ltr' id='par_1_74' title="bbox 427 4262 1621 4340">
     <span class='ocr_line' id='line_1_74' title="bbox 427 4262 1621 4340; baseline 0.013 -25"><span class='ocrx_word' id='word_1_582' title='bbox 427 4262 475 4295; x_wconf 86' lang='grc'>⁸⁸</span> <span class='ocrx_word' id='word_1_583' title='bbox 506 4262 615 4318; x_wconf 88' lang='lat' dir='ltr'><strong>lsa.</strong></span> <span class='ocrx_word' id='word_1_584' title='bbox 653 4280 730 4332; x_wconf 82' lang='lat' dir='ltr'><strong>LI,</strong></span> <span class='ocrx_word' id='word_1_585' title='bbox 764 4266 821 4331; x_wconf 76' lang='grc'>4,</span> <span class='ocrx_word' id='word_1_586' title='bbox 852 4268 904 4323; x_wconf 90' lang='grc'>5.</span> <span class='ocrx_word' id='word_1_587' title='bbox 980 4270 1027 4303; x_wconf 80' lang='grc'><strong>⁸⁸</strong></span> <span class='ocrx_word' id='word_1_588' title='bbox 1064 4270 1178 4328; x_wconf 78' lang='lat' dir='ltr'><strong>Jer.</strong></span> <span class='ocrx_word' id='word_1_589' title='bbox 1211 4289 1366 4339; x_wconf 82' lang='lat' dir='ltr'><strong>xxxi,</strong></span> <span class='ocrx_word' id='word_1_590' title='bbox 1402 4276 1491 4340; x_wconf 80' lang='lat'><strong>3|,</strong></span> <span class='ocrx_word' id='word_1_591' title='bbox 1527 4277 1621 4332; x_wconf 73' lang='grc'><strong>52.</strong></span> 
     </span>
    </p>
   </div>
   <div class='ocr_carea' id='block_1_75' title="bbox 420 4441 1938 4524">
    <p class='ocr_par' dir='ltr' id='par_1_75' title="bbox 420 4441 1938 4524">
     <span class='ocr_line' id='line_1_75' title="bbox 420 4441 1938 4524; baseline 0.013 -31"><span class='ocrx_word' id='word_1_592' title='bbox 420 4441 499 4507; x_wconf 81' lang='lat'><strong>(8)</strong></span> <span class='ocrx_word' id='word_1_593' title='bbox 536 4444 1061 4524; x_wconf 51' lang='grc' dir='ltr'>Σινεξετάσωμεν.</span> <span class='ocrx_word' id='word_1_594' title='bbox 1092 4448 1219 4521; x_wconf 88' lang='lat' dir='ltr'><strong>Legi</strong></span> <span class='ocrx_word' id='word_1_595' title='bbox 1252 4452 1415 4507; x_wconf 85' lang='lat' dir='ltr'><strong>etiam</strong></span> <span class='ocrx_word' id='word_1_596' title='bbox 1442 4464 1624 4524; x_wconf 88' lang='lat' dir='ltr'><strong>posset</strong></span> <span class='ocrx_word' id='word_1_597' title='bbox 1648 4456 1938 4524; x_wconf 80' lang='grc' dir='ltr'>συνεξετά-</span> 
     </span>
    </p>
   </div>
   <div class='ocr_carea' id='block_1_76' title="bbox 350 4516 850 4583">
    <p class='ocr_par' dir='ltr' id='par_1_76' title="bbox 350 4516 850 4583">
     <span class='ocr_line' id='line_1_76' title="bbox 350 4516 850 4583; baseline 0.012 -19"><span class='ocrx_word' id='word_1_598' title='bbox 350 4528 540 4583; x_wconf 54' lang='lat' dir='ltr'><strong>conss.</strong></span> <span class='ocrx_word' id='word_1_599' title='bbox 580 4516 850 4570; x_wconf 65' lang='lat' dir='ltr'><strong>SYLBI&#39;BG.</strong></span> 
     </span>
    </p>
   </div>
   <div class='ocr_carea' id='block_1_77' title="bbox 2047 3272 3615 3347">
    <p class='ocr_par' dir='ltr' id='par_1_77' title="bbox 2047 3272 3615 3347">
     <span class='ocr_line' id='line_1_77' title="bbox 2047 3272 3615 3347; baseline 0.003 -19"><span class='ocrx_word' id='word_1_600' title='bbox 2047 3273 2192 3328; x_wconf 89' lang='lat' dir='ltr'><strong>niam</strong></span> <span class='ocrx_word' id='word_1_601' title='bbox 2229 3272 2315 3328; x_wconf 85' lang='lat' dir='ltr'><strong>lex</strong></span> <span class='ocrx_word' id='word_1_602' title='bbox 2360 3288 2391 3328; x_wconf 89' lang='lat' dir='ltr'><strong>a</strong></span> <span class='ocrx_word' id='word_1_603' title='bbox 2428 3289 2515 3329; x_wconf 90' lang='lat' dir='ltr'><strong>me</strong></span> <span class='ocrx_word' id='word_1_604' title='bbox 2550 3274 2722 3331; x_wconf 86' lang='lat' dir='ltr'><strong>exibit</strong></span> <span class='ocrx_word' id='word_1_605' title='bbox 2751 3288 2805 3329; x_wconf 90' lang='lat' dir='ltr'><strong>et</strong></span> <span class='ocrx_word' id='word_1_606' title='bbox 2832 3277 3094 3347; x_wconf 87' lang='lat' dir='ltr'><strong>judicium</strong></span> <span class='ocrx_word' id='word_1_607' title='bbox 3137 3293 3313 3333; x_wconf 89' lang='lat' dir='ltr'><strong>meum</strong></span> <span class='ocrx_word' id='word_1_608' title='bbox 3341 3279 3407 3347; x_wconf 36' lang='lat' dir='ltr'><strong>,in</strong></span> <span class='ocrx_word' id='word_1_609' title='bbox 3438 3278 3615 3335; x_wconf 80' lang='lat' dir='ltr'><strong>lucem</strong></span> 
     </span>
    </p>
   </div>
   <div class='ocr_carea' id='block_1_78' title="bbox 2046 3365 3617 3439">
    <p class='ocr_par' dir='ltr' id='par_1_78' title="bbox 2046 3365 3617 3439">
     <span class='ocr_line' id='line_1_78' title="bbox 2046 3365 3617 3439; baseline 0.004 -20"><span class='ocrx_word' id='word_1_610' title='bbox 2046 3365 2309 3437; x_wconf 89' lang='lat' dir='ltr'><strong>gentium.</strong></span> <span class='ocrx_word' id='word_1_611' title='bbox 2347 3367 2762 3438; x_wconf 82' lang='lat' dir='ltr'><strong>Appropinquat</strong></span> <span class='ocrx_word' id='word_1_612' title='bbox 2812 3370 3066 3424; x_wconf 89' lang='lat' dir='ltr'><strong>celeriter</strong></span> <span class='ocrx_word' id='word_1_613' title='bbox 3108 3369 3327 3439; x_wconf 88' lang='lat' dir='ltr'><strong>justitia</strong></span> <span class='ocrx_word' id='word_1_614' title='bbox 3372 3386 3516 3436; x_wconf 87' lang='lat' dir='ltr'><strong>mea,</strong></span> <span class='ocrx_word' id='word_1_615' title='bbox 3559 3382 3617 3425; x_wconf 90' lang='lat' dir='ltr'><strong>et</strong></span> 
     </span>
    </p>
   </div>
   <div class='ocr_carea' id='block_1_79' title="bbox 2045 3458 3611 3529">
    <p class='ocr_par' dir='ltr' id='par_1_79' title="bbox 2045 3458 3611 3529">
     <span class='ocr_line' id='line_1_79' title="bbox 2045 3458 3611 3529; baseline 0.004 -17"><span class='ocrx_word' id='word_1_616' title='bbox 2045 3458 2359 3529; x_wconf 87' lang='lat' dir='ltr'><strong>egredietur</strong></span> <span class='ocrx_word' id='word_1_617' title='bbox 2398 3460 2641 3515; x_wconf 90' lang='lat' dir='ltr'><strong>salutare</strong></span> <span class='ocrx_word' id='word_1_618' title='bbox 2690 3477 2895 3529; x_wconf 87' lang='lat' dir='ltr'><strong>meum,</strong></span> <span class='ocrx_word' id='word_1_619' title='bbox 2935 3472 2991 3518; x_wconf 91' lang='lat' dir='ltr'><strong>et</strong></span> <span class='ocrx_word' id='word_1_620' title='bbox 3020 3465 3075 3518; x_wconf 91' lang='lat' dir='ltr'><strong>in</strong></span> <span class='ocrx_word' id='word_1_621' title='bbox 3106 3463 3387 3519; x_wconf 84' lang='lat' dir='ltr'><strong>brachium</strong></span> <span class='ocrx_word' id='word_1_622' title='bbox 3434 3480 3611 3519; x_wconf 88' lang='lat' dir='ltr'><strong>meum</strong></span> 
     </span>
    </p>
   </div>
   <div class='ocr_carea' id='block_1_80' title="bbox 2046 3551 3611 3623">
    <p class='ocr_par' dir='ltr' id='par_1_80' title="bbox 2046 3551 3611 3623">
     <span class='ocr_line' id='line_1_80' title="bbox 2046 3551 3611 3623; baseline 0.004 -21"><span class='ocrx_word' id='word_1_623' title='bbox 2046 3560 2236 3618; x_wconf 86' lang='lat' dir='ltr'><strong>gentes</strong></span> <span class='ocrx_word' id='word_1_624' title='bbox 2269 3551 2653 3619; x_wconf 82' lang='lat' dir='ltr'><strong>sperabunt&quot;.</strong></span> <span class='ocrx_word' id='word_1_625' title='bbox 2695 3570 2713 3604; x_wconf 75' lang='grc' dir='ltr'><strong>ι</strong></span> <span class='ocrx_word' id='word_1_626' title='bbox 2738 3552 2803 3608; x_wconf 85' lang='lat' dir='ltr'><strong>Et</strong></span> <span class='ocrx_word' id='word_1_627' title='bbox 2831 3569 2929 3623; x_wconf 88' lang='lat' dir='ltr'><strong>per</strong></span> <span class='ocrx_word' id='word_1_628' title='bbox 2962 3553 3253 3609; x_wconf 83' lang='lat' dir='ltr'><strong>Jereiniain</strong></span> <span class='ocrx_word' id='word_1_629' title='bbox 3281 3557 3347 3608; x_wconf 88' lang='lat' dir='ltr'><strong>de</strong></span> <span class='ocrx_word' id='word_1_630' title='bbox 3369 3555 3470 3610; x_wconf 89' lang='lat' dir='ltr'><strong>hoc</strong></span> <span class='ocrx_word' id='word_1_631' title='bbox 3492 3554 3611 3623; x_wconf 87' lang='lat' dir='ltr'><strong>ipso</strong></span> 
     </span>
    </p>
   </div>
   <div class='ocr_carea' id='block_1_81' title="bbox 2048 3645 3616 3715">
    <p class='ocr_par' dir='ltr' id='par_1_81' title="bbox 2048 3645 3616 3715">
     <span class='ocr_line' id='line_1_81' title="bbox 2048 3645 3616 3715; baseline 0.003 -19"><span class='ocrx_word' id='word_1_632' title='bbox 2048 3651 2375 3699; x_wconf 84' lang='lat' dir='ltr'><strong>testamento</strong></span> <span class='ocrx_word' id='word_1_633' title='bbox 2406 3645 2486 3699; x_wconf 87' lang='lat' dir='ltr'><strong>sic</strong></span> <span class='ocrx_word' id='word_1_634' title='bbox 2516 3645 2789 3715; x_wconf 90' lang='lat' dir='ltr'><strong>loquitur:</strong></span> <span class='ocrx_word' id='word_1_635' title='bbox 2831 3664 2850 3697; x_wconf 76' lang='grc' dir='ltr'><strong>ι</strong></span> <span class='ocrx_word' id='word_1_636' title='bbox 2890 3645 3028 3700; x_wconf 85' lang='lat' dir='ltr'><strong>Ecce</strong></span> <span class='ocrx_word' id='word_1_637' title='bbox 3054 3648 3170 3702; x_wconf 87' lang='lat' dir='ltr'><strong>dies</strong></span> <span class='ocrx_word' id='word_1_638' title='bbox 3199 3646 3450 3711; x_wconf 89' lang='lat' dir='ltr'><strong>veniunt,</strong></span> <span class='ocrx_word' id='word_1_639' title='bbox 3482 3647 3616 3701; x_wconf 86' lang='lat' dir='ltr'><strong>dicit</strong></span> 
     </span>
    </p>
   </div>
   <div class='ocr_carea' id='block_1_82' title="bbox 2044 3739 3610 3806">
    <p class='ocr_par' dir='ltr' id='par_1_82' title="bbox 2044 3739 3610 3806">
     <span class='ocr_line' id='line_1_82' title="bbox 2044 3739 3610 3806; baseline 0.001 -11"><span class='ocrx_word' id='word_1_640' title='bbox 2044 3739 2326 3806; x_wconf 87' lang='lat' dir='ltr'><strong>Dominus,</strong></span> <span class='ocrx_word' id='word_1_641' title='bbox 2358 3750 2412 3795; x_wconf 93' lang='lat' dir='ltr'><strong>et</strong></span> <span class='ocrx_word' id='word_1_642' title='bbox 2464 3742 2708 3795; x_wconf 87' lang='lat' dir='ltr'><strong>testabor</strong></span> <span class='ocrx_word' id='word_1_643' title='bbox 2744 3742 2929 3794; x_wconf 87' lang='lat' dir='ltr'><strong>domui</strong></span> <span class='ocrx_word' id='word_1_644' title='bbox 2956 3740 3124 3797; x_wconf 83' lang='lat' dir='ltr'><strong>Israel</strong></span> <span class='ocrx_word' id='word_1_645' title='bbox 3166 3750 3222 3796; x_wconf 91' lang='lat' dir='ltr'><strong>et</strong></span> <span class='ocrx_word' id='word_1_646' title='bbox 3248 3742 3433 3797; x_wconf 86' lang='lat' dir='ltr'><strong>domui</strong></span> <span class='ocrx_word' id='word_1_647' title='bbox 3472 3742 3610 3797; x_wconf 85' lang='lat' dir='ltr'><strong>Juda</strong></span> 
     </span>
    </p>
   </div>
   <div class='ocr_carea' id='block_1_83' title="bbox 2045 3834 3614 3904">
    <p class='ocr_par' dir='ltr' id='par_1_83' title="bbox 2045 3834 3614 3904">
     <span class='ocr_line' id='line_1_83' title="bbox 2045 3834 3614 3904; baseline 0.001 -18"><span class='ocrx_word' id='word_1_648' title='bbox 2045 3841 2430 3888; x_wconf 86' lang='lat' dir='ltr'><strong>testamentum</strong></span> <span class='ocrx_word' id='word_1_649' title='bbox 2463 3848 2659 3889; x_wconf 89' lang='lat' dir='ltr'><strong>novum</strong></span> <span class='ocrx_word' id='word_1_650' title='bbox 2686 3852 2700 3888; x_wconf 88' lang='lat'><strong>:</strong></span> <span class='ocrx_word' id='word_1_651' title='bbox 2728 3849 2833 3888; x_wconf 91' lang='lat' dir='ltr'><strong>non</strong></span> <span class='ocrx_word' id='word_1_652' title='bbox 2856 3834 2998 3903; x_wconf 88' lang='lat' dir='ltr'><strong>quod</strong></span> <span class='ocrx_word' id='word_1_653' title='bbox 3031 3840 3256 3888; x_wconf 88' lang='lat' dir='ltr'><strong>testatus</strong></span> <span class='ocrx_word' id='word_1_654' title='bbox 3283 3848 3403 3890; x_wconf 89' lang='lat' dir='ltr'><strong>sum</strong></span> <span class='ocrx_word' id='word_1_655' title='bbox 3443 3836 3614 3904; x_wconf 90' lang='lat' dir='ltr'><strong>patri-</strong></span> 
     </span>
    </p>
   </div>
   <div class='ocr_carea' id='block_1_84' title="bbox 2042 3923 3610 3995">
    <p class='ocr_par' dir='ltr' id='par_1_84' title="bbox 2042 3923 3610 3995">
     <span class='ocr_line' id='line_1_84' title="bbox 2042 3923 3610 3995; baseline 0.001 -17"><span class='ocrx_word' id='word_1_656' title='bbox 2042 3923 2144 3978; x_wconf 85' lang='lat' dir='ltr'><strong>bus</strong></span> <span class='ocrx_word' id='word_1_657' title='bbox 2166 3940 2354 3978; x_wconf 91' lang='lat' dir='ltr'><strong>eorum</strong></span> <span class='ocrx_word' id='word_1_658' title='bbox 2381 3926 2433 3980; x_wconf 92' lang='lat' dir='ltr'><strong>in</strong></span> <span class='ocrx_word' id='word_1_659' title='bbox 2464 3926 2553 3981; x_wconf 90' lang='lat' dir='ltr'><strong>die</strong></span> <span class='ocrx_word' id='word_1_660' title='bbox 2579 3940 2686 3994; x_wconf 92' lang='lat' dir='ltr'><strong>qua</strong></span> <span class='ocrx_word' id='word_1_661' title='bbox 2720 3926 3052 3994; x_wconf 83' lang='lat' dir='ltr'><strong>apprehendi</strong></span> <span class='ocrx_word' id='word_1_662' title='bbox 3086 3940 3304 3979; x_wconf 84' lang='lat' dir='ltr'><strong>manum</strong></span> <span class='ocrx_word' id='word_1_663' title='bbox 3350 3926 3610 3995; x_wconf 84' lang='lat' dir='ltr'><strong>ipsorum,</strong></span> 
     </span>
    </p>
   </div>
   <div class='ocr_carea' id='block_1_85' title="bbox 2041 4015 3611 4088">
    <p class='ocr_par' dir='ltr' id='par_1_85' title="bbox 2041 4015 3611 4088">
     <span class='ocr_line' id='line_1_85' title="bbox 2041 4015 3611 4088; baseline 0.003 -19"><span class='ocrx_word' id='word_1_664' title='bbox 2041 4015 2415 4071; x_wconf 86' lang='lat' dir='ltr'><strong>ut‘educerem</strong></span> <span class='ocrx_word' id='word_1_665' title='bbox 2450 4032 2547 4073; x_wconf 91' lang='lat' dir='ltr'><strong>eos</strong></span> <span class='ocrx_word' id='word_1_666' title='bbox 2569 4018 2637 4073; x_wconf 90' lang='lat' dir='ltr'><strong>de</strong></span> <span class='ocrx_word' id='word_1_667' title='bbox 2673 4026 2817 4071; x_wconf 88' lang='lat' dir='ltr'><strong>terra</strong></span> <span class='ocrx_word' id='word_1_668' title='bbox 2837 4017 3055 4087; x_wconf 65' lang='lat' dir='ltr'><strong>Egypti</strong></span> <span class='ocrx_word' id='word_1_669' title='bbox 3076 4018 3142 4071; x_wconf 81' lang='grc'><strong>⁸⁸.</strong></span> <span class='ocrx_word' id='word_1_670' title='bbox 3176 4037 3196 4071; x_wconf 74' lang='grc' dir='ltr'><strong>ι</strong></span> <span class='ocrx_word' id='word_1_671' title='bbox 3227 4016 3326 4086; x_wconf 90' lang='lat' dir='ltr'><strong>)Si</strong></span> <span class='ocrx_word' id='word_1_672' title='bbox 3351 4033 3481 4088; x_wconf 91' lang='lat' dir='ltr'><strong>ergo</strong></span> <span class='ocrx_word' id='word_1_673' title='bbox 3513 4035 3611 4073; x_wconf 88' lang='lat' dir='ltr'><strong>no-</strong></span> 
     </span>
    </p>
   </div>
   <div class='ocr_carea' id='block_1_86' title="bbox 2039 4115 3609 4186">
    <p class='ocr_par' dir='ltr' id='par_1_86' title="bbox 2039 4115 3609 4186">
     <span class='ocr_line' id='line_1_86' title="bbox 2039 4115 3609 4186; baseline 0.004 -23"><span class='ocrx_word' id='word_1_674' title='bbox 2039 4125 2166 4165; x_wconf 92' lang='lat' dir='ltr'><strong>vum</strong></span> <span class='ocrx_word' id='word_1_675' title='bbox 2211 4121 2592 4169; x_wconf 83' lang='lat' dir='ltr'><strong>testamentum</strong></span> <span class='ocrx_word' id='word_1_676' title='bbox 2635 4115 2776 4170; x_wconf 85' lang='lat' dir='ltr'><strong>Deus</strong></span> <span class='ocrx_word' id='word_1_677' title='bbox 2810 4115 3113 4169; x_wconf 89' lang='lat' dir='ltr'><strong>institutum</strong></span> <span class='ocrx_word' id='word_1_678' title='bbox 3150 4116 3216 4170; x_wconf 92' lang='lat' dir='ltr'><strong>iri</strong></span> <span class='ocrx_word' id='word_1_679' title='bbox 3266 4117 3609 4186; x_wconf 66' lang='lat' dir='ltr'><strong>praedicavit,</strong></span> 
     </span>
    </p>
   </div>
   <div class='ocr_carea' id='block_1_87' title="bbox 2112 4448 3609 4523">
    <p class='ocr_par' dir='ltr' id='par_1_87' title="bbox 2112 4448 3609 4523">
     <span class='ocr_line' id='line_1_87' title="bbox 2112 4448 3609 4523; baseline 0.003 -21"><span class='ocrx_word' id='word_1_680' title='bbox 2112 4448 2223 4520; x_wconf 75' lang='lat' dir='ltr'><strong>(l2)</strong></span> <span class='ocrx_word' id='word_1_681' title='bbox 2276 4449 2562 4523; x_wconf 61' lang='grc' dir='ltr'><strong>ςβστῃσε.</strong></span> <span class='ocrx_word' id='word_1_682' title='bbox 2606 4450 2793 4523; x_wconf 67' lang='lat' dir='ltr'><strong>Miror</strong></span> <span class='ocrx_word' id='word_1_683' title='bbox 2850 4451 3139 4523; x_wconf 84' lang='lat' dir='ltr'><strong>Sylburgio</strong></span> <span class='ocrx_word' id='word_1_684' title='bbox 3201 4451 3377 4521; x_wconf 87' lang='lat' dir='ltr'><strong>aptius</strong></span> <span class='ocrx_word' id='word_1_685' title='bbox 3435 4453 3609 4507; x_wconf 88' lang='lat' dir='ltr'><strong>videri</strong></span> 
     </span>
    </p>
   </div>
   <div class='ocr_carea' id='block_1_88' title="bbox 1963 4518 3609 4609">
    <p class='ocr_par' dir='ltr' id='par_1_88' title="bbox 1963 4518 3609 4609">
     <span class='ocr_line' id='line_1_88' title="bbox 1963 4518 3609 4609; baseline 0.002 -36"><span class='ocrx_word' id='word_1_686' title='bbox 1963 4554 2008 4609; x_wconf 68' lang='grc' dir='ltr'><strong>Β</strong></span> <span class='ocrx_word' id='word_1_687' title='bbox 2037 4518 2249 4609; x_wconf 52' lang='grc' dir='ltr'><strong>ἔσϐεσε.ἶ</strong></span> <span class='ocrx_word' id='word_1_688' title='bbox 2273 4518 2407 4571; x_wconf 79' lang='lat' dir='ltr'><strong>Nam</strong></span> <span class='ocrx_word' id='word_1_689' title='bbox 2433 4522 2559 4573; x_wconf 85' lang='lat' dir='ltr'><strong>illud</strong></span> <span class='ocrx_word' id='word_1_690' title='bbox 2590 4522 2783 4609; x_wconf 68' lang='grc' dir='ltr'>ἔστησε</span> <span class='ocrx_word' id='word_1_691' title='bbox 2808 4518 3011 4609; x_wconf 74' lang='lat' dir='ltr'><strong>optime</strong></span> <span class='ocrx_word' id='word_1_692' title='bbox 3031 4518 3609 4609; x_wconf 55' lang='lat' dir='ltr'><strong>résponiletsitiiillitiio</strong></span> 
     </span>
    </p>
   </div>
   <div class='ocr_carea' id='block_1_89' title="bbox 417 4582 1944 4674">
    <p class='ocr_par' dir='ltr' id='par_1_89' title="bbox 417 4582 1931 4674">
     <span class='ocr_line' id='line_1_89' title="bbox 417 4582 1931 4674; baseline 0.013 -41"><span class='ocrx_word' id='word_1_693' title='bbox 530 4585 929 4674; x_wconf 43' lang='grc' dir='ltr'>’Ἦςεζςαμεῄ</span> <span class='ocrx_word' id='word_1_694' title='bbox 960 4587 1118 4674; x_wconf 40' lang='lat' dir='ltr'><strong>Exegit</strong></span> <span class='ocrx_word' id='word_1_695' title='bbox 1158 4589 1479 4674; x_wconf 74' lang='lat' dir='ltr'><strong>Syllmrgins</strong></span> <span class='ocrx_word' id='word_1_696' title='bbox 1506 4595 1837 4667; x_wconf 80' lang='grc' dir='ltr'>ἠλπίκαμεν,</span> <span class='ocrx_word' id='word_1_697' title='bbox 1871 4609 1931 4653; x_wconf 88' lang='lat' dir='ltr'><strong>ut</strong></span> 
     </span>
    </p>
   </div>
   <div class='ocr_carea' id='block_1_90' title="bbox 2043 4582 3293 4674">
    <p class='ocr_par' dir='ltr' id='par_1_90' title="bbox 2043 4582 3293 4674">
     <span class='ocr_line' id='line_1_90' title="bbox 2043 4582 3293 4674; baseline 0.001 -30"><span class='ocrx_word' id='word_1_698' title='bbox 2043 4593 2204 4674; x_wconf 56' lang='lat' dir='ltr'><strong>verbo</strong></span> <span class='ocrx_word' id='word_1_699' title='bbox 2227 4589 2454 4674; x_wconf 66' lang='grc' dir='ltr'>ἔπαυσε,</span> <span class='ocrx_word' id='word_1_700' title='bbox 2487 4594 2629 4674; x_wconf 72' lang='lat' dir='ltr'><strong>quod</strong></span> <span class='ocrx_word' id='word_1_701' title='bbox 2657 4582 2816 4674; x_wconf 66' lang='lat' dir='ltr'><strong>paulo</strong></span> <span class='ocrx_word' id='word_1_702' title='bbox 2845 4582 3293 4674; x_wconf 45' lang='lat' dir='ltr'><strong>ante‘prfe&#39;cedit.</strong></span> 
     </span>
    </p>
   </div>
   <div class='ocr_carea' id='block_1_91' title="bbox 348 4653 1712 4721">
    <p class='ocr_par' dir='ltr' id='par_1_91' title="bbox 348 4653 1712 4721">
     <span class='ocr_line' id='line_1_91' title="bbox 348 4653 1712 4721; baseline 0.014 -19"><span class='ocrx_word' id='word_1_703' title='bbox 348 4653 509 4721; x_wconf 79' lang='lat' dir='ltr'><strong>paulo</strong></span> <span class='ocrx_word' id='word_1_704' title='bbox 541 4665 671 4704; x_wconf 78' lang='lat' dir='ltr'><strong>ante</strong></span> <span class='ocrx_word' id='word_1_705' title='bbox 708 4655 922 4713; x_wconf 70' lang='lat' dir='ltr'><strong>legitur.</strong></span> <span class='ocrx_word' id='word_1_706' title='bbox 961 4653 1066 4713; x_wconf 76' lang='lat' dir='ltr'><strong>Sed</strong></span> <span class='ocrx_word' id='word_1_707' title='bbox 1104 4653 1220 4713; x_wconf 65' lang='lat' dir='ltr'><strong>haec</strong></span> <span class='ocrx_word' id='word_1_708' title='bbox 1254 4653 1541 4719; x_wconf 47' lang='lat' dir='ltr'><strong>levissima.</strong></span> <span class='ocrx_word' id='word_1_709' title='bbox 1566 4676 1712 4721; x_wconf 90' lang='lat' dir='ltr'><strong>sunt.</strong></span> 
     </span>
    </p>
   </div>
   <div class='ocr_carea' id='block_1_92' title="bbox 418 4722 1927 4807">
    <p class='ocr_par' dir='ltr' id='par_1_92' title="bbox 418 4722 1927 4807">
     <span class='ocr_line' id='line_1_92' title="bbox 418 4722 1927 4807; baseline 0.011 -32"><span class='ocrx_word' id='word_1_710' title='bbox 418 4722 535 4807; x_wconf 65' lang='grc' dir='ltr'><strong>μθ)</strong></span> <span class='ocrx_word' id='word_1_711' title='bbox 562 4724 807 4807; x_wconf 58' lang='grc' dir='ltr'><strong>Νυνὶρὲ</strong></span> <span class='ocrx_word' id='word_1_712' title='bbox 831 4727 1093 4807; x_wconf 75' lang='grc' dir='ltr'>(ἀνέγνων</span> <span class='ocrx_word' id='word_1_713' title='bbox 1117 4730 1268 4807; x_wconf 63' lang='grc' dir='ltr'>γᾴρ).</span> <span class='ocrx_word' id='word_1_714' title='bbox 1302 4732 1421 4807; x_wconf 63' lang='lat' dir='ltr'><strong>Toti</strong></span> <span class='ocrx_word' id='word_1_715' title='bbox 1450 4736 1574 4791; x_wconf 89' lang='lat' dir='ltr'><strong>huic</strong></span> <span class='ocrx_word' id='word_1_716' title='bbox 1601 4736 1717 4791; x_wconf 82' lang='lat' dir='ltr'><strong>loco</strong></span> <span class='ocrx_word' id='word_1_717' title='bbox 1754 4739 1927 4792; x_wconf 84' lang='lat' dir='ltr'><strong>lucem</strong></span> 
     </span>
    </p>
   </div>
   <div class='ocr_carea' id='block_1_93' title="bbox 346 4790 1928 4869">
    <p class='ocr_par' dir='ltr' id='par_1_93' title="bbox 346 4790 1928 4869">
     <span class='ocr_line' id='line_1_93' title="bbox 346 4790 1928 4869; baseline 0.012 -28"><span class='ocrx_word' id='word_1_718' title='bbox 346 4790 905 4869; x_wconf 79' lang='lat' dir='ltr'><strong>all‘ertparenthesis,</strong></span> <span class='ocrx_word' id='word_1_719' title='bbox 938 4790 1095 4867; x_wconf 77' lang='lat' dir='ltr'><strong>longa</strong></span> <span class='ocrx_word' id='word_1_720' title='bbox 1129 4790 1215 4854; x_wconf 73' lang='lat' dir='ltr'><strong>illa</strong></span> <span class='ocrx_word' id='word_1_721' title='bbox 1230 4790 1478 4869; x_wconf 74' lang='lat' dir='ltr'><strong>quidem,</strong></span> <span class='ocrx_word' id='word_1_722' title='bbox 1503 4790 1602 4859; x_wconf 84' lang='lat' dir='ltr'><strong>sed</strong></span> <span class='ocrx_word' id='word_1_723' title='bbox 1630 4790 1928 4861; x_wconf 52' lang='lat' dir='ltr'><strong>tamenne;</strong></span> 
     </span>
    </p>
   </div>
   <div class='ocr_carea' id='block_1_94' title="bbox 346 4864 1927 4946">
    <p class='ocr_par' dir='ltr' id='par_1_94' title="bbox 346 4864 1927 4946">
     <span class='ocr_line' id='line_1_94' title="bbox 346 4864 1927 4946; baseline 0.011 -32"><span class='ocrx_word' id='word_1_724' title='bbox 346 4864 589 4946; x_wconf 56' lang='lat' dir='ltr'><strong>cessaria</strong></span> <span class='ocrx_word' id='word_1_725' title='bbox 622 4866 692 4946; x_wconf 53' lang='lat' dir='ltr'><strong>a&#39;d</strong></span> <span class='ocrx_word' id='word_1_726' title='bbox 726 4864 1473 4946; x_wconf 32' lang='lat' dir='ltr'><strong>perspiciendamorationis:</strong></span> <span class='ocrx_word' id='word_1_727' title='bbox 1488 4876 1711 4945; x_wconf 87' lang='lat' dir='ltr'><strong>seriem,</strong></span> <span class='ocrx_word' id='word_1_728' title='bbox 1749 4892 1927 4946; x_wconf 88' lang='lat' dir='ltr'><strong>neque</strong></span> 
     </span>
    </p>
   </div>
   <div class='ocr_carea' id='block_1_95' title="bbox 349 4931 1929 5000">
    <p class='ocr_par' dir='ltr' id='par_1_95' title="bbox 349 4931 1929 5000">
     <span class='ocr_line' id='line_1_95' title="bbox 349 4931 1929 5000; baseline 0.011 -17"><span class='ocrx_word' id='word_1_729' title='bbox 349 4934 521 4984; x_wconf 80' lang='lat' dir='ltr'><strong>aliena</strong></span> <span class='ocrx_word' id='word_1_730' title='bbox 562 4947 595 4984; x_wconf 69' lang='grc' dir='ltr'><strong>α</strong></span> <span class='ocrx_word' id='word_1_731' title='bbox 629 4931 828 4988; x_wconf 76' lang='lat' dir='ltr'><strong>Justini</strong></span> <span class='ocrx_word' id='word_1_732' title='bbox 856 4931 1274 4994; x_wconf 70' lang='lat' dir='ltr'><strong>consuetudine.</strong></span> <span class='ocrx_word' id='word_1_733' title='bbox 1318 4942 1539 4999; x_wconf 82' lang='lat' dir='ltr'><strong>Similes</strong></span> <span class='ocrx_word' id='word_1_734' title='bbox 1580 4931 1724 5000; x_wconf 79' lang='lat' dir='ltr'><strong>enim</strong></span> <span class='ocrx_word' id='word_1_735' title='bbox 1760 4931 1929 5000; x_wconf 69' lang='lat' dir='ltr'><strong>inter-</strong></span> 
     </span>
    </p>
   </div>
   <div class='ocr_carea' id='block_1_96' title="bbox 348 5006 1930 5073">
    <p class='ocr_par' dir='ltr' id='par_1_96' title="bbox 348 5006 1930 5073">
     <span class='ocr_line' id='line_1_96' title="bbox 348 5006 1930 5073; baseline 0.013 -22"><span class='ocrx_word' id='word_1_736' title='bbox 348 5009 472 5053; x_wconf 83' lang='lat' dir='ltr'><strong>dum</strong></span> <span class='ocrx_word' id='word_1_737' title='bbox 506 5017 813 5073; x_wconf 70' lang='lat' dir='ltr'><strong>occurrunt</strong></span> <span class='ocrx_word' id='word_1_738' title='bbox 842 5006 894 5057; x_wconf 92' lang='lat' dir='ltr'><strong>in</strong></span> <span class='ocrx_word' id='word_1_739' title='bbox 929 5009 1029 5060; x_wconf 90' lang='lat' dir='ltr'><strong>hoc</strong></span> <span class='ocrx_word' id='word_1_740' title='bbox 1066 5012 1306 5073; x_wconf 76' lang='lat' dir='ltr'><strong>Dialogo.</strong></span> <span class='ocrx_word' id='word_1_741' title='bbox 1346 5013 1465 5068; x_wconf 82' lang='lat' dir='ltr'><strong>Vid.</strong></span> <span class='ocrx_word' id='word_1_742' title='bbox 1503 5032 1653 5072; x_wconf 92' lang='lat' dir='ltr'><strong>num.</strong></span> <span class='ocrx_word' id='word_1_743' title='bbox 1689 5016 1778 5070; x_wconf 90' lang='lat'><strong>78.</strong></span> <span class='ocrx_word' id='word_1_744' title='bbox 1834 5016 1930 5070; x_wconf 78' lang='lat' dir='ltr'><strong>Vi-</strong></span> 
     </span>
    </p>
   </div>
   <div class='ocr_carea' id='block_1_97' title="bbox 346 5069 1929 5154">
    <p class='ocr_par' dir='ltr' id='par_1_97' title="bbox 346 5069 1929 5154">
     <span class='ocr_line' id='line_1_97' title="bbox 346 5069 1929 5154; baseline 0.013 -33"><span class='ocrx_word' id='word_1_745' title='bbox 346 5074 505 5154; x_wconf 71' lang='lat' dir='ltr'><strong>detur</strong></span> <span class='ocrx_word' id='word_1_746' title='bbox 526 5069 783 5154; x_wconf 39' lang='lat' dir='ltr'><strong>{lustinus</strong></span> <span class='ocrx_word' id='word_1_747' title='bbox 805 5076 1006 5154; x_wconf 73' lang='lat' dir='ltr'><strong>dicere</strong></span> <span class='ocrx_word' id='word_1_748' title='bbox 1021 5069 1264 5154; x_wconf 82' lang='grc' dir='ltr'>ἀνέγνων</span> <span class='ocrx_word' id='word_1_749' title='bbox 1284 5084 1413 5154; x_wconf 85' lang='grc' dir='ltr'>γάρ,</span> <span class='ocrx_word' id='word_1_750' title='bbox 1442 5087 1570 5154; x_wconf 84' lang='lat' dir='ltr'><strong>quia</strong></span> <span class='ocrx_word' id='word_1_751' title='bbox 1597 5069 1760 5142; x_wconf 76' lang='lat' dir='ltr'><strong>antea</strong></span> <span class='ocrx_word' id='word_1_752' title='bbox 1779 5069 1929 5141; x_wconf 83' lang='lat' dir='ltr'><strong>dixe-</strong></span> 
     </span>
    </p>
   </div>
   <div class='ocr_carea' id='block_1_98' title="bbox 345 5142 1253 5219">
    <p class='ocr_par' dir='ltr' id='par_1_98' title="bbox 345 5142 1253 5219">
     <span class='ocr_line' id='line_1_98' title="bbox 345 5142 1253 5219; baseline 0.015 -27"><span class='ocrx_word' id='word_1_753' title='bbox 345 5151 431 5219; x_wconf 73' lang='lat' dir='ltr'><strong>rat</strong></span> <span class='ocrx_word' id='word_1_754' title='bbox 514 5214 521 5219; x_wconf 83' lang='lat'><em>_</em></span> <span class='ocrx_word' id='word_1_755' title='bbox 538 5142 783 5219; x_wconf 81' lang='lat' dir='ltr'><strong>&#39;l&#39;_r_y_pho,</strong></span> <span class='ocrx_word' id='word_1_756' title='bbox 864 5146 963 5197; x_wconf 75' lang='grc' dir='ltr'>οὐκ</span> <span class='ocrx_word' id='word_1_757' title='bbox 982 5142 1221 5219; x_wconf 79' lang='grc' dir='ltr'>ἀνέγνως</span> <span class='ocrx_word' id='word_1_758' title='bbox 1238 5167 1253 5214; x_wconf 89' lang='lat'><strong>;</strong></span> 
     </span>
    </p>
   </div>
   <div class='ocr_carea' id='block_1_99' title="bbox 412 5212 1931 5296">
    <p class='ocr_par' dir='ltr' id='par_1_99' title="bbox 412 5212 1931 5296">
     <span class='ocr_line' id='line_1_99' title="bbox 412 5212 1931 5296; baseline 0.012 -32"><span class='ocrx_word' id='word_1_759' title='bbox 412 5212 531 5296; x_wconf 70' lang='grc' dir='ltr'><strong>(μ)</strong></span> <span class='ocrx_word' id='word_1_760' title='bbox 558 5212 765 5295; x_wconf 60' lang='lat' dir='ltr'><strong>Nqu</strong></span> <span class='ocrx_word' id='word_1_761' title='bbox 785 5212 853 5296; x_wconf 71' lang='grc' dir='ltr'>δὲ</span> <span class='ocrx_word' id='word_1_762' title='bbox 870 5220 1018 5272; x_wconf 83' lang='grc' dir='ltr'>κατὰ</span> <span class='ocrx_word' id='word_1_763' title='bbox 1043 5212 1251 5296; x_wconf 54' lang='lat' dir='ltr'><strong>tropon.</strong></span> <span class='ocrx_word' id='word_1_764' title='bbox 1286 5221 1402 5296; x_wconf 83' lang='lat' dir='ltr'><strong>Non</strong></span> <span class='ocrx_word' id='word_1_765' title='bbox 1430 5224 1586 5280; x_wconf 84' lang='lat' dir='ltr'><strong>video</strong></span> <span class='ocrx_word' id='word_1_766' title='bbox 1609 5241 1706 5279; x_wconf 88' lang='lat' dir='ltr'><strong>cur</strong></span> <span class='ocrx_word' id='word_1_767' title='bbox 1742 5226 1931 5296; x_wconf 88' lang='lat' dir='ltr'><strong>displi-</strong></span> 
     </span>
    </p>
   </div>
   <div class='ocr_carea' id='block_1_100' title="bbox 345 5290 1925 5366">
    <p class='ocr_par' dir='ltr' id='par_1_100' title="bbox 345 5290 1925 5366">
     <span class='ocr_line' id='line_1_100' title="bbox 345 5290 1925 5366; baseline 0.009 -31"><span class='ocrx_word' id='word_1_768' title='bbox 345 5292 470 5366; x_wconf 67' lang='lat' dir='ltr'><strong>ceat</strong></span> <span class='ocrx_word' id='word_1_769' title='bbox 659 5290 925 5366; x_wconf 76' lang='lat' dir='ltr'><strong>scriptura</strong></span> <span class='ocrx_word' id='word_1_770' title='bbox 970 5294 1187 5366; x_wconf 75' lang='lat' dir='ltr'><strong>erudito</strong></span> <span class='ocrx_word' id='word_1_771' title='bbox 1219 5290 1546 5366; x_wconf 50' lang='lat' dir='ltr'><strong>Dendinensi</strong></span> <span class='ocrx_word' id='word_1_772' title='bbox 1577 5296 1796 5366; x_wconf 68' lang='lat' dir='ltr'><strong>editori,</strong></span> <span class='ocrx_word' id='word_1_773' title='bbox 1829 5290 1925 5366; x_wconf 77' lang='lat' dir='ltr'><strong>qui</strong></span> 
     </span>
    </p>
   </div>
   <div class='ocr_carea' id='block_1_101' title="bbox 345 5353 1926 5437">
    <p class='ocr_par' dir='ltr' id='par_1_101' title="bbox 345 5353 1926 5437">
     <span class='ocr_line' id='line_1_101' title="bbox 345 5353 1926 5437; baseline 0.009 -32"><span class='ocrx_word' id='word_1_774' title='bbox 345 5353 984 5437; x_wconf 59' lang='lat' dir='ltr'><strong>b&#39;gendum_arbilralur</strong></span> <span class='ocrx_word' id='word_1_775' title='bbox 1014 5359 1178 5430; x_wconf 86' lang='grc' dir='ltr'>νόμος</span> <span class='ocrx_word' id='word_1_776' title='bbox 1220 5361 1277 5414; x_wconf 86' lang='grc' dir='ltr'>δὲ</span> <span class='ocrx_word' id='word_1_777' title='bbox 1328 5365 1465 5434; x_wconf 85' lang='grc' dir='ltr'><strong>μετά</strong></span> <span class='ocrx_word' id='word_1_778' title='bbox 1504 5367 1692 5437; x_wconf 89' lang='grc' dir='ltr'>νόμον.</span> <span class='ocrx_word' id='word_1_779' title='bbox 1726 5353 1926 5437; x_wconf 62' lang='lat' dir='ltr'><strong>Legem</strong></span> 
     </span>
    </p>
   </div>
   <div class='ocr_carea' id='block_1_102' title="bbox 351 5423 1928 5496">
    <p class='ocr_par' dir='ltr' id='par_1_102' title="bbox 351 5423 1928 5496">
     <span class='ocr_line' id='line_1_102' title="bbox 351 5423 1928 5496; baseline 0.011 -25"><span class='ocrx_word' id='word_1_780' title='bbox 351 5426 613 5477; x_wconf 72' lang='lat' dir='ltr'><strong>adversus</strong></span> <span class='ocrx_word' id='word_1_781' title='bbox 644 5423 824 5496; x_wconf 85' lang='lat' dir='ltr'><strong>legem</strong></span> <span class='ocrx_word' id='word_1_782' title='bbox 858 5423 1092 5496; x_wconf 79' lang='lat' dir='ltr'><strong>positam</strong></span> <span class='ocrx_word' id='word_1_783' title='bbox 1114 5446 1236 5486; x_wconf 75' lang='lat' dir='ltr'><strong>esse</strong></span> <span class='ocrx_word' id='word_1_784' title='bbox 1274 5423 1340 5489; x_wconf 80' lang='lat' dir='ltr'><strong>eo</strong></span> <span class='ocrx_word' id='word_1_785' title='bbox 1375 5450 1534 5489; x_wconf 89' lang='lat' dir='ltr'><strong>sensu</strong></span> <span class='ocrx_word' id='word_1_786' title='bbox 1565 5423 1724 5489; x_wconf 76' lang='lat' dir='ltr'><strong>docet</strong></span> <span class='ocrx_word' id='word_1_787' title='bbox 1757 5423 1928 5489; x_wconf 67' lang='lat' dir='ltr'><strong>Justi-</strong></span> 
     </span>
    </p>
   </div>
   <div class='ocr_carea' id='block_1_103' title="bbox 349 5494 1925 5569">
    <p class='ocr_par' dir='ltr' id='par_1_103' title="bbox 349 5494 1925 5569">
     <span class='ocr_line' id='line_1_103' title="bbox 349 5494 1925 5569; baseline 0.011 -26"><span class='ocrx_word' id='word_1_788' title='bbox 349 5507 472 5554; x_wconf 81' lang='lat' dir='ltr'><strong>nus,</strong></span> <span class='ocrx_word' id='word_1_789' title='bbox 504 5494 653 5562; x_wconf 87' lang='lat' dir='ltr'><strong>quod</strong></span> <span class='ocrx_word' id='word_1_790' title='bbox 690 5494 893 5569; x_wconf 73' lang='lat' dir='ltr'><strong>veritas</strong></span> <span class='ocrx_word' id='word_1_791' title='bbox 922 5501 1182 5555; x_wconf 82' lang='lat' dir='ltr'><strong>adversus</strong></span> <span class='ocrx_word' id='word_1_792' title='bbox 1222 5507 1493 5569; x_wconf 83' lang='lat' dir='ltr'><strong>umbram,</strong></span> <span class='ocrx_word' id='word_1_793' title='bbox 1540 5516 1925 5560; x_wconf 78' lang='lat' dir='ltr'><strong>testamentum</strong></span> 
     </span>
    </p>
   </div>
   <div class='ocr_carea' id='block_1_104' title="bbox 351 5566 1923 5637">
    <p class='ocr_par' dir='ltr' id='par_1_104' title="bbox 351 5566 1923 5637">
     <span class='ocr_line' id='line_1_104' title="bbox 351 5566 1923 5637; baseline 0.011 -25"><span class='ocrx_word' id='word_1_794' title='bbox 351 5574 613 5637; x_wconf 57' lang='lat' dir='ltr'><strong>aeternum</strong></span> <span class='ocrx_word' id='word_1_795' title='bbox 648 5566 919 5621; x_wconf 82' lang='lat' dir='ltr'><strong>adversus</strong></span> <span class='ocrx_word' id='word_1_796' title='bbox 956 5574 1343 5637; x_wconf 86' lang='lat' dir='ltr'><strong>temporarium</strong></span> <span class='ocrx_word' id='word_1_797' title='bbox 1392 5566 1652 5628; x_wconf 84' lang='lat' dir='ltr'><strong>constitui</strong></span> <span class='ocrx_word' id='word_1_798' title='bbox 1698 5575 1923 5630; x_wconf 86' lang='lat' dir='ltr'><strong>dicitur.</strong></span> 
     </span>
    </p>
   </div>
   <div class='ocr_carea' id='block_1_105' title="bbox 352 5635 1924 5707">
    <p class='ocr_par' dir='ltr' id='par_1_105' title="bbox 352 5635 1924 5707">
     <span class='ocr_line' id='line_1_105' title="bbox 352 5635 1924 5707; baseline 0.011 -24"><span class='ocrx_word' id='word_1_799' title='bbox 352 5635 424 5707; x_wconf 45' lang='grc' dir='ltr'>ξι</span> <span class='ocrx_word' id='word_1_800' title='bbox 447 5649 555 5686; x_wconf 87' lang='lat' dir='ltr'><strong>nou</strong></span> <span class='ocrx_word' id='word_1_801' title='bbox 584 5638 891 5707; x_wconf 78' lang='lat' dir='ltr'><strong>verendum</strong></span> <span class='ocrx_word' id='word_1_802' title='bbox 930 5653 995 5691; x_wconf 91' lang='lat' dir='ltr'><strong>ne</strong></span> <span class='ocrx_word' id='word_1_803' title='bbox 1026 5635 1270 5696; x_wconf 78' lang='lat' dir='ltr'><strong>Justinus</strong></span> <span class='ocrx_word' id='word_1_804' title='bbox 1317 5644 1497 5697; x_wconf 78' lang='lat' dir='ltr'><strong>faveat</strong></span> <span class='ocrx_word' id='word_1_805' title='bbox 1543 5647 1924 5700; x_wconf 67' lang='lat' dir='ltr'><strong>haereticorum</strong></span> 
     </span>
    </p>
   </div>
   <div class='ocr_carea' id='block_1_106' title="bbox 356 5702 1927 5783">
    <p class='ocr_par' dir='ltr' id='par_1_106' title="bbox 356 5702 1927 5783">
     <span class='ocr_line' id='line_1_106' title="bbox 356 5702 1927 5783; baseline 0.013 -33"><span class='ocrx_word' id='word_1_806' title='bbox 356 5702 495 5780; x_wconf 56' lang='lat' dir='ltr'><strong>illius</strong></span> <span class='ocrx_word' id='word_1_807' title='bbox 521 5704 1031 5781; x_wconf 65' lang='lat' dir='ltr'><strong>aetatisimpietati,</strong></span> <span class='ocrx_word' id='word_1_808' title='bbox 1062 5711 1153 5777; x_wconf 89' lang='lat' dir='ltr'><strong>qui</strong></span> <span class='ocrx_word' id='word_1_809' title='bbox 1184 5712 1551 5783; x_wconf 81' lang='lat' dir='ltr'><strong>Evangelium</strong></span> <span class='ocrx_word' id='word_1_810' title='bbox 1578 5718 1927 5782; x_wconf 83' lang='lat' dir='ltr'><strong>opponebam.</strong></span> 
     </span>
    </p>
   </div>
   <div class='ocr_carea' id='block_1_107' title="bbox 357 5781 1925 5858">
    <p class='ocr_par' dir='ltr' id='par_1_107' title="bbox 357 5781 1925 5858">
     <span class='ocr_line' id='line_1_107' title="bbox 357 5781 1925 5858; baseline 0.014 -38"><span class='ocrx_word' id='word_1_811' title='bbox 357 5787 499 5858; x_wconf 45' lang='lat' dir='ltr'><strong>magi.</strong></span> <span class='ocrx_word' id='word_1_812' title='bbox 529 5784 587 5823; x_wconf 89' lang='lat' dir='ltr'><strong>ut</strong></span> <span class='ocrx_word' id='word_1_813' title='bbox 622 5781 1233 5858; x_wconf 47' lang='lat' dir='ltr'><strong>veritatemntuendacio</strong></span> <span class='ocrx_word' id='word_1_814' title='bbox 1264 5792 1317 5838; x_wconf 89' lang='lat' dir='ltr'><strong>ct</strong></span> <span class='ocrx_word' id='word_1_815' title='bbox 1347 5781 1541 5849; x_wconf 72' lang='lat' dir='ltr'><strong>errori,</strong></span> <span class='ocrx_word' id='word_1_816' title='bbox 1567 5781 1925 5858; x_wconf 81' lang='lat' dir='ltr'><strong>etutriusque</strong></span> 
     </span>
    </p>
   </div>
   <div class='ocr_carea' id='block_1_108' title="bbox 362 5844 1203 5916">
    <p class='ocr_par' dir='ltr' id='par_1_108' title="bbox 362 5844 1203 5916">
     <span class='ocr_line' id='line_1_108' title="bbox 362 5844 1203 5916; baseline 0.014 -24"><span class='ocrx_word' id='word_1_817' title='bbox 362 5847 515 5896; x_wconf 57' lang='lat' dir='ltr'><strong>stium</strong></span> <span class='ocrx_word' id='word_1_818' title='bbox 546 5857 670 5898; x_wconf 77' lang='lat' dir='ltr'><strong>esse</strong></span> <span class='ocrx_word' id='word_1_819' title='bbox 705 5844 881 5902; x_wconf 87' lang='lat' dir='ltr'><strong>Deum</strong></span> <span class='ocrx_word' id='word_1_820' title='bbox 913 5846 1203 5916; x_wconf 82' lang='lat' dir='ltr'><strong>ﬁngebant.</strong></span> 
     </span>
    </p>
   </div>
   <div class='ocr_carea' id='block_1_109' title="bbox 2101 4660 3605 4730">
    <p class='ocr_par' dir='ltr' id='par_1_109' title="bbox 2101 4660 3605 4730">
     <span class='ocr_line' id='line_1_109' title="bbox 2101 4660 3605 4730; baseline 0.002 -17"><span class='ocrx_word' id='word_1_821' title='bbox 2101 4662 2213 4729; x_wconf 79' lang='grc'><strong>(15)</strong></span> <span class='ocrx_word' id='word_1_822' title='bbox 2236 4660 2478 4724; x_wconf 78' lang='grc' dir='ltr'>Αιώνιός</span> <span class='ocrx_word' id='word_1_823' title='bbox 2493 4676 2555 4713; x_wconf 84' lang='grc' dir='ltr'><strong>τε</strong></span> <span class='ocrx_word' id='word_1_824' title='bbox 2572 4660 2714 4729; x_wconf 73' lang='grc' dir='ltr'>ἡμῖν</span> <span class='ocrx_word' id='word_1_825' title='bbox 2728 4662 2929 4730; x_wconf 77' lang='grc' dir='ltr'>νόμος.</span> <span class='ocrx_word' id='word_1_826' title='bbox 2967 4663 3025 4715; x_wconf 83' lang='lat' dir='ltr'><strong>S.</strong></span> <span class='ocrx_word' id='word_1_827' title='bbox 3049 4663 3295 4717; x_wconf 80' lang='lat' dir='ltr'><strong>Clemens</strong></span> <span class='ocrx_word' id='word_1_828' title='bbox 3318 4665 3418 4717; x_wconf 88' lang='lat' dir='ltr'><strong>sub</strong></span> <span class='ocrx_word' id='word_1_829' title='bbox 3446 4663 3605 4718; x_wconf 83' lang='lat' dir='ltr'><strong>liuent</strong></span> 
     </span>
    </p>
   </div>
   <div class='ocr_carea' id='block_1_110' title="bbox 2032 4731 3607 4802">
    <p class='ocr_par' dir='ltr' id='par_1_110' title="bbox 2032 4731 3607 4802">
     <span class='ocr_line' id='line_1_110' title="bbox 2032 4731 3607 4802; baseline 0 -16"><span class='ocrx_word' id='word_1_830' title='bbox 2032 4731 2235 4802; x_wconf 80' lang='lat' dir='ltr'><strong>Stroin.</strong></span> <span class='ocrx_word' id='word_1_831' title='bbox 2258 4747 2273 4784; x_wconf 88' lang='grc' dir='ltr'><strong>ι</strong></span> <span class='ocrx_word' id='word_1_832' title='bbox 2298 4733 2376 4783; x_wconf 87' lang='lat' dir='ltr'><strong>sic</strong></span> <span class='ocrx_word' id='word_1_833' title='bbox 2394 4732 2665 4802; x_wconf 52' lang='lat' dir='ltr'><strong>loquitur:</strong></span> <span class='ocrx_word' id='word_1_834' title='bbox 2692 4732 2929 4802; x_wconf 74' lang='grc' dir='ltr'>Μωύσῆς</span> <span class='ocrx_word' id='word_1_835' title='bbox 2952 4732 3008 4784; x_wconf 78' lang='grc' dir='ltr'>δὲ</span> <span class='ocrx_word' id='word_1_836' title='bbox 3028 4731 3272 4799; x_wconf 78' lang='grc' dir='ltr'>φαίνεται</span> <span class='ocrx_word' id='word_1_837' title='bbox 3296 4734 3384 4786; x_wconf 86' lang='grc' dir='ltr'><strong>τὸν</strong></span> <span class='ocrx_word' id='word_1_838' title='bbox 3407 4733 3607 4802; x_wconf 80' lang='grc' dir='ltr'>Κύριον</span> 
     </span>
    </p>
   </div>
   <div class='ocr_carea' id='block_1_111' title="bbox 2029 4798 3605 4873">
    <p class='ocr_par' dir='ltr' id='par_1_111' title="bbox 2029 4798 3605 4873">
     <span class='ocr_line' id='line_1_111' title="bbox 2029 4798 3605 4873; baseline -0.001 -18"><span class='ocrx_word' id='word_1_839' title='bbox 2029 4799 2294 4873; x_wconf 78' lang='grc' dir='ltr'>διαθήκην</span> <span class='ocrx_word' id='word_1_840' title='bbox 2322 4798 2531 4873; x_wconf 56' lang='grc' dir='ltr'>καλώνξ</span> <span class='ocrx_word' id='word_1_841' title='bbox 2574 4798 3104 4873; x_wconf 31' lang='grc' dir='ltr'>Ἰδού-ἐγὼζλέγων,</span> <span class='ocrx_word' id='word_1_842' title='bbox 3154 4804 3186 4873; x_wconf 88' lang='grc' dir='ltr'><strong>ή</strong></span> <span class='ocrx_word' id='word_1_843' title='bbox 3229 4804 3458 4873; x_wconf 81' lang='grc' dir='ltr'>διαθήκη</span> <span class='ocrx_word' id='word_1_844' title='bbox 3496 4798 3605 4873; x_wconf 71' lang='grc' dir='ltr'>’μου</span> 
     </span>
    </p>
   </div>
   <div class='ocr_carea' id='block_1_112' title="bbox 2035 4869 3608 4944">
    <p class='ocr_par' dir='ltr' id='par_1_112' title="bbox 2035 4869 3608 4944">
     <span class='ocr_line' id='line_1_112' title="bbox 2035 4869 3608 4944; baseline 0.001 -21"><span class='ocrx_word' id='word_1_845' title='bbox 2035 4869 2359 4944; x_wconf 53' lang='lat' dir='ltr'><strong>periodi}...</strong></span> <span class='ocrx_word' id='word_1_846' title='bbox 2397 4871 2453 4921; x_wconf 83' lang='grc' dir='ltr'>ὲν</span> <span class='ocrx_word' id='word_1_847' title='bbox 2477 4869 2533 4944; x_wconf 80' lang='grc' dir='ltr'>δὲ</span> <span class='ocrx_word' id='word_1_848' title='bbox 2657 4871 2865 4942; x_wconf 85' lang='grc' dir='ltr'>Πέτρου</span> <span class='ocrx_word' id='word_1_849' title='bbox 2895 4869 3207 4942; x_wconf 73' lang='grc' dir='ltr'>κηρύγματι</span> <span class='ocrx_word' id='word_1_850' title='bbox 3234 4869 3409 4944; x_wconf 69' lang='grc' dir='ltr'>εὕροις</span> <span class='ocrx_word' id='word_1_851' title='bbox 3434 4869 3608 4925; x_wconf 71' lang='grc' dir='ltr'>ἀν’νό-</span> 
     </span>
    </p>
   </div>
   <div class='ocr_carea' id='block_1_113' title="bbox 2034 4939 3604 5013">
    <p class='ocr_par' dir='ltr' id='par_1_113' title="bbox 2034 4939 3604 5013">
     <span class='ocr_line' id='line_1_113' title="bbox 2034 4939 3604 5013; baseline 0.001 -19"><span class='ocrx_word' id='word_1_852' title='bbox 2034 4939 2133 5013; x_wconf 83' lang='grc' dir='ltr'><strong>μον</strong></span> <span class='ocrx_word' id='word_1_853' title='bbox 2157 4941 2253 4993; x_wconf 70' lang='grc' dir='ltr'>καὶ</span> <span class='ocrx_word' id='word_1_854' title='bbox 2272 4941 2428 5009; x_wconf 89' lang='grc' dir='ltr'>λόγον</span> <span class='ocrx_word' id='word_1_855' title='bbox 2448 4939 2536 5013; x_wconf 83' lang='grc' dir='ltr'><strong>τὸν</strong></span> <span class='ocrx_word' id='word_1_856' title='bbox 2551 4941 2751 5013; x_wconf 77' lang='grc' dir='ltr'>Κύριον</span> <span class='ocrx_word' id='word_1_857' title='bbox 2772 4939 3327 5013; x_wconf 73' lang='grc' dir='ltr'>προσαγορευόμενον.</span> <span class='ocrx_word' id='word_1_858' title='bbox 3355 4962 3373 4992; x_wconf 79' lang='grc' dir='ltr'><strong>ι</strong></span> <span class='ocrx_word' id='word_1_859' title='bbox 3398 4944 3604 5011; x_wconf 83' lang='lat' dir='ltr'><strong>Moyses</strong></span> 
     </span>
    </p>
   </div>
   <div class='ocr_carea' id='block_1_114' title="bbox 2030 5012 3601 5081">
    <p class='ocr_par' dir='ltr' id='par_1_114' title="bbox 2030 5012 3601 5081">
     <span class='ocr_line' id='line_1_114' title="bbox 2030 5012 3601 5081; baseline 0 -16"><span class='ocrx_word' id='word_1_860' title='bbox 2030 5012 2208 5065; x_wconf 82' lang='lat' dir='ltr'><strong>autem</strong></span> <span class='ocrx_word' id='word_1_861' title='bbox 2238 5014 2451 5065; x_wconf 84' lang='lat' dir='ltr'><strong>videtur</strong></span> <span class='ocrx_word' id='word_1_862' title='bbox 2495 5012 2781 5065; x_wconf 85' lang='lat' dir='ltr'><strong>Dominum</strong></span> <span class='ocrx_word' id='word_1_863' title='bbox 2820 5012 3101 5081; x_wconf 74' lang='lat' dir='ltr'><strong>appellare</strong></span> <span class='ocrx_word' id='word_1_864' title='bbox 3151 5012 3601 5081; x_wconf 64' lang='lat' dir='ltr'><strong>‘l‘estuiiieiitttiii:</strong></span> 
     </span>
    </p>
   </div>
   <div class='ocr_carea' id='block_1_115' title="bbox 2031 5080 3600 5152">
    <p class='ocr_par' dir='ltr' id='par_1_115' title="bbox 2031 5080 3600 5152">
     <span class='ocr_line' id='line_1_115' title="bbox 2031 5080 3600 5152; baseline 0 -17"><span class='ocrx_word' id='word_1_865' title='bbox 2031 5083 2172 5135; x_wconf 79' lang='lat' dir='ltr'><strong>Ecce</strong></span> <span class='ocrx_word' id='word_1_866' title='bbox 2202 5096 2322 5152; x_wconf 80' lang='lat' dir='ltr'><strong>ego,</strong></span> <span class='ocrx_word' id='word_1_867' title='bbox 2363 5082 2572 5152; x_wconf 90' lang='lat' dir='ltr'><strong>dicens,</strong></span> <span class='ocrx_word' id='word_1_868' title='bbox 2607 5090 2823 5149; x_wconf 90' lang='lat' dir='ltr'><strong>pactum</strong></span> <span class='ocrx_word' id='word_1_869' title='bbox 2869 5080 3048 5136; x_wconf 84' lang='lat' dir='ltr'><strong>meum</strong></span> <span class='ocrx_word' id='word_1_870' title='bbox 3083 5093 3331 5137; x_wconf 85' lang='lat' dir='ltr'><strong>tecum...</strong></span> <span class='ocrx_word' id='word_1_871' title='bbox 3368 5082 3423 5152; x_wconf 80' lang='lat' dir='ltr'><strong>lii</strong></span> <span class='ocrx_word' id='word_1_872' title='bbox 3454 5080 3600 5136; x_wconf 87' lang='lat' dir='ltr'><strong>Petri</strong></span> 
     </span>
    </p>
   </div>
   <div class='ocr_carea' id='block_1_116' title="bbox 2030 5150 3600 5219">
    <p class='ocr_par' dir='ltr' id='par_1_116' title="bbox 2030 5150 3600 5219">
     <span class='ocr_line' id='line_1_116' title="bbox 2030 5150 3600 5219; baseline -0.001 -14"><span class='ocrx_word' id='word_1_873' title='bbox 2030 5163 2207 5205; x_wconf 84' lang='lat' dir='ltr'><strong>autem</strong></span> <span class='ocrx_word' id='word_1_874' title='bbox 2229 5150 2610 5219; x_wconf 64' lang='lat' dir='ltr'><strong>prtedicatione</strong></span> <span class='ocrx_word' id='word_1_875' title='bbox 2628 5152 2870 5205; x_wconf 81' lang='lat' dir='ltr'><strong>invenies</strong></span> <span class='ocrx_word' id='word_1_876' title='bbox 2899 5153 3184 5205; x_wconf 87' lang='lat' dir='ltr'><strong>Dominttm</strong></span> <span class='ocrx_word' id='word_1_877' title='bbox 3209 5150 3600 5218; x_wconf 75' lang='lat' dir='ltr'><strong>vocariLegetn</strong></span> 
     </span>
    </p>
   </div>
   <div class='ocr_carea' id='block_1_117' title="bbox 2030 5220 3602 5290">
    <p class='ocr_par' dir='ltr' id='par_1_117' title="bbox 2030 5220 3602 5290">
     <span class='ocr_line' id='line_1_117' title="bbox 2030 5220 3602 5290; baseline 0.001 -14"><span class='ocrx_word' id='word_1_878' title='bbox 2030 5233 2083 5276; x_wconf 89' lang='lat' dir='ltr'><strong>et</strong></span> <span class='ocrx_word' id='word_1_879' title='bbox 2112 5221 2417 5274; x_wconf 79' lang='lat' dir='ltr'><strong>Rationem.</strong></span> <span class='ocrx_word' id='word_1_880' title='bbox 2477 5238 2496 5271; x_wconf 74' lang='grc' dir='ltr'><strong>ι</strong></span> <span class='ocrx_word' id='word_1_881' title='bbox 2542 5221 2599 5274; x_wconf 90' lang='lat' dir='ltr'><strong>In</strong></span> <span class='ocrx_word' id='word_1_882' title='bbox 2642 5220 2893 5289; x_wconf 74' lang='lat' dir='ltr'><strong>Excerpt.</strong></span> <span class='ocrx_word' id='word_1_883' title='bbox 2928 5238 2979 5290; x_wconf 93' lang='lat' dir='ltr'><strong>p.</strong></span> <span class='ocrx_word' id='word_1_884' title='bbox 3009 5222 3135 5286; x_wconf 86' lang='lat'><strong>809,</strong></span> <span class='ocrx_word' id='word_1_885' title='bbox 3167 5224 3306 5275; x_wconf 89' lang='lat' dir='ltr'><strong>idem</strong></span> <span class='ocrx_word' id='word_1_886' title='bbox 3350 5222 3602 5277; x_wconf 82' lang='lat' dir='ltr'><strong>Clemens</strong></span> 
     </span>
    </p>
   </div>
   <div class='ocr_carea' id='block_1_118' title="bbox 2031 5290 3598 5359">
    <p class='ocr_par' dir='ltr' id='par_1_118' title="bbox 2031 5290 3598 5359">
     <span class='ocr_line' id='line_1_118' title="bbox 2031 5290 3598 5359; baseline 0.001 -16"><span class='ocrx_word' id='word_1_887' title='bbox 2031 5292 2403 5345; x_wconf 87' lang='lat' dir='ltr'><strong>testimonium</strong></span> <span class='ocrx_word' id='word_1_888' title='bbox 2449 5304 2519 5342; x_wconf 80' lang='lat' dir='ltr'><strong>ex</strong></span> <span class='ocrx_word' id='word_1_889' title='bbox 2566 5292 2953 5359; x_wconf 61' lang='lat' dir='ltr'><strong>praedicatione</strong></span> <span class='ocrx_word' id='word_1_890' title='bbox 2999 5290 3145 5346; x_wconf 81' lang='lat' dir='ltr'><strong>Petri</strong></span> <span class='ocrx_word' id='word_1_891' title='bbox 3197 5294 3394 5346; x_wconf 88' lang='lat' dir='ltr'><strong>iterum</strong></span> <span class='ocrx_word' id='word_1_892' title='bbox 3444 5292 3598 5359; x_wconf 81' lang='lat' dir='ltr'><strong>citat,</strong></span> 
     </span>
    </p>
   </div>
   <div class='ocr_carea' id='block_1_119' title="bbox 2029 5357 3599 5429">
    <p class='ocr_par' dir='ltr' id='par_1_119' title="bbox 2029 5357 3599 5429">
     <span class='ocr_line' id='line_1_119' title="bbox 2029 5357 3599 5429; baseline -0.001 -14"><span class='ocrx_word' id='word_1_893' title='bbox 2029 5360 2271 5428; x_wconf 84' lang='lat' dir='ltr'><strong>illudque</strong></span> <span class='ocrx_word' id='word_1_894' title='bbox 2290 5357 2582 5414; x_wconf 78' lang='lat' dir='ltr'><strong>conﬁrmat</strong></span> <span class='ocrx_word' id='word_1_895' title='bbox 2611 5362 2697 5415; x_wconf 87' lang='lat' dir='ltr'><strong>his</strong></span> <span class='ocrx_word' id='word_1_896' title='bbox 2726 5360 3025 5429; x_wconf 67' lang='lat' dir='ltr'><strong>Scriptum</strong></span> <span class='ocrx_word' id='word_1_897' title='bbox 3051 5362 3261 5417; x_wconf 85' lang='lat' dir='ltr'><strong>verbis:</strong></span> <span class='ocrx_word' id='word_1_898' title='bbox 3302 5380 3321 5413; x_wconf 78' lang='grc' dir='ltr'><strong>ι</strong></span> <span class='ocrx_word' id='word_1_899' title='bbox 3367 5363 3439 5416; x_wconf 85' lang='lat' dir='ltr'><strong>De</strong></span> <span class='ocrx_word' id='word_1_900' title='bbox 3466 5357 3599 5416; x_wconf 84' lang='lat' dir='ltr'><strong>Sion</strong></span> 
     </span>
    </p>
   </div>
   <div class='ocr_carea' id='block_1_120' title="bbox 2028 5430 3601 5487">
    <p class='ocr_par' dir='ltr' id='par_1_120' title="bbox 2028 5430 3601 5487">
     <span class='ocr_line' id='line_1_120' title="bbox 2028 5430 3601 5487; baseline 0.001 -4"><span class='ocrx_word' id='word_1_901' title='bbox 2028 5432 2199 5485; x_wconf 80' lang='lat' dir='ltr'><strong>exibit</strong></span> <span class='ocrx_word' id='word_1_902' title='bbox 2234 5432 2321 5485; x_wconf 76' lang='lat' dir='ltr'><strong>lex</strong></span> <span class='ocrx_word' id='word_1_903' title='bbox 2368 5442 2424 5484; x_wconf 91' lang='lat' dir='ltr'><strong>et</strong></span> <span class='ocrx_word' id='word_1_904' title='bbox 2452 5432 2673 5483; x_wconf 88' lang='lat' dir='ltr'><strong>verbum</strong></span> <span class='ocrx_word' id='word_1_905' title='bbox 2715 5430 2931 5483; x_wconf 88' lang='lat' dir='ltr'><strong>Domini</strong></span> <span class='ocrx_word' id='word_1_906' title='bbox 2960 5430 3030 5484; x_wconf 93' lang='lat' dir='ltr'><strong>de</strong></span> <span class='ocrx_word' id='word_1_907' title='bbox 3059 5430 3385 5487; x_wconf 81' lang='lat' dir='ltr'><strong>Jerusalem.</strong></span> <span class='ocrx_word' id='word_1_908' title='bbox 3423 5430 3601 5485; x_wconf 87' lang='lat' dir='ltr'><strong>Testi-</strong></span> 
     </span>
    </p>
   </div>
   <div class='ocr_carea' id='block_1_121' title="bbox 2030 5500 3590 5571">
    <p class='ocr_par' dir='ltr' id='par_1_121' title="bbox 2030 5500 3590 5571">
     <span class='ocr_line' id='line_1_121' title="bbox 2030 5500 3590 5571; baseline 0 -18"><span class='ocrx_word' id='word_1_909' title='bbox 2030 5502 2270 5571; x_wconf 86' lang='lat' dir='ltr'><strong>monium</strong></span> <span class='ocrx_word' id='word_1_910' title='bbox 2294 5500 2508 5571; x_wconf 80' lang='lat' dir='ltr'><strong>Domini</strong></span> <span class='ocrx_word' id='word_1_911' title='bbox 2548 5501 2729 5566; x_wconf 88' lang='lat' dir='ltr'><strong>lidele,</strong></span> <span class='ocrx_word' id='word_1_912' title='bbox 2753 5502 3365 5571; x_wconf 74' lang='lat' dir='ltr'><strong>sapientiampraestans</strong></span> <span class='ocrx_word' id='word_1_913' title='bbox 3397 5518 3590 5571; x_wconf 88' lang='lat' dir='ltr'><strong>parvu-</strong></span> 
     </span>
    </p>
   </div>
   <div class='ocr_carea' id='block_1_122' title="bbox 2027 5568 3601 5637">
    <p class='ocr_par' dir='ltr' id='par_1_122' title="bbox 2027 5568 3601 5637">
     <span class='ocr_line' id='line_1_122' title="bbox 2027 5568 3601 5637; baseline -0.001 -13"><span class='ocrx_word' id='word_1_914' title='bbox 2027 5574 2114 5625; x_wconf 85' lang='lat' dir='ltr'><strong>lis.</strong></span> <span class='ocrx_word' id='word_1_915' title='bbox 2154 5588 2175 5622; x_wconf 75' lang='grc' dir='ltr'><strong>ι</strong></span> <span class='ocrx_word' id='word_1_916' title='bbox 2224 5568 2711 5625; x_wconf 83' lang='lat' dir='ltr'><strong>VideturJustinus</strong></span> <span class='ocrx_word' id='word_1_917' title='bbox 2759 5572 2812 5623; x_wconf 93' lang='lat' dir='ltr'><strong>in</strong></span> <span class='ocrx_word' id='word_1_918' title='bbox 2855 5568 3133 5637; x_wconf 80' lang='lat' dir='ltr'><strong>ejusmodi</strong></span> <span class='ocrx_word' id='word_1_919' title='bbox 3160 5568 3482 5627; x_wconf 83' lang='lat' dir='ltr'><strong>testimoniis</strong></span> <span class='ocrx_word' id='word_1_920' title='bbox 3532 5579 3601 5624; x_wconf 86' lang='lat' dir='ltr'><strong>de</strong></span> 
     </span>
    </p>
   </div>
   <div class='ocr_carea' id='block_1_123' title="bbox 2026 5641 3602 5711">
    <p class='ocr_par' dir='ltr' id='par_1_123' title="bbox 2026 5641 3602 5711">
     <span class='ocr_line' id='line_1_123' title="bbox 2026 5641 3602 5711; baseline -0.003 -14"><span class='ocrx_word' id='word_1_921' title='bbox 2026 5643 2246 5697; x_wconf 86' lang='lat' dir='ltr'><strong>Christo</strong></span> <span class='ocrx_word' id='word_1_922' title='bbox 2298 5641 2659 5708; x_wconf 89' lang='lat' dir='ltr'><strong>intelligendis</strong></span> <span class='ocrx_word' id='word_1_923' title='bbox 2692 5644 3001 5711; x_wconf 76' lang='lat' dir='ltr'><strong>consentire</strong></span> <span class='ocrx_word' id='word_1_924' title='bbox 3048 5657 3171 5711; x_wconf 82' lang='lat' dir='ltr'><strong>cum</strong></span> <span class='ocrx_word' id='word_1_925' title='bbox 3223 5644 3502 5698; x_wconf 88' lang='lat' dir='ltr'><strong>Clemente</strong></span> <span class='ocrx_word' id='word_1_926' title='bbox 3547 5652 3602 5693; x_wconf 92' lang='lat' dir='ltr'><strong>et</strong></span> 
     </span>
    </p>
   </div>
   <div class='ocr_carea' id='block_1_124' title="bbox 2027 5710 3601 5786">
    <p class='ocr_par' dir='ltr' id='par_1_124' title="bbox 2027 5710 3601 5786">
     <span class='ocr_line' id='line_1_124' title="bbox 2027 5710 3601 5786; baseline -0.003 -19"><span class='ocrx_word' id='word_1_927' title='bbox 2027 5713 2303 5786; x_wconf 82' lang='lat' dir='ltr'><strong>Christum</strong></span> <span class='ocrx_word' id='word_1_928' title='bbox 2340 5712 2776 5786; x_wconf 30' lang='lat' dir='ltr'><strong>existimasse-in</strong></span> <span class='ocrx_word' id='word_1_929' title='bbox 2804 5710 2959 5786; x_wconf 72' lang='lat' dir='ltr'><strong>Isaia:</strong></span> <span class='ocrx_word' id='word_1_930' title='bbox 3002 5716 3318 5786; x_wconf 77' lang='lat' dir='ltr'><strong>testimonio</strong></span> <span class='ocrx_word' id='word_1_931' title='bbox 3352 5712 3601 5786; x_wconf 85' lang='lat' dir='ltr'><strong>proxime</strong></span> 
     </span>
    </p>
   </div>
   <div class='ocr_carea' id='block_1_125' title="bbox 2028 5781 3595 5850">
    <p class='ocr_par' dir='ltr' id='par_1_125' title="bbox 2028 5781 3595 5850">
     <span class='ocr_line' id='line_1_125' title="bbox 2028 5781 3595 5850; baseline 0 -14"><span class='ocrx_word' id='word_1_932' title='bbox 2028 5784 2303 5849; x_wconf 88' lang='lat' dir='ltr'><strong>sequenti,</strong></span> <span class='ocrx_word' id='word_1_933' title='bbox 2326 5800 2345 5833; x_wconf 74' lang='grc' dir='ltr'><strong>ι</strong></span> <span class='ocrx_word' id='word_1_934' title='bbox 2383 5783 2575 5850; x_wconf 89' lang='lat' dir='ltr'><strong>legem,</strong></span> <span class='ocrx_word' id='word_1_935' title='bbox 2604 5781 2888 5849; x_wconf 84' lang='lat' dir='ltr'><strong>judicium,</strong></span> <span class='ocrx_word' id='word_1_936' title='bbox 2921 5781 3190 5848; x_wconf 84' lang='lat' dir='ltr'><strong>justitiam</strong></span> <span class='ocrx_word' id='word_1_937' title='bbox 3222 5794 3275 5840; x_wconf 91' lang='lat' dir='ltr'><strong>et</strong></span> <span class='ocrx_word' id='word_1_938' title='bbox 3303 5781 3540 5838; x_wconf 83' lang='lat' dir='ltr'><strong>salutare</strong></span> <span class='ocrx_word' id='word_1_939' title='bbox 3575 5800 3595 5831; x_wconf 73' lang='grc' dir='ltr'><strong>ι</strong></span> 
     </span>
    </p>
   </div>
   <div class='ocr_carea' id='block_1_126' title="bbox 2028 5850 3061 5926">
    <p class='ocr_par' dir='ltr' id='par_1_126' title="bbox 2028 5850 3061 5926">
     <span class='ocr_line' id='line_1_126' title="bbox 2028 5850 3061 5926; baseline 0.002 -20"><span class='ocrx_word' id='word_1_940' title='bbox 2028 5852 2310 5921; x_wconf 81' lang='lat' dir='ltr'><strong>appellari.</strong></span> <span class='ocrx_word' id='word_1_941' title='bbox 2350 5854 2466 5909; x_wconf 67' lang='grc' dir='ltr'>για.</span> <span class='ocrx_word' id='word_1_942' title='bbox 2504 5850 2699 5908; x_wconf 74' lang='lat' dir='ltr'><strong>Strom.</strong></span> <span class='ocrx_word' id='word_1_943' title='bbox 2738 5867 2831 5921; x_wconf 69' lang='grc' dir='ltr'>ιιι,</span> <span class='ocrx_word' id='word_1_944' title='bbox 2861 5872 2913 5926; x_wconf 83' lang='lat' dir='ltr'><strong>p.</strong></span> <span class='ocrx_word' id='word_1_945' title='bbox 2940 5854 3061 5908; x_wconf 80' lang='lat'><strong>708.</strong></span> 
     </span>
    </p>
   </div>
  </div>
