4006 6254
373 369 480 425 199

1344 372 1402 431 S.
1436 371 1705 429 JUSTIN}
1730 370 2141 428 PHILOSOPHI
2174 370 2261 425 ET
2302 369 2662 427 MARTYB-IS

3520 374 3630 433 500

375 482 617 552 illudque
642 481 696 538 in
727 483 903 541 lucem
933 486 1209 557 gentium;
1244 485 1491 544 videmus
1514 496 1698 542 autem
1729 501 1792 542 ac
1816 503 1943 557 per-

2059 486 2265 557 5ρῶμεν
2292 489 2347 563 δὲ
2379 490 2472 543 καὶ
2510 487 2853 558 πεπείσμεθα
2879 486 2991 559 (14)
3016 486 3105 542 διὰ
3133 485 3237 541 τοῦ⁵
3256 487 3517 560 ὀνόματος
3536 492 3633 546 αὐ-

372 592 599 632 suasnm
639 578 907 634 habemus
947 593 1046 650 per
1084 596 1279 637 nomen
1324 581 1503 652 ipsius
1539 582 1789 639 crucifixi
1819 581 1947 637 Jesu

370 669 596 738 Christi,
623 685 654 725 a
683 671 989 727 simulacris
1010 680 1064 727 et
1080 672 1155 753 ab
1185 672 1291 727 alia
1324 674 1566 743 nequitia
1602 675 1851 731 homines
1880 675 1949 729 ad

372 766 545 820 Deum
576 766 865 832 accedere,
892 782 957 823 ac
998 781 1069 823 ne
1108 778 1285 823 morte
1326 768 1541 839 quidem
1590 772 1870 841 proposita
1917 785 1950 825 a

373 856 723 914 confessione
752 867 808 913 et
836 859 1040 928 pietate
1067 858 1382 928 discedere;
1414 876 1537 916 cum
1561 877 1627 916 ex
1668 863 1948 931 operibus,

374 958 486 1004 tum
513 966 580 1006 ex
600 951 1064 1022 consequentibus
1091 950 1367 1007 miraculis
1407 950 1537 1006 licet
1577 953 1832 1008 omnibus
1861 952 1951 1007 iii-

375 1042 617 1114 thligere
646 1043 790 1099 hunc
820 1059 945 1100 esse
974 1061 1170 1101 novam
1212 1044 1411 1116 legem,
1444 1054 1500 1099 et
1533 1060 1732 1101 novum
1758 1045 1951 1100 Testa-

374 1146 618 1191 mentum
647 1145 703 1192 et
732 1140 1201 1207 exspectationem
1230 1154 1421 1196 eorum
1474 1138 1567 1209 qui
1598 1152 1668 1193 ex
1698 1138 1951 1194 omnibus

374 1228 638 1294 gentibus
670 1245 700 1284 a
730 1228 846 1286 Deo
891 1231 1035 1286 bona
1076 1241 1423 1302 exspectant.
1464 1232 1666 1288 Verum
1705 1232 1850 1288 enim
1877 1230 1951 1286 ls-

373 1318 705 1384 raeliticum,
754 1321 1020 1391 spiritale,
1052 1332 1108 1378 et
1150 1321 1303 1379 ludat
1350 1338 1555 1392 genus,
1601 1331 1656 1379 et
1696 1322 1869 1379 Jacob
1896 1333 1952 1378 et

374 1408 529 1465 Isaac
566 1420 621 1464 et
662 1412 958 1479 Abraham,
988 1413 1146 1483 cujus
1176 1414 1231 1468 in
1275 1414 1542 1484 praeputio
1586 1412 1750 1469 ﬁdem
1798 1415 1952 1470 testi-

375 1500 560 1556 monio
590 1517 691 1560 suo
725 1503 1103 1574 comprobavit
1148 1504 1312 1572 Deus,
1339 1504 1503 1575 eique
1545 1503 1864 1569 benedixit,
1886 1518 1952 1558 ac

373 1603 587 1662 patrem
635 1596 928 1653 multarum
968 1596 1207 1668 gentium
1259 1597 1497 1663 vocavit,
1538 1612 1662 1664 nos,
1704 1597 1948 1668 inquam,

372 1687 481 1742 huc
506 1701 676 1757 genus
700 1702 908 1754 sumus,
928 1689 1020 1759 qui
1051 1690 1119 1744 ad
1135 1688 1305 1745 Deum
1334 1705 1433 1761 per
1456 1690 1600 1744 hunc
1630 1689 1950 1744 cruciﬁxum

370 1779 649 1835 Christum
689 1780 937 1850 perducti
970 1796 1182 1847 sumus,
1228 1782 1695 1852 quemadmodum
1741 1794 1797 1838 et
1825 1798 1952 1839 ora-

373 1873 522 1928 tione
552 1873 709 1927 nobis
749 1872 1080 1945 procedente
1108 1874 1595 1931 demonstrabitur.

444 1964 533 2023 12.
568 1948 756 2020 Judaei
778 1977 1030 2021 wternam
1059 1966 1221 2036 legem
1248 1967 1465 2033 uiolant,
1496 1967 1786 2023 Mosaicam
1813 1968 1952 2022 male

370 2058 809 2128 interpretantur.
850 2085 921 2099 -—
970 2056 1228 2112 Dicebam
1292 2056 1458 2113 etiam
1507 2066 1563 2113 et
1606 2057 1948 2127 profereham

371 2148 523 2218 quod
564 2149 673 2205 alio
713 2149 833 2205 loco
870 2149 1073 2205 clamat
1097 2148 1308 2204 Isaias:
1345 2166 1364 2201 ι
1393 2149 1595 2205 Audite
1630 2150 1797 2207 verba
1830 2164 1948 2204 mea

371 2250 427 2295 et
461 2242 607 2295 vivet
633 2243 816 2296 anima
857 2250 1063 2307 vestra,
1099 2249 1155 2294 et
1183 2240 1426 2295 testabor
1460 2242 1617 2297 vobis
1649 2250 1950 2297 testamen-

374 2340 488 2386 tum
514 2333 932 2403 sempiternum,
972 2341 1163 2387 sancta
1190 2330 1410 2387 Davidis
1446 2332 1663 2389 ﬁdelia:
1700 2332 1842 2391 Ecce
1871 2345 1952 2390 te-

372 2432 516 2478 stem
563 2425 779 2493 populis
820 2425 944 2481 dedi
971 2441 1119 2483 eum.
1149 2427 1355 2485 Gentes
1386 2443 1509 2499 quae
1531 2442 1639 2483 non
1682 2436 1954 2483 noverunt

375 2525 451 2577 te.
490 2516 913 2573 invocabunt‘te
942 2536 956 2573 :
987 2520 1171 2589 populi
1216 2521 1308 2590 qui
1354 2522 1607 2577 nesciunt
1652 2529 1726 2586 te,
1760 2517 1954 2574 confu-

372 2609 521 2680 gient
551 2610 619 2665 ad
659 2619 735 2678 te,
761 2622 986 2682 propter
1021 2614 1193 2669 Deum
1225 2624 1378 2669 tuum
1419 2622 1670 2670 sanctum
1713 2612 1950 2677 Israelis,

371 2703 631 2773 quoniam
655 2702 982 2771 gloriﬁcavit
1012 2714 1063 2759 te
1089 2706 1157 2762 ⁸⁷.
1190 2724 1211 2759 ι
1243 2705 1394 2763 Hanc
1419 2708 1592 2779 ipsam
1624 2708 1797 2779 legem
1824 2720 1955 2759 con-

374 2794 597 2849 tumelia
624 2794 904 2862 aﬂécistis,
939 2812 1004 2852 ac
1032 2797 1240 2855 Novum
1280 2800 1426 2856 illius
1474 2808 1722 2855 sanctum
1756 2798 1951 2855 Testa-

370 2896 616 2943 mentum
642 2887 1037 2956 lloccil'ecistis,
1067 2906 1131 2947 ac
1165 2906 1236 2947 ne
1265 2908 1409 2949 nunc
1431 2893 1649 2963 quidem
1681 2893 1951 2962 recipitis,

372 2994 477 3035 nec
503 2994 669 3049 prave
709 2980 978 3037 factorum
1022 2986 1401 3052 ptenitentiam
1446 2986 1643 3056 agitis:
1690 3003 1711 3037 ι
1746 2986 1955 3055 {Adhuc

372 3071 518 3128 enim
549 3089 712 3130 aures
759 3084 956 3131 vestrae
1000 3078 1265 3132 obturata:
1310 3086 1466 3145 sunt,
1506 3088 1562 3133 et
1600 3079 1744 3135 oculi
1778 3082 1949 3137 vestri

369 3166 657 3233 obcaacali,
697 3176 755 3222 ct
806 3169 1172 3226 incrassatum
1216 3179 1299 3225 est
1342 3185 1438 3227 cor
1473 3180 1735 3227 vestrum.
1783 3192 1802 3226 ι
1844 3173 1952 3227 Ex-

370 3256 570 3312 clamat
596 3257 886 3326 leremias,
929 3276 995 3317 ac
1037 3277 1108 3317 ne
1152 3261 1234 3318 sic
1272 3261 1492 3331 quidem
1527 3262 1762 3318 auditis:
1797 3264 1953 3320 adest

369 3347 670 3421 legislator,
702 3367 804 3409 nec
834 3353 1061 3409 videtis:
1097 3368 1365 3423 pauperes
1398 3354 1748 3426 Evangelium
1781 3357 1955 3413 susci-

369 3444 553 3512 piunt,
574 3444 703 3501 caeci
726 3446 940 3514 vident;
975 3462 1075 3503 nec
1108 3447 1429 3519 intelligitis.
1462 3448 1647 3504 Altera
1675 3448 1789 3517 jam
1817 3466 1955 3522 opus

370 3543 456 3589 est
478 3535 891 3592 circumcisione
910 3555 925 3604 ;
944 3554 1041 3596 vos
1053 3549 1230 3595 autem
1254 3541 1307 3596 in
1333 3556 1496 3597 carne
1520 3541 1810 3611 plurimum
1838 3543 1956 3613 glo-

374 3627 611 3681 riamini.
643 3627 896 3699 Praecipit
933 3647 1070 3686 nova
1095 3632 1202 3700 lex,
1230 3642 1289 3687 ut
1320 3642 1639 3703 perpetuum
1665 3635 1952 3691 sabbatum

374 3716 702 3772 celebretis:
732 3734 827 3775 vos
860 3730 1037 3776 autem
1070 3723 1213 3791 quod
1243 3724 1451 3779 inertes
1485 3725 1620 3782 estis
1650 3742 1748 3796 per
1786 3742 1951 3782 unum

373 3810 545 3875 diem,
576 3811 651 3881 pii
672 3811 827 3867 vobis
850 3827 972 3868 esse
1002 3814 1280 3881 videmini,
1324 3832 1432 3872 non
1466 3817 1829 3888 intelligentes
1856 3835 1953 3873 cur

372 3904 431 3958 id
459 3904 613 3985 vobis
640 3908 1033 3977 (praescriptum
1084 3908 1201 3964 sit:
1255 3919 1311 3965 et
1349 3925 1545 3979 panem
1592 3911 1798 3981 absque
1844 3912 1954 3967 fer-

373 4008 564 4055 mento
584 3999 629 4055 si
664 4000 863 4066 edatis,
894 4016 924 4054 a
950 4001 1104 4056 vobis
1134 4002 1371 4058 divinam
1398 4004 1732 4061 voluntatem
1764 4005 1955 4076 imple-

374 4100 484 4145 tam
515 4091 723 4147 dicitis.
763 4093 878 4148 Non
921 4093 1035 4149 haec
1081 4094 1309 4151 Domino
1338 4096 1449 4152 Deo
1490 4107 1675 4153 nostro
1714 4097 1949 4169 placent.

373 4183 432 4237 Si
462 4183 587 4253 quis
624 4184 780 4255 n3
816 4184 866 4237 in
885 4184 1041 4239 vobis
1064 4194 1147 4241 est
1170 4186 1421 4258 perjurus
1445 4197 1539 4243 aut
1562 4188 1672 4256 fur,
1700 4190 1946 4255 desinat;

371 4274 419 4329 si
453 4275 578 4344 quis
614 4278 883 4341 mmehus,
924 4276 1301 4345 pmnitentiam
1330 4289 1499 4347 agat;
1536 4289 1593 4335 et
1626 4281 1950 4336 suavissima

371 4382 438 4421 ac
465 4381 594 4421 vera
640 4368 734 4423 Dei
773 4370 1002 4425 sabbata
1031 4372 1351 4427 celebravit.
1390 4370 1447 4425 Si
1474 4372 1598 4441 quis
1637 4387 1802 4441 puras
1836 4387 1947 4425 ma-

373 4470 477 4508 nus
513 4470 620 4510 non
658 4456 843 4523 habet,
878 4459 1026 4515 lavet
1056 4470 1113 4516 et
1144 4476 1313 4532 purus
1343 4472 1450 4517 est.

1979 3224 2021 3282 C

2050 578 2141 634 τοῦ
2167 578 2258 633 τοῦ
2288 580 2689 651 σταυρωθέντος
2732 578 2905 651 Ἰησοῦ
2935 578 3191 651 Χριστοῦ,
3212 580 3320 636 ἀπὸ
3341 580 3448 634 τῶν
3469 581 3631 636 εἰδώ-

2050 672 2156 727 λων
2177 673 2273 726 καὶ
2301 672 2399 743 τῆς
2425 672 2588 743 άλλης
2612 671 2821 735 ἀδικίας
2850 670 3243 744 προσελθόντας
3261 672 3337 745 τῷ
3358 673 3499 746 Θεῷ,
3530 678 3630 730 καὶ

2054 764 2218 835 μέχρι
2244 761 2476 816 Θανάτου
2514 762 2882 832 ὑπομένοντας
2910 761 3010 833 τὴν
3031 762 3319 833 ὁμολογίαν
3349 766 3445 819 καὶ
3474 766 3631 823 εὐσί-

2051 856 2205 909 6ειαν
2234 854 2531 909 ποιεῖσθαι·
2567 855 2662 908 καὶ
2688 857 2751 907 ὲκ
2788 854 2894 907 τῶν
2931 854 3105 927 ἔργων
3122 858 3217 911 καὶ
3237 859 3301 910 ὲκ
3325 858 3423 929 τῆς
3444 876 3631 932 παρα-

2050 947 2411 1019 κολουθούσης
2449 947 2729 1018 δυνάμεως
2773 947 3015 1001 συνιέναι
3060 950 3195 1002 πᾶσι
3252 949 3494 1017 δυνατὸν,
3547 953 3635 1005 ὅτι

2050 1033 2202 1103 οὗτός
2239 1040 2386 1092 ἐστιν
2424 1041 2452 1093 ὁ
2494 1039 2679 1102 καινὸς
2723 1038 2886 1109 νόμος
2919 1038 3053 1111 (15),
3103 1039 3204 1093 καὶ
3246 1043 3278 1113 η
3330 1042 3491 1113 καινὴ
3522 1042 3638 1096 δια-

2051 1132 2223 1205 θήκη,
2249 1132 2345 1187 καὶ
2387 1133 2421 1203 ή
2443 1132 2738 1205 προσδοκία
2785 1132 2891 1186 τῶν
2938 1133 3044 1187 ἀπὺ
3078 1133 3296 1187 πάντων
3332 1133 3439 1188 τῶν
3462 1133 3639 1188 έθνῶν

2050 1224 2429 1295 ἀναμενόντων
2458 1224 2525 1277 τὰ
2548 1223 2699 1296 παρὰ
2726 1222 2817 1277 τοῦ
2844 1223 2976 1277 Θεοῦ
3003 1224 3202 1293 ἀγαθά.
3243 1226 3643 1298 Ἱσραηλιτικὺν

2050 1314 2160 1386 γὰρ
2188 1314 2248 1368 τὸ
2275 1313 2546 1385 ἀληθινὸν,
2582 1316 2971 1385 πνευματικὸν,
3001 1315 3097 1370 καὶ
3132 1316 3301 1370 ’ἰούδα
3326 1317 3501 1385 γένος,
3536 1319 3643 1371 καὶ

2050 1408 2266 1474 Ἰακὼϐ,
2296 1409 2392 1463 καὶ
2420 1408 2628 1473 Ἰσαάκ,
2660 1408 2755 1461 καὶ
2788 1408 3060 1481 Ἀϐραὰμ,
3095 1408 3187 1462 τοῦ
3214 1411 3273 1464 ὲν
3294 1410 3639 1483 ἀκροϐυστία.

2050 1504 2143 1558 ἐπὶ
2165 1506 2231 1575 τῇ
2257 1503 2435 1556 πίστει
2475 1502 2915 1574 μαρτυρηθέντος
2935 1502 3038 1554 ὐπὸ
3064 1501 3154 1555 τοῦ
3180 1500 3339 1567 Θεοῦ,
3366 1504 3461 1557 καὶ⁸
3485 1502 3640 1556 εὐλο-

2050 1595 2333 1666 γηθέντος,
2360 1596 2455 1649 καὶ
2481 1595 2687 1667 πατρὸς
2707 1592 2917 1647 πολλῶν
2948 1593 3118 1648 ἐθνῶν
3139 1593 3446 1665 κληθέντος,
3471 1598 3639 1666 ἡμεῖς

2051 1690 2218 1759 ἐσμεν
2264 1689 2314 1741 οί
2362 1686 2451 1741 διὰ
2492 1686 2681 1739 τούτου
2733 1685 2824 1738 τοῦ
2862 1684 3264 1759 σταυρωθέντος
3294 1686 3525 1759 Χριστοῦ
3557 1686 3641 1756 τῷ

2050 1780 2170 1851 Θεῷ
2199 1777 2621 1851 προσαχθέντες,
2656 1778 2732 1843 ὼς
2763 1779 2858 1833 καὶ
2908 1779 3322 1850 προκοπτόντων
3362 1781 3495 1850 ⁴ήμῖν
3525 1778 3641 1832 τῶν

1981 1866 2027 1926 Β
2055 1873 2232 1943 λόγων
2263 1872 2738 1943 ἀποδειχθήσεται.

2122 1974 2210 2028 12.
2243 1972 2468 2043 Ἔλεγον
2497 1972 2553 2026 δὲ
2586 1972 2665 2027 ἔτι
2696 1972 2790 2026 καί¹
2823 1973 3181 2045 προσέφερον,
3213 1972 3296 2025 ὅτι
3322 1972 3415 2026 καὶ
3442 1972 3500 2026 ἐν
3538 1972 3639 2027 ἄλε-

2050 2064 2163 2128 λοις
2190 2063 2370 2132 λόγοις
2416 2061 2645 2125 Ἡσαΐας
2676 2062 2805 2133 βοᾷο
2848 2082 2866 2113 ι
2911 2061 3207 2115 Ἀκούσατέ
3244 2078 3346 2132 μου
3390 2062 3513 2126 τοὺς
3545 2062 3640 2114 λό-

2052 2173 2203 2225 γους,
2230 2156 2324 2209 καὶ
2347 2155 2622 2225 ζήσεταιή
2654 2152 2799 2225 ψυχὴ
2823 2152 2999 2225 ὐμῶν·
3025 2153 3121 2208 καὶ
3148 2153 3474 2225 διαθήσομαι
3507 2154 3644 2224 ὑμῖν

2051 2248 2318 2319 διαθήκην
2338 2246 2574 2311 αἰώνων,
2601 2246 2668 2300 τὰ
2690 2247 2813 2299 ὅσια
2837 2245 3001 2299 Δαὸὶδ
3025 2245 3093 2300 τὰ
3119 2247 3304 2301 πιστά.
3328 2245 3459 2299 ’1δού
3493 2247 3642 2319 μάρ-

2052 2355 2192 2410 τυρα
2214 2336 2325 2410 (16)
2358 2336 2520 2392 αὐτὸν
2547 2334 2723 2390 ἔθνεσι
2742 2336 2948 2391 δέδωκα
2965 2352 2979 2366 ⁸
3005 2335 3134 2407 ἔθνη
3158 2335 3195 2390 ἃ
3222 2336 3321 2388 οὐκ
3344 2335 3520 2390 οἴδασί
3554 2353 3643 2401 σε,

2054 2428 2467 2484 ὲπικαλέσονταί
2503 2445 2564 2482 σε
2583 2445 2597 2459 ·
2642 2428 2763 2483 λαοὶ
2787 2428 2836 2481 οἳ
2868 2429 2967 2481 οὐκ
2995 2427 3314 2482 ἐπίστανταί
3350 2445 3431 2493 σε,
3462 2446 3640 2482 κατα-

2054 2524 2339 2595 φεύξονται
2384 2524 2478 2577 ἐπὶ
2511 2524 2604 2577 σέ’
2650 2522 2837 2576 ἕνεκεν
2879 2520 2971 2575 τοῦ
3017 2520 3152 2575 Θεοῦ
3205 2538 3297 2575 σου
3347 2521 3439 2574 τοῦ
3478 2522 3644 2591 ἁγίου

2054 2618 2292 2691 Ἰσραὴλ,
2333 2619 2414 2672 ὅτι
2444 2617 2663 2683 eadem
2699 2633 2779 2671 σε.
2829 2636 2847 2668 ι
2885 2615 3086 2670 Τοῦτον
3115 2615 3277 2670 αὐτὸν
3324 2617 3481 2687 ὑμεῖς
3518 2619 3645 2687 ἠτι-

2059 2707 2276 2779 μὼσατε
2300 2709 2392 2762 τὸν
2418 2708 2604 2780 νόμον,
2643 2707 2738 2760 καὶ
2772 2706 2870 2778 τὴν
2903 2707 3094 2779 καινὴν
3124 2706 3285 2776 ἁγίαν
3327 2706 3493 2760 αὐτοῦ
3514 2708 3642 2761 Δια-

2056 2800 2228 2872 θήκην
2254 2800 2614 2871 ὲφαυλίσατεο
2658 2800 2754 2854 καὶ
2781 2800 2901 2854 οὐδὲ
2941 2798 3038 2853 νῦν
3076 2798 3469 2872 παραδέχεσθε,
3511 2801 3640 2854 οὐδὲ

2059 2897 2368 2964 μετανοεῖτε
2422 2894 2728 2967 πράξαντες
2771 2892 2978 2957 κακῶς.
3032 2912 3051 2945 ι
3092 2895 3213 2947 Ἔτι
3262 2895 3371 2967 γὰρ
3410 2893 3478 2948 τὰ
3519 2887 3641 2948 ὦτα

2057 2985 2208 3057 ὐμῶν
2238 2988 2567 3055 πέφρακται,
2599 2987 2648 3039 oi
2680 2983 2947 3056 ὀφθαλμοὶ
2975 2982 3127 3056 ὑμῶν
3151 2986 3521 3057 πεπήρωνται,
3540 2986 3644 3039 καὶ

2056 3078 2392 3149 πεπάχυνται
2412 3081 2444 3151 ἡ
2467 3077 2662 3150 καρδία
2681 3094 2695 3109 ·
2736 3096 2755 3129 ι
2794 3076 3065 3149 κέκραγεν
3084 3077 3356 3150 Ἱερεμίας
3384 3077 3518 3148 (17),
3541 3078 3641 3131 καὶ

2053 3170 2163 3224 οὐδ’
2191 3170 2363 3236 οὓτως
2404 3170 2652 3229 ἀκούετε,
2695 3169 2968 3242 Πάρεστιν
3005 3168 3034 3220 ὁ
3072 3169 3383 3241 νομοθέτης,
3414 3169 3508 3224 καὶ
3536 3168 3643 3241 οὐχ

2055 3264 2215 3333 ὁρᾶτε
2234 3278 2248 3293 ·
2283 3262 2490 3333 πτωχοὶ
2514 3261 2956 3332 εὐαγγελίζονται
2978 3262 3112 3333 (18),
3138 3261 3328 3330 τυφλοὶ
3357 3259 3639 3331 βλέπουσι,

2057 3356 2152 3411 καὶ
2186 3357 2247 3409 οὐ
2289 3356 2521 3412 συνίετε.
2552 3357 2825 3429 Δευτέρας
2853 3357 2952 3429 ήδη
2984 3354 3145 3427 χρεία
3188 3352 3512 3425 περιτομῆς,
3537 3353 3641 3407 καὶ

2058 3446 2212 3517 ὐιμεῖς
2243 3445 2337 3499 ἐπὶ
2365 3448 2430 3517 τῇ
2460 3448 2624 3517 σαρκὶ
2656 3447 2797 3518 μέγα
2820 3448 3087 3517 φρονεῖτε.
3109 3440 3460 3507 Σαϐὁατίζειν
3490 3444 3642 3514 ὑμᾶς

2054 3540 2083 3590 ὁ
2106 3538 2290 3603 καινὸς
2317 3539 2479 3611 νόμος
2509 3539 2799 3604 διαπαντὸς
2829 3538 3024 3602 ἐθέλει,
3056 3537 3153 3591 καὶ
3195 3538 3352 3607 ὑμεῖς
3385 3536 3513 3607 μίαν
3535 3537 3644 3608 ἀρ-

2055 3629 2277 3699 γοῦντες
2313 3632 2527 3705 ἡμέραν
2556 3632 2800 3686 εὐσεϐεῖν
2829 3632 3056 3695 δοκεῖτε,
3088 3629 3162 3700 μὴ
3191 3628 3432 3692 νοοῦντες
3470 3627 3559 3682 διὰ
3586 3627 3644 3681 τί

2058 3722 2186 3792 ὑμῖν
2221 3722 2563 3794 προσετάγη·
2600 3723 2696 3777 καὶ
2726 3722 2820 3776 ὲάν
2857 3718 3062 3793 ἄζυμον
3087 3720 3249 3793 ἄρτον
3280 3720 3510 3791 φάγητε,
3542 3736 3647 3772 πε-

2056 3814 2404 3887 πληρωκέναι
2433 3815 2493 3869 τὺ
2517 3814 2729 3887 θέλημα
2753 3814 2843 3869 τοῦ
2867 3814 2998 3868 Θεοῦ
3030 3830 3187 3884 φατε.
3210 3813 3325 3866 Οὐκ
3349 3813 3406 3865 έν
3427 3810 3649 3874 τούτοις

2054 3905 2266 3959 εὐδοκεῖ
2310 3906 2512 3978 Κύριος
2542 3907 2570 3959 ὀ
2611 3908 2743 3971 Θεὸς
2787 3907 2969 3979 ήμῶν·
3014 3906 3069 3960 εί
3106 3905 3189 3970 τίς
3219 3906 3365 3958 ἐστιν
3409 3906 3468 3956 ὲν
3505 3904 3645 3973 ὑμῖν

2055 3999 2307 4070 ἐπίορκος
2338 3999 2371 4071 ἢ
2401 3999 2657 4071 κλέπτης,
2688 3999 2983 4052 παυσάσθω
3002 4015 3015 4028 ·
3048 3996 3102 4050 εἴ
3128 4015 3211 4061 τις
3241 3996 3443 4068 μοιχὸς,
3480 4011 3642 4065 μετα-

2056 4091 2325 4161 νοησάτω,
2362 4092 2456 4146 καὶ
2488 4090 2847 4145 σεσαὸϐάτικε
2878 4090 2945 4145 τὰ
2973 4089 3221 4163 τρυφερὰ
3267 4088 3363 4142 καί⁵
3404 4085 3641 4158 ἀληθινὰ

2057 4184 2307 4238 σάϐϐατα
2346 4184 2436 4237 τοῦ
2466 4183 2625 4238 Θεοῦ.
2655 4184 2724 4238 El
2749 4202 2831 4248 τις
2857 4183 3106 4256 καθαρὰς
3149 4184 3251 4237 οὐκ
3284 4181 3397 4255 ἔχει
3424 4182 3639 4252 χεῖρας,

2054 4275 2355 4342 λουσάσθω,
2385 4276 2479 4330 καὶ
2510 4275 2749 4348 καθαρός
2775 4278 2923 4330 ἐστιν
2954 4275 3087 4346 (19).

447 4547 533 4602 15.
563 4547 742 4605 Isaias
765 4552 912 4607 docet
934 4564 1154 4623 peccata
1177 4554 1377 4608 dimitti
1399 4571 1491 4626 per
1508 4555 1709 4612 Christi
1728 4558 1947 4629 sangui-

2127 4546 2216 4601 15.
2253 4545 2329 4599 Οὐ
2362 4544 2472 4616 γὰρ
2504 4544 2561 4598 δέ
2595 4543 2707 4616 (20)
2741 4561 2804 4613 γε
2837 4544 2919 4608 είς
2966 4542 3245 4615 βαλανεῖον
3295 4541 3440 4612 ὑμᾶς
3472 4538 3643 4612 ἔπεμ-

444 4732 488 4762 ³⁷
527 4730 632 4787 Isa.
671 4749 757 4800 LV,
794 4734 849 4800 5,
885 4735 939 4789 5.

444 4911 557 4994 (ιὲ
583 4913 692 4994 [Sal
733 4917 1124 4994 πεπείσμεθα.
1152 4918 1285 4975 Vide
1322 4936 1450 4994 num
1490 4922 1836 4994 πεπύσμεθα,
1865 4925 1956 4980 inv-

374 4982 580 5063 quitR.
612 4982 1073 5054 StephanusfSed
1102 5004 1325 5058 prorsus
1357 4992 1655 5062 rrjicienda
1675 4982 1950 5051 hieccon-

394 5063 605 5108 ectura.

369 5067 782 5206 ῗθᾛῗξῖδῦἕός
795 5128 1449 5206 ἐστινόκαινὸςννόμος.
1480 5132 1607 5206 llaec
1641 5135 1705 5189 de
1734 5134 1952 5191 Christo

374 5195 756 5271 intelligenda,
798 5209 857 5253 ut
887 5208 1039 5269 patet
1076 5218 1141 5256 ex
1193 5195 1276 5257 his
1315 5195 1439 5271 quae
1481 5205 1640 5258 modo
1684 5206 1950 5261 diximus.

373 5263 448 5317 Ita
471 5263 638 5344 etiam
673 5263 851 5344 viSttm
886 5263 1102 5344 ἔτι]ᾱίιο
1133 5263 1463 5344 Londinensi
1499 5275 1721 5341 editori,
1746 5276 1837 5344 qui
1870 5278 1956 5329 in-

375 5342 638 5402 terpretes
664 5338 1032 5411 reprehendit,
1065 5345 1210 5411 quod
1252 5343 1329 5397 ita
1360 5338 1719 5411 reddiderint,
1757 5338 1779 5397 ἕ
1810 5346 1953 5401 hanc

371 5417 493 5478 esse
510 5421 720 5478 novam
747 5410 936 5478 legem.
977 5429 994 5461 ι

443 5473 555 5543 (t6)
596 5473 1130 5557 ΔἸδοὺλμςίρτυδοα.
1181 5480 1339 5557 Infra
1399 5499 1551 5557 num.
1593 5485 1691 5549 I4,
1749 5486 1958 5557 μαρτύ-

375 5560 513 5626 ρων,
552 5554 611 5600 ut
639 5557 725 5626 est
756 5553 899 5626 apud
938 5550 1313 5626 Septuaginta,
1368 5554 1514 5622 quod
1550 5550 1768 5625 quidem
1821 5550 1985 5611 inihi

377 5617 838 5695 videtur__Justini
887 5617 1170 5695 proposito
1213 5617 1650 5679 conveniendus.
1710 5628 1760 5681 Is
1804 5629 1951 5680 enim

372 5690 637 5763 eiusmodi
688 5691 1038 5763 testimoniis.
1077 5694 1275 5763 utjam
1315 5696 1636 5759 observavi,
1686 5697 1951 5751 adductus

374 5755 616 5880 videtur,
646 5771 706 5816 ut
728 5759 1005 5818 Christum
1049 5755 1222 5834 ipsum
1255 5779 1449 5821 novam
1489 5755 1823 5839 esse-legem
1856 5767 1952 5823 do-

376 5842 403 5876 Ω
528 5861 545 5879 ο

376 5842 545 5879 κεῖθι.

2124 4919 2238 4991 (I'Z)
2275 4922 2574 4991 Κέκρατεις
2614 4918 2904 4987 Ἱερεμίας.
2942 4916 3036 4991 \fel
3059 4915 3329 4991 memoria
3358 4913 3445 4967 hic
3478 4910 3635 4991 eﬂlu-

2053 4983 2404 5051 xit'Ju'stinof
2444 4983 2490 5044 si
2543 4983 2825 5057 Jereiniaeg,
2849 4987 3097 5041 attribuit
3146 4987 3393 5053 proxima
3428 4983 3633 5057 verba,

2059 5079 2078 5111 ι
2110 5064 2285 5116 Aures
2314 5070 2532 5123 vestras,
2567 5079 2587 5112 ι
2616 5069 2746 5124 etc.,
2781 5052 2864 5111 vel
2897 5057 3119 5125 respicit
3148 5052 3223 5110 ad
3257 5054 3523 5125 superius,
3544 5052 3640 5107 Je-

2056 5131 2241 5185 remia:
2269 5132 2668 5194 testimonium,
2716 5123 2872 5196 citius
2914 5123 3294 5195 contemptum
3336 5123 3639 5196 exprobrat

2053 5198 2274 5274 iudicis.
2300 5200 2665 5274 Proleremia
2691 5194 2906 5274 Langus
2925 5200 2977 5274 in
3008 5194 3423 5274 interpret-arido
3452 5194 3636 5274 posuit

2054 5273 2224 5326 Isaias
2253 5286 2271 5324 :
2303 5272 2487 5327 mallet
2515 5270 2796 5326 'I‘hirlbius
2810 5262 3083 5338 Ἲωάννης
3113 5262 3205 5319 aut
3243 5264 3447 5338 ᾘλίας.
3483 5262 3640 5338 _Scri-

2056 5353 2206 5410 ptum
2252 5351 2373 5397 erat
2418 5343 2471 5395 in
2521 5343 2649 5395 aliis
2698 5333 3054 5401 editionibus,
3098 5340 3132 5409 ἡ
3170 5335 3389 5407 καρδία,
3432 5333 3641 5410 κέκρα-

2054 5405 2171 5537 ﬁt,
2198 5422 2305 5536 Iego.
2334 5412 2727 5483 Interpunctio,
2759 5424 2925 5479 quam
2951 5405 3172 5464 secutus
3198 5405 3343 5469 sum,
3372 5405 3639 5474 probatur

2147 5502 2191 5536 ll'
2257 5498 2330 5536 l0.

2128 5498 2501 5675 ἱῗὲῖῗίτωχοὶ
2521 5550 3016 5622 εὐαγγελίζονται.
3048 5547 3291 5618 ReSpicit
3317 5544 3382 5599 ad
3410 5559 3641 5614 respon-

2128 5640 2175 5674 III
2246 5630 2443 5675 oannis
2467 5624 2751 5675 discipulis
2774 5639 2805 5674 a
2835 5623 3055 5675 Christo
3096 5619 3304 5672 datum.
3337 5615 3491 5670 JEBB.

2056 5615 2175 5677 sum
2214 5615 2443 5676 Joannis
2467 5615 2751 5689 discipulis
2774 5639 2805 5674 a
2835 5623 3055 5675 Christo
3096 5615 3304 5672 datum.
3337 5615 3491 5689 lisse.

2131 5692 2242 5763 (19)
2283 5693 2551 5762 Καθαρός
2598 5682 2789 5765 ἐστιν.
2861 5693 3085 5746 Frustra
3148 5689 3357 5765 legatur
3398 5682 3640 5765 καθαρὸς

2056 5758 2233 5827 ἔσται,
2269 5774 2323 5816 ut
2360 5758 2586 5819 Arcerio
2614 5762 2877 5829 placuisse
2907 5769 3136 5816 testatur
3167 5758 3504 5828 Sylbnrgius.

2130 5835 2244 5905 (20)
2275 5833 2366 5890 Δέ.
2404 5834 2471 5905 δή
2498 5834 2581 5888 ed.
2616 5833 2881 5887 Iencnsis.
