4006 6254
396 256 506 312 Εειῦ

1320 262 1377 319 S.
1417 261 1682 320 JUSTINI
1724 264 2132 322 PHILOSOPHI
2170 265 2258 319 ET
2298 265 2658 324 MARTYRIS

3544 270 3672 326 501.

396 386 452 432 et
473 377 618 433 sicut
646 369 819 451 agnus
842 396 1028 437 coram
1056 382 1314 439 tondente
1338 393 1541 451 mutus,
1571 388 1652 441 sic
1674 402 1780 441 non
1805 386 1972 457 aperit

2079 386 2139 440 τὸ
2170 384 2518 441 κεκακῶσθαι
2548 387 2647 439 οὐκ
2678 385 2884 456 ἀνοίγει
2915 385 2976 441 τὸ
3007 385 3183 457 στόμα
3195 383 3358 439 αὑτοῦ
3379 400 3395 417 ο
3427 384 3675 457 dic-1:96—

393 487 457 528 os
489 489 667 529 suum.
695 475 749 531 In
791 475 1095 530 humilitate
1127 491 1230 531 sua
1255 476 1523 546 judicium
1554 478 1672 547 ejus
1700 482 1969 537 sublatum

394 575 497 621 est.
519 565 946 623 Generationem
971 567 1088 636 ejus
1107 568 1232 638 quis
1263 571 1735 640 enarrabit‘tQuia
1768 575 1972 629 tollitur

392 658 464 714 de
496 669 641 715 terra
668 661 780 714 vita
806 661 944 730 eius.
979 662 1062 716 Ab
1103 662 1482 730 iniquitatibus
1510 666 1690 734 populi
1730 668 1833 721 mei
1866 668 1968 723 du-

394 759 516 805 ctus
542 762 625 807 est
664 752 735 807 ad
765 761 1019 809 mortem.
1068 753 1134 807 Et
1162 754 1302 809 dabo
1353 757 1620 824 pessimos
1653 773 1752 826 pro
1782 761 1972 828 sepul-

399 852 522 898 tura
551 844 690 913 ejus,
731 855 786 900 et
827 846 1027 901 divites
1057 862 1157 916 pro
1182 859 1357 903 morte
1411 848 1572 921 114
1622 850 1789 906 illius.
1833 852 1970 918 Quia

395 935 742 1007 iniquitatem
783 953 890 994 non
914 939 1071 1006 fecit,
1100 950 1155 995 et
1185 956 1292 996 non
1340 953 1426 997 est
1451 943 1708 1000 inventus
1730 946 1888 1001 dolus
1920 947 1971 1000 in

394 1043 489 1083 ore
516 1030 660 1100 ejus:
711 1040 768 1085 et
798 1032 1058 1087 Dominus
1088 1033 1204 1087 vult
1249 1034 1517 1091 mundare
1561 1052 1689 1091 eum
1722 1054 1753 1091 a
1788 1039 1971 1109 plaga.

396 1118 454 1174 Si
488 1121 648 1175 datus
676 1119 844 1177 fuerit
877 1138 977 1192 pro
1026 1134 1285 1191 peccato:
1320 1125 1501 1180 anima
1545 1138 1729 1183 vestra
1769 1131 1975 1186 videbit

396 1225 580 1265 semen
610 1212 934 1283 longaevum.
969 1214 1034 1269 Et
1058 1216 1171 1270 vult
1217 1216 1482 1274 Dominus
1527 1220 1754 1275 auferre
1785 1223 1852 1277 de
1874 1224 1975 1278 do~

394 1302 515 1358 lore
540 1304 779 1360 animam
806 1306 944 1376 ejus,
979 1308 1268 1363 ostendere
1299 1309 1350 1364 ei
1384 1309 1561 1365 lucem
1583 1353 1599 1378 ,
1650 1322 1706 1365 et
1735 1312 1974 1371 formare

396 1398 837 1470 intelligentiam,
864 1401 1174 1471 justiticare
1205 1401 1416 1469 justum
1455 1403 1595 1458 bene
1641 1406 1971 1463 servientem

396 1490 616 1558 multis;
657 1501 713 1548 et
755 1502 978 1563 peccata
1011 1503 1199 1550 nostra
1228 1496 1345 1563 ipse
1377 1497 1655 1566 portabit;
1688 1511 1971 1570 propterea

395 1584 516 1652 ipse
543 1585 844 1654 possidebit
874 1585 1109 1651 multos,
1136 1595 1193 1640 et
1236 1586 1465 1644 lortium
1511 1591 1721 1647 dividet
1753 1593 1923 1662 spolia
1954 1609 1971 1650 :

2075 477 2236 531 ϐατον
2266 479 2347 540 είς
2379 476 2592 548 σφαγὴν
2622 475 2788 547 ἢχθη,
2822 475 2919 529 καὶ
2961 475 3037 539 ὡς
3084 475 3253 546 ἀμνὸς
3286 472 3527 527 ἐναντίον
3558 472 3667 526 τοῦ

2074 567 2346 641 κείροντος
2377 567 2609 638 ἄφωνος,
2643 566 2813 630 οῦτως
2829 567 2928 620 οὐκ
2944 566 3151 634 ἀνοίγει
3182 564 3241 618 τὸ
3274 565 3447 636 στόμα
3464 563 3664 617 αὑτοῦ.

2073 661 2164 715 Ἔν
2194 664 2259 733 τῇ
2290 658 2615 715 ταπεινώσει
2646 658 2806 713 αὑτοῦ
2841 661 2875 731 ἡ
2906 659 3085 733 κρίσις
3098 657 3259 713 αὐτοῦ
3281 656 3441 729 ῆρθη.
3461 655 3571 726 Τὴν
3596 654 3670 706 δὲ

2072 754 2265 821 γενεὰν
2281 752 2440 807 αὑτοῦ
2457 753 2539 816 τίς
2554 752 2870 824 διηγήσεται
2890 768 2904 817 ;
2941 752 3059 805 ’Ότι
3076 750 3289 823 αἴρεται
3306 749 3411 803 ἀπὸ
3429 748 3525 818 τῆς
3548 746 3668 815 γῆς

2072 848 2105 917 ἡ
2142 845 2254 917 ζωὴ
2284 844 2469 900 αύτοῦ.
2503 845 2638 898 Ἀπὸ
2670 845 2774 899 τῶν
2793 845 3030 915 ἀνομιῶν
3054 843 3143 898 τοῦ
3174 842 3302 898 λαοῦ
3318 860 3416 914 μου
3434 843 3668 913 ῆκειείς

2075 939 2320 994 θάνατον.
2355 939 2467 993 Καὶ
2496 939 2651 993 δώσω
2682 939 2809 1002 τοὺς
2850 939 3119 1011 πονηροὺς
3164 937 3287 993 ἀντὶ
3333 936 3431 1007 τῆς
3474 936 3669 1006 ταφῆς

2073 1032 2259 1097 αὐτοῦ,
2292 1032 2387 1086 καὶ
2431 1033 2557 1096 τοὺς
2599 1032 2887 1096 πλουσίους
2917 1032 3037 1086 ἀντὶ
3068 1031 3159 1085 τοῦ
3194 1029 3420 1085 θανάτου
3452 1027 3618 1083 αὐτοῦ
3644 1044 3663 1057 ·

2073 1124 2156 1177 ὃτι
2186 1126 2415 1195 ἀνομίαν
2447 1125 2548 1178 οὐκ
2581 1124 2805 1194 ἐποίησε
2826 1163 2841 1189 ,
2890 1123 2984 1177 καὶ
3014 1123 3113 1193 οὐχ
3157 1122 3356 1195 εὑρέθη
3401 1122 3552 1185 δόλος
3598 1121 3669 1173 ὲν

2074 1218 2151 1289 τῷ
2183 1218 2409 1289 στόματι
2441 1216 2627 1271 αὐτοῦ.
2664 1217 2778 1271 Καὶ
2809 1216 3015 1287 Κύριος
3061 1214 3310 1286 βούλεται
3357 1214 3668 1287 καθαρίσαι

2074 1310 2236 1363 αὑτὸν
2267 1309 2366 1379 τῆς
2399 1309 2633 1381 πληγῆς.
2669 1308 2796 1363 Ἐὰν
2828 1308 2995 1363 δῶται
3028 1308 3139 1378 (27)
3174 1307 3303 1378 περὶ¹
3334 1308 3431 1378 τῆς
3474 1308 3673 1378 ἀμαρ-

2075 1401 2216 1467 τίας,
2250 1402 2283 1471 ή
2315 1400 2459 1472 ψυχὴ
2492 1399 2644 1470 ὑμῶν
2677 1399 2866 1470 ὄψεται
2914 1401 3135 1473 σπέρμα
3184 1398 3497 1471 μακρόϐιον.
3544 1397 3668 1451 Καὶ

2078 1492 2327 1565 βούλεται
2359 1492 2564 1565 Κύριος
2595 1493 2817 1563 ἀφελεῖν
2850 1491 2959 1547 ἀπὸ
2990 1490 3083 1545 τοῦ
3131 1492 3292 1545 πόνου
3336 1491 3437 1562 τῆς
3478 1490 3669 1560 ψυχῆς

2074 1583 2260 1649 αὑτοῦ,
2293 1584 2464 1649 δεῖξαι
2496 1584 2647 1655 αὐτῷ
2681 1582 2816 1654 φῶς,
2852 1583 2948 1637 καὶ
2980 1583 3184 1647 πλάσαι
3215 1585 3281 1654 τῇ
3316 1582 3550 1644 συνέσει,
3582 1580 3673 1633 δι-

398 1689 496 1743 pro
526 1691 592 1731 eo
616 1677 760 1746 quod
793 1677 991 1732 tradita
1030 1687 1118 1732 est
1156 1678 1225 1733 ad
1258 1690 1492 1736 mortem
1535 1683 1891 1755 anima'ejus,
1917 1695 1972 1740 et

2078 1676 2310 1731 καιῶσαι
2354 1677 2564 1731 δίκαιον
2609 1672 2670 1730 εὖ
2727 1676 3049 1731 δουλεύοντα
3096 1676 3328 1739 πολλοῖς.
3388 1674 3501 1728 Καὶ
3560 1674 3668 1737 τὰς

397 1769 453 1823 in
498 1768 702 1839 iniquis
734 1778 1018 1840 reputatus
1048 1781 1164 1837 est,
1194 1782 1249 1826 et
1283 1774 1397 1843 ipse
1425 1786 1645 1845 peccata
1680 1778 1970 1834 multorum

2078 1769 2349 1841 ἁμαρτίας
2379 1772 2410 1841 ἡ
2422 1768 2538 1840 μῶν
2570 1769 2733 1833 αὐτὸς
2765 1768 2971 1822 ἀνοίσει
2990 1785 3003 1799 ·
3038 1768 3128 1822 διὰ
3161 1766 3317 1821 τοῦτο
3348 1766 3509 1829 αὐτὸς
3526 1764 3670 1835 κλη-

395 1862 559 1926 tulit,
612 1872 669 1919 et
703 1874 927 1934 propter
969 1866 1287 1938 iniquitates
1330 1883 1530 1924 eorum
1583 1870 1820 1927 traditus
1863 1883 1970 1929 est.

396 1955 606 2012 Laetare
637 1958 863 2026 sterilis,
898 1974 1020 2023 quae
1053 1944 1160 2016 non
1190 1940 1373 2032 paris}
1415 1977 1666 2032 erumpe,
1689 1972 1744 2018 et
1771 1964 1970 2032 clama,

395 2062 517 2116 quae
556 2063 661 2103 non
692 2050 966 2118 parturis;
995 2050 1119 2119 quia
1159 2050 1312 2105 multi
1360 2050 1457 2106 ﬁlii
1495 2052 1763 2121 deserta,
1809 2070 1973 2123 quam

393 2136 514 2206 ejus
542 2152 665 2207 quae
696 2139 858 2195 habet
882 2141 1082 2197 virum.
1114 2141 1266 2198 Dixit
1293 2143 1439 2199 enim
1470 2144 1762 2201 Dominus:
1796 2147 1972 2204 Dilata

395 2229 577 2286 locum
595 2232 931 2308 tabernaculi
953 2235 1030 2289 tui
1043 2245 1097 2288 et
1125 2236 1744 2305 tentoriorurmtuorum;
1764 2240 1886 2307 ﬁge.
1905 2256 1974 2296 ne

394 2338 610 2391 parcas,
656 2328 922 2394 protende
953 2326 1227 2385 funiculos
1255 2338 1413 2395 tuos;
1441 2340 1497 2385 et
1522 2331 1676 2399 palos
1707 2341 1831 2389 tuos
1845 2349 1976 2389 con-

322 2400 333 2411 ,
394 2412 574 2481 (orta;
608 2414 642 2470 Ξ
672 2418 884 2474 dextris
928 2428 985 2476 et
1014 2421 1257 2477 sinistris
1286 2423 1476 2479 dilata.
1507 2423 1574 2479 Et
1603 2440 1790 2481 semen
1819 2436 1974 2483 tuum

394 2507 706 2576 possidebit
734 2520 967 2579 gentes:
1016 2520 1073 2568 et
1131 2515 1391 2572 civitates
1429 2517 1680 2575 desertas
1725 2520 1977 2579 habitare

394 2597 585 2656 facies.
628 2599 746 2659 Noli
783 2605 993 2672 timere,
1029 2607 1156 2676 quia
1201 2609 1426 2666 confusa
1471 2628 1567 2677 es,
1611 2629 1791 2684 neque
1834 2630 1971 2671 con-

392 2694 660 2761 fundaris,
693 2698 820 2767 quia
850 2701 1243 2767 exprobratum
1296 2704 1392 2760 tibi
1416 2716 1523 2763 est.
1571 2706 1967 2764 Confusionem

394 2786 539 2841 enim
569 2797 833 2843 aeternam
857 2791 1239 2862 Oblivisceris;
1286 2804 1342 2849 et
1373 2799 1660 2867 opprobrii
1697 2799 1977 2855 viduitatis

395 2889 506 2935 tute
564 2896 779 2937 memor
824 2898 933 2939 non
976 2885 1089 2941 eris
1121 2886 1306 2955 ultra;
1364 2892 1495 2961 quia
1524 2892 1792 2949 Dominus
1843 2894 1978 2950 fecit

395 2987 595 3029 nomen
628 2973 759 3039 sibi,
796 2984 850 3030 et
881 2977 974 3045 qui
1006 2979 1154 3033 eruit
1183 2988 1258 3047 te,
1290 2982 1406 3049 ipse
1446 2983 1592 3040 Deus
1617 2982 1783 3041 Israel
1825 2986 1973 3041 omni

2077 1864 2365 1936 ρονομήσει
2397 1862 2647 1929 πολλοὺς,
2681 1863 2777 1917 καὶ
2808 1862 2917 1916 τῶν
2952 1860 3188 1935 ίσχυρῶν
3236 1862 3415 1932 μεριεῖ
3461 1857 3665 1922 σκύλα,

2074 1955 2192 2011 ἀνθ’
2224 1947 2301 2009 ὧν
2330 1953 2605 2027 παρεδόθη
2639 1958 2719 2019 είς
2751 1954 2978 2010 θάνατον
3010 1957 3043 2026 ὴ
3077 1951 3223 2025 ψυχὴ
3254 1950 3417 2006 αὐτοῦ
3443 1968 3458 1983 ο
3492 1949 3588 2003 καὶ
3606 1952 3674 2003 ἐν

2074 2053 2185 2115 τοῖς
2215 2050 2439 2122 ἀνόμοις
2469 2049 2722 2122 ἐλογίσθη
2743 2091 2758 2115 ,
2793 2051 2889 2105 καὶ
2920 2050 3082 2113 αὐτὸς
3126 2046 3403 2119 ἁμαρτίας
3453 2042 3671 2099 πολλῶν

2073 2146 2377 2216 ἀνήνεγκε,
2422 2143 2518 2197 καὶ
2560 2143 2649 2198 διὰ
2699 2144 2800 2208 τὰς
2843 2142 3077 2215 ἀνομίας
3122 2141 3300 2196 αὐτῶν
3361 2138 3667 2212 παρεδόθη.

2074 2236 2445 2309 Εὐφράνθητι,
2465 2238 2657 2308 στεῖρα
2684 2237 2718 2307 ἡ
2749 2237 2809 2290 οὐ
2840 2235 3116 2299 τίκτουσα,
3140 2234 3299 2306 ῥῆξον
3315 2233 3410 2287 καὶ
3442 2232 3668 2305 βόησον,

2074 2328 2107 2397 ή
2142 2328 2241 2379 οὐκ
2284 2326 2579 2380 ὡδίνουσα’
2629 2326 2711 2381 ὅτι
2757 2326 2927 2381 πολλά
2983 2326 3051 2381 τὰ
3096 2326 3264 2379 τέκνα
3308 2326 3406 2396 τῆς
3450 2327 3670 2397 ἐρήμου

2079 2415 2278 2487 μᾶλλον
2309 2416 2343 2488 ἢ
2376 2416 2473 2488 τῆς
2504 2416 2733 2489 ἐχούσης
2765 2418 2854 2471 τὸν
2886 2416 3076 2490 ἄνδρα.
3111 2412 3249 2470 Εἶπε
3280 2416 3391 2489 γὰρ
3424 2416 3667 2487 Κύριοςο

2075 2508 2348 2562 Πλάτυνον
2378 2508 2468 2562 τὸν
2499 2508 2663 2563 τόπον
2694 2508 2793 2580 τῆς
2824 2509 3028 2579 σκηνῆς
3060 2525 3154 2561 σου
3187 2507 3283 2560 καὶ¹
3327 2506 3435 2561 τῶν
3468 2508 3670 2561 αὐλαί-

2075 2619 2151 2656 ων
2207 2600 2318 2674 (28)
2352 2618 2480 2655 σου’
2515 2600 2705 2673 πῆξον,
2741 2601 2816 2673 μὴ
2848 2600 3012 2674 φείσῃ
3035 2640 3050 2665 ,
3087 2600 3362 2673 μάκρυνον
3405 2600 3473 2654 τὰ
3519 2617 3673 2672 σχομ-

2076 2695 2313 2768 νίσματά
2343 2712 2436 2750 σου
2456 2736 2471 2763 ,
2505 2696 2600 2750 καὶ
2643 2696 2769 2759 τοὺς
2801 2694 3114 2758 πασσάλους
3160 2711 3255 2746 σου
3300 2692 3664 2765 κατίσχυσαν·

2076 2789 2157 2850 εἰς
2188 2787 2258 2849 τά
2286 2786 2437 2851 δεξιά
2468 2788 2564 2842 καὶ
2596 2789 2680 2851 είς
2711 2786 2778 2841 τὰ
2809 2785 3078 2859 ἀριστερά
3110 2784 3443 2849 ὲκπέτασον,
3477 2783 3574 2837 καὶ
3605 2783 3673 2837 τὸ

2078 2879 2300 2950 σπέρμα
2332 2896 2427 2933 σου
2461 2878 2587 2950 ἔθνη
2620 2877 3056 2951 κληρονομήσει,
3088 2877 3186 2932 καὶ
3219 2876 3404 2940 πόλεις
3433 2877 3673 2948 ἠρημω-

2082 2970 2250 3041 μένας
2280 2973 2594 3034 κατοικιεῖς.
2630 2970 2722 3041 Μὴ
2755 2969 2943 3041 φοϐοῦ,
2978 2971 3059 3023 ὅτι
3090 2967 3492 3041 κατῃσχύνθης,
3529 2967 3671 3039 μηδὲ

393 3073 556 3121 terra:
583 3069 897 3125 vocabitur.
930 3070 1216 3143 Tanquam
1246 3076 1531 3134 mulierem
1574 3076 1897 3134 derelictam
1919 3089 1972 3135 et

2080 3065 2373 3136 ἐντραπῇς,
2392 3064 2473 3117 ὅτι
2504 3062 2853 3135 ὼνειδίσθης’
2881 3063 2965 3116 ὅτι
2995 3061 3260 3133 αίσχύνην
3291 3059 3509 3115 αἰώνιον
3539 3061 3671 3113 ὲπι-

393 3158 801 3226 pusillanimem
831 3165 1050 3220 vocavit
1092 3175 1146 3223 te
1168 3167 1455 3238 Dominus,
1498 3172 1657 3241 quasi
1688 3173 1972 3230 mulierem

2080 3156 2240 3231 λήσῃ,
2274 3156 2371 3210 καὶ
2400 3156 2602 3221 ὄνειδος
2633 3157 2730 3228 τῆς
2761 3155 2991 3229 χηρείας
3023 3172 3116 3208 σου
3149 3155 3208 3208 ού
3246 3152 3551 3226 μνησθήσῃ·
3582 3152 3671 3205 ὅτι

394 3250 466 3305 ab
493 3251 862 3310 adolescentia
914 3257 1042 3313 odio
1065 3258 1310 3315 habitam
1338 3263 1409 3318 ⁵⁸.
1450 3282 1471 3316 ι

2082 3249 2287 3322 Κύριος
2318 3250 2576 3320 ἐποίησεν
2604 3248 2777 3320 ὄνομα
2811 3246 2990 3318 ἑαυτῷ
3022 3246 3267 3341 (29),καὶ
3296 3247 3325 3299 ό
3358 3243 3673 3317 ρυσάμενός

395 3360 457 3396 σε
487 3346 649 3411 αὐτὸς
679 3347 812 3413 Θεὸς
844 3350 1060 3425 Ἰσραὴλ
1091 3355 1239 3429 πάσῃ
1270 3361 1335 3429 τῇ
1368 3361 1438 3430 γῇ
1487 3359 1838 3433 κληθήσεται.
1885 3364 1973 3430 Ὦς
2025 3369 2257 3435 γυναῖκα
2321 3365 2432 3439 (50)
2466 3365 2973 3438 καταλελειμμένην
3016 3365 3111 3420 καὶ
3174 3362 3492 3435 ὀλιγόψυχον
3512 3401 3529 3429 ,
3575 3360 3674 3416 κέ-

394 3436 564 3508 an“
597 3457 657 3494 σε
688 3444 716 3495 ὁ
748 3443 1061 3516 Κύριοςνὼς
1092 3454 1324 3517 γυναῖκα
1357 3455 1421 3506 ἐκ
1451 3456 1703 3524 νεότητος
1736 3460 2143 3533 μεμισημένην.
2188 3481 2206 3511 ι
2333 3436 2339 3437 ⁷
2414 3436 2422 3439 ⁷
2762 3436 2769 3437 ⁷
2806 3436 2815 3437 ί
2928 3436 2937 3438 ί
3518 3500 3521 3503 γ

468 3534 557 3588 14.
587 3535 813 3591 Iustitia
853 3559 957 3596 non
990 3544 1046 3597 in
1077 3546 1265 3600 ritibus
1286 3549 1526 3617 judaicis
1551 3554 1746 3621 posita.
1797 3557 1889 3608 sed
1915 3556 1972 3608 in

398 3628 735 3683 conversione
756 3634 931 3687 cordis
953 3651 1045 3703 per
1059 3635 1330 3693 Christum
1356 3642 1410 3694 in
1442 3643 1698 3712 baptismo
1721 3645 1865 3700 data.
1901 3677 1974 3687 —

398 3715 588 3789 Itaque
620 3735 717 3788 per
744 3723 1025 3781 lavacrum
1050 3731 1388 3796 paenitentiae
1417 3744 1469 3788 et
1498 3736 1827 3804 cognitionis
1852 3738 1974 3805 Dei,

398 3812 542 3877 quod
573 3829 672 3883 pro
715 3820 964 3884 peccatis
1000 3822 1323 3889 populorum
1381 3823 1476 3879 Dei
1512 3826 1825 3883 institutum
1868 3840 1970 3896 est,

399 3916 460 3958 ut
482 3905 684 3961 clamat
704 3909 894 3977 Isaias,
922 3928 1020 3967 nos
1040 3917 1403 3972 credidimus:
1430 3927 1484 3973 et
1504 3928 1773 3976 testamur
1798 3923 1973 3993 ipsum

322 3994 323 3997 “
398 3997 531 4053 illud
579 4002 649 4055 ab
676 4016 743 4057 eo
773 4007 1199 4072 praenuntiatum
1245 4010 1542 4080 baptisma,
1585 4015 1731 4085 quod
1788 4018 1969 4073 solum

397 4090 728 4160 pmnitentes
752 4095 972 4165 expiare
995 4107 1200 4166 potest,
1236 4100 1377 4156 hanc
1406 4117 1527 4157 esse
1579 4120 1785 4172 aquam
1828 4108 1971 4164 vitae.

398 4180 549 4249 Quas
576 4192 756 4239 autem
794 4186 947 4242 vobis
986 4188 1203 4245 fodistis
1252 4191 1547 4261 cisternas,
1585 4211 1664 4250 eae
1696 4198 1971 4264 contritae,

2150 3556 2237 3611 M.
2274 3556 2374 3611 Διά
2418 3555 2510 3610 τοῦ
2558 3555 2781 3629 λουτροῦ
2828 3551 2922 3610 οὖν
2966 3556 3064 3626 τῆς
3111 3554 3398 3626 μετανοίας
3440 3553 3537 3606 καὶ
3570 3553 3672 3621 τῆς

2076 3649 2328 3719 γνώσεως
2358 3650 2449 3705 τοῦ
2465 3650 2617 3716 Θεοῦ,
2638 3651 2667 3703 ὃ
2698 3651 2839 3723 ὑπὲρ
2852 3651 2949 3722 τῆς
2980 3649 3210 3720 ἀνομίας
3253 3647 3360 3702 τῶν
3391 3646 3536 3700 λαῶν
3572 3644 3666 3698 τοῦ

2074 3739 2211 3795 Θεοῦ
2241 3741 2482 3811 γέγονεν,
2507 3741 2583 3805 ὡς
2625 3741 2851 3804 Ἡσαΐας
2885 3740 3015 3811 βοᾷ,
3051 3741 3211 3811 ἡμεῖς
3242 3737 3669 3807 ἐπιστεύσαμεν,

2080 3833 2175 3887 καὶ
2206 3834 2545 3905 γνωρίζομεν
2574 3835 2655 3887 ὅτι
2687 3833 2828 3887 τοῦτ’
2850 3835 3029 3886 ἐκεῖνο
3058 3831 3087 3884 ὃ
3120 3830 3460 3903 προηγόρευε
3492 3828 3552 3881 τὸ
3574 3828 3669 3898 βά-

2082 3942 2314 3997 πτισμα,
2329 3925 2389 3980 τὸ
2424 3925 2584 3997 μόνον
2615 3924 2911 3997 καθαρίσαι
2944 3925 3070 3989 τοὺς
3105 3923 3540 3994 μετανοήσαντας
3571 3919 3666 3971 δυ-

2080 4019 2331 4091 νάμενον,
2364 4018 2521 4073 τοῦτό
2553 4022 2667 4072 ἐστι
2698 4019 2758 4072 τὸ
2790 4018 2933 4090 ὕδωρ
2965 4018 3063 4089 τῆς
3095 4016 3259 4088 ζωῆς.
3294 4014 3400 4078 Οὓς
3430 4014 3487 4066 δὲ
3504 4014 3665 4083 ὑμεῖς

2082 4110 2329 4183 ὠρύξατε
2361 4111 2595 4175 λάκκους
2628 4112 2873 4173 ἑαυτοῖς,
2923 4107 3372 4181 συντετριμμένοι
3417 4104 3524 4158 εἰσὶ
3570 4105 3667 4157 καὶ

2080 4203 2232 4257 οὐδὲν
2252 4203 2393 4273 ὑμῖν
2425 4203 2703 4275 χρήσιμοι.
2738 4202 2803 4254 Τί
2834 4203 2945 4274 γὰρ
2977 4201 3168 4272 ὄφελος
3201 4199 3409 4253 ἐκείνου
3442 4197 3535 4251 τοῦ
3571 4197 3668 4268 βα-

398 4290 466 4331 ac
490 4279 641 4333 vobis
669 4293 899 4349 prorsus
929 4282 1174 4338 inutiles.
1200 4282 1333 4351 Quae
1380 4286 1526 4341 enim
1580 4289 1798 4344 utilitas
1830 4291 1972 4346 illius

2084 4294 2454 4367 πτίσματος,ὂ
2484 4294 2581 4365 τὴν
2616 4294 2797 4366 σάρκα
2827 4294 2922 4347 καὶ
2958 4294 3116 4364 μόνον
3146 4294 3209 4347 τὸ
3241 4292 3401 4364 σῶμα
3434 4290 3665 4363 φαιδρύ-

398 4365 684 4436 baptismi,
714 4384 783 4424 ex
833 4387 943 4441 quo
978 4387 1111 4428 caro
1151 4390 1216 4429 ac
1266 4375 1440 4431 solum
1474 4393 1676 4447 corpus
1721 4379 1972 4449 splende-

2083 4403 2196 4452 νει;
2223 4365 2575 4457 -Βαπτίσθητε
2606 4365 2704 4456 τὴν
2733 4384 2911 4456 ψυχὴν
2942 4386 3050 4439 ἀπὸ
3065 4385 3235 4457 ὀργῆς
3250 4383 3346 4438 καὶ
3376 4383 3483 4438 ἀπὸ
3502 4382 3665 4435 πλεο-

400 4459 558 4529 scat,?
589 4459 910 4532 Baptizetur
936 4464 1118 4520 anima
1149 4478 1330 4521 vestra
1357 4469 1424 4524 ab
1448 4468 1737 4525 iracundia
1770 4482 1825 4527 et
1853 4487 1972 4526 ava-

2080 4476 2282 4543 νεξίας,
2315 4478 2423 4532 ἀπὸ
2455 4476 2672 4548 φθόνου,
2705 4477 2813 4531 ἀπὸ
2848 4476 3071 4548 μίσουςο
3117 4476 3211 4530 καὶ
3258 4475 3365 4529 ἰδοὺ
3397 4475 3459 4527 τὸ
3504 4473 3667 4544 σῶμα

398 4552 551 4615 ritia,
583 4551 653 4607 ab
684 4555 889 4609 invidia
918 4567 973 4612 et
997 4557 1154 4624 odio;
1180 4568 1236 4614 et
1264 4574 1393 4615 ecce
1414 4576 1616 4629 corpus
1651 4578 1847 4632 purum
1874 4575 1972 4620 est.

2085 4568 2323 4639 καθαρόν
2355 4570 2490 4622 ἐστι.
2510 4567 2679 4622 Τοῦτο
2708 4569 2817 4639 γάρ
2850 4568 2966 4620 ἐστι
2998 4567 3058 4620 τὸ
3091 4565 3362 4637 σύμὸολον
3392 4564 3500 4618 τῶν
3533 4565 3670 4629 ἀζύ-

402 4641 550 4697 llanc
574 4644 717 4699 enim
748 4646 950 4702 habent
976 4664 1147 4719 panes
1173 4650 1353 4721 azymi
1384 4651 1866 4723 signiﬁcationem,
1905 4664 1966 4708 ut.

2088 4677 2223 4732 μων,
2242 4661 2328 4714 ἵνα
2356 4661 2431 4732 μὴ
2453 4662 2521 4716 τά
2552 4660 2759 4715 παλαιά
2783 4662 2880 4733 τῆς
2912 4662 3087 4732 κακῆς
3113 4659 3291 4732 ζύμης
3323 4659 3460 4731 ἔργα
3491 4659 3670 4731 πράτ-

399 4748 472 4789 ne
502 4747 682 4792 vetera
714 4739 841 4794 mali
869 4739 1124 4797 fermenti
1151 4758 1315 4814 opera
1343 4745 1639 4814 peragatis.
1662 4744 1774 4802 Vos
1800 4756 1972 4803 autem

2083 4770 2232 4824 τητε.
2293 4752 2484 4824 Ὑμεῖς
2532 4752 2589 4807 δὲ
2634 4753 2812 4808 πάντα
2869 4751 3150 4825 σαρκικῶς
3196 4753 3488 4823 νενοήκατε
3508 4792 3524 4815 ,
3570 4752 3669 4805 καὶ

471 4899 517 4931 ⁸⁸
553 4899 658 4957 lsa.
692 4918 793 4971 LII,
827 4904 914 4973 10,
938 4919 1107 4978 usque
1132 4909 1198 4963 ad
1227 4906 1420 4977 ﬁnem,
1452 4926 1543 4964 LIII
1572 4925 1666 4980 per
1686 4919 1878 4978 totum,
1914 4929 2022 4980 LIV,
2056 4875 2172 4971 1-6.

476 5064 591 5135 (27)
617 5066 754 5121 Ἐὰν
782 5065 1005 5144 δῷταιη
1032 5068 1124 5144 Sic
1168 5073 1331 5126 ctiam
1359 5071 1417 5144 in;
1456 5070 1612 5139 Apol.
1657 5089 1697 5137 ι,
1739 5072 1829 5127 5|:
1886 5077 1980 5130 sed
2091 5077 2367 5133 Thirlbius
2397 5081 2543 5134 hanc
2575 5079 2866 5134 lectionem
2899 5080 3161 5144 defendit,
3189 5092 3245 5134 et
3289 5096 3413 5136 cum
3447 5079 3668 5138 Justino

403 5139 469 5222 in
534 5151 765 5222 utroque
817 5138 950 5222 loco
992 5140 1194 5222 habent
1246 5142 1419 5222 nostri
1470 5138 1691 5222 codices
1728 5145 1989 5222 mss_.édw
2089 5148 2282 5222 Isaiam
2311 5150 2570 5222 Cur_terii,
2603 5150 3020 5222 Hieronymum,
3053 5162 3105 5206 et
3146 5138 3337 5205 Aldina
3389 5160 3446 5205 et
3496 5152 3666 5204 Com-

402 5207 792 5289 8ﬁne,_quod_a
919 5208 1200 5289 Stephano
1245 5212 1591 5268 immutatum
1618 5213 1740 5281 fuit,
1774 5217 1979 5286 rejeeta
2088 5221 2361 5289 plutensia
2410 5207 2583 5274 Biblia
2616 5207 3174 5277 monet'conse'ntire.
3207 5222 3313 5278 Sed
3357 5232 3534 5276 tamen
3562 5222 3668 5278 has

404 5281 472 5334 ad
499 5278 704 5361 εξίρὲῃ
740 5280 973 5361 lectione
1008 5278 1255 5361 codicum
1309 5298 1440 5338 mss.
1633 5357 1647 5361 _
1726 5278 1734 5281 ’
2085 5278 2250 5344 voces
2280 5291 2541 5361 expunxi,
2569 5293 2695 5359 quia
2724 5290 2925 5345 desunt
2957 5294 3012 5346 in
3039 5308 3173 5347 mss.
3206 5293 3486 5347 codicibus
3509 5331 3523 5355 ,
3560 5308 3667 5346 nec

476 5347 601 5430 (_28)_
625 5347 749 5402 Τῶν
775 5352 1065 5430 «sulatum.
1091 5350 1259 5407 Habet
1291 5366 1519 5430 uterque
1548 5357 1717 5430 codex
1745 5355 1972 5430 unum},

2086 5361 2225 5414 satis
2251 5347 2443 5429 graves
2468 5347 2727 5416 vide'ntur
2754 5360 2923 5415 fuisse
2955 5377 3154 5430 causae,
3179 5378 3280 5417 cur
3308 5378 3401 5418 eas
3445 5347 3522 5416 Ιὶξ
3542 5362 3668 5416 Ste-

405 5421 499 5500 g‘ed
536 5420 603 5500 ad
638 5422 931 5500 marginem
964 5422 1161 5490 legitur
1186 5432 1242 5500 et
1271 5426 1337 5500 ad
1384 5420 1593 5500 calcem
1626 5428 1880 5500 editionis
1906 5420 1973 5481 Β.
2083 5420 2299 5500 pilanus
2339 5433 2391 5484 in
2422 5442 2739 5486 contextum
2792 5433 3074 5500 reciperet.

408 5490 671 5557 Stephani
695 5491 968 5572 "adilaimv-
1004 5510 1095 5572 σου
1133 5494 1375 5572 σφίγξον,
1402 5496 1762 5572 μήκΗεὼριιι
1809 5499 1972 5552 etiam

2083 5490 2101 5500 ’
2152 5502 2265 5570 (29)
2290 5504 2502 5570 Κύριος
2523 5501 2812 5568 ἐποίησεν
2849 5490 3035 5572 diana
3063 5500 3273 5567 ἐαυτῷ.
3306 5502 3501 5556 Biblia:
3545 5501 3663 5556 Κύ-

404 5561 770 5644 ριιιηθδηοάἰξί
802 5564 969 5644 nostri
1003 5561 1581 5644 καὶ-τάςξδέρειςςτῶν
1610 5567 1822 5644 ἀὐλέων
1854 5585 1972 5622 σου.

2080 5561 2193 5644 ριός
2221 5561 2256 5624 ό
2284 5561 2454 5627 ποιῶν
2476 5561 2567 5635 σε,
2594 5561 2802 5644 μύριος
2833 5561 3057 5626 Σαϐαὼθ
3091 5561 3262 5644 ὄνομα
3290 5572 3457 5637 αὐτῷ.

404 5630 744 5715 Atquejllud
775 5634 1013 5715 quidem,
1043 5633 1170 5715 ’τὰς’
1201 5630 1399 5715 δέρεις,
1423 5637 1715 5707 Cappellus
1749 5654 1779 5692 e
1826 5655 1970 5715 mar-_

2080 5630 2091 5644 ’
2173 5630 2262 5712 30)
2309 5645 2405 5711 Ὡς
2435 5630 2707 5715 γυναῖκαῖ
2732 5630 2938 5698 Βῖωίειε
2970 5630 3665 5713 Οὺχὼέγυναῖκα-οὑόὡς

406 5703 534 5771 κίιιε
588 5701 645 5756 in
697 5712 905 5758 textum
953 5720 984 5757 a
1034 5701 1576 5765 Justino'inductul'n
1644 5717 1831 5780 putat;
1873 5710 1970 5766 sed
2078 5701 2333 5782 γυναῖκα.
