4006 6254
401 332 507 387 507

1322 333 1385 388 ὃ.
1419 327 1685 387 JUSTINI
1715 325 2124 386 PHILOSOPHI
2156 323 2244 380 ET
2288 320 2647 379 MARTYRIS

3544 322 3652 380 508

402 452 570 524 igitur
617 449 710 507 Dei
735 447 999 519 jejunium
1030 447 1222 505 discite
1261 450 1582 514 observare,
1608 448 1960 518 quemadmo-

2068 462 2129 500 τε
2160 440 2462 515 νηστεύειν,
2482 439 2557 504 ὡς
2584 437 2810 504 Ἡσαΐας
2831 437 3025 511 φησιν,
3063 437 3151 491 ἵνα
3182 435 3260 509 τῷ
3306 436 3425 508 Θεῷ
3464 440 3654 512 εὐαρεο

400 548 530 600 dum
562 544 639 599 ait
679 541 869 609 lsaias,
901 552 961 597 ut
990 543 1100 597 Deo
1142 542 1428 618 placeatis.
1470 543 1548 596 ita
1578 549 1757 596 autem
1784 540 1968 595 excla-

400 645 517 690 mat
558 635 766 690 lsaias:
802 654 821 687 ι
864 632 1048 688 Clama
1092 633 1144 687 in
1190 632 1530 698 fortitudine,
1554 642 1609 686 et
1636 646 1703 686 ne
1733 645 1966 701 parcas;

399 726 553 798 quasi
584 725 711 781 tuba
748 726 927 780 exalta
973 740 1161 781 vocem
1195 734 1364 789 tuam,
1396 733 1453 779 et
1495 723 1753 778 annunlia
1783 723 1968 793 generi

397 834 522 873 meo
563 827 783 887 peccata
823 832 1034 883 eorum,
1061 828 1112 871 et
1142 816 1321 872 domui
1344 814 1507 871 Iacob
1542 815 1855 886 iniquitates
1876 827 1969 868 eo-

398 925 540 966 rum.
567 910 650 964 Me
677 908 746 964 de
767 910 854 964 die
877 908 931 963 in
955 909 1098 964 diem
1128 916 1406 978 quaerunt,
1430 916 1485 962 et
1509 907 1655 961 scire
1679 906 1792 960 vias
1819 918 1969 959 meas

396 1002 606 1067 volunt,
634 1002 789 1072 quasi
836 1016 993 1071 gens,
1026 1016 1147 1071 quae
1181 1001 1448 1070 justitiam
1484 999 1696 1067 fecerit,
1727 1008 1781 1055 et
1822 998 1968 1068 judi-

397 1097 541 1151 cium
569 1095 659 1151 Dei
688 1111 795 1149 non
821 1094 1193 1165 dereliquerit.
1216 1094 1415 1149 Petunt
1434 1108 1520 1148 me
1542 1107 1686 1147 nunc
1704 1091 1965 1161 judicium

392 1188 620 1256 justum,
661 1197 717 1243 et
755 1189 1193 1258 apprOpinquare
1238 1186 1347 1241 Deo
1374 1186 1617 1255 cupiunt,
1662 1184 1905 1238 dicentes
1948 1202 1962 1237 :

396 1280 575 1348 Quare
612 1279 984 1347 jejunavimus
1032 1286 1087 1333 et
1132 1292 1239 1332 non
1294 1276 1523 1331 vidisti?
1554 1274 1966 1330 Humiliavimus

335 1363 353 1380 '
396 1370 610 1424 animas
642 1378 880 1431 nostras,
913 1378 967 1422 et
1000 1383 1104 1425 non
1138 1367 1479 1437 cognovisti?
1510 1367 1567 1421 In
1602 1366 1791 1421 diebus
1820 1366 1964 1421 enim

392 1461 720 1530 jejuniorum
766 1469 1072 1515 vestrorum
1117 1458 1370 1514 invenitis
1395 1457 1701 1514 voluntates
1737 1466 1964 1522 vestras,

391 1560 454 1607 et
489 1568 678 1608 omnes
707 1551 977 1620 subjectos
1005 1552 1159 1607 vobis
1199 1552 1404 1607 caeditis
1436 1568 1451 1605 :
1481 1565 1610 1606 ecce
1656 1550 1723 1604 ad
1762 1549 1884 1604 lites
1911 1558 1967 1604 et

390 1644 573 1714 jurgia
611 1642 866 1712 jejunatis
903 1651 957 1697 et
1000 1642 1285 1713 percutitis
1334 1642 1531 1712 pugnis
1570 1640 1859 1706 humilem;
1906 1648 1967 1694 ut

393 1737 523 1806 quid
554 1736 684 1790 mihi
704 1736 986 1803 jejunatis,
1013 1744 1072 1789 ut
1093 1734 1275 1799 hodie,
1297 1745 1356 1788 ut
1376 1735 1625 1789 audiatur
1650 1734 1702 1789 in
1727 1735 1964 1789 clamore

2071 537 2252 608 στῆτε.
2289 534 2542 603 Κέκραγε
2570 532 2627 585 δὲ
2662 531 2887 595 Ἡσαΐας
2918 530 3113 595 οὓτως·
3155 548 3174 582 t
3218 531 3542 603 Ἀναϐόησον
3590 536 3651 587 έν

2072 624 2235 697 ίσχύῖ,
2266 624 2360 678 καὶ
2396 622 2470 695 μὴ
2503 623 2682 695 φείσῃ·
2713 621 2788 687 ὡς
2836 622 3097 689 σάλπιγγι
3137 620 3349 691 ὖψωσον
3394 622 3489 694 τὴν
3536 641 3652 692 φω-

2067 719 2166 789 νήν
2200 734 2293 769 σου
2315 756 2329 781 ,
2366 715 2460 769 καὶ
2491 714 2809 783 ἀνάγγειλον
2854 713 2930 785 τῷ
2973 712 3120 782 γένει
3154 731 3253 784 μου
3287 712 3353 767 τὰ
3396 716 3652 788 ἀμαρτὴο

2071 828 2214 882 ματα
2243 808 2444 874 αὐτῶν,
2480 808 2573 863 καὶ
2592 807 2668 878 τῷ
2702 808 2841 878 οίκῳ
2861 805 3060 861 Ἰακὼῦ
3081 806 3178 871 τὰς
3199 807 3427 879 ἀνομίας
3446 808 3647 863 αὐτῶν.

2067 900 2201 973 Ἐμὲ
2245 901 2458 973 ἡμέραν
2510 900 2568 967 ἐξ
2614 900 2829 972 ἡμέρας
2873 897 3130 968 ζητοῦσι,
3164 898 3260 952 καὶ
3300 899 3503 968 γνῶναι
3545 900 3650 967 τὰς

2065 991 2217 1058 ὁδούς
2254 1010 2356 1064 μου
2392 990 2745 1062 ἐπιθυμοῦσιν
2776 989 2851 1053 ὡς
2880 988 3006 1052 λαὸς
3042 987 3389 1060 δικαιοσύνην
3419 1005 3654 1061 πεποιη-

2066 1081 2197 1148 κὼς,
2233 1082 2327 1137 καὶ
2358 1081 2539 1153 κρίσιν
2572 1082 2705 1135 Θεοῦ
2752 1081 2851 1134 οὐκ
2896 1079 3387 1148 ὲγκαταλελοιπώς.
3423 1080 3655 1134 Δίτοῦσί

2069 1192 2136 1246 με
2173 1174 2267 1227 νῦν
2300 1175 2481 1246 κρίσιν
2512 1174 2749 1237 δικαίαν,
2785 1173 2880 1227 καὶ
2915 1172 3154 1241 ἐγγίζειν
3184 1171 3305 1242 Θεῷ
3351 1170 3651 1243 ἐπιθυμοῦ-

2065 1280 2153 1329 σι,
2187 1264 2467 1332 λέγοντες,
2504 1261 2569 1316 Τί
2600 1264 2681 1316 ὅτι
2728 1261 3149 1333 ὲνηστεύσαμεν,
3185 1260 3280 1315 καὶ
3325 1261 3423 1314 οὐκ
3456 1256 3599 1326 εἶδες
3626 1278 3647 1327 ;

2064 1353 2502 1425 έταπεινώσαμεν
2532 1354 2633 1417 τὰς
2663 1353 2840 1424 ψυχὰς
2870 1353 3047 1423 ἡμῶν,
3083 1352 3177 1405 καὶ
3208 1351 3308 1407 οὐκ
3327 1351 3527 1421 ἔγνως,
3552 1351 3650 1404 Ἐν

2063 1447 2173 1517 γὰρ
2200 1449 2320 1510 ταῖς
2350 1446 2582 1518 ἡμέραις
2611 1445 2721 1500 τῶν
2761 1443 3020 1516 νηστειῶν
3054 1442 3207 1515 ὑμῶν
3260 1443 3538 1515 εὑρίσκετε
3572 1442 3657 1496 τά,

2063 1540 2344 1612 θελήματα
2378 1539 2554 1612 ὑμῶν,
2588 1539 2685 1594 καὶ¹
2719 1539 2927 1603 πάντας
2958 1540 3084 1602 τοὺς
3120 1538 3461 1608 ὑποχειρίους
3488 1539 3645 1611 ὑμῶν

2061 1632 2412 1686 ὑπονύσσετε.
2461 1631 2593 1685 Ἰδοὺ
2627 1632 2707 1695 είς
2743 1631 2953 1703 κρίσεις
2997 1630 3107 1701 (58)
3157 1630 3252 1683 καὶ
3309 1631 3485 1701 μάχας
3540 1649 3648 1702 γνη-

2062 1720 2302 1785 στεύετε,
2336 1720 2433 1774 καὶ¹
2465 1718 2694 1774 τύπτετε
2722 1722 2968 1790 πυγμαῖς
3001 1720 3274 1773 ταπεινόν.
3310 1720 3426 1773 Ἵνα
3456 1720 3509 1773 τί
3547 1738 3643 1791 μοι

392 1841 498 1882 vox
518 1836 695 1881 vestra
712 1826 861 1881 iNon
881 1828 981 1881 hoc
996 1825 1259 1896 jejunium
1282 1825 1438 1897 elegi,
1456 1833 1511 1879 ut
1532 1826 1583 1879 iu
1608 1826 1695 1881 die
1718 1825 1960 1880 bumiliet

2064 1811 2374 1883 νηστεύετε,
2407 1809 2483 1875 ὡς
2524 1812 2794 1882 σήμερον,
2828 1809 3158 1881 ἀκουσθῆναι
3206 1812 3264 1863 ὲν
3296 1812 3508 1883 κραυγῇ
3540 1810 3647 1882 τὴν

393 1919 555 1973 homo
581 1920 817 1973 animam
855 1934 1029 1973 suam.
1061 1917 1269 1988 Neque,
1300 1918 1346 1971 si
1375 1918 1773 1983 incurvaveris,
1804 1918 1960 1989 quasi

391 2010 681 2075 circulum,
717 2011 912 2065 collum
945 2019 1117 2074 tuum,
1145 2019 1200 2065 et
1226 2025 1442 2065 saccum
1472 2018 1526 2065 et
1550 2011 1785 2065 cinerem
1828 2012 1959 2066 sub-

392 2103 697 2170 straveris;
731 2118 829 2158 nec
862 2103 939 2157 sic
962 2102 1226 2157 vocabitis
1253 2100 1520 2172 jejunium
1551 2113 1604 2158 et
1634 2104 1775 2159 diem
1807 2119 1963 2160 acce-

392 2205 541 2265 ptum
592 2195 838 2251 Domino.
875 2194 990 2250 Non
1031 2196 1139 2250 tale
1180 2195 1449 2266 jejunium
1493 2196 1654 2266 elegi,
1690 2196 1817 2251 dicit
1848 2195 1958 2251 Do-

391 2288 593 2342 minus.
634 2288 740 2343 Sed
783 2288 933 2342 solve
962 2302 1180 2341 omnem
1211 2287 1588 2358 colligaturam
1618 2288 1955 2357 iniquitatis;

392 2377 631 2433 dissolve
683 2379 1043 2448 obligationes
1108 2378 1467 2434 violentorum
1535 2389 1954 2445 contractuum;

392 2470 603 2524 dimitte
635 2470 840 2525 fractos
870 2471 925 2525 in
972 2471 1363 2540 remissionem,
1393 2482 1449 2528 et
1485 2486 1703 2527 omnem
1735 2488 1959 2543 syngra-

392 2560 555 2629 pham
612 2560 853 2629 iniquam
897 2563 1164 2633 discerpe.
1214 2564 1427 2632 Frange
1473 2564 1729 2619 esurienti
1764 2579 1956 2635 panem

391 2664 562 2715 tuum,
582 2663 637 2707 et
664 2668 931 2723 pauperes
957 2656 1073 2711 sine
1101 2662 1247 2711 tecto
1271 2657 1433 2711 induc
1457 2656 1512 2710 in
1540 2658 1756 2711 domum
1784 2665 1952 2721 tuam;

390 2746 437 2798 si
470 2744 669 2799 videris
702 2746 926 2811 nudum,
958 2749 1140 2816 Operi;
1171 2758 1226 2802 et
1252 2749 1581 2803 domesticos
1616 2749 1845 2803 seminis
1878 2751 1954 2803 tui

390 2849 459 2889 ne
506 2835 838 2906 despexeris.
888 2834 1041 2894 Tunc
1089 2849 1337 2909 erumpet
1397 2841 1718 2895 matutinum
1772 2843 1953 2896 lumen

393 2937 565 2991 tuum,
617 2936 672 2981 et
722 2929 1046 2984 vestimenta
1095 2940 1185 2985 tua
1229 2932 1336 2985 cito
1383 2932 1648 3001 orientur,
1696 2933 1857 3004 116
1902 2944 1956 2988 et

392 3018 607 3087 praeibit
642 3021 695 3073 in
727 3030 1017 3088 conspectu
1058 3030 1149 3076 tuo
1173 3022 1386 3093 justitia
1419 3031 1530 3090 tua,
1562 3035 1617 3078 et
1651 3024 1823 3094 gloria
1858 3025 1953 3080 Dei

390 3110 754 3165 circumdabit
784 3121 855 3166 te.
883 3111 1018 3167 Tum
1047 3112 1331 3179 clamabis,
1354 3122 1411 3168 et
1439 3113 1580 3169 Deus
1602 3116 1853 3171 exaudiet
1880 3125 1951 3182 te;

2064 1903 2246 1974 φωνὴν
2276 1902 2461 1973 ὑμῶν;
2493 1902 2566 1956 Ού
2600 1900 2804 1971 ταύτην
2835 1900 2933 1972 τὴν
2964 1900 3219 1971 νηστείαν
3252 1900 3364 1971 ὲγὼ
3396 1900 3648 1966 ἐξελεξά-

2065 2011 2191 2066 μην,
2226 1994 2321 2047 καὶ
2343 1993 2555 2065 ἡμέραν
2577 1991 2861 2047 ταπεινοῦν
2892 1992 3177 2063 ἄνθρωπον
3213 1992 3311 2063 τὴν
3342 1992 3521 2064 ψυχὴν
3552 1993 3655 2045 αύ-

2060 2086 2171 2140 τοῦ.
2208 2086 2328 2140 Οὐδ’
2362 2085 2431 2140 ἂν
2472 2085 2695 2159 κάμψῃς
2737 2084 2812 2149 ὡς
2859 2085 3049 2156 κρίκον
3096 2084 3189 2138 τὸν
3221 2084 3491 2155 τράχηλόν
3521 2100 3661 2151 σουι

2060 2179 2156 2233 καὶ
2180 2177 2379 2232 σάκκον
2404 2178 2500 2232 καὶ¹
2520 2178 2713 2231 σποδὸν
2742 2175 3098 2248 ὑποστρώσῃς
3115 2216 3130 2241 ,
3167 2176 3277 2229 οὐδ’
3314 2176 3455 2229 οὕτω
3487 2176 3648 2231 καλέσ-

2061 2286 2182 2323 σετε
2230 2268 2482 2339 νηστείαν
2515 2268 2609 2321 κα)⁵
2659 2266 2872 2338 ἡμέραν
2907 2266 3016 2337 (59)
3057 2266 3257 2338 δεκτὴν
3306 2266 3383 2337 τῷ
3427 2265 3644 2338 Κυρίῳ.

2060 2362 2195 2432 Ούχὶ
2224 2360 2476 2431 τοιαύτην
2519 2360 2771 2432 νηστείαν
2807 2358 2918 2428 ἐγὼ
2956 2358 3308 2429 ἐξελεξάμην,
3346 2358 3492 2426 λέγει
3529 2358 3649 2410 Κύ-

2063 2469 2175 2522 ριος
2202 2468 2215 2479 ·
2249 2450 2386 2505 ἀλλὰ
2431 2449 2526 2503 λῦε
2589 2450 2767 2503 πάντα
2821 2438 3115 2521 σύνδεσμον
3160 2448 3412 2513 ἀδικίας,
3458 2447 3646 2501 διάλυε

2060 2541 2429 2614 στραγγαλιάς
2465 2540 2655 2612 βιαίων
2693 2539 3173 2611 συναλλαγμάτων,
3215 2539 3507 2593 ἀπόστελλε
3549 2555 3644 2591 τε-

2059 2635 2433 2707 θραυσμένους
2482 2636 2540 2687 ἐν
2581 2633 2796 2702 ἀφέσει,
2836 2633 2933 2686 καὶ
2965 2633 3147 2687 πᾶσαν
3175 2632 3493 2704 συγγραφὴν
3521 2632 3643 2686 ἄδι-

2056 2745 2151 2780 κον
2178 2727 2398 2781 διάσπα.
2444 2726 2747 2798 Διάθρυπτε
2791 2725 3045 2779 πεινῶντι
3082 2726 3169 2779 τὸν
3197 2726 3360 2797 ἄρτον
3394 2741 3509 2790 σου,
3543 2724 3649 2778 καὶ

2058 2822 2304 2891 πτωχοὺς
2336 2820 2597 2889 ἀστέγους
2630 2818 2889 2888 εἰσάγαγε
2934 2820 3014 2883 είς
3057 2819 3148 2872 τὸν
3190 2814 3337 2872 οἶκόν
3375 2834 3490 2872 σουθ
3540 2816 3645 2870 ἐὰν

2060 2912 2175 2985 ἴδῃς
2219 2912 2444 2981 γυμνὸν,
2494 2909 2804 2982 περίϐαλλε,
2850 2910 2947 2963 καὶ
2980 2910 3086 2964 ἀπὸ
3132 2908 3239 2962 τῶν
3282 2909 3495 2962 οἰκείων
3544 2906 3645 2960 τοῦ

2058 3003 2369 3074 σπέρματός
2388 3019 2480 3056 σου
2503 3003 2601 3073 ούχ
2621 3002 2904 3074 ύπερόψει.
2927 3002 3061 3055 Τότε
3081 3000 3646 3073 ῥαγήσεταιπρὼῖμον

2059 3095 2119 3149 τὸ
2152 3094 2265 3164 φῶς
2288 3111 2407 3159 σου,
2439 3094 2533 3147 καὶ
2564 3093 2631 3148 τά
2669 3094 2859 3165 ἱμάτιά
2900 3093 3008 3164 (40)
3046 3110 3139 3146 σου
3173 3095 3307 3164 ταχὺ
3358 3093 3639 3146 ἀνατελεί’

393 3200 569 3256 adhuc
595 3201 851 3271 loquente
878 3211 931 3257 te
963 3205 1105 3260 dicet
1130 3222 1144 3260 :
1178 3204 1317 3260 Ecce
1338 3208 1553 3261 adsum.
1585 3208 1643 3262 Si
1673 3208 1958 3266 abstuleris

2064 3162 2623 3259 καὶήπροπορεύσεται
2655 3162 2963 3257 ἔμπροσθέν
2992 3162 3090 3239 σου
3114 3187 3147 3256 ἡ
3180 3162 3488 3255 δικαιοσύνη
3516 3201 3647 3251 σου,

392 3309 423 3346 a
456 3303 508 3348 te
536 3294 961 3366 colligationem,
995 3305 1050 3353 et
1083 3312 1338 3353 manuum
1370 3300 1873 3369 complicationem,
1904 3312 1961 3358 et

389 3386 615 3441 verbum
649 3390 1115 3455 murmuratiouis,
1145 3400 1200 3445 et
1230 3391 1442 3446 dederis
1473 3392 1735 3448 esurienti
1764 3408 1956 3463 panem

390 3495 459 3532 ex
490 3481 667 3534 anima
713 3492 829 3549 tua,
865 3491 921 3537 et
962 3484 1198 3537 animam
1234 3483 1573 3539 humiliatam
1603 3487 1957 3553 saturaveris,

391 3582 521 3627 tunc
568 3574 777 3629 orietur
806 3575 859 3629 in
908 3574 1149 3630 tenebris
1186 3576 1369 3631 lumen
1415 3587 1587 3645 tuum,
1630 3587 1684 3633 et
1730 3579 1960 3635 tenebrat

390 3675 497 3718 tua:
526 3675 687 3719 erunt
712 3666 854 3720 sicut
879 3667 1175 3732 ,meridies,
1202 3676 1258 3722 et
1297 3668 1402 3722 erit
1432 3670 1576 3724 Deus
1618 3678 1740 3725 tuus
1782 3679 1957 3729 tecum

394 3770 632 3826 semper,
665 3766 721 3811 et
765 3756 1103 3826 impleberis,
1131 3758 1276 3813 sicut
1314 3760 1590 3815 desiderat
1616 3763 1795 3817 anima
1834 3773 1957 3831 tua;

390 3859 446 3902 et
468 3863 590 3903 ossa
625 3857 712 3903 tua
744 3849 1116 3918 pinguescent,
1150 3858 1205 3905 et
1230 3862 1390 3906 erunt
1414 3862 1471 3906 ut
1497 3853 1688 3908 hortus
1716 3853 1960 3909 inebria-

392 3951 501 4004 tus,
547 3952 603 3995 et
627 3939 749 3995 fons
783 3943 961 4007 undas,
1012 3951 1108 3997 aut
1158 3952 1304 3998 terra
1344 3946 1430 4000 cui
1479 3960 1634 4015 aquae
1676 3962 1781 4001 non
1820 3947 1959 4003 deii-

391 4032 636 4087 ciunt“.
687 4052 708 4086 ι
754 4034 1233 4089 Circumcidamini
1281 4035 1447 4105 igitur
1489 4039 1749 4106 prteputio
1784 4039 1963 4094 cordis

391 4126 579 4193 vestri,
596 4126 1049 4196 quemadmodum
1073 4126 1267 4184 divinae
1285 4126 1579 4198 Scriptura:
1601 4128 1687 4183 his
1710 4130 1962 4187 omnibus

390 4217 570 4273 verbis
593 4218 887 4289 postulant.

463 4485 505 4521 ⁶¹
544 4482 650 4539 lsa.
688 4500 845 4549 Lvnt.
875 4485 1019 4540 1-H.

2060 3280 2153 3332 καὶ
2182 3281 2215 3351 ἡ
2246 3279 2371 3345 δόξα
2393 3278 2483 3332 τοῦ
2520 3278 2652 3332 Θεοῦ
2692 3277 2998 3349 περιστελεῖ
3015 3294 3093 3331 σε.
3114 3278 3246 3330 Τότε
3269 3277 3457 3351 βοὴσῃ,
3486 3276 3581 3330 καὶ⁵
3607 3279 3643 3329 ό

2059 3372 2190 3435 Θεὸς
2224 3371 2601 3425 εἰσακούσεταί
2635 3388 2749 3424 σου·
2786 3371 2867 3424 ἔτι
2897 3369 3182 3434 λαλοῦντός
3210 3386 3328 3433 σου,
3352 3369 3642 3440 ὲρείοῚδοὺ

2060 3464 2310 3535 πάρειμι.
2337 3464 2465 3518 Ἐἀν
2496 3463 2552 3517 δὲ
2578 3464 2783 3536 ἀφέλῃς
2814 3464 2924 3517 ἀπὸ
2957 3462 3051 3516 σοῦ
3086 3462 3379 3532 σύνδεσμον
3411 3461 3504 3514 καὶ
3532 3478 3648 3531 χει-

2063 3556 2303 3628 ροτονίαν
2323 3596 2338 3621 ,
2376 3554 2471 3608 καὶ
2510 3555 2658 3625 ῥῆμα
2690 3554 3002 3626 γογγυσμοῦ
3028 3593 3043 3619 ,
3079 3554 3173 3608 καὶ⁹
3204 3554 3357 3625 διδῷς
3383 3553 3647 3609 πεινῶντι

2059 3648 2149 3702 τὸν
2188 3648 2350 3719 ἄρτον
2383 3664 2477 3701 σου
2511 3649 2575 3699 ὲκ
2600 3645 2799 3717 ψυχῆς,
2835 3647 2931 3700 καὶ
2958 3645 3132 3718 ψυχὴν
3164 3646 3644 3717 τεταπεινωμένην

2060 3741 2348 3814 ὲμπλὴσῃς
2368 3781 2382 3807 ,
2416 3741 2535 3794 τότε
2566 3740 2814 3794 ἀνατελεῖ
2844 3741 2902 3793 έν
2930 3739 3007 3811 τῷ
3055 3740 3233 3793 σκότει
3266 3740 3324 3793 τὸ
3367 3739 3482 3810 φῶς
3518 3755 3643 3804 σου,

2062 3832 2158 3887 καὶ
2178 3833 2237 3885 τὸ
2271 3833 2460 3896 σκότος
2482 3849 2575 3885 σου
2608 3831 2683 3896 ὡς
2714 3831 3063 3904 μεσημϐρία,
3102 3832 3197 3885 καὶ
3239 3832 3389 3885 ἔσται
3436 3832 3464 3883 ό
3500 3829 3644 3893 Θεός

2062 3940 2156 3977 σου
2192 3923 2329 3995 μετά
2361 3923 2453 3977 σοῦ
2481 3924 2790 3987 διαπαντὸς,
2821 3922 2915 3975 καὶ
2947 3921 3305 3993 ὲμπλησθήσῃ
3338 3921 3478 3975 καθά
3517 3923 3646 3974 ἐπι-

2063 4016 2227 4087 θυμεῖ
2256 4017 2300 4085 ζὴ
2344 4016 2490 4088 ψυχή
2539 4034 2665 4084 σου,
2707 4018 2801 4071 καὶ
2832 4018 2901 4071 τὰ
2932 4018 3067 4070 ὀστᾶ
3098 4033 3193 4069 σου
3226 4014 3639 4086 πιανθὴσονται,

2064 4107 2157 4162 καὶ
2189 4107 2340 4161 ἔσται
2366 4108 2441 4173 ὼς
2472 4110 2645 4182 κῆπος
2676 4109 2907 4181 μεθύων,
2942 4108 3037 4161 καὶ
3069 4107 3219 4180 πηγὴ
3252 4106 3460 4171 ὓδατος,
3494 4106 3527 4177 ἦ
3558 4105 3643 4176 γῆ

2063 4194 2215 4273 ᾗΙμὴ
2250 4198 2493 4263 ἐξέλιπεν
2526 4200 2691 4272 ὕδωρ.
2727 4220 2746 4252 ι
2784 4199 3153 4273 Περιτέμεσθε
3203 4194 3295 4252 οὖν
3322 4197 3419 4268 τὴν
3468 4198 3645 4270 ἀκρο-

2063 4291 2287 4346 ϐυστίαν
2316 4292 2413 4363 τῆς
2443 4293 2669 4363 καρδίας
2696 4292 2871 4363 ὑμῶν,
2901 4292 2976 4356 ὡς
2996 4292 3046 4344 oi
3080 4290 3229 4358 λόγοι
3255 4287 3347 4342 τοῦ
3370 4287 3501 4342 Θεοῦ
3522 4288 3655 4361 (ﬂ).

2061 4383 2149 4438 διὰ
2178 4384 2395 4439 πάντων
2427 4385 2630 4439 τούτων
2661 4384 2768 4438 τῶν
2796 4384 2968 4452 λόγων
3001 4381 3233 4447 ἀξιοῦσι.

462 4644 575 4721 (38}
614 4644 769 4721 Ἰδοὺ
789 4646 895 4721 -είς
926 4646 1177 4721 κρίσεις.
1208 4645 1315 4721 Sic
1336 4646 1503 4701 etiam
1541 4654 1651 4721 tres
1687 4645 1950 4721 interpre-

2064 4664 2110 4721 τι.
2140 4647 2243 4713 12;
2273 4647 2415 4721 inira
2448 4663 2617 4721 num.
2647 4648 2769 4716 H6,
2804 4658 3031 4721 peccata
3060 4659 3112 4704 et
3143 4666 3344 4721 pravas
3386 4664 3649 4710 actiones

391 4724 496 4787 tes.
544 4716 757 4783 Aquila,
788 4714 1127 4770 Theodotion
1179 4728 1236 4771 et
1284 4716 1664 4787 Symmachus.
1692 4725 1748 4771 et
1776 4714 1949 4772 codex

391 4786 815 4859 glegandrinus,
863 4795 915 4859 et
975 4787 1141 4859 edlt_io
1191 4786 1384 4840 Aldina
1433 4797 1490 4841 et
1537 4786 1956 4859 Compluteusis.

395 4854 581 4933 ικξέ
614 4858 663 4933 εί
695 4858 774 4933 είς
809 4858 1049 4933 κρίσεις-.-
1069 4856 1383 4933 Ttttanws.

466 4926 579 4998 (59)
604 4926 714 4998 Καὶ
737 4926 981 4998 ἡμέραν.
1008 4927 1132 4982 Ητῑιο
1159 4930 1347 4981 desunt
1372 4926 1512 4996 apud
1540 4926 1708 4982 LXX.

466 4995 581 5067 (40)
633 4995 873 5065 Ἰμάτιά.
906 5000 997 5053 Sic
1044 4998 1248 5051 habent
1301 4995 1519 5052 codices
1568 5014 1698 5052 mss.
1742 4995 1848 5053 Sed
1890 4996 1958 5052 R.

395 5067 705 5139 Stephanus
728 5072 905 5137 posuit
938 5070 1162 5139 ἰάματα,
1193 5079 1340 5122 recte
1379 5068 1430 5122 id
1463 5069 1679 5139 quidem
1711 5080 1767 5123 et
1795 5083 1960 5123 accu-

397 5147 535 5201 rate,
568 5137 612 5209 si
638 5152 765 5192 vera
790 5137 1085 5209 Scriptum
1104 5145 1160 5190 et
1181 5153 1436 5207 germana
1465 5138 1623 5209 lectio
1646 5149 1954 5209 quaeratur;

397 5209 491 5261 sed
525 5210 571 5262 si
600 5208 702 5262 hoc
729 5208 1103 5263 tantummodo
1130 5208 1584 5263 considerandum
1615 5208 1771 5262 nobis
1809 5208 1956 5278 judi-

396 5293 607 5343 cemus,
641 5281 916 5346 quomodo
944 5279 1195 5333 Justinus
1236 5278 1452 5348 legerit,
1477 5279 1649 5348 curWei
1676 5292 1959 5332 vereamur

397 5348 663 5417 ejusmodi
702 5351 988 5405 lectionem
1025 5347 1347 5415 attribuere,
1377 5363 1539 5417 quam
1569 5347 1957 5414 Tertullianus,

397 5421 728 5490 Cyprianus,
763 5420 1082 5475 Ambrosius
1118 5429 1173 5490 et
1214 5420 1549 5490 Augustinus
1592 5419 1764 5490 secuti
1811 5427 1960 5490 sunt,

401 5488 460 5541 ut
486 5492 794 5545 observavit
820 5490 1104 5545 Nobilius?
1126 5489 1202 5543 Eo
1226 5488 1405 5545 autem
1434 5489 1691 5542 libentius
1716 5488 1964 5541 credide-

402 5561 505 5612 rim
547 5558 824 5615 Justinum
863 5564 936 5617 ita
973 5560 1191 5629 legisse,
1214 5572 1269 5613 ut
1310 5560 1510 5613 habent
1543 5559 1713 5613 nostri
1744 5557 1963 5611 codices

403 5645 536 5684 mss.
572 5631 716 5700 quod
752 5628 1196 5687 interdum’hanc
1224 5644 1431 5694 vocem,
1467 5628 1677 5700 ίμάτια,
1708 5642 1775 5682 eo
1802 5641 1964 5700 sensu

405 5698 652 5769 usurpet,
677 5702 770 5772 qui
808 5702 936 5756 huic
966 5701 1084 5757 loco
1121 5701 1431 5772 conveniat.
1458 5699 1768 5772 Calumnias
1808 5698 1965 5772 (ibri-

407 5768 601 5827 stianis
631 5768 836 5829 allictas
867 5781 1026 5829 vocat
1069 5768 1384 5843 περίσλημα
1418 5768 1669 5841 πονηρόν,
1715 5769 1867 5839 Apol.
1901 5783 1961 5837 ιι,

2065 4718 2171 4790 hoc
2214 4719 2433 4790 nomine
2480 4718 2619 4787 apud
2660 4718 2983 4776 Zachariam
3028 4718 3298 4790 designari
3327 4724 3422 4777 ait.
3458 4724 3643 4789 Quin—

2063 4789 2229 4841 etiam
2287 4788 2488 4861 ibidem
2528 4791 2895 4861 vestimenta
2926 4788 3168 4861 munda,
3226 4794 3425 4861 quibus
3474 4788 3644 4849 Iesus

2063 4872 2311 4912 summus
2334 4857 2607 4932 Sacerdos
2630 4860 2851 4932 indutus
2871 4858 2993 4924 fuit,
3018 4857 3309 4932 gloriosam
3338 4877 3637 4932 corporum

2067 4928 2530 5000 [esurrectionem
2554 4929 2770 5000 videtur
2789 4930 3156 4999 inierpretari,
3176 4928 3642 5000 quemadmodum

2064 4995 2434 5052 Tertullianus
2460 4998 2545 5051 his
2570 4998 2720 5053 lsaia:
2743 4995 2944 5061 verbis,
2977 5018 2998 5051 ι
3033 5009 3088 5053 et
3112 4995 3436 5056 vestimenta
3468 5004 3641 5057 citius

2064 5069 2414 5139 orientur.)
2458 5082 2766 5139 corporum
2827 5069 3283 5124 resurrectionem
3334 5073 3641 5139 signiﬁcari

2063 5136 2418 5208 existimavit,
2457 5136 2552 5190 lib.
2602 5137 2680 5191 De
2714 5155 2882 5194 resur.
2930 5155 2979 5193 c.
3006 5139 3095 5192 27.
3128 5140 3234 5195 Sed
3276 5141 3318 5195 si
3362 5136 3641 5208 Iustinus,

2061 5208 2155 5277 qui
2197 5207 2401 5281 Graecis
2444 5208 2721 5264 codicibus
2767 5210 3040 5272 utebatur,
3077 5209 3207 5277 legit
3237 5212 3451 5281 ἱμάτια,
3482 5210 3641 5266 Lati-

2064 5292 2256 5348 norum
2301 5277 2659 5343 interpretum
2703 5295 2887 5341 error,
2915 5281 3007 5348 qui
3058 5296 3077 5329 ι
3128 5277 3449 5335 vestimenta
3485 5301 3503 5332 ι
3546 5281 3642 5338 hic

2063 5346 2370 5422 reddidere,
2399 5361 2506 5422 non
2537 5357 2654 5422 tam
2684 5364 2751 5403 ex
2777 5346 3145 5422 intercedente
3174 5350 3319 5422 inter
3343 5353 3549 5422 ἰάματα
3577 5363 3645 5407 et

2068 5416 2263 5487 ἱμάτια
2287 5416 2665 5482 similitudine,
2691 5430 2750 5473 ut
2772 5421 2929 5473 docet
2964 5420 3030 5472 ad
3056 5420 3203 5473 hunc
3233 5416 3415 5475 locum
3440 5420 3643 5476 Hiero—

2066 5500 2482 5558 nymuquuam
2506 5499 2570 5540 ex
2605 5488 2851 5543 codicum
2884 5488 3018 5558 vitio
3048 5491 3393 5558 repetendus.

2138 5557 2275 5636 (41).
2301 5556 2397 5636 ’ίζς
2432 5557 2500 5636 οξ.
2524 5558 2693 5636 λόγοι
2724 5558 2830 5636 τοῦ
2860 5556 3031 5612 Θεοῦ.
3074 5556 3203 5612 (De
3246 5559 3641 5636 depravatione

2073 5625 2237 5693 hujus
2263 5625 2366 5698 loci
2392 5626 2537 5698 nulla
2566 5628 2832 5698 dubitatio
2858 5643 2981 5684 csse
3003 5637 3205 5697 potest,
3242 5648 3261 5681 ι
3308 5625 3478 5698 inquit
3501 5645 3643 5683 cru—

2073 5698 2219 5752 ditns
2261 5696 2619 5767 Londinensis
2661 5699 2859 5762 editor,
2906 5696 3023 5766 qui,
3062 5716 3081 5751 t
3135 5699 3181 5754 si
3222 5701 3344 5767 quis
3372 5696 3641 5754 audacior

2072 5769 2292 5835 criticus
2321 5779 2419 5837 pro
2444 5763 2591 5845 λόγοι
2614 5767 2813 5841 legeret
2846 5763 3139 5840 προφῆται,
3164 5763 3271 5829 non
3302 5784 3650 5841 magnopere
