4006 6254
235 312 326 367 an

1234 324 1581 384 DlALOGUS
1610 327 1757 385 CUM
1797 329 2172 388 TRYPHONE
2207 332 2483 391 ιυΜῖοι.

3438 339 3543 395 510

288 424 364 524 l6.
390 427 500 524 ίίαὶ
522 428 614 481 διὰ
648 430 986 502 Μωῦσὲως
1022 438 1297 513 κέκραγεν
1323 444 1353 497 ό
1377 444 1511 509 Θεὸς
1540 446 1725 510 αὐτὸς,
1767 446 1849 500 οὔ·

2034 448 2124 505 16.
2158 449 2504 505 Circumcisio
2537 451 2592 505 in
2621 451 2831 520 signum
2856 451 3019 517 data,
3063 460 3120 505 ut
3151 451 3333 508 Judwi’
3370 457 3543 524 pelle-

218 539 313 585 τως
353 521 523 591 λέγων
548 542 564 554 ·
610 544 630 576 ι
667 526 795 580 Καὶ
828 534 1257 605 περιτεμεῖσθε
1290 536 1390 607 τὴν
1426 538 1862 611 σκληροκαρδίαν

213 614 380 683 ὐμῶν,
419 616 517 668 καὶ
554 617 655 671 τὸν
682 621 1012 695 τράχηλον
1046 628 1111 679 οὐ
1148 627 1492 700 πληρυνείτε
1522 630 1622 685 ἐτι.
1653 630 1711 683 '0
1751 630 1861 702 γὰρ

210 709 399 778 Κύριος
435 712 465 762 ὁ
491 709 636 775 Θεὸς
672 714 881 785 ὑμῶν,
920 720 1034 772 καὶ
1075 720 1280 792 Κύριος
1317 721 1426 775 τῶν
1468 724 1693 795 κυρίων,
1729 724 1860 789 Θεὸς

210 800 370 869 μέγας
422 803 522 854 καὶ
566 805 825 877 ἰσχυρὸς
879 811 991 864 καὶ
1015 811 1267 884 φοϐερός·
1303 814 1451 879 ὅστις
1489 816 1550 869 οὐ
1589 815 1859 887 θαυμάζει

209 892 512 961 πρόσωπον,
544 894 684 948 οὐδὲ
727 897 816 968 μὴ
856 898 1019 974 λάϐῃ
1063 902 1254 975 δῶρον.
1295 922 1314 955 i
1347 905 1461 958 Καὶ
1493 906 1553 958 ὲν
1594 906 1670 977 τῷ
1703 907 1861 959 Λευι-

211 983 353 1053 τικῷο
392 1004 411 1037 ι
450 986 586 1040 ’Ὅτι
638 991 1012 1063 παρέϐησαν
1055 995 1151 1048 καὶ
1187 996 1466 1067 ὐπερείδόν
1503 1015 1601 1068 με,
1648 997 1743 1051 καὶ
1774 999 1858 1051 ὅτι

216 1078 588 1148 ὶπορεῦθησαν
622 1083 904 1137 ἐναντίον
945 1103 1050 1157 μου
1090 1087 1328 1157 πλάγιοι,
1355 1089 1451 1142 καὶ
1482 1087 1594 1157 ἐγὼ
1625 1090 1855 1162 επορεύ-

219 1169 309 1240 θην
342 1172 455 1239 μετ’
487 1172 689 1226 αὐτῶν
728 1176 1022 1244 πλαγίως,
1051 1179 1147 1232 καὶ
1183 1179 1368 1233 ἀπολῶ
1392 1181 1590 1245 αὐτοὺς
1618 1183 1674 1234 ἐν
1694 1185 1758 1253 τῇ
1784 1184 1854 1253 γῇ

224 1262 323 1314 τῶν
356 1263 568 1335 ἐχθρῶν
602 1266 836 1320 αὐτῶν.
879 1269 1020 1322 Τότε
1069 1273 1470 1343 ὲντραπήσεται
1513 1275 1546 1343 ὴ
1592 1274 1789 1346 καρδία
1818 1278 1851 1346 ή

231 1354 596 1425 ἀπερίτμητος
648 1356 877 1411 αὐτῶν.
941 1377 959 1410 i
1016 1360 1081 1412 Ἡ
1124 1360 1233 1431 γὰρ
1278 1361 1389 1414 ἀπὸ
1426 1360 1680 1433 Ἀϐραὰμ
1714 1362 1856 1417 κατὰ

236 1446 400 1517 caput:
431 1448 728 1519 mpimph
765 1452 856 1515 εἰς
892 1454 1121 1522 σημεῖον
1149 1452 1327 1523 ὲδόθηέ
1355 1453 1442 1506 ἵνα
1474 1448 1573 1524 ἦτε
1605 1453 1713 1508 ἀπὸ
1747 1453 1855 1507 τῶν

236 1536 396 1589 ἄλλων
424 1537 602 1590 ἐθνῶν
635 1541 745 1592 καὶ
785 1540 953 1611 ἡμῶν
995 1542 1398 1614 ἀφωρισμένοι·
1446 1546 1541 1599 καὶ
1578 1546 1666 1599 ἵνα
1703 1547 1852 1616 μόνοι

241 1628 435 1698 πάθητε
466 1629 505 1683 ἃ
533 1631 637 1683 νῦν
668 1633 734 1683 ὲν
773 1632 908 1706 δίκῃ
942 1633 1200 1705 πάσχετε*
1235 1635 1331 1688 καὶ
1373 1636 1461 1690 ἵνα
1494 1636 1759 1705 γένωνται
1793 1641 1851 1692 αἱ

1963 554 2147 597 remur
2183 543 2246 596 ab
2283 543 2479 597 scelera
2509 544 2566 598 in
2618 542 2889 598 Christum
2929 554 2978 597 et
3026 542 3358 601 Christianos
3394 564 3542 602 com.

1962 635 2146 687 missa.
2168 663 2239 675 ——
2265 632 2370 688 Per
2394 632 2617 705 Moysen
2647 650 2865 705 quoque
2887 634 3028 691 Deus
3050 637 3167 708 ipse
3191 639 3271 695 sic
3294 642 3536 697 clamat:

1965 741 1985 775 i
2037 721 2107 777 Et
2153 724 2619 779 circumcideinini
2670 724 2933 781 duritiem
2977 729 3160 782 cordis
3210 732 3373 786 vestri
3419 749 3433 785 :
3481 741 3539 787 et

1961 816 2235 870 cervicem
2298 832 2404 872 non
2464 817 2823 874 indurabitis.
2884 818 3024 886 Quia
3084 821 3341 878 Dominus
3395 823 3539 880 Deus

1959 916 2161 974 vester,
2190 908 2304 979 ipse
2332 918 2415 964 est
2445 908 2708 965 Dominus
2737 910 3105 976 dominorum,
3139 912 3278 968 Deus
3311 930 3540 986 magnus

1957 1010 2014 1057 et
2049 1001 2229 1067 fortis,
2273 1010 2326 1055 et
2370 1002 2657 1070 terribilis,
2707 1003 2799 1073 qui
2842 1018 2952 1058 non
3001 1006 3305 1059 admiratur
3346 1020 3536 1074 perso-

1959 1109 2110 1158 nam,
2144 1108 2325 1164 neque
2354 1094 2589 1163 accipiet
2620 1109 2817 1149 munus
2863 1095 2930 1150 ⁶².
2973 1114 2994 1149 i
3040 1096 3107 1151 Et
3147 1098 3199 1151 in
3247 1095 3487 1152 [δενίιίοο
3516 1115 3536 1154 :

1963 1204 1980 1235 ι
2020 1183 2287 1250 Quoniam
2327 1185 2670 1253 praevaricati
2719 1194 2863 1253 sunt,
2917 1194 2973 1242 et
3021 1188 3389 1257 despexerunt
3418 1203 3542 1256 me;

1956 1284 2012 1329 et
2040 1274 2301 1343 quoniam
2330 1275 2751 1331 ambulaverunt
2774 1293 2840 1332 ex
2872 1277 3103 1334 adverso
3144 1279 3274 1333 mihi
3304 1280 3371 1333 ad
3401 1280 3539 1334 sini~

1955 1376 2167 1430 stram;
2200 1367 2479 1422 ambulavi
2512 1377 2566 1423 et
2597 1369 2714 1438 ipse
2752 1385 2875 1425 cum
2908 1371 2989 1425 eis
3037 1371 3279 1426 sinistre.
3312 1371 3379 1426 Et
3413 1388 3536 1443 per-

1956 1459 2079 1513 dam
2124 1473 2219 1513 eos
2262 1458 2315 1513 in
2366 1466 2510 1513 terra
2548 1459 2893 1515 inimicorum
2946 1476 3158 1517 eorum.
3205 1462 3357 1517 Tunc
3405 1476 3546 1519 con-

1956 1546 2213 1602 fundetur
2239 1562 2337 1603 cor
2363 1563 2554 1603 eorum
2595 1549 3044 1605 incircumcisum
3072 1550 3138 1606 ".
3181 1570 3201 1604 ι
3238 1550 3365 1607 Hinc
3389 1552 3539 1607 enim

1952 1640 2021 1695 ab
2052 1639 2371 1696 Abrahamo
2398 1650 2628 1711 accepta
2664 1642 2965 1696 secundum
2991 1658 3211 1699 carnem
3242 1644 3534 1700 circumci—

244 1722 406 1792 χῶραι
436 1723 600 1794 ὑμῶν
633 1724 871 1796 ἔρημοι,
908 1726 1003 1779 καὶ
1036 1729 1093 1780 αἱ
1127 1726 1310 1790 πόλεις
1340 1728 1719 1800 πυρίκαυστοι,
1758 1730 1849 1783 καὶ

1954 1731 2036 1787 sio
2085 1732 2139 1786 in
2188 1732 2403 1801 signum
2453 1731 2579 1786 data
2628 1740 2734 1796 est,
2766 1741 2825 1786 ut
2856 1732 2923 1785 ab
2968 1732 3093 1787 aliis
3124 1734 3378 1802 gentibus
3422 1743 3534 1789 etii

246 1818 360 1879 τοῦς
389 1819 650 1888 καρποὺς
683 1818 926 1873 ἐνώπιον
966 1820 1122 1891 ὑμῶν
1164 1822 1520 1877 κατεσθίωσιν
1559 1823 1849 1894 ἀλλότριοι,

1956 1821 2113 1877 nobis
2156 1822 2377 1878 discreti
2428 1823 2573 1888 sitis,
2620 1834 2676 1878 et
2717 1824 2817 1878 soli
2863 1825 3185 1896 patiamini,
3226 1841 3348 1896 qua:
3392 1842 3539 1881 nunc

250 1911 336 1963 καὶ
356 1911 547 1981 μηδεὶς
566 1910 631 1977 ἐξ
651 1912 817 1982 ὑμῶν
838 1913 1092 1986 ἐπιϐαίνῃ
1113 1916 1194 1978 είς
1209 1916 1307 1987 τὴν
1335 1916 1691 1988 Ἰερουσαλήμ
1712 1917 1847 1987 (4‘2).

248 2004 316 2055 Οὐ
361 2004 470 2076 γὰρ
523 2004 587 2070 ἐξ
649 2005 822 2059 ἄλλου
904 2008 1047 2071 τινὸς
1112 2008 1443 2078 γνωρίζεσθε
1506 2009 1659 2081 παρὰ
1725 2011 1853 2074 τοὺς

250 2095 431 2159 ἄλλους
463 2096 842 2168 ἀνθρώπους,
878 2100 911 2169 ἢ
948 2099 1056 2151 ἀπὸ
1089 2100 1187 2170 τῆς
1223 2101 1282 2152 ἐν
1311 2100 1476 2172 σαρκὶ
1510 2101 1663 2172 ὑμῶν
1699 2119 1854 2172 περι-

247 2189 409 2259 τομῆς
434 2189 573 2259 (45).
594 2190 795 2255 Οὐδεὶς
826 2192 936 2261 γὰρ
953 2192 982 2244 ὑ
992 2191 1125 2261 μῶν,
1149 2192 1224 2256 ὡς
1247 2193 1471 2263 νομίζω,
1495 2195 1755 2267 τολμήσει
1777 2196 1854 2249 εί-

248 2282 383 2342 πεῖν,
419 2282 506 2333 ὅτι
544 2282 626 2353 μὴ
668 2283 768 2336 καὶ
804 2283 1163 2355 προγνὼστης
1194 2283 1300 2337 τῶν
1341 2285 1588 2353 γίνεσθαι
1627 2287 1852 2359 μελλόν-

246 2390 350 2427 των
373 2370 444 2445 ἦν
474 2376 577 2429 καὶ
622 2375 778 2428 ἐστιν
810 2378 840 2429 ὁ
872 2376 1007 2442 Θεὸς
1027 2417 1041 2443 ,
1070 2376 1164 2430 καὶ
1194 2376 1262 2430 τὰ
1294 2376 1420 2444 ἄξια
1454 2380 1669 2451 ἑκάστῳ
1688 2397 1854 2453 προε-

357 2525 405 2557 ⁶²
445 2525 613 2580 Deut.
648 2541 709 2591 ι,
746 2526 835 2592 16,
873 2528 964 2581 l7.
1041 2528 1086 2560 “
1121 2527 1299 2584 Levit.
1333 2543 1485 2597 xxvr,
1517 2530 1609 2596 40,
1648 2532 1740 2587 ll.

250 2694 687 2755 repugnatnrum
718 2700 780 2739 se
803 2682 1066 2739 declarat.
1106 2704 1126 2737 ι
1164 2685 1272 2741 Sed
1306 2694 1488 2741 tamen
1518 2687 1718 2754 rejecta
1749 2687 1850 2742 hac

250 2757 495 2811 liberiori
522 2755 1110 2825 emendarndigratione
1131 2755 1413 2823 legendum
1432 2758 1692 2825 opinatur
1711 2796 1726 2820 ,
1763 2757 1849 2822 Ὠς

248 2830 278 2881 ὁ
312 2828 473 2895 λόγος
507 2826 605 2879 τοῦ
644 2824 784 2878 Θεοῦ
820 2823 984 2888 ἀξιοῖ.
1016 2826 1279 2893 Equidem
1316 2841 1415 2880 cur
1446 2823 1591 2880 hunc
1618 2836 1848 2881 contex-

248 2908 363 2951 tum
416 2899 501 2950 vir
543 2897 911 2951 doctissimus
957 2896 1307 2950 immutatum
1358 2896 1510 2962 velit,
1546 2912 1651 2951 non
1692 2896 1849 2952 facile

249 2968 527 3036 intelligo,
567 2982 677 3021 nec
710 2966 831 3033 ipse
870 2968 1112 3020 rationes
1152 2981 1279 3021 suas
1322 2965 1629 3022 afferendas
1671 2968 1847 3022 duxit.

248 3038 359 3093 Cur
413 3050 607 3091 autem
662 3036 800 3089 nihil
860 3036 1260 3090 immutandum
1300 3038 1393 3097 sit,
1446 3036 1661 3091 facilius
1713 3038 1845 3092 mihi

248 3109 568 3177 perspicere
598 3108 810 3160 videor.
846 3106 999 3175 Apud
1026 3104 1302 3160 Iustinum
1330 3108 1359 3159 ὁ
1389 3106 1545 3175 λόγος
1580 3108 1675 3162 τοῦ
1710 3106 1845 3161 Θεοῦ

250 3195 395 3248 sepe
436 3178 721 3246 signiﬁcat
760 3176 999 3248 Verbum
1045 3177 1137 3231 Dei
1165 3189 1218 3232 et
1248 3177 1468 3239 Filium,
1505 3195 1649 3248 saepe
1691 3177 1845 3233 Scri-

314 3246 473 3301 uram
498 3262 747 3310 sacram,
768 3258 863 3300 aut
883 3246 1101 3314 aliquod
1127 3249 1425 3315 Scriptura:
1445 3246 1847 3304 testiinonium.

278 3320 364 3373 loc
398 3329 585 3371 autem
618 3320 740 3371 loco
769 3320 817 3370 οἱ
851 3316 997 3384 λόγοι
1045 3316 1135 3369 τοῦ
1170 3317 1303 3371 Θεοῦ
1333 3328 1459 3371 sunt
1488 3319 1601 3388 ipsa
1630 3319 1720 3374 Dei
1749 3334 1849 3374 suo

251 3392 478 3442 nomine
526 3388 817 3457 loquentis
846 3394 1034 3452 verba,
1066 3389 1192 3457 quia
1226 3388 1560 3443 videlicetin
1599 3393 1848 3443 testimo-

251 3461 361 3514 niis
408 3475 441 3511 a
489 3458 719 3513 Justino
762 3458 945 3511 allatis
985 3473 1091 3511 non
1140 3461 1403 3527 propheta
1447 3459 1709 3527 loquitur,
1752 3459 1848 3513 sed

252 3532 368 3597 ipse
415 3530 586 3582 Deus.
622 3527 769 3581 Infra
822 3546 875 3582 n.
905 3527 999 3591 28,
1035 3528 1431 3592 testimonium,
1470 3530 1526 3581 in
1570 3545 1677 3597 quo
1712 3530 1850 3583 Deus

250 3602 367 3667 ipse
402 3601 672 3670 loquitur,
732 3599 1036 3670 appellatur
1076 3614 1120 3670 ιι
1160 3597 1376 3670 Justino
1417 3597 1579 3651 αὑτοῦ
1629 3599 1851 3670 ῥήματα

250 3670 343 3723 τοῦ
379 3670 547 3722 Θεοῦ.
587 3667 755 3723 Docet
794 3667 1044 3723 Justinus
1089 3669 1243 3732 Apol.
1288 3684 1329 3731 i,
1373 3685 1428 3723 Ii.
1471 3670 1561 3734 56,
1595 3667 1850 3724 necessa-

255 3742 396 3795 rium
440 3754 573 3793 esse
610 3741 680 3793 ad
741 3740 1044 3809 Scriptura:
1090 3738 1509 3810 intelligentiam
1557 3740 1847 3810 diligenter

257 3812 542 3865 attendere
571 3808 903 3878 quibusnam
933 3810 1071 3862 locis
1100 3809 1213 3877 ipse
1246 3808 1387 3863 Deus
1414 3808 1691 3879 loquatur,
1721 3812 1849 3879 qui-

257 3883 488 3937 busnam
546 3881 839 3948 propheta:
885 3889 979 3932 aut
1017 3879 1138 3931 alia:
1188 3894 1454 3948 personae.
1497 3879 1661 3933 Nulla
1712 3894 1847 3950 ergo

260 3962 559 4006 contextus
591 3951 765 4003 nostri
803 3950 1129 4004 emendandi
1162 3964 1351 4003 causa.
1669 3995 1675 4004 .

330 4020 444 4090 με)
479 4020 792 4087 Ἑπιὸαἰνῃ
818 4022 906 4085 εὶς
924 4017 1040 4085 τὴν
1063 4018 1572 4089 ἸερουσαλήμΕι
1598 4021 1682 4075 liis
1703 4030 1853 4090 patet

261 4103 463 4161 quanta
490 4092 852 4144 adhiberetur
871 4091 1159 4161 diligent_ia
1184 4090 1237 4143 in
1261 4105 1323 4145 ea
1346 4094 1464 4159 lege
1481 4094 1847 4161 observanda,

261 4158 379 4230 qua:
407 4178 437 4214 a
468 4161 694 4215 Iustino
714 4161 872 4228 Apol.
900 4176 942 4222 I,
967 4158 1021 4214 ii.
1047 4158 1138 4227 47,
1164 4158 1610 4227 commemorata,
1633 4159 1850 4216 Judaeos

265 4235 515 4301 ingressu
542 4231 1047 4300 Hierosolymorum
1079 4230 1422 4301 prohibebat,
1458 4239 1551 4284 aut
1572 4231 1849 4301 ingressus

299 4300 498 4357 retium
550 4312 786 4355 mortem
840 4304 1187 4355 decernebat.
1220 4300 1327 4354 Sed
1368 4311 1549 4354 tamen
1585 4300 1651 4356 de
1690 4303 1850 4369 hujus

299 4318 498 4357 retium
550 4318 786 4355 mortem
840 4318 1187 4355 decernebat.
1220 4318 1327 4354 aeu
1368 4318 1549 4354 tamen
1585 4318 1650 4356 de
1690 4318 1847 4369 IiuIiis

260 4318 396 4442 Fegis
422 4372 729 4442 severitate
769 4373 989 4442 videtur
1014 4371 1231 4442 aliquid
1250 4372 1526 4441 ,deinceps
1560 4372 1847 4426 remissum

1956 1915 2149 1970 merito
2177 1916 2453 1985 patimini;
2485 1926 2650 1985 atque
2690 1925 2749 1970 ut
2776 1918 3027 1986 regiones
3074 1928 3272 1973 vestrae
3314 1919 3368 1972 in
3401 1918 3536 1973 soli—

1956 2007 2198 2061 tudinem
2235 2008 2573 2078 redigantur,
2609 2018 2665 2062 et
2688 2009 2941 2063 civitates
2968 2009 3021 2063 in
3052 2009 3203 2079 ignes
3227 2010 3532 2077 considant,

1953 2098 2243 2169 frugesque
2284 2108 2495 2156 vestras
2538 2101 2971 2171 inspectantibus
3005 2101 3160 2156 vobis
3203 2102 3366 2157 alieni
3402 2118 3539 2159 con-

1951 2201 2192 2255 sumant,
2217 2206 2318 2245 nec
2360 2193 2646 2261 quisquam
2682 2203 2922 2248 vestrum
2952 2192 3294 2250 Hierusalem
3334 2210 3532 2252 ascen-

1952 2282 2063 2337 dat.
2090 2281 2246 2337 Nulla
2271 2284 2416 2338 enim
2447 2300 2506 2341 re
2532 2285 2634 2339 alia
2666 2300 2696 2340 a
2722 2287 2939 2341 caeteris
2964 2288 3283 2343 hominibus
3343 2290 3533 2357 digno-

1952 2372 2188 2441 scimini,
2225 2374 2329 2430 nisi
2364 2384 2547 2431 vestra
2584 2375 2639 2430 in
2684 2390 2851 2432 carne
2884 2375 3042 2446 117
3085 2378 3526 2435 circumcisione.

1953 2690 2156 2736 terram
2190 2696 2343 2736 suam
2390 2700 2408 2734 ι
2451 2683 2519 2739 de
2550 2683 2847 2753 longinquo
2879 2684 3055 2741 oculis
3090 2694 3300 2741 tantum
3344 2686 3534 2741 videre

1950 2753 2301 2875 permissum.
2333 2771 2353 2804 ι
2388 2753 2665 2823 Ejusmodi
2698 2755 3013 2809 testimonia
3047 2757 3292 2811 nonnulli
3322 2759 3389 2810 de
3416 2766 3531 2811 tuta

1995 2822 2240 2875 aliestina
2273 2836 2639 2875 acceperunt:
2672 2826 2871 2875 auibus
2912 2828 3162 2875 equidem
3202 2842 3307 2875 non
3338 2842 3531 2875 assen-

1995 2822 2240 2895 alicstina
2273 2822 2639 2893 acceperunt;
2672 2826 2871 2895 quibus
2912 2828 3162 2895 equidem
3201 2842 3308 2882 non
3338 2842 3532 2882 assen-

1953 2892 2094 2965 tior;
2121 2893 2215 2965 sed
2245 2892 2491 2965 c_ertede
2529 2892 2750 2965 regione
2780 2892 3191 2952 Bellile'emitica
3230 2896 3403 2964 accipi
3433 2900 3533 2950 de-

1948 2962 2101 3034 bent.
2143 2963 2214 3016 At
2256 2961 2473 3020 Judaios
2527 2961 2727 3034 qu'arto
2772 2966 2973 3021 saeculo
3017 2966 3316 3022 Betlileeini
3353 2961 3532 3020 fuisse

1951 3033 2235 3106 discimus
2269 3048 2336 3088 ex
2379 3035 2465 3106 bis
2503 3033 3078 3106 HiCI‘OIIyvael'biS,
3115 3038 3275 3105 epist.
3316 3036 3411 3099 41,
3460 3036 3531 3089 ad

1955 3101 2272 3176 Pammiich.
2307 3116 2355 3157 et
2390 3104 2661 3176 Oceanum
2691 3101 2761 3159 ξι
2804 3102 2941 3160 Veni
2975 3101 3191 3161 rursum
3224 3107 3533 3176 Hierosoly-

1955 3188 2123 3245 inani,
2156 3175 2353 3245 inquit,
2394 3186 2450 3227 et
2486 3174 2785 3245 Bethleem.
2833 3176 2950 3243 Qui)
2978 3176 3187 3241 labore,
3214 3192 3322 3245 quo
3354 3174 3535 3245 pretio

1949 3240 2296 3315 Har-auinam
2337 3253 2667 3315 nocturnum
2692 3240 3320 3315 babuivpraiccptorei'n?
3348 3240 3529 3300 Time-

1954 3312 2049 3367 bat
2073 3314 2220 3367 enim
2243 3312 2464 3369 Judasos
2490 3324 2545 3368 et
2570 3314 2703 3367 mihi
2728 3312 2960 3369 alterum
2985 3312 3277 3370 exhibebat
3298 3315 3532 3370 Nicode-

1950 3397 2121 3436 mum.
2160 3401 2180 3434 ι
2227 3382 2350 3437 Vid.
2398 3386 2522 3439 adv.
2567 3382 2824 3453 Vigilant.
2870 3390 2973 3439 sub
3009 3388 3195 3440 linem.
3227 3385 3362 3441 Cum
3401 3384 3529 3439 Hie-

1950 3467 2180 3525 ronymo
2207 3456 2518 3525 consentire
2563 3453 2800 3525 Hilarius
2836 3455 3076 3520 videtur,
3107 3457 3201 3525 qui
3231 3459 3299 3511 de
3326 3453 3529 3510 Judaiis

1951 3524 2028 3576 ait
2051 3527 2105 3575 in
2133 3522 2282 3577 Psal.
2312 3540 2464 3589 LVIII,
2490 3540 2545 3579 ii.
2576 3525 2645 3578 12
2673 3537 2688 3576 :
2722 3541 2742 3575 ι
2775 3523 2990 3579 Amissa
3016 3522 3260 3592 civitate,
3298 3526 3530 3592 templo-

1951 3609 2057 3661 que
2084 3594 2324 3659 deserto,
2352 3597 2423 3648 et'
2438 3596 2736 3650 secundum
2763 3597 2999 3649 Romani
3028 3597 3171 3665 regis
3193 3598 3394 3659 edicta,
3419 3595 3530 3648 cir-

1951 3671 2273 3719 cumeuntes
2320 3674 2556 3730 tantum,
2600 3679 2710 3719 non
2752 3666 2918 3721 etiam
2949 3667 3201 3722 ineuntes
3248 3667 3526 3721 civitatem

1952 3735 2127 3787 fames
2157 3748 2345 3791 eos....
2379 3735 2598 3790 alliciet.
2635 3755 2655 3787 ι

2022 3806 2133 3874 (e5)
2187 3804 2329 3858 Ἀπὸ
2372 3804 2482 3875 τῆς
2528 3806 2599 3858 ὲν
2639 3806 2817 3874 σαρκὶ
2846 3804 3014 3875 ὑμῶν
3058 3804 3402 3875 περιτομῆς.
3448 3810 3529 3867 Eo

1951 3875 2215 3948 attentius
2244 3876 2654 3944 ,consideranda
2705 3878 3043 3948 hiccgsancti
3092 3878 3352 3948 martyris
3402 3896 3529 3935 sen-

1954 3946 2146 4018 tentia,
2169 3948 2313 4018 quod
2338 3960 2484 4016 saepe
2512 3948 2567 4000 in
2594 3948 2696 4002 hoc
2710 3946 2953 4018 _Dialogo
2991 3946 3273 4018 repetitur.
3305 3947 3528 4017 Ignora-

1950 4017 2153 4069 tiouem
2185 4026 2257 4088 et
2283 4015 2657 4071 inlirniitatem
2708 4015 2819 4071 Deo
2850 4015 3161 4072 Iudaeorum
3193 4015 3528 4088 allingebant

1951 4086 2306 4158 lia-.retici,_ut
2341 4090 2527 4141 videre
2565 4098 2651 4142 est
2688 4089 2830 4158 apud
2864 4089 3007 4142 lren.
3042 4089 3136 4141 lib.
3168 4103 3244 4152 Iv,
3283 4086 3348 4143 cf
3367 4091 3423 4158 4,
3456 4097 3526 4147 ob

1952 4171 2195 4229 eversam
2214 4156 2650 4229 Hierosolymam
2674 4170 2730 4210 et
2754 4157 3005 4212 Mosaica:
3022 4159 3155 4229 legis
3167 4156 3426 4229 instituta
3458 4166 3525 4217 ad

1951 4226 2254 4295 perniciem
2284 4226 2596 4282 Judaio'runi
2620 4242 2908 4282 conversa.
2935 4226 3134 4284 Contra
3157 4226 3403 4285 Justinus
3427 4232 3524 4287 Dei

1952 4298 2350 4369 providentiam
2382 4301 2433 4352 in
2475 4298 2845 4369 hocrniaxime
2873 4301 3196 4364 admiratur,
3230 4302 3373 4369 quod
3399 4318 3525 4357 cuin

1954 4367 2212 4435 pleraque
2255 4370 2505 4423 instituta
2548 4368 2677 4421 alibi
2708 4384 2875 4438 quam
2923 4367 3315 4438 Hierosolymis
3338 4374 3527 4428 obser-

261 4439 453 4498 l’uisse.
491 4440 631 4494 Nam
661 4456 729 4495 ex
756 4440 1047 4495 limerario
1091 4439 1568 4510 Burdigalensi‘et
1604 4451 1747 4496 orat.
1783 4443 1849 4496 l2
1954 4441 2072 4491 Vari
2117 4454 2224 4491 non
2261 4450 2498 4506 possent,
2527 4439 2659 4508 {ipsa
2697 4442 3071 4510 _circuinciSIo,
3107 4454 3226 4508 qua:
3257 4442 3383 4495 alibi
3425 4443 3525 4497 ob-

260 4511 679 4583 GregoriiNaz.
707 4520 765 4567 et
800 4511 1127 4582 Hieronymo
1148 4511 1211 4583 in
1254 4527 1373 4579 cap.
1408 4526 1453 4583 γι.

259 4580 468 4638 scimus
499 4581 715 4637 Judaais
752 4592 949 4651 quarto
994 4580 1215 4643 saeculo,
1253 4582 1422 4637 semel
1473 4580 1525 4651 in
1572 4597 1717 4636 anno
1758 4584 1844 4637 iii-

259 4667 487 4707 truiinni
512 4650 997 4723 Hierosolymitani
1024 4651 1123 4706 soli
1156 4665 1481 4723 concessum
1497 4650 1688 4714 fuisse,
1703 4655 1848 4721 quod

259 4728 486 4793 quidem
524 4738 633 4778 non
658 4720 912 4777 videntur
940 4723 1276 4791 impetraturi
1300 4720 1473 4777 fuisse
1498 4720 1849 4791 suSpiciosis-

261 4800 417 4850 simis
465 4795 582 4850 illis
626 4795 853 4849 secundi
897 4793 1085 4848 επιξυιί
1133 4793 1493 4861 temporibus,
1525 4808 1650 4848 cum
1687 4810 1707 4844 ι
1747 4810 1849 4849 nec

261 4870 609 4919 advenarum
653 4864 779 4931 jure
818 4872 1025 4918 terram
1071 4867 1305 4933 patriam
1355 4864 1553 4919 saltem
1588 4866 1845 4934 vestigio,

263 4949 321 4988 ut
356 4940 436 4990 ait
464 4936 847 4989 Tertullianus
874 4934 1031 5002 Apol.
1064 4934 1154 4998 16,
1186 4934 1453 4999 salutare,
1480 4948 1581 4988 nec
1608 4940 1847 5003 patrium

260 5012 438 5062 solum
474 5008 559 5059 vel
581 5020 651 5060 ex
691 5006 1017 5075 longinquo,
1051 5014 1108 5058 ut
1141 5008 1219 5059 ait
1241 5004 1427 5058 Aristo
1454 5004 1681 5075 Pellaeus
1705 5007 1848 5074 apud

260 5082 465 5133 Euseb.
530 5076 682 5130 Hm.
734 5074 830 5131 lib.
885 5074 961 5141 iv,
1013 5092 1064 5132 c.
1111 5076 1165 5140 6,
1216 5075 1533 5144 prOSpicere
1579 5093 1600 5125 ι
1637 5074 1847 5130 liceret.

258 5151 422 5203 Aliud
453 5159 545 5203 est
602 5150 656 5201 in
709 5162 819 5216 quo
868 5147 1046 5202 lenius
1100 5162 1224 5201 cum
1277 5146 1358 5199 eis
1405 5157 1586 5199 actum
1636 5146 1849 5200 videtur

261 5224 458 5274 tuisse.
500 5218 762 5273 Testatur
795 5222 946 5273 enim
975 5218 1162 5273 Aristo
1189 5216 1419 5270 Pellaeus
1449 5231 1544 5271 eos
1568 5218 1731 5270 etiam
1759 5232 1847 5270 re-

262 5308 419 5360 gione
460 5292 673 5345 circum
723 5286 1159 5360 Hiemsolyinam
1213 5294 1318 5341 sita
1346 5290 1565 5360 penitus
1594 5290 1847 5360 exclusos

260 5356 457 5417 fuisse.
495 5360 569 5414 Τὸ
619 5361 728 5413 πᾶν
772 5360 926 5422 ἔθνος
974 5356 1036 5423 ἐξ
1080 5361 1289 5411 ἐκείνου
1335 5356 1430 5410 καὶ
1473 5357 1574 5427 τῆς
1621 5357 1849 5429 περὶτὰ

274 5429 624 5505 Ἱεροσόλυμα
653 5433 767 5505 γῆς
789 5433 1026 5505 πάμπαν
1073 5429 1370 5505 ἐπιϐαίνειν
1416 5428 1724 5505 εἴργεται...
1770 5428 1846 5492 ὼς

262 5499 505 5576 iii-pq?
546 5499 646 5576 se
663 5499 911 5556 ἁιλτόπτου
962 5500 1217 5576 θεωροίεν
1372 5501 1597 5576 πάτριον
1629 5499 1842 5567 ἔδαφος.

262 5582 353 5629 Ait
383 5573 555 5629 etiam
607 5574 980 5630 Tertullianus
1018 5574 1302 5626 aau.-Jiid.
1343 5586 1465 5640 cap.
1498 5573 1568 5626 15
1612 5588 1631 5622 ι
1666 5586 1845 5624 nemi-

266 5664 389 5701 neni
428 5652 495 5701 de
529 5662 729 5716 genere
763 5644 941 5700 lsrael
973 5645 1029 5697 in
1065 5645 1289 5697 civitate
1315 5641 1598 5716 Bethleem
1626 5656 1843 5716 reiiian-

268 5734 424 5781 sisse,
460 5737 482 5770 ι
509 5713 573 5771 ac
600 5719 961 5772 interdictum
998 5728 1127 5769 esse
1160 5730 1179 5764 i
1218 5728 1287 5767 ne
1316 5715 1368 5766 iu
1402 5714 1639 5767 continio
1673 5713 1844 5780 ipsius

272 5792 506 5858 Iasionis
540 5791 865 5845 demoretur
908 5788 1201 5856 quisquam
1232 5782 1563 5852 Judazorum,
1594 5802 1615 5837 ι
1643 5787 1846 5858 eisque

1538 4512 1723 4580 ophon.
1762 4514 1847 4567 di-
1879 4512 1924 4567 D
1954 4512 2164 4580 servari
2189 4520 2422 4577 poterat,
2450 4511 2658 4563 aditum
2685 4508 2885 4565 Judaiis
2912 4512 2967 4564 in
2997 4509 3141 4563 lianc
3168 4512 3354 4564 urbem
3387 4528 3526 4580 pra:-

1951 4578 2215 4633 cluderet.
2249 4579 2737 4635 Circumcisionem
2774 4580 3080 4634 institutam
3119 4581 3310 4645 fuisse,
3344 4578 3403 4634 ιιι
3427 4580 3525 4635 Ju-

1950 4650 2051 4703 daai
2097 4655 2166 4704 ab
2221 4653 2344 4706 aliis
2399 4653 2655 4719 gentibus
2707 4663 3161 4715 secernerentur,
3221 4652 3524 4719 scriptores

1948 4722 2171 4788 plurimi
2203 4722 2409 4778 dixere.
2444 4724 2549 4775 Sed
2588 4722 2734 4790 quod
2763 4722 3070 4775 institutam
3098 4723 3229 4775 dicit
3253 4719 3522 4789 Justinus,

1950 4801 2012 4844 ut
2050 4793 2151 4845 hac
2186 4800 2311 4846 nota
2365 4792 2611 4847 distincti
2661 4792 3006 4861 punirentur,
3052 4793 3104 4846 id
3152 4792 3523 4848 Tertullianus

1951 4862 2198 4917 imitatur
2235 4864 2287 4916 in
2336 4865 2478 4919 libro
2522 4864 2643 4914 adv.
2684 4862 2815 4916 Jud.
2850 4877 2971 4930 eap.
3007 4863 3043 4915 5
3093 4879 3106 4915 :
3147 4880 3166 4913 ι
3206 4863 3335 4915 Dari
3373 4866 3522 4917 enim

1949 4933 2214 5001 habebat,
2249 4934 2448 5004 inquit,
2483 4933 2855 4996 circumcism,
2880 4935 2974 4987 sed
3007 4936 3061 4985 in
3092 4934 3337 5004 signum;
3378 4936 3522 4989 unde

1948 5004 2119 5058 lsrael
2174 5009 2228 5059 in
2282 5006 2581 5060 novissimo
2644 5014 2889 5071 tempore
2952 5004 3201 5074 digiioscl
3257 5005 3520 5068 haberet,

1948 5076 2166 5142 quando
2193 5079 2491 5129 secundum
2520 5090 2617 5128 sua
2655 5088 2847 5127 merita
2879 5076 2932 5128 in
2963 5085 3207 5128 sanctam
3241 5077 3521 5129 eiVItatein

1950 5145 2157 5213 ingredi
2196 5148 2690 5216 prohiberetur...”
2722 5144 2846 5199 Haec
2893 5147 3059 5215 igitur
3093 5146 3186 5200 Dei
3230 5146 3521 5210 providen-

1952 5224 2026 5268 tia
2078 5218 2201 5283 fuit,
2258 5219 2421 5271 dandi
2478 5218 2955 5271 circuiiicisionein
3004 5218 3168 5271 lsrael
3205 5219 3259 5270 in
3306 5217 3520 5286 signum

1949 5286 2091 5339 unde
2137 5290 2380 5358 dignosci
2426 5299 2633 5356 posset,
2665 5304 2788 5341 cum
2822 5290 3103 5342 adveniret
3142 5298 3377 5356 tempus,
3412 5302 3520 5355 quo

1948 5360 2159 5413 meritis
2212 5361 2327 5415 suis
2378 5374 2543 5428 supra
2595 5359 2757 5413 dictis
2805 5358 2860 5412 in
2911 5358 3248 5413 Hierusalem
3299 5361 3516 5411 admitti

1947 5436 2351 5495 prohiberetur.
2405 5448 2427 5483 ι
2464 5430 2633 5485 Forte
2680 5432 2732 5482 in
2774 5434 3021 5485 eamdem
3061 5429 3390 5484 sententiain
3423 5444 3517 5482 ac-

1947 5500 2056 5566 cipi
2098 5502 2261 5554 debet
2302 5504 2449 5569 quod
2493 5505 2571 5555 ait
2611 5500 2849 5557 [renatus
2884 5503 2975 5555 lib.
3008 5516 3085 5566 Iv,
3118 5516 3239 5568 cap.
3292 5500 3380 5564 l6,
3409 5500 3520 5552 cir-

1947 5572 2341 5627 cuincisioneiu
2394 5576 2447 5628 in
2497 5576 2658 5643 signo
2701 5573 2917 5642 datam,
2964 5590 2985 5626 t
3048 5584 3106 5627 ιιι
3152 5570 3519 5642 cognoscibile

1945 5652 2262 5766 ﬁel'isfveret
2312 5660 2483 5717 genus
2528 5642 2790 5701 Abralne.
2839 5663 2861 5698 ι
2899 5642 3019 5701 Viti.
3065 5644 3164 5701 lib.
3204 5658 3290 5711 ιιι,
3322 5660 3374 5699 c.
3427 5644 3516 5708 l2,
