4006 6254
503 350 607 407 511

1401 348 1458 403 s.
1499 345 1763 404 JUSTlNl
1801 328 2213 406 PlllLOSOPHl
2252 349 2339 404 ET
2372 348 2731 408 MARTYRIS

3650 351 3770 407 512

494 468 779 523 Neminem
830 466 973 520 enim
1015 476 1258 522 vestrum
1302 466 1418 522 fore
1462 468 1720 531 arbitror,
1752 469 1841 538 qui
1874 484 2052 538 negari

2172 469 2467 538 τοιμάζων.
2510 471 2619 523 Καὶ
2650 472 2779 543 ὑμῖν
2811 466 2905 525 οὖν
2954 471 3128 527 ταῦτα
3176 473 3357 539 καλῶς
3392 474 3486 529 καὶ
3528 477 3766 544 δικαίως

494 557 691 611 audeat
724 556 1009 625 praescium
1040 571 1163 612 esse
1207 566 1262 611 et
1296 556 1462 610 fuisse
1509 554 1822 611 futurorum
1872 556 2065 623 Deum,

494 667 559 706 ac
585 652 744 720 digna
773 651 971 718 cuique
999 652 1220 722 praemia
1254 666 1583 721 praeparare.
1617 650 1786 706 Recte
1827 650 1988 720 igitur
2009 656 2067 705 et

492 746 691 801 merito
717 746 831 801 haec
856 745 1009 800 vobis
1035 756 1357 800 evenerunt.
1378 746 1668 802 Occidistis
1690 746 1834 800 enim
1859 746 2063 814 justum

490 846 547 890 et
576 846 701 890 ante
733 850 857 890 eum
898 836 1192 905 prophetas
1227 835 1376 903 ejus;
1411 846 1467 890 et
1505 852 1649 892 nunc
1678 851 1790 900 eos,
1818 837 1909 906 qui
1942 851 2067 905 spe-

491 938 617 982 rant
658 928 711 981 iu
744 927 890 981 illam
920 936 975 982 et
1024 928 1078 981 in
1111 942 1383 982 summum
1416 927 1620 1000 Regem
1666 937 1723 984 et
1759 937 2065 984 creatorem

489 1019 867 1073 universorum
914 1019 1104 1084 Deum,
1138 1034 1167 1073 a
1191 1035 1300 1088 quo
1334 1020 1532 1076 missus
1560 1030 1665 1088 est,
1695 1021 2061 1089 aspernamini

487 1119 542 1164 et
582 1122 845 1179 quantum
894 1110 947 1164 in
986 1111 1140 1167 vobis
1179 1122 1265 1167 est
1293 1110 1510 1168 allicitis
1540 1113 1897 1176 contumelia,
1928 1114 2063 1171 diris

485 1211 749 1256 voventes
779 1203 830 1255 in
859 1202 1154 1273 synagogis
1180 1204 1379 1258 vestris
1420 1218 1513 1260 eos
1558 1204 1651 1274 qui
1699 1205 1754 1260 in
1783 1204 2061 1260 Christum

485 1292 734 1347 credunt.
780 1291 966 1361 Neque
1014 1294 1157 1348 enim
1197 1308 1263 1349 ea
1311 1296 1465 1351 vobis
1501 1296 1658 1351 adest
1699 1304 1962 1366 potestas,
2004 1305 2063 1352 ut

485 1400 682 1439 manus
712 1384 870 1439 nobis
900 1384 1170 1452 inferatis,
1202 1397 1426 1457 propter
1462 1402 1556 1443 eos
1586 1389 1677 1458 qui
1708 1404 1855 1444 nunc
1881 1403 2062 1446 rerum

482 1476 805 1545 potiuntur;
842 1480 1059 1548 quoties
1095 1488 1279 1534 autem
1326 1477 1523 1545 adfuit,
1558 1494 1673 1534 rem
1722 1482 2063 1539 confecistis.
2098 1528 2101 1529 ν

482 1573 784 1643 Propterea
824 1573 967 1628 Deus
1000 1574 1066 1628 ad
1108 1589 1202 1628 vos
1233 1573 1435 1629 clamat
1470 1590 1565 1644 per
1601 1576 1793 1630 Isaiam
1826 1576 2061 1645 prophe-

483 1672 621 1729 tam,
650 1666 737 1719 his
775 1666 951 1720 verbis
994 1683 1007 1718 :
1042 1686 1059 1717 ι
1090 1660 1282 1720 Videte
1305 1666 1577 1735 quomodo
1600 1668 1760 1735 periit
1782 1667 1983 1736 justus,
2009 1676 2064 1724 et

2169 558 2392 628 γέγονεν
2413 600 2427 625 ,
2462 562 2818 617 ἀπεκτείνατε
2850 563 2959 635 γὰρ
2999 564 3091 617 τὸν
3127 564 3365 630 δίκαιον,
3399 568 3493 620 καὶ
3524 569 3627 641 πρὸ
3656 572 3767 625 αὖ·

2167 650 2259 705 τοῦ
2282 653 2406 718 τοὺς
2423 656 2708 727 προφήτας
2724 655 2907 710 αὐτοῦ’
2945 657 3039 711 καὶ
3070 656 3165 711 νῦν
3181 660 3306 723 τοὺς
3327 660 3641 727 ἐλπίζοντας
3666 661 3763 717 ἐπ’

2167 745 2349 810 αὑτὸν,
2368 748 2568 801 καὶτὸν
2587 747 2874 820 πέμψαντα
2892 751 3052 805 αὑτὸν
3069 755 3479 825 παντοκράτορα
3496 756 3586 809 καὶ
3604 773 3763 826 ποιη-

2165 837 2266 908 τὴν
2287 837 2394 891 τῶν
2419 838 2555 892 ὅλων
2584 839 2714 893 Θεὸν
2750 842 3009 907 ἀθετεῖτε,
3034 844 3126 897 καὶ
3148 846 3269 899 ὅσον
3292 847 3376 915 ἐφ’
3395 847 3521 917 ὑμῖν
3550 849 3761 918 ἀτιμάο

2168 928 2306 995 ζετε,
2325 932 2701 1004 καταρώμενοι
2736 934 2845 1007 (44)
2870 938 2927 990 ἐν
2948 940 3067 1003 ταῖς
3094 942 3433 1008 συναγωγαῖς
3458 942 3487 993 ὑ
3495 940 3611 1012 μῶν
3625 944 3761 1007 τοὺς

2168 1026 2520 1092 πιστεύοντας
2550 1030 2643 1083 ἐπὶ
2675 1030 2767 1084 τὸν
2795 1031 3051 1102 Χριστόν.
3081 1033 3154 1085 Οὐ
3182 1032 3292 1104 γὰρ
3322 1033 3571 1099 ἐξουσίαν
3596 1034 3761 1106 ἔχετε

2167 1119 2482 1192 αὐτόχειρες
2511 1122 2765 1190 γενέσθαι
2796 1125 2952 1196 ἡμῶν
2984 1126 3072 1179 διὰ
3106 1128 3232 1192 τοὺς
3264 1126 3358 1181 νῦν
3391 1129 3762 1201 ἐπικρατοῦν-

2166 1226 2283 1273 τας.
2316 1210 2535 1277 Ὁσάκις
2550 1213 2607 1267 δὲ
2625 1213 2692 1268 ἂν
2708 1215 3020 1288 ἐδυνήθητε,
3041 1218 3133 1271 καὶ
3150 1218 3305 1273 τοῦτο
3321 1221 3592 1293 ἐπράξατε
3613 1222 3757 1295 (45).

2165 1301 2258 1355 Διὸ
2309 1302 2402 1355 καὶ
2445 1304 2619 1375 ἐμϐοᾷ
2660 1306 2789 1377 ὑμῖν
2837 1307 2867 1359 ὁ
2923 1307 3054 1373 Θεὸς
3114 1310 3202 1364 διά
3249 1312 3341 1365 τοῦ⁹
3387 1314 3607 1368 Ἡσαΐου
3666 1316 3763 1370 λέ-

2165 1409 2299 1461 γωνο
2339 1413 2359 1445 ι
2405 1395 2571 1449 Ἴδετε
2600 1396 2676 1461 ὡς
2711 1400 2740 1450 ὁ
2771 1397 2978 1464 δίκαιος
3009 1400 3256 1456 ἀπώλετο
3278 1444 3293 1469 ,
3326 1405 3417 1458 καὶ
3446 1405 3617 1469 οὐδεὶς
3652 1426 3760 1461 κα-

2164 1488 2343 1539 τανοεῖ
2373 1486 2504 1560 (46).
2534 1490 2668 1543 Ἀπὸ
2699 1491 2809 1561 γὰρ
2847 1493 3140 1565 προσώπου
3183 1496 3284 1568 τῆς
3331 1498 3544 1564 ἀδικίας
3580 1497 3756 1572 ἦρται

2163 1578 2192 1629 ὁ
2212 1575 2435 1642 δίκαιος.
2460 1580 2651 1635 Ἔσται
2683 1582 2742 1636 ἐν
2773 1584 2963 1657 εἰρήνῃ
2994 1587 3025 1656 ή
3062 1585 3207 1657 ταφὴ
3251 1586 3436 1653 αὑτοῦ,
3471 1584 3635 1661 ἦρται
3685 1592 3755 1644 ἐκ

2164 1665 2255 1719 τοῦ
2308 1668 2493 1739 μέσου.
2537 1671 2727 1743 Ὑμεῖς
2775 1676 3153 1746 προσηγάγετε
3196 1670 3321 1742 ὦδε,
3366 1680 3473 1732 υἱοὶ
3516 1680 3751 1754 ἄνομοι,

481 1770 645 1810 nemo
692 1757 1024 1811 considerat.
1066 1757 1111 1809 A
1155 1755 1294 1811 facie
1329 1756 1648 1826 ,iniquitatis
1695 1759 1939 1815 sublatus
1974 1770 2052 1818 est

2166 1760 2387 1832 σπέρμα
2423 1764 2625 1835 μοιχῶν
2669 1766 2761 1819 καὶ
2794 1767 2957 1820 τέκνα
2991 1768 3217 1841 πόρνης.
3259 1772 3349 1824 Ἐν
3382 1772 3483 1825 τίνι
3526 1776 3755 1845 ἐνετρυ-

477 1844 676 1914 justus.
717 1846 835 1900 Erit
878 1847 930 1900 in
969 1861 1102 1916 pace
1130 1846 1415 1915 sepultura
1451 1847 1599 1917 ejus;
1632 1848 1877 1905 sublatus
1912 1860 2052 1906 este

2160 1829 2324 1922 φᾶτε,
2357 1829 2451 1907 κα).
2483 1829 2576 1907 ἐπὶ
2613 1854 2734 1909 τίνα
2769 1857 3014 1927 ήνοίξατε
3055 1829 3117 1912 τὸ
3154 1829 3354 1932 στόμα,
3387 1863 3481 1916 καὶ
3521 1864 3614 1917 ἐπὶ
3644 1829 3755 1920 τίνι

479 1933 683 1987 medio.
730 1932 837 1987 Vos
881 1946 1061 1989 autem
1108 1935 1214 1989 huc
1250 1934 1484 2003 prodite,
1513 1934 1606 1990 lilii
1642 1938 1837 2007 iniqui,
1869 1953 2052 1997 semen

2162 1943 2465 2015 ἐχαλάσατε
2495 1945 2594 2017 τὴν
2620 1945 2904 2015 γλῶσσαν;
2950 1968 2969 2000 ι

480 2026 851 2083 adulterorum
894 2037 949 2083 et
993 2028 1089 2084 ﬁlii
1135 2027 1458 2084 fornicarize.
1493 2026 1551 2083 ιιι
1594 2043 1700 2099 quo
1733 2030 1956 2097 lusistis,
2020 2042 2077 2091 et
2108 2050 2273 2106 super
2308 2051 2470 2106 quem
2538 2054 2600 2093 os
2660 2039 2972 2109 aperuistis,
3011 2048 3067 2094 et
3104 2056 3269 2112 super
3308 2058 3467 2113 quem
3505 2044 3751 2114 linguam

477 2123 703 2179 laxastis
729 2121 805 2175 “?
838 2140 857 2174 ι

551 2240 640 2295 17.
683 2240 862 2294 Judaei
914 2251 1173 2294 miserunt
1226 2242 1282 2294 in
1323 2250 1491 2295 totum
1549 2242 1724 2297 orbem
1766 2244 1859 2315 qui
1901 2244 2059 2300 Chri-

476 2332 665 2385 stianis
684 2333 904 2409 crimina
925 2334 1248 2405 aﬁingerent.
1265 2363 1334 2374 —-
1351 2333 1464 2389 Non
1488 2337 1631 2390 enim
1658 2337 1871 2405 injuriae
1899 2340 2058 2395 nobis

476 2435 535 2480 et
559 2425 777 2480 Christo
802 2426 964 2482 illatre
998 2437 1146 2482 tanta
1202 2430 1257 2482 in
1288 2428 1411 2482 aliis
1442 2430 1693 2495 gentibus
1723 2429 1883 2499 culpa
1920 2432 2057 2487 resi-

476 2518 591 2583 det,
633 2528 837 2587 quanta
868 2520 921 2573 in
954 2522 1130 2586 vobis,
1171 2522 1263 2591 qui
1292 2522 1398 2577 illis
1428 2522 1592 2577 etiam
1638 2523 1958 2593 anticipatae
1986 2525 2055 2580 de

471 2608 621 2677 justo
651 2621 702 2665 et
735 2612 801 2665 de
827 2613 1005 2677 nobis,
1033 2614 1125 2682 qui
1160 2614 1227 2668 ab
1269 2629 1335 2669 eo
1368 2615 1477 2669 orti
1517 2629 1725 2679 sumus,
1753 2615 1910 2669 mala:
1939 2617 2055 2685 opi-

478 2700 659 2756 nionis
691 2711 942 2757 auctores
966 2704 1123 2758 estis.
1183 2702 1477 2772 Postquam
1513 2703 1659 2757 enim
1690 2703 1865 2757 solum
1898 2703 2051 2759 illum

478 2787 811 2859 inculpatum
835 2802 889 2846 et
920 2791 1129 2861 justum
1179 2792 1481 2858 hominem,
1532 2791 1690 2862 cujus
1737 2792 2055 2848 vulneribus

475 2893 762 2948 sanantur,
805 2886 893 2953 qui
946 2901 1041 2955 per
1085 2900 1210 2940 eum
1239 2886 1304 2940 ad
1343 2886 1557 2941 Patrem
1583 2886 1875 2951 accedunt,
1899 2887 2051 2942 cruci

474 2969 763 3041 atlixistis;
804 2992 926 3030 cum
971 2992 1094 3031 eum
1147 2978 1367 3032 sciretis
1416 2994 1482 3033 ex
1534 2980 1765 3033 mortuis
1806 2992 2051 3033 resurre-

474 3063 621 3119 xisse
648 3074 703 3121 et
751 3068 804 3122 in
847 3068 1043 3123 caelum
1103 3072 1438 3135 ascendisse,
1480 3080 1539 3125 ut
1574 3071 1878 3141 prophetiae
1902 3068 2049 3124 futu-

2237 2223 2325 2278 17.
2360 2225 2471 2295 Οὐχ
2493 2225 2665 2289 οὕτως
2692 2227 2802 2299 γὰρ
2850 2227 2917 2281 τὰ
2950 2227 3085 2281 ἄλλα
3126 2227 3252 2299 ἔθνη
3295 2230 3376 2293 είς
3418 2233 3625 2306 ταύτην
3650 2234 3754 2306 τὴν

2164 2318 2379 2372 ἀδικίαν
2418 2318 2515 2391 τὴν
2567 2320 2647 2384 εἰς
2700 2322 2847 2392 ἡμᾶς
2892 2324 2987 2376 καὶ
3030 2324 3121 2377 τὸν
3161 2325 3398 2395 Χριστὸν
3443 2328 3748 2398 ἐνέχονται,

2162 2409 2286 2462 ὃσον
2314 2409 2492 2479 ὑμεῖς,
2509 2402 2590 2473 οἷς
2607 2411 2880 2477 κάκείνοις
2894 2413 3004 2485 (47)
3030 2415 3128 2485 τῆς
3153 2415 3292 2469 κατά
3314 2416 3403 2470 τοῦ
3425 2418 3633 2473 δικαίου
3655 2424 3753 2477 καὶ

2162 2501 2319 2573 ἡμῶν
2334 2501 2443 2555 τῶν
2459 2502 2553 2557 ἀπ’
2578 2503 2810 2569 ἐκείνου,
2829 2507 3004 2578 κακῆς
3026 2507 3347 2579 προλήψεως
3378 2512 3538 2567 αἴτιοι
3570 2516 3752 2587 ὑπάρ-

2162 2611 2306 2665 χετε.
2330 2596 2483 2650 Μετὰ
2504 2597 2614 2668 γάρ
2654 2598 2714 2650 τὸ
2763 2600 3072 2671 σταυρῶσαι
3107 2602 3252 2672 ὑμᾶς
3287 2606 3495 2658 ἐκεῖνον
3515 2606 3605 2659 τὸν
3644 2609 3748 2679 μό-

2161 2704 2251 2741 νον
2271 2687 2499 2760 ἄμωμον
2521 2689 2617 2743 κα).
2634 2688 2843 2743 δίκαιον
2872 2691 3183 2763 ἄνθρωπον,
3217 2694 3284 2748 δι’
3323 2690 3385 2750 οὗ
3420 2696 3527 2749 τῶν
3553 2698 3750 2768 μωλώο

2157 2798 2273 2835 πων
2320 2781 2462 2846 ἴασις
2499 2782 2708 2851 γίνεται
2760 2787 2873 2848 τοῖς
2931 2785 2999 2839 δι’
3030 2786 3193 2842 αὑτοῦ
3242 2790 3334 2843 ἐπ)⁵
3384 2792 3474 2845 τὸν
3519 2793 3750 2865 Πατέρα

2156 2872 2569 2945 προσχωροῦσιν
2615 2874 2762 2946 (48),
2824 2876 3012 2949 ἐπειδὴ
3066 2877 3345 2947 ἐγνώκατε
3396 2882 3558 2936 αὐτὸν
3610 2886 3751 2939 ἀνα-

2154 2966 2356 3021 στάντα
2391 2970 2455 3021 ἐκ
2497 2967 2737 3038 νεκρῶν,
2770 2970 2863 3023 καὶ
2900 2972 3177 3026 ἀναϐάντα
3215 2976 3296 3039 εἰς
3352 2976 3442 3029 τὸν
3486 2976 3744 3047 οὐρανὸν,

2151 3068 2227 3130 ώς
2254 3069 2310 3119 αἱ
2342 3069 2668 3139 προφητεῖαι
2700 3070 3045 3141 προεμήνυον
3072 3072 3456 3143 γενησόμενον,
3483 3074 3543 3125 οὐ
3578 3075 3747 3145 μόνον

475 3169 595 3210 rum
629 3160 1016 3227 praedicabant,
1051 3177 1161 3218 non
1216 3163 1376 3218 modo
1408 3163 1795 3233 paenitentiam
1846 3161 2048 3217 admis-

2157 3161 2211 3214 οὐ
2248 3162 2613 3233 μετενοήσατε
2649 3160 2761 3233 (49)
2784 3164 2887 3232 ἐφ’
2918 3157 3000 3227 οἷς
3053 3164 3329 3237 ἐπράξατε
3370 3166 3557 3229 κακῶς
3598 3166 3745 3237 (50).

546 3296 594 3329 “
631 3296 734 3353 lsa.
768 3313 901 3366 LVII,
931 3300 1044 3354 1-4.

572 3532 661 3607 45)
696 3536 805 3591 Καὶ
841 3532 1012 3588 ⁴ὶόὗτο
1044 3535 1357 3607 ἐπράξατε,
1385 3536 1582 3589 Eadem
1625 3532 1827 3607 Judais
1853 3547 2051 3604 expro-

476 3603 600 3669 brat
635 3603 774 3661 infra
804 3621 951 3660 num.
982 3603 1184 3663 155.7et
1215 3606 1370 3670 Apol.
1415 3621 1454 3668 ι,
1484 3620 1631 3657 ιιιιιιι.
1666 3604 1757 3658 51.
1788 3603 1939 3659 issit.

549 3680 660 3750 (46)
704 3676 817 3731 Καὶ
857 3676 1051 3750 οὐδεὶς
1086 3676 1392 3750 ἐκδέχεται
1411 3673 1518 3750 τῇ·
1541 3674 1774 3743 καρδίᾳ,
1816 3674 1913 3750 καὶ
1940 3674 2045 3750 ᾄγ-

473 3743 610 3821 δρές
639 3743 851 3821 δίκαιοι
889 3747 1174 3821 ατρονται,
1355 3744 1559 3821 ρῠδξὶς
1588 3743 1881 3821 κατανοεῖ,
1910 3745 2043 3799 edit.

476 3814 736 3878 leniensis.
775 3818 900 3872 Hmc
925 3820 1113 3879 verba,
1141 3817 1319 3884 inquit
1354 3816 1416 3869 D.
1452 3814 1603 3877 Otto,
1633 3818 1683 3868 in
1719 3815 1875 3869 codd.
1912 3830 2042 3868 mss.

474 3906 529 3947 et
554 3891 716 3947 editis
764 3903 867 3942 non
913 3897 1270 3955 comparent,
1326 3886 1420 3940 sed
1463 3887 1715 3954 leguntur
1768 3884 1951 3955 2.110
1984 3894 2044 3938 et

476 3960 630 4028 Apol.
664 3958 705 4022 l,
744 3975 794 4013 c.
829 3958 921 4011 48.
961 3952 1051 4010 Ει’
1075 3958 1382 4028 rectissime
1436 3952 2045 4028 contendit_Thirlhius

483 4026 573 4087 illa
616 4046 644 4084 a
691 4029 938 4092 librario,
976 4042 1081 4080 non
1138 4042 1167 4080 a
1216 4026 1433 4081 Justino
1482 4026 1844 4096 praetermissa
1879 4040 2045 4096 esse;

474 4116 667 4166 nempe
689 4102 903 4166 errandi
935 4112 1121 4151 ansam
1148 4098 1295 4149 dedit
1319 4095 1601 4165 repetitum
1627 4097 1719 4149 καὶ
1744 4095 1939 4160 οὐδείς.

546 4170 659 4241 (47)
692 4165 793 4234 Οἷς
816 4169 1133 4241 κάκείνοις.
1165 4167 1257 4220 Sic
1292 4166 1660 4241 Inss.jcodices
1687 4166 1827 4241 et_R.
1856 4166 2044 4241 Steph.

476 4236 759 4299 Editiones
805 4237 1239 4292 Graeco—Latina:
1285 4236 1333 4289 οἳ
1379 4236 1677 4300 κάκείνοις.
1736 4236 2047 4306 Legendum

474 4313 697 4381 coniicit
728 4311 792 4363 R.
827 4310 908 4362 St.
938 4307 1216 4381 κάκείνης.

546 4376 657 4456 (48)
696 4376 1182 4456 μροοςχωροῦσιν.
1235 4378 1326 4431 Sic
1371 4378 1718 4456 emendatum
1743 4376 1811 4456 _in
1850 4377 2048 4431 editio-

473 4449 649 4510 nibus’
696 4450 1095 4505 Parisiensibus
1143 4464 1239 4518 pro
1291 4463 1356 4500 eo
1381 4450 1521 4516 quod
1569 4456 1691 4501 erat
1743 4449 1795 4518 in
1831 4458 2045 4518 mss.7et

473 4526 617 4594 apud
659 4522 724 4578 R.
770 4518 1103 4594 Stephanum
1144 4516 1519 4594 ‘wpoxmpouct.
1569 4519 1660 4594 Sic
1706 4516 1872 4572 etiam
1904 4517 2046 4572 infra

474 4589 674 4663 legitur
714 4610 771 4647 ιι.
799 4591 977 4663 43,_ut
1008 4589 1319 4643 observant
1344 4590 1682 4663 Sylburgius.

547 4665 654 4737 (49)
694 4664 775 4717 Οὺ
822 4661 1027 4737 μύξῃ-ως-
1066 4663 1145 4737 οὺ.
1169 4658 1590 4737 μετενοῇσατε.
1645 4658 1798 4722 llnnc
1845 4664 2047 4737 Justini

472 4730 652 4790 locum
684 4731 959 4787 transtulit
992 4730 1255 4784 Eusebius
1281 4732 1332 4782 in
1361 4732 1557 4784 librum
1586 4742 1843 4794 quartum
1866 4735 2050 4789 Histo-

472 4810 568 4860 ria:
606 4821 720 4858 suae
763 4818 884 4867 cap.
917 4802 1001 4853 18.
1054 4800 1275 4867 Legitur
1309 4811 1489 4853 autem
1524 4797 2048 4858 inEusebiicontex—

746 4874 865 4926 όνον
893 4871 1040 4924 δὲού
1084 4872 1467 4993 μετενοήσατε,
1510 4872 1605 4925 sed
1650 4878 2047 4931 vetustissimus

746 4944 1023 4997 ilbertiuns
1047 4952 1103 4995 et
1136 4943 1243 4994 duo
1310 4944 1463 4999 tertii.
1518 4958 1751 4999 quorum
1799 4948 1938 4999 alter
1963 4956 2046 4999 est

1337 4958 1463 5011 egll,
1518 4958 1751 5009 quorum
1799 4958 1938 5001 {llle
1963 4961 2021 5000 es

480 3462 485 3467 ’
572 3467 663 3534 44)
690 3466 1118 3534 Καταρώμενοι.
1171 3463 1476 3519 Vidcinl‘ra
1508 3478 1658 3519 num.
1690 3462 1814 3517 1'52.

550 3466 661 3611 (45)
696 3536 805 3611 Καὶ
841 3535 1357 3611 τοῦτοξξπράξατε..
1385 3536 1582 3589 Eadem
1625 3532 1814 3611 Judasig

475 4884 532 4931 ιιι
599 4876 659 4929 οὐ

473 4948 643 4999 codex
673 4943 1023 4997 Colbertiuns
1047 4952 1103 4995 et
1136 4943 1243 4994 duo

472 5018 636 5071 etiam
686 5014 845 5088 valde
883 5012 1409 5088 antiquus,_babent
1457 5011 1518 5064 οὐ
1575 5012 1734 5088 μόνον
1776 5015 1833 5069 δὲ
1886 5033 2046 5088 μετε-

472 5088 724 5157 νοήσατε.
756 5084 934 5157 atque
959 5083 1075 5157 huic
1099 5083 1317 5149 quidem
1353 5082 1606 5157 loquendi
1634 5086 1772 5139 ratio
1797 5082 1918 5141 cum
1944 5101 2045 5140 nec

472 5152 730 5210 inusitata
756 5152 969 5208 Jostino
1000 5154 1121 5214 fuit.
1164 5163 1220 5206 ut
1252 5153 1488 5221 perspici
1521 5162 1700 5219 potest
1727 5170 1792 5209 ex
1823 5157 2041 5211 Cohorl.

472 5241 623 5279 nuru.
677 5225 740 5291 9,
788 5241 888 5277 nec
940 5239 969 5275 a
1029 5225 1512 5291 grammaticorum
1570 5227 2046 5281 observationibus

471 5296 713 5355 absona;
765 5296 857 5361 qui
913 5309 1073 5347 unam
1110 5296 1451 5360 negationem
1487 5294 1538 5346 in
1592 5294 1857 5363 ejusmodi
1901 5299 2043 5351 locis

472 5366 616 5421 idem
646 5366 918 5419 interdum
943 5380 1004 5417 ac
1032 5367 1167 5417 duas
1199 5375 1253 5417 et
1276 5367 1416 5433 apud
1451 5362 1670 5419 Graecos
1692 5378 1745 5420 et
1769 5370 1913 5436 apud
1942 5368 2044 5421 La-

471 5437 618 5490 tinos
649 5437 831 5489 valere
857 5436 1148 5499 dixerunt;
1181 5444 1291 5487 tum
1327 5450 1455 5488 vero
1496 5452 1561 5489 ex
1604 5438 1707 5491 hac
1741 5453 1872 5492 mss.
1900 5439 2043 5492 codi-

472 5522 619 5569 cum,
653 5506 955 5575 prazsertim
1012 5506 1527 5569 vetustissimorum,
1568 5508 1898 5563 auctoritate
1920 5510 2043 5577 plu-

472 5578 670 5631 rimum
700 5577 827 5629 mihi
858 5577 1072 5629 Videtur
1117 5577 1371 5644 ponderis
1408 5578 1631 5631 habere.
1674 5577 2042 5645 lniprobabile

470 5661 697 5714 prorsus
725 5658 807 5701 est
839 5647 1131 5699 secundam
1178 5657 1547 5711 negationem,
1596 5650 1642 5702 si
1683 5664 1713 5700 a
1742 5648 1958 5704 Justino
1984 5659 2042 5704 et

472 5716 708 5770 Eusebio
761 5717 1008 5771 adhibita
1059 5715 1277 5777 fuisset,
1325 5729 1651 5783 etpunctatn
1702 5735 1733 5771 a
1796 5720 2041 5774 librariis

474 5784 641 5842 fuisse
665 5802 731 5842 ex
754 5786 1056 5853 codicibus,
1089 5786 1141 5841 in
1172 5786 1368 5856 quibus
1394 5803 1536 5845 nunc
1587 5805 1695 5845 non
1738 5790 2032 5861 reperitur.

2152 3463 2221 3517 At
2242 3476 2355 3533 cur,
2377 3476 2497 3515 eam
2524 3462 2577 3516 in
2610 3462 2915 3525 codicibus,
2964 3463 3019 3518 in
3065 3464 3266 3533 quibus
3288 3476 3491 3529 exstat.
3514 3471 3749 3529 addide-

2152 3534 2264 3587 rint
2286 3574 2301 3599 ,
2346 3532 2398 3585 in
2428 3543 2684 3605 promptu
2714 3547 2880 3586 causa
2902 3541 3016 3605 est;
3048 3532 3306 3605 nimirum
3342 3540 3487 3605 quod
3518 3554 3641 3594 eam
3679 3548 3745 3599 ad

2152 3617 2371 3681 sensum
2400 3603 3102 3681 necessariamcrederent.
3128 3604 3270 3681 _Hinc
3293 3603 3461 3681 etiam
3490 3609 3742 3681 codices,

2152 3673 2207 3726 in
2237 3674 2437 3740 quibus
2468 3673 2585 3743 dua;
2615 3673 2932 3743 negationes
2965 3673 3338 3743 reperiuntur,
3369 3678 3513 3731 inter
3539 3695 3598 3733 se
3628 3673 3741 3739 non

2152 3743 2526 3824 consentiunt.
2559 3742 2782 3824 Legitur
2808 3742 3039 3824 enimio
3066 3760 3175 3798 uno
3202 3759 3268 3799 ex
3302 3747 3486 3813 Regiis
3512 3767 3525 3803 :
3554 3751 3616 3824 οὐ
3651 3754 3749 3824 μό-

2148 3830 2236 3866 νον
2268 3812 2335 3885 δὲί
2357 3812 2478 3865 οὐδὲ
2512 3814 2894 3885 μετενοήσατε.
2916 3812 3139 3869 Videtur
3162 3831 3294 3881 ergo
3321 3812 3743 3885 germanissi'ma

2150 3899 2271 3937 esse
2326 3884 2634 3965 hlujusnloci
2695 3886 2962 3965 scriptura
2995 3924 3010 3947 ,
3054 3886 3131 3965 ὀὐ
3178 3884 3343 3965 μόνον
3371 3888 3440 3965 δὲ,
3472 3896 3741 3965 μετενοή-

2153 3970 2302 4006 σατε.
2332 3953 2464 4006 Illud
2489 3953 2546 4025 δέ
2594 3968 2737 4022 saepe
2762 3952 2899 4023 apud
2929 3952 3199 4009 Iustinum
3231 3952 3521 4025 redundat,
3551 3971 3609 4015 ut
3639 3952 3742 4018 ob-

2156 4024 2495 4101 servavimus
2525 4024 2690 4101 initio
2728 4025 2883 4092 Apol.
2910 4040 2949 4079 ι.
2987 4029 3192 4101 τ--Οῤ
3232 4024 3743 4101 μόνονηέάπλῶς

2153 4095 2320 4171 diem).
2339 4092 2536 4171 Justini
2555 4095 2712 4171 codd.
2735 4110 2863 4171 mss.
2885 4105 2938 4171 et
2953 4096 3126 4171 editi;
3142 4098 3202 4149 οὺ
3232 4092 3394 4167 μόνον
3422 4100 3482 4152 οὐ
3523 4092 3737 4171 μετεν.ξ

2155 4165 2355 4218 Euseb.
2387 4164 2584 4235 vulgo:
2610 4164 2671 4216 οὐ
2702 4164 2860 4235 μόνον
2884 4165 2941 4217 δὲ
2961 4165 3043 4218 οὐ.
3078 4164 3333 4223 Maranus
3355 4164 3536 4224 anteni
3567 4164 3741 4229 refert

2154 4235 2370 4312 Eusebii
2404 4235 2649 4312 codicem
2676 4237 3050 4312 tjolhertinum
3083 4239 3242 4312 valde
3272 4241 3553 4308 antiquum
3581 4244 3739 4312 ejus-

2152 4305 2385 4372 demque
2411 4308 2519 4358 duo
2554 4305 2777 4374 Regios,
2832 4320 3064 4372 quorum
3131 4308 3270 4362 alter
3324 4305 3738 4368 vetustissimus

2152 4376 2376 4443 (quibus
2401 4376 2541 4427 adde
2583 4375 2917 4428 Savilianum
2967 4377 3018 4427 in
3062 4377 3389 4433 bibliotheca
3438 4379 3737 4437 Bodleiana

2156 4446 2315 4502 hodie
2346 4454 2660 4507 servatum;
2682 4460 2821 4499 unus
2849 4459 2913 4497 ex
2950 4444 3133 4511 Regiis
3164 4451 3354 4501 eodem
3380 4450 3604 4504 Marano
3634 4456 3739 4507 ad-

2151 4515 2573 4589 notanteliabet
2610 4514 2938 4589 οὐΛμόνονᾲδὲ
2967 4516 3092 4589 οὐδὲ
3130 4519 3359 4588 μετεν.),
3392 4522 3637 4589 prmbere
3674 4525 3738 4577 οὐ

2155 4586 2316 4666 μόνρν
2356 4585 2630 4666 δὲμετεν.
2661 4584 2840 4666 Quare
2867 4587 2927 4641 ν.
2965 4588 3023 4639 υ.
3053 4584 3217 4641 etiam
3251 4584 3406 4666 apud
3437 4602 3735 4663 martyrem

2152 4657 2225 4730 ita
2251 4657 2539 4730 legendum
2565 4657 3036 4730 censuiteumque
3063 4669 3290 4730 secutus
3321 4658 3523 4713 Burtou
3553 4657 3738 4730 poste-

2152 4729 2270 4781 rius
2296 4727 2356 4779 οὐ
2385 4740 2415 4780 e
2438 4736 2587 4779 textu
2640 4727 2946 4782 Eusebiano
2974 4729 3207 4795 expulit.
3237 4730 3343 4785 Sed
3379 4727 3610 4785 mutatio
3644 4736 3732 4788 vix

2150 4798 2368 4851 videtur
2416 4799 2748 4851 necessaria.
2798 4796 2914 4853 Non
2945 4800 3091 4852 enim
3137 4803 3251 4853 veri
3287 4801 3464 4855 simile
3506 4812 3608 4867 est,
3645 4822 3736 4860 δε-

2150 4872 2388 4942 cun_dam_
2416 4867 2569 4942 illam
2600 4869 2948 4942 negationem
2988 4871 3039 4921 in
3071 4870 3459 4942 diversissnnis
3502 4870 3730 4942 (Justini

2148 4945 2205 4990 et
2233 4938 2473 5004 Eusebii)
2509 4938 2693 4992 codd.
2730 4954 2883 5001 mss.,
2917 4940 2970 4992 in
3018 4940 3214 5007 quibus
3253 4938 3550 5008 invenitur,
3601 4960 3631 4997 a
3670 4947 3735 4998 li-

2149 5008 2349 5087 brariis
2371 5008 2613 5087 additam
2642 5009 2829 5087 fuisse.
2860 5009 3086 5087 Insuper
3105 5010 3360 5087 loquendi
3401 5013 3617 5087 ratioroo
3639 5017 3735 5087 μό-

2146 5094 2235 5131 νον
2268 5080 2331 5131 οὐ
2359 5081 2561 5146 passitn
2596 5080 2909 5145 invenitur;
2959 5081 3087 5133 coll.
3137 5097 3190 5135 ν.
3224 5096 3274 5134 c.
3302 5083 3479 5136 locum
3514 5080 3733 5139 similli-

2147 5164 2369 5225 tnurnc.
2399 5148 2521 5225 {08,
2559 5164 2613 5217 p.
2650 5150 2775 5225 535,
2948 5151 3008 5202 οὐ
3044 5151 3205 5225 μόνον
3238 5152 3298 5204 οὺ
3336 5156 3731 5225 μετενοήσατε,

2150 5219 2387 5297 ἀλλ’,
2411 5218 2486 5283 ὡς
2510 5224 2782 5297 ⁸προεῖπον
2814 5223 2916 5297 (sc.
2945 5218 3132 5297 nostro
3164 5218 3726 5297 ιιιεο),’ἀνδρας’χειρζ

2146 5290 2580 5367 ἐκλεκτοὺς-ἱεὶς
2606 5293 2788 5367 πᾶσαν
2830 5292 2927 5367 τὴν
2955 5290 3293 5367 οἰκουμένην
3313 5290 3733 5367 anteanam-

2147 5362 2477 5438 pdccovra§_,
2527 5366 2607 5438 δτι
2661 5362 2878 5438 ,αἵρεσίς
2933 5381 3016 5428 τις
3072 5365 3313 5438 ἄθεοςε.
3348 5407 3362 5420 .
3399 5362 3731 5438 .’.“ἐγήγερ-

2144 5449 2254 5497 ται,
2280 5444 2389 5488 etc.
2415 5433 2590 5489 Verba
2622 5434 2682 5486 οὐ
2710 5433 2916 5505 μετεν.,
2950 5451 3114 5505 unam
3142 5436 3380 5491 elllciunt
3404 5433 3723 5492 notionem:

2145 5506 2475 5560 abstinuistis
2507 5522 2539 5557 a
2577 5503 2920 5575 pamitentia;
2957 5503 3095 5558 ἀλλά
3126 5518 3334 5570 autem,
3369 5507 3457 5561 cui
3499 5507 3591 5561 καί
3639 5525 3727 5562 re-

2145 5588 2231 5631 cte
2262 5590 2367 5630 non
2404 5576 2675 5644 adjectum
2701 5588 2805 5646 est,
2855 5591 2968 5630 rem
3005 5576 3304 5645 ampliﬁcat
3333 5596 3346 5632 :
3382 5580 3487 5632 into
3519 5578 3721 5646 potius.

2142 5647 2227 5701 Cf.
2261 5647 2417 5712 Apol.
2447 5664 2486 5712 ι,
2520 5662 2569 5700 c.
2601 5646 2656 5700 5.
2688 5645 2866 5702 Οττο.

2213 5716 2324 5789 (50)
2361 5715 2587 5782 Κακῶς.
2635 5716 2727 5771 Sic
2775 5716 3044 5772 Eusebius
3072 5727 3128 5772 et
3160 5716 3497 5789 Nicephorus
3537 5732 3591 5774 et
3616 5719 3725 5774 Rn.

2144 5788 2306 5846 linus.
2333 5790 2410 5845 Ex
2458 5804 2553 5845 sex
2602 5789 2822 5845 Eusebii
2850 5789 3153 5856 codicibus,
3189 5806 3421 5859 quorum
3451 5793 3613 5848 varia:
3643 5792 3725 5847 lo-
