4006 6254
550 386 655 442 513

1467 378 1526 437 S.
1560 378 1825 436 JUSTlNl
1862 377 2274 437 PHILOSOPHI
2308 378 2395 433 ET
2431 377 2789 436 MARTYRIS

3705 390 3807 445 516

620 505 708 559 18.
737 501 1030 558 Chrtsliani
1073 500 1239 572 legem
1279 499 1638 565 observarent,
1664 501 1769 556 nisi
1796 500 1988 555 scirent
2027 515 2112 554 cur

2297 498 2384 553 18.
2440 501 2657 573 Ἐπειδὴ
2693 502 2803 573 γάρ
2831 502 3094 573 ἀνέγνως,
3144 498 3190 561 ὦ
3232 506 3485 577 Τρύφων,
3527 508 3607 573 ὡς
3644 510 3807 579 αὐτὸς

546 599 789 653 instituta
827 593 1297 661 sit.—Qnoniam
1351 593 1497 648 enim
1534 592 1736 661 legisti,
1778 594 2021 665 Trypho,
2062 602 2123 647 ut

550 688 667 757 ipse
698 685 981 741 confessus
1013 698 1093 747 es,
1130 698 1251 747 quze
1275 692 1462 738 noster
1493 682 1584 737 ille
1609 683 1863 737 Salvator
1894 683 2118 748 docuit;

547 793 658 832 non
688 778 923 832 absurde
952 773 1082 828 mihi
1116 773 1315 828 fecisse
1338 773 1549 836 videor,
1570 781 1630 826 ut
1653 772 1839 826 brevia
1872 771 2122 840 quaedam

550 863 698 919 illius
734 863 956 917 oracula
1009 860 1348 932 propheticis
1406 860 1784 932 adjnngerem.
1839 860 2121 914 Lavamini

549 955 737 1026 igitur,
762 970 826 1009 ac
859 970 1006 1009 nunc
1052 955 1243 1010 mundi
1272 963 1470 1021 estote,
1512 964 1567 1010 et
1601 957 1814 1011 auferte
1848 956 2123 1027 nequitias

548 1049 619 1102 ab
644 1045 929 1101 animabus
958 1046 1223 1101 vestris“
1248 1063 1261 1100 :
1292 1046 1921 1116 quemadmodumjubet
1957 1047 2122 1110 Deus,

549 1151 607 1196 ιιι
631 1142 733 1196 hoc
764 1140 1019 1194 lavemini
1042 1140 1287 1205 lavacro,
1312 1150 1369 1195 et
1399 1156 1529 1196 vera
1564 1142 1988 1197 circumcisione
2012 1142 2125 1196 cir-

547 1236 956 1291 cumcidamini.
1003 1234 1114 1292 Nos
1165 1238 1311 1291 enim
1361 1237 1505 1292 hanc
1551 1252 1770 1308 quoque
1802 1239 1984 1293 carnis
2017 1237 2129 1293 cir-

549 1329 943 1384 cumcisionem
983 1337 1041 1383 et
1097 1329 1329 1384 sabbata
1375 1336 1431 1383 et
1463 1327 1632 1384 ferias
1680 1344 1870 1385 omnes
1899 1329 2124 1384 omnino

546 1421 991 1486 observaremus,
1019 1420 1125 1473 nisi
1163 1420 1443 1488 cognitum
1492 1418 1649 1475 nobis
1670 1428 1819 1475 esset
1855 1434 2015 1489 quam
2053 1419 2123 1473 ob

547 1525 770 1565 causam
811 1510 924 1563 haac
954 1510 1111 1563 vobis
1144 1509 1511 1577 ipsisindicta
1537 1509 1675 1577 sint,
1721 1510 1774 1565 id
1798 1519 1883 1565 est
1905 1519 2125 1580 propter

547 1602 864 1671 iniquitates
895 1608 1108 1654 vestras
1138 1610 1192 1654 et
1217 1601 1401 1655 cordis
1432 1601 1708 1656 duritiem.
1742 1601 1878 1656 Nam
1917 1603 1961 1658 si
1987 1618 2122 1656 con-

546 1702 758 1747 SIanter
785 1692 968 1747 omnia
1027 1691 1380 1760 perferimus,
1420 1707 1762 1761 qua-cunque
1811 1693 1863 1747 in
1892 1709 1989 1749 nos
2023 1694 2123 1749 ho-

547 1783 723 1836 mines
744 1791 797 1836 et
824 1781 1098 1837 daemones
1128 1782 1254 1837 mali
1305 1782 1632 1849 moliuntur;
1666 1783 1738 1836 ita
1775 1791 1835 1838 ut
1857 1784 2020 1839 etiam
2047 1785 2122 1837 in-

547 1885 631 1929 ter
654 1875 959 1930 horrendas
993 1890 1103 1938 res,
1136 1884 1367 1929 mortem
1413 1886 1470 1929 et
1493 1875 1780 1946 supplicia,
1816 1876 1883 1931 iis
1906 1878 1997 1945 qui
2022 1890 2120 1930 nos

545 1965 621 2020 ita
656 1975 1015 2034 pertractant,
1043 1966 1473 2022 misericordiam
1510 1967 1761 2023 exhiberi
1804 1982 2116 2037 precemur,

544 2072 644 2112 nec
666 2058 917 2125 cuiquam
948 2072 1016 2112 ne
1036 2057 1231 2113 leviter
1254 2060 1473 2129 quidem
1510 2060 1733 2131 rependi
1768 2060 2024 2128 velimus,
2060 2072 2120 2118 ut

546 2148 705 2202 nobis
740 2148 995 2218 pmcepit
1027 2164 1200 2203 novus
1253 2148 1590 2219 Legislator;
1626 2153 1896 2219 quomodo
1922 2169 2028 2208 non
2053 2170 2116 2210 ea

548 2239 716 2294 etiam
751 2254 875 2308 quae
907 2256 1005 2295 nos
1038 2242 1174 2296 nihil
1201 2242 1421 2308 laedunt,
1450 2244 1634 2300 carnis
1680 2246 1803 2301 dico
1836 2247 2120 2302 circumci-

543 2331 752 2387 sionem
811 2340 868 2386 et
905 2333 1133 2388 sabbata
1193 2345 1248 2389 et
1279 2335 1466 2404 ferias,
1515 2337 1755 2407 Trypho,
1800 2338 2120 2394 observare-

546 2428 707 2483 mus?

616 2539 705 2594 19.
735 2539 1083 2595 Circumcisio
1139 2550 1261 2595 ante
1301 2539 1567 2593 Abraham
1606 2543 1806 2610 ignota.
1862 2542 1972 2597 Lex
2020 2544 2115 2598 sub

544 2632 728 2703 Moyse
758 2634 820 2688 ob
862 2634 1121 2688 duritiam
1149 2634 1344 2688 cordis.
1378 2662 1449 2674 —
1482 2632 1595 2689 Hoc
1629 2649 1762 2690 sane
1803 2646 1885 2691 est
1921 2638 1972 2692 in
2006 2652 2116 2708 quo

540 2724 689 2779 dubii
747 2726 944 2780 merito
1000 2725 1326 2791 baereamus,
1355 2740 1454 2780 cur
1486 2740 1610 2780 cum
1650 2727 1766 2783 base
1800 2727 2114 2798 perferatis,

542 2831 650 2870 non
676 2816 840 2871 etiam
872 2826 1070 2872 caetera
1120 2817 1328 2885 omnia,
1382 2818 1450 2873 de
1480 2818 1678 2889 quibus
1732 2835 1875 2877 nunc
1910 2822 2114 2893 quatri-

540 2923 685 2973 Inus,
718 2908 1045 2984 observetis.

611 2998 798 3070 Neque
829 3000 974 3055 enim
1008 3002 1318 3059 necessaria
1343 3012 1428 3059 est
1458 2986 1713 3061 omnibus
1744 3006 1862 3063 hac
1881 3006 2121 3064 circum-

539 3089 701 3155 cisio,
739 3092 833 3147 sed
868 3092 1023 3147 vobis
1066 3093 1220 3158 solis,
1256 3103 1336 3162 ut,
1366 3094 1825 3164 quemadmodum
1862 3098 2110 3167 praedixi,

2150 1848 2193 1903 Β

2221 588 2563 660 ὁμολογήσας
2596 590 2753 662 ἐφης,
2793 592 2860 646 τὰ
2881 592 2972 645 ὑπ’
3002 593 3213 647 ἐκείνου
3241 594 3331 648 τοῦ
3362 596 3615 667 Σωτῆρος
3652 600 3807 670 ἡμῶν

2221 678 2558 750 διδαχθέντα,
2586 683 2686 736 οὑκ
2712 683 2912 737 ἄτοπον
2935 684 3140 755 νομίζω
3172 688 3526 757 πεποιηκέναι
3562 691 3661 743 καὶ
3684 692 3807 763 βρα-

2223 772 2322 843 χέα
2347 774 2455 829 τῶν
2483 775 2694 829 ἐκείνου
2714 776 2872 845 λόγια
2899 778 3035 849 πρὸς
3065 781 3175 843 τοῖς
3202 787 3557 852 προφητικοῖς
3582 788 3805 860 ἐπιμνη-

2223 865 2391 931 σθείς.
2421 868 2699 922 Λοὺσασθε
2728 865 2843 933 οὖν,
2883 871 2978 924 καὶ
3010 870 3104 924 νῦν
3155 872 3386 945 καθαροὶ
3420 875 3644 942 γένεσθε
3664 919 3679 942 ,
3716 882 3804 934 καὶ

2222 955 2488 1025 ἀφέλεσθε
2509 958 2610 1023 τάς
2634 960 2897 1031 πονηρίας
2931 961 3040 1015 άπὸ
3069 962 3178 1015 τῶν
3216 962 3403 1034 ψυχῶν
3437 966 3617 1037 ὑμῶν,
3648 970 3722 1035 ὡς
3748 972 3801 1026 δὲ

2222 1045 2517 1111 λούσασθαι
2546 1050 2679 1121 ὑμῖν
2708 1050 2864 1103 τοῦτο
2892 1050 2952 1104 τὸ
2988 1051 3210 1123 λουτρὸν
3234 1052 3447 1108 κελεύει
3470 1059 3499 1109 6
3522 1057 3679 1123 Θεὸς,
3712 1061 3803 1113 καὶ

2223 1142 2649 1215 περιτέμνεσθαι
2830 1144 2927 1216 τὴν
2962 1142 3221 1217 ἀληθινὴν
3245 1151 3568 1221 περιτομήν.
3618 1150 3800 1223 Ἡμεῖς

2222 1235 2330 1307 γάρ
2370 1236 2465 1288 καὶ
2498 1235 2703 1308 ταύτην
2732 1236 2799 1290 ἂν
2833 1236 2931 1308 τὴν
2961 1239 3265 1309 περιτομὴν
3296 1239 3395 1311 τὴν
3422 1242 3563 1296 κατά
3602 1244 3798 1315 σάρκα,

2222 1325 2319 1379 καὶ
2350 1326 2416 1379 τά
2447 1325 2713 1389 σάϐϐατα,
2744 1326 2841 1379 καὶ
2869 1325 2966 1389 τὰς
3010 1326 3201 1397 ἑορτάς
3231 1327 3410 1391 πάσας
3452 1328 3640 1394 ἁπλῶς
3668 1332 3798 1400 ἐφυ-

2222 1416 2513 1487 λάσσομεν,
2532 1417 2581 1468 εί
2608 1417 2681 1487 μὴ
2712 1416 2955 1487 ἔγνωμεν
2981 1415 3051 1469 δι’
3068 1416 3133 1487 ἢν
3160 1414 3340 1470 αἰτίαν
3369 1416 3463 1471 καὶ
3491 1418 3620 1489 ὑμῖν
3636 1437 3797 1491 προσ-

2223 1509 2426 1579 ετάγη,
2471 1506 2716 1560 τουτέστι
2769 1505 2857 1560 διὰ
2918 1506 3016 1570 τὰς
3076 1508 3305 1577 ἀνομίας
3354 1508 3504 1578 ὑμῶν
3562 1510 3658 1562 καὶ
3698 1510 3795 1583 τὴν

2226 1598 2679 1671 σκληροκαρδίαν.
2710 1599 2774 1651 El
2804 1599 2912 1669 γὰρ
2944 1598 3290 1670 ὑπομένομεν
3319 1600 3494 1654 πάντα
3523 1601 3593 1655 τά
3619 1600 3679 1666 ἐξ
3705 1603 3795 1655 άν-

2224 1693 2457 1766 θρώπων
2487 1692 2583 1747 καὶ
2610 1691 2882 1763 δαιμόνων
2910 1691 3130 1760 φαύλων
3157 1691 3528 1763 ἐνεργούμενα
3558 1696 3637 1758 είς
3654 1695 3793 1765 ἡμᾶς

2224 1785 2432 1856 φέρειν,
2480 1784 2556 1848 ὡς
2597 1783 2694 1837 καὶ
2738 1784 2900 1856 μέχρι
2941 1784 3048 1839 τῶν
3089 1785 3347 1856 ἀρρήτων
3388 1786 3521 1858 (59),
3568 1786 3790 1841 θανάτου

2221 1877 2317 1931 καὶ
2365 1875 2675 1948 τιμωριῶν,
2725 1876 3008 1946 εὐχόμενοι
3059 1875 3350 1947 ἐλεηθῆναι
3404 1876 3499 1931 καὶ
3554 1878 3680 1942 τοὺς
3728 1878 3791 1932 τὰ

2218 1968 2439 2023 τοιαῦτα
2465 1967 2805 2031 διατιθέντας
2835 1967 2984 2037 ἡμᾶς
3026 1968 3121 2021 καὶ
3162 1967 3297 2037 μηδὲ
3342 1967 3539 2039 μικρὸν
3580 1967 3791 2037 ἀμείϐε-

2219 2060 2345 2114 σθαι
2378 2060 2581 2131 μηδένα
2611 2058 2945 2131 βουλόμενοι,
2973 2058 3048 2123 ὡς
3076 2061 3105 2112 ὁ
3137 2059 3323 2123 καινὸς
3352 2057 3650 2130 νομοθέτης
3677 2057 3790 2112 ἐκέ-

2217 2152 2408 2207 λευσεν
2436 2154 2585 2223 ἡμῖν’
2619 2150 2735 2215 πῶς
2762 2150 2884 2221 οὐχὶ
2913 2150 3007 2203 καὶ
3036 2149 3103 2203 τά
3122 2150 3257 2221 μηδὲ
3286 2149 3595 2220 βλάπτοντα
3624 2151 3784 2221 ἡμᾶς,

2216 2238 2517 2310 περιτομὴν
2545 2238 2602 2291 δὲ
2643 2237 2913 2310 σαρκικὴν
2952 2236 3097 2306 λέγω
3142 2239 3235 2291 καὶ
3278 2237 3523 2293 σάϐϐατα
3566 2238 3659 2293 καὶ
3696 2238 3784 2303 τὰς

2216 2329 2430 2401 ἑορτὰς,
2469 2330 2866 2401 ἐφυλάσσομεν,
2900 2324 3233 2401 ὦΤρύφωνς

2288 2533 2374 2589 19.
2406 2530 2767 2601 Τοῦτόίέστιν
2810 2528 2919 2603 (60)
2973 2530 3005 2584 ὂ
3053 2530 3279 2602 ἀπορεῖν
3320 2530 3470 2597 ἄξιόν
3512 2533 3680 2595 ἐστιν,
3707 2532 3784 2586 ὅτι

2214 2626 2434 2681 τοιαῦτα
2463 2624 2845 2695 ὑπομένοντες,
2891 2623 3013 2693 οὑχὶ
3044 2622 3140 2676 καὶ
3171 2623 3238 2679 τά
3270 2623 3404 2678 ἄλλα
3459 2624 3638 2678 πάντα
3663 2622 3783 2696 περὶ

2213 2710 2291 2773 ῶν
2318 2716 2411 2771 νῦν
2449 2715 2743 2787 ζητοῦμεν,
2792 2713 3155 2785 φυλάσσομεν.

2284 3007 2359 3063 Οὑ
2386 3006 2494 3079 γὰρ
2556 3005 2721 3059 πᾶσιν
2766 3003 3042 3073 ἀναγκαία
3093 3001 3234 3075 αὕτη
3275 3002 3309 3072 ἡ
3355 2999 3645 3073 περιτομὴ,
3672 2998 3780 3056 ἀλλ’

2213 3099 2342 3172 ὑμῖν
2383 3100 2583 3169 μόνοις,
2610 3097 2720 3162 ἵνα,
2750 3095 2825 3160 ὡς
2866 3094 3135 3167 προέφην,
3166 3091 3336 3147 ταῦτα
3380 3091 3593 3163 πάθητε
3619 3092 3654 3146 ἃ
3694 3090 3780 3143 νῦν

538 3196 601 3235 ea
639 3182 940 3251 patiamini,
976 3198 1098 3252 qua:
1136 3184 1333 3239 merito
1386 3194 1567 3241 vestro
1620 3186 1890 3256 patimini.
1924 3185 2111 3257 Neque

2214 3195 2272 3247 ἐν
2301 3190 2425 3264 δίκῃ
2468 3190 2729 3260 πάσχετε.
2773 3186 2908 3241 Οὐδέ
2950 3185 3061 3258 γάρ
3101 3185 3160 3238 τὺ
3194 3185 3474 3255 βάπτισμα
3515 3185 3687 3237 ἐκεῖνο
3725 3182 3780 3235 τὸ

540 3274 705 3328 etiam
743 3274 990 3328 inutilem
1024 3274 1173 3329 illum
1194 3275 1525 3345 baptismum
1545 3278 1913 3333 cisternarum
1942 3279 2115 3335 susci-

538 3367 757 3434 pimus;
788 3367 921 3422 nihil
953 3369 1096 3423 enim
1154 3378 1240 3425 est
1277 3371 1343 3425 ad
1378 3372 1524 3426 hunc
1570 3373 1699 3427 vita:
1757 3372 2108 3443 baptismum.

539 3456 666 3513 Ideo
687 3458 852 3513 etiam
876 3458 1145 3514 exclamat
1166 3460 1330 3524 Deus,
1355 3462 1501 3531 quod
1532 3462 1941 3531 dereliqueritis
1961 3478 2108 3531 eum,

536 3548 741 3605 fontem
776 3553 983 3617 vivum,
1026 3563 1082 3607 et
1112 3552 1362 3608 foderitis
1406 3553 1816 3624 vobismetipsis
1842 3557 2111 3611 cisternas

536 3643 853 3712 dissipatas,
901 3659 1025 3713 qua:
1060 3659 1165 3697 non
1204 3647 1738 3714 possuntcontinere
1778 3662 1999 3718 aquam.
2031 3648 2111 3703 Ac

535 3751 635 3791 vos
662 3735 880 3805 quidem
930 3734 1022 3805 qui
1068 3750 1238 3790 carne
1307 3736 1619 3792 circumcisi
1655 3738 1811 3803 estis,
1855 3739 2109 3808 indigetis

536 3836 725 3881 nostra
758 3826 1205 3895 circumcisione;
1232 3842 1332 3882 nos
1358 3837 1539 3883 autem
1577 3843 1700 3883 cum
1742 3830 1884 3885 hanc
1908 3831 2107 3887 habea-

535 3934 680 3983 mus,
714 3919 849 3973 nihil
892 3919 995 3973 ista
1019 3934 1158 3990 opus
1182 3921 1468 3976 habemus.
1504 3919 1640 3976 Nam
1679 3922 1725 3977 si
1751 3933 1892 3978 esset
1917 3939 2107 3979 neces-

532 4011 699 4076 saria,
740 4021 801 4065 ut
844 4012 1194 4080 existimatis,
1233 4028 1343 4067 non
1370 4013 1621 4071 finxisset
1653 4015 1795 4072 Deus
1839 4017 2104 4073 Adamum

532 4118 654 4155 Cllllt
685 4103 973 4173 praeputio,
1021 4120 1123 4160 nec
1156 4104 1345 4161 Abelis
1369 4106 1508 4161 dona
1545 4109 1900 4179 respexisset,
1937 4111 2029 4181 qui
2052 4112 2105 4166 in

536 4193 581 4262 ι
593 4193 697 4264 19
712 4195 899 4250 carnis
916 4196 1177 4266 praaputio
1197 4198 1446 4254 victimas
1462 4200 1677 4268 obtulit,
1696 4216 1793 4256 nec
1808 4202 1857 4256 ei
1878 4203 2107 4271 placuis-

532 4297 617 4341 set
649 4289 701 4341 in
744 4289 1008 4358 praeputio
1038 4288 1248 4355 Enoch,
1279 4292 1371 4359 qui
1407 4306 1513 4347 non
1551 4302 1637 4349 est
1675 4294 1948 4360 inventus,
1976 4296 2103 4364 quia

537 4379 816 4433 transtulit
833 4395 955 4434 eum
980 4380 1140 4436 Deus.
1162 4381 1299 4438 Loth
1324 4384 1743 4441 incircumcisus
1763 4402 1829 4441 ex
1852 4386 2103 4444 Sodomis

530 4470 715 4525 salvus
747 4473 946 4539 evasit,
974 4474 1182 4542 angelis
1213 4490 1337 4529 eum
1360 4486 1414 4530 et
1434 4477 1663 4533 Domino
1683 4479 2099 4537 deducentibus.

528 4560 644 4617 Noe
662 4562 987 4631 principium
1008 4567 1224 4633 generis
1248 4582 1262 4631 ;
1290 4568 1383 4621 sed
1406 4577 1585 4622 tamen
1609 4584 1714 4622 una
1731 4585 1851 4624 cum
1869 4571 1993 4626 filiis
2018 4573 2098 4626 in-

528 4651 888 4710 circumcisus
917 4654 972 4709 in
1004 4670 1187 4712 arcam
1222 4658 1503 4728 ingressus
1541 4669 1650 4717 est.
1674 4659 2096 4720 lncircumcisus

599 4850 640 4881 "
678 4852 787 4907 Isa.
819 4867 859 4917 ι,
896 4852 983 4907 16.

600 5033 712 5108 (58)
749 5036 1225 5111 Περιτέμνεσθαι,
1253 5037 1435 5111 ιιιιιιίὶί
1472 5052 1695 5111 prorsus
1723 5053 1888 5111 opera
1924 5039 2106 5111 legen-

526 5103 671 5228 ἓὲοιέιθ
693 5103 1364 5181 ὀοιιίίεἱιπεριτέμνεσθε
1421 5103 1672 5163 eruditus
1739 5103 2134 5190 Londine'nsis.

597 5192 610 5228 ι
676 5192 720 5228 r.

525 5185 720 5231 editor.

598 5246 708 5322 (59)
743 5246 936 5322 ῌέχριγ
970 5248 1089 5302 τῶν
1116 5247 1420 5322 ἁρῤήτων.
1457 5246 1633 5317 )Eque
1660 5249 1889 5322 inutilis
1934 5266 2099 5322 opera

526 5314 805 5394 Sylburgii
833 5314 1296 5394 subaudiendum
1325 5314 2061 5394 _eXiSliléD|_lli§uﬂpOﬁopEIV
2082 5362 2096 5387 ,

524 5385 932 5461 «potsvdL,_vel
979 5389 1157 5461 simile
1192 5391 1375 5461 iquid,
1424 5404 1487 5461 ac
1518 5389 1759 5461 Thirlbiir
1803 5385 2091 5461 legendum

524 5458 864 5532 conjicientis
926 5460 1086 5532 μέχρι
1148 5460 1254 5513 τῶν
1316 5460 1569 5532 ἀρρήτων
1633 5458 1879 5532 θανάτου’
1928 5479 2095 5532 τιμω-

527 5526 681 5590 ριῶν.
724 5526 872 5600 S_atls_
915 5526 1457 5600 est"'intet'ptrngere'
1501 5539 1626 5599 post
1691 5530 1839 5583 illam
1904 5526 2095 5586 vocem

522 5597 823 5670 τιμωριῶν.
846 5598 1037 5670 Aptior
1066 5597 1306 5669 ejusdem
1325 5597 1571 5654 'Thirlbii
1598 5600 1939 5670 conjectura,
1968 5603 2096 5657 dum

526 5668 688 5741 patilo
738 5678 859 5738 post
897 5668 1193 5741 legendum
1243 5679 1428 5725 monet
1473 5670 1541 5725 τὰ
1585 5668 1751 5740 μηδὲν
1794 5669 2097 5739 βλάπτοντα

596 5776 710 5877 ῖθδ)
765 5809 948 5867 Τοῦτό
993 5810 1183 5866 ἐστιν.
1238 5809 1361 5868 llazc
1421 5810 1669 5883 profecto
1691 5824 1819 5882 _non
1849 5808 2111 5887 Justinus

2213 3283 2487 3354 ἀνωφελὲς
2538 3281 2598 3335 τὸ
2652 3278 2760 3332 τῶν
2808 3279 3027 3332 λάκκων
3066 3274 3561 3346 προσλαμϐάνομεν
3582 3290 3596 3303 ο
3640 3272 3780 3326 οὐδὲν

2212 3377 2321 3447 γὰρ
2350 3376 2485 3446 πρὸς
2514 3374 2575 3427 τὸ
2604 3372 2885 3443 βάπτισμα
2915 3369 3071 3423 τοῦτο
3114 3367 3176 3421 τὸ
3203 3368 3301 3437 τῆς
3334 3366 3482 3436 ζωῆς
3534 3366 3666 3419 ἐστί.
3696 3362 3780 3417 Διὸ

2211 3469 2306 3523 καὶ
2335 3468 2606 3538 κέκραγεν
2639 3467 2669 3518 6
2700 3462 2855 3527 Θεὸς,
2888 3463 2969 3515 ὅτι
2995 3457 3381 3529 ἐγκατελίπετε
3409 3457 3577 3512 αὑτὸν
3608 3455 3779 3528 πηγὴν

2212 3562 2412 3629 ζῶσαν,
2446 3560 2541 3615 καὶ
2586 3555 2834 3629 ὠρύξατε
2868 3556 3081 3618 ἑαυτοῖς
3121 3552 3355 3616 λάκκους
3390 3547 3777 3621 συντετριμμέ-

2210 3671 2359 3718 νους,
2391 3651 2441 3705 οἳ
2468 3650 2530 3704 οὑ
2554 3648 2877 3720 δυνήσονται
2913 3646 3161 3717 συνέχειν
3186 3644 3348 3715 ὕδωρ.
3374 3643 3486 3696 Καὶ
3507 3642 3663 3713 ὑμεῖς
3688 3639 3780 3710 μὲν

2208 3747 2259 3801 οἱ
2288 3744 2385 3817 τὴν
2416 3744 2596 3814 σάρκα
2626 3738 3090 3813 περιτετμημένοι
3127 3735 3357 3808 χρῄζετε
3386 3734 3484 3804 τῆς
3515 3730 3777 3804 ἡμετέρας

2209 3837 2509 3910 περιτομῆς
2530 3851 2545 3867 ο
2576 3835 2739 3905 ἡμεῖς
2769 3831 2848 3895 δὲ,
2883 3829 3087 3900 ταύτην
3112 3828 3351 3899 ἔχοντες,
3394 3825 3549 3879 οὐδὲν
3574 3822 3776 3891 ἐκείνης

2206 3927 2461 4000 δεόμεθα.
2493 3926 2556 3979 Εί
2609 3922 2719 3994 γάρ
2750 3916 2820 3993 ἧν
2849 3920 3147 3989 ἀναγκαία,
3191 3919 3266 3982 ὡς
3319 3918 3553 3981 δοκεῖτε,
3594 3916 3690 3968 οὑκ
3715 3912 3776 3966 ἂν

2206 4021 2543 4094 ἀκρόϐυστον
2574 4015 2604 4068 ὁ
2644 4014 2779 4079 Θεὸς
2835 4012 3036 4066 ἐπλασε
3081 4011 3172 4064 τὸν
3231 4009 3403 4079 Ἀδάμ
3464 4008 3600 4081 (61),
3664 4005 3775 4059 οὑδὲ

2205 4111 2502 4180 ἐπέϐλεψεν
2550 4110 2643 4163 ἐπὶ
2670 4111 2780 4171 τοῖς
2824 4104 3016 4177 δώροις
3054 4103 3148 4157 τοῦ
3184 4105 3244 4157 ἐν
3283 4100 3618 4174 ἀκροϐυστίᾳ⁵
3654 4115 3776 4170 σαρ-

2206 4206 2299 4271 κὸς
2331 4202 2797 4277 προσενέγκαντος
2851 4196 3044 4261 θυσίας
3082 4195 3271 4259 Ἀϐελ,
3318 4193 3428 4247 οὐδ’
3471 4193 3541 4247 ἂν
3592 4189 3773 4260 εὐηρέ-

2206 4314 2402 4371 στησεν
2428 4299 2486 4349 ἐν
2511 4289 2853 4366 ἀκροϐυστίᾳ
2880 4286 3073 4359 Ἑνὼχ,
3090 4287 3185 4341 καὶ
3205 4286 3303 4357 οὑχ
3323 4284 3626 4357 εὑρίσκετο,
3646 4280 3770 4335 διότι

2207 4389 2507 4464 μετέθηκεν
2535 4387 2697 4441 αὑτὸν
2736 4386 2764 4438 ὁ
2806 4382 2959 4447 Θεός.
2986 4380 3109 4435 Λὼτ
3149 4379 3522 4450 ἀπερίτμητος
3553 4373 3659 4447 (62)
3711 4373 3770 4424 ἐκ

2203 4484 2452 4554 Σοδόμων
2496 4479 2696 4549 ἐσώθη,
2728 4475 2906 4531 αὐτῶν
2956 4472 3176 4527 ἐκείνων
3202 4472 3309 4525 τῶν
3343 4469 3592 4539 ἀγγέλων
3618 4464 3769 4524 αὑτὸν

2132 4537 2175 4592 D
2203 4537 2297 4629 καὶ
2324 4537 2413 4627 τοῦ
2440 4570 2643 4642 Κυρίου
2663 4537 3149 4641 ’προπεμψάντωψ
3185 4562 3308 4615 Νῶε
3551 4559 3732 4630 γένους
3751 4572 3763 4583 ·

2203 4666 2321 4722 ἀλλ’
2343 4660 2437 4719 οὖν
2464 4663 2581 4734 ἅμα
2621 4664 2732 4726 τοῖς
2751 4660 2960 4723 τέκνοις
2989 4655 3363 4727 ἀπερίτμητος
3390 4656 3470 4717 είς
3492 4652 3590 4723 τὴν
3616 4646 3769 4703 κιϐω-

2206 5045 2450 5107 disserit,
2501 5044 2595 5098 sed
2640 5042 2899 5114 Trypho,
2953 5039 3109 5114 cujus
3161 5037 3393 5114 similem
3446 5036 3762 5114 sententiam

2201 5114 2316 5181 jam
2367 5116 2601 5169 vidimus
2652 5107 2805 5166 n.'7.
2868 5107 3223 5181 ReStituenda
3264 5124 3394 5179 ergo
3446 5107 3577 5181 haec
3606 5108 3761 5161 verba

2206 5177 2502 5255 Tryphoni,
2531 5194 2605 5255 eti
2630 5199 2729 5252 pro
2748 5177 3415 5255 νφυλάσσομενᾴιςεθῃιιιιιη
3442 5177 3759 5255 inpegere.

2206 5194 2502 5255 Tryphoni,
2531 5194 2585 5237 et
2630 5199 2729 5252 pro
2752 5194 3095 5253 φυλάσσομεν
3132 5194 3415 5263 legendum
3442 5194 3759 5303 ¥u§aaaeru

2202 5252 2949 5376 ξέοιὲξλιὶάέὲὲἔὲοηάἰιιειιείδ
2974 5251 3070 5304 καὶ¹
3100 5250 3129 5302 6
3163 5249 3417 5320 Τρύφων,
3489 5247 3608 5301 ουτό
3627 5249 3762 5299 ἐστιν

2204 5363 2267 5378 ..ο
2288 5341 2609 5378 ωυΑασσετε.

2288 5343 2609 5394 φυλάσσετε.

2272 5394 2383 5465 (61)
2432 5396 2887 5462 Ἀκρόϐυστον...
2926 5388 3270 5465 τόν-Ἀδάμ.
3310 5386 3433 5443 Haec
3453 5386 3797 5465 Justini_ral.-

2202 5454 2484 5519 tiocinatio
2517 5454 2806 5533 'repcritur
2846 5461 2988 5533 apud
3040 5454 3441 5533 Tertulliaan
3470 5459 3590 5512 adv.
3632 5454 3756 5509 Iud.

2201 5550 2321 5604 cap.
2352 5535 2402 5597 1,
2437 5544 2491 5588 et
2519 5529 2861 5604 Lactantium
2887 5529 2978 5584 lib.
3006 5546 3078 5604 I_v,
3119 5545 3238 5604 cap.
3273 5529 3357 5583 18.

2274 5594 2399 5674 ιδιγ
2416 5603 2547 5674 Λὼτ
2567 5602 2984 5674 ἀπερίτμητος.
3014 5594 3460 5674 Justin:i_vestigia
3485 5594 3760 5674 manifeste

2202 5668 2459 5742 premunt
2508 5668 2743 5729 Irenaaus
2775 5668 2891 5726 ιιι).
2946 5685 3022 5736 tv,
3074 5684 3127 5727 c.
3177 5670 3267 5738 16,
3319 5679 3375 5725 et
3405 5668 3758 5725 Tertullianul

2202 5748 2320 5797 adv.
2353 5744 2484 5797 Iud.
2520 5759 2570 5797 c.
2601 5744 2653 5797 2.

2202 5748 2320 5803 adv.
2353 5744 2484 5800 Jud.
2520 5759 2570 5800 c.
2601 5744 2653 5797 2.
