4006 6254
284 374 373 429 5H

1283 373 1626 433 DIAIJOGUS
1662 373 1807 433 CUM
1844 373 2216 432 TRYPHONE
2252 374 2516 435 JUDzEO.

3482 390 3589 446 5l8

292 488 661 562 τὸνείσῆλθεν.
692 488 1142 566 ’Δπερίτμητος
1188 488 1257 564 ἦν
1306 496 1336 547 6
1384 494 1565 564 ἱερεὺς
1610 492 1704 547 τοῦ
1744 492 1880 562 Ὑψί·

2011 500 2135 547 erat
2176 492 2441 548 sacerdos
2470 491 2733 549 Altissimi
2775 494 3200 569 Melchisedech,
3232 502 3319 558 cui
3348 503 3589 563 decimas

294 603 411 641 στου
430 584 797 655 Μελχισεδὲκ,
827 578 877 652 ᾧ
913 588 1025 640 καὶ
1050 586 1290 651 δεκάτας
1330 589 1648 661 προσφορὰς
1703 588 1903 642 ἔδωκεν

307 679 548 751 Ἀϐραὰμ
578 679 609 730 6
636 676 865 749 πριῖιτος
905 677 1019 750 τὴν
1052 681 1204 735 κατὰ
1245 680 1423 753 σάρκα
1461 680 1766 753 περιτομὴν
1804 680 1903 734 λα·-

299 772 425 835 εὼν,
448 772 541 825 καὶ
569 770 883 840 εὐλόγησεν
938 771 1118 826 αὐτόν
1138 790 1153 803 ·
1203 767 1264 827 οὗ
1309 773 1449 827 κατὰ
1495 774 1593 844 τὴν
1626 772 1778 838 τάξιν
1810 773 1904 828 τὸν

297 866 508 921 αἰώνιον
528 864 689 936 ἱερέα
723 866 755 918 6
784 863 927 929 Θεὸς
968 868 1339 937 καταστήσειν
1368 866 1456 920 διὰ
1492 865 1583 919 τοῦ
1610 866 1778 920 Δαὸὶδ
1806 884 1902 937 με·-

300 963 561 1033 μήνυιιεν.
609 958 777 1029 Ὑμῖν
799 954 899 1012 οὖν
934 959 1124 1029 μόνοις
1158 958 1431 1027 ἀναγκαία
1468 955 1537 1031 ἦν
1565 962 1598 1031 ή
1630 961 1899 1033 περιτομὴ

296 1050 469 1122 αὕτη·
502 1051 597 1103 ἵνα
623 1052 656 1103 6
684 1048 820 1113 λαὸς
848 1050 914 1103 οὐ
966 1049 1099 1115 λαὸς
1128 1046 1185 1122 ᾖ,
1222 1049 1316 1103 καὶ⁵
1342 1050 1402 1103 τὸ
1428 1050 1579 1115 ἔθνος
1604 1051 1703 1105 οὐκ
1723 1050 1897 1117 ἔθνος,

295 1143 371 1207 ὡς
406 1142 504 1195 καὶ
539 1142 731 1213 Ὠσηὲ,
769 1135 851 1207 εἷς
881 1140 994 1195 τῶν
1024 1140 1242 1196 δώδεκα·
1257 1142 1571 1214 προφητῶν,
1611 1144 1764 1213 φησί.
1789 1143 1902 1197 Καὶ

294 1235 407 1305 γάρ
441 1233 519 1303 μὴ
568 1232 1012 1298 σαὸδατίσαντες
1058 1233 1108 1286 οί
1167 1233 1651 1305 προωνομασμένοι
1700 1234 1899 1298 πάντες

297 1324 526 1387 δίκαιοι,
587 1322 669 1394 τῷ
718 1322 842 1394 Θεῷ
913 1323 1311 1395 εὐηρέστησαν,
1376 1325 1472 1378 καὶ
1534 1324 1650 1396 μετ’
1702 1325 1899 1390 αὐτοὺς

295 1417 582 1488 ’.Ἀϐραὰμ
625 1418 728 1471 καὶ
754 1418 804 1470 οἱ
848 1416 1038 1470 τούτου
1080 1418 1186 1470 υἱοὶ¹
1232 1417 1472 1483 ἆπαντες
1513 1419 1673 1491 μέχρι
1733 1420 1901 1473 Μωῦ-

297 1509 470 1573 «τίως’
516 1511 608 1578 ἐφ’
644 1504 712 1563 οὗ
750 1508 936 1574 ἄδικος
983 1508 1081 1563 καὶ
1126 1510 1421 1582 ἀχάριστος
1462 1512 1543 1575 εἰς
1582 1510 1674 1565 τὸν
1702 1510 1836 1565 Θεὸν
1867 1512 1896 1563 6

295 1602 425 1667 λαὸς
452 1602 620 1673 ὑμῶν
645 1604 824 1673 ἐφάνη
850 1602 910 1654 ὲν
946 1604 1011 1672 τῇ
1051 1603 1241 1674 ἐρήμῳ
1283 1604 1702 1673 μοσχοποιήσας.
1737 1601 1896 1657 Ὅθεν

296 1697 326 1748 6
367 1696 528 1759 Θεὸς,
569 1694 957 1766 ἁρμοσάμενος
988 1694 1126 1765 πρὸς
1153 1694 1244 1748 τὸν
1270 1693 1402 1747 λαὸν
1422 1694 1650 1759 ἐκεῖνον,
1677 1694 1773 1747 καὶ
1801 1693 1896 1746 θυ-

298 1787 417 1850 σίας
440 1785 662 1857 φέρειν,
693 1785 769 1850 ὡς
797 1785 932 1856 πρὸς
958 1785 1130 1855 ὄνομα
1153 1782 1337 1849 αὑτοῦ,
1360 1784 1679 1850 ἐνετείλατο,
1700 1784 1787 1838 ἵνα
1817 1782 1892 1855 μὴ

297 1880 753 1952 εἰδωλολατρῆτε.
807 1880 981 1952 Ὅπερ
1015 1879 1136 1933 οὐδὲ
1175 1878 1499 1950 ἐφυλάξατε,
1538 1879 1677 1935 ἀλλὰ
1710 1879 1805 1934 καὶ
1825 1880 1895 1934 τὰ

297 1976 462 2028 τέκνα
506 1947 670 2044 dtu—71v
698 1971 887 2026 ἐθύετε
921 1947 1033 2037 τοῖς
1056 1947 1377 2043 δαιμονίοις.
1403 1973 1515 2026 Kal.
1541 1972 1893 2038 σαὸϐατίςειν
1923 1947 1966 2001 Β

297 2059 387 2116 οὖν
414 2063 550 2132 ὑμῖν
610 2061 984 2133 προστέταχεν
1002 2102 1018 2127 ,
1050 2062 1139 2117 ῖνα
1194 2064 1415 2135 μνήμην
1453 2061 1766 2135 λαμϐάνητε
1800 2063 1891 2119 τοῦ

294 2151 449 2204 Θεοῦ.
481 2151 600 2205 Καὶ
628 2152 745 2223 γὰρ
778 2151 808 2202 6
838 2150 996 2220 λόγος
1028 2151 1191 2206 αὐτοῦ
1220 2152 1375 2207 τοῦτο
1404 2152 1662 2225 σημαίνει
1694 2154 1888 2225 λέγων’

300 2266 319 2299 ι
338 2247 443 2300 τοῦ
472 2246 781 2316 γινώσκειν
806 2249 887 2303 ὅτι
921 2247 1031 2319 ἐγώ
1065 2250 1182 2321 είμι
1210 2250 1239 2303 6
1270 2248 1402 2313 Θεὸς
1421 2250 1451 2302 6
1475 2248 1891 2323 λυτρωσάμενος

296 2340 458 2408 ὑμᾶς.
475 2359 496 2391 ι
952 2372 955 2375 λ

358 2433 449 2487 20.
488 2434 606 2487 Καὶ
640 2431 754 2505 γὰρ
802 2431 1111 2506 βρωμάτων
1152 2433 1315 2488 τινῶν
1362 2434 1660 2506 ἀπέχεσθαι
1692 2434 1890 2508 προσὲ-

296 2524 455 2589 ταξεν
490 2528 652 2597 ὑμῖν,
692 2527 784 2579 ἵνα
835 2528 931 2581 καὶ
978 2528 1039 2580 ὲν
1068 2525 1147 2596 τῷ
1190 2526 1389 2581 ἐσθίειν
1431 2526 1541 2600 (65)
1576 2528 1669 2581 καὶ
1714 2528 1890 2583 πίνειν

293 2619 398 2689 πρὸ
421 2617 733 2689 ὀφθαλμῶν
763 2618 925 2690 ἔχητε
947 2618 1041 2672 τὸν
1061 2618 1215 2683 Θεὸν,
1232 2618 1590 2691 εὐκατάφοροι
1611 2621 1763 2685 ὄντες
1794 2622 1890 2675 καὶ

292 2712 539 2781 εὐχερεῖς
568 2709 713 2782 πρὸς
744 2709 809 2763 τὸ
837 2709 1167 2780 ἀφίστασθαι
1186 2708 1289 2781 τῆς
1319 2709 1571 2779 γνώσεως
1603 2712 1789 2777 αὐτοῦ,
1812 2712 1889 2776 ὡς

292 2803 383 2855 καὶ
401 2802 654 2873 Μωῦσῆς
694 2819 865 2874 φησιν
886 2818 901 2833 ·
938 2821 962 2855 ‹
996 2803 1207 2871 Ἐφαγε
1240 2803 1333 2856 καὶ
1364 2801 1517 2857 ἔπιεν
1562 2805 1591 2858 6
1620 2803 1764 2868 λαὸς,
1793 2804 1888 2858 καὶ

289 2894 488 2965 ἀνέστη
512 2893 614 2947 τοῦ
640 2894 918 2960 παίζειν.)
972 2894 1087 2948 Καὶ
1128 2894 1288 2950 πάλιν
1308 2912 1321 2926 ·
1365 2912 1384 2947 t
1410 2895 1649 2964 Ἔφαγεν
1690 2894 1886 2950 Ἰακὼϐ

290 2984 382 3037 καὶ
402 2984 723 3055 ἐνεπλήσθη
753 2986 850 3038 καὶ
880 2985 1147 3056 ὲλιπάνθη
1172 2986 1310 3057 (64),
1344 2987 1440 3040 xal.
1470 2986 1832 3041 ἀπελάκτισεν
1857 2988 1886 3041 6

288 3075 677 3146 ἡγαπημένοςσ
716 3076 1005 3147 ἐλιπάνθη,
1064 3076 1363 3149 ἐπαχύνθη,
1416 3077 1743 3150 ὲπλατύνθη,
1790 3079 1885 3133 καὶ

288 3167 621 3233 ἐγκατέλιπε
647 3167 787 3222 Θεὸν
806 3167 899 3221 τὸν
927 3169 1233 3239 ποιήσαντα
1256 3168 1473 3223 αὐτόν.»
1507 3168 1598 3240 Τῷ
1624 3170 1733 3242 γὰρ
1760 3162 1884 3224 Νῶε

286 3258 369 3309 ὅτι
397 3257 799 3329 συγκεχώρητο
832 3258 938 3312 ὑπὸ
956 3258 1052 3312 τοῦ
1074 3258 1230 3324 Θεοῦ,
1263 3259 1456 3330 δικαίῳ
1486 3258 1619 3324 ὄντι,
1647 3261 1754 3313 πᾶν
1786 3259 1884 3330 ἔμ-

288 3348 459 3419 ’ένυχον
482 3325 883 3422 ἐσθίεινξπλὴν
909 3350 1078 3423 κρέας
1098 3352 1156 3404 ὲν
1176 3351 1384 3422 αἵματι,
1410 3325 1546 3422 θπερ
1569 3353 1685 3406 ἐστὶ
1704 3325 1885 3421 νεκρι-
1908 3325 1952 3387 c

290 3446 450 3512 μαῖον
469 3443 611 3513 (65),
628 3444 722 3498 διὰ
747 3443 1029 3508 Μωῦσέως
1043 3444 1368 3516 άνιστορήθη
1390 3445 1520 3515 ὑμῖν
1552 3446 1609 3499 ὲν
1630 3447 1693 3517 τῇ
1717 3445 1883 3518 βίϐλῳ

286 3534 386 3603 τῆς
418 3536 723 3598 Γενέσεως.
753 3566 825 3576 -
854 3536 966 3589 Καὶ
998 3535 1318 3607 βουλομένου
1351 3535 1514 3590 αὑτοῦ
1548 3538 1719 3591 εἰπεῖν
1748 3536 1880 3609 (66),

293 3644 313 3676 ι
364 3628 442 3691 ὡς
490 3627 711 3698 λάχανα
760 3628 978 3698 χόρτου,
1021 3647 1041 3681 ι
1093 3632 1352 3699 προεῖπον
1394 3630 1538 3699 ἐγώ·
1585 3630 1677 3696 Τὸ,
1730 3648 1749 3683 t
1805 3631 1882 3695 ὡς

396 3794 416 3823 ³
445 3792 576 3846 Ose.
606 3790 733 3853 t,9.
821 3788 867 3820 ‘"
906 3788 1111 3844 Ezech.
1140 3805 1233 3855 χιι,
1271 3788 1360 3844 12.

363 3951 474 4019 (63)
505 3951 647 4005 'Ira
686 3948 787 4019 agat
828 3948 899 4001 ἐν
936 3947 1019 4014 τῷ
1066 3949 1311 4005 ἐσθίειν.
1343 3947 1486 4003 Idem
1519 3949 1715 4004 docent
1752 3949 1873 4006 Cle-

292 4017 459 4077 mens
484 4024 653 4078 Alex.
686 4017 907 4089 Ριτᾰας.
936 4019 975 4074 l.
1004 4035 1043 4085 ι,
1076 4036 1126 4073 c.
1160 4021 1216 4085 1,
1248 4035 1371 4089 pag.
1406 4019 1546 4084 H9;
1577 4020 1871 4076 Tertullia-

292 4106 396 4144 ltus
435 4109 501 4156 ιι,
554 4092 679 4145 ads.
734 4089 930 4151 Μαι-ε..
958 4105 1010 4145 c.
1067 4089 1156 4155 l9,
1193 4100 1248 4143 et
1290 4089 1611 4145 Novitianus
1657 4089 1751 4144 lib.
1795 4091 1871 4146 De

292 4162 392 4214 tib.
419 4163 584 4223 λιιι,
642 4174 765 4229 cap.
816 4160 871 4215 4.
904 4161 1114 4214 Auctor
1158 4159 1445 4215 Constitui.
1480 4168 1676 4228 apost.,
1710 4159 1746 4215 Ι.
1789 4179 1868 4228 vr,

291 4245 415 4299 cap.
444 4233 541 4287 ‘20.
566 4230 754 4299 Carpit
790 4239 969 4285 tamen
1012 4231 1153 4287 hanc
1180 4230 1378 4286 Justini
1408 4233 1673 4285 rationem
1699 4232 1870 4301 Spen-

291 4315 477 4365 eerus,
522 4312 795 4385 negatque
830 4318 851 4351 ι
874 4302 1037 4385 Ἰιειιιε
1060 4303 1385 4385 sententiam
1416 4301 1709 4385 quidqeam
1736 4317 1871 4385 prae.

294 4381 375 4425 ter
408 4370 655 4443 speciem
701 4382 760 4424 et
803 4372 1043 4425 colorem
1094 4371 1314 4433 habere,
1366 4388 1385 4422 ι
1426 4380 1557 4424 tom.
1592 4371 1635 4435 Ι,
1665 4370 1741 4425 De
1766 4372 1866 4442 leg.

292 4436 489 4521 ﬂagra,
522 4457 577 4510 p.
622 4440 753 4521 265.
797 4439 1027 4521 Fallitur
1056 4441 1404 4521 doctissimus
1445 4441 1702 4521 scriptor.
1733 4440 1867 4521 Nam

289 4512 347 4565 1⁸
373 4514 784 4581 Temperantia;
811 4512 973 4577 ratio,
1008 4526 1165 4580 quam
1202 4510 1447 4581 Justinus
1489 4511 1736 4565 ciborum
1770 4512 1868 4564 de-

288 4554 449 4640 ῐεεὶεἷ
459 4554 784 4636 ’ἱῦἶιὶῖιῖἑὲῖ
812 4554 1868 4652 3111;}Titii}.iﬁé'ISiiéta't'EnBEiiiBJs
1899 4554 1945 4610 D
1969 4554 2498 4652 _‘_'_"('66)"§c}'61i¢3}t2;

286 4657 412 4709 alia:
450 4652 703 4722 ejusdem
746 4650 883 4721 legis
930 4654 1172 4707 rationes
1215 4665 1271 4706 et
1317 4665 1498 4705 causa:
1541 4650 1861 4722 afferentur.

287 4720 549 4781 Clemens
570 4724 693 4794 loco
714 4720 879 4777 citato
902 4722 1071 4794 solam
1089 4722 1505 4794 temperantiam
1530 4720 1861 4794 considerat;

290 4799 344 4851 in
374 4795 573 4849 eodem
606 4791 748 4847 libro
777 4807 898 4861 cap.
934 4792 1022 4859 10,
1053 4791 1187 4847 alias
1205 4791 1408 4849 causas
1441 4806 1507 4844 ex
1545 4793 1661 4860 ipsa
1692 4792 1864 4845 inter-

290 4869 566 4920 dictorum
596 4862 915 4917 animalium
945 4872 1143 4917 natura
1187 4863 1402 4932 repetit.
1436 4861 1497 4915 2ο
1526 4861 1704 4917 Minus
1748 4861 1866 4932 api-

292 4934 594 4989 madvertit
645 4931 955 5003 Spencerus
1003 4934 1132 5003 quid
1166 4928 1312 4988 inter
1362 4931 1634 4987 Iustinum
1667 4939 1724 4986 et
1766 4928 1866 5003 Ju-

292 5009 439 5061 daos
466 5001 698 5074 agatur.
716 5002 853 5059 Nam
890 5001 1206 5059 cum’Judaei
1239 5004 1655 5072 temperantiam
1682 5003 1737 5056 in
1763 5001 1867 5057 hac

290 5075 682 5131 wrinuﬂorum
715 5075 1037 5130 animalium
1077 5075 1402 5130 abstinentia
1434 5075 1663 5131 positam
1696 5074 1864 5128 duce-

291 5160 453 5215 rent;
503 5161 576 5198 an
632 5160 741 5200 non
798 5146 996 5201 merito
1048 5147 1383 5201 demonstrat
1426 5144 1679 5199 Justinus
1723 5144 1865 5215 hanc

290 5212 469 5287 legem
519 5230 634 5270 non
682 5231 806 5272 esse
856 5218 1233 5287 praescriptum
1283 5215 1417 5284 legis
1456 5222 1719 5287 mternas,
1767 5212 1863 5269 sed

291 5284 497 5342 ludatis
525 5287 716 5341 datam
754 5284 877 5342 esse
907 5287 1079 5341 veluti
1120 5287 1390 5355 quoddam
1420 5285 1774 5349 elementum,
1804 5292 1866 5338 ut

290 5356 385 5411 Dei
416 5359 513 5428 qui
544 5358 663 5411 haec
712 5355 1066 5427 praescripsit,
1107 5357 1254 5411 inter
1285 5356 1555 5412 edendum
1587 5365 1643 5411 et
1673 5356 1866 5422 bjben—

288 5428 422 5481 dum
459 5428 877 5484 meminissent?

360 5500 478 5569 (64)
518 5500 633 5552 Καὶ
679 5499 997 5568 ἐλαιᾶν-θη.
1033 5498 1239 5556 Desunt
1280 5499 1395 5553 htec
1435 5497 1577 5569 apud
1613 5492 1778 5569 LXX,
1808 5503 1866 5550 et

287 5567 493 5626 λωιιί
554 5570 900 5641 negligentia:
947 5567 1282 5641 imputantur
1322 5570 1395 5641 ab
1451 5568 1679 5641 erudito
1720 5567 1866 5621 Lon-

290 5641 503 5695 αἱκωὶ
535 5639 778 5707 editore;
811 5641 912 5696 sed
944 5639 1119 5696 tamen
1146 5641 1289 5695 hunc
1321 5639 1495 5693 locum
1536 5639 1593 5693 S.
1623 5639 1863 5709 Chryso-

292 5721 503 5765 stomus
525 5714 717 5767 eodem
751 5713 920 5769 modo
940 5711 1124 5777 refert,
1152 5709 1338 5765 homil.
1366 5709 1420 5774 1,
1452 5711 1508 5763 in
1547 5710 1681 5763 Iud.
1717 5708 1771 5763 ιι.
1805 5708 1860 5761 2.

293 5780 371 5834 Ex
390 5783 473 5837 bis
493 5792 676 5837 autem
701 5783 1053 5847 testimoniis,
1083 5783 1314 5837 alterum
1338 5796 1404 5836 ex
1431 5780 1571 5836 libro
1594 5780 1761 5836 Exodi
1780 5795 1866 5847 pe-

293 5856 445 5909 titum
477 5854 547 5909 ad
567 5868 629 5910 ea
656 5864 898 5926 spectat,
929 5868 1049 5925 qua:
1082 5863 1208 5911 ante
1249 5853 1392 5925 leges
1416 5850 1702 5923 Mosaicas,
1725 5850 1862 5905 alte-

2012 582 2533 648 obtulitAbraham,
2567 585 2612 639 is
2640 586 2731 654 qui
2765 588 2975 656 primus
3000 592 3181 647 carnis
3216 594 3594 656 circumcisio-

2011 689 2135 730 nem
2179 674 2418 745 accepit,
2450 675 2611 745 eique
2653 677 2930 734 benedixit
2973 680 3399 752 Melchisedech,
3435 689 3592 761 cujus

2007 770 2304 824 secundum
2344 770 2591 825 ordinem
2630 770 2774 827 Deus
2802 776 3146 831 sacerdotem
3178 788 3445 835 aeternum
3474 798 3501 835 a
3528 798 3589 838 se

2005 859 2313 915 institutum
2342 861 2409 915 iri
2452 861 2679 916 Davidis
2727 878 2824 919 ore
2854 865 3175 935 declaravit.
3220 869 3385 927 Vobis
3422 873 3589 943 igitur

2003 954 2135 1009 solis
2184 955 2494 1009 necessaria
2541 964 2627 1010 est
2676 955 2790 1011 haec
2834 958 3213 1026 circumcisio,
3248 972 3307 1017 ut
3350 966 3589 1035 populus

1996 1043 2110 1113 jam
2158 1060 2270 1100 non
2325 1056 2471 1101 esset
2517 1046 2767 1117 populus,
2798 1064 2897 1104 nec
2926 1064 3058 1121 gens
3080 1048 3195 1118 jam
3228 1063 3376 1109 esset
3415 1070 3583 1125 gens;

2001 1137 2463 1207 quemadmodum
2495 1139 2571 1193 ait
2601 1137 2796 1205 Oseas,
2844 1156 2985 1198 unus
3022 1158 3086 1198 ex
3132 1145 3417 1201 duodecim
3460 1166 3586 1219 pro-

2000 1229 2184 1299 phetis
2231 1230 2297 1283 τ’.
2328 1228 2463 1285 Nam
2501 1228 2637 1298 justi
2686 1248 2901 1298 omnes,
2941 1249 3080 1303 quos
3110 1236 3272 1291 modo
3309 1244 3586 1309 recensui,

1998 1319 2253 1390 quamvis
2299 1321 2525 1376 sabbata
2579 1338 2687 1377 non
2726 1323 3107 1390 observarent,
3145 1327 3253 1380 Deo
3300 1329 3583 1400 placuere,

1999 1428 2066 1468 ac
2094 1424 2217 1484 post
2250 1429 2344 1471 eos
2368 1417 2648 1472 Abraham
2709 1417 2937 1488 eiusque
2974 1421 3177 1489 posteri
3202 1437 3393 1479 omnes
3415 1441 3586 1495 usque

1999 1505 2069 1559 ad
2106 1503 2327 1576 Moysen
2355 1546 2371 1569 ,
2401 1508 2504 1561 sub
2530 1522 2640 1576 quo
2665 1506 2900 1574 injustus
2929 1508 3161 1577 populus
3187 1520 3373 1564 vester
3416 1523 3471 1565 et
3500 1514 3585 1566 in-

1996 1606 2186 1665 gratus
2227 1597 2279 1651 in
2313 1596 2484 1652 Deum
2514 1608 2767 1669 repertus
2792 1610 2897 1667 est,
2939 1601 3174 1657 conﬂato
3206 1603 3259 1657 in
3293 1603 3585 1659 solitudine

1996 1688 2188 1745 vitulo.
2253 1689 2407 1745 Unde
2461 1693 2885 1747 accommodans
2939 1709 2999 1749 se
3027 1696 3093 1749 ad
3140 1695 3286 1751 hunc
3322 1698 3581 1769 papulum

1996 1781 2138 1839 Deus
2179 1784 2435 1854 praecepit
2464 1784 2675 1840 hostias
2709 1784 2893 1840 oﬂ'erri
2926 1796 3183 1857 tanquam
3223 1792 3427 1846 nomini
3455 1808 3578 1859 suo,

2006 1889 2076 1928 ne
2100 1874 2391 1931 simulacra
2425 1876 2681 1933 coleretis
2706 1894 2722 1944 ;
2753 1879 2893 1948 quod
2919 1880 3091 1949 ipsum
3118 1889 3298 1937 tamen
3329 1897 3435 1937 non
3464 1899 3584 1938 ser-

1994 1965 2199 2031 vastis,
2244 1965 2340 2020 sed
2380 1964 2588 2021 liberos
2628 1975 2842 2022 vestros
2896 1967 3224 2025 immolastis
3270 1971 3577 2028 dmmoniis.
3690 2026 3697 2031 .

1993 2054 2163 2112 Jussit
2192 2056 2359 2112 etiam
2392 2058 2681 2113 sabbatum
2705 2059 3011 2123 observari,
3042 2070 3100 2116 ut
3130 2064 3452 2117 memoriam
3481 2065 3577 2119 Dei

1992 2146 2255 2203 teneretis
2306 2164 2321 2201 :
2377 2146 2539 2217 idque
2590 2148 2873 2219 Scriptura
2904 2151 3085 2205 divina
3137 2153 3217 2207 sic
3264 2153 3512 2211 declarat
3556 2172 3574 2211 :

2000 2258 2021 2292 ι
2064 2238 2136 2294 Ut
2178 2240 2528 2310 cognoscatis
2560 2256 2645 2297 me
2678 2255 2803 2298 esse
2832 2243 3001 2298 Deum
3046 2244 3448 2315 redemptorem
3474 2262 3574 2302 ve-

1992 2342 2169 2390 strum
2199 2334 2265 2389 ⁷³.
2305 2352 2325 2386 ι

2062 2444 2154 2502 20.
2184 2444 2434 2500 Ciborum
2467 2446 2697 2502 delectus
2726 2464 2823 2501 cur
2849 2451 3208 2521 praescriptus.
3244 2482 3318 2494 —
3350 2452 3559 2510 Simili-

1994 2547 2077 2595 ter
2116 2538 2395 2594 mandavit
2424 2547 2486 2593 ut
2516 2554 2547 2594 a
2588 2539 2726 2595 cibis
2763 2541 3086 2610 quibusdam
3119 2543 3488 2611 abstineretis,
3515 2553 3574 2601 ut

1989 2631 2154 2688 etiam
2206 2631 2350 2686 inter
2384 2631 2650 2687 edendum
2691 2642 2744 2689 et
2770 2633 3061 2690 bibendum
3094 2648 3223 2693 ante
3249 2638 3439 2693 oculos
3469 2639 3572 2693 ha-

1992 2725 2199 2780 beretis
2218 2725 2422 2791 Deum;
2462 2724 2660 2795 quippe
2687 2740 2811 2780 cum
2846 2726 3036 2782 faciles
3063 2728 3182 2784 sitis
3212 2737 3267 2785 et
3297 2729 3570 2799 proclives

1988 2818 2056 2872 ad
2107 2816 2467 2886 abjiciendam
2516 2818 2636 2888 ejus
2671 2818 3067 2888 cognitionem,
3103 2822 3567 2891 quemadmodum

1986 2924 2041 2967 et
2070 2911 2282 2984 Moyses
2324 2911 2444 2966 ait:
2486 2928 2507 2963 ι
2561 2911 2687 2966 Edit
2728 2920 2783 2966 et
2827 2910 2963 2968 bibit
2990 2913 3220 2982 populus
3248 2922 3303 2970 et
3328 2917 3569 2971 surrexit

1986 3004 2052 3057 ad
2080 3000 2469 3058 ludenduni'".
2509 3020 2529 3055 ι
2563 3000 2632 3055 Ει
2671 3016 2932 3056 rursum:
2974 3018 2994 3054 ι
3024 3002 3147 3057 Edit
3173 3001 3342 3058 Jacob
3383 3013 3439 3059 et
3476 3019 3568 3059 sa-

1987 3106 2201 3152 turalus
2228 3105 2313 3152 est
2338 3104 2395 3152 et
2425 3096 2794 3167 impinguatus
2814 3104 2868 3151 et
2896 3096 3261 3153 recalcitravit
3283 3097 3516 3152 dilectus
3544 3116 3561 3153 :

1985 3189 2357 3260 impinguatus
2398 3196 2505 3255 est,
2555 3189 2911 3253 incrassatus,
2961 3189 3249 3253 dilatatus,
3279 3200 3336 3245 et
3370 3188 3567 3243 dereli-

1986 3282 2105 3352 quit
2130 3283 2301 3337 Deum
2343 3281 2609 3337 factorem
2644 3295 2803 3335 suum
2839 3281 2906 3335 ⁷⁸.
2946 3298 2965 3333 ι
3005 3280 3117 3337 Noe
3149 3283 3295 3337 enim
3354 3282 3564 3338 homini

1985 3376 2132 3445 justo
2163 3389 2490 3433 concessum
2540 3388 2661 3431 esse
2708 3391 2738 3429 a
2782 3375 2894 3429 Deo
2927 3382 2987 3430 ut
3031 3375 3334 3429 animatum
3373 3391 3561 3443 omne,

1989 3471 2190 3533 praeter
2244 3474 2444 3517 carnes
2498 3462 2551 3517 in
2580 3464 2938 3534 ,sanguineﬁ
2965 3463 3067 3518 hoc
3110 3473 3193 3518 est
3240 3464 3561 3521 suﬂ'ocatum

1988 3557 2192 3620 ederet,
2247 3554 2497 3613 narravit
2537 3554 2693 3611 vobis
2752 3554 2966 3626 Moyses
3016 3556 3071 3611 in
3112 3555 3252 3612 libro
3305 3556 3558 3614 Genesis.

1988 3647 2229 3703 Parante
2249 3646 2342 3703 illo
2362 3649 2476 3704 haec
2508 3648 2679 3703 verba
2705 3647 2970 3718 objicere,
2994 3666 3013 3702 ι
3037 3647 3109 3705 Ut
3134 3648 3282 3705 olera
3306 3651 3507 3719 herbae,
3531 3669 3554 3705 ι

1455 3789 1502 3822 ⁷⁵
1542 3788 1713 3844 Exod.
1744 3804 1919 3855 χχχιι,
1952 3786 2006 3843 6.
2079 3786 2328 3860 "-Deut.
2364 3801 2539 3854 xxxtt,
2566 3788 2655 3843 l5.

1978 3965 2099 4005 rum
2131 3965 2197 4006 ex
2232 3949 2675 4023 Deuteronomio,
2709 3948 2778 4023 ad
2819 3963 2884 4005 ea
2928 3964 3056 4023 qua;
3093 3958 3219 4023 post
3262 3952 3366 4007 has
3410 3950 3557 4023 leges

1978 4020 2497 4091 contigereaAtque
2536 4022 2589 4075 id
2617 4020 2847 4091 ,quidcm
2886 4020 3109 4077 videtur
3150 4020 3395 4077 Justinus
3450 4020 3555 4091 liae

1978 4102 2160 4147 mente
2208 4090 2423 4155 fecisse,
2472 4100 2532 4146 ut
2572 4090 2828 4161 probaret
2854 4091 3025 4160 legem
3072 4108 3180 4147 non
3232 4093 3404 4146 solum
3459 4090 3555 4148 Ju-

1976 4162 2111 4232 dzeis
2153 4161 2222 4216 ob
2266 4162 2565 4232 nequitiam
2612 4172 2666 4215 et
2705 4176 2801 4214 cor
2846 4162 3194 4216 durissimum
3240 4163 3551 4232 impositam

1976 4231 2168 4295 fuisse,
2187 4232 2281 4285 sed
2298 4233 2463 4285 etiam
2485 4231 2604 4285 illos
2621 4232 2842 4286 minime
2859 4232 2959 4286 hac
2980 4232 3097 4299 lege
3113 4231 3336 4287 sanatos
3358 4235 3549 4289 luisse.
3621 4278 3633 4285 .

2049 4300 2162 4372 (65)
2205 4301 2385 4372 ᾬπερ
2412 4301 2585 4372 ἐστὶν
2608 4301 2967 4372 νεκριμαῖον.
2995 4303 3086 4356 Sic
3115 4300 3395 4372 legendum
3416 4319 3553 4358 cen-

1977 4370 2082 4444 suit
2118 4370 2195 4444 H.‘
2217 4370 2550 4444 Stephanus,
2576 4371 2696 4444 loco
2721 4371 2949 4444 vulgata:
2986 4370 3232 4444 lectionis
3264 4375 3548 4444 ὲκριμαίον

1976 4441 2771 4515 (ejectitium),contradicente
2788 4441 3114 4515 L_ango._cni
3146 4441 3547 4515 placet’éxzpe—

1977 4513 2137 4580 μαῖον
2165 4510 2405 4578 (pensile,
2433 4512 2781 4581 suspensum).
2809 4510 2971 4566 Eutr.
3006 4511 3244 4567 ΡΑτιιοι..

2499 4580 2571 4636 ου
2598 4580 2785 4635 αὑτοῦ
2825 4582 3035 4636 εἰπεῖν.
3081 4582 3196 4636 Non
3221 4582 3322 4637 soli
3375 4580 3545 4639 Judati

1966 4649 2098 4723 illud
2123 4649 2476 4719 objicieba’nt,
2518 4670 2536 4703 ι
2573 4651 2642 4707 Ut
2669 4652 2819 4705 olera
2850 4654 3051 4715 herbze,
3079 4671 3097 4703 ι
3122 4653 3216 4707 sed
3247 4654 3347 4723 ipsi
3371 4656 3543 4707 etiam

1965 4722 2232 4785 haeretici,
2272 4723 2363 4789 qui
2414 4723 2659 4776 carnium
2713 4736 2868 4775 usum
2917 4724 3192 4787 vetabant,
3233 4722 3336 4777 hcc
3388 4726 3545 4778 testi-

1966 4793 2148 4862 monio
2179 4806 2420 4862 errorem
2447 4793 2763 4857 tuebantur,
2798 4802 2855 4846 ut
2893 4794 3079 4847 videre
3104 4803 3187 4862 est
3216 4794 3358 4862 apud
3390 4791 3548 4848 Basi-

1964 4860 2095 4915 liutn
2118 4863 2281 4931 epist.
2306 4861 2433 4929 356,
2462 4879 2518 4918 ιι.
2543 4861 2598 4916 4.
2629 4861 2738 4917 Sed
2770 4864 3105 4918 demonstrat
3126 4860 3375 4918 Justinus
3395 4865 3543 4919 hunc

1965 4930 2167 4987 locum
2202 4932 2388 4987 favere
2417 4932 2768 4998 Christianis,
2818 4943 2874 4988 et
2907 4935 3362 5001 quemadmodum
3413 4948 3544 4987 non-

1965 5002 2129 5057 nullis
2176 5002 2416 5059 nleribus
2450 5004 2809 5074 abstinemus,
2853 5019 2961 5058 non
2985 5004 3130 5074 quod
3161 5005 3370 5073 impura
3408 5003 3540 5068 sint,

1963 5074 2059 5128 sed
2103 5074 2246 5143 quod
2286 5082 2552 5137 noceant,
2605 5074 2679 5127 ita
2739 5072 3018 5128 licentiam
3064 5072 3180 5130 Noe
3220 5072 3539 5129 concessam

1965 5156 2073 5197 non
2101 5144 2223 5197 aliis
2246 5157 2409 5212 quam
2441 5154 2652 5198 naturae
2670 5153 2726 5198 et
2756 5144 2985 5199 rationis
3011 5144 3213 5201 ﬁnibus
3241 5145 3536 5199 contineri.

1964 5212 2041 5267 Ita
2077 5229 2243 5283 porro
2279 5215 2522 5269 solemne
2550 5215 2651 5270 fuit
2678 5215 3011 5270 Christianis
3041 5218 3217 5271 victus
3248 5216 3330 5270 sui
3364 5218 3536 5269 ratio-

1967 5298 2091 5355 nem
2114 5287 2215 5339 hoc
2239 5285 2536 5355 Scriptura:
2560 5286 2878 5340 testimonio
2897 5286 3212 5351 defendere,
3243 5294 3303 5340 ut
3324 5300 3419 5340 eos
3440 5284 3539 5339 Ju-

1966 5353 2144 5410 lianus
2163 5353 2404 5426 exagitet
2424 5358 2564 5425 apud
2581 5356 2765 5426 Cyrill.
2785 5356 2938 5411 Alex.
2961 5356 3056 5411 lib.
3080 5372 3158 5420 tx,
3176 5370 3228 5424 p.
3249 5356 3372 5420 519,
3392 5355 3536 5425 quod

1966 5438 2132 5493 puros
2157 5440 2236 5491 se,
2271 5438 2332 5480 ut
2361 5426 2556 5492 Judaai,
2593 5442 2697 5480 non
2726 5430 3023 5495 praebeant,
3054 5428 3149 5480 sed
3180 5427 3385 5491 omnia,
3421 5444 3440 5478 ι
3474 5436 3537 5479 ut

1965 5496 2115 5551 olera
2145 5496 2349 5562 herbae,
2388 5517 2408 5550 ι
2448 5498 2655 5551 edenda
2695 5498 3072 5565 pronuntient.
3104 5497 3250 5552 Idem
3298 5498 3533 5566 impera-

1968 5576 2055 5621 tor
2096 5570 2147 5622 in
2182 5576 2336 5623 sexta
2370 5566 2617 5625 oratione
2672 5568 2816 5622 ridet
2860 5567 2992 5621 illud
3037 5568 3318 5623 hominum
3365 5582 3537 5637 genus

1967 5640 2107 5706 quod
2155 5639 2465 5706 promiscue
2505 5638 2685 5694 omnia
2730 5637 2971 5692 comedit
3017 5656 3037 5690 ι
3096 5636 3534 5707 ιριιίιιιιωίθιιεη

1967 5703 2283 5781 herbarum.
2315 5728 2334 5761 ι
2363 5710 2497 5764 Tum
2529 5709 2679 5762 addit
2707 5726 2722 5762 :
2746 5708 3057 5781 Γνωρίζεις,
3095 5703 3269 5781 οἶμαι,
3292 5706 3397 5762 τῶν
3425 5707 3528 5759 Γα-

1964 5778 2186 5904 illi.wa
2220 5780 2287 5834 τὰ
2320 5783 2557 5854 ῥήματα.
2589 5797 2609 5833 ι
2632 5778 2922 5852 Agnoscis,
2953 5778 3165 5852 opinor,
3191 5780 3535 5837 Galilaeorum

2003 5868 2063 5904 Cl‘
2104 5868 2153 5904 a.
2193 5869 2212 5903 ι

1969 5866 2153 5907 verna.
2193 5869 2212 5903 ι
