4006 6254
434 376 539 437 519

1353 381 1410 436 S.
1445 377 1710 437 JUSTlNl
1748 376 2157 435 PHILOSOPHI
2191 377 2277 433 ET
2316 374 2674 431 MARTYRIS

3587 371 3698 431 520

434 498 693 568 occupavi
729 511 831 569 ego
861 513 876 551 :
904 496 1016 552 Cur
1044 510 1151 551 non
1182 493 1337 561 illud,
1363 512 1383 546 ι
1408 504 1469 549 ιιι
1497 494 1642 549 olera
1672 493 1879 558 herbae,
1911 506 1997 547 ιε(

2114 491 2321 561 λάχανα
2348 490 2561 562 χόρτου,
2599 509 2618 542 ι
2653 487 2747 543 τοῦ
2781 488 2856 561 μὴ
2884 488 3182 543 ἀκούσεσθε
3225 488 3336 561 (67)
3370 491 3447 554 ὡς
3475 490 3698 563 εἴρηται

435 604 599 645 sensu
646 588 951 659 accipietis,
999 603 1107 659 quo
1151 588 1355 641 dictum
1402 595 1485 641 est
1528 602 1559 640 a
1604 585 1749 641 Deo?
1792 583 2013 641 Scilicet

444 684 633 748 Deum,
659 681 1117 753 quemadmodum
1147 679 1343 733 herbas
1366 677 1678 732 hominibus
1710 678 1777 731 ad
1809 678 2011 730 victum

435 783 760 843 paraverat,
786 773 859 827 ita
888 771 1144 825 animalia
1179 771 1413 833 dedisse,
1444 777 1500 822 ut
1521 784 1739 824 carnem
1767 770 2009 824 ederem.

440 864 552 920 Sed
596 869 724 936 quia
773 867 1021 936 quaedam
1072 864 1221 919 olera
1276 878 1381 914 non
1437 862 1681 927 edimus,
1722 870 2009 933 propterea

433 961 728 1016 discrimen
776 960 890 1029 jam
942 967 1057 1013 tum
1107 956 1221 1011 Noe
1260 955 1420 1025 120
1456 956 1836 1025 praescriptum
1885 968 2011 1011 esse

430 1052 635 1106 dicitis.
693 1049 1043 1120 Nequaquam
1083 1056 1142 1102 ut
1188 1050 1482 1117 exponitis,
1530 1049 1604 1102 ita
1654 1047 2006 1103 credendum.

429 1140 615 1195 Primo
646 1142 794 1195 enim
826 1141 948 1195 olus
986 1154 1152 1194 omne
1190 1139 1415 1192 herbam
1441 1153 1561 1193 esse
1596 1148 1651 1192 et
1686 1137 2005 1192 manducari

430 1251 557 1291 cum
590 1234 773 1288 dicere
806 1241 861 1287 et
893 1232 1222 1286 conﬁrmare
1258 1230 1487 1300 possim,
1532 1230 1584 1283 in
1620 1229 1723 1283 hoc
1753 1244 1859 1283 non
1906 1230 2009 1283 im-

428 1326 709 1382 morabor.
756 1324 885 1390 Sed,
915 1324 1017 1379 etsi
1064 1324 1211 1377 olera
1261 1320 1442 1379 herbae
1473 1323 1857 1387 discernimus,
1895 1337 2003 1377 non

428 1420 612 1476 omnia
638 1419 883 1483 edentes,
919 1432 1025 1471 non
1080 1416 1285 1470 idcirco
1319 1416 1461 1485 quod
1501 1415 1712 1484 impura
1758 1426 1850 1469 aut
1898 1416 2004 1470 im—

427 1508 624 1564 munda
675 1507 805 1573 sint,
842 1522 946 1559 non
975 1504 1208 1569 edimus,
1246 1505 1338 1559 sed
1368 1504 1512 1573 quod
1552 1514 1641 1559 aut
1673 1520 1881 1571 amara,
1912 1514 2005 1559 aut

426 1599 702 1663 lethifera,
777 1607 874 1652 aut
914 1597 1160 1666 spinosa.
1198 1596 1384 1651 Dulcia
1432 1608 1612 1651 autem
1648 1607 1703 1651 et
1736 1596 1803 1651 ad
1854 1596 2004 1652 alen-

426 1694 552 1748 dum
610 1693 892 1762 aptissima
941 1705 1170 1767 quaeque
1220 1701 1275 1744 et
1315 1690 1704 1769 pulcherrima,
1746 1690 1862 1746 sive
1896 1690 2003 1743 sint

425 1787 726 1851 maritima,
761 1787 876 1842 sive
911 1785 1221 1851 terrestria,
1268 1784 1576 1852 appetimus
1600 1782 1673 1837 ’et
1712 1783 1998 1838 sumimus.

426 1880 519 1935 Sic
566 1880 733 1935 etiam
761 1889 821 1934 ut
859 1881 927 1935 ab
984 1877 1218 1946 impuris
1270 1887 1325 1929 et
1364 1875 1580 1944 iujustis
1620 1884 1674 1931 et
1715 1875 2002 1945 rapacibus

425 1975 807 2039 abstineretis,
859 1973 1119 2042 praecepit
1167 1972 1320 2027 vobis
1370 1970 1511 2026 Deus
1557 1984 1658 2040 per
1710 1967 1993 2040 Moysem:

422 2068 549 2139 quia
586 2076 720 2131 tum,
754 2081 879 2119 cum
916 2080 1110 2118 manna
1147 2064 1382 2119 ederetis
1432 2064 1486 2118 in
1541 2063 1783 2124 deserto,
1813 2072 1869 2116 et
1903 2061 2004 2115 mi-

421 2162 609 2215 racula
643 2163 824 2213 omnia
862 2158 1016 2213 vobis
1045 2172 1075 2212 a
1118 2158 1226 2212 Deo
1255 2157 1500 2211 exhibita
1540 2156 1824 2221 videretis,
1857 2155 2003 2209 vitu-

421 2252 535 2307 lutn
590 2267 815 2306 aureum
880 2249 1158 2307 conﬁastis
1207 2259 1260 2304 et
1311 2248 1603 2303 adorastis.
1658 2248 2002 2317 Quapropter

424 2345 621 2397 merito
669 2342 869 2397 clamat
920 2342 1346 2396 indesinenter:
1403 2359 1421 2393 ι
1479 2339 1605 2395 Filii
1657 2339 1998 2409 insipientes,

421 2448 530 2488 non
565 2443 650 2488 est
680 2434 816 2488 lldes
851 2434 903 2486 in
937 2432 1069 2503 ipsis
1096 2433 1163 2486 ".
1196 2451 1215 2483 ι

490 2528 583 2584 21.
615 2527 851 2584 Sabbata
874 2528 1119 2580 instituta
1149 2536 1271 2589 sunt
1302 2527 1363 2580 ob
1403 2538 1616 2595 peccata
1654 2526 1858 2597 populi,
1893 2541 2000 2580 non

420 2631 481 2677 ut
518 2639 648 2691 opus
694 2621 943 2692 justitiw.
988 2620 1142 2687 Quod
1176 2628 1358 2673 autem
1407 2628 1629 2688 propter
1677 2627 1891 2673 vestras
1933 2632 2000 2673 ac

420 2727 635 2789 patrum
678 2726 980 2769 vestrorum
1019 2714 1360 2783 iniquitates,
1398 2713 1449 2766 in
1501 2714 1743 2783 signum,
1785 2719 1845 2766 ut
1883 2711 1995 2780 jam

420 2810 558 2873 dixi,
599 2808 884 2864 sabbatum
913 2808 1079 2862 etiam
1104 2823 1133 2859 a
1159 2805 1313 2861 vobis
1339 2806 1480 2861 Deus
1502 2805 1667 2874 jussit
1691 2806 1995 2872 observari,

418 2910 476 2957 et
527 2900 632 2955 alia
687 2910 953 2970 praecepta
1000 2898 1297 2969 imposuit,
1333 2899 1584 2968 quodque
1624 2898 1899 2969 signiﬁcat
1938 2914 1997 2954 se

419 3005 645 3065 propter
668 3001 881 3063 gentes,
914 3006 981 3046 ne
1010 3005 1207 3045 nomen
1240 3005 1398 3044 suunt
1436 2991 1580 3059 apud
1611 3005 1706 3046 eas
1734 2989 1995 3060 profana-

421 3099 594 3153 retur,
628 3087 842 3155 aliquos
874 3086 1100 3141 omnino
1130 3100 1194 3139 ex
1226 3085 1380 3140 vobis
1412 3084 1566 3140 vivos
1595 3085 1906 3155 reliquisse,
1941 3087 1992 3140 id

2115 583 2221 638 ύπὸ
2243 583 2337 637 τοῦ
2366 582 2522 647 Θεοῦ,
2551 585 2632 637 ὅτι
2659 584 2734 647 ὼς
2783 582 2853 635 τὰ
2899 582 3105 654 λάχανα
3146 583 3226 647 είς
3252 583 3456 655 τροφὴν
3488 582 3567 655 τῷ
3597 584 3698 637 ἀν-

2114 673 2317 746 Θρὼπῳ
2349 676 2667 748 ἐπεποιήκει
2713 675 2741 727 ὁ
2783 674 2944 740 Θεὸς,
3006 675 3178 738 οὕτως
3222 675 3427 729 καὶτὰ
3458 674 3575 739 ζῶα
3613 678 3698 740 είς

2112 767 2467 839 κρεωφαγίαν
2488 767 2771 833 ἐδεδώκει;
2826 767 2965 820 Ἀλλ’
3018 769 3140 821 ἐπεί
3168 786 3289 821 τινα
3323 768 3431 821 τῶν
3481 767 3698 840 χόρτων

2111 860 2211 914 οὐκ
2249 860 2519 931 ἐσθίομεν,
2568 860 2710 914 οὕτω
2741 860 2835 914 καὶ
2886 859 3169 933 διαστολὴν
3215 861 3400 914 ἔκτοτε
3455 860 3536 931 τῷ
3564 860 3703 914 Νῶε

2110 951 2417 1007 διεστάλθαι
2478 952 2633 1022 φατέ.
2695 952 2828 1023 υύχ,
2878 952 2953 1016 ὼς
2998 951 3300 1023 ἐξηγεῖσθε,
3350 952 3693 1008 πιστευτέον.

2111 1044 2334 1115 Πρῶτον
2370 1045 2471 1115 μὲν
2500 1044 2608 1117 γὰρ
2652 1045 2733 1098 ὃτι
2773 1047 2880 1097 πᾶν
2921 1045 3152 1116 λάχανον
3215 1045 3405 1118 χόρτος
3433 1045 3551 1099 ἐστὶ
3597 1046 3699 1099 καὶ

2112 1134 2511 1207 βιὸρώσκεσθαι
2545 1135 2676 1207 (68),
2710 1135 3004 1204 δυνάμενος
3041 1135 3220 1203 λέγειν
3253 1138 3346 1189 καὶ
3377 1136 3694 1207 κρατύνειν,

2108 1229 2208 1282 οὐκ
2228 1232 2286 1281 ἐν
2312 1229 2488 1299 τούτῳ
2520 1226 2980 1299 ἀσχοληθήσομαι.
3007 1226 3171 1279 Ἀλλά
3197 1228 3243 1280 εί
3266 1227 3359 1279 καὶ
3386 1226 3451 1279 τὰ
3482 1227 3697 1296 λάχανα

2105 1322 2200 1376 τοῦ
2252 1322 2442 1393 χόρτου
2475 1322 2843 1393 διακρίνομεν,
2874 1319 2948 1391 μὴ
2977 1318 3153 1372 πάντα
3183 1319 3469 1383 ἐσθίοντες,
3502 1320 3562 1372 ού
3599 1319 3693 1373 διὰ

2104 1414 2165 1468 τὸ
2198 1409 2336 1467 εἶναι
2370 1413 2505 1466 αὐτὰ
2543 1413 2689 1466 κοινὰ
2723 1412 2756 1483 ἢ
2787 1411 3091 1483 ἀκάθαρτα,
3127 1412 3227 1465 οὐκ
3255 1411 3526 1482 ἐσθίομεν,
3550 1410 3695 1464 ἀλλὰ

2105 1507 2247 1579 asta
2280 1506 2341 1560 τὸ
2370 1505 2562 1578 πικρὰ,
2621 1505 2654 1576 ἢ
2709 1504 3004 1576 θανάσιμα,
3053 1504 3086 1576 ἥ
3134 1503 3437 1574 ἀκανθὼδη.
3479 1504 3598 1557 Τῶν
3629 1504 3695 1558 δὲ

2104 1599 2349 1668 γλυκέων
2374 1598 2591 1652 πάντων
2620 1598 2714 1650 καὶ
2747 1595 3177 1669 τροφιμωτάτων
3208 1596 3303 1649 καὶ
3350 1596 3649 1651 καλλίστων
3670 1638 3689 1662 ,

2105 1691 2409 1745 θαλασσίων
2440 1707 2500 1743 τε
2547 1690 2641 1743 καὶ
2693 1690 2983 1760 χερσαίων,
3038 1687 3303 1758 ἐφιέμεθα
3334 1689 3428 1742 καὶ
3460 1689 3692 1760 μετέχο-

2108 1796 2225 1852 μεν.
2259 1778 2415 1832 Ούτω
2442 1779 2537 1832 καὶ¹
2583 1778 2692 1831 τῶν
2732 1778 3054 1849 ἀκαθάρτων
3086 1779 3194 1849 (69)
3238 1780 3330 1832 καὶ
3362 1779 3559 1834 ἀδίκων
3590 1780 3693 1833 καὶ

2104 1870 2435 1943 παρανόμων
2487 1869 2784 1940 ἀπέχεσθαι
2840 1870 2985 1940 ὑμᾶς
3043 1869 3327 1924 ἐκέλευσεν
3357 1872 3386 1923 ό
3432 1869 3561 1933 Θεὸς
3598 1871 3690 1925 διὰ

2105 1962 2381 2024 Μωῢσέως
2399 1978 2413 1991 ο
2441 1960 2625 2031 ἐπειδὴ
2655 1961 2748 2013 καὶ
2790 1961 2851 2013 τὸ
2877 1960 3054 2030 μάννα
3086 1960 3198 2031 (70)
3235 1960 3503 2023 ἐσθίοντες
3530 1962 3587 2014 ἐν
3615 1964 3686 2031 τῇ

2104 2054 2319 2125 ἐρήμῳ,
2354 2053 2545 2107 καὶτὰ
2593 2052 2873 2125 θαυμάσια
2917 2054 3093 2106 πάντα
3134 2052 3368 2124 ὁρῶντες
3397 2052 3527 2122 ὑμῖν
3577 2052 3690 2105 ὑπὸ

2102 2143 2237 2198 Θεοῦ
2278 2145 2575 2216 γινόμενα,
2629 2146 2831 2216 μόσχον
2892 2143 2983 2196 τὸν
3029 2148 3257 2214 χρύσεον
3318 2144 3685 2213 ποιήσαντες,

2103 2240 2506 2306 προσεκυνεῖτε.
2542 2237 2703 2289 Ὥστε
2747 2236 2970 2298 δικαίως
3003 2236 3089 2288 ἀεὶ
3121 2235 3250 2307 βοᾷ’
3293 2253 3312 2287 ι
3339 2235 3459 2290 Υίοὶ
3486 2236 3687 2290 ἀσύνε-

2100 2347 2181 2383 τοι
2201 2346 2215 2359 °
2246 2330 2346 2383 ούκ
2372 2329 2487 2383 ἔστι
2519 2331 2700 2395 πίστις
2726 2332 2783 2383 ἐν
2809 2330 3046 2394 αὐτοῖς.»

2169 2524 2259 2582 21.
2292 2526 2404 2580 Καὶ
2439 2524 2631 2579 ὅτιδιὰ
2662 2525 2763 2589 τὰς
2810 2526 3025 2590 ἀδικίας
3071 2525 3230 2597 ὑμῶν
3249 2525 3344 2580 καὶ
3373 2525 3483 2580 τῶν
3511 2526 3685 2581 πατέρ

2101 2634 2211 2689 ρων
2244 2618 2397 2689 ὑμῶν
2426 2620 2507 2682 είς
2540 2621 2786 2689 σημεῖον,
2816 2618 2891 2682 ὡς
2913 2619 3175 2689 προέφην,
3207 2619 3300 2671 καὶ
3327 2618 3387 2671 τὸ
3413 2618 3685 2673 σάϐϐατον

2098 2712 2409 2766 ἐντέταλται
2432 2715 2461 2765 ό
2480 2712 2612 2777 Θεὸς
2630 2713 2921 2781 φυλάσσειν
2942 2713 2972 2765 ύ
2980 2714 3108 2784 μᾶς,
3134 2712 3229 2765 καὶ
3259 2711 3327 2765 τὰ
3356 2711 3488 2766 ἄλλα
3510 2729 3686 2783 προσ-

2096 2804 2353 2875 τάγματα
2407 2805 2826 2876 προσετετάχει·
2889 2806 2983 2859 κα¹ι
3039 2806 3292 2876 σημαίνει
3350 2808 3433 2861 ὅτι
3477 2805 3565 2861 διά
3609 2806 3683 2860 τὰ

2098 2896 2247 2969 ἔθνη,
2283 2897 2372 2949 ἵνα
2404 2897 2478 2968 μὴ
2510 2896 2790 2968 βεϐηλωθῇ
2822 2897 3079 2968 τὸόνομα
3108 2899 3271 2952 αὑτοῦ
3301 2902 3427 2971 παρ’
3455 2901 3637 2964 αὐτοῖς
3659 2937 3679 2965 ,

2096 2989 2186 3042 διὰ
2220 2990 2376 3041 τοῦτο
2431 2991 2579 3043 εἴασε
2609 2989 2763 3053 τινὰς
2796 2989 2856 3055 ἐξ
2888 2989 3043 3061 ὑμῶν
3076 2990 3213 3055 ὅλως
3255 2991 3479 3058 ζῶντας,
3516 2986 3682 3048 αὗται

2098 3085 2153 3136 αί
2183 3084 2357 3152 φωναὶ
2390 3082 2555 3138 αὐτοῦ
2606 3084 2704 3156 τὴν
2735 3083 3004 3150 ἀπόδειξιν
3052 3085 3380 3155 ποιήσασθαι
3423 3086 3681 3141 δύνανται

416 3181 571 3235 vobis
621 3178 737 3251 ipsa
788 3176 907 3248 eius
952 3178 1119 3233 verba
1178 3177 1563 3233 demonstrare
1608 3187 1866 3248 possunt.
1916 3179 1990 3233 Ita

2104 3176 2247 3247 ὑμῖν.
2283 3178 2405 3231 Εἰσὶ
2453 3178 2509 3231 δὲ
2541 3178 2829 3250 εἰρημέναι
2886 3177 2973 3231 διὰ
3031 3176 3127 3231 τοῦ
3171 3178 3428 3250 Ἰεζεκιὴλ
3467 3179 3679 3243 οὕτως·

418 3284 601 3327 autem
642 3281 769 3327 sunt
815 3287 911 3342 per
941 3271 1288 3326 Eaechielem
1332 3285 1589 3339 expressa
1620 3288 1635 3326 :
1671 3290 1691 3324 ι
1741 3271 1853 3339 Ego
1884 3270 1992 3327 Do-

418 3368 601 3421 minus
630 3364 770 3422 Deus
796 3375 979 3420 vester
1011 3383 1024 3418 :
1060 3363 1112 3417 in
1144 3364 1432 3435 prteceptis
1462 3362 1597 3419 meis
1623 3365 1916 3430 ambulate,
1940 3373 1995 3419 et

413 3457 837 3528 iustificationes
883 3470 1031 3512 meas
1061 3454 1356 3520 custodite,
1402 3458 1457 3509 et
1499 3453 1553 3509 in
1600 3454 1998 3511 adinventioni-

417 3551 521 3607 bus
562 3549 781 3621 Egypti
833 3564 900 3603 ne
952 3546 1448 3613 commisceamini,
1497 3556 1553 3602 et
1596 3547 1821 3602 sabbata
1870 3563 1990 3601 mea

418 3641 775 3697 sanctiﬁcate.
828 3641 893 3694 Et
939 3641 1046 3695 erit
1092 3641 1309 3711 signum
1360 3641 1505 3695 inter
1554 3654 1641 3694 me
1682 3648 1739 3696 et
1784 3655 1882 3695 vos
1922 3640 1991 3695 ad

416 3734 701 3789 sciendum
739 3732 865 3802 quia
897 3748 998 3802 ego
1052 3732 1311 3787 Dominus
1354 3732 1498 3787 Deus
1529 3742 1730 3789 vester.
1761 3731 1829 3787 Et
1861 3746 1994 3788 exa-

416 3826 737 3882 cerbavistis
761 3840 868 3891 me,
904 3834 958 3881 et
990 3825 1082 3880 ﬁlii
1117 3826 1283 3881 vestri
1316 3825 1368 3880 in
1398 3827 1683 3896 praeceptis
1709 3825 1846 3880 meis
1883 3840 2015 3879 non.

416 3920 859 3983 ambulaverunt,
901 3926 957 3973 et
993 3917 1419 3985 iustiﬁcationes
1447 3933 1598 3973 meas
1638 3932 1744 3971 non
1795 3927 1991 3972 custo-

417 4014 634 4068 dierunt
672 4014 737 4067 ad
785 4011 1093 4066 faciendum
1125 4025 1241 4077 eas,
1266 4025 1402 4081 quas
1436 4012 1529 4081 qui
1568 4010 1762 4066 fecerit
1805 4011 1988 4076 homo,

416 4107 566 4160 vivet
628 4106 681 4159 in
743 4105 863 4169 eis,
914 4104 1139 4158 sabbata
1203 4112 1383 4158 autem
1441 4118 1561 4159 mea
1624 4105 1985 4179 violaverunt.

415 4196 484 4251 Et
515 4196 626 4251 dixi
665 4195 941 4251 eﬁ'undere
980 4196 1225 4251 furorem
1260 4210 1438 4252 meum
1480 4210 1645 4266 super
1680 4209 1777 4251 eos
1807 4196 1863 4250 in
1892 4197 1988 4251 de-

504 4418 555 4453 "
592 4418 751 4474 Deut.
781 4433 959 4483 xxxtt,
988 4417 1044 4483 6,
1077 4416 1167 4472 20.

487 4618 598 4689 (67)
780 4620 862 4689 μὴ
888 4618 1353 4703 ἀκούσεσθεέιιξι
1395 4620 1593 4703 legitur
1621 4621 1674 4674 in
1694 4619 1995 4703 forﬁcibus
2026 4648 2070 4703 ι)

413 4688 550 4756 Reg.
587 4699 643 4743 et
670 4688 911 4743 Clarum.
944 4702 995 4743 et
1023 4692 1163 4759 apud
1202 4689 1267 4743 Β.
1300 4688 1655 4760 Stephanum.
1693 4690 1846 4757 Legit
1888 4690 1987 4744 Pe-

413 4760 618 4832 rionins
639 4760 701 4832 οὐ
741 4761 815 4832 μὴ
847 4760 1096 4814 ἀκούετε.
1133 4761 1196 4814 ιι.
1234 4761 1542 4829 Stephanus
1571 4770 1625 4815 et
1657 4761 1988 4832 Sylburgius

416 4830 543 4883 illttd
574 4829 665 4883 τοῦ
702 4829 1116 4900 expungendum
1160 4832 1451 4891 duxerunt.
1485 4840 1647 4899 atque
1676 4829 1743 4887 ex
1793 4832 1989 4886 editio-

415 4901 575 4955 nibus
622 4900 1026 4957 Parisiensibus
1062 4903 1575 4971 expunctuml'uit;
1624 4903 1765 4958 haud
1807 4912 1986 4956 tamen

415 4971 533 5040 scio
562 4985 628 5023 an
665 4973 937 5025 immerito
970 4970 1328 5040 expunctum.
1378 4970 1511 5025 Nam
1548 4975 1601 5026 in
1635 4973 1790 5039 Apol.
1820 4988 1882 5035 ll,
1930 4988 1985 5024 n.

411 5038 472 5113 ᾖ,
503 5041 673 5094 refert
713 5042 962 5096 Justinus
1009 5038 1213 5113 dixiSse
1260 5042 1483 5113 Lucium
1534 5038 1830 5113 martyrem
1884 5042 1989 5097 Ur-

414 5110 587 5167 bice:
646 5113 752 5165 Τοῦ
807 5113 899 5165 τὸν
969 5112 1253 5183 ἄνθρωπον
1321 5112 1511 5166 τοῦτον
1558 5110 1861 5183 κέκόλάσω.
1928 5113 1985 5165 In

416 5190 651 5255 utgoqge
698 5184 815 5237 loco
855 5182 1213 5251 supplendum
1253 5184 1469 5238 videtur
1506 5182 1678 5255 χάριν
1706 5182 1988 5238 anteillud

412 5249 529 5303 τοῦ.
567 5251 760 5306 Totum
783 5249 1149 5317 hunciocum,
1175 5269 1240 5309 ex
1263 5270 1370 5322 quo
1394 5249 1682 5322 ἱιιιιιῖφατέ
1720 5255 1990 5308 immerito

414 5328 833 5401 expungendum
864 5326 1121 5378 censebat
1139 5323 1481 5401 Sylburgius,
1510 5339 1612 5393 0pc
1632 5325 1990 5378 accuratiorts

412 5395 869 5461 interpunctionis
905 5405 1158 5448 sanatum
1203 5404 1256 5449 et
1301 5395 1634 5449 illustratum
1669 5410 1844 5461 spero.

446 5532 457 5538 ⁸
486 5464 597 5538 (es)
614 5464 1069 5538 Βιὸρώσκεσθαι.
1090 5466 1529 5538 Subaudieudum
1556 5466 1878 5538 ἐπιτήδειον,
1902 5465 1985 5538 vel

415 5533 594 5588 simile
632 5536 987 5601 adjectivum,
1015 5549 1109 5589 aut
1149 5537 1438 5592 indicative
1467 5533 1751 5606 legenduiu
1783 5533 1986 5606 βιϐρω-

414 5617 635 5667 σκεται,
674 5608 1023 5661 ὃνιευιιοιυε.
1067 5606 1222 5671 Legit
1265 5605 1559 5673 Tbirlbius,
1593 5609 1715 5660 Ὂτι
1749 5608 1857 5659 πᾶν
1883 5605 1985 5659 λά-

413 5687 574 5741 χανον
606 5675 795 5748 χόρτος
832 5678 948 5729 ἐστὶ
980 5677 1076 5730 καὶ
1110 5675 1495 5748 βιόρώσκεται.

487 5747 599 5811 (νυ)
633 5746 795 5799 υῦτω
823 5749 919 5800 καὶ
954 5746 1318 5814 ἀκαθάρέων.
1350 5747 1443 5802 Sic
1472 5762 1531 5801 se
1566 5748 1727 5801 habet
1749 5746 1806 5801 S.
1839 5748 1982 5804 Mar-

417 5818 553 5878 tyris
600 5818 945 5871 ratiociuaio
1001 5818 1393 5887 interpretibus
1445 5820 1623 5873 minus
1669 5831 1974 5889 perspecta.

2103 3287 2121 3320 ‹
2164 3269 2305 3337 Ἐγὼ
2333 3269 2540 3341 Κύριος
2592 3272 2621 3323 ὁ
2657 3270 2789 3333 Θεὸς
2820 3270 3008 3341 ὑμῶν·
3044 3271 3103 3323 ὲν
3146 3274 3260 3333 τοῖς
3282 3271 3681 3343 προστάγμασι

2097 3378 2201 3432 μου
2234 3361 2552 3433 πορεύεσθε,
2588 3362 2681 3415 καὶ
2718 3364 2787 3416 τὰ
2844 3362 3190 3434 δικαιώματά
3223 3381 3324 3435 μου
3352 3362 3679 3432 φυλάσσετε,

2096 3456 2191 3508 καὶ
2223 3457 2280 3508 ἐν
2312 3458 2426 3519 τοῖς
2480 3456 2907 3526 ἐπιτηδεύμασιν
2949 3456 3228 3524 Αἰγύπτου
3270 3456 3346 3528 μὴ
3382 3456 3682 3527 συναναμί-

2094 3549 2312 3618 γνυσθε,
2348 3550 2442 3603 καὶ
2470 3548 2541 3603 τὰ
2562 3548 2808 3604 σάϐϐατά
2842 3566 2942 3620 μου
2975 3549 3260 3618 ἁγιάζετε·
3296 3550 3391 3602 καὶ
3422 3548 3573 3600 ἐσται
3596 3550 3684 3613 εἰς

2096 3644 2320 3711 σημεῖον
2340 3639 2442 3693 άνὰ
2476 3641 2640 3712 μέσον
2670 3638 2805 3711 ἐμοῦ
2834 3641 2926 3693 καὶ
2953 3640 2983 3693 ὑ
2992 3639 3132 3710 μῶν,
3160 3638 3256 3693 τοῦ
3283 3637 3569 3708 γινώσκειν
3593 3639 3682 3690 ὃτι

2095 3733 2206 3804 ἐγὼ
2232 3734 2434 3805 Κύριος
2464 3735 2493 3786 ό
2543 3733 2674 3795 Θεὸς
2718 3731 2891 3803 ὑμῶν.
2937 3733 3048 3785 Καὶ
3093 3730 3533 3803 παρεπικράνατέ
3569 3746 3637 3801 με
3660 3770 3680 3795 ,

2095 3828 2190 3881 καὶ
2217 3826 2288 3881 τὰ
2317 3830 2483 3881 τέκνα
2513 3825 2667 3897 ὑμῶν
2703 3824 2815 3897 (71)
2852 3827 2909 3878 ἐν
2956 3828 3070 3887 τοῖς
3122 3821 3508 3897 προστάγμασί
3570 3839 3679 3891 μου

2092 3920 2193 3975 οὐκ
2215 3919 2611 3991 ἐπορεύθησαν,
2647 3920 2742 3973 καὶ
2786 3918 2855 3972 τά
2902 3918 3250 3991 δικαιώματά
3284 3936 3385 3990 μου
3417 3919 3515 3971 οὐκ
3542 3917 3683 3987 ἐφύ-

2093 4011 2282 4077 λαξαν,
2314 4011 2407 4065 τοῦ
2444 4014 2620 4065 ποιεῖν
2651 4006 2821 4066 αὐτά’
2861 4011 2899 4066 ἃ
2928 4013 3159 4083 ποιήσας
3192 4011 3332 4067 αὐτὰ
3365 4011 3677 4083 ἄνθρωπος,

2094 4103 2319 4175 ζήσεται
2354 4105 2411 4157 ἐν
2442 4104 2658 4167 αὐτοῖς’
2691 4103 2826 4158 ἀλλὰ
2865 4104 2933 4157 τὰ
2965 4104 3209 4158 σάϐϐατά
3228 4122 3331 4175 μου
3360 4103 3675 4175 ἐὸεϐήλουν.

2093 4196 2204 4250 Καὶ
2234 4192 2365 4252 εἶπα
2397 4194 2489 4250 τοῦ
2513 4197 2699 4267 ἐκχέαι
2720 4197 2810 4249 τὸν
2837 4196 3006 4268 θυμόν
3036 4214 3136 4270 μου
3166 4197 3251 4250 ἐπ’
3274 4197 3468 4261 αὐτοὺς
3496 4197 3554 4250 ἐν
3604 4198 3677 4270 τῇ

2100 4619 2566 4687 Quemadmodum
2606 4618 2676 4673 ab
2715 4620 2958 4674 oleribus
2987 4618 3262 4674 nonnullis
3306 4619 3691 4686 abstinemus;

2102 4708 2205 4743 non
2231 4693 2374 4757 quod
2407 4692 2522 4760 lege
2554 4691 2659 4743 ulla
2697 4692 2859 4745 vetita
2886 4693 3016 4753 sint,
3059 4692 3150 4744 sed
3191 4692 3334 4759 quod
3366 4692 3562 4753 noxia;
3596 4693 3676 4747 ita

2098 4761 2183 4814 lex
2225 4762 2533 4816 abSIiueudi
2573 4763 2642 4814 ab
2675 4761 3005 4814 animalibus
3038 4761 3254 4826 iujustis
3283 4774 3337 4815 et
3373 4762 3675 4827 rapacibus

2096 4830 2223 4886 Noae
2273 4832 2525 4900 imposita
2575 4847 2680 4885 non
2714 4831 2838 4897 fuit,
2871 4831 2963 4885 sed
3011 4830 3167 4885 vobis
3198 4832 3267 4883 ob
3300 4842 3519 4898 peccata
3567 4833 3677 4888 hoc

2090 4900 2279 4970 jugum
2325 4900 2525 4970 imponi
2575 4904 2881 4969 Oportebat.
2938 4900 3161 4954 Frustra
3212 4916 3340 4969 ergo
3388 4900 3675 4958 Tbirlbius

2098 4990 2118 5023 ι
2156 4975 2243 5025 hic
2275 4973 2464 5027 deesse
2490 4972 2672 5038 aliqua
2704 4972 2869 5026 multa
2897 4990 2915 5022 ι
2952 4974 3207 5040 opinatus
3245 4981 3348 5025 est.
3677 5004 3682 5017 ι

2164 5042 2277 5112 (70)
2312 5042 2475 5097 Ἐπεὶ
2507 5043 2605 5095 καί
2644 5040 2717 5095 τὸ
2736 5041 2958 5111 μάννα,
2990 5053 3094 5095 etc.
3128 5041 3273 5095 Idem
3300 5047 3528 5096 testatur
3558 5042 3675 5095 Ire-

2095 5128 2267 5179 naeus,
2302 5112 2397 5166 lib.
2430 5129 2505 5177 tv,
2542 5127 2663 5180 cap.
2700 5113 2808 5165 15:
2843 5131 2863 5165 ι
2894 5116 2964 5166 At
3001 5113 3090 5166 ubi
3123 5113 3371 5166 conversi
3404 5121 3549 5177 sunt,
3583 5112 3672 5165 iu-

2099 5184 2235 5251 quit,
2286 5184 2354 5239 ad
2400 5183 2553 5238 vituli
2584 5183 2902 5247 factionem,
2946 5192 3002 5236 et
3055 5182 3260 5236 reversi
3302 5193 3431 5237 sunt
3464 5183 3672 5238 animis

2099 5256 2213 5308 suis
2245 5255 2298 5309 in
2331 5252 2648 5325 Egyptum,
2698 5254 2838 5307 servi
2871 5268 2967 5320 pro
2997 5253 3184 5307 liberis
3213 5255 3673 5325 concupiscentes

2096 5340 2244 5389 esse,
2280 5324 2461 5395 aptam
2503 5325 2958 5391 concupiscentiae
2988 5338 3098 5378 sua:
3124 5335 3449 5391 acceperunt
3487 5324 3671 5395 seni-

2098 5405 2288 5458 tutetu,
2318 5394 2350 5451 a
2392 5397 2502 5449 Deo
2532 5396 2751 5464 quidem
2787 5410 2893 5447 non
2922 5395 3358 5457 abscindentem,
3394 5394 3445 5447 in
3492 5394 3673 5447 servi-

2100 5467 2234 5535 tutis
2272 5475 2455 5520 autem
2480 5466 2610 5535 jugo
2636 5464 3010 5535 dominantem
3034 5466 3133 5520 eis.
3173 5483 3191 5517 ι
3228 5464 3375 5518 Idem
3413 5464 3673 5535 observat

2097 5533 2607 5590 Tertullianusilib.
2657 5550 2715 5599 tt,
2769 5537 2890 5588 adv.
2922 5533 3268 5598 Marcioncm,
3298 5550 3421 5605 cap.
3465 5533 3564 5605 l8:
3595 5535 3673 5586 At

2095 5605 2396 5661 luculenter
2425 5607 2617 5661 eadem
2668 5606 2941 5679 sententia
2967 5608 3261 5679 exponitur
3289 5601 3385 5660 libi
3420 5619 3477 5658 vt
3523 5601 3675 5657 Con-

2088 5684 2265 5730 autut.
2298 5686 2491 5743 apoal.,
2523 5692 2643 5746 cap.
2672 5675 2763 5730 20.

2161 5746 2273 5818 (71)
2304 5742 2850 5833 Ιζαρεπικράνατε...
2869 5744 3051 5818 ὑμῶν.
3073 5745 3282 5804 Biblia:
3316 5742 3668 5830 παρεπίκραν-

2087 5832 2249 5873 ναν...
2289 5832 2486 5874 αυτων.
2668 5842 2676 5852 ⁸
