4006 6254
420 399 530 459 523

1301 394 1359 450 S.
1395 392 1659 450 JUSTlNl
1700 393 2109 451 PHILOSOPHI
2147 394 2234 450 ET
2268 394 2628 453 MARTYRIS

3559 409 3670 464 524

426 523 551 568 sunt
599 513 702 570 sibi
755 512 890 582 ipsis
935 513 1125 567 domus
1156 509 1342 566 lsrael.
1383 511 1633 568 Transite
1689 527 1880 567 omnes
1926 511 1972 565 in

2086 528 2165 563 νοι
2187 510 2296 580 (81)
2318 511 2410 562 ἐπὶ
2441 515 2550 577 τοῖς
2566 515 2826 585 ἀρχηγοτς
2851 514 3244 586 ἀπετρύγησαν
3264 517 3442 589 ἀρχὰς
3465 517 3637 572 ἐθνῶν
3652 536 3677 552 ο

423 605 728 676 Chalanen,
759 612 814 659 et
841 604 1050 670 videte;
1092 602 1165 657 ite
1204 601 1332 657 inde
1373 603 1424 656 in
1464 603 1662 658 Amath
1710 619 1980 672 magnam,

421 708 478 752 et
529 698 842 754 descendite
889 697 1013 751 inde
1042 696 1094 749 in
1124 695 1264 750 Geth
1300 694 1749 767 alienigenarum,
1781 699 1986 768 optima

421 805 487 845 ex
537 791 792 844 omnibus
833 789 1014 859 regnis
1065 787 1181 854 his;
1213 788 1258 841 si
1289 787 1578 855 ampliores
1612 799 1739 845 sunt
1769 789 1985 846 termini

421 897 607 938 eorum
639 881 885 937 terminis
913 882 1130 936 vestris.
1165 883 1453 938 Venientes
1488 881 1544 936 in
1585 883 1723 938 diem
1760 883 1983 949 malum,

421 976 943 1047 appropinquantes,
972 987 1028 1031 et
1073 986 1355 1048 tangentes
1401 977 1624 1032 sabbata
1674 977 1983 1040 mendacia,

421 1067 757 1121 durmientes
801 1068 850 1120 in
888 1067 1044 1123 lectis
1079 1068 1358 1130 eburneis.
1384 1066 1663 1123 aﬁluentes
1685 1067 1893 1122 deliciis
1930 1069 1984 1121 in

420 1156 612 1210 stratis
662 1156 798 1223 suis,
853 1159 942 1225 qui
971 1158 1140 1212 edunt
1180 1173 1349 1228 agnos
1396 1160 1462 1211 de
1519 1156 1793 1227 gregibus,
1826 1165 1880 1209 et
1901 1155 1982 1208 la—

418 1256 633 1305 utentes
665 1246 858 1300 vitulos
894 1249 960 1301 de
995 1249 1174 1302 medio
1209 1258 1601 1313 armentorum,
1633 1247 1724 1315 qui
1755 1246 1982 1316 applau-

417 1339 551 1393 dunt
581 1339 648 1394 ad
682 1354 868 1394 vocem
923 1355 1278 1410 organorum,
1325 1339 1479 1410 quasi
1525 1339 1721 1394 stantia
1757 1347 1982 1409 putave-

417 1440 565 1495 runt,
605 1439 804 1486 etnon
854 1434 1008 1500 quasi
1054 1431 1336 1502 fugiéntia.
1384 1430 1486 1498 Qui
1542 1431 1736 1485 bibunt
1785 1432 1984 1501 pliialis

416 1523 622 1587 vinum,
655 1532 711 1577 et
737 1524 928 1592 primis
980 1523 1271 1592 unguentis
1308 1533 1581 1590 unguntur
1617 1531 1672 1576 et
1715 1522 1847 1576 nihil
1891 1537 1985 1592 pa-

417 1615 696 1669 tiebantur
712 1651 714 1654 τ
730 1630 891 1682 super
907 1615 1233 1668 contritione
1249 1613 1469 1682 Joseph.
1489 1613 1828 1682 Quapropter
1845 1630 1984 1669 nunc

414 1707 613 1776 captivi
639 1707 869 1761 eruntin
895 1706 1068 1775 primo
1088 1705 1278 1759 ordine
1307 1705 1629 1775 optimatum
1665 1705 1775 1759 alio
1807 1714 1984 1758 trans-

413 1797 652 1852 euntium
720 1805 777 1851 et
848 1796 1293 1850 trausmulabitur
1362 1796 1697 1850 domicilium
1777 1796 1984 1850 maleﬁ-

2088 603 2337 673 εἰσῆλθον
2387 606 2599 670 ἑαυτοῖς
2637 603 2782 672 οἶκος
2831 608 2940 677 (8'2)
2981 609 3215 680 Ἰσραήλ.
3247 611 3481 682 Διάϐητε
3539 614 3685 669 πάν-

2086 711 2177 759 τες
2223 695 2333 766 (85)
2386 697 2466 760 είς
2506 697 2781 770 Χαλάνην,
2833 699 2928 752 καὶ
2991 699 3152 764 ἴδετε,
3210 702 3306 755 καὶ
3364 703 3682 776 πορεύθητε

2087 785 2295 838 ἐκεῖθεν
2338 788 2418 850 είς
2466 789 2636 858 Ἀμὰθ
2672 789 2768 860 τὴν
2805 791 3062 861 μεγάλην,
3098 793 3192 847 καὶ
3225 796 3500 866 κατάϐητε
3533 800 3685 852 ἐκεῖ·

2087 875 2177 929 θεν
2214 878 2292 942 είς
2325 877 2424 930 Γὲθ
2475 879 2581 931 τῶν
2625 880 2958 950 ἀλλοφύλων,
2995 884 3093 948 τὰς
3127 886 3424 955 κρατίστας
3460 890 3528 940 ἐκ
3564 907 3680 944 πα·-

2088 967 2196 1020 σῶν
2228 968 2333 1022 τῶν
2367 969 2654 1039 βασιλειῶν
2701 972 2924 1037 τούτων,
2960 976 3009 1028 εἰ
3042 975 3264 1029 πλείονα
3294 978 3412 1030 ἐστὶ
3445 979 3514 1033 τά
3549 981 3720 1051 apta."

2085 1059 2262 1111 αὐτῶν
2306 1059 2412 1112 τῶν
2457 1062 2621 1132 ὁρίων
2666 1062 2840 1134 ὑμῶν.
2878 1066 2940 1118 Οἱ
3003 1066 3286 1137 ἐρχόμενοι
3332 1071 3413 1133 είς
3459 1073 3686 1141 ἡμέραν

2087 1151 2347 1220 πονηρὰν,
2382 1153 2430 1205 οἱ
2467 1153 2797 1221 ἐγγίζοντες,
2834 1156 2929 1209 καὶ
2976 1159 3341 1230 ἐφαπτόμενοι
3388 1163 3683 1216 σαϐϐάτων

2084 1242 2322 1312 ψευδῶν·
2359 1247 2408 1297 οἱ
2442 1244 2770 1317 κοιμώμενοι
2803 1247 2896 1300 ἐπὶ
2929 1248 3123 1303 κλινῶν
3156 1251 3540 1320 ἐλεφαντίνων,
3579 1258 3684 1309 καὶ

2084 1336 2610 1402 κατασπαταλῶντες
2667 1338 2761 1391 ἐπὶ
2826 1342 2944 1404 ταῖς
3002 1317 3313 1413 στρωμναῖς
3360 1345 3571 1399 αὐτῶν·
3621 1349 3680 1400 οἱ

2085 1424 2352 1491 ἐσθίοντες
2386 1427 2552 1499 ἄρνας
2587 1431 2647 1482 ἐκ
2675 1433 2957 1501 ποιμνίων,
2976 1434 3070 1486 καὶ
3107 1437 3376 1507 μοσχάρια
3408 1439 3472 1490 ἐκ
3499 1439 3672 1508 μέσου

2087 1515 2377 1585 βουκολίων
2410 1518 2689 1589 γαλαθηνά
2709 1537 2721 1548 '
2757 1523 2806 1574 οἱ
2841 1523 3381 1596 ἐπικροτοῦντες(84)
3414 1531 3548 1598 πρὸς
3573 1530 3681 1601 τὴν

2085 1609 2266 1680 φωνὴν
2329 1610 2433 1663 τῶν
2496 1612 2773 1682 ὀργάνωνο
2821 1613 2896 1678 ὡς
2943 1616 3148 1670 ἑστῶτα
3196 1619 3524 1687 ἐλογίσαντο,
3573 1624 3678 1676 καὶ

2084 1701 2182 1772 ούχ
2211 1701 2288 1766 ὡς
2323 1701 2622 1771 φεύγοντα·
2653 1707 2700 1757 οἱ
2735 1705 2980 1772 πίνοντες
3015 1709 3073 1761 ἐν
3107 1711 3325 1777 φιάλαις
3359 1709 3499 1766 οἶνον
3534 1715 3675 1784 (85),

2085 1792 2181 1844 καὶ
2239 1793 2304 1846 τὰ
2352 1793 2544 1864 πρῶτα
2591 1794 2740 1865 μύρα
2783 1796 3083 1866 χριόμενοι,
3131 1800 3226 1852 καὶ
3271 1802 3370 1853 οὐκ
3433 1803 3677 1873 ἔπασχον

413 1903 628 1954 corum;
650 1896 704 1942 et
724 1887 941 1944 tolletur
958 1889 1205 1944 hinnitus
1227 1903 1490 1958 equorum
1508 1904 1571 1942 ex
1590 1887 1845 1957 Ephraim
1862 1891 1929 1943 ⁷⁸.
1957 1909 1972 1942 ι

2084 1885 2234 1936 οὐδὲν
2281 1885 2373 1937 ἐπὶ
2433 1889 2496 1956 τῇ
2546 1887 2802 1958 συντριϐῇ
2837 1887 2930 1940 τοῦ
2968 1888 3188 1962 Ἰωσήφ.
3227 1893 3326 1946 Διὰ
3374 1893 3527 1947 τοῦτο
3574 1896 3677 1949 νῦν

410 1981 490 2034 Ac
507 1995 696 2035 rursus
713 1994 808 2052 per
823 1979 1141 2036 Jeremiam:
1164 2000 1181 2032 ι
1201 1980 1536 2050 Congregate
1553 1995 1745 2033 carnes
1769 1991 1982 2036 vestras

413 2083 467 2129 et
488 2073 756 2137 victimas,
771 2082 824 2128 et
840 2075 1124 2129 comedite.
1144 2073 1278 2141 Quia
1301 2088 1405 2127 nou
1425 2073 1490 2128 de
1508 2073 1742 2128 victimis
1765 2084 1818 2126 et
1837 2073 1973 2128 liba-

411 2165 644 2220 tiouibus
659 2165 884 2236 praecepi
904 2166 1146 2234 patribus
1168 2166 1385 2228 vestris,
1401 2180 1507 2234 quo
1531 2165 1616 2219 die
1641 2164 1978 2234 apprehendi

410 2271 628 2311 manqu
659 2271 845 2310 eorum
877 2259 1246 2310 uteducerem
1279 2273 1372 2313 eos
1401 2259 1469 2312 de
1500 2267 1644 2312 terra
1672 2257 1976 2328 ngypti".

409 2345 477 2399 Et
530 2362 746 2401 rursum
800 2363 896 2416 per
947 2347 1202 2403 Davidem
1255 2349 1310 2402 in
1361 2349 1780 2420 quadragesimo
1832 2365 1974 2404 nono

407 2439 618 2509 psalmo
651 2439 728 2493 sic
779 2438 992 2494 locutus
1038 2450 1168 2494 est:
1212 2459 1230 2491 ι
1269 2441 1411 2496 Deus
1455 2443 1675 2496 deorum
1723 2443 1979 2497 Dominus

408 2533 624 2589 locutus
657 2541 765 2598 est,
797 2540 852 2587 et
892 2532 1104 2586 vocavit
1153 2541 1352 2586 terram
1401 2549 1430 2585 a
1482 2533 1611 2587 solis
1655 2543 1780 2586 ortu
1808 2547 1980 2602 usque

407 2626 474 2679 ad
521 2640 775 2680 occasum
811 2641 825 2677 :
857 2639 923 2678 ex
963 2623 1094 2678 Sion
1153 2623 1371 2691 species
1409 2623 1624 2678 decoris
1669 2623 1807 2692 ejus.
1836 2625 1976 2678 Deus

405 2716 689 2771 manifeste
730 2717 933 2781 veniet,
958 2715 1098 2768 Deus
1129 2727 1334 2780 uoster,
1359 2725 1414 2769 et
1453 2730 1557 2770 non
1599 2715 1796 2768 silebit.
1827 2714 1976 2783 Ignis

403 2808 459 2864 in
489 2818 781 2880 conspectu
814 2808 933 2878 ejus
981 2795 1217 2875 ardebit,
1247 2817 1304 2860 et
1343 2807 1395 2860 in
1428 2807 1661 2862 circuitu
1694 2805 1810 2874 ejus
1842 2814 1976 2860 lem-

401 2909 584 2971 pcstas
636 2901 838 2956 valida.
864 2899 1169 2954 Advocabit
1212 2898 1412 2952 utrium
1443 2915 1658 2954 sursum
1687 2907 1744 2952 et
1776 2907 1972 2952 terram

401 2992 714 3048 discernere
763 2991 1018 3062 populum
1074 3005 1253 3048 suum.
1307 2991 1648 3060 Congregate
1699 2991 1856 3059 122
1896 2990 1972 3043 illi

400 3094 621 3142 sanctos
647 3083 783 3152 ejus,
807 3085 898 3151 qui
929 3084 1226 3152 disponunt
1253 3091 1643 3137 testamentum
1665 3083 1784 3152 ejus
1813 3098 1974 3152 super

399 3176 668 3232 sacriﬁcia
696 3192 710 3239 ;
741 3184 794 3229 et
819 3173 1217 3229 annuntiabunt
1249 3173 1368 3229 coeli
1387 3173 1657 3244 justitiam
1683 3171 1824 3243 ejus,
1847 3190 1974 3244 quo-

2085 1975 2415 2046 αἰχμάλωτοι
2464 1976 2674 2029 ἔσονται
2707 1979 2802 2030 ἀπ’
2837 1979 3011 2049 ἀρχῆς
3044 1981 3321 2035 δυναστῶν
3355 1984 3460 2037 τῶν
3504 1987 3674 2039 ἀποι-

2083 2067 2383 2139 κιζομένων
2429 2069 2560 2140 (86),
2595 2069 2694 2122 καὶ
2745 2075 3268 2145 μεταστραφήσεται
3316 2075 3522 2148 οἴκημα
3568 2097 3674 2133 κα-

2083 2158 2348 2230 κούργων,
2388 2160 2482 2213 καὶ
2537 2160 2896 2232 ἐξαρθήσεται
2955 2165 3320 2236 χρεμετισμὸς
3379 2167 3559 2219 ἵππων
3607 2167 3674 2234 ἐξ

2106 2248 2361 2320 Ἐφραΐμ.
2391 2267 2408 2298 ι
2440 2249 2549 2302 Καὶ
2598 2250 2759 2303 πάλιν
2801 2252 2889 2304 διὰ
2930 2253 3224 2324 Ἰερεμίου’
3273 2274 3289 2305 ι
3326 2257 3673 2325 Συναγάγετε

2081 2341 2147 2394 τὰ
2181 2341 2316 2412 κρέα
2348 2341 2500 2412 ὑμῶν
2534 2343 2751 2407 καὶτὰς
2790 2343 2998 2409 θυσίας,
3033 2347 3128 2398 καὶ
3161 2348 3362 2414 φάγετε
3383 2365 3395 2377 °
3433 2351 3515 2402 δτι
3541 2348 3675 2402 οὔτε

2083 2434 2211 2503 περὶ
2245 2433 2443 2486 θυσιῶν
2485 2433 2517 2504 ἢ
2572 2434 2812 2488 σπονδῶν
2863 2437 3216 2508 ἐνετειλάμην
3249 2443 3357 2504 τοῖς
3397 2442 3676 2512 πατράσιν

2078 2526 2252 2596 ὑμῶν,
2355 2527 2537 2597 ἡμέρα
2581 2528 2926 2598 ἐπελαθόμην
2959 2531 3058 2600 τῆς
3094 2531 3275 2602 χειρὸς
3305 2533 3501 2596 αὐτῶν,
3535 2533 3672 2599 ἐξαο

2077 2624 2267 2688 γαγεῖν
2319 2621 2515 2684 αὐτοὺς
2566 2623 2628 2673 ἐκ
2672 2622 2774 2692 γῆς
2820 2623 3113 2691 Αἰγύπτου.
3159 2644 3176 2675 ι
3226 2625 3337 2678 Καὶ
3372 2625 3528 2678 πάλιν
3575 2626 3673 2681 διὰ

2074 2713 2239 2765 Δαϐὶδ
2291 2715 2348 2765 ἐν
2404 2714 2822 2784 τεσσαρακοστῷ
2878 2715 3052 2787 ἐνάτῳ
3085 2717 3284 2788 ψαλμῷ
3316 2718 3486 2783 οὕτως
3519 2719 3626 2789 ἔφη
3648 2735 3666 2749 ο

2081 2823 2098 2854 ι
2143 2803 2275 2868 Θεὸς
2330 2805 2465 2858 θεῶν
2509 2807 2713 2877 Κύριος
2752 2809 3000 2878 ἐλάλησε,
3029 2809 3124 2862 καὶ
3166 2810 3392 2864 ἐκάλεσε
3431 2812 3524 2882 τὴν
3556 2813 3672 2882 γῆν

2073 2896 2180 2950 ἀπὸ
2213 2897 2483 2949 ἀνατολῶν
2522 2898 2671 2967 ἡλίου
2725 2898 2883 2969 μέχρι
2912 2899 3151 2969 δυσμῶν.
3191 2901 3288 2953 Ἐκ
3325 2901 3461 2953 Σιὼν
3499 2905 3532 2973 ἡ
3568 2906 3668 2956 εύ-

2074 2984 2310 3054 πρέπεια
2356 2985 2453 3055 τῆς
2504 2986 2836 3059 ὡραιότητος
2892 2988 3076 3041 αὑτοῦ.
3126 2990 3184 3042 Ὀ
3233 2990 3364 3054 Θεὸς
3402 2993 3668 3062 ἐμφανῶς

2070 3073 2209 3143 ἥξει,
2243 3077 2282 3141 .ὁ
2315 3075 2446 3139 Θεὸς
2502 3076 2676 3147 ήμῶν,
2731 3079 2825 3131 καὶ
2879 3079 2939 3131 οὐ
2993 3084 3504 3154 παρασιωπήσεται.
3541 3084 3669 3156 Πῦρ

2071 3165 2296 3220 ἐνώπιον
2317 3168 2478 3220 αὑτοῦ
2514 3169 2868 3242 καυθήσεται,
2887 3173 2981 3226 καὶ
3009 3173 3191 3244 κύκλῳ
3216 3174 3375 3228 αὐτοῦ
3406 3180 3668 3247 καταιγὶς

398 3267 545 3323 niam
601 3266 742 3320 Deus
794 3265 958 3334 judex
1016 3275 1123 3320 est.
1175 3265 1344 3326 Audi,
1419 3263 1614 3334 popule
1673 3279 1859 3330 meus,
1917 3274 1970 3319 ct

2080 3258 2293 3330 σφόδρα.
2315 3260 2749 3331 Προσκαλέσεται
2782 3264 2872 3315 τόν
2895 3265 3120 3336 οὐρανὸν
3150 3266 3261 3320 ἄνω
3294 3269 3388 3320 καὶ
3409 3269 3502 3338 τὴν
3527 3270 3666 3340 γῆν,

396 3360 595 3432 loquar
641 3360 773 3424 tibi,
810 3359 1000 3423 Israel,
1039 3368 1093 3412 et
1130 3358 1466 3413 testiﬁcabor
1491 3357 1607 3412 tibi.
1640 3357 1804 3423 Deus,
1829 3358 1971 3412 Deus

397 3462 526 3509 tuus
551 3468 650 3523 ego
681 3467 822 3506 sum.
867 3449 981 3504 Non
1023 3452 1074 3504 in
1119 3451 1406 3505 sacriﬁciis
1462 3449 1568 3504 tuis
1615 3464 1838 3519 arguam
1883 3459 1964 3511 te;

398 3549 716 3604 holocausta
746 3554 927 3600 autem
965 3554 1053 3600 tua
1088 3546 1142 3599 in
1187 3555 1478 3614 conspectu
1520 3559 1638 3600 meo
1668 3551 1794 3598 sunt
1819 3560 1966 3598 sem-

393 3655 520 3709 per.
549 3636 664 3692 Non
699 3638 962 3705 accipiam
997 3637 1060 3690 de
1095 3636 1256 3691 domo
1301 3645 1388 3690 tua
1427 3634 1646 3699 vitulos,
1686 3649 1861 3704 neque
1898 3637 1966 3690 de

393 3731 650 3802 gregibus
704 3729 810 3784 tuis
865 3729 1076 3793 hircos;
1121 3728 1377 3798 quoniam
1431 3742 1563 3781 mea:
1611 3735 1735 3780 sunt
1772 3740 1964 3780 omnes

392 3822 580 3877 bestia:
612 3820 752 3890 agri,
797 3835 992 3890 pecora
1026 3821 1078 3874 in
1125 3820 1398 3875 montibus
1437 3829 1493 3872 et
1521 3819 1702 3874 boves.
1724 3817 1965 3888 Cognovi

392 3913 575 3970 omnia
601 3912 840 3967 volatilia
873 3912 998 3966 caeli
1031 3921 1085 3966 et
1133 3911 1343 3981 species
1377 3911 1492 3982 agri
1527 3926 1738 3966 mecum
1771 3920 1874 3966 est.
1905 3911 1962 3965 Si

393 4005 661 4066 esuriero,
701 4018 810 4057 non
862 4004 1038 4058 dicam
1097 4004 1224 4070 tibi;
1280 4018 1433 4057 meus
1471 4013 1554 4057 est
1609 4003 1754 4058 enim
1812 4002 1962 4056 orbis

391 4103 572 4162 terrae,
603 4105 659 4151 et
683 4095 962 4166 plenitudo
991 4097 1128 4166 ejus.
1175 4095 1427 4164 Nunquid
1470 4093 1808 4148 manducabo
1840 4108 1963 4148 car-

358 4189 490 4242 'nes
551 4188 879 4242 taurorum?
932 4197 1026 4241 aut
1085 4187 1399 4256 sanguinem
1437 4187 1708 4240 hircorum
1739 4185 1967 4255 putabo?

390 4278 613 4334 lmmola
648 4279 761 4333 Deo
792 4279 1125 4334 sacriﬁcium
1160 4279 1330 4332 laudis
1363 4294 1378 4331 :
1409 4287 1463 4331 et
1492 4278 1654 4331 redde
1683 4278 1962 4332 Altissimo

392 4379 516 4426 vota
541 4379 655 4425 tua.
674 4369 739 4423 Et
763 4369 954 4426 invoca
990 4384 1074 4423 me
1095 4369 1147 4424 in
1178 4369 1263 4424 die
1289 4368 1674 4435 tribulationis,
1691 4378 1746 4424 et
1770 4384 1960 4423 eruam

456 4549 504 4581 "
541 4549 706 4605 Amos
756 4563 810 4614 v,
843 4548 909 4602 l8
943 4564 1116 4618 usque
1148 4548 1215 4604 ad
1246 4547 1432 4613 ﬁnem,
1461 4556 1516 4604 et
1550 4565 1622 4614 vi,
1665 4546 1778 4602 1-6.

458 4727 568 4800 (81)
624 4731 689 4782 Ol
737 4728 1167 4799 ὠνομασμένοι.
1218 4727 1337 4783 Jam
1394 4728 1548 4800 multi
1599 4728 1959 4783 observarunt
1991 4732 2036 4788 D

387 4798 527 4854 duas
552 4798 661 4854 hoc
688 4800 808 4854 loco
848 4798 1326 4869 interpretationes
1368 4815 1396 4852 a
1437 4798 1651 4853 Justino
1683 4800 1956 4869 conjungi.

385 4869 520 4924 Nam
547 4870 686 4938 apud
715 4868 1066 4940 Septuaginta
1099 4887 1195 4940 pro
1228 4872 1311 4923 bis
1346 4871 1601 4940 verbisgoi
1636 4868 1959 4939 ὠνομασμέ-

385 4957 515 5010 νοι,
552 4951 686 5010 etc.,
746 4938 1005 4994 liabeuius
1078 4938 1288 4994 tantum
1346 4938 1956 5010 ἀπετρύγησανὰρχάς

386 5009 578 5064 ἐθνῶν.
605 5009 720 5064 Νοη
761 5021 939 5064 tamen
967 5013 1292 5065 crediderim
1328 5014 1461 5063 duas
1492 5009 1518 5061 a
1549 5010 1762 5063 Justino
1795 5012 1957 5062 inter-

383 5083 716 5149 pretationes
745 5082 1060 5152 conjunctas
1092 5081 1279 5145 fuisse;
1313 5081 1404 5134 sed
1441 5079 1775 5152 probabilius
1806 5080 1957 5131 vide-

389 5147 478 5221 tur
508 5167 653 5214 eum,
711 5152 759 5203 id
811 5147 953 5221 quod
1000 5153 1049 5204 ei
1092 5167 1198 5206 non
1254 5166 1379 5204 raro
1431 5147 1650 5214 accidit,
1693 5147 1852 5221 aliter
1897 5164 1962 5200 ac.

387 5216 740 5290 Septuaginta
803 5216 1216 5288 interpretatum
1280 5235 1434 5283 esse;
1485 5235 1731 5290 quorum
1765 5219 1958 5272 deinde

386 5289 769 5360 interpretatio
803 5293 869 5345 ad
906 5292 1202 5358 marginem
1238 5292 1305 5343 ab
1340 5291 1520 5358 aliquo
1552 5289 1772 5342 librario
1794 5305 1960 5358 appo-

385 5361 510 5424 sita,
547 5361 705 5414 facile
740 5362 791 5415 in
827 5370 1032 5430 textum
1066 5363 1326 5430 obrepere
1363 5360 1558 5426 putuit.

458 5431 566 5501 (8'2)
607 5431 869 5496 Ἐαυτοῖς
901 5427 1080 5496 ιιῖχρς.
1117 5424 1284 5485 Biblia
1324 5424 1561 5485 liornana
1597 5429 1750 5482 αὐτοὶ
1789 5424 1954 5492 οἶκος.

383 5500 652 5568 Ουηινιιιι.
690 5505 768 5564 εἰς
801 5502 1014 5564 αὐτούς.

457 5571 568 5641 (85)
590 5571 834 5636 Πάντες.
857 5571 995 5626 LXX
1029 5588 1134 5625 non
1189 5569 1784 5641 adduutei;_Xa‘/t&vr,V,
1813 5571 1954 5623 unde

385 5639 609 5708 conjicit
643 5641 886 5695 Nobilius
921 5647 1055 5697 duas
1095 5643 1374 5695 versioues
1415 5658 1444 5693 a
1479 5639 1690 5695 Justiuo
1721 5643 1948 5709 conjun-

389 5720 506 5763 ctas
547 5710 738 5772 fuisse,
784 5714 908 5781 quia
949 5730 970 5765 ι
1026 5714 1076 5766 in
1127 5711 1356 5765 Hdbl‘3l‘0
1391 5712 1574 5781 dictio,
1603 5727 1722 5779 qua:
1781 5713 1948 5780 signi-

389 5784 513 5833 licat
541 5797 748 5846 omnes,
789 5780 893 5837 non
929 5783 1153 5837 multum
1192 5785 1354 5836 distat
1390 5797 1416 5832 a
1460 5780 1717 5835 Chalaue.
1764 5802 1780 5833 ι

2070 3351 2159 3404 τοῦ
2185 3353 2458 3424 διακρῖναι
2491 3354 2580 3406 τὸν
2615 3354 2746 3408 λαὸν
2776 3356 2960 3412 αὐτοῦ.
2989 3359 3330 3426 Συναγάγετε
3358 3361 3503 3430 αὐτῷ
3533 3363 3670 3428 τοὺς

2068 3445 2248 3509 ὁσίους
2268 3445 2450 3510 αὐτοῦ,
2474 3448 2598 3510 τοὺς
2631 3447 3038 3518 διατιθεμένους
3071 3450 3168 3521 τήν
3196 3449 3459 3522 διαθήκην
3492 3453 3664 3506 αὐτοῦ

2066 3537 2160 3589 ἐπὶ
2191 3535 2422 3601 θυσίαις.
2458 3538 2566 3592 Καὶ
2597 3539 2984 3607 ἀναγγελοῦσιν
3014 3542 3060 3594 οἱ
3095 3542 3312 3612 οὐρανοὶ
3336 3543 3431 3613 τὴν
3458 3543 3666 3598 δικαιο-

2066 3629 2233 3699 σύνην
2272 3628 2456 3692 αὐτοῦ,
2480 3631 2559 3682 ὅτι
2590 3630 2618 3682 ὁ
2647 3630 2778 3694 Θεὸς
2802 3633 2995 3704 κριτής
3022 3634 3187 3686 ἐστιν.
3224 3636 3503 3699 Ἀκουσον,
3527 3635 3664 3702 λαός

2073 3737 2195 3791 μου,
2228 3719 2322 3772 καὶ
2349 3718 2568 3790 λαλήσω
2590 3737 2702 3774 σοι·
2752 3721 2968 3792 Ἰσραὴλ
2992 3762 3006 3784 ,
3039 3723 3136 3774 καὶ
3172 3722 3656 3795 διαμαρτυροῦμαί

2070 3829 2152 3865 σοι
2173 3831 2185 3843 ’
2217 3814 2409 3879 ὁΘεὸς,
2429 3815 2456 3866 ὁ
2473 3815 2602 3878 Θεός
2633 3830 2726 3865 σου
2757 3813 2872 3883 εἰμὶ
2890 3812 3016 3882 ἐγώ.
3038 3814 3151 3866 Οὐκ
3170 3815 3262 3866 ἐπὶ
3291 3821 3407 3880 ταξς
3442 3816 3662 3882 θυσίαις

2067 3922 2160 3958 σου
2199 3905 2399 3973 ἐλέγξω
2431 3922 2488 3957 σε
2509 3922 2520 3934 ·
2559 3906 2625 3958 τὰ
2647 3905 2702 3956 δὲ
2732 3903 3155 3975 ὁλοκαυτώματά
3176 3923 3268 3959 σου
3299 3906 3523 3960 ἐνώπιόν
3551 3926 3663 3978 μου

2065 3998 2181 4050 ἐστὶ
2210 3998 2517 4061 διαπαντός.
2544 3997 2616 4048 Ού
2640 3995 2859 4066 δέξομαι
2887 3998 2949 4049 ἐκ
2971 3997 3060 4049 τοῦ
3092 3998 3242 4051 οἴκου
3274 4017 3366 4052 σου
3398 4001 3657 4071 μόσχους,

2067 4091 2184 4143 οὐδὲ
2240 4092 2303 4143 ἐκ
2348 4089 2452 4143 τῶν
2502 4091 2762 4161 ποιμνίων
2796 4109 2889 4144 σου
2928 4093 3229 4164 χιμάρους·
3267 4095 3348 4146 ὅτι
3393 4096 3501 4165 ἐμά
3535 4096 3659 4147 ἐστι

2067 4183 2243 4236 πάντα
2275 4183 2341 4238 τὰ
2371 4182 2533 4254 θηρία
2568 4182 2660 4234 τοῦ
2708 4183 2900 4252 ἀγροῦ,
2932 4186 3103 4256 κτήνη
3135 4187 3192 4237 ἐν
3221 4187 3332 4248 τοῖς
3365 4185 3514 4256 ὄρεσι
3556 4184 3658 4236 καὶ

2063 4275 2206 4346 βόες.
2245 4276 2496 4344 Ἔγνωκα
2549 4275 2724 4328 πάντα
2776 4275 2843 4328 τὰ
2889 4276 3107 4328 πετεινὰ
3147 4276 3238 4328 τοῦ
3268 4275 3516 4347 ούρανοῦ,
3555 4276 3657 4328 καὶ

2060 4367 2329 4438 ὡραιότης
2357 4365 2525 4437 ἀγροῦ
2551 4365 2659 4436 (87)
2700 4368 2816 4437 μετ’
2851 4367 2982 4437 ἐμοῦ
3013 4368 3175 4420 ἐστιν.
3233 4368 3356 4420 Ἐὰν
3385 4368 3655 4432 πεινάσω,

1857 4548 1902 4577 ⁷⁰
1939 4544 2054 4603 Jer.
2089 4561 2189 4612 vn,
2223 4546 2308 4608 ‘21,
2339 4546 2426 4599 22.

2137 4728 2247 4800 (84)
2286 4730 2351 4781 Οἱ
2382 4727 2853 4800 ἐπικροτοῦντξς.
2894 4727 2980 4800 Ιιιι
3020 4727 3186 4782 editio
3232 4725 3353 4800 Ald.
3379 4736 3440 4800 iet
3477 4724 3653 4782 Com-

2067 4799 2202 4866 plut.
2231 4798 2286 4852 et
2315 4802 2435 4853 cod.
2468 4802 2623 4852 Alex.
2659 4809 2711 4851 et
2758 4798 3125 4852 Tertullianus
3161 4805 3214 4852 et
3248 4799 3477 4867 Cyrillus
3509 4801 3651 4853 Ale-

2068 4871 2391 4930 xandrinus,
2423 4870 2643 4936 aliique.
2677 4868 2900 4937 Legitur
2922 4867 3344 4938 ἐπικρατοῦντες
3371 4869 3422 4921 iu
3455 4869 3651 4923 Bibiiis

2065 4939 2349 4993 Rmuanis.
2391 4940 2698 4993 Tumuuus.

2098 5011 2250 5094 τ(85)
2295 5011 2391 5063 Ἑν
2429 5008 2672 5079 φιάλαις
2703 5005 2888 5063 οἶνον.
2917 5006 3061 5064 LXX
3095 5025 3108 5060 :
3143 5008 3246 5062 Τὸν
3306 5007 3649 5078 διυλισμένον

2067 5096 2228 5132 οινον.

2138 5151 2246 5221 (86)
2279 5149 2403 5204 Τῶν
2429 5147 2902 5218 ἀποικίζομένων.
2931 5150 3056 5204 Hmc
3077 5152 3270 5202 desunt
3303 5148 3441 5215 apud
3463 5147 3640 5221 LXX.

2065 5220 2267 5274 Desunt
2301 5222 2465 5290 etiarn
2493 5237 2612 5287 qua:
2646 5232 2969 5290 sequuntur,
2995 5221 3090 5273 καὶ
3126 5220 3644 5290 μεταστραφήσεται

2055 5292 2266 5361 οἴκημα
2300 5289 2639 5360 κακούργων.
2673 5289 2822 5343 Unde
2857 5294 2906 5342 in
2935 5294 3017 5344 liis
3053 5289 3277 5343 vocibus
3311 5300 3442 5341 duas
3468 5303 3644 5342 InLer-

2069 5366 2410 5431 pretationes
2444 5363 2640 5431 eruditi
2679 5362 2774 5413 viri
2811 5361 3189 5415 observarunt.

2134 5432 2243 5501 (8'7)
2285 5429 2510 5500 ’Anooﬁ.
2553 5429 2788 5501 Uterque
2841 5436 3009 5485 codex
3057 5432 3123 5483 ad
3180 5433 3475 5501 marginem
3539 5431 3641 5484 τοῦ

2065 5499 2292 5572 δρυμοῦ,
2351 5499 2535 5572 ethsic
2591 5499 2655 5572 il.
2691 5502 2995 5566 Stephanus
3028 5503 3093 5554 ad
3128 5501 3352 5554 calcem.
3412 5499 3639 5569 Legitur

2065 5570 2270 5643 δρυμοῦ
2326 5573 2376 5625 iu
2414 5570 2599 5643 liibliis
2638 5571 2919 5634 Romanis,
2953 5575 3092 5624 unde
3140 5571 3392 5643 colligere
3439 5587 3602 5643 posse

2065 5641 2185 5696 nius
2222 5658 2324 5695 u0u
2361 5659 2388 5692 a
2423 5641 2632 5694 Justino
2679 5653 2858 5693 ortum
2894 5657 3036 5704 esse,
3072 5644 3168 5694 sed
3205 5657 3233 5694 a
3269 5641 3526 5704 librariis,
3575 5652 3639 5696 ut

2063 5714 2262 5782 duplex
2300 5712 2565 5766 interdum
2601 5722 2911 5766 occurreret
2947 5713 3343 5778 interpretatio.
