4006 6254
203 421 292 478 Μ
1263 429 1602 491 DIALOGUS
1633 431 1780 489 CUM
1813 428 2185 487 TRYPHONE
2216 426 2522 508 JUDfEO.'_
3452 432 3564 494 526

203 540 247 592 ιῠ
277 540 350 610 μή
381 557 474 594 σοι
502 540 680 596 εἴπω
702 561 738 574 ο·
767 545 913 619 ἐμὴ
967 547 1090 621 γάρ
1131 547 1272 603 ἐστιν
1303 552 1336 621 ὴ
1377 551 1669 624 οἰκουμένη
1702 551 1797 605 καὶ
1824 551 1860 604 τέ

1989 560 2062 617 te,
2123 559 2177 605 et
2239 547 2626 604 honoriﬁcahis
2676 562 2784 605 me.
2830 549 3113 606 Peccatori
3169 532 3351 606 autém
3415 553 3556 608 dixit

204 634 466 705 πλήρωμα
510 635 749 708 αὐτῆς.
789 640 913 711 Μὴ
961 642 1235 713 φάγωμαι
1258 643 1393 715 κρέα
1420 644 1713 716 ταύρων,ἢ
1745 638 1860 714 αἶμι

1991 641 2132 697 Deus
2165 660 2178 694 :
2213 640 2391 708 Quare
2427 650 2484 694 tu
2535 655 2762 696 enarras
2800 640 3042 710 jnstitias
3089 655 3261 708 meas,
3287 652 3343 698 et
3389 659 3556 700 assu-

203 726 402 796 τράγων
435 726 736 798 tangat;
784 729 985 784 θῦσον
1019 732 1100 803 τῷ
1125 732 1240 803 Θεῷ
1263 733 1452 788 θυσίαν
1479 735 1756 800 αἰνέσεως,
1791 752 1860 787 κα

1988 733 2091 788 mis
2123 741 2503 788 testamentum
2539 747 2716 788 meum
2744 747 2842 802 per
2866 747 2928 788 os
2956 736 3148 791 tuum?
3169 735 3251 790 Tu
3285 752 3414 793 vero
3438 739 3562 793 odi-

203 818 380 882 ἀπόδος
405 818 496 889 τῷ
545 820 849 893 ’Υψίστῳ
880 824 996 888 τὰς
1024 826 1191 894 εὐχάς
1219 843 1328 891 σου,
1359 826 1452 879 καὶ
1471 825 1791 880 ὲπικὰλεσαί
1817 845 1860 897 μ

1987 825 2056 879 sti
2095 825 2531 895 disciplinam,et
2561 824 2838 894 projecisti
2867 839 3149 883 sermones
3181 843 3330 885 meos
3359 838 3564 886 retror-

208 912 253 964 ὲν
290 912 488 982 ἡμέρᾳ
540 911 860 982 θλίψεως,
905 917 1015 969 καὶ
1066 913 1348 988 ὲξελοῦμαί
1390 935 1472 980 σε,
1521 919 1616 972 καὶ
1643 917 1860 983 δοξάσει

1985 933 2128 974 sum.
2153 917 2212 973 Si
2257 919 2483 973 videbas
2525 918 2726 986 furem,
2766 920 3029 976 currebas
3055 937 3178 977 cum
3211 937 3299 990 eo,
3336 932 3391 977 et
3435 938 3562 978 cum

216 1018 288 1072 με.
319 1002 410 1072 Τῷ
438 1003 509 1055 δὲ
545 1005 928 1077 ἁμαρτωλῷ
975 1004 1140 1061 εἶπεν
1167 1011 1196 1061 ὁ
1233 1009 1382 1073 Θεός·
1419 1010 1536 1062 Ἵνα
1582 1010 1634 1062 τί
1685 1010 1748 1063 σὺ
1785 1012 1860 1063 ὲκ-

1985 1010 2232 1066 adultero
2261 1011 2563 1080 portionem
2617 1019 2765 1066 tuam
2805 1013 3068 1083 ponebas.
3101 1012 3174 1070 Os
3205 1023 3354 1069 tuum
3386 1015 3562 1070 abun-

226 1095 371 1164 διηγῇ
397 1095 470 1148 τὰ
495 1095 916 1167 δικαιώματά
949 1117 1083 1169 μου,
1110 1100 1204 1152 καὶ⁸
1233 1099 1633 1171 ἁναλαμόάνεις
1661 1101 1756 1173 τὴν
1771 1101 1860 1156 δια

1985 1102 2138 1157 davit
2181 1104 2392 1159 malitia
2426 1122 2440 1158 :
2473 1114 2529 1160 et
2559 1105 2739 1177 lingua
2780 1116 2870 1161 tua
2900 1107 3266 1162 concinnabat
3304 1106 3564 1162 dolosita-

229 1186 386 1258 θήκην
429 1204 537 1258 μου
596 1187 700 1242 διὰ
736 1190 1052 1260 στόματός
1098 1209 1190 1244 σου
1231 1193 1376 1263 (88);
1416 1193 1488 1244 Σὺ
1523 1193 1579 1246 δὲ
1612 1195 1860 1265 ὲμίσησω

1985 1202 2116 1251 tem.
2151 1194 2354 1250 Sedens
2401 1197 2668 1253 adversus
2721 1196 2952 1253 fratrem
2995 1206 3144 1252 tuum
3189 1197 3504 1267 loquebaris
3538 1215 3557 1252 :

234 1279 465 1332 παιδείαν
499 1280 608 1332 καὶ
636 1280 938 1346 ἐξέϐαλες
971 1285 1104 1347 τοὺς
1138 1283 1324 1352 λόγους
1353 1301 1453 1355 μου
1478 1286 1556 1350 εἰς
1581 1285 1648 1338 τὰ
1679 1285 1855 1339 ὀπίσω

1981 1296 2038 1342 et
2093 1291 2358 1345 adversus
2412 1289 2581 1345 ﬁlium
2639 1294 2833 1347 matris
2892 1301 2997 1347 tuae
3037 1291 3284 1363 ponebas
3330 1292 3562 1347 scanda-

239 1372 290 1424 Εἰ
327 1371 593 1443 ἐθεῶρεις
651 1373 960 1446 κλέπτην,
1002 1376 1320 1447 συνέτρεχες
1368 1376 1548 1446 αὐτῷ·
1599 1377 1694 1431 καὶ
1743 1379 1860 1448 μετὲ

1981 1379 2116 1436 lum.
2161 1379 2289 1436 Haec
2343 1381 2546 1448 fecisti,
2579 1392 2634 1437 et
2669 1385 2812 1439 tacui
2847 1402 2862 1437 :
2896 1387 3208 1452 suspicatus
3238 1400 3297 1440 es
3326 1401 3414 1438 me
3455 1384 3563 1438 iui-

246 1463 415 1534 μικμῦ
455 1464 557 1534 τὴν
598 1466 823 1536 μερίδα
870 1484 974 1519 σου
1007 1465 1220 1531 ἐτίθεις.
1254 1467 1326 1519 Τὸ
1364 1468 1536 1539 στόμα
1571 1484 1662 1521 σου
1695 1468 1860 1522 ὲπλεό

1980 1475 2205 1542 quitate.
2232 1475 2326 1530 tibi
2372 1475 2489 1532 fore
2535 1477 2789 1533 similem.
2823 1478 3062 1548 Arguam
3102 1488 3177 1542 te,
3229 1486 3286 1532 et
3317 1486 3556 1534 statuam

245 1573 358 1610 νασε
403 1558 636 1621 κακίαν,
703 1559 817 1612 καὶ
854 1560 894 1628 ἡ
928 1558 1154 1626 γλῶσσά
1199 1575 1291 1611 σου
1343 1559 1667 1630 περιέπλεκε
1710 1560 1860 1614 δολιό-

1980 1574 2166 1619 contra
2240 1565 2435 1622 faciem
2489 1576 2639 1624 tuam
2705 1579 2924 1639 peccata
2981 1580 3090 1623 tua.
3129 1569 3419 1640 lntelligite
3452 1570 3560 1624 uti-

246 1666 418 1717 τητας.
449 1650 816 1720 Καθήμενος
855 1651 1009 1704 κατὰ
1045 1650 1134 1703 τοῦ
1165 1650 1391 1720 ἀδελφοῦ
1415 1668 1509 1704 σου
1537 1651 1854 1717 κατελάλεις

1979 1672 2084 1726 que
2111 1660 2226 1712 haac
2243 1660 2332 1727 qui
2358 1659 2748 1716 obliviscimini
2781 1646 2982 1728 Deum;
3017 1677 3083 1716 nc
3113 1663 3334 1729 quando
3362 1662 3556 1730 rapiat,

249 1743 493 1796 καὶκατὰ
522 1742 622 1795 τοῦ
663 1742 801 1795 υἱοῦ
837 1744 942 1813 τῆς
968 1743 1174 1814 μητρός
1206 1759 1298 1795 σου
1328 1743 1523 1806 ἐτίθεις
1559 1745 1860 1797 σκάνδαλον

1982 1758 2039 1803 et
2069 1765 2174 1802 non
2213 1750 2285 1804 sit
2324 1750 2416 1821 qui
2466 1752 2683 1822 eripiat.
2714 1752 3061 1808 Sacrificium
3115 1751 3289 1807 laudis
3336 1752 3562 1807 honori-

247 1835 422 1888 Ταῦτα
448 1834 770 1905 ἐποίησας,
805 1836 913 1888 καί
942 1835 1178 1905 ὲσίγησα
1197 1850 1209 1864 °
1241 1834 1510 1899 ὑπέλαϐες
1546 1836 1773 1906 ἀνομίαν
1795 1838 1854 1889 ὅτ

1979 1839 2165 1894 ﬁcabit
2208 1855 2294 1894 me
2345 1859 2359 1895 :
2409 1851 2464 1897 et
2498 1843 2607 1897 illic
2651 1844 2778 1909 iter,
2811 1859 2921 1913 quo
2955 1845 3237 1898 ostendam
3290 1843 3368 1897 illi
3409 1844 3556 1898 saluo

245 1931 430 2000 ἔσομαί
458 1949 544 1982 σοι
575 1933 813 2000 ὅμοιος.
859 1927 1097 1997 Ἐλέγξω
1123 1946 1204 1991 σε,
1232 1930 1327 1982 καὶ
1359 1931 1692 2001 παραστήσω
1730 1931 1860 1983 κατᾶ

1979 1941 2096 1987 tare
2127 1949 2302 1988 meum
2321 1934 2387 1986 ⁸ο.
2415 1953 2434 1987 ι
2462 1932 2650 2004 Itaque
2675 1935 2942 1990 sacriﬁcia
2963 1950 3064 1990 nec
3092 1950 3122 1989 a
3155 1935 3306 1989 vobis
3341 1934 3557 2003 recipit,

245 2017 534 2086 πρόσωπόν
589 2036 699 2070 σου
761 2019 870 2082 τὰς
922 2018 1200 2087 ἁμαρτίας
1250 2035 1361 2070 σου.
1413 2018 1605 2071 Σύνετε
1641 2018 1704 2089 δὴ
1739 2019 1860 2072 ταῦ-

1977 2039 2150 2093 neque
2201 2034 2257 2079 ut
2314 2027 2380 2080 iis
2429 2026 2676 2096 indigens
2713 2027 2779 2082 ab
2811 2027 2966 2082 initio
3005 2026 3122 2081 ﬁeri
3151 2027 3428 2096 praecepit,
3459 2027 3556 2080 sed

244 2127 313 2163 τι
476 2110 1001 2180 ἐπιλανθανόμενοι
1047 2108 1138 2162 τοῦ
1177 2109 1332 2173 Θεοῦ,
1382 2112 1588 2180 μήποτε
1623 2112 1860 2183 ἁρπάσῃ,

1975 2127 2196 2186 propter
2241 2127 2464 2188 peccata
2521 2130 2726 2174 vestra.
2776 2119 2912 2176 Nam
2965 2129 3020 2174 et
3054 2121 3232 2188 ipsum
3273 2119 3556 2188 templum,

243 2201 338 2252 καί
374 2203 432 2253 οὐ
469 2202 547 2271 μὴ
651 2203 684 2253 ὁ
723 2199 1022 2270 ῥυόμενος.
1059 2200 1228 2253 Θυσία
1253 2202 1510 2266 αἰνέσεως
1537 2202 1748 2269 δοξάσει
1777 2221 1860 2274 με,

1971 2210 2111 2277 quod
2141 2208 2683 2282 llierosolymitanum
2716 2212 3065 2278 dicitur,non
3102 2221 3160 2266 ut
3201 2227 3268 2268 eo
3296 2211 3554 2282 indigens

242 2292 336 2345 καὶ
361 2295 480 2346 ἐκεῖ
502 2294 636 2357 ὁδὸς
733 2291 905 2357 δείξω
932 2290 1084 2361 αὑτῷ
1116 2291 1175 2344 τὸ
1200 2293 1463 2364 σωτήριόν
1501 2311 1622 2362 μου.
1667 2313 1686 2341 ι
1727 2293 1860 2347 Οὔτε

1973 2303 2193 2355 domum
2224 2317 2380 2356 suam
2411 2304 2494 2356 vel
2548 2304 2724 2358 aulam
2776 2305 3100 2375 appellavit;
3133 2306 3226 2358 sed
3271 2314 3331 2356 ut
3361 2303 3554 2357 saltem

238 2380 337 2436 οὖν
374 2385 573 2449 θυσίας
627 2384 772 2455 παρ’
807 2383 964 2454 ὑμῶν
995 2383 1284 2455 λαμϐάνει,
1309 2383 1433 2438 οὗτε
1458 2385 1532 2449 ὠς
1563 2386 1747 2456 ἐνδεὴς
1771 2386 1860 2457 τὴν

1971 2390 2052 2445 ibi
2088 2391 2141 2445 in
2176 2406 2300 2446 eum
2348 2391 2545 2448 intenti
2591 2393 2883 2448 simulacra
2911 2410 2980 2450 ne
3010 2395 3286 2449 coleretis.
3314 2392 3447 2446 Rem
3479 2392 3553 2446 ita

243 2477 414 2546 ἀρχὴν
444 2477 779 2529 ἐνετείλατο
797 2478 994 2540 ποιεῖν,
1023 2474 1158 2528 ἀλλὰ
1179 2474 1266 2528 διὰ
1281 2475 1378 2539 τὰς
1395 2474 1669 2546 ἁμαρτίας
1691 2475 1860 2546 ὑμὼν.

1970 2496 2086 2536 esse
2127 2493 2274 2551 patet
2314 2499 2379 2539 ex
2439 2485 2526 2540 his
2558 2485 2714 2541 lsaize
2757 2487 2938 2542 verbis
2969 2506 2982 2541 :
3015 2506 3033 2538 ‹
3063 2486 3287 2555 Qualem
3319 2487 3541 2539 domum

245 2568 362 2619 Καὶ
395 2568 506 2639 γὰρ
553 2569 654 2621 τὸν
694 2569 830 2621 ναὸν
869 2567 961 2620 τὸν
996 2568 1054 2619 ὲν
1101 2567 1456 2638 Ἰερουσαλὴμ
1482 2566 1860 2638 ἐπικληθέντα,

1970 2571 2270 2628 ωὰἰιίουειὶε
2313 2574 2467 2639 mihi,
2495 2575 2629 2630 dicit
2661 2576 2958 2631 Dominus?
2992 2577 3198 2632 Caelum
3233 2574 3366 2630 mihi
3393 2577 3555 2631 sedes

249 2658 352 2725 οὐχ
381 2658 454 2721 ὡς
488 2660 688 2728 ἐνδεὴς
721 2658 824 2718 ὣν,
852 2657 1202 2729 ὡμολόγησεν
1232 2654 1377 2711 οἷκον
1405 2657 1569 2711 αὑτοῦ
1603 2657 1636 2729 ἦ
1671 2657 1860 2730 αὐλὴν,

1970 2675 2063 2729 est,
2097 2674 2152 2718 et
2181 2676 2325 2719 terra
2357 2667 2650 2722 scabellum
2681 2668 2876 2737 pedum
2909 2668 3244 2722 meorum“.
3278 2685 3298 2718 ι

251 2747 369 2800 ἀλλ’
400 2751 552 2813 ὅπως
601 2751 711 2803 κᾶν
749 2751 896 2804 κατά
940 2749 1097 2803 τοῦτο
1138 2750 1492 2821 προσέχοντες
1539 2750 1717 2821 αὐτῷ,
1779 2752 1851 2823 μὴ
1887 2755 2330 2831 εἰδωλολατρῆτε.
2390 2762 2500 2814 Καὶ
2554 2762 2635 2814 ὅτι
2680 2760 2836 2814 τοῦτό
2878 2764 3045 2825 ἐστιν,
3092 2759 3320 2823 Ἡσαΐας
3371 2757 3547 2828 λέγει’

252 2877 279 2914 ε
323 2845 475 2896 Ποῖον
529 2840 686 2896 οἷκον
730 2843 1119 2914 ᾠκοδομήσατέ
1160 2859 1275 2913 μοι;
1333 2841 1481 2910 λέγει
1537 2841 1758 2914 Κύριος.
1803 2845 1859 2896 Ὁ
1897 2847 2126 2918 οὐρανός
2192 2867 2280 2922 μοι
2321 2851 2528 2921 θρόνος,
2571 2852 2664 2904 καὶ
2699 2855 2732 2923 ἡ
2775 2853 2844 2922 γῆ
2897 2853 3183 2906 ὑποπόδιον
3213 2852 3322 2904 τῶν
3373 2849 3553 2903 ποδῶν

251 2953 381 3005 μου.
418 2956 436 2985 ι

328 3052 510 3107 XXIII.
550 3053 684 3106 Ἐὰν
724 3053 785 3104 δὲ
834 3049 1007 3105 ταῦτα
1063 3051 1236 3115 οὕτως
1281 3052 1353 3124 μὴ
1405 3053 1845 3125 ὁμολογήσωμεν,

2029 3054 2117 3108 9.3.
2168 3055 2480 3110 Judazorum
2547 3056 2611 3108 de
2664 3053 2776 3123 lege
2801 3055 3056 3108 sententia
3120 3054 3378 3123 iniuriam
3434 3056 3549 3110 Deo

249 3144 598 3214 συμϐήσεται
643 3145 783 3213 ἡμῖν
815 3145 895 3206 εἰς
931 3143 1106 3196 ἄτοπα
1136 3143 1429 3213 ἐμπίπτειν
1471 3146 1752 3216 νοήματα,
1789 3145 1860 3208 ὡς

1977 3147 2124 3215 [αυξτ.
2181 3177 2237 3186 -—
2287 3147 2439 3212 Quod
2497 3147 2544 3200 si
2601 3147 2716 3200 haec
2757 3145 2998 3214 proﬁteri
3041 3145 3295 3209 nolimus,
3339 3149 3552 3203 eveniet

245 3237 346 3289 ⁸τοῦ
395 3237 568 3289 αὑτοῦ
624 3235 767 3288 Θεοῦ
819 3236 894 3304 μὴ
936 3235 1088 3299 ὄντος
1125 3235 1217 3288 τοῦ
1264 3223 1411 3289 κατὰ
1439 3235 1530 3288 τὸν
1573 3235 1740 3306 Ἑνὼχ
1768 3237 1860 3290 καὶ

1971 3205 2127 3292 nobis
2158 3245 2217 3292 ut
2247 3205 2598 3293 inﬂabsurdas
2624 3205 2929 3292 incidamus
2973 3205 3356 3306 cogitationes,
3390 3241 3550 3309 quasi

247 3330 379 3390 τοὺς
429 3327 634 3388 ἄλλους
663 3327 895 3388 πάντας,
937 3327 987 3378 οἳ
1049 3327 1187 3398 μήτε
1226 3328 1527 3399 περιτομὴν
1582 3326 1677 3398 τὴν
1724 3327 1860 3380 κατὰ

1970 3343 2075 3381 non
2111 3329 2250 3382 idem
2299 3327 2444 3383 Deus
2478 3327 2639 3382 fuerit
2679 3327 3015 3396 temporibus
3053 3325 3274 3382 Heuoch
3323 3338 3377 3382 et
3413 3315 3579 3384 alio-3

251 3421 437 3486 σαρκα
467 3418 710 3487 ἔχοντες,
748 3419 888 3486 μήτε
924 3415 1168 3470 σάϐϐατα
1199 3417 1494 3487 ἐφύλαξαν,
1527 3419 1665 3489 μήτε
1699 3417 1755 3471 δὲ
1794 3418 1860 3472 τὰ

1970 3433 2087 3471 rum
2121 3417 2383 3481 omnium,
2418 3417 2512 3487 qui
2549 3431 2648 3472 nec
2700 3415 3174 3472 circumcisionem
3219 3419 3401 3472 carnis
3443 3420 3548 3472 ha-

249 3513 411 3577 ἄλλα,
427 3512 723 3574 Μωῦσέως
748 3510 1129 3580 ἐντειλαμένου
1150 3510 1320 3565 ταῦτα
1340 3515 1511 3565 ποιεῖν
1531 3529 1542 3540 ·
1574 3512 1606 3581 ἢ
1633 3511 1699 3564 τὰ
1724 3509 1860 3564 αὐτὰ

1970 3511 2153 3577 buere,
2189 3525 2288 3566 nec
2340 3511 2567 3565 sabbata
2617 3519 2672 3566 et
2714 3510 2819 3566 alia
2864 3510 3131 3580 ejusmodi
3163 3511 3550 3577 observarunt,

247 3603 435 3657 αὑτῶν
470 3603 584 3672 (89)
622 3603 813 3655 δίκαια
852 3603 925 3674 μὴ
969 3605 1056 3656 ἀεὶ
1099 3606 1207 3656 πᾶν
1237 3603 1392 3672 γένος
1437 3602 1739 3674 ἀνθρώπων
1772 3603 1860 3673 βε-

1970 3604 2166 3672 quippe
2193 3618 2318 3658 cum
2351 3619 2382 3656 a
2407 3601 2598 3674 Moyse
2622 3603 2868 3658 instituta
2892 3602 3098 3658 fuerint
3118 3620 3132 3669 ;
3155 3601 3240 3658 vel
3259 3618 3364 3660 non
3393 3618 3547 3658 eam-

248 3693 557 3764 ὗουλῆσθαι
595 3695 900 3765 πράσσειν·
941 3695 1086 3765 ἆπερ
1108 3693 1289 3762 γελοῖα
1323 3694 1416 3746 καὶ
1450 3694 1652 3764 ἀνόητα
1674 3693 1860 3764 ὁμολο-

1970 3691 2382 3760 demjustitiam
2436 3693 2504 3748 ab
2561 3693 2714 3747 omni
2759 3707 2976 3762 semper
3019 3693 3299 3748 hominum
3351 3709 3550 3764 genere

250 3785 370 3845 γτῖν
415 3783 699 3850 φαίνεται.
761 3782 842 3834 Δι’
883 3782 1064 3835 αἰτίαν
1109 3782 1167 3834 δὲ
1217 3781 1314 3852 τὴν
1367 3781 1479 3835 τῶν
1521 3782 1862 3854 ἁμαρτωλῶν

255 3874 590 3944 ἀνθρώπων,
627 3874 723 3926 τὸν
757 3873 922 3926 αὐτὸν
958 3873 1088 3927 ὂντα
1115 3874 1201 3927 ἀεὶ
1225 3873 1395 3929 ταῦτα
1425 3875 1519 3927 καὶ
1550 3876 1617 3928 τὰ
1639 3874 1865 3929 τοιαῦτα

259 3967 579 4020 ἐντετάλθαι
607 3965 918 4036 ὁμολογεῖν,
959 3966 1052 4019 καὶ
1080 3965 1476 4037 φιλάνθρωπον,
1499 3968 1591 4020 καὶ
1617 3966 1864 4038 προγνὼ-

261 4073 414 4126 στην,
465 4059 563 4110 καὶ
614 4057 866 4127 ἀνενδεῆ,
920 4057 1015 4110 καὶ
1061 4057 1286 4120 δίκαιον,
1331 4058 1423 4110 καὶ
1474 4056 1678 4125 ἀγαθὸν
1730 4059 1864 4112 ἀπο·-

261 4152 472 4216 ςαῐνειν
503 4149 676 4202 ἐστίν.
698 4149 855 4201 Ἐπεὶ
881 4151 928 4201 εἰ
974 4149 1047 4220 μὴ
1072 4149 1246 4202 ταῦτα
1272 4149 1442 4212 οὕτως
1471 4148 1582 4219 ἔχει
1603 4190 1616 4212 ,
1635 4150 1864 4221 ἀποκρί-

259 4243 426 4295 νασθέ
459 4260 574 4312 μοι,
606 4236 653 4295 ὦ
687 4243 904 4313 ἄνδρες,
926 4242 1056 4313 περὶ
1083 4242 1191 4295 τῶν
1209 4242 1554 4314 ζητουμένων
1584 4244 1787 4296 τούτων
1835 4243 1863 4295 ὃ

259 4351 309 4385 τι
339 4338 701 4404 φρονεῖτε-
713 4334 824 4386 Καὶ
845 4333 1009 4404 μηδὲν
1042 4333 1266 4404 μηδενὸς
1288 4335 1556 4404 ἀποκρινα
1567 4331 1748 4404 μένου,
1766 4333 1864 4386 Διὰ

255 4426 435 4479 ταῦτα
460 4445 546 4479 τοι
584 4425 722 4496 (90),
754 4419 799 4478 ὦ
833 4425 1066 4497 Τρύφων
1102 4426 1232 4498 (91),
1264 4427 1357 4480 καὶ
1388 4429 1499 4488 τοῖς
1522 4425 1864 4496 βουλομένοις

255 4520 631 4591 προσηλύτοις
675 4518 954 4586 γενέσθαι,
990 4517 1210 4589 κηρύξω
1268 4516 1378 4585 ἐγὼ
1410 4517 1552 4570 θεῖον
1591 4517 1768 4586 λόγον,
1804 4517 1862 4569 ὃν
1897 4552 1940 4607 D

259 4613 390 4682 παρ’
414 4611 631 4665 ἐκείνου
663 4610 876 4679 ἥκουσα
908 4608 1003 4661 τοῦ
1040 4608 1250 4680 ἀνδρός.
1290 4609 1480 4680 Ὁρᾶτε
1516 4609 1597 4662 ὅτι
1622 4608 1691 4662 τὰ
1719 4625 1864 4662 στοι-

259 4703 380 4770 χεῖα
419 4703 524 4753 οὐκ
590 4701 753 4771 ἀργεῖ
795 4698 1082 4769 (92),ὀύδὲ
1145 4698 1489 4764 σαϐϐατίζεις
1530 4699 1744 4769 μείνατε
1795 4699 1870 4763 ὡς

333 4877 382 4909 ⁸³
420 4877 573 4932 Psal.
611 4893 741 4931 xu:
787 4891 884 4946 per
920 4885 1111 4929 totum.
1189 4876 1231 4907 ⁸¹
1271 4877 1374 4932 lsa.
1412 4893 1557 4941 ιλιι,
1601 4880 1644 4930 l.

339 5055 905 5127 (88)Atdp’tf5;lat0'c
937 5071 1074 5109 σου.
1131 5053 1368 5127 Uterque
1401 5057 1576 5127 codex
1606 5057 1672 5127 ad
1711 5070 1854 5110 mar-

271 5123 451 5188 ginem
483 5134 544 5179 et
671 5124 1093 5196 Stephanuspad,
1115 5123 1319 5179 calcem
1353 5127 1443 5180 διὰ
1478 5126 1703 5196 χειλέων
1736 5143 1852 5179 σου.

277 5195 843 5280 ΙιιξΞ--ιξζξρδομήσετε
894 5196 956 5280 in.
984 5194 1207 5280 Bibl..et
1247 5196 1400 5280 Apol.
1439 5213 1476 5250 ι.

337 5264 674 5337 (89⁷)Ἶιῄτί(
702 5264 854 5319 αὐτὰ
890 5264 1443 5337 αὐτῶνη-ιλθκεῃύιιιιι
1509 5282 1631 5321 esse
1693 5265 1726 5337 ἢ
1790 5266 1858 5320 τὰ

268 5338 410 5391 αὐτὰ
445 5335 617 5390 αὐτόν
650 5336 976 5405 Sylhurgius
1009 5334 1334 5402 conjecile
1365 5337 1587 5390 omnino
1620 5334 1860 5406 postulat

265 5409 557 5462 sententia:
589 5407 802 5470 series;
827 5415 936 5459 tum
971 5409 1114 5475 quod
1150 5423 1301 5460 num.
1336 5407 1428 5471 50,
1463 5407 1714 5461 Justinus
1757 5409 1860 5460 ite-

270 5494 391 5532 rum
461 5480 543 5530 ait
591 5475 812 5532 Judtos
860 5478 1148 5530 materiam
1215 5479 1342 5531 dare
1399 5477 1686 5532 accusandi
1741 5477 1856 5542 Dei,

263 5553 422 5617 quasi
470 5562 583 5600 non
635 5548 881 5601 eamdem
918 5562 1134 5616 seraper
1161 5545 1426 5615 justitiam
1479 5549 1723 5601 homines
1756 5548 1856 5600 do-

262 5623 466 5674 cuerit.
504 5617 679 5671 Paulo
711 5627 836 5671 ante
869 5618 1158 5686 legendum
1192 5617 1342 5681 ὅπως
1375 5618 1477 5670 κᾶν
1509 5619 1652 5672 κατὰ
1678 5617 1855 5671 τοῦτο.

333 5691 446 5758 (90)
483 5689 592 5758 Διὰ
646 5686 835 5758 ταῦτά
884 5705 991 5740 τοι.
1031 5686 1338 5756 Legendum
1390 5687 1477 5741 διὰ
1537 5687 1712 5742 ταῦτά
1773 5705 1857 5740 σοι

267 5757 481 5813 monuit
530 5757 595 5812 Β.
637 5757 972 5826 Stephanus,
1008 5760 1198 5826 sicque
1242 5759 1584 5812 emendatum
1641 5761 1692 5812 in
1744 5759 1857 5811 edi-

266 5830 514 5883 tio-ibus
550 5829 1005 5883 Parisiensihus.-

339 5901 452 5970 εει)
468 5896 545 5955 Ὠ
569 5903 833 5972 Τρύφων.
853 5899 1093 5969 Conjicit
1116 5897 1392 5954 'l'hirlbius
1411 5897 1712 5954 addendum
1735 5913 1858 5953 esse

1966 3783 2247 3837 observari
2283 3781 2554 3846 voluerit;
2588 3796 2713 3849 quae
2747 3780 2993 3850 proiecto
3042 3780 3289 3850 proﬁteri
3341 3779 3548 3834 ridicu-

1971 3873 2080 3927 lum
2113 3883 2170 3928 et
2198 3873 2424 3928 stultum
2477 3889 2601 3928 esse
2626 3873 2816 3942 liquet.
2868 3872 2974 3928 Sed
3033 3887 3178 3939 eum,
3211 3872 3302 3942 qui
3331 3887 3550 3942 semper

1968 3967 2109 4019 idem
2141 3973 2244 4031 est,
2281 3965 2394 4020 hac
2426 3975 2480 4018 et
2509 3964 2616 4018 alia
2647 3965 2911 4034 ejusmodi
2968 3971 3188 4032 propter
3232 3972 3552 4032 peccatores

1967 4056 2212 4126 proﬁteri
2263 4055 2689 4127 praescripsisse,
2725 4064 2780 4110 et
2828 4054 3228 4125 perhumanum
3279 4054 3452 4118 illum,
3491 4065 3549 4107 et

1969 4147 2278 4214 prtescium,
2311 4155 2366 4202 et
2403 4147 2605 4201 nullius
2632 4145 2712 4200 rei
2741 4160 2998 4216 egenum,
3027 4152 3080 4198 et
3105 4145 3316 4214 justum
3355 4154 3407 4199 et
3451 4144 3552 4198 bo-

1969 4255 2096 4292 num
2153 4241 2512 4310 pronuntiare
2545 4247 2648 4293 est.
2678 4237 2829 4304 Quod
2869 4238 2912 4291 si
2945 4239 3060 4292 haec
3089 4229 3160 4290 ita
3200 4251 3258 4292 se
3291 4237 3396 4291 non'
3446 4237 3546 4290 ha-

1967 4328 2134 4393 bent,
2193 4332 2515 4399 respondete
2566 4329 2723 4393 mihi,
2752 4343 2785 4382 ο
2835 4328 2958 4392 viri,
2999 4328 3082 4382 bis
3128 4327 3195 4382 de
3244 4329 3431 4391 rebus,
3480 4328 3554 4382 de

1966 4423 2164 4492 quibus
2212 4423 2526 4492 qumrimus,
2588 4423 2717 4491 quid
2800 4422 3070 4476 sentiatis.
3151 4420 3379 4475 Nemine
3455 4433 3548 4472 re-

1973 4516 2297 4586 spondente,
2323 4516 2417 4570 tibi
2467 4531 2619 4586 ergo,
2651 4514 2891 4585 Trypho,
2940 4514 3085 4568 etiis
3139 4513 3230 4581 qui
3283 4510 3545 4582 proselyti

1969 4623 2089 4664 esse
2137 4609 2432 4672 voluerint,
2462 4609 2700 4663 divinam
2758 4606 3084 4669 doctrinam,
3129 4619 3292 4673 quam
3327 4618 3394 4658 ex
3452 4602 3546 4656 illo

1978 4699 2098 4754 viro
2157 4699 2360 4763 audivi,
2411 4698 2738 4770 prmdicabo.
2787 4696 2999 4750 Videtis
3037 4703 3097 4749 ut
3137 4695 3405 4750 elementa
3443 4706 3547 4746 nec

1961 5056 2120 5127 ἔφην,
2165 5056 2308 5126 quod
2363 5055 2582 5127 quidem
2639 5055 2863 5127 minime
2925 5055 3317 5127 necessarium.
3386 5054 3544 5123 Smpe

1965 5125 2110 5182 enim
2147 5125 2200 5180 in
2239 5134 2352 5182 toto
2408 5126 2634 5195 Dialogo
2686 5125 2788 5179 hoc
2832 5126 3056 5180 verbum
3091 5127 3380 5182 omittitur.
3415 5141 3541 5184 cum

1964 5213 2139 5252 novus
2201 5198 2336 5251 ordo
2398 5196 2650 5264 loquendi
2712 5197 2990 5264 incipitur.
3033 5213 3054 5246 ι
3095 5195 3360 5264 Proselyti
3395 5215 3413 5246 ι
3455 5197 3542 5248 hic

1964 5268 2306 5335 intelligendi
2356 5269 2444 5336 qui
2491 5267 2558 5320 ad
2605 5266 2970 5320 Christianam
3007 5265 3322 5336 religionem
3375 5280 3540 5320 acce-

1965 5339 2120 5394 dunt.
2159 5339 2276 5391 νεά.
2315 5339 2450 5391 infra
2487 5353 2542 5391 η.
2575 5337 2669 5390 28.
2749 5361 2754 5368 ·

2032 5407 2230 5480 (-92)Τὰ
2280 5407 2548 5480 στοιχεῖα
2590 5409 2702 5480 οὐκ
2735 5405 2918 5480 ἀργεῖ.
2954 5403 3100 5459 idem
3149 5403 3375 5480 rationis
3424 5419 3544 5457 mo-

1967 5473 2234 5541 mentum,
2268 5473 2449 5546 cujus"
2478 5479 2592 5546 ipse
2624 5473 3096 5546 Christusauctor
3148 5483 3253 5546 est_
3278 5473 3436 5546 Joan.
3481 5491 3543 5540 v,

1969 5552 2058 5612 17,
2087 5549 2225 5604 infra
2266 5543 2532 5619 repetitur
2563 5564 2715 5619 nttm.
2747 5545 2845 5619 29.
2882 5545 2974 5600 Sic
3007 5547 3172 5619 etiam
3210 5543 3450 5619 Hilarius
3483 5546 3542 5601 in

1966 5621 2156 5689 psahn.
2193 5615 2341 5685 XCVI,
2373 5635 2522 5672 num.
2561 5618 2591 5669 7
2627 5633 2640 5668 :
2677 5635 2696 5668 ί
2739 5617 2844 5689 Sed
2897 5618 3114 5684 requies
3162 5615 3305 5689 nulla
3341 5626 3444 5678 est,
3481 5626 3540 5670 et

1965 5687 2314 5746 cursusidem
2341 5699 2445 5751 est,
2465 5696 2593 5742 etut
2623 5703 2714 5741 sex
2743 5688 2956 5751 diebus,
2985 5689 3060 5740 ita
3091 5694 3145 5740 et
3179 5687 3402 5740 sabbato
3422 5702 3543 5738 mn-

1965 5765 2112 5814 uium
2147 5760 2535 5815 elementorum
2567 5757 2738 5822 oﬂicia
2774 5759 3144 5811 continentur.
3186 5776 3205 5808 ι
3257 5757 3544 5810 Elemcuta

1963 5833 2151 5888 eodem
2187 5845 2346 5888 sensu
2379 5837 2602 5903 usurpat
2637 5827 2874 5884 Hilarius
2908 5843 2971 5883 ac
3006 5831 3242 5899 στοιχεῖα
3272 5825 3546 5884 Justinus.
