3962 6262
437 399 546 466 ῐᾶῖ

1397 399 1455 456 S.
1490 400 1755 458 JUSTlNl
1787 399 2197 458 PHILOSOPHI
2230 400 2320 456 ET
2366 398 2721 456 MARTYRIS

3590 404 3696 460 528

441 523 664 582 sabbata
696 519 896 590 agant?
933 517 1089 590 123
1119 517 1331 574 Manete
1359 526 1419 573 ut
1445 520 1554 574 nati
1585 521 1740 577 estis.
1773 520 1830 576 Si
1854 521 1999 576 enim

2110 517 2414 589 γεγένησθε.
2431 520 2493 572 El
2519 518 2626 591 γὰρ
2650 518 2756 590 πρὸ
2785 513 2879 570 τοῦ
2907 482 3159 589 Ἀϐραὰμ
3181 514 3281 570 οὐκ
3307 511 3375 589 ἦν
3397 517 3557 590 χρεία
3594 536 3695 573 πε-

441 629 546 670 nec
599 620 722 667 ante
747 611 1022 666 Abraham
1058 608 1612 676 circumcisione,nec
1636 620 1762 666 ante
1787 610 2006 682 Moysen

442 707 691 766 sabbato.
713 703 864 759 feriis
885 713 940 758 et
966 703 1282 759 muneribus
1304 717 1444 772 opus
1473 712 1620 768 erat;
1649 718 1825 773 neque
1845 704 2008 758 etiam

437 797 698 854 similiter
719 811 854 868 opus
897 804 998 863 est,
1028 806 1316 866 postquam
1349 795 1646 850 secundum
1671 796 2010 850 voluntatem

439 891 623 946 Patris
676 890 881 958 absque
943 896 1172 957 peccato
1221 903 1288 942 ex
1344 887 1565 960 Virgine
1613 887 1682 942 ab
1731 887 2007 946 Abraham

439 985 667 1040 oriunda
699 983 916 1053 genitus
947 992 1032 1038 est
1077 982 1251 1038 Filius
1280 983 1372 1036 Dei
1403 980 1560 1037 Jesus
1581 981 1851 1037 Christus.
1871 979 2006 1036 Nam

389 1109 391 1114 ·
438 1086 494 1134 et
547 1078 662 1146 ipse
713 1077 1014 1139 Abraham,
1050 1090 1170 1130 cum
1204 1076 1259 1129 in
1292 1074 1558 1145 praeputio
1592 1085 1760 1140 esset,
1790 1083 2010 1144 propter

438 1168 624 1232 ﬁdem,
657 1184 762 1238 qua
791 1169 1024 1224 credidit
1061 1170 1192 1235 Deo,
1218 1167 1552 1235 justilicatus
1597 1179 1652 1223 et
1687 1168 2008 1224 benedictus

437 1270 544 1327 est,
593 1271 653 1315 ut
707 1261 990 1328 Scriptura
1037 1259 1464 1314 demonstrat".
1521 1246 2006 1315 Circumcisionem

439 1362 620 1408 autem
664 1353 717 1406 in
777 1353 1015 1420 signum,
1066 1364 1173 1404 non
1237 1349 1304 1402 ad
1349 1347 1614 1416 justitiam
1675 1349 1906 1418 accepit,
1949 1358 2009 1403 ut

439 1446 735 1515 Scriptura:
791 1452 847 1497 et
897 1457 988 1498 res
1018 1441 1150 1511 ipsa:
1198 1456 1296 1495 nos
1335 1449 1536 1511 cogunt
1563 1443 1834 1496 conﬁteri.
1860 1441 2008 1509 Quo-

438 1539 586 1595 circa
629 1539 752 1608 jure
798 1537 864 1592 de
893 1536 1095 1605 populo
1127 1534 1225 1589 illo
1255 1535 1460 1590 dictum
1490 1544 1576 1590 est
1605 1537 1863 1602 animam,
1889 1551 2008 1605 qua:

437 1638 635 1685 octavo
658 1627 746 1680 die
771 1641 881 1680 non
911 1623 1352 1687 circumcidetnr,
1379 1639 1442 1678 ex
1471 1639 1670 1694 genere
1700 1638 1799 1679 suo
1827 1634 2008 1680 exter-

437 1721 701 1775 minatum
734 1718 822 1772 iri.
859 1717 994 1772 Nam
1026 1717 1170 1786 quod
1198 1730 1368 1785 genus
1411 1717 1677 1772 muliebre
1715 1719 2005 1773 circumci-

437 1811 646 1866 sionem
697 1813 945 1879 accipere
1001 1823 1109 1862 non
1151 1818 1356 1876 potest,
1387 1809 1439 1862 id
1470 1819 1790 1878 argumento
1831 1822 1916 1865 est
1949 1811 2002 1865 iu

436 1903 653 1973 signum
683 1902 870 1956 datam
896 1914 1040 1964 esse,
1075 1915 1181 1954 non
1214 1909 1274 1954 ut
1305 1914 1442 1968 opus
1464 1898 1710 1967 justitizc.
1740 1900 1830 1955 Sic
1860 1901 2002 1956 enim

435 1995 582 2049 Deus
627 1993 884 2050 mulieres
937 1992 1085 2058 fecit,
1111 2000 1171 2045 ut
1203 2007 1326 2061 quae
1349 1990 1618 2060 justitiam
1651 2001 1708 2046 et
1746 1993 2003 2047 virtutem

436 2093 707 2156 spectant,
737 2099 802 2140 ea
845 2084 1048 2154 pariter
1083 2083 1212 2153 ipsa:
1243 2099 1456 2153 quoque
1502 2084 1684 2138 omnia
1716 2085 2007 2138 observare

436 2188 676 2248 possent.
720 2181 799 2232 Ac
845 2175 1084 2246 speciem
1129 2177 1350 2247 quidem
1395 2177 1580 2231 carnis
1620 2175 1780 2230 aliam
1815 2179 2004 2242 maris,

435 2268 595 2322 aliam
641 2269 855 2323 feminae
919 2277 1160 2322 creatam
1219 2267 1494 2332 videmus;
1543 2276 1600 2320 at
1639 2277 1889 2322 neutrum
1941 2281 2006 2321 ea

435 2377 597 2416 causa
640 2362 848 2430 justum
903 2370 998 2414 aut
1045 2360 1308 2429 injustum
1343 2373 1464 2413 esse
1494 2359 1874 2429 perspicimus,
1910 2359 2005 2414 sed

435 2462 660 2522 propter
685 2452 937 2522 pietatem
979 2462 1032 2507 et
1051 2451 1336 2520 justitiam.

507 2544 597 2600 26.
620 2545 1042 2600 Christianorum
1086 2544 1423 2600 circumcisio
1455 2542 1609 2613 longe
1640 2544 2003 2612 prwstantior.

437 2636 696 2704 —Atque
719 2635 849 2689 illud
877 2635 1098 2703 quidem
1145 2634 1299 2689 vobis
1323 2646 1588 2704 poteram,
1616 2634 1741 2700 viri,
1779 2634 2005 2688 demou-

438 2738 636 2795 strare,
665 2727 808 2782 diem
844 2738 1098 2782 octavum
1130 2727 1314 2796 potius
1360 2741 1522 2794 quam
1563 2725 1874 2792 scptimmn,
1905 2724 2006 2778 ali-

437 2820 565 2888 quid
601 2820 848 2890 mysterii
892 2819 1166 2882 habuisse,
1208 2818 1352 2887 quod
1403 2832 1500 2884 per
1540 2815 1654 2869 haec
1681 2831 1710 2868 a
1739 2816 1846 2870 Deo
1877 2831 2005 2885 pro-

434 2913 732 2983 mulgatum
763 2914 854 2968 sit.
915 2912 1019 2967 Sed
1053 2928 1118 2966 ne
1149 2927 1293 2966 nunc
1348 2912 1402 2965 in
1453 2909 1590 2964 alios
1623 2923 1905 2964 SCl‘mOIICS
1927 2909 2008 2964 di-

439 3003 589 3074 gredi
617 3003 825 3067 videar,
868 3002 1157 3071 intelligite
1207 3001 1348 3070 quod
1381 2999 1590 3054 clamo:
1622 3000 1857 3069 Sanguis
1889 3003 1996 3055 cir-

433 3094 791 3150 cumcisiouis
817 3093 963 3148 illius
991 3093 1277 3161 obsolevit,
1308 3091 1559 3161 sanguini
1583 3091 1805 3146 salutari
1831 3092 2007 3146 credi—

2114 611 2361 683 ριτομῆς,
2392 611 2511 663 οὐδὲ
2537 613 2641 681 πρὸ
2660 610 2936 673 Μωῦσέως
2956 608 3328 680 σαϐϐατισμοῦ
3350 611 3447 663 καὶ
3486 611 3694 682 ἑορτῶν

2113 705 2208 759 καὶ
2240 703 2583 776 προσφορῶν,
2614 703 2732 756 οὐδὲ
2769 702 2885 768 νῦν,
2921 703 3056 773 μετὰ
3079 703 3172 757 τὸν
3202 702 3345 756 κατὰ
3369 703 3464 774 τὴν
3495 702 3693 776 βουλὴν

2111 794 2205 852 τοῦ
2252 799 2386 852 Θεοῦ
2439 798 2562 869 δίχα
2621 796 2894 868 ἁμαρτίας
2930 793 3040 867 (95)
3065 795 3167 866 τῆς
3215 793 3322 848 ἀπὸ
3369 795 3560 863 γένους
3594 793 3692 850 τοῦ

2123 891 2216 944 Ἀ6
2225 891 2327 961 ραὰ
2333 909 2373 962 μ
2399 889 2668 962 παρθένου
2702 887 3027 959 γεννηθέντα
3041 887 3170 940 Υἱὸν
3186 885 3318 940 Θεοῦ
3336 886 3540 959 Ἰησοῦν
3554 887 3598 941 X
3609 905 3695 960 pt-

2113 985 2257 1050 στὸν,
2292 983 2490 1054 ὁμοίως
2517 982 2634 1035 ἐστὶ
2668 981 2847 1052 χρεία.
2891 979 3000 1033 Καὶ
3027 980 3137 1052 γὰρ
3177 980 3339 1043 αὐτὸς
3363 982 3392 1034 ὁ
3437 981 3695 1054 Ἀϐραὰμ

2111 1077 2168 1128 ἐν
2196 1074 2527 1148 ἀκροϐυστίᾳ
2570 1073 2666 1139 ὢν,
2709 1072 2796 1126 διὰ
2841 1071 2938 1144 τὴν
2981 1072 3165 1126 πίστιν
3199 1073 3265 1144 ἠν
3294 1074 3580 1127 ἐπίστευσε
3609 1074 3694 1146 τῷ

2109 1167 2247 1238 Θεῷ,
2277 1165 2567 1237 ἐδικαιώθη
2591 1166 2684 1219 καὶ
2709 1163 2994 1237 εὐλογὴθη,
3025 1165 3101 1229 ὡς
3125 1166 3157 1236 ή
3189 1165 3375 1238 Γραφὴ
3400 1167 3688 1238 σημαίνει·

2108 1257 2204 1330 τὴν
2233 1258 2290 1311 δέ
2327 1260 2628 1330 περιτομὴν
2674 1259 2755 1320 είς
2785 1260 3029 1328 σημεῖον,
3050 1256 3165 1309 ἀλλ’
3195 1258 3295 1311 οὐκ
3347 1259 3428 1321 εἰς
3480 1259 3692 1312 δικαιο-

2111 1350 2275 1422 σύνην
2308 1349 2603 1418 ἕλαϐεν,ὡς
2653 1352 2747 1404 καὶ
2791 1351 2846 1404 αἱ
2887 1349 3100 1422 Γραιραὶ¹
3149 1349 3242 1402 καὶ
3273 1348 3343 1402 τὰ
3386 1350 3693 1421 πράγματα

2107 1443 2406 1513 ἀναγκάζει
2451 1445 2598 1516 ἡμᾶς
2645 1443 2942 1514 ὁμολογεῖν.
2991 1443 3152 1494 ’Ὥστε
3210 1440 3432 1504 δικαίως
3503 1441 3692 1513 εἴρητο

2107 1538 2237 1609 περὶ
2264 1537 2466 1590 ἐκείνου
2508 1535 2602 1590 τοῦ
2638 1535 2788 1600 λαοῦ,
2824 1536 2905 1588 ὅτι
2939 1532 3447 1604 ἐξολοθρευθήσεται
3474 1534 3507 1604 ἡ
3538 1533 3687 1605 ψυχὴ

2109 1632 2290 1702 ἐκείνη
2326 1634 2388 1684 ἐκ
2421 1629 2513 1684 τοῦ
2537 1629 2729 1697 γένους
2758 1628 2948 1698 αὐτῆς,
2974 1629 3006 1699 ὴ
3037 1627 3096 1680 οὐ
3124 1625 3589 1698 περιτμηθήσεται
3618 1631 3687 1700 τῇ

2106 1724 2290 1795 ἡμέρᾳ
2333 1725 2399 1794 τῇ
2455 1722 2634 1794 ὀγδόῃ.
2677 1721 2787 1774 Καὶ
2846 1717 2905 1772 τὸ
2957 1717 3030 1790 μὴ
3071 1717 3419 1771 δύνασθαιδέ
3459 1718 3519 1771 τὸ
3548 1719 3687 1790 θῆλυ

2104 1815 2259 1885 γένος
2293 1813 2388 1885 τὴν
2419 1811 2682 1884 σαρκικὴν
2739 1810 3038 1882 περιτομὴν
3066 1809 3378 1880 λαμϐάνειν,
3417 1810 3690 1866 δείκνυσιν

2106 1911 2188 1963 ὅτι
2213 1910 2292 1972 είς
2317 1909 2538 1977 σημεῖον
2565 1907 2597 1976 ἡ
2622 1902 2892 1974 περιτομὴ
2927 1900 3064 1970 αῦτη
3091 1900 3318 1964 δέδοται,
3347 1901 3460 1954 ἀλλ’
3485 1903 3584 1972 οὐχ
3609 1903 3690 1966 ὡς

2106 2003 2268 2075 ἔργον
2291 1997 2740 2068 δικαιοσύνης.Τὰ
2763 1995 2870 2068 γὰρ
2894 1994 3076 2047 δίκαια
3102 1993 3195 2047 καὶ
3220 1994 3448 2066 ἐνάρετα
3468 1994 3689 2050 ἅπαντα

2104 2095 2305 2168 ὁμοίως
2348 2094 2442 2148 καὶ
2487 2093 2585 2155 τὰς
2624 2085 2844 2162 θηλείας
2883 2088 3141 2142 δύνασθαι
3169 2088 3463 2158 φυλάσσειν
3495 2091 3523 2142 ὁ
3551 2089 3692 2152 Θεὸς

2107 2187 2362 2258 ἐποίησεν
2381 2203 2393 2216 ·
2425 2185 2560 2240 ἀλλὰ
2591 2186 2775 2256 σχῆμα
2806 2184 2901 2256 μὲν
2932 2182 2992 2236 τὸ
3016 2184 3113 2254 τῆς
3150 2182 3351 2255 σαρκὸς
3376 2182 3563 2253 ἕτερον
3592 2181 3691 2235 atat

2104 2281 2292 2352 ἓτερον
2341 2260 2565 2350 ὁρῶμεν’
2600 2275 2963 2346 γεγενημένον
3003 2275 3228 2345 ἄρρενος
3282 2273 3376 2326 καὶ
3429 2271 3689 2343 θηλείαςο

2104 2375 2193 2430 διὰ
2214 2375 2270 2428 δέ
2299 2373 2453 2426 τοῦτο
2477 2371 2596 2425 οὺδέ
2616 2370 2822 2423 δίκαιον
2851 2368 2970 2422 οὐδὲ
2998 2368 3180 2422 ἄδικον
3199 2365 3476 2436 οὐδέτερον
3507 2365 3692 2419 αὐτῶν

2107 2465 2465 2537 ἐπιστάμεθα,
2491 2463 2625 2517 ἀλλὰ
2656 2461 2720 2513 δι’
2751 2459 3031 2512 εὐσέϐειαν
3060 2457 3152 2512 καὶ
3180 2455 3525 2527 δικαιοσύνην
3548 2455 3689 2525 (94).

2177 2557 2267 2612 24.
2303 2555 2415 2608 Καὶ
2447 2552 2602 2607 τοῦτο
2637 2552 2734 2623 μέν
2766 2545 2857 2603 οὖν
2887 2548 3109 2602 δυνατὸν
3138 2543 3206 2618 ἦν
3237 2550 3366 2618 ἡμῖν
3397 2544 3689 2610 ἐπιδεῖξαι,

2105 2643 2150 2705 ὧ
2182 2651 2395 2722 ἄνδρες,
2443 2648 2648 2715 ἔλεγον,
2696 2645 2777 2698 ὅτι
2810 2645 2843 2714 ἡ
2875 2641 3060 2713 ἡμέρα
3179 2639 3336 2711 ὀγδόη
3386 2635 3693 2710 μυστήριόν

2106 2763 2157 2798 τι
2189 2739 2301 2813 εἶχε
2333 2737 2742 2812 κηρυσσόμενον
2773 2735 2858 2789 διὰ
2890 2733 3095 2788 τούτων
3128 2733 3231 2786 ὑπὸ
3263 2731 3353 2784 τοῦ
3387 2729 3519 2784 Θεοῦ
3557 2729 3692 2800 μᾶλ-

2105 2838 2194 2890 λον
2254 2836 2351 2906 τῆς
2412 2831 2664 2902 ἑϐδόμης.
2715 2827 2851 2881 Ἀλλ’
2886 2827 2975 2881 ἶνα
3018 2826 3085 2879 τὰ
3116 2823 3209 2878 νῦν
3258 2824 3330 2895 μὴ
3374 2824 3459 2876 ἐπ’
3491 2822 3690 2884 ἄλλους

2106 2923 2467 2999 ἐκτρέπεσθαι
2498 2921 2690 2990 λόγους
2731 2917 2892 2982 δοκῶ,
2930 2916 3139 2979 σύνετε,
3177 2912 3302 2985 βοῶ,
3338 2916 3417 2967 ὅτι
3449 2908 3508 2965 τὸ
3542 2909 3689 2983 αἷμα

2105 3015 2206 3088 τῆς
2241 3016 2541 3089 περιτομῆς
2575 3012 2789 3082 ἐκείνης
2823 3012 3187 3082 κατήργηται,
3223 3007 3318 3060 καὶ
3352 3006 3543 3076 αἵματι
3578 3021 3690 3058 σω-

2106 3110 2280 3182 τηρίῳ
2343 3106 2817 3177 πεπιστεύκαμεν·
2853 3103 2986 3173 ἄλλη
3045 3100 3274 3172 διαθήκη
3323 3100 3390 3153 τὰ
3435 3097 3550 3162 νῦν,
3585 3098 3690 3150 καὶ

433 3189 655 3253 dimus;
697 3187 844 3243 aliud
877 3202 1021 3254 nunc
1052 3187 1248 3247 lcedus,
1285 3186 1391 3239 alia
1423 3201 1488 3239 ex
1533 3186 1662 3240 Sion
1694 3187 1863 3240 exivit
1894 3187 2000 3243 lex.

2110 3201 2261 3264 ἄλλος
2297 3197 2513 3270 ἐξῆλθεν
2546 3200 2610 3250 ἐκ
2641 3193 2780 3249 Σιὼν
2824 3192 3007 3265 νόμος.
3058 3189 3263 3262 Ἰησοῦς
3296 3188 3529 3260 Χριστὸς
3565 3187 3685 3258 (95)

430 3281 590 3339 Jesus
621 3284 873 3339 Christus
919 3299 1129 3346 omnes,
1164 3285 1254 3353 qui
1295 3283 1588 3352 voluerint,
1640 3284 2002 3353 circumcidit,

435 3385 495 3430 ut
524 3376 653 3432 olim
700 3377 1058 3446 praedicatum
1113 3377 1238 3440 fuit,
1291 3377 1487 3433 cultris
1525 3378 1774 3448 lapideis,
1823 3389 1879 3433 ut
1909 3381 2004 3433 liat

433 3486 568 3541 gens
592 3471 768 3538 justa,
819 3470 1052 3540 populus
1093 3485 1321 3525 servans
1349 3472 1536 3537 ﬁdem,
1585 3474 1826 3529 retinens
1858 3475 2003 3528 veri-

436 3561 584 3628 tatis,
641 3562 958 3616 custodiens
987 3575 1202 3630 pacem.
1259 3561 1463 3616 Adeste
1493 3563 1629 3616 mihi
1673 3578 1882 3630 omnes,
1910 3565 2001 3632 qui

433 3652 639 3705 tunetis
668 3652 857 3713 Deum,
891 3653 983 3720 qui
1017 3651 1157 3705 bona
1211 3649 1515 3705 Jerusalem
1568 3653 1752 3706 videre
1783 3655 2000 3724 cupitis.

437 3741 654 3805 Venite,
689 3743 1015 3798 accedamus
1074 3742 1142 3795 ad
1198 3741 1371 3794 lucem
1427 3743 1694 3798 Domini:
1750 3743 2005 3799 liberavit

430 3832 576 3886 enim
605 3833 856 3902 p0pnlum
896 3848 1075 3897 suum,
1107 3835 1325 3886 domum
1355 3831 1544 3889 Jacob.
1589 3832 2004 3897 Venite,omnes

431 3933 643 3992 gentes.
697 3922 1108 3978 Conveniamus
1138 3923 1190 3976 in
1220 3922 1546 3989 Jerusalem,
1603 3939 1724 3994 quae
1754 3941 1859 3978 non
1887 3943 2005 3979 am-

433 4015 576 4085 plius
607 4024 955 4086 expugnatur
979 4027 1204 4085 propter
1234 4025 1452 4086 peccata
1477 4018 1816 4085 populorum.
1857 4037 1876 4070 (
1898 4019 2004 4074 Ma-

433 4107 728 4162 nifestatus
759 4109 906 4163 enim
954 4124 1072 4163 sum
1108 4109 1193 4163 his
1231 4109 1322 4177 qui
1354 4124 1439 4163 me
1461 4125 1565 4163 non
1601 4119 1890 4180 quaerunt:
1922 4113 2002 4166 in-

432 4207 628 4253 ventus
663 4200 745 4255 eis
799 4200 890 4269 qui
950 4215 1039 4255 me
1093 4216 1196 4256 non
1258 4200 1620 4271 interrogant,
1666 4203 1865 4257 clamat
1908 4219 2005 4272 per

429 4291 624 4346 Isaiam
642 4293 731 4360 ⁸³;
768 4291 902 4356 dixi,
935 4291 1078 4348 Ecce
1112 4307 1211 4361 ego
1231 4293 1444 4354 adsum,
1468 4293 1718 4362 gentibus
1748 4310 1866 4364 qum
1895 4312 2000 4350 non

428 4383 819 4440 invocaverunt
845 4400 1040 4440 nomen
1078 4401 1280 4440 meum.
1314 4384 1556 4456 Expandi
1611 4402 1805 4443 manus
1853 4405 2003 4445 meas

428 4485 541 4530 tota
566 4476 654 4531 dic
679 4476 747 4531 ad
794 4477 1048 4547 populum
1101 4477 1462 4543 incredulum,
1515 4486 1571 4533 ct
1612 4479 1996 4535 contradicen-

498 4621 544 4652 ⁸¹
578 4619 715 4677 Gen.
752 4635 842 4686 xv,
871 4617 926 4674 6.
999 4617 1044 4650 ⁸³
1083 4618 1184 4672 lsa.
1218 4633 1341 4683 va,
1371 4617 1484 4671 1-5.

499 4733 611 4812 (θ’ᾇ)
650 4735 797 4802 Δίχα
821 4733 1132 4812 ᾀμαρτίίις.
1187 4732 1353 4812 Forte
1385 4730 1640 4812 addenda
1677 4729 1996 4812 prtepositio
2028 4757 2071 4812 ι)

429 4815 550 4872 pnsl
578 4807 690 4858 huic
743 4806 903 4857 verba
963 4813 1017 4856 et
1066 4803 1445 4872 legentlum_éx
1484 4802 1591 4872 τῆς
1622 4804 1700 4872 vel
1730 4803 1839 4855 ἀπὸ
1871 4803 1990 4872 τῆς.

429 4869 533 4928 Sed
567 4875 708 4938 quod
747 4874 1031 4943 legendum
1072 4869 1323 4943 proponit
1347 4869 1622 4943 Thirlbius
1653 4871 1742 4943 διὰ
1767 4869 1991 4943 Μαρίας

427 4960 525 5013 pro
546 4943 667 5014 δίχα
696 4941 991 5014 ἁμαρτίας,
1026 4943 1226 5014 idjpse
1258 4942 1491 5014 sibi_non
1529 4941 1847 5014 satisfacere
1870 4941 1995 4996 me-

429 5009 535 5066 rito
567 5009 791 5067 fatetur.
812 5009 881 5052 5—
902 5013 1007 5066 Διὰ
1045 5009 1176 5079 τῆς,
1207 5029 1262 5066 κ.
1291 5028 1344 5064 τ.
1373 5009 1422 5062 λ.
1459 5011 1515 5065 ln
1549 5013 1707 5065 codd.
1765 5027 1894 5066 mss.
1939 5020 1996 5067 et

426 5083 585 5137 editis
620 5083 758 5138 male
790 5083 1061 5137 omittitur
1091 5083 1421 5149 prmpositio.
1476 5080 1683 5134 Maran.
1715 5080 1995 5135 desiderat

426 5155 491 5206 ἐκ
515 5155 594 5207 vel
622 5153 747 5207 ἀπό.
785 5153 895 5222 Ego
931 5151 1020 5204 διά
1049 5153 1286 5220 reposui,
1330 5166 1452 5204 cum
1487 5162 1705 5219 preptcr
1742 5151 1996 5222 frequen-

429 5234 534 5277 tem
569 5224 726 5290 hujus
751 5221 1152 5292 praepositionis
1179 5237 1336 5275 usum
1362 5222 1414 5274 in
1449 5223 1549 5276 ista
1589 5222 1821 5292 formula
1849 5221 1990 5290 apud

427 5294 716 5365 Martyrcm
757 5291 1055 5365 (cf._.4pol._
1088 5308 1126 5355 ι,
1154 5292 1360 5365 p.22),
1395 5301 1504 5365 tum
1536 5303 1754 5365 propter
1814 5291 1987 5365 locum

424 5359 710 5423 urme'tlum
747 5359 796 5417 c.
844 5363 914 5416 45
938 5359 960 5415 ξ
1013 5362 1104 5415 τὸν
1143 5360 1369 5432 διὰίτῆς
1406 5360 1514 5432 ἀπὸ
1545 5359 1636 5413 τοῦ
1655 5361 1868 5432 ςίένους
1895 5360 1989 5414 τοῦ

423 5434 740 5506 Ἀϐραὰμ...
765 5430 1395 5506 Παρθένου-γεννηθέντα
1429 5431 1555 5484 Υἱὺν
1587 5430 1678 5484 τοῦ
1702 5432 1834 5484 Θεοῦ
1863 5434 1990 5502 Χρι-

423 5502 566 5556 στόν.
608 5502 758 5558 Adde
797 5502 946 5557 litim.
975 5504 1096 5569 100,
1118 5502 1226 5556 etc.
1249 5502 1423 5558 Οττο.

494 5575 603 5640 (94)
645 5574 1061 5641 Δικαιοσύνην.
1109 5572 1235 5627 POSt
1277 5575 1387 5626 lucc
1425 5573 1586 5626 verba
1621 5571 1822 5624 addunt
1855 5585 1984 5624 mss.

422 5657 473 5699 et
503 5645 566 5698 Η.
603 5643 1142 5714 διθρίιιιιιιιελῶσπερ
1184 5641 1390 5696 ἄνωθεν
1425 5641 1759 5713 ἐκηρύσσετο
1788 5641 1988 5714 Δπετρί-

421 5730 537 5777 ναις
573 5711 886 5784 μαχαίραις.
921 5711 1026 5767 Sed
1070 5711 1193 5766 cum
1227 5715 1342 5784 haec
1371 5726 1470 5766 suo
1513 5711 1633 5766 loco
1677 5711 1838 5784 patilo
1869 5711 1988 5778 pust

421 5782 709 5839 occurrant
737 5782 789 5836 n.
813 5783 904 5844 25.
937 5784 1128 5836 metito
1154 5797 1219 5836 ex
1243 5782 1414 5835 aliena
1448 5784 1576 5836 sede
1617 5782 1826 5835 sublata
1858 5791 1986 5835 sunt

422 5860 477 5911 in
525 5855 852 5912 editionibus
897 5851 1338 5908 Graeco-Latinis.
1377 5851 1528 5919 Quod
1561 5863 1742 5906 autem
1786 5849 1982 5905 aitJu-

2109 3294 2316 3356 πάντας
2379 3291 2502 3354 τοὺς
2551 3287 2906 3359 βουλομένους
2941 3282 3274 3356 περιτέμνει,
3323 3280 3510 3351 ὥσπερ
3543 3279 3689 3332 ἄνω-

2109 3387 2200 3441 θεν
2258 3383 2625 3457 ἐκηρύσσετο,
2656 3377 2936 3451 πετρίναις
2986 3372 3302 3446 μαχαίραις,
3337 3373 3424 3425 ἵνα
3456 3371 3696 3441 γένηται

2108 3481 2257 3546 ἔθνος
2288 3479 2510 3542 δίκαιον,
2543 3476 2671 3540 λαὸς
2705 3473 2990 3545 φυλάσσων
3037 3469 3236 3532 πίστιν,
3284 3466 3692 3538 ἀντιλαμϐανό-

2113 3589 2271 3643 μενος
2317 3567 2594 3640 ἀληθείας,
2642 3565 2737 3618 καὶ¹
2772 3561 3059 3633 φυλάσσων
3092 3560 3332 3631 εἰρήνην.
3385 3557 3546 3610 Δεῦτε
3583 3558 3694 3611 σὺν

2110 3661 2234 3736 ἐμοὶ
2266 3663 2464 3725 πάντες
2497 3661 2544 3712 οἱ
2579 3656 2901 3727 φοϐούμενοι
2935 3652 3024 3707 τὸν
3059 3649 3213 3715 Θεὸν,
3249 3654 3298 3704 οἱ
3331 3650 3577 3714 θέλοντες
3609 3651 3691 3704 τὰ

2109 3751 2291 3822 ἀγαθά
2335 3748 2687 3823 Ἰερουσαλὴμ
2747 3745 2896 3801 ἰδεῖν.
2946 3743 3143 3808 Δεῦτε,
3193 3740 3550 3815 πορευθῶμεν
3603 3740 3694 3811 τῷ

2111 3845 2249 3916 φωτὶ
2282 3841 2487 3916 Κυρίου
2508 3859 2521 3871 ο
2557 3839 2724 3910 ἀνῆκε
2758 3837 2868 3908 γὰρ
2900 3835 2990 3889 τὸν
3034 3833 3161 3887 λαὸν
3195 3831 3376 3896 αὐτοῦ,
3411 3833 3502 3886 τὸν
3533 3827 3690 3886 οἶκον

2122 3938 2332 3994 Ἰακώϐ.
2371 3936 2533 3990 Δεῦτε
2569 3933 2748 3987 πάντα
2779 3930 2846 3984 τὰ
2878 3928 3026 4000 ἔθνη,
3062 3926 3418 3998 συναχθῶμεν
3450 3926 3530 3989 εἰς
3576 3925 3690 3978 Ἱε-

2110 4027 2388 4101 ρουσαλὴμ
2433 4025 2528 4096 τὴν
2578 4020 2772 4094 μηκέτι
2818 4017 3226 4090 πολεμουμένην
3283 4016 3370 4070 διὰ
3414 4016 3511 4080 τάς
3557 4018 3689 4070 ἀνο-

2109 4122 2237 4194 μίας
2269 4118 2372 4172 τῶν
2405 4116 2549 4170 λαῶν
2583 4113 2721 4184 (96),
2751 4131 2769 4164 ι
2823 4108 3098 4183 Ἑμφανὴς
3130 4109 3237 4180 γὰρ
3271 4107 3534 4179 ἐγενήθην
3566 4110 3692 4174 τοῖς,

2106 4213 2205 4283 ἐμὲ
2244 4210 2315 4281 μὴ
2349 4207 2633 4280 ζητοῦσιν·
2671 4203 2904 4276 εύρέθην
2937 4204 3047 4265 τοῖς
3081 4200 3180 4272 ἐμὲ
3231 4199 3304 4272 μὴ
3338 4198 3688 4269 ἐπερωτῶσι,

2109 4302 2205 4372 βοᾷ
2235 4300 2322 4354 διὰ
2367 4299 2609 4351 Ἠσαῖουο
2658 4291 2808 4358 εἶπα,
2856 4291 2982 4346 Ἰδού
3031 4292 3165 4362 εἰμι,
3229 4289 3437 4343 ἔθνεσιν
3483 4290 3532 4342 οἳ
3576 4290 3693 4343 οὐκ

2107 4389 2500 4445 ἐπεκαλέσαντό
2536 4405 2634 4460 μου
2669 4386 2728 4439 τὸ
2759 4385 2948 4456 ὄνομα.
2995 4383 3326 4447 Ἐξεπέτασα
3358 4382 3458 4446 τὰς
3488 4382 3693 4454 χεῖράς.

2109 4501 2208 4555 μου
2240 4483 2368 4555 ὃλην
2401 4482 2500 4554 τὴν
2545 4479 2757 4551 ἡμέραν
2802 4477 2895 4530 ἐπὶ
2925 4476 3054 4530 λαὸν
3088 4474 3419 4529 ἀπειθοῦντα
3449 4473 3544 4528 καὶ
3577 4477 3685 4529 άν-

2105 4728 2282 4785 stinus
2317 4734 2613 4790 utrumque
2643 4736 2830 4775 sexum
2861 4717 3068 4790 justum
3101 4729 3224 4790 esse
3270 4724 3364 4768 alit
3389 4715 3690 4790 injustum,

2102 4816 2207 4855 non
2235 4797 2303 4850 ob
2343 4786 2600 4864 speciem
2636 4791 2842 4851 carnis,
2878 4790 2969 4842 sed
3015 4787 3084 4864 ab
3132 4787 3384 4864 pietatem
3431 4797 3486 4838 et
3509 4786 3687 4855 justi;

2101 4854 2256 4931 tiam,
2288 4854 2529 4932 intellige
2553 4862 2914 4932 obgpietatem
2947 4866 3001 4911 et
3031 4855 3304 4924 justitiam
3325 4854 3684 4932 observatam

2104 4948 2201 4994 aut
2243 4925 2543 4988 'violatain.
2602 4925 2788 4999 Neque
2827 4929 2968 4999 enim
3021 4940 3241 4980 necesse
3286 4935 3370 4999 e_s_t_
3418 4925 3681 4999 mutilurn

2099 5006 2368 5078 suspicari
2426 4995 2766 5065 contextum,
2811 5007 2872 5052 ut
2921 4997 3135 5066 Langus
3182 5004 3238 5050 et
3279 4995 3371 5049 alii
3421 4997 3680 5052 nonnulli

2098 5076 2353 5135 suspicati
2382 5083 2526 5128 sunt.

2170 5097 2353 5145 SplCtIlI
2382 5097 2526 5128 sum.

2170 5147 2280 5217 (95)
2306 5146 2521 5214 Νόμος.
2549 5139 2788 5208 Ἰησοῦς
2809 5138 3080 5217 Χριστός.
3094 5135 3372 5217 _l_’r9pon_it
3393 5133 3688 5217 Ull‘rlbills

2099 5202 2597 5276 aliam'lect'ion'cm,
2621 5202 2828 5280 'nempe
2854 5202 3024 5270 ’ἄλλος
3059 5202 3280 5330 sagae.
3321 5209 3384 5258 ἐκ
3415 5202 3554 5259 Σιὼν
3579 5207 3683 5260 νό-

2101 5307 2215 5330 υηη
2255 5285 2463 5330 Ἰπσοῦς
2518 5282 2787 5330 Χριστὸς.
2852 5280 2939 5330 ὃς.
2983 5289 3088 5330 etc.
3158 5280 3251 5330 ed
3311 5278 3427 5330 inse
3464 5275 3683 5330 fatetur

2099 5307 2222 5360 μσς,
2255 5285 2463 5360 Ἰησοῦς
2513 5275 2802 5360 Χριστος,
2852 5280 2939 5360 δς,
2983 5275 3251 5360 etc._.Sed
3311 5278 3427 5360 ipse
3464 5275 3684 5358 fatetur

2099 5347 2370 5426 receptant
2404 5347 2688 5426 lectionem
2711 5347 3298 5426 ltuic_locq_aptiorem_
3327 5347 3521 5426 videri.

2169 5417 2299 5498 (ίθὶί)Δ
2321 5424 2562 5498 Δεῦτε...
2584 5421 2702 5498 τῶν
2737 5419 2927 5498 τίαῶν.
2958 5418 3224 5498 observat
3250 5417 3390 5498 idem
3426 5417 3508 5470 vir
3536 5431 3682 5470 eru-

2097 5487 2547 5553 dit‘us'Justinum
2594 5494 2697 5546 hoc
2744 5492 2866 5546 loco
2900 5490 3170 5557 respicere
3201 5489 3265 5538 ad
3307 5487 3510 5557 Jerem.
3537 5502 3674 5554 cap.

2097 5585 2180 5629 Ill,
2213 5580 2266 5621 et
2294 5582 2385 5628 xv,
2417 5577 2470 5619 et
2500 5578 2686 5628 xxxrv,
2711 5572 2763 5616 et
2788 5578 2947 5628 supra
2979 5556 3029 5610 in
3053 5559 3137 5613 his
3157 5558 3357 5629 verbis,
3379 5556 3679 5629 acuteque.

2098 5627 2488 5712 ρευοῶμενζθιί
2515 5627 2677 5712 caput
2705 5627 3049 5712 nut'lsaim,
3103 5628 3307 5712 iniistis
3348 5639 3525 5712 autem
3573 5627 3678 5683 ἵνα

2095 5699 2509 5779 γένηται-ἔθνος
2539 5699 2753 5779 δίκαιον.
2786 5703 2850 5755 ad
2889 5716 3008 5768 cap.
3061 5711 3214 5779 “vr
3239 5699 3480 5779 ejusdem
3531 5711 3676 5779 pio-

2091 5765 2288 5848 phet'ae.
2323 5765 2603 5848 Ret‘ertad
2642 5774 2908 5842 psalmum
2944 5765 3127 5828 cum
3155 5770 3254 5824 ista
3272 5765 3473 5835 'verba,
3497 5765 3548 5819 οἱ
3571 5765 3674 5820 θέ-

2091 5844 2271 5911 λοντες
2297 5848 2362 5902 τὰ
2387 5844 2588 5914 ἀγαθά,
2630 5854 2737 5900 etc.
