3962 6262
233 287 328 345 529
1303 296 1648 358 DlALOGUS
1679 298 1823 355 CUM
1858 299 2233 359 TRYPHONE
2263 301 2526 360 JUDIEO.
3490 306 3603 381 530.

234 406 516 475 τιλέγοντα
538 447 557 471 ,
614 410 756 473 τοῖς
818 415 1259 487 πορευομένοις
1315 416 1416 488 6δῷ
1459 417 1521 471 οὐ
1567 419 1741 490 καλῇ,
1788 418 1905 473 ἀλλά

2029 426 2162 484 tem,
2208 418 2302 488 qui
2352 418 2705 476 ambulabant
2732 397 2904 475 in'via
2952 436 3059 476 non
3108 419 3273 488 bona,
3329 421 3421 475 sed
3471 435 3595 492 post

236 498 398 553 ὀπίσω
430 499 552 553 τῶν
588 501 954 574 ἁμαρτιῶν
1006 508 1219 562 αὐτῶν.
1264 509 1406 573 Λαὸς
1439 511 1467 563 ὁ
1501 510 1817 582 παροξύνων
1852 529 1905 582 με

2022 518 2241 578 peccata
2272 524 2390 565 sua.
2434 510 2669 582 Populus
2695 520 2772 568 est
2800 513 2890 582 qui
2925 513 3220 568 exacerbat
3250 528 3336 568 me
3377 514 3430 567 in
3462 530 3593 569 con-

236 591 474 645 ἐναντίον
516 609 637 663 μου
649 632 664 645 .
722 613 747 646 ι

2022 612 2208 673 spectu
2232 620 2372 660 meo.
2413 623 2432 657 ι

296 685 389 740 25.
426 686 545 739 Σὺν
587 687 749 758 ὑμῖν
794 691 939 763 (97)
978 693 1086 748 καὶ
1120 694 1523 767 κληρονομῆσαι
1571 696 1905 769 βουλήσονται

2090 698 2181 753 25.
2210 696 2437 752 Frustra
2456 696 2636 753 Judwi
2651 698 2788 767 ﬁlios
2817 715 2872 752 se
2902 714 3011 752 esse
3033 697 3259 753 Abraha?
3274 697 3589 768 gloriantur.

237 778 334 831 xiv
365 778 566 846 ὀλίγον
603 781 815 835 τόπον
857 778 1036 838 οὗτοι
1071 786 1124 839 οί
1170 786 1504 851 δικαιοῦντες
1539 788 1787 852 ἑαυτοὺς,
1825 789 1905 843 Kal

2019 790 2395 846 —Nobiscum
2441 790 2527 844 vel
2579 790 2859 858 paululum
2911 789 3013 844 loci
3062 790 3229 845 etiam
3276 789 3595 845 hmredilate

237 872 486 941 λέγοντες
524 869 698 929 εἶναι
739 876 955 932 τέκνα
1006 878 1294 952 ’Δὸραὰμ,
1329 879 1405 944 ὡς
1438 880 1526 933 διὰ
1558 879 1649 932 τοῦ
1696 881 1905 935 Ἠσαῖοι

2020 882 2268 952 accipere
2296 883 2381 937 isti
2408 883 2651 953 cupient,
2687 883 2778 952 qui
2812 882 3025 951 seipsos
3069 882 3397 951 justilicant,
3424 898 3595 953 seque

240 966 337 1037 βοᾷ
366 966 430 1019 τὸ
464 966 649 1035 ἆγιον
689 968 1005 1042 Πνεῦμα,
1043 970 1123 1037 ὡς
1154 972 1263 1024 ἀπὸ
1294 969 1588 1043 προσώπου
1623 971 1801 1025 αὐτῶν
1834 972 1905 1025 λέ-

2021 973 2161 1028 ﬁlios
2221 972 2450 1028 Abrahae
2507 987 2627 1028 esse
2690 972 2925 1029 dicunt:
2987 973 3443 1042 quemadmodum
3496 990 3594 1043 per

243 1074 350 1125 των
380 1058 559 1112 τάδε’
609 1077 634 1111 ι
699 1059 1125 1133 Ἐπίστρεψον
1156 1064 1221 1115 ὲκ
1252 1062 1342 1115 τοῦ
1388 1062 1653 1136 οὐρανοῦ,
1701 1063 1797 1117 καὶ
1843 1063 1905 1117 ἴδε

2018 1066 2211 1122 Isaiam
2254 1067 2455 1122 clamat
2500 1066 2738 1137 Spiritus
2782 1076 3027 1133 sanctus,
3082 1065 3234 1121 velut
3260 1082 3328 1121 ex
3354 1082 3593 1136 persona

247 1151 310 1203 ὲκ
340 1149 433 1203 τοῦ
467 1149 642 1205 οἴκου
683 1151 798 1205 τοῦ
841 1152 1031 1221 ἁγίου
1068 1170 1165 1207 σου
1200 1152 1293 1207 καὶ
1323 1153 1503 1225 δόξης.
1540 1153 1650 1207 Ποῦ
1684 1153 1747 1225 δή
1772 1156 1905 1208 eam

2019 1171 2209 1216 eorum
2244 1159 2324 1215 sic
2377 1158 2640 1227 loquens:
2680 1177 2699 1211 ι
2736 1156 3078 1213 Convertere
3102 1158 3171 1213 de
3204 1158 3366 1223 cmlo,
3387 1166 3442 1213 et
3471 1159 3595 1214 vide

252 1240 459 1312 δῆλός
513 1259 623 1296 σου
661 1242 779 1297 καὶ
835 1244 879 1315 ἡ
933 1245 1134 1315 ἰσχύςς
1190 1244 1298 1303 Ποῦ
1351 1245 1468 1299 ἔστι
1496 1246 1557 1299 τὸ
1599 1246 1801 1319 πλῆθος
1827 1246 1905 1300 τοί

2019 1251 2089 1307 de
2111 1252 2273 1305 domo
2324 1251 2623 1305 sanctuarii
2677 1251 2780 1315 tui,
2826 1258 2882 1305 et
2933 1250 3144 1320 gloriae.
3195 1249 3300 1306 Ubi
3326 1259 3413 1306 est
3444 1250 3596 1307 zelus

254 1333 433 1398 ἐλέους
470 1350 600 1398 σου,
634 1336 734 1388 ὅτι
768 1337 1046 1408 ἠνέσχου
1073 1336 1256 1408 ἡμῶν,
1277 1336 1486 1409 Κύριε;
1525 1338 1598 1393 Σὺ
1624 1338 1731 1409 γὰρ
1760 1337 1918 1409 ἡμῶν

258 1422 304 1478 εἷ
324 1427 539 1497 πατὴρ,
564 1428 661 1480 ὅτι
695 1427 813 1481 ἈΕ
825 1424 1005 1501 ραὰμ
1047 1429 1149 1483 οὐκ
1188 1429 1328 1498 ἔγνω
1356 1430 1505 1501 ἡμᾶς
1527 1447 1539 1460 ο
1568 1429 1665 1484 καὶ⁵
1702 1430 1919 1502 Ἰσραὴλ

259 1523 357 1575 οὒκ
414 1523 662 1590 ἀπέγνω
719 1524 927 1594 ἡμᾶς.
970 1524 1135 1578 Ἀλλὰ
1184 1523 1270 1589 σὺ,
1319 1524 1492 1596 Κύριε
1522 1523 1702 1597 πατὴρ
1736 1524 1905 1597 ἡμῶν,

2018 1531 2102 1579 ter
2132 1537 2346 1579 noster:
2380 1525 2506 1594 quia
2536 1525 2809 1580 Abraham
2844 1524 3003 1601 124
3033 1542 3140 1581 non
3176 1527 3432 1598 cognovit
3472 1542 3592 1596 nos,

269 1614 427 1686 ῥῦσαι
456 1616 615 1686 ἡμᾶς
638 1633 653 1646 ·
695 1616 813 1670 ἀπ’
839 1616 1035 1688 ἀρχῆς
1059 1616 1119 1670 τὸ
1154 1616 1325 1688 ὄνομά
1345 1634 1440 1669 σου
1481 1617 1565 1686 ἐφ’
1594 1618 1743 1688 ἡμᾶς
1772 1619 1905 1671 ἐστι.

2017 1623 2073 1672 et
2100 1616 2268 1672 lsrael
2315 1633 2420 1672 non
2453 1617 2709 1686 cognovit
2750 1633 2871 1673 nos.
2921 1618 3030 1673 Sed
3064 1627 3139 1680 tu,
3173 1618 3403 1674 Domine
3428 1618 3593 1674 Pater

267 1708 333 1761 Τί
362 1707 706 1779 triti-mea;
738 1709 943 1778 ἡμᾶς,
970 1707 1169 1780 Κύριε,
1187 1707 1295 1762 ἀπὸ
1312 1708 1413 1779 τῆς
1427 1706 1546 1761 ὁδοῦ
1575 1725 1668 1762 σου
1687 1724 1701 1738 ⁸
1730 1708 1905 1781 ἐσκλή-

2016 1714 2226 1772 noster,
2263 1706 2431 1761 libera
2455 1721 2595 1771 nos;
2636 1720 2666 1759 a
2696 1705 2966 1775 principio
3006 1718 3204 1759 nomen
3240 1713 3393 1758 tuum
3430 1719 3595 1775 super

278 1819 437 1872 ρυνας
460 1776 633 1873 ἡμῶν
663 1776 1077 1874 τὴνήκαρδίαντ
1090 1801 1180 1856 τοῦ
1222 1802 1295 1875 μὴ
1341 1776 1623 1872 φοϐεῖσθαί
1644 1818 1738 1867 σε;
1767 1776 1905 1855 Ἐπί-

2019 1812 2118 1852 nos
2144 1806 2247 1852 est.
2276 1796 2457 1865 Quare
2493 1796 2760 1852 seduxisti
2794 1811 2914 1863 nos,
2941 1796 3195 1864 Domine,
3236 1797 3305 1851 de
3334 1797 3419 1851 via
3453 1805 3545 1852 tua
3571 1796 3595 1850 ἲ

286 1896 513 1968 στρεψον
552 1895 655 1950 διὰ
706 1897 856 1961 τοὺς
897 1894 1128 1961 δούλους
1178 1912 1295 1962 σου,
1332 1896 1422 1951 διὰ
1457 1896 1556 1961 τὰς
1598 1898 1772 1967 φυλὰς
1818 1898 1905 1968 τῆς

2019 1890 2286 1946 lndurasti
2326 1891 2493 1947 corda
2523 1899 2735 1957 nostra,
2788 1906 2861 1946 ne
2900 1890 3215 1957 timeremus
3238 1890 3331 1945 te?
3353 1891 3595 1946 Conver-

290 1988 664 2059 κληρονομίας
715 2004 854 2053 σου,
907 1988 997 2042 ἵνα
1051 1988 1248 2060 μικρὸν
1295 1987 1795 2062 κληρονομήσωμεν
1822 1989 1905 2043 τοῦ

2020 1992 2135 2039 tere
2160 1991 2384 2053 propter
2414 1997 2607 2039 servos
2635 1992 2777 2049 tuos,
2803 1990 3032 2052 propter
3058 1982 3234 2036 tribus
3258 1981 3594 2038 lmreditatis

299 2087 445 2153 δρινκ
586 2082 761 2152 ἁγίου
792 2100 920 2136 σου.
938 2083 1271 2154 Ἐγενόμεθα
1302 2084 1376 2149 ὡς
1398 2084 1458 2137 τὸ
1484 2086 1580 2140 ἀπ’
1602 2085 1800 2157 ἀρχῆς,
1826 2086 1905 2141 ὅτε

2020 2086 2145 2143 tute,
2179 2086 2241 2131 ut
2267 2076 2541 2131 modicum
2570 2075 2899 2131 haereditate
2949 2075 3285 2141 accipiamus
3316 2075 3382 2129 de
3410 2085 3595 2132 monte

298 2177 391 2228 οὒκ
440 2172 629 2247 ἦρξας
683 2176 907 2249 ἡμῶν,
968 2178 1091 2232 οὐδὲ
1147 2176 1422 2249 ἐπεκλήθη
1484 2176 1543 2231 τὸ
1601 2177 1771 2249 ὄνομά
1822 2196 1905 2232 σοι

2018 2179 2210 2226 sancto
2258 2178 2374 2226 tuo.
2432 2167 2587 2223 Facti
2639 2182 2834 2223 sumus
2880 2167 3037 2237 quasi
3073 2182 3102 2221 a
3134 2168 3437 2237 principio;
3466 2184 3593 2223 cum

300 2269 381 2335 ig‘
417 2270 598 2340 ἡμᾶς.
625 2270 775 2322 Ἐὰν
806 2270 1033 2342 ἀνοίξῃς
1062 2269 1153 2323 τὸν
1192 2269 1439 2341 οὐρανὸν,
1466 2270 1667 2343 τρόμος
1687 2254 1905 2342 λήψεται

2017 2277 2122 2317 non
2146 2261 2503 2317 dominareris
2534 2259 2732 2327 nostri,
2761 2275 2938 2329 neque
2976 2260 3285 2315 invocatum
3312 2270 3461 2315 esset
3490 2274 3593 2315 no-

297 2359 404 2411 ἀεὸ
448 2358 547 2413 σοῦ
581 2360 723 2432 ὅρη,
756 2360 863 2413 καὶ
899 2361 1249 2433 τακήσονται,
1286 2361 1361 2425 ὡς
1397 2361 1506 2416 ἀπὸ
1542 2363 1710 2434 πυρὸς
1748 2363 1916 2435 κηρὸς

299 2451 526 2523 τήκεται
545 2469 560 2481 ·
602 2453 711 2505 καὶ
747 2453 1093 2507 κατακαύσει
1130 2452 1237 2525 πῦρ
1266 2454 1390 2520 τοὺς
1421 2452 1792 2521 ὑπεναντίους,
1821 2455 1917 2508 καὶ

302 2543 536 2615 φανερὴν
562 2541 734 2597 ἔσται
762 2544 825 2596 τὸ
849 2543 1023 2614 ὃνομά
1049 2560 1142 2597 σου
1184 2546 1240 2596 ὲν
1267 2545 1377 2608 τοῖς
1407 2543 1743 2608 ὑπεναντίοις
1762 2560 1775 2574 °
1807 2544 1916 2598 ἀπὸ

302 2635 607 2706 προσώπου
662 2653 769 2690 σου
815 2635 945 2707 ἔθνη
986 2634 1436 2708 ταραχθήσονται.
1464 2637 1631 2690 Ὅταν
1668 2639 1826 2708 ποιῇς
1848 2637 1915 2691 τὰ

302 2728 517 2795 ἔνδοξα,
549 2728 775 2802 τρόμος
813 2728 1045 2801 λήψεται
1084 2728 1194 2783 ἀπὸ
1224 2727 1317 2782 σοῦ
1342 2728 1465 2800 ὅρη.
1492 2727 1628 2783 Ἀπὸ
1667 2726 1758 2781 τοῦ
1786 2728 1916 2782 αίῶ-

304 2839 393 2885 νος
421 2823 527 2875 οὐκ
579 2822 939 2892 ἠκούσαμεν,
996 2821 1117 2875 οὐδὲ
1159 2822 1210 2875 οἱ
1255 2820 1523 2892 ὀφθαλμοὶ
1575 2820 1733 2892 ἡμῶν
1777 2817 1914 2877 εἶδον

2020 1352 2166 1409 tuus,
2193 1354 2247 1397 et
2273 1341 2582 1398 fortitudo?
2611 1341 2714 1398 Ubi
2744 1351 2829 1397 cst
2860 1342 3152 1397 multitudo
3200 1343 3596 1399 misericordiae

2019 1440 2145 1499 tuae,
2183 1433 2308 1502 quia
2334 1433 2647 1487 sustinuisti
2684 1447 2804 1497 nos,
2838 1432 3091 1488 Domine.
3125 1432 3206 1488 Tu
3228 1434 3373 1489 enim
3404 1449 3463 1490 es
3490 1433 3595 1489 Pa-

2017 2445 2389 2516 apprehendet
2418 2458 2483 2498 ex
2510 2454 2563 2499 te
2599 2453 2837 2509 montes,
2869 2454 2925 2499 ct
2948 2443 3274 2513 liquescent,
3302 2444 3592 2499 sicutcera

2018 2555 2049 2593 a
2084 2539 2227 2594 facie
2254 2539 2395 2608 ignis
2432 2538 2715 2610 liquescit;
2752 2545 2807 2593 et
2834 2537 3123 2593 comburet
3152 2538 3295 2608 ignis
3336 2538 3593 2592 adversa-

2015 2633 2147 2699 rios,
2181 2643 2235 2689 et
2264 2631 2614 2688 manifestum
2656 2632 2764 2688 erit
2811 2645 3009 2687 nomen
3063 2641 3213 2684 tuum
3247 2635 3300 2685 in
3328 2630 3591 2686 adversa-

2018 2728 2151 2781 riis:
2183 2741 2214 2781 a
2242 2724 2382 2783 facie
2413 2734 2504 2781 tua
2556 2733 2749 2797 gentes
2792 2726 3181 2780 turbabuntur.
3220 2723 3357 2779 Cum
3382 2722 3591 2783 eieceris

2014 2817 2269 2889 gloriosa,
2320 2826 2527 2874 tremor
2575 2820 2949 2891 apprehendet
2972 2832 3041 2873 ex
3065 2825 3117 2871 te
3152 2827 3388 2873 montes.
3416 2817 3461 2869 A
3482 2830 3589 2870 sa}-

302 2914 441 2968 θεδν
468 2915 621 2987 πλὴν
650 2916 778 2970 σοῦ.
810 2916 924 2969 Καὶ
951 2915 1020 2970 τὰ
1046 2914 1185 2987 ἔργα
1215 2933 1327 2980 σου,
1363 2916 1399 2971 δι
1420 2917 1665 2987 ποιήσεις
1692 2917 1803 2981 τοῖς
1827 2932 1905 2986 με-

2016 2909 2138 2965 culo
2179 2924 2289 2965 non
2343 2911 2676 2977 audivimus,
2723 2927 2902 2982 neque
2932 2908 3079 2965 oculi
3113 2909 3283 2963 nostri
3333 2909 3591 2964 viderunt

302 3006 602 3061 τανοοῦσιν
628 3007 770 3079 (98),
803 3007 974 3060 ἔλεον.
1018 3008 1414 3078 Συναντήσεται
1455 3009 1567 3071 τοῖς
1598 3005 1813 3059 ποιοῦσι
1854 3008 1905 3060 τὲ

2015 3000 2185 3057 Deum
2225 3012 2423 3071 praeter
2452 3012 2524 3070 te,
2559 3011 2616 3057 et
2662 3016 2832 3072 opera
2860 3015 2977 3070 tua,
3006 3015 3130 3070 quae
3163 3000 3358 3067 facies,
3391 3016 3589 3072 nempe

302 3100 542 3165 δίκαιον,
580 3099 685 3152 καὶ
720 3098 833 3151 τῶν
883 3097 1017 3150 ὁδῶν
1062 3115 1155 3151 σου
1214 3096 1633 3170 μνησθήσονται.
1663 3098 1798 3151 Ἰδοὺ
1846 3100 1905 3152 σὺ

2019 3094 2393 3163 penitentiam
2436 3095 2748 3166 agentibus,
2796 3093 3261 3150 misericordiam.
3323 3092 3592 3149 Occurret

2016 2368 2141 2409 men
2175 2364 2321 2406 tuum
2350 2367 2516 2422 super
2552 2366 2669 2407 nos.
2701 2352 2759 2406 Si
2791 2350 3071 2421 aperueris
3104 2349 3333 2415 cmlum,
3387 2359 3594 2405 tremor
3704 2380 3711 2389 -

302 3192 620 3265 ὼργίσθης,
652 3190 757 3244 καὶ
788 3192 951 3261 ἡμεῖς
988 3190 1323 3263 ἡμάρτομεν.
1355 3190 1456 3244 Διὰ
1497 3190 1653 3245 τοῦτο
1679 3190 1913 3261 ἐπλανή-

305 3284 486 3356 θημεν
514 3285 620 3338 καὶ
647 3282 959 3353 ἐγενόμεθα
991 3280 1293 3354 ἀκάθαρτοι
1326 3282 1547 3347 πάντες,
1582 3281 1680 3336 καὶ
1708 3281 1784 3348 ὡς
1818 3282 1912 3354 ῥά-

305 3394 405 3440 κος
453 3374 901 3445 ἁποκαθημένης
943 3376 1094 3427 πᾶσα
1142 3376 1175 3445 ἠ
1224 3374 1534 3445 δικαιοσύνη
1585 3374 1771 3446 ήμῶνο
1815 3376 1911 3428 καὶ

306 3467 667 3539 ὲξερῤύημεν
698 3466 777 3529 ὡς
807 3465 983 3535 φύλλα
1012 3464 1100 3518 διὰ
1123 3465 1223 3530 τὰς
1250 3466 1479 3537 ἀνομίας
1513 3465 1669 3537 ἡμῶν
1688 3483 1700 3496 ’
1738 3465 1909 3530 οὕτως

306 3558 517 3628 ἄνεμος
553 3559 703 3610 οἴσει
730 3558 912 3628 ἡμᾶς’
961 3557 1059 3610 καὶ
1104 3557 1204 3609 οὐκ
1235 3557 1381 3611 ἔστιν
1411 3559 1440 3610 ὁ
1479 3557 1909 3629 ἐπικαλούμενος

306 3650 371 3701 τὸ
605 3666 729 3711 σου,
755 3647 852 3701 καὶ
876 3646 939 3700 ού
970 3646 1228 3719 μνησθεὶς
1263 3648 1643 3702 ἀντιλαϐέσθαι
1673 3666 1788 3712 σου,
1825 3650 1908 3703 ὅτι

306 3741 675 3811 ﬁdum-39:1;
702 3740 765 3793 τὸ
791 3738 1085 3811 πρόσωπόν
1113 3756 1206 3792 σου
1243 3742 1337 3808 ἀφ’
1380 3739 1558 3811 ἡμῶν,
1602 3741 1696 3795 καὶ
1737 3740 1909 3811 παρέ-

312 3832 495 3896 δωκας
561 3832 718 3902 ἡμᾶς
762 3830 853 3884 διὰ
920 3831 1017 3894 τὰς
1063 3831 1337 3903 ἁμαρτίας
1404 3830 1578 3902 ἡμῶν.
1643 3832 1753 3886 Καὶ
1813 3832 1907 3885 νῦν

312 3924 675 3995 ἐπίστρεψον,
694 3924 893 3992 Κύριε,
915 3924 997 3976 ὅτι
1012 3922 1143 3986 λαός
1174 3923 1283 3995 (99)
1304 3940 1396 3977 σου
1422 3924 1623 3989 πάντες
1642 3925 1824 3996 ἡμεῖς.
1841 3924 1907 3978 Ἡ

314 4017 472 4081 ﬁtﬁt;
500 4016 596 4069 τοῦ
622 4015 782 4083 ἁγίου
812 4032 905 4068 σου
928 4014 1158 4086 ἐγενήθη
1182 4016 1404 4087 ἔρημος,
1440 4015 1578 4070 Σιὼν
1608 4017 1682 4080 ὡς
1702 4017 1905 4088 ἔρημος

314 4108 577 4179 ἐγενήθη,
625 4107 986 4178 Ἰερουσαλὴμ
1008 4108 1087 4171 εἰς
1116 4108 1357 4179 κατάραν
1379 4125 1390 4137 ·
1418 4108 1446 4160 ὁ
1472 4104 1638 4173 οἶκος,
1672 4107 1733 4161 τὸ
1752 4108 1906 4177 ἅγιον

313 4200 496 4269 ἡμῶν,
541 4199 640 4253 καὶ
667 4202 703 4269 ἡ
743 4198 875 4265 δόξα
906 4198 973 4269 ῆν
1020 4197 1318 4268 εὐλόγησαν
1350 4199 1400 4251 οί
1446 4199 1679 4271 πατέρες
1726 4198 1901 4269 ἡμῶν.

314 4290 554 4361 ἐγενήθη
583 4290 959 4361 πυρίκαυστος
979 4306 991 4317 ·
1037 4288 1132 4342 καὶ
1159 4288 1334 4343 πάντα
1365 4290 1432 4344 τὰ
1456 4289 1583 4362 ἔθνη
1622 4290 1697 4362 (1)
1718 4290 1903 4361 ἔνδοξα

318 4384 611 4437 συνέπεσε.
642 4385 757 4437 Καὶ
787 4384 881 4435 ἐπὶ
893 4383 1101 4445 τούτοις
1126 4383 1375 4454 ἁνέσχου,
1400 4385 1594 4455 Κύριε,
1623 4385 1716 4443 καὶ
1746 4385 1903 4439 ἐσιώ-

317 4491 524 4544 πησας,
554 4474 655 4528 καὶ
688 4476 1061 4539 ὲταπείνωσας
1091 4477 1237 4547 ἡμᾶς
1268 4475 1491 4548 σφόδρα.
1520 4496 1539 4527 ι

388 4679 435 4709 ⁸⁸
468 4682 577 4736 lsa.
614 4692 777 4738 um,
806 4678 873 4734 15
900 4694 1069 4746 usque
1091 4680 1156 4735 ad
1184 4679 1369 4745 linem,
1404 4689 1460 4735 et
1483 4695 1612 4734 wa
1644 4695 1739 4749 per
1774 4690 1964 4734 totum.

2016 3187 2355 3244 facientibus
2386 3188 2698 3259 justitiam;
2730 3199 2785 3244 et
2809 3189 3024 3243 viarum
3073 3196 3287 3242 tuarum
3334 3187 3592 3243 recorda-

2010 3280 2231 3337 buntur.
2252 3283 2391 3343 Ecce
2414 3291 2467 3337 tu
2493 3283 2666 3337 iratus
2688 3295 2767 3346 es,
2787 3291 2841 3336 et
2863 3295 2960 3335 nos
2980 3280 3347 3350 peccavimus.
3380 3279 3589 3335 Idcirco

2011 3375 2337 3442 erravimus,
2370 3382 2424 3430 et
2453 3372 2584 3429 facti
2628 3389 2817 3436 sumus
2866 3374 3022 3445 quasi
3070 3368 3339 3431 immundi
3370 3390 3584 3443 omnes,

2010 3474 2065 3520 et
2089 3474 2146 3518 ut
2170 3481 2383 3535 pannus
2424 3465 2661 3520 sedentis
2695 3467 2875 3521 omnis
2909 3466 3123 3535 iustitia
3158 3474 3366 3521 nostra.
3395 3466 3463 3521 E-t
3487 3466 3588 3521 de-

2009 3555 2264 3611 ﬂuximus
2290 3556 2440 3625 quasi
2482 3555 2613 3610 folia
2644 3566 2870 3627 propter
2893 3558 3213 3629 iniquitates
3244 3566 3478 3621 nostras,
3505 3557 3587 3612 sic

2008 3658 2206 3702 ventus
2231 3647 2442 3704 auferet
2472 3663 2600 3704 nos:
2635 3657 2689 3703 et
2724 3666 2832 3705 non
2862 3660 2949 3706 est
2985 3652 3078 3721 qui
3122 3652 3346 3706 invocet
3390 3664 3585 3704 nomen

2010 3749 2185 3807 tuum,
2213 3750 2269 3794 et
2298 3742 2389 3809 qui
2438 3743 2758 3796 recordatus
2791 3743 3169 3813 apprehendat
3201 3752 3292 3798 te:
3328 3743 3586 3808 quoniam

2010 3831 2260 3885 avertisti
2317 3830 2514 3885 faciem
2568 3840 2714 3884 tuam
2760 3847 2789 3885 a
2840 3833 3028 3900 nobis,
3076 3841 3133 3888 et
3178 3833 3450 3888 tradidisti
3484 3847 3587 3886 nos

2007 3931 2227 3992 propter
2259 3931 2477 3992 peccata
2514 3933 2723 3977 nostra.
2742 3919 3089 3979 Etiamnunc
3115 3934 3460 3990 convertere,
3488 3923 3590 3978 Do-

2006 4017 2173 4082 mine,
2208 4016 2335 4084 quia
2368 4016 2596 4085 populus
2630 4023 2756 4070 tuus
2788 4031 2978 4071 omnes
3010 4031 3143 4082 nos;
3179 4017 3376 4072 civitas
3409 4018 3587 4071 sancti

2008 4109 2085 4163 tui
2118 4107 2263 4161 facta
2298 4116 2381 4163 est
2429 4111 2673 4174 deserta;
2728 4106 2859 4163 Sion
2909 4108 3069 4177 quasi
3130 4107 3376 4163 solitudo
3438 4106 3587 4162 facta

2006 4209 2124 4264 est;
2160 4198 2460 4256 Jerusalem
2496 4200 2548 4253 in
2585 4198 3287 4266 maledictionem,domus,
3322 4208 3586 4255 sanctua-

2005 4290 2145 4345 rium
2180 4302 2451 4356 nostrum,
2487 4298 2543 4345 et
2576 4291 2769 4362 gloria,
2822 4292 2910 4347 cui
2947 4292 3355 4347 benedixerunt
3399 4298 3585 4362 patres

2005 4384 2203 4446 nostri,
2236 4383 2382 4439 facta
2415 4393 2499 4438 est
2532 4383 2641 4453 igni
2674 4383 2995 4451 combusta;
3024 4391 3082 4438 et
3113 4399 3303 4439 omnes
3336 4382 3585 4453 gloriosa:

2003 4486 2188 4545 gentes
2251 4475 2413 4531 simul
2453 4476 2755 4532 irruerunt.
2803 4477 2870 4531 Et
2916 4491 3079 4546 super
3111 4478 3199 4532 his
3249 4477 3582 4542 suStinuisti,

2014 4566 2257 4630 Domine,
2293 4576 2349 4621 et
2381 4567 2621 4633 tacuisti,
2657 4578 2714 4622 et
2744 4569 3045 4624 humiliusti
3082 4584 3181 4624 nos
3215 4568 3371 4624 valde
3402 4569 3469 4623 “.
3514 4588 3533 4621 ι

388 4790 507 4874 (θῖ)
548 4791 682 4874 Σὺζ
714 4793 905 4874 ὑμῖφζπν
935 4793 1087 4874 Legit
1133 4794 1351 4874 Langus
1396 4794 1694 4874 σὺνῇῄμϊν..
1730 4793 1899 4874 quue

2036 4868 2048 4874 _
2074 4798 2182 4871 (99)
2215 4800 2323 4874 Kal
2352 4799 2469 4874 νῦν
2495 4800 2752 4874 extero,
2784 4817 2869 4874 κ.,
2897 4798 2983 4874 ὅτι
3015 4798 3182 4874 έαός,
3214 4754 3321 4874 etc.
3341 4793 3579 4874 _Septua-

320 4859 773 4934 londinensibus
799 4859 1103 4918 editoribus
1138 4859 1445 4934 probatum.
1501 4859 1577 4919 Si'
1604 4866 1726 4934 quis
1765 4859 1896 4920 reti-

319 4946 449 4985 nere
490 4933 649 4986 malit
670 4932 819 5005 _illud
854 4937 955 5005 σὺν
976 4932 1510 5004 ὑμῖν,ἰ·υίει·εηόιιιῐι
1541 4932 1645 4989 erit
1670 4936 1736 4989 ad
1765 4951 1896 5005 gen—

321 5011 422 5075 tes,
468 5018 614 5075 quas
663 5001 916 5059 Justinus
940 5001 1052 5072 jam
1103 5014 1263 5058 antea
1293 5005 1681 5075 compellabat.
1718 5001 1895 5074 Atque

319 5071 437 5143 [nec
461 5072 685 5139 quidem
722 5074 789 5125 ad
821 5071 1009 5143 gentes
1039 5076 1374 5143 apostropbe
1421 5071 1602 5127 iuiuus
1648 5074 1789 5129 forte
1806 5071 1895 5129 _vi—

318 5142 545 5216 debitur
573 5143 787 5216 homini
832 5142 959 5198 cum
1010 5142 1213 5201 Judmis
1262 5142 1332 5216 in
1374 5152 1532 5216 xysto
1564 5144 1892 5216 colloquenti

318 5212 649 5283 convenire;
684 5213 779 5283 sed
810 5224 988 5269 tamen
1024 5218 1269 5269 eamdem
1307 5212 1539 5283 ﬁguram
1587 5232 1690 5268 non
1722 5212 1892 5269 inulto

316 5290 439 5348 post
463 5281 693 5355 adhibet
735 5282 1005 5348 Justinus,
1043 5300 1236 5354 nempe
1258 5302 1312 5338 n.
1346 5281 1437 5338 ‘29.
1466 5285 1601 5338 Illud
1636 5285 1731 5339 καὶ
1761 5284 1893 5355 κλη-

318 5351 625 5424 ρονομῆσαι
652 5355 927 5422 signiﬁcat
960 5351 1480 5424 Judzeos'optaturos
1514 5356 1654 5408 bona
1685 5351 1890 5410 aeterna

318 5423 596 5495 accipere,
631 5425 933 5495 etiamper
985 5423 1250 5495 gratiam,
1289 5437 1346 5479 ut
1393 5424 1703 5495 Christiani
1750 5427 1895 5480 acci-

315 5492 491 5563 piunt.
530 5508 643 5545 non
677 5509 775 5560 per
811 5492 1009 5563 legem,
1047 5496 1212 5549 etiam
1241 5503 1299 5548 ut
1321 5495 1635 5550 cohaeredes
1666 5494 1893 5551 Christi.

387 5560 501 5630 (98)
546 5560 988 5637 Μεταγοοῦὶγιν.
1038 5563 1259 5635 Legitur
1315 5567 1455 5637 apud
1508 5564 1652 5618 LXX
1694 5566 1902 5637 ὑπομέ-

315 5647 531 5703 νουσιν,
590 5652 609 5684 ‹
678 5634 765 5687 his
829 5636 922 5703 qui
988 5634 1311 5703 exspectant
1349 5634 1821 5690 misericordiam.
1878 5656 1896 5688 ›

314 5699 487 5777 liabet
537 5705 666 5777 cod.
694 5699 929 5777 Clarum.
954 5706 1039 5759 Τὰ
1070 5699 1206 5777 ἔργα
1228 5722 1321 5759 σου
1344 5706 1579 5777 ποιήσειέ
1604 5708 1716 5770 τοῖς
1743 5724 1906 5776 μετα-

317 5773 526 5829 νωῧσιν
573 5774 741 5833 ἔλεον.
778 5776 954 5847 Supra
1003 5773 1291 5848 legendum
1338 5773 1699 5845 οὐχ’ὲπέγνω
1738 5773 1903 5849 ἡμᾶς.

1999 4866 2186 4952 ginta-3
2209 4870 2321 4924 Kal
2341 4870 2485 4952 γῦν,
2513 4866 2703 4952 Κύριε,
2728 4870 2911 4952 πατὴρ
2938 4866 3391 4952 ήμῶνισύηήμεξς
3405 4866 3583 4952 6km?)-

1999 4934 2275 5018 iég,_€pvat
2299 4939 2413 5018 τῶν.
2433 4934 2633 5018 χειρῶν
2671 4957 2766 5018 (ζου
2808 4934 3027 5018 πάντες.
3066 4938 3159 5018 Μὴ
3202 4934 3420 5018 ὀρῖίξου
3446 4934 3577 5018 ἡμῖν

2000 5006 2328 5084 σφοδρακαὶ
2357 5006 2719 5084 μὴ”ὲνκαιρῷ
2738 5080 2750 5084 _
2768 5009 3012 5084 μνησθῇς
3057 5006 3341 5084 αμαρτιῶν
3382 5006 3575 5084 ᾑμῷνς

2000 5028 2207 5091 σφοορα
2233 5028 2328 5064 και
2354 5028 2430 5133 μη
2462 5028 2518 5065 εν
2543 5028 2719 5082 καιρῳ
2768 5028 3012 5084 μνησυῃς
3057 5028 3341 5090 αμαρτιων
3382 5028 3539 5088 ημων
3558 5028 3575 5039 ·

1997 5081 2095 5157 _xal
2129 5098 2246 5157 νυν
2278 5084 2348 5134 ἐπ
2372 5080 2588 5157 ϐλεψον,
2626 5083 2710 5157 δτι
2738 5080 2887 5157 λαός,
2933 5093 3046 5157 etc.
3076 5078 3189 5133 NISI
3227 5078 3578 5157 egregtefal-

1996 5151 2097 5215 lor,
2136 5152 2248 5205 haec
2282 5147 2713 5207 omniaJustino
2748 5149 3083 5206 restituenda
3120 5158 3286 5214 sunt;
3322 5147 3575 5202 videlicet

1998 5221 2222 5275 librario
2257 5236 2444 5274 ansam
2478 5220 2701 5275 errandi
2736 5220 2964 5289 praebuit
2999 5219 3292 5287 repetitum
3326 5218 3423 5271 καὶ
3452 5217 3569 5273 νῦν.

1999 5291 2189 5359 Itaque
2204 5292 2368 5345 verba
2402 5287 2842 5355 ista,dummodo
2874 5287 3080 5359 Martyr
3110 5289 3239 5342 alibi
3265 5290 3569 5358 recitasset,

2000 5357 2240 5416 libenter
2274 5361 2361 5415 hic
2394 5360 2690 5415 insererem
2727 5360 2923 5415 textui.
2958 5357 3135 5413 O'r'ro.

2072 5431 2148 5501 (l)
2190 5431 2266 5487 Τὰ
2316 5430 2488 5501 ἔθνη..
2522 5432 2699 5501 Deest
2746 5445 2807 5501 ea
2863 5443 2968 5501 vox
3016 5429 3161 5501 apud
3207 5426 3376 5493 LXX,
3425 5426 3572 5501 et_in

2001 5496 2156 5567 Apol.
2193 5518 2231 5568 ι,
2268 5517 2325 5554 n.
2360 5496 2459 5555 47.
2490 5500 2715 5555 Videtur
2743 5499 2991 5554 Justinus
3015 5499 3213 5568 legisse
3246 5501 3425 5568 potius
3450 5496 3569 5569 ἔθη,

2005 5582 2170 5638 atque
2226 5573 2315 5626 hic
2358 5586 2553 5625 sensus
2608 5571 2753 5623 haud
2816 5570 2976 5639 paqu
3024 5580 3206 5636 aptior
3252 5570 3566 5624 videretur:

2012 5661 2029 5693 ‹
2072 5641 2502 5697 l’razclarissima
2557 5654 2784 5709 qua-que
2846 5641 3093 5694 instituta
3153 5639 3488 5694 ceciderunt.
3543 5655 3567 5691 ι

2011 5713 2312 5771 ltetineudo
2345 5711 2491 5781 ἔθνη,
2529 5711 2846 5767 vertendum
2885 5728 2903 5762 ι
2945 5709 3107 5766 simul
3144 5710 3448 5765 irruerunt.
3490 5728 3517 5770 ι,
