3962 6262
471 306 567 365 531

1364 306 1421 360 S.
1456 304 1721 361 JUSTINI
1761 302 2173 361 PHILOSOPHI
2205 304 2292 359 ET
2325 304 2516 359 MART
2530 303 2685 361 YRIS

3606 294 3738 362 .551

546 427 621 478 Ac
653 421 909 495 Trypho:
958 418 1099 493 Quid
1149 432 1236 479 est
1277 424 1422 494 quod
1458 424 1587 479 ais?
1638 426 1914 479 neminem
1950 438 2040 477 no-

2221 422 2331 474 Καὶ
2373 424 2399 474 6
2430 421 2691 492 Τρύφων·
2746 421 2810 473 Τί
2849 413 2942 475 οῦν
2992 421 3138 475 ἐστιν
3173 420 3200 473 ὃ
3238 418 3417 490 λέγεις
3450 440 3462 488 ;
3510 423 3604 477 ὅτι
3644 423 3742 477 οὐ·

472 526 646 573 nrum
679 515 997 573 heercilitate
1013 516 1303 588 quidquam
1328 525 1673 584 accepturum
1693 532 1811 572 esse
1829 518 1880 571 in
1901 531 2051 571 mon-

473 620 528 664 te
560 617 747 663 sancto
788 608 925 665 Dei?

541 700 631 754 26.
666 699 873 757 ludatis
924 702 1072 756 nulla
1103 702 1245 756 salus
1275 702 1374 755 nisi
1414 719 1505 771 per
1536 702 1837 770 Christum,
1892 703 2045 771 cujus

472 794 704 846 cultores
727 793 1095 858 satvabuntur,
1131 793 1342 847 etiamsi
1388 792 1550 863 legem
1582 811 1686 847 non
1720 803 1942 848 servent.
1979 823 2049 835 —-

474 882 543 937 Et
576 900 712 953 ego:
751 885 867 939 Non
904 886 1009 940 hoc
1044 886 1196 949 dico;
1235 899 1445 951 verum,
1481 886 1571 954 qui
1608 885 1884 941 Christum
1920 902 2046 956 per-

474 979 648 1032 secuti
684 988 814 1032 sunt
847 988 902 1033 et
944 990 1351 1049 persequuntur
1375 1021 1390 1046 ,
1441 964 1604 1049 atque
1668 980 2043 1049 pmnitentiam

472 1085 580 1124 non
618 1078 805 1140 agunt,
841 1071 1041 1124 nullam
1078 1072 1292 1141 capient
1327 1073 1381 1126 in
1417 1081 1602 1127 monte
1654 1082 1842 1127 sancto
1875 1075 2047 1129 haere-

473 1160 719 1214 ditatem.
764 1160 967 1216 Gentes
1014 1170 1193 1217 autem
1240 1176 1360 1231 quae
1411 1163 1463 1215 in
1516 1161 1664 1215 illum
1714 1162 2045 1217 crediderint

472 1262 531 1307 et
560 1256 938 1322 paenitentiam
984 1255 1195 1322 egerint
1227 1270 1255 1307 a
1291 1254 1551 1323 peccatis,
1590 1255 1719 1323 ipsa!
1753 1254 2045 1309 haeredita-

473 1355 583 1398 tem
620 1345 896 1400 habebunt
928 1361 1051 1399 cum
1088 1346 1413 1413 patriarchis
1446 1353 1501 1399 et
1532 1348 1836 1416 prophetis,
1871 1357 1924 1402 et
1952 1348 2041 1417 ju-

474 1436 574 1489 stis
609 1437 918 1505 quicunque
951 1452 979 1489 a
1015 1436 1219 1491 Jacobo
1285 1436 1540 1506 prognati
1606 1447 1764 1505 sunt,
1830 1441 2039 1494 etiamsi

472 1528 705 1583 sabbata
749 1544 856 1583 non
903 1538 1147 1593 servent,
1196 1544 1374 1598 neque
1424 1532 1911 1593 circumcidanlur,
1948 1547 2043 1586 nc-

472 1633 582 1688 que
614 1620 731 1674 dies
767 1620 933 1674 feSIos
967 1620 1261 1674 celebrent.
1292 1618 1525 1676 Omnino
1548 1632 1788 1678 sanctam
1814 1624 1907 1678 Dei
1933 1624 2043 1679 ba:-

473 1710 766 1765 reditatem
812 1712 1061 1765 adibunt.
1116 1712 1262 1767 Deus
1296 1714 1440 1767 enim
1487 1731 1582 1784 per
1615 1714 1812 1769 Isaiam
1851 1717 1921 1770 ita
1959 1716 2039 1769 lo—

2150 512 2261 577 δεὶς
2289 514 2320 583 ή
2330 512 2442 583 μῶν
2465 513 2856 585 κληρονομήσει
2885 516 2941 567 έν
2975 512 3051 584 τῷ
3076 514 3191 586 ὄρει
3217 514 3291 583 τῷ
3315 514 3453 585 ἁγίῳ
3468 514 3572 568 τοῦ
3593 513 3739 571 Θεοῦ

2150 603 2338 669 οὐδέν;

2219 693 2306 747 26.
2344 692 2531 763 Κάγὼ,
2564 694 2637 746 Οὐ
2671 694 2845 759 τοῦτο,
2878 695 3040 765 φημὶ,
3091 695 3203 748 ἀλλ’
3256 697 3303 747 οἰ
3352 697 3438 747 τὸν
3483 695 3739 767 Χριστὸν

2147 785 2433 853 διώξαντες
2479 786 2574 840 καὶ
2619 785 2922 851 διώκοντες,
2962 787 3055 840 καὶ
3099 786 3172 858 μὴ
3224 788 3640 858 μετανοοῦντες,
3671 789 3736 840 οὐ

2147 877 2646 950 κληρονομήσουσιν
2680 880 2737 930 ὲν
2792 876 2867 948 τῷ
2915 878 3030 948 ὄρει
3062 878 3137 947 τῷ
3171 878 3311 948 ἁγίῳ
3339 878 3511 931 οὐδέν.
3560 878 3650 930 Τά
3679 878 3736 931 δὲ

2146 970 2273 1043 ἔθνη
2316 971 2382 1025 τὰ
2421 971 2783 1024 πιστεύσαντα
2818 971 2896 1034 εἰς
2944 968 3124 1034 αὑτὸν,
3168 970 3264 1023 καὶ
3313 971 3733 1041 μετανοήσαντα

2146 1065 2229 1133 ἐφ’
2260 1061 2339 1128 οἷς
2369 1064 2632 1135 ἥμαρτον,
2656 1064 2809 1117 αὐτοὶ
2834 1062 3297 1133 κληρονομήσουσι
3330 1061 3465 1132 μετά
3496 1059 3615 1112 τῶν
3637 1076 3739 1113 πα-

2144 1155 2420 1227 τριαρχῶν
2452 1154 2679 1208 καὶτῶν
2722 1140 3020 1226 προφητῶν
3066 1156 3159 1209 καὶ
3204 1154 3312 1206 τῶν
3354 1153 3587 1207 δικαίων
3615 1153 3735 1205 ὅσοι

2144 1248 2253 1301 ἀπὸ
2269 1247 2461 1301 Ἰακὼϐ
2488 1249 2863 1319 γεγέννηνται,
2883 1250 2929 1301 εἰ
2953 1249 3044 1302 καὶ
3066 1249 3137 1320 μὴ
3154 1247 3563 1311 σαϐϐατίζουσι,
3592 1247 3734 1317 μηδὲ

2144 1340 2580 1413 περιτέμνονται,
2610 1341 2741 1411 μηδὲ
2778 1342 2873 1404 τὰς
2898 1342 3088 1411 ἑορτὰς
3114 1341 3460 1410 φυλάσσουσι.
3494 1340 3733 1403 Πάντως

2143 1430 2606 1502 κληρονομήσουσι
2628 1432 2723 1501 τὴν
2745 1432 2906 1500 ἁγίαν
2929 1431 3019 1484 τοῦ
3045 1432 3177 1485 Θεοῦ
3195 1432 3584 1503 κληρονομίαν.
3621 1432 3733 1489 Λὲρ

2143 1536 2227 1589 γει
2258 1520 2363 1589 γὰρ
2391 1520 2419 1570 6
2443 1520 2575 1584 Θεὸς
2613 1521 2699 1574 διὰ
2731 1521 2950 1573 Ἡσαΐου
2996 1520 3197 1586 οὕτως·
3233 1541 3250 1571 ι
3279 1520 3421 1589 Ἐγὼ
3465 1521 3679 1591 Κύριος
3700 1522 3731 1573 6

2141 1611 2273 1675 Θεὸς
2301 1611 2532 1663 ὲκάλεσά
2558 1628 2616 1662 σε
2646 1614 2703 1664 ὲν
2729 1611 3061 1682 δικαιοσύνῃ,
3087 1612 3182 1665 καὶ
3213 1613 3470 1683 κρατήσω
3493 1612 3733 1679 τῆς-χει-

2144 1704 2237 1775 ρός
2264 1720 2378 1767 σου,
2407 1703 2501 1757 καὶ
2544 1702 2746 1773 ἰσχύσω
2778 1721 2860 1768 σε,
2904 1704 2997 1758 καὶ
3044 1704 3222 1756 ἔδωκά
3247 1720 3307 1755 σε
3342 1705 3421 1767 εἰς
3448 1700 3729 1771 διαθήκην

474 1804 685 1870 quitur:
724 1821 743 1853 ι
783 1802 893 1870 Ego
928 1804 1183 1859 Dominus
1224 1805 1363 1859 Deus
1410 1807 1595 1859 vocavi
1632 1818 1683 1860 te
1719 1806 1773 1860 in
1804 1807 2035 1874 iustitia,

2146 1794 2351 1860 γένους,
2387 1796 2465 1856 εἰς
2494 1793 2607 1863 φῶς
2647 1794 2834 1859 ὲθνῶν,
2868 1795 3073 1861 ἀνοῖξαι
3122 1795 3430 1864 ὀφθαλμοὺς
3482 1793 3726 1861 τυφλῶν,

472 1902 528 1948 et
563 1896 757 1948 tenebo
793 1895 1068 1949 dexteram
1102 1906 1273 1960 tuam,
1297 1906 1351 1950 et
1375 1895 1695 1951 confortabo
1732 1906 1815 1963 te;
1852 1898 2040 1952 etdedi

474 1996 528 2039 te
564 1987 615 2039 in
656 1995 1045 2041 testamentum
1081 1987 1316 2057 generis,
1369 1988 1425 2042 in
1464 1987 1640 2042 lucem
1677 1989 1939 2057 gentium,
1974 1990 2042 2042 ad

474 2077 825 2146 aperiendum
874 2079 1062 2133 oculos
1116 2093 1424 2142 amcorum,
1475 2081 1544 2132 ad
1591 2080 1927 2134 educendum
1975 2079 2043 2135 de

469 2168 706 2222 vinculis
740 2169 970 2236 vinctos,
1008 2180 1062 2223 et
1094 2170 1161 2223 de
1194 2172 1354 2224 domo
1388 2171 1632 2224 carceris
1698 2172 1953 2225 sedentes
1988 2171 2041 2225 in

474 2260 711 2313 tenebris
744 2261 811 2315 ⁸⁸.
855 2281 875 2314 ι
918 2261 981 2315 Ει
1018 2262 1243 2315 iterum:
1288 2280 1306 2312 ι
1342 2260 1541 2315 Levate
1574 2262 1785 2331 signum
1824 2264 1877 2316 in
1914 2278 2043 2331 gen-

471 2360 575 2403 tes.
611 2350 749 2405 Ecce
780 2354 925 2406 enim
978 2352 1240 2406 Dominus
1285 2352 1412 2407 fecit
1461 2355 1701 2407 auditum
1752 2370 1924 2423 usque
1974 2356 2041 2409 ad

470 2450 780 2496 extremum
824 2452 1003 2498 terrae.
1057 2443 1228 2496 Dicite
1274 2444 1487 2498 ﬁliabus
1541 2444 1711 2498 Sion:
1751 2446 1892 2500 Ecce
1943 2445 2040 2499 tibi

481 2530 735 2587 Salvator
770 2535 940 2598 venit,
977 2534 1183 2589 habens
1220 2537 1519 2591 mercedem
1557 2553 1735 2601 suam,
1769 2546 1825 2591 et
1855 2554 2040 2606 opusa

472 2623 614 2678 facie
656 2638 795 2678 sua:
840 2632 893 2678 et
928 2626 1147 2679 vocabit
1195 2641 1318 2680 eum
1354 2627 1610 2696 populum
1647 2636 1920 2691 sanctum,
1960 2644 2044 2683 re—

472 2715 749 2785 demptum
786 2730 817 2769 a
854 2715 1101 2770 Domino.
1139 2717 1218 2771 Tu
1254 2727 1431 2771 autem
1467 2718 1749 2773 vocaberis
1783 2720 2043 2786 requisita

471 2805 689 2869 civitas,
724 2814 781 2859 et
814 2821 918 2859 non
956 2806 1231 2861 derelicta.
1270 2807 1402 2873 Quis
1436 2816 1519 2862 est
1554 2810 1655 2862 iste
1687 2810 1778 2877 qui
1814 2811 2045 2865 venitde

472 2898 661 2959 Edom,
700 2901 863 2953 rubor
897 2904 1121 2953 vestium
1149 2900 1264 2968 ejus
1297 2902 1361 2955 de
1394 2900 1599 2956 Bosor?
1630 2901 1736 2956 Iste
1770 2900 2042 2957 formosus

468 2991 528 3045 in
563 2990 725 3057 stola,
763 2994 1070 3046 ascendens
1102 2990 1368 3046 violenter
1400 3009 1522 3046 cum
1559 2992 2043 3064 fortitudine?Ego

470 3085 666 3151 loquor
711 3083 978 3153 justitiam
1012 3082 1358 3150 etjudieium
1394 3083 1673 3137 salutaris.
1736 3084 1913 3149 Quare
1949 3100 2041 3137 ru-

468 3174 567 3228 bra
603 3182 728 3228 sunt
761 3175 1084 3229 vestimenta
1131 3180 1253 3236 tua,
1303 3180 1357 3227 et
1389 3172 1701 3227 indumenta
1740 3184 1830 3228 tua
1882 3174 2037 3244 125

466 3265 639 3319 veluti
684 3281 714 3320 a
762 3265 1023 3321 torculari
1074 3265 1336 3320 calcato:
1388 3279 1507 3319 uva:
1540 3263 1762 3320 calcatae
1810 3266 2041 3335 plenus?

470 3353 736 3411 Torcular
768 3372 910 3412 unus
945 3359 1059 3428 ipse
1092 3366 1149 3415 et
1181 3360 1331 3421 solus
1380 3357 1589 3412 calcavi
1611 3397 1626 3422 ,
1675 3365 1732 3412 et
1763 3360 1829 3413 de
1860 3360 2039 3429 genti-

468 3448 572 3504 bus
609 3465 715 3504 non
773 3458 857 3505 est
892 3449 973 3503 vir
1007 3464 1249 3504 mecum:
1286 3458 1342 3504 et
1374 3449 1691 3506 conculcavi
1725 3465 1821 3505 eos
1865 3452 1917 3505 in
1952 3451 2039 3506 fu-

468 3557 633 3606 rore,
679 3550 735 3596 et
774 3540 1020 3610 confregi
1068 3556 1200 3604 eos,
1266 3542 1421 3610 quasi
1477 3551 1715 3608 terram,
1751 3552 1805 3598 et
1838 3544 2036 3599 deduxi

469 3634 794 3704 sanguinem
829 3650 1023 3690 eorum
1059 3636 1111 3689 in
1161 3646 1384 3690 terram.
1438 3634 1563 3690 Dies
1613 3636 1756 3689 enim
1807 3637 2039 3690 retribu-

470 3727 638 3783 tionis
670 3729 819 3782 venit
851 3729 951 3794 eis,
1001 3736 1055 3783 et
1089 3743 1264 3783 annus
1313 3727 1703 3797 redemptionis
1749 3729 1925 3782 adest.
1976 3728 2040 3782 Et

470 3820 680 3888 aSpexi,
735 3827 791 3874 et
822 3836 930 3875 non
963 3828 1083 3875 erat
1114 3817 1443 3885 auxiliator;
1493 3828 1549 3874 et
1582 3820 1948 3886 consideravi,
1983 3829 2039 3874 et

468 3909 652 3964 nullus
710 3912 989 3980 praebebat
1043 3911 1327 3965 auxilium.
1363 3910 1430 3963 Et
1461 3912 1609 3965 eruit
1642 3913 1948 3980 brachium,
1983 3922 2039 3968 et

470 4002 626 4057 furor
690 4018 843 4059 meus
910 4005 1176 4059 advenit:
1231 4012 1285 4059 et
1341 4006 1658 4060 eonculcavi
1722 4020 1817 4061 eos
1866 4008 1917 4062 in
1954 4007 2038 4063 ira

470 4110 615 4159 mea,
654 4103 709 4150 et
742 4096 943 4149 deduxi
980 4097 1033 4150 in
1071 4106 1270 4150 terram
1307 4098 1625 4167 sanguinem
1661 4113 1848 4152 eorum
1874 4100 1939 4154 3°.
1977 4120 1995 4151 ι

536 4186 627 4239 27.
670 4185 779 4239 Cur
818 4202 908 4254 per
950 4187 1229 4256 prophetas
1273 4189 1455 4241 eadem
1502 4188 1638 4242 Deus
1678 4192 1923 4257 precepit
1974 4207 2037 4244 ac

467 4290 562 4343 per
595 4273 848 4345 Moysem.
870 4305 940 4319 --
967 4275 1067 4330 llic
1112 4276 1329 4348 Trypho
1368 4295 1381 4331 :
1419 4277 1528 4333 Cur
1555 4295 1674 4349 qua:
1709 4280 1926 4350 placent
1969 4296 2039 4337 ex

469 4370 802 4438 propheticis
849 4370 1195 4424 sermonibus
1237 4370 1437 4425 selecta
1485 4373 1721 4438 recitas;
1757 4388 1878 4442 qua:
1910 4388 2038 4428 vero

2142 1885 2427 1955 ἐξαγαγεῖν
2452 1889 2515 1940 ὲκ
2539 1885 2753 1956 δεσμῶν
2797 1886 3220 1957 πεπεδημένους,
3246 1888 3339 1939 καὶ
3365 1887 3422 1952 ἐξ
3441 1887 3598 1938 οἴκου
3630 1903 3729 1954 φυ-

2148 1978 2320 2050 λακῆς
2356 1978 2696 2050 καθημένους
2723 1980 2780 2033 ὲν
2796 1978 3000 2034 σκότει.
3040 1997 3058 2029 ι
3109 1978 3220 2031 Καὶ
3262 1977 3456 2030 πάλιν·
3493 1994 3514 2027 ‹
3550 1977 3709 2042 Ἐξά-

2144 2089 2271 2143 ρατε
2323 2072 2649 2143 συσσεισμὸν
2680 2071 2754 2143 (2)
2813 2073 2892 2135 εἰς
2930 2072 2997 2125 τὰ
3026 2071 3184 2141 ἔθνη·
3236 2070 3342 2124 ἰδοὺ
3382 2070 3491 2141 γὰρ
3520 2070 3728 2141 Κύριος

2140 2164 2393 2236 ἐποίησεν
2450 2165 2712 2219 ἀκουστὸν
2762 2165 2865 2228 ἕως
2917 2165 3140 2235 ἐσχάτου
3196 2163 3295 2233 τῆς
3347 2164 3466 2233 γῆς,
3518 2163 3726 2216 Εἴπατε

2140 2263 2256 2323 ταῖς
2287 2259 2585 2331 θυγατράσι
2607 2257 2763 2313 Σιών·
2796 2258 2926 2312 Ἰδοὺ
2956 2258 3040 2310 σοὶ
3070 2260 3097 2311 ὁ
3121 2256 3307 2327 Σωτὴρ
3336 2256 3721 2327 παραγέγονεν

2141 2354 2359 2424 ἀπέχων
2382 2356 2472 2407 τὸν
2510 2355 2701 2407 ἑαυτοῦ
2738 2352 2948 2424 μισθὸν,
2979 2352 3072 2405 καὶ
3099 2351 3157 2403 τὸ
3191 2350 3350 2423 ἔργον
3372 2349 3478 2401 ἀπὸ
3510 2346 3725 2419 προσώ-

2142 2467 2243 2501 που
2272 2448 2459 2514 αὑτοῦ,
2484 2450 2577 2502 καὶ
2600 2450 2818 2503 καλέσει
2840 2448 3002 2502 αὐτὸν
3038 2447 3162 2500 λαὸν
3202 2446 3354 2513 ἅγιον
3382 2444 3727 2516 λελυτρωμέ-

2142 2558 2228 2595 νον
2257 2542 2358 2593 ὑπὸ
2384 2542 2611 2613 Κυρίου.
2636 2542 2707 2593 Σὺ
2731 2542 2785 2593 δὲ
2817 2540 3065 2611 κληθήσῃ
3099 2537 3499 2608 ἐπιζητουμένη
3543 2536 3717 2601 πόλις,

2142 2630 2235 2682 καὶ
2264 2630 2324 2681 οὐ
2365 2630 2850 2700 καταλελειμμένη.
2898 2628 2993 2691 Τίς
3038 2620 3190 2690 οὗτος
3211 2628 3245 2678 6
3276 2627 3719 2699 παραγινόμενος

2144 2719 2201 2785 ἐξ
2230 2718 2425 2789 Ἐδὼμ,
2458 2719 2708 2791 ἐρύθημα
2753 2718 2983 2789 ἱματίων
3024 2717 3185 2771 αὐτοῦ
3217 2718 3280 2769 ὲκ
3312 2718 3520 2788 Βοσόρ;
3555 2708 3719 2778 Οὗτος

2143 2811 2341 2881 ὡραῖος
2372 2812 2429 2864 ἐν
2469 2812 2651 2882 στολῇ,
2708 2810 3019 2865 ἀναϐαίνων
3058 2812 3134 2883 (5)
3188 2811 3279 2881 βίᾳ
3326 2810 3459 2881 μετά
3515 2809 3715 2881 ἰσχύος.

2144 2901 2285 2969 Ἐγὼ
2315 2902 2626 2972 διαλέγομαι
2674 2902 3015 2973 δικαιοσύνην
3043 2902 3138 2957 καὶ
3190 2901 3369 2971 κρίσιν
3426 2901 3712 2973 σωτηρίου.

2145 2996 2242 3047 Διὰ
2266 2994 2317 3046 τί
2347 3011 2439 3047 σου
2482 2994 2685 3067 ἐρυθρὰ
2724 2996 2791 3048 τὰ
2834 2995 3044 3065 ἱμάτια,
3092 2995 3188 3048 καὶ
3226 2995 3292 3047 τὰ
3321 2993 3608 3063 ὲνδύματά-
3626 3009 3715 3044 σου

2143 3084 2217 3146 ὡς
2249 3085 2356 3137 ἀπὸ
2385 3085 2624 3155 πατητοῦ
2655 3085 2815 3157 ληνοῦ
2848 3103 2861 3151 ;
2892 3086 3104 3159 πλήρης
3138 3086 3208 3157 (εί)
3245 3086 3711 3157 καταπεπατημέ-

2142 3192 2257 3246 νης.
2294 3177 2465 3248 Ληνὸν
2498 3178 2746 3249 ἐπάτησα
2808 3177 3134 3248 μονώτατος,
3176 3179 3269 3231 καὶ
3292 3178 3396 3231 τῶν
3418 3178 3589 3231 ἐθνῶν
3619 3178 3714 3230 οὐκ

2140 3265 2286 3320 ἔστιν
2333 3267 2471 3339 ἀνὴρ
2518 3268 2632 3338 μετ’
2666 3268 2832 3339 ἐμοῦ·
2877 3269 2972 3323 καὶ
3026 3270 3379 3341 κατεπάτησα
3418 3270 3616 3332 αὐτοὺς
3659 3270 3712 3319 ὲν

2140 3356 2314 3428 θυμῷ,
2345 3359 2440 3411 καὶ
2473 3359 2779 3413 κατέθλασα
2804 3361 2999 3424 αὐτοὺς
3020 3361 3095 3425 ὡς
3123 3363 3248 3432 γῆν,
3279 3362 3373 3415 καὶ
3404 3365 3713 3432 κατήγαγον

2139 3449 2199 3502 τὸ
2225 3443 2363 3519 αἷμα
2410 3449 2588 3503 αὐτῶν
2629 3452 2708 3514 εἰς
2738 3452 2862 3521 γῆν.
2912 3453 3125 3525 Ἡμέρα
3167 3455 3275 3526 γὰρ
3307 3455 3712 3516 ἀνταποδόσεως

2137 3536 2301 3611 ἦλθεν
2352 3544 2565 3609 αὐτοῖς,
2617 3544 2710 3597 καὶ
2765 3546 3009 3608 ἐνιαυτὸς
3072 3546 3390 3617 λυτρώσεως
3461 3546 3709 3616 πάρεστι.

2140 3634 2251 3686 Καὶ
2281 3634 2552 3704 ὲπέϐλεψα
2607 3636 2702 3687 καὶ
2749 3637 2848 3691 οὐκ
2878 3632 2946 3707 ἦν
2997 3636 3208 3707 βοηθὸς,
3242 3637 3336 3690 καὶ
3375 3637 3713 3708 προσενόησα

2140 3723 2236 3775 καὶ
2298 3723 2470 3787 οὐδεὶς
2515 3724 2870 3789 ἀντελάϐετο,
2934 3728 3027 3780 καὶ
3081 3726 3347 3799 ἐρρύσατο
3398 3730 3427 3780 6
3478 3725 3713 3799 βραχίων

2139 3815 2237 3867 καλ⁵
2268 3818 2296 3869 6
2326 3814 2499 3886 θυμός
2555 3835 2656 3888 μου
2708 3818 2931 3890 ἐπέστη,
2977 3820 3071 3873 καὶ
3114 3820 3471 3890 κατεπάτησα
3523 3819 3712 3879 αὐτοὺς

2138 3908 2197 3959 ὲν
2234 3910 2298 3977 τῇ
2331 3908 2466 3981 ὀργῇ
2504 3926 2625 3979 μου,
2662 3910 2755 3963 καὶ
2807 3913 3120 3983 κατήγαγον
3168 3912 3228 3965 τὸ
3269 3907 3407 3982 αἷμα
3438 3911 3615 3964 αὐτῶν
3637 3911 3711 3970 εἰς

2140 4014 2268 4069 γην.
2305 4019 2323 4051 ι

2210 4196 2300 4251 27.
2342 4197 2451 4251 Καὶ
2478 4201 2506 4252 6
2546 4198 2807 4268 Τρύφων*
2853 4199 2952 4253 Διὰ
2987 4200 3038 4252 τί
3085 4201 3227 4271 ἆπερ
3277 4198 3452 4269 βούλει
3498 4193 3711 4264 ἐκλεγό-

2144 4307 2303 4362 μενος
2331 4290 2439 4344 ὰπὸ
2468 4292 2573 4345 τῶν
2600 4292 2949 4362 προφητικῶν
2979 4293 3151 4360 λόγων
3184 4293 3361 4361 λέγεις
3380 4310 3392 4322 ·
3434 4291 3470 4345 ἃ.
3496 4292 3553 4344 δὲ
3574 4290 3712 4360 διαρ-

2144 4382 2311 4453 ρήδην
2349 4382 2559 4435 κελεύει
2600 4382 2969 4448 σαϐϐατίζειν,
3000 4385 3058 4436 ού
3097 4385 3406 4455 μέμνησαι;
3456 4384 3555 4436 Διά
3606 4381 3709 4451 γὰρ

468 4462 787 4515 nominatim
826 4461 1110 4515 sabbatum
1145 4462 1437 4516 observare
1465 4462 1678 4531 jubent,
1709 4479 1898 4520 eorum
1930 4480 2034 4519 non

2153 4471 2369 4525 Ἢσαῖου
2401 4472 2571 4537 οὕτως
2602 4476 2814 4546 εἴρηται
2834 4493 2846 4505 ⁸
2881 4496 2899 4529 ι
2937 4477 3060 4530 Ἐὰν
3092 4476 3439 4549 ἀποστρέψῃς
3465 4476 3555 4527 τὸν
3583 4470 3709 4525 πόδα

470 4553 811 4608 meministi?
845 4553 935 4608 Sic
975 4553 1119 4607 enim
1164 4568 1262 4624 per
1294 4552 1489 4608 Isaiam
1518 4555 1720 4610 dictum
1764 4567 1887 4612 est:
1927 4576 1945 4608 ι
1978 4556 2036 4612 Si

469 4646 736 4700 averteris
769 4646 959 4714 pedem
1005 4655 1154 4700 tuum
1200 4646 1254 4700 in
1307 4647 1575 4724 sabbatis,
1620 4657 1679 4702 ut
1731 4664 1837 4703 non
1872 4649 2040 4705 facias

468 4735 777 4791 voluntates
804 4746 924 4790 tuas
956 4736 1010 4793 in
1040 4735 1127 4791 die
1164 4746 1373 4804 saneto,
1398 4746 1455 4792 et
1492 4739 1773 4796 vocaveris
1809 4740 2036 4795 sabbata

470 4824 703 4881 delicata
758 4838 948 4883 sancta
1000 4828 1095 4883 Dei
1143 4828 1255 4897 tui;
1300 4830 1347 4885 si
1395 4844 1505 4887 non
1553 4832 1788 4887 moveris
1844 4834 2038 4903 pedem

539 5076 587 5108 ⁸⁸
619 5075 722 5129 lsa.
759 5092 894 5142 xui,
925 5075 978 5145 6,
1008 5076 1059 5130 7.
1134 5076 1181 5109 ³⁸
1203 5076 1310 5133 lsa.
1340 5093 1472 5141 Lm,
1505 5078 1698 5145 10-12;
1735 5096 1889 5146 Lxm,
1931 5083 2041 5137 1-6.

541 5298 1059 5381 (ἓξιξρσσεισμόζ.
1093 5301 1429 5381 __Lege_ndum
1477 5318 1615 5381 esse_
1648 5305 2047 5381 adccnpov,_ut

470 5370 770 5443 InBibliis,
806 5370 1356 5443 monetSylbur'gius,
1393 5382 1557 5443 atque
1602 5376 1744 5431 hanc
1769 5370 1945 5433 etiam)
1968 5377 2078 5433 le—‘

471 5440 705 5515 ctimiem
743 5442 1025 5515 proposuit
1060 5440 1126 5515 ad
1160 5444 1364 5496 calcem
1402 5440 1834 5515 R_.'7Stephanus.

541 5511 618 5577 (3)
652 5512 1025 5582 Ἀναϐαίνων.
1065 5513 1225 5566 Deest
1258 5515 1398 5582 apud
1432 5513 1597 5571 LXX.

518 5580 921 5667 (optimc...
958 5580 1048 5667 Sic
1082 5580 1313 5667 uterque
1343 5584 2034 5667 codexﬁegxet-Qlarom.

470 5647 562 5703 Sic
597 5647 762 5704 etiam
788 5647 957 5705 Bi’hlia
996 5647 1236 5705 Romana
1263 5663 1317 5707 et
1346 5654 1467 5711 cod.
1500 5647 1655 5709 Λιθιῖ
1682 5654 1871 5708 Maluit
1904 5657 2038 5708 scri-

467 5721 598 5779 bere
642 5721 881 5795 πλήρους
930 5722 991 5778 R.
1038 5722 1369 5793 Stephanus.
1428 5724 1553 5781 Hatc
1597 5735 1776 5779 autent
1831 5725 2032 5793 verba,

2144 4577 2236 4614 σου
2271 4563 2377 4616 ἀπὸ
2411 4564 2516 4616 τῶν
2547 4565 2851 4632 σαϐϐάτων,
2884 4566 2976 4619 τοῦ
3010 4566 3083 4638 μὴ
3129 4569 3298 4620 ποιεῖν
3333 4566 3400 4619 τὰ
3435 4558 3712 4636 Θελήματά

2145 4671 2239 4708 σου
2268 4656 2326 4707 ὲν
2356 4658 2419 4726 τῇ
2458 4657 2640 4729 ἡμέρᾳ
2682 4661 2745 4728 τῇ
2789 4658 2939 4729 ἁγίᾳ,
2973 4659 3067 4711 καὶ
3098 4659 3329 4731 καλέσῃς
3366 4658 3432 4711 τά
3472 4655 3708 4711 σάϐϐατα

2145 4746 2389 4818 τρυφερὰ
2414 4747 2544 4815 ἅγια
2578 4747 2671 4801 τοῦ
2702 4748 2838 4801 Θεοῦ
2873 4765 2986 4815 σου,
3023 4750 3121 4803 οὐκ
3154 4750 3291 4822 ἄρῃς
3319 4749 3408 4802 τὸν
3450 4748 3586 4801 πόδα
3621 4761 3708 4797 σου

2147 4840 2232 4893 ἐπ’
2256 4839 2434 4911 ἔργον,
2476 4840 2594 4894 οὐδὲ
2638 4841 2713 4913 μὴ
2746 4842 2985 4914 λαλήσῃς
3024 4841 3180 4910 λόγον
3218 4844 3281 4894 ὲκ
3320 4840 3411 4894 τοῦ
3450 4836 3708 4909 στόματός

2152 5308 2365 5380 πλήρης
2397 5306 2930 5380 καταπεπαῖημένης
2952 5313 3105 5380 _8_unt
3159 5303 3508 5380 Septuaginta
3547 5302 3706 5380 inter—

2150 5373 2804 5448 pre'tum;__sequentibus
2839 5373 3074 5448 verbis,
3123 5390 3241 5448 qua:
3291 5390 3395 5427 non
3439 5373 3707 5448 _leguntur

2147 5442 2285 5517 apud
2320 5445 2462 5501 LXX
2488 5468 2498 5501 :
2528 5442 2714 5519 ληνὸν
2749 5446 3006 5519 ὲπάτησαί
3034 5442 3371 5519 μονώτατος,
3405 5442 3510 5519 alia
3549 5442 3705 5519 inter—

2146 5508 2381 5582 pretatio
2415 5508 2746 5580 continetur,
2774 5508 3135 5587 quae-quidem
3174 5516 3388 5587 videtur
3425 5508 3698 5587 tribuenda

2143 5580 2386 5651 Justino;
2424 5590 2574 5655 prior
2608 5580 3075 5651 autenflilnariis,
3112 5595 3169 5639 ut
3202 5584 3431 5654 vulgatae
3458 5580 3593 5637 LXX
3621 5580 3700 5632 in~

2147 5659 2520 5731 ten-pretationi
2553 5672 2814 5713 consona.
