3962 6262
383 330 493 391 B35

1265 324 1322 379 S.
1358 322 1625 380 JUSTlNl
1656 319 2066 382 PHILOSOPHI
2098 320 2185 376 ET
2221 315 2574 376 MABTYRIS

3517 308 3644 367 536

381 443 502 502 haec
531 442 750 516 Trypho
775 460 790 498 :
825 441 944 498 Iam
970 457 1056 498 ex.
1071 449 1124 496 te
1157 437 1482 502 audivimus,
1508 437 1718 492 cum.id
1747 450 1942 507 propo-

2051 431 2203 485 τοῦτο
2244 428 2665 501 προϐάλλοντος,
2713 425 2807 479 καὶ
2853 424 3263 495 ἐπεστήσαμεν
3302 422 3452 489 ἀξιον
3493 424 3646 494 γὲρ,

383 549 571 598 neres,
597 543 652 589 et
678 534 916 589 animum
953 533 1316 597 advertimus;
1353 531 1510 601 digna
1542 530 1688 584 enim
1723 543 1810 583 res
1843 537 1945 594 est,

383 637 446 681 ut
487 641 615 681 vere
642 625 842 692 dicam,
882 625 1374 680 animadversione.
1407 620 1592 692 Neque
1621 621 1762 675 idem
1793 620 1946 684 mihi,

380 719 527 789 quod
557 717 768 782 multis,
793 716 1078 772 dicendum
1105 714 1344 781 videtur,
1374 714 1446 767 ita
1479 713 1554 767 illi
1589 713 1765 766 visum
1790 724 1944 774 esse;

379 809 485 866 hoc
519 810 662 866 enim
697 823 912 879 semper
944 807 1198 878 effugium
1229 815 1317 862 est
1350 805 1442 873 iis,
1469 807 1561 876 qui
1599 805 1677 861 rei
1708 803 1950 874 quaesitae

382 903 714 972 respondere
747 917 852 955 non
889 909 1137 970 possunt.

366 1031 369 1044 .
452 993 554 1048 Hic
577 1008 714 1063 ego:
745 991 1190 1060 Quandoquidem
1213 1005 1282 1045 ex
1318 989 1614 1059 Scripturis
1636 996 1692 1042 et
1713 1003 1780 1043 ex
1815 987 1956 1059 ipsis‘

379 1087 547 1142 rebus
567 1086 974 1140 demonstrandi
1002 1094 1056 1139 et
1089 1084 1394 1139 disserendi
1425 1082 1688 1138 rationem
1714 1081 1943 1147 deduco,

378 1179 620 1242 aiebam,
658 1192 728 1232 ne
769 1175 1056 1242 diﬂ'eratis,
1086 1190 1226 1230 neve
1259 1174 1521 1230 dubitetis
1551 1173 1710 1237 mihi,
1737 1173 1944 1228 homini

379 1268 788 1332 incircumciso,
837 1267 1087 1324 credere.
1135 1266 1305 1322 Breve
1342 1267 1484 1321 enim
1520 1267 1624 1321 hoc
1655 1266 1808 1320 vobis
1851 1280 1944 1320 re-

377 1358 640 1428 linquitur
679 1360 748 1413 ad
802 1373 899 1413 nos
971 1357 1262 1413 accedendi
1307 1368 1535 1428 tempus.
1583 1355 1639 1411 Si
1693 1356 1942 1412 Christus

376 1454 566 1507 venire
599 1452 972 1520 occupaverit,
1021 1448 1225 1504 frustra
1267 1465 1362 1505 vos
1394 1449 1708 1519 pmnitebit,
1739 1449 1941 1504 frustra

373 1544 694 1616 plorabitis;
724 1558 897 1611 neque
922 1543 1066 1596 enim
1091 1556 1189 1596 vos
1209 1543 1481 1597 exaudiet.
1511 1560 1531 1593 ι
1555 1541 1760 1597 Novate
1791 1542 1943 1597 vobis

374 1635 858 1702 novalia,'clamat
902 1635 1101 1704 populo
1131 1632 1418 1699 Jeremias,
1453 1645 1508 1689 et
1541 1635 1707 1690 nolite
1759 1649 1942 1688 serere

373 1743 540 1796 super
573 1728 775 1796 spinas.
817 1726 1280 1782 Circumcidimini
1321 1725 1570 1791 Domino,
1611 1735 1666 1779 et
1699 1725 1936 1779 circum—

371 1820 536 1875 cidite
585 1820 846 1888 praeputia
880 1819 1061 1873 cordis
1102 1817 1355 1871 vestri“.
1381 1835 1400 1868 ι
1449 1815 1526 1869 Νε
1572 1831 1702 1884 ergo
1738 1815 1936 1869 seratis
1970 1787 2014 1846 Β

372 1925 537 1980 super
571 1913 756 1980 spinas
801 1919 858 1964 et
907 1920 1109 1964 terram
1153 1921 1260 1962 non
1312 1917 1519 1961 aratam
1565 1921 1634 1962 ex
1664 1921 1773 1984 qua
1823 1906 1939 1962 fru-

371 2011 494 2056 ctus
530 2003 684 2057 vobis
725 2017 831 2059 non
867 2013 974 2057 est.
1004 2000 1329 2071 Cognoscite
1370 1999 1646 2055 Christum
1679 2016 1696 2054 :
1729 2009 1783 2054 et
1813 2015 1942 2054 ecce

371 2095 566 2149 novale
599 2093 904 2164 pulchrum,
940 2092 1220 2164 pulchrum
1261 2102 1316 2147 et
1356 2093 1548 2162 pingue
1597 2092 1651 2146 in
1685 2091 1942 2146 cordibus

369 2185 589 2240 vestris.
625 2203 645 2237 ‹
676 2186 813 2240 Ecce
845 2184 986 2238 enim
1021 2185 1137 2239 dies
1157 2184 1404 2250 veniunt,
1429 2185 1562 2238 dicit
1582 2183 1858 2248 Dominus,
1885 2192 1940 2237 et

369 2279 603 2334 visitabo
637 2293 800 2346 super
832 2292 1048 2343 omnes,
1071 2277 1164 2347 qui
1200 2277 1506 2331 circumcisi
1531 2283 1658 2330 sunt
1680 2277 1938 2346 praeputia

371 2383 500 2432 sua;
555 2382 718 2438 super
749 2366 1044 2438 Egyptum
1095 2377 1150 2422 et
1202 2381 1365 2436 super
1409 2365 1639 2434 Judam,
1683 2376 1737 2422 et
1775 2383 1940 2437 super

369 2457 576 2524 Edom,
621 2468 676 2514 et
712 2473 876 2527 super
914 2457 1056 2513 ﬁlios
1101 2457 1279 2512 Moab.
1324 2455 1458 2523 Quia
1504 2472 1696 2512 omnes
1747 2467 1940 2527 gentes

371 2550 788 2617 incircumcisaa,
827 2559 882 2605 et
912 2549 1090 2605 omnis
1123 2551 1316 2604 domus
1347 2548 1511 2604 Israel
1554 2549 1938 2604 incircumcisa

369 2643 629 2697 cordibus
652 2643 763 2696 suis
779 2642 842 2696 ⁸³.
869 2661 889 2694 ι
922 2641 1128 2696 Videtis
1158 2653 1215 2696 ut
1247 2643 1387 2696 Deus
1415 2641 1554 2695 hanc
1576 2642 1941 2698 circumcisio-

370 2748 491 2791 nem
515 2735 569 2786 in
592 2735 801 2804 signum
822 2736 998 2789 datam
1022 2734 1278 2804 respuat?
1299 2731 1483 2801 Neque
1508 2733 1651 2788 enim
1669 2732 1939 2806 [Egyptiis

371 2828 612 2897 prodest,
645 2842 746 2881 nec
778 2826 906 2881 ﬁliis
932 2825 1108 2891 Moab,
1131 2840 1230 2880 nec
1258 2826 1382 2890 filiis
1414 2825 1604 2880 Edom.
1632 2827 1698 2880 At
1723 2827 1936 2882 etiamsi

371 2919 494 2988 quis
527 2917 727 2989 Scytha
761 2919 833 2973 sit
859 2926 951 2972 aut
983 2915 1174 2981 Persa,
1209 2918 1368 2971 modo
1393 2918 1589 2972 habeat
1623 2917 1716 2973 Dei
1747 2919 1940 2988 cogni-

375 3013 574 3066 tionem
617 3021 674 3064 et
701 3010 901 3066 Christi
935 3009 1080 3078 ejus,
1123 3024 1187 3064 ac
1220 3018 1425 3064 aeterna
1469 3009 1594 3079 jura
1630 3012 1935 3074 custodiat,

371 3104 725 3161 circumcisus
755 3103 1018 3173 praeclara
1040 3110 1094 3157 et
1127 3102 1243 3156 utili
1270 3103 1704 3167 circumcisione,
1731 3120 1792 3158 ac
1825 3104 1934 3159 Deo
1961 3138 2002 3195 ο

370 3195 581 3250 amicus
617 3201 735 3257 est,
779 3191 1005 3261 ejusque
1053 3190 1196 3244 dona
1241 3199 1296 3243 et
1337 3205 1562 3244 munera
1603 3192 1714 3246 Deo
1778 3203 1933 3262 grata

370 3295 516 3343 sunt.
542 3285 816 3341 Proferam
839 3282 1010 3347 vobis,
1030 3282 1213 3347 amici,
1239 3283 1408 3352 ipsius
1433 3283 1596 3336 etiam
1623 3283 1718 3338 Dei
1745 3287 1933 3351 verba,

370 3393 492 3434 cum
529 3377 781 3451 populum
815 3391 910 3446 per
948 3375 1301 3440 Malacbiam,
1349 3390 1511 3428 unum
1553 3391 1620 3430 ex
1655 3377 1936 3432 duodecim

369 3470 687 3540 prophetis,
737 3469 1009 3525 allocutus
1068 3478 1174 3524 est.
1225 3467 1316 3522 Sic
1365 3478 1544 3521 autem
1582 3482 1642 3522 se
1686 3467 1934 3522 habent:

375 3581 395 3614 ι
424 3561 537 3615 Non
568 3571 652 3616 est
684 3563 935 3617 voluntas
974 3575 1092 3615 mea
1132 3562 1184 3614 in
1216 3559 1392 3624 vobis,
1419 3561 1549 3614 dicit
1576 3561 1854 3624 Dominus,
1886 3570 1938 3616 et

371 3655 642 3712 sacriﬁcia
686 3665 867 3710 vestra
901 3670 1010 3709 non
1046 3653 1286 3722 suscipio
1313 3652 1381 3707 de
1417 3651 1666 3706 manibus
1698 3653 1933 3706 vestris:

372 3756 659 3814 prapterea
703 3747 843 3816 quod
882 3746 950 3801 ab
990 3754 1110 3798 ortu
1159 3744 1288 3798 solis
1337 3759 1510 3815 usque
1554 3743 1619 3797 ad
1679 3759 1934 3799 occasum

371 3855 566 3893 nomen
617 3854 795 3893 meum
847 3837 1206 3909 glorificatum
1251 3846 1336 3891 est
1379 3838 1748 3907 ingentibus,
1783 3845 1837 3890 et
1881 3836 1934 3890 in

371 3931 520 3984 omni
554 3930 674 3984 loco
701 3931 1028 3985 sacrificium
1056 3927 1281 3983 oﬂertur
1307 3931 1512 3984 nomini
1541 3944 1662 3985 meo
1685 3938 1740 3983 et
1768 3929 1940 3986 sacri-

370 4021 553 4076 ficium
597 4037 827 4090 purum;
873 4024 996 4092 quia
1047 4025 1347 4078 honoratur
1399 4037 1595 4076 nomen
1653 4036 1833 4076 meum
1883 4021 1936 4074 in

370 4112 642 4178 gentibus,
686 4112 819 4166 dicit
851 4111 1132 4178 Dominus,
1169 4127 1265 4167 vos
1298 4120 1479 4166 autem
1515 4111 1644 4166 illud
1680 4111 1939 4180 profana-

371 4202 440 4256 tis
462 4201 529 4256 “.
555 4222 573 4254 ι
611 4203 678 4256 Et
711 4218 807 4273 per
846 4204 1105 4259 Davidem
1137 4204 1211 4257 ait
1238 4221 1252 4256 :
1292 4221 1310 4256 ι
1341 4202 1576 4272 Populus
1619 4218 1782 4273 quem
1833 4219 1937 4257 non

2049 525 2124 586 ὡς
2161 521 2373 594 ἀληθῶς
2415 522 2608 582 εἰπεῖν,
2646 517 2981 580 ἐπιστάσεως
3000 556 3014 582 ,
3047 515 3142 569 καὶ
3170 516 3200 568 ὅ
3235 533 3324 586 μοι
3353 517 3467 579 τοῖς
3499 517 3652 569 πολ-

2049 617 2161 680 λοῖς
2195 615 2305 687 (10)
2338 615 2486 668 δοκεῖ
2519 614 2720 681 λέγειν,
2760 614 2841 666 ὅτι
2874 612 3052 678 ἔδοξεν
3095 609 3264 680 αὐτῷ.
3306 609 3491 664 Τοῦτο.
3519 612 3651 682 γάρ

2053 711 2169 762 ἐστι
2201 708 2472 778 πρόφασις
2507 706 2595 760 ἀεὶ
2633 708 2742 770 τοῖς
2778 704 2851 780 μὴ
2884 703 3200 776 δυναμένοις
3231 703 3646 776 ἀποκρίνασθαι

2050 800 2189 873 πρὸς
2212 801 2270 853 τὺ
2303 799 2649 871 ζητούμενον.

2122 996 2318 1066 Κάγώ·
2347 993 2570 1064 Ἐπειδὴ
2593 994 2700 1048 ἀπό
2729 1010 2788 1046 τε
2815 993 2920 1046 τῶν
2934 992 3164 1063 Γραφῶν
3200 993 3296 1047 καὶ
3327 991 3432 1046 τῶν
3481 1008 3642 1063 πρα-

2045 1092 2290 1162 γμάτων,
2333 1088 2430 1152 τάς
2476 1105 2536 1140 τε
2579 1086 2880 1152 ἀποδείξεις
2915 1086 3010 1140 καὶ
3049 1087 3146 1150 τὰς
3181 1085 3395 1157 ὁμιλίας
3439 1086 3643 1139 ποιοῦ-

2051 1199 2168 1253 μαι,
2215 1181 2431 1250 ἔλεγον,
2480 1180 2553 1251 μὴ
2593 1176 2983 1250 ὑπερτίθεσθε,
3029 1176 3163 1249 μηδὲ
3213 1174 3487 1240 διστάζετε
3530 1193 3636 1228 πι-

2047 1271 2270 1333 στεῦσαι
2315 1271 2392 1342 τῷ
2429 1271 2788 1342 ἀπεριτμήτῳ
2832 1269 2976 1340 ἐμοί.
3021 1269 3237 1340 Βραχὺς
3283 1262 3434 1332 οὗτος
3492 1269 3639 1338 ὑμῖν

2044 1364 2418 1435 περιλείπεται
2455 1361 2839 1434 προσηλύσεως
2879 1359 3068 1433 χρόνος
3095 1359 3229 1432 (11).
3272 1359 3399 1414 Ἐὰν
3439 1358 3627 1428 φθάσῃ

2043 1459 2072 1510 ὁ
2099 1455 2330 1526 Χριστὸς
2369 1453 2562 1517 ὲλθεῖν,
2598 1453 2774 1524 μάτην
2818 1454 3200 1524 μετανοήσετε,
3237 1451 3411 1522 μάτην
3454 1450 3631 1502 κλαῦ-

2043 1565 2164 1602 σετε
2183 1565 2196 1578 ·
2226 1549 2286 1601 οὐ
2320 1547 2428 1618 γὰρ
2465 1545 2840 1600 εἰσακούσεται
2871 1543 3042 1616 ὑμῶν.
3077 1563 3096 1596 ι
3119 1543 3376 1597 Νεώσατε
3409 1544 3631 1605 ἑαυτοῖς

2040 1640 2316 1712 νεώματα,
2355 1638 2622 1711 Ἱερεμίας
2657 1636 2733 1709 τῷ
2765 1635 2878 1708 λαῷ
2910 1635 3182 1706 κέκραγε·
3223 1635 3318 1688 καὶ
3351 1633 3424 1705 μὴ
3469 1634 3632 1686 σπεί-

2044 1749 2165 1805 ρετε
2198 1732 2284 1784 ἐπ’
2315 1729 2573 1793 ἀκάνθας.
2617 1729 2982 1801 Περιτέμνετε
3013 1726 3089 1798 τῷ
3121 1725 3312 1798 Κυρίῳ
3347 1726 3482 1797 (12),
3525 1725 3629 1778 καὶ

2041 1822 2427 1897 περιτέμνεσθε
2459 1823 2554 1894 τὴν
2593 1821 2959 1894 ἀκροϐυστίαν
3000 1821 3096 1892 τῆς
3134 1819 3359 1890 καρδίας
3395 1818 3573 1889 ὑμῶν.
3603 1837 3622 1868 ι

2040 1916 2133 1988 Μὴ
2165 1912 2256 1970 οὖν
2301 1917 2383 1978 είς
2420 1913 2661 1977 ἀκάνθας
2689 1911 2944 1984 σπείρετε
2984 1910 3078 1964 καὶ
3113 1911 3372 1980 ἀνήροτον
3399 1908 3631 1980 χωρίον,

2042 2007 2165 2064 ὅθεν
2230 2008 2360 2078 ὑμῖν
2418 2003 2630 2076 καρπὸς
2683 2004 2783 2057 οὐκ
2839 2003 2973 2057 ἐστι.
3024 2001 3202 2055 Γνῶτε
3237 2001 3328 2054 τὸν
3365 1999 3627 2072 Χριστὸν,

2041 2099 2266 2166 καὶέίδοὺ
2294 2097 2434 2162 νειὸς
2459 2097 2620 2168 καλὴ,
2647 2095 2788 2166 καλὴ
2819 2093 2928 2167 (15)
2959 2095 3054 2148 καὶ
3084 2095 3222 2147 πίων
3253 2095 3310 2146 ὲν
3339 2096 3458 2156 ταῖς
3487 2110 3630 2165 καρη

2039 2193 2177 2257 δίαις
2209 2191 2382 2264 ὑμῶν.
2422 2210 2441 2243 ι
2477 2190 2606 2244 Ἰδοὺ
2634 2189 2742 2262 γὰρ
2777 2188 2980 2260 ἡμέραι
3012 2186 3280 2259 ἔρχονται,
3322 2185 3470 2254 λέγει
3509 2184 3632 2238 Κύ-

2044 2302 2186 2358 ριος’
2216 2285 2310 2338 καὶ
2342 2282 2711 2352 ἐπισκέψομαι
2744 2281 2839 2333 ἐπὶ
2880 2280 3086 2343 πάντας
3118 2276 3631 2352 περιτετμημένους

2041 2374 2405 2447 ἀκροϐυστίας
2451 2373 2661 2427 αὐτῶν·
2711 2373 2796 2425 ἐπ’
2849 2371 3122 2440 Αἴγυπτον
3185 2370 3282 2425 καὶ
3339 2370 3434 2424 ἐπὶ
3487 2369 3630 2424 Ἰού-

2038 2464 2134 2520 δαν
2168 2464 2301 2536 (14),
2339 2463 2436 2517 καὶ
2463 2463 2557 2517 ἐπὶ
2591 2461 2802 2534 Ἐδὼμ,
2835 2462 2929 2516 καὶ
2960 2462 3053 2514 ἐπὶ
3083 2462 3233 2525 υἱοὺς
3274 2460 3468 2515 Μωάὸ.
3501 2461 3628 2513 Ὅτι

2040 2559 2217 2613 πάντα
2245 2558 2314 2612 τὰ
2355 2557 2480 2629 ἔθνη
2528 2557 2909 2630 ἀπερίτμητα,
2939 2557 3036 2610 καὶ
3078 2557 3187 2619 πᾶς
3219 2551 3364 2619 οἶκος
3404 2555 3628 2627 Ἰσραὴλ

2039 2652 2408 2723 ἀπερίτμητος
2436 2649 2662 2721 καρδίας
2697 2647 2893 2704 αὐτῶν.
2923 2668 2940 2699 ι
2985 2649 3180 2720 Ὁρᾶτε
3215 2648 3290 2712 ὡς
3317 2649 3378 2701 οὐ
3415 2648 3627 2720 ταύτην

2038 2742 2136 2813 τὴν
2161 2740 2457 2812 περιτομὴν
2489 2740 2587 2812 τὴν
2609 2741 2690 2802 είς
2715 2742 2938 2810 σημεῖον
2969 2739 3214 2793 δοθεῖσαν
3235 2742 3262 2793 ὁ
3287 2740 3415 2804 Θεὸς
3442 2739 3621 2805 θέλεις

2052 2834 2186 2887 Οὐδὲ
2227 2833 2335 2905 γὰρ
2356 2832 2673 2902 Αἰγυπτίοις
2715 2831 2826 2902 (15)
2859 2833 3146 2903 χρήσιμος,
3181 2832 3300 2885 οὐδὲ
3335 2835 3446 2896 τοῖς
3482 2834 3626 2896 υἱοῖς

2038 2923 2234 2988 Μωὰὸ,
2265 2925 2384 2978 οὐδὲ
2419 2927 2532 2988 τοῖς
2567 2927 2698 2988 υἱοῖς
2746 2923 2942 2994 Ἐδὼμ.
2989 2923 3147 2986 Ἀλλά
3187 2923 3289 2977 κᾶν
3333 2922 3547 2993 Σκύθης

2038 3017 2218 3088 τις,ἢ
2263 3018 2513 3089 Πέρσης,
2557 3017 2668 3088 ἔχει
2714 3017 2770 3070 δὲ
2807 3017 2906 3087 τὴν
2950 3015 3042 3069 τοῦ
3093 3015 3227 3068 Θεοῦ
3275 3015 3472 3084 γνῶσιν
3525 3017 3624 3070 καὶ

2040 3107 2130 3160 τοῦ
2160 3107 2393 3179 Χριστοῦ
2428 3108 2614 3171 αὑτοῦ,
2650 3109 2744 3160 καὶ
2784 3107 3046 3177 φυλάσσει
3077 3108 3147 3161 τὰ
3188 3107 3378 3161 αἰώνια
3417 3107 3618 3174 δίκαια,

2038 3199 2427 3270 περιτέτμηται
2475 3200 2574 3270 τὴν
2615 3199 2783 3272 καλὴν
2836 3199 2930 3252 καὶ
2980 3198 3252 3270 ὠφέλιμον
3293 3199 3617 3271 περιτομὴν,

2039 3291 2134 3344 καὶ
2177 3289 2328 3359 φίλος
2375 3290 2493 3344 ἐστὶ
2526 3289 2603 3361 τῷ
2647 3290 2784 3360 Θεῷ,
2824 3291 2920 3343 καὶ
2951 3291 3042 3346 ἐπὶ
3093 3292 3204 3353 τοῖς
3228 3289 3416 3363 δώροις
3453 3288 3624 3343 αὐτοῦ

2040 3381 2134 3435 καὶ
2162 3385 2278 3444 ταῖς
2315 3383 2647 3453 προσφοραῖς
2673 3380 2873 3450 χαίρει.
2900 3380 3127 3451 Παρέξω
3158 3380 3213 3434 δὲ
3246 3381 3393 3450 ὑμῖν,
3425 3380 3622 3452 ἄνδρες

2041 3471 2203 3540 φίλοι,
2239 3472 2333 3524 καὶ
2378 3472 2800 3544 αὐτουργήματα
2836 3470 2928 3524 τοῦ
2963 3470 3095 3522 Θεοῦ
3126 3470 3258 3541 (16),
3286 3470 3445 3522 ὁπότε
3481 3469 3620 3541 πρὸς

2040 3563 2130 3624 τὸν
2175 3563 2302 3616 λαὸν
2339 3559 2459 3618 εἷπε
2502 3563 2589 3616 διὰ
2629 3562 2930 3633 Μαλαχίου,
2973 3562 3087 3624 ἑνὸς
3119 3560 3225 3613 τῶν
3252 3559 3459 3613 δώδεκα
3487 3577 3622 3631 προ-

2041 3654 2241 3723 φητῶν.
2274 3653 2428 3705 Ἔστι
2459 3652 2515 3705 δὲ
2549 3653 2751 3707 ταῦτα’
2794 3670 2812 3703 ι
2844 3652 2958 3703 Οὐκ
3004 3649 3120 3704 ἔστι
3157 3649 3367 3721 θέλημά
3415 3667 3517 3721 μου
3558 3653 3619 3704 ὲν

2041 3744 2189 3812 ὑμῖν,
2221 3743 2366 3811 λέγει
2388 3744 2612 3816 Κύριος·
2641 3743 2734 3798 καὶ
2776 3742 2874 3806 τὰς
2910 3741 3100 3805 θυσίας
3124 3742 3274 3812 ὑμῶν
3306 3742 3365 3794 οὐ
3399 3743 3621 3813 προσδέ-

2040 3852 2205 3905 χομαι
2231 3834 2339 3905 (17)
2367 3837 2429 3888 ὲκ
2464 3834 2569 3887 τῶν
2603 3833 2801 3910 χειρῶν
2837 3832 2989 3904 ὑμῶν
3008 3849 3022 3861 ·
3051 3831 3183 3885 διότι
3219 3833 3325 3885 ἀπὸ
3354 3833 3616 3904 ἀνατολῆς

2041 3927 2190 4001 ἡλίου
2223 3927 2326 3991 ἕως
2362 3926 2576 3998 δυσμῶν
2607 3926 2666 3980 τὸ
2699 3925 2867 3996 ὄνομά
2914 3941 3015 3995 μου
3060 3922 3364 3988 δεδόξασται
3402 3927 3458 3978 ὲν
3500 3928 3615 3989 τοῖς

2045 4019 2241 4082 ἔθνεσι,
2287 4019 2380 4071 καὶ
2418 4021 2475 4072 ὲν
2508 4018 2668 4071 παντὶ
2707 4017 2855 4088 τόπῳ
2901 4017 3060 4073 θυσία
3091 4018 3453 4090 προσφέρεται
3500 4015 3615 4087 (18)

2043 4109 2120 4180 τῷ
2161 4110 2380 4181 ὀνόματί
2433 4127 2567 4182 μου,
2617 4109 2710 4163 καὶ
2755 4109 2913 4164 θυσία
2971 4109 3216 4181 καθαρά·
3266 4111 3346 4162 ὅτι
3390 4109 3612 4178 τιμᾶται

2043 4202 2104 4261 τὸ
2122 4201 2290 4272 ὄνομά
2308 4219 2407 4272 μου
2426 4201 2533 4273 (19)
2551 4203 2608 4256 ἐν
2627 4203 2738 4264 τοῖς
2756 4200 2951 4265 ἔθνεσι,
2967 4200 3112 4269 λέγει
3129 4201 3349 4271 Κύριος·
3372 4200 3528 4270 ὑμεῖς
3557 4198 3614 4252 δὲ

442 4358 487 4389 θ’
526 4357 636 4413 Jer.
667 4374 742 4424 IV,
777 4358 832 4412 3.
909 4359 955 4390 ⁸³
995 4356 1107 4414 Jer.
1134 4374 1214 4424 ix,
1244 4357 1334 4422 25,
1369 4357 1459 4412 26.
1529 4358 1577 4390 ’⁸
1609 4357 1840 4414 Malach.
1874 4374 1912 4422 ι,
1946 4357 2035 4422 10,
2063 4358 2151 4412 11.

443 4511 558 4585 (10)
578 4514 686 4568 Καὶ
721 4513 881 4585 ὅμοι
914 4513 1036 4578 τοῖς
1068 4513 1336 4585 πολλοῖς.
1375 4511 1562 4585 Nullus
1592 4511 1780 4585 dubito
1812 4512 1941 4585 quin

2118 4512 2229 4585 (l5)
2268 4510 2419 4566 Hanc
2465 4527 2674 4574 vocem,
2721 4512 2999 4585 codicibus
3043 4513 3346 4578 probatam,
3407 4511 3612 4567 Maran.

369 4581 654 4654 legendum
687 4581 865 4655 agito:
885 4586 1043 4653 ὁμοῖα
1070 4584 1150 4636 vel
1183 4582 1242 4655 οῦ
1283 4583 1423 4654 μοιὸ
1447 4585 1556 4646 τοῖς
1592 4581 1824 4655 πολλοῖς..
1844 4582 1946 4636 Fa-

373 4652 517 4708 teiur
551 4656 694 4709 enim
727 4652 945 4724 Trypho
978 4670 1094 4717 eos,
1139 4654 1231 4722 qui
1273 4652 1460 4724 dicunt
1491 4655 1563 4705 ita
1609 4652 1716 4706 Deo
1765 4653 1937 4724 visum
2012 4698 2018 4706 .

372 4740 533 4789 esse,
585 4726 652 4778 ad
704 4722 854 4778 hanc
885 4724 1285 4780 cavillationem
1333 4722 1656 4792 confugere,
1698 4722 1824 4790 quia
1861 4723 1938 4777 rei

373 4796 613 4862 qumsitae
661 4795 988 4863 respondere
1037 4811 1145 4850 non
1198 4804 1445 4863 possunt.
1486 4793 1764 4863 Quomodo
1809 4807 1939 4861 ergo

372 4867 517 4918 hanc
547 4862 951 4933 responsionem
983 4865 1100 4934 ipse
1127 4862 1407 4934 amplexus
1429 4862 1609 4924 esset?
1641 4862 1756 4916 Non
1791 4863 1939 4916 solus

374 4934 594 5005 Trypho
630 4937 701 4988 ita
737 4935 977 4997 locutus:
1017 4937 1109 4989 sed
1153 4936 1315 4988 etiam
1343 4933 1482 4988 alius
1520 4948 1588 5005 ex
1631 4935 1747 4999 ejus
1774 4935 1944 4987 comi-

374 5003 521 5060 tibus
552 5021 705 5061 num.
731 5005 819 5066 94,
855 5005 1082 5074 ingenue
1112 5005 1310 5058 fatetur
1345 5003 1620 5074 consultos
1654 5005 1944 5074 magistros

371 5075 474 5128 sibi
517 5091 620 5129 non
668 5071 1017 5133 satisfecisse.
1059 5074 1338 5129 'l‘hirlbins
1371 5073 1499 5142 legit
1533 5073 1626 5128 καὶ
1660 5071 1720 5132 οῦ
1752 5071 1881 5142 μοι,
1916 5073 1944 5125 ὃ

369 5147 483 5209 τοῖς
519 5144 752 5211 πολλοῖς,
788 5145 935 5206 δοκεῖ
966 5145 1165 5213 λέγειν.
1208 5143 1545 5215 Sylburgius,
1577 5145 1787 5197 duabus
1817 5160 1945 5215 pro-

372 5216 568 5288 p0sitis
592 5218 944 5283 conjecturis,
967 5216 1186 5268 tandem
1219 5214 1507 5288 negatione
1529 5229 1676 5288 opus
1703 5229 1823 5288 esse
1870 5214 1945 5288 in-

374 5282 603 5356 icllexit,
644 5282 707 5340 ac
739 5288 1019 5356 legendum
1051 5282 1323 5356 proponit,
1351 5284 1446 5340 καὶ
1480 5282 1577 5355 μὴ,
1612 5283 1641 5336 ὃ
1673 5286 1783 5348 τοῖς
1818 5283 1944 5336 πολ-

369 5353 482 5420 λοῖς
498 5396 513 5420 ,
548 5357 695 5411 δοκεῖ
723 5353 925 5425 λέγειν.

442 5427 571 5497 (Mf
600 5424 854 5496 Βραχύς,
890 5445 944 5484 κ.
969 5445 1021 5484 τ.
1046 5425 1098 5484 λ.
1131 5425 1412 5480 Primitiva
1449 5424 1693 5481 Ecclesia
1742 5437 1939 5497 secun-

369 5495 497 5565 dum
537 5495 746 5551 Christi
805 5501 1094 5552 adventum
1165 5499 1413 5565 proxime
1463 5498 1656 5549 adesse
1695 5495 1937 5562 putabat.

371 5563 743 5623 Tertullianus
769 5566 843 5622 De
874 5568 1018 5621 cultu
1047 5563 1256 5636 femim,
1283 5584 1344 5628 ll,
1378 5568 1446 5622 9:
1480 5587 1498 5617 ι
1529 5566 1639 5619 Nos
1673 5578 1858 5616 sumus
1886 5565 1939 5617 in

371 5651 508 5702 (plus
533 5639 887 5692 decurrerunt
929 5640 1063 5691 ﬁnes
1093 5639 1431 5692 saeculorum.
1459 5656 1478 5688 ι
1516 5636 1692 5691 O'r'ro.

418 5705 911 5777 (1ἳ)Περιτέμνετε
921 5707 1211 5778 τῷΚυρίῳ.
1229 5707 1535 5776 Legendum
1555 5724 1621 5778 πε
1629 5703 1942 5778 ριτέμνεσθε

371 5780 450 5836 'i't'l,
492 5774 874 5858 περιτμήθητε.
915 5778 1053 5832 LXX
1078 5774 1096 5832 ξ
1124 5774 1494 5851 περιτμήθητε
1535 5774 1939 5848 τῷθεῷὑμῶν.

2051 4583 2235 4638 Omisit
2268 4598 2456 4634 errore
2485 4585 2671 4651 procul
2710 4583 2894 4635 dubio.
2930 4581 3106 4638 0110..

2119 4653 2255 4720 (14)
2310 4651 2562 4707 Ἰούδαν.
2609 4652 2684 4705 lta
2719 4653 2884 4706 etiam
2926 4651 3298 4705 Theodoretus
3342 4661 3396 4706 et
3443 4652 3615 4708 Biblia

2047 4722 2450 4789 Compluteusia
2495 4732 2548 4775 et
2591 4721 2877 4776 Hebraica.
2920 4721 3161 4776 Ronmua
3199 4731 3253 4775 et
3301 4725 3420 4776 cod.
3456 4725 3611 4777 Alex.

2059 4793 2384 4861 Ἰδουμαίαν.
2411 4791 2733 4861 νΤιιιιιιειυε.

2117 4859 2230 4935 (15)
2274 4860 2425 4916 Οὐδὲ
2458 4862 2959 4935 γὰρλΑίγυειτίοις.
2983 4860 3072 4935 _D_e
3107 4862 3208 4914 hac
3239 4859 3613 4935 Egyptian-mn

2045 4945 2102 4988 et
2128 4932 2383 4986 'Ialiarum
2444 4933 2679 5000 gentium
2733 4932 3154 4986 circumcisione
3205 4933 3330 4985 vide
3377 4933 3608 4985 Barnab.

2045 5005 2205 5072 epist.
2233 5018 2351 5069 cap.
2379 5004 2433 5067 9,
2461 5013 2513 5056 et
2546 5001 2714 5072 Notas
2736 5001 3012 5072 Cutelerii.

2117 5075 2227 5143 (16)
2266 5071 2734 5142 Αὑτουργήματα
2761 5070 2891 5143 *τοῦ
2927 5071 3306 5143 Θεοῦλίῖεριε
3360 5073 3613 5124 emendat

2045 5140 2322 5196 Thirlbius
2351 5140 2598 5214 legendo,
2622 5141 2786 5214 αυτοῦ
2811 5141 3032 5214 ῥήματα
3049 5140 3154 5214 τοῦ
3167 5140 3332 5214 Θεοῦ.
3367 5143 3612 5214 Sequens

2047 5210 2424 5266 testimonium,
2456 5212 2548 5268 Dei
2587 5213 2755 5280 ipsius
2800 5210 2962 5264 verba
3002 5212 3269 5280 appellat,
3308 5211 3434 5278 quia
3472 5210 3611 5265 Deus

2047 5283 2162 5349 ipse
2193 5284 2450 5350 loquitur,
2489 5299 2595 5335 nou
2628 5283 2916 5350 propheta.
2942 5283 3085 5336 Idem
3131 5282 3257 5351 legit
3297 5282 3333 5336 ἃ
3357 5296 3485 5334 ποτε
3517 5297 3611 5347 pro

2043 5353 2226 5417 ὁπότε,
2255 5352 2397 5420 quod
2433 5362 2608 5404 tamen
2646 5353 3015 5406 necessarium
3049 5368 3153 5406 non
3187 5352 3426 5405 videtur.

2117 5427 2228 5492 (l7)
2267 5421 2873 5494 HpooBépyqulufra
2908 5439 3055 5476 num.
3087 5422 3151 5475 41
3198 5433 3253 5476 et
3289 5421 3415 5483 117,
3447 5438 3611 5494 προσ-

2042 5495 2284 5564 δέξομαι.
2302 5505 2355 5549 et
2381 5497 2448 5546 ita
2475 5497 2611 5557 apud
2640 5492 2802 5564 LXX.

2044 5562 2227 5688 Β),
2270 5564 2462 5617 Quoia
2491 5562 2906 5630 προσφέρεται.
2941 5562 3202 5633 Θυμίαμα
3223 5603 3238 5628 ,
3279 5581 3334 5616 ιι.
3359 5562 3447 5626 41,
3476 5571 3529 5615 et
3556 5562 3608 5616 in

2090 5653 2104 5688 ι
2169 5652 2254 5688 us.

2090 5652 2254 5688 IDIIIS.

2116 5706 2227 5775 (19)
2273 5702 2507 5775 Τιμᾶται
2538 5703 2604 5756 τὸ
2636 5701 2836 5775 (ὄνομά
2878 5722 3015 5775 μου.
3072 5703 3214 5760 Infra
3250 5720 3303 5760 n.
3337 5703 3434 5771 41,
3464 5711 3517 5758 ει
3553 5701 3604 5762 in

2046 5777 2178 5833 Bibl.
2217 5777 2358 5844 μέγα
2393 5774 2450 5825 τὸ
2483 5774 2650 5848 ὄνομα
2687 5791 2809 5850 μου.
