3962 6262
224 369 305 425 57
1272 393 1613 451 DIALOGUS
1646 394 1793 450 CUM
1830 392 2206 451 TRYPHONE
2236 395 2497 452 JUDIEO.

3466 394 3572 453 538

222 488 477 559 μεηλοῦτε
497 495 673 550 αὐτό.
694 518 714 549 ι
742 502 881 555 Καὶ
904 505 1018 560 διὰ
1053 510 1163 563 τοῦ
1182 513 1365 567 Δαϐὶδ’
1383 514 1506 586 ἔφη·
1533 514 1703 577 (Λαὸς
1723 514 1781 567 ὃν
1804 515 1901 567 οὐκ

2010 518 2233 583 cognovi
2290 516 2516 571 servivit
2571 512 2742 577 mihi;
2793 512 2847 567 in
2893 510 3084 566 auditu
3135 508 3286 565 auris
3337 507 3578 565 obedivit

216 585 364 677 ιγνοιν,
383 585 703 677 ἐδούλευσὲ
735 610 879 663 μοι,
912 602 1019 665 είς
1050 605 1243 676 ἀκοὴν
1262 606 1420 658 ὠτίου
1443 585 1721 677 ὑπήκουσέ
1740 624 1859 677 μου.
1875 626 1893 657 ι

261 674 332 728 29.
378 675 756 749 Δοξάσωμεν
819 687 943 739 τὸν
1014 674 1211 747 Θεὸν-
1244 695 1361 766 ἅμα
1416 697 1485 749 τὰ
1541 674 1669 765 ἔθνη
1723 674 1903 749 συνελ-

206 768 344 859 θόντα,
377 772 465 823 ὅτι
517 774 631 825 καὶ
670 777 858 846 ἡμᾶς
910 784 1333 857 ἐπεσκέψατο.
1374 790 1697 859 Δοξάσωμεν
1738 790 1902 842 αὑτὸν

200 858 266 911 δ”-ί
288 860 370 912 τῦῧ
406 861 731 929 Βασιλέως
766 870 897 940 τῆς
937 874 1164 948 δόξης,
1195 879 1284 933 διὰ
1310 879 1401 931 τοῦ
1435 858 1639 949 Κυρίου
1672 880 1779 932 τῶν
1813 879 1903 931 δυ-

196 952 400 1022 νάμεων.
434 955 759 1027 Εὖδόκησε
802 964 955 1036 γὰρ
996 969 1121 1022 καὶ
1164 974 1249 1034 εἰς
1283 971 1348 1024 τὰ
1385 971 1535 1042 ἔθνη,
1563 972 1657 1024 καὶ
1691 972 1788 1035 τὰς
1818 971 1904 1024 θυ-

196 1044 291 1135 σίας
324 1046 484 1113 ἥδιον
523 1051 677 1119 παρ’
724 1054 935 1122 ἡμῶν
990 1061 1034 1131 ἦ
1095 1064 1238 1134 παρ’
1276 1063 1428 1134 ὑμῶν
1473 1062 1759 1135 λαμϐάνει.
1806 1064 1903 1128 Τίς

192 1132 266 1188 ὧν
292 1136 367 1189 ἔτι
406 1154 507 1206 μοι
539 1148 924 1218 περιτομῆς
964 1149 1161 1221 λόγος
1190 1132 1423 1207 *ὑπο-τοῦ
1457 1132 1591 1209 Θεοῦ
1623 1172 1903 1227 μαρτυρη-

196 1229 351 1295 em;
406 1233 515 1296 Τίς
573 1236 831 1290 ἐκείνου
913 1238 1039 1295 τοῦ
1119 1244 1495 1315 βαπτίσματος
1541 1245 1697 1317 χρεία
1761 1248 1903 1315 ἁγίῳ

199 1322 463 1394 Πνεῦματι
490 1326 812 1395 βεϐαπτισ
824 1333 1060 1404 {14%th;
1092 1336 1284 1391 Ταῦτα
1317 1333 1467 1408 οἶμαι
1502 1337 1672 1406 λέγων
1695 1338 1903 1392 πείσειν

206 1416 283 1468 ιιι).
331 1419 465 1481 τοὺς
522 1418 779 1491 βραχὺν
852 1421 1018 1479 γοῦν
1088 1428 1488 1499 κεκτημένους.
1536 1430 1610 1482 Οὐ
1657 1429 1765 1499 γὰρ
1811 1432 1902 1483 ὑπ’

211 1504 327 1574 ἐμοῦ
356 1513 937 1583 συνεσκευασμένοι
986 1515 1147 1569 εἰσὶν
1176 1518 1226 1568 οἱ
1258 1515 1426 1585 λόγοι,
1456 1517 1576 1570 οὐδὲ
1610 1519 1773 1591 τέχνῃ
1810 1519 1903 1573 ἁν-

219 1598 457 1673 θρωπίνῃ
492 1603 1100 1677 κεκαλλωπισμένοι
1122 1648 1137 1673 ,
1174 1608 1307 1662 ἀλλὰ
1344 1608 1563 1672 τούτους
1595 1609 1758 1662 Δαὸὶδ
1808 1611 1904 1681 μὲν

226 1690 463 1759 Elpeum,
500 1694 767 1759 Ἡσαῒας
814 1696 889 1749 δὲ
931 1698 1362 1768 εὐηγγελίζετο,
1395 1700 1668 1771 Ζαχαρίας
1700 1698 1813 1771 (20)
1845 1699 1902 1752 δὲ

237 1785 480 1857 ἐκήρυξε,
492 1788 644 1840 Mm?»
656 1789 769 1859 σῆς
784 1788 855 1843 δὲ
876 1790 1238 1862 ἀνέγραψεν.
1259 1791 1664 1860 Ἑπιγινώσκεις
1681 1794 1895 1858 αὐτοὺς,

242 1876 499 1947 Τρύφων;
544 1877 644 1931 Ἑν
686 1884 823 1943 τοῖς
866 1883 1183 1952 ὑμετέροις
1222 1881 1537 1935 ἀπόκεινται
1579 1882 1900 1954 γράμμασι,
1935 1874 1977 1927 Β

257 1968 442 2037 μᾶλλον
461 1969 522 2022 δὲ
543 1970 657 2041 οὐχ
683 1973 1022 2044 ὑμετέροις
1044 2013 1059 2037 ,
1085 1972 1200 2026 ἀλλ’
1226 1974 1515 2046 ἡμετέροις
1553 1972 1683 2045 (21).
1714 1974 1904 2045 Ἡμεῖς

263 2064 363 2133 γὰρ
389 2064 575 2127 αὐτοῖς
605 2066 995 2135 πειθόμεθαο
1037 2066 1198 2136 ὑμεῖς
1221 2066 1298 2129 δὲ,
1335 2067 1814 2137 ἀναγινώσκοντες,
1843 2068 1902 2120 οὐ

269 2158 427 2207 vasi:
462 2156 557 2208 τὸν
610 2159 674 2209 ἐν
726 2158 940 2222 αὐτοῖς
992 2157 1142 2211 νοῦν.
1188 2157 1279 2228 Μὴ
1323 2152 1416 2211 οὖν
1466 2158 1731 2229 ἄχθεσθε,
1772 2160 1903 2231 μηδὲ

273 2248 552 2312 ὀνειδίζετε
596 2252 748 2320 ἡμῖν
808 2250 919 2321 τὴν
964 2250 1061 2304 τοῦ
1106 2249 1353 2321 σώματος
1414 2252 1796 2324 ἀκροϐυστίαν,
1837 2255 1904 2325 ἣν

279 2342 429 2403 αὐτὸς
460 2344 489 2395 ὁ
517 2342 663 2406 Θεὸς
698 2342 927 2396 ἔπλασε
950 2360 964 2373 ·
1005 2343 1140 2414 μηδὲ
1167 2344 1247 2397 ὃτι
1280 2344 1481 2415 θερμὸν
1531 2345 1759 2417 πίνομεν
1792 2347 1903 2419 (22)

284 2434 336 2484 ὲν
354 2436 464 2495 τοῖς
492 2434 780 2499 σάϐϐασι,
807 2436 991 2489 δεινὸν
1013 2434 1231 2504 ἡγεῖσθε
1251 2452 1263 2467 ο
1284 2436 1470 2506 ἐπειδὴ
1492 2438 1586 2491 καὶ
1613 2440 1640 2491 ὁ
1656 2438 1787 2503 Θεὸς
1808 2438 1905 2510 τὴν

290 2526 446 2596 αὐτὴν
470 2527 765 2598 διοίκησιν
794 2526 897 2580 τοῦ
928 2528 1137 2598 κόσμου
1177 2528 1375 2598 ὁμοίως
1416 2530 1510 2583 καὶ
1546 2533 1605 2584 ὲν
1632 2531 1803 2605 ταύτῃ
1837 2536 1902 2604 τῇ

289 2620 468 2691 ἡμέρα
496 2623 844 2692 macine-at,
883 2622 1137 2694 καθάπερ
1176 2622 1271 2675 καὶ
1301 2624 1358 2675 ὲν
1388 2627 1508 2687 ταῖς
1546 2624 1731 2690 ἄλλαις
1766 2627 1908 2681 ἁπά-

294 2723 443 2770 σαις·
479 2710 583 2762 καὶ
632 2711 688 2763 οἱ
742 2712 1032 2783 ἀρχιερεῖς
1073 2712 1170 2775 τὰς
1225 2714 1568 2785 προσφορὰς,
1622 2715 1766 2771 καθὰ
1812 2718 1906 2771 καὶ

292 2805 411 2865 ταῖς
460 2802 663 2868 ἄλλαις
714 2804 991 2875 ἡμέραις,
1038 2805 1132 2858 καὶ
1178 2806 1235 2858 ὲν
1278 2806 1447 2879 ταύτῃ
1488 2808 1906 2881 κεκελευσμένοι

292 2888 436 2963 ἦσαν
470 2897 795 2951 ποιεῖσθαι·
836 2900 933 2952 καὶ
960 2901 1008 2952 οἱ
1044 2901 1283 2956 τοσοῦτοι
1322 2902 1540 2967 δίκαιοι,
1585 2902 1748 2973 μηδὲν
1780 2904 1909 2969 ,τού-

297 3003 405 3038 των
428 2987 534 3040 τῶν
556 2988 824 3059 νομίμων
850 2989 1174 3059 πράξαντες,
1202 2993 1652 3065 μεμαρτύρηνται
1687 2992 1791 3051 ὑπὸ
1813 2992 1905 3046 τοῦ

298 3079 436 3133 Θεοῦ
476 3081 649 3134 uim-3
661 3122 675 3133 .

370 3174 461 3229 30.
720 3176 789 3245 τῇ
822 3172 997 3226 αὐτῶν
1022 3174 1155 3246 (22')
1184 3176 1349 3246 κακίᾳ
1372 3175 1673 3245 ἐγκαλεῖτε,
1700 3179 1784 3231 ὅτι
1813 3177 1907 3231 mi.

301 3264 779 3334 συκοφαντεῖσθαι
826 3265 1049 3329 δυνατός
1083 3268 1229 3319 ἐστιν
1261 3269 1289 3320 ὁ
1321 3269 1454 3333 Θεὸς
1490 3270 1595 3322 ὑπὸ
1638 3269 1746 3323 τῶν
1779 3268 1903 3323 νοῦν

306 3358 385 3429 μὴ
418 3360 666 3429 ἐχόντων
685 3399 702 3421 ,
752 3358 830 3421 ὡς
862 3357 930 3417 τὰ
962 3358 1100 3412 αὐτὰ
1134 3359 1314 3416 δίκαια
1365 3360 1439 3433 μὴ
1473 3363 1682 3426 πάντας
1714 3363 1802 3416 ἀεὶ
1834 3363 1906 3416 δι-

302 3452 493 3517 δεῖξας.
534 3451 773 3516 Πολλοῖς
806 3450 917 3523 γὰρ
950 3453 1257 3523 ἀνθρώποις
1304 3455 1471 3525 ἄλογα
1505 3457 1599 3510 καὶ
1631 3457 1730 3511 οὐκ
1776 3456 1902 3523 ἄξια

303 3542 443 3595 Θεοῦ
478 3544 551 3596 τὰ
588 3544 821 3597 τοιαῦτα
852 3543 1163 3615 διδάγματα
1188 3546 1361 3613 ἔδοξεν
1389 3543 1551 3613 εῖναι,
1583 3548 1657 3619 μὴ
1679 3548 1904 3602 λαϐοῦσι

304 3633 471 3701 χάριν
503 3632 603 3685 τοῦ
638 3632 880 3702 γνῶναι,
932 3636 1011 3689 ὅτι
1062 3635 1153 3688 τὸν
1188 3634 1313 3689 λαὸν
1348 3636 1501 3708 ὑμῶν
1536 3638 1906 3708 πονηρευόμε-

305 3740 435 3790 νον,
472 3726 571 3778 καὶ
604 3727 665 3777 ἐν
702 3726 846 3796 νόσῳ
890 3726 1093 3797 ψυχικῇ
1130 3728 1476 3800 ὑπάρχοντα,
1524 3731 1604 3792 είς
1655 3731 1906 3799 ἐπιστρο-

309 3812 419 3882 ςῆν
454 3814 551 3866 καὶ
601 3815 896 3883 μετάνοιαν
943 3816 1035 3868 τοῦ
1070 3817 1285 3888 Πατρὸς
1337 3818 1446 3889 (25)
1494 3818 1763 3890 κέκληκε,
1812 3819 1905 3871 καὶ¹

310 3905 530 3967 αἰώνιος
567 3907 687 3958 ἐστι
724 3906 837 3977 (24)
888 3907 1024 3977 μετὰ
1068 3908 1159 3961 τὸν
1204 3910 1479 3974 Μωῦσέως
1529 3910 1755 3966 θάνατον
1789 3911 1903 3983 (25)

386 4018 433 4051 ⁸³
470 4017 626 4071 Psal.
659 4034 797 4082 xm,
830 4014 923 4073 ιε’).

536 4156 872 4230 ζαχαρίας..
901 4154 1055 4230 Legit
1090 4156 1307 4230 Langus
1339 4159 1647 4230 Μαλαχίας.

314 4291 442 4345 Yid.
480 4291 707 4347 Cohors.
735 4294 942 4349 Justini
977 4291 1033 4351 ii.
1074 4291 1161 4352 i5.

388 4364 502 4431 (τε)
526 4364 1041 4437 Sarmata-oper.
1065 4367 1156 4423 llis
1172 4369 1392 4437 opponit
1410 4368 1662 4424 Petavius
1680 4369 1823 4437 (Not.
1848 4372 1900 4425 in

316 4432 696 4509 Epiphan._p.
723 4436 851 4502 556)
874 4432 1156 4509 epistolam
1198 4432 1578 4506 interpolatam
1612 4432 1899 4509 Sflgnatii

314 4520 471 4579 num.
492 4504 550 4567 9,
577 4507 671 4579 ubi
699 4521 857 4579 aqua
871 4507 1086 4579 tepidis.
1106 4524 1211 4561 non
1242 4504 1371 4562 vero
1401 4510 1613 4575 calidae,
1640 4504 1797 4579 potus
1816 4513 1901 4567 bis

313 4575 527 4647 verbis,
552 4576 652 4628 καὶ
693 4575 895 4647 χλιαρὰ
928 4578 1123 4641 πίνων,
1143 4587 1493 4633 memoratur.

393 4646 548 4717 (Ξῖ)
580 4645 836 4699 Αὐτῶν(
860 4647 962 4701 Pro
993 4648 1219 4712 ἑαυτῶν,
1259 4649 1524 4717 scriptura
1562 4647 1775 4704 Justino
1814 4649 1898 4703 fa-

316 4717 577 4771 miliaris.
613 4718 707 4800 Sic
740 4733 901 4800 supra
927 4718 1141 4800 [ιυριηιθ
1171 4719 1366 4800 Ιθείιιιι·
1387 4718 1453 4771 δι’
1471 4720 1641 4800 αὐτῆς
1657 4727 1769 4800 (per
1798 4723 1900 4773 sei-

316 4794 598 4853 psatn),et
633 4788 790 4850 Apol.
827 4788 865 4851 l,
892 4805 944 4841 ιι.
992 4788 1045 4851 5,
1077 4788 1214 4908 ὅπερ
1271 4788 1497 4853 ἕκαστος
1549 4788 1698 4859 αὐτῷ
1739 4791 1898 4860 (quod

320 4858 542 4908 altisque
560 4858 711 4908 sibi).
740 4856 895 4908 Plato
928 4859 1059 4908 inse.
1097 4860 1149 4908 in
1206 4860 1441 4908 ’hmdro:
1478 4861 1651 4908 Μόνον
1686 4860 1746 4908 τὸ
1769 4861 1898 4908 αὐτὸ

320 4858 542 4925 quisque
560 4858 711 4921 sibi).
740 4856 895 4911 Plato
928 4859 1059 4925 ipse,
1097 4860 1149 4911 in
1183 4856 1441 4914 l’ltwdro:
1478 4861 1651 4912 Μόνον
1670 4856 1755 4912 ’τδ
1769 4856 1901 4914 αὐτὸ

322 4927 509 4979 κινοῦν
539 4928 713 4989 (Illud
747 4928 917 4998 solum
953 4929 1091 4997 quod
1122 4929 1347 4998 seipsum
1372 4938 1588 4998 movet).
1609 4930 1896 4986 ED.PATR.

393 4997 505 5068 (25)
538 4998 655 5051 Καὶ
690 4996 1017 5065 μετάνοιαν
1044 4997 1151 5051 τοῦ
1175 4999 1420 5065 Πατρός.
1456 4996 1610 5067 Saepe
1645 5012 1901 5054 errarunt

320 5067 531 5143 librarii
572 5072 628 5121 in
666 5070 754 5143 his
790 5070 1011 5143 vocibus
1052 5069 1268 5143 Πατρός
1301 5080 1355 5123 et
1385 5070 1735 5140 Πνεύματος,
1771 5072 1898 5143 quia

320 5139 563 5212 breviter
596 5140 821 5212 scriptae
855 5138 921 5189 ad
960 5138 1377 5212 buttcuiodum,
1413 5138 1655 5212 πρςπνς
1679 5180 1694 5205 ,
1732 5138 1900 5195 simil-

324 5208 466 5261 lima:
502 5220 653 5261 sunt.
693 5208 786 5280 Sic
829 5210 972 5280 apud
1007 5208 1292 5280 Tatianum
1335 5227 1388 5264 ιι.
1425 5208 1495 5274 5’,
1529 5223 1585 5265 et
1614 5213 1753 5280 apud
1792 5212 1901 5265 Me-

325 5280 573 5331 Ilmdintn
610 5280 663 5330 in
700 5277 947 5332 Convivia
982 5278 1154 5332 decem
1205 5281 1484 5349 virginum,
1512 5298 1565 5350 p.
1598 5277 1691 5345 93,
1726 5281 1900 5349 Λόγος

322 5350 707 5420 μνεύματοςη
742 5364 840 5416 pro
893 5366 981 5420 co_
1013 5352 1157 5416 quod
1210 5350 1492 5419 legendum
1545 5363 1655 5417 est,
1727 5352 1900 5420 Λόγος

320 5419 535 5489 [Iazyx
558 5459 574 5479 ,
620 5437 643 5491 CA
673 5418 903 5471 Verbum
957 5418 1159 5491 Patris.
1184 5441 1202 5473 ι
1244 5418 1331 5491 Sic
1361 5438 1493 5491 ergo
1536 5423 1639 5483 hoc
1673 5422 1793 5476 loco
1818 5418 1901 5476 Vle-

319 5496 556 5557 gendum
596 5489 811 5542 videtur
845 5490 1137 5558 μετάνοιαν
1169 5489 1494 5559 πνεύματος.
1523 5492 1810 5553 Nimirum,
1841 5501 1900 5546 ut

317 5560 635 5611 calumnias
671 5564 954 5629 propulset
976 5577 1006 5614 a
1047 5562 1183 5629 lege,
1220 5563 1377 5613 d0cet
1408 5562 1722 5617 carnalibus
1756 5564 1899 5617 illius

316 5632 645 5697 pmeptis,
684 5646 747 5682 ex
784 5632 983 5701 quibus
1034 5631 1278 5685 nonnulli
1314 5646 1503 5686 ansam
1539 5633 1606 5686 ad
1642 5633 1900 5701 blasphe-

318 5701 458 5752 mias
479 5701 818 5767 arripiebant
838 5742 853 5765 ,
905 5699 1128 5755 Judzeos
1158 5702 1226 5755 ad
1252 5702 1547 5769 spiritalem
1586 5699 1899 5757 conversio-

321 5783 442 5840 nem
480 5782 708 5823 vocatos
749 5770 937 5827 fuisse.
995 5772 1211 5825 Similia
1248 5772 1416 5825 habes
1452 5774 1590 5840 apud
1638 5772 1897 5828 Irenaeum

322 5838 417 5892 hu.
457 5856 505 5896 tv
528 5882 543 5907 ,
574 5856 692 5912 cap.
728 5844 787 5897 H
810 5886 824 5911 ,
856 5860 914 5899 ιι.
954 5843 988 5897 5
1019 5859 1031 5897 :
1066 5858 1083 5893 ι
1115 5840 1301 5901 Facile
1336 5838 1545 5911 autem,
1584 5842 1792 5915 inquit,
1828 5844 1896 5899 ad

2003 608 2132 662 mihi
2157 608 2223 665 ⁸³.
2253 628 2273 661 ι

2069 700 2158 755 29.
2195 699 2463 754 Christum
2525 697 2815 752 colentibus
2854 696 2938 750 (ex
2976 695 3203 749 inutilis.
3240 724 3311 735 —-
3350 692 3574 749 Glorill.

2000 806 2185 847 cernus
2211 791 2377 846 Deum
2410 806 2515 845 una
2540 796 2881 861 congregata:
2915 788 3285 855 gentes,quod
3314 802 3411 841 nos
3441 802 3579 855 quo-

2000 898 2104 951 que
2138 883 2407 938 inviserit.
2436 881 2817 936 Glorilicemus
2847 894 2969 933 eum
3005 894 3103 948 per
3129 878 3328 948 Regem
3364 877 3575 944 gloriae,

2002 990 2098 1045 per
2132 975 2415 1028 Dominum
2442 975 2723 1028 virtutum.
2760 970 3163 1041 Beneplacitmn
3201 980 3285 1024 est
3313 970 3459 1023 enim
3491 970 3572 1027 illi

2003 1068 2165 1121 etiam
2210 1080 2373 1135 super
2411 1064 2569 1134 127
2602 1073 2811 1134 gentes,
2841 1077 2904 1115 ac
2940 1062 3192 1115 victimas
3232 1076 3259 1112 a
3297 1062 3454 1115 nobis
3486 1075 3579 1115 ac-

2003 1162 2135 1231 cipit
2168 1161 2453 1221 libentius,
2505 1173 2668 1229 quam
2719 1171 2751 1211 a
2803 1156 2978 1212 vobis.
3026 1156 3166 1222 Quid
3223 1155 3388 1226 igitur
3444 1154 3577 1209 mihi

2004 1255 2181 1309 adhuc
2212 1270 2346 1323 opus
2400 1261 2484 1307 est
2520 1250 2961 1315 circumcisione,
3001 1249 3093 1318 qui
3139 1248 3234 1302 Dei
3268 1247 3579 1302 testimonio

2005 1342 2386 1411 comprobatus
2430 1341 2591 1397 sum?
2634 1339 2768 1405 Quis
2816 1354 2945 1393 usus
2992 1337 3153 1407 hujus
3202 1335 3576 1403 baptismatis,

2004 1434 2095 1502 qui
2139 1432 2346 1501 Spiritu
2402 1441 2595 1486 sancto
2644 1430 2949 1499 baptizatus
2993 1429 3162 1483 sum?
3212 1427 3411 1483 Videor
3446 1428 3579 1485 mihi

2004 1521 2120 1575 haec
2150 1520 2463 1575 edisserens
2498 1519 2565 1572 iis
2610 1517 2772 1572 etiam
2794 1556 2809 1580 ,
2851 1517 2943 1587 qui
2979 1530 3170 1584 parum
3220 1514 3579 1585 intelligentia
3609 1565 3617 1572 .

2004 1611 2216 1681 praediti
2251 1620 2396 1676 sunt,
2439 1623 2826 1680 persuasurus.
2848 1607 3036 1676 Neque
3070 1606 3216 1660 enim
3260 1606 3377 1661 haec
3409 1608 3577 1661 verba

2005 1716 2035 1755 a
2070 1716 2156 1754 me
2192 1702 2491 1769 composita
2530 1706 2677 1761 sunt,
2706 1707 2801 1749 aut
2840 1701 3076 1749 humana
3112 1706 3233 1750 arte
3278 1708 3576 1761 exornata;

2004 1796 2098 1848 sed
2142 1808 2204 1847 ea
2250 1792 2416 1846 David
2466 1792 2747 1861 psallendo
2780 1791 3000 1853 cecinit,
3033 1789 3201 1843 Isaias
3234 1789 3582 1858 evangeliza-

2008 1887 2103 1950 vit,
2133 1885 2430 1940 Zacharias
2462 1884 2851 1954 promulgavit,
2881 1881 3091 1953 Moyses
3123 1881 3365 1949 scripsit.
3394 1882 3580 1950 Agno-

2008 1982 2114 2035 scis
2140 1996 2225 2046 ea,
2248 1979 2503 2050 Trypho?
2526 1977 2852 2045 Consignata
2878 1983 3001 2029 sunt
3035 1974 3231 2028 litteris
3254 1974 3471 2039 vestris,
3496 1971 3580 2027 vel

2006 2074 2189 2142 potius
2220 2087 2327 2126 non
2357 2070 2576 2136 vestris,
2604 2070 2701 2124 sed
2732 2069 2958 2123 nostris.
2986 2067 3093 2121 Nos
3117 2068 3263 2122 enim
3298 2067 3365 2120 iis
3400 2067 3580 2119 adhae-

2008 2180 2225 2229 remus;
2260 2177 2355 2217 vos
2386 2172 2567 2215 autem
2602 2160 2831 2228 legendo
2858 2159 3185 2213 sententiam
3228 2175 3335 2212 non
3371 2158 3581 2228 perspi-

2007 2257 2152 2311 citis.
2199 2254 2279 2309 Ne
2312 2254 2382 2308 sit
2417 2254 2582 2323 igitur
2614 2252 2767 2307 vobis
2802 2253 3115 2317 molestum,
3147 2265 3249 2304 nec
3290 2250 3342 2304 in
3393 2249 3580 2320 probri

2005 2347 2129 2403 loco
2174 2344 2332 2401 nobis
2378 2343 2661 2414 objiciatis
2714 2343 2962 2411 corporis
3026 2344 3389 2411 praeputium,
3435 2342 3579 2412 quod

2007 2436 2151 2495 De'us
2201 2438 2320 2507 ipse
2373 2434 2667 2500 formavit;
2724 2449 2900 2504 neque
2947 2434 3110 2489 etiam
3157 2435 3300 2503 quod
3348 2433 3581 2489 calidam

2006 2530 2246 2587 sabbatis
2293 2528 2581 2595 bibamus,
2634 2528 2842 2597 grande
2887 2526 3161 2596 piaculum
3212 2527 3577 2590 existimetis;

2009 2617 2274 2686 siquidem
2314 2619 2455 2673 Deus
2493 2617 2750 2671 mundum
2791 2618 3018 2687 perinde
3050 2619 3156 2672 hoc
3198 2618 3361 2672 etiam
3402 2617 3489 2670 die
3516 2630 3582 2669 ac

2007 2712 2217 2765 caeteris
2260 2710 2515 2765 omnibus
2554 2712 2862 2780 gubernat;
2912 2709 3195 2780 pontilices
3245 2723 3485 2778 quoque.
3521 2718 3581 2761 ut

2007 2804 2220 2859 caeteris
2245 2803 2459 2870 diebus,
2494 2803 2567 2857 ita
2598 2803 2763 2858 etiam
2796 2802 2901 2857 isto
2938 2801 3075 2870 jussi
3105 2811 3232 2856 sunt
3264 2800 3581 2855 muneribus

2008 2895 2298 2952 oll‘erendis
2331 2897 2580 2966 operari;
2616 2896 2852 2964 denique
2879 2902 2958 2949 tot
2985 2893 3118 2962 justi
3153 2893 3425 2956 homines,
3455 2906 3579 2947 cum

2010 2989 2214 3044 nullum
2260 3004 2326 3044 ex
2356 2990 2444 3044 his
2480 2988 2616 3060 legis
2650 2987 2917 3041 institutis
2949 2986 3363 3050 observassent,
3410 2985 3580 3054 ipsius

2008 3080 2103 3135 Dei
2135 3081 2448 3136 testimonio
2472 3078 2810 3148 comprobati
2843 3076 3016 3131 luere.

2080 3171 2172 3227 50.
2228 3170 2373 3225 Verte
2401 3172 2621 3238 iustitia:
2652 3169 2874 3222 cultores
2906 3164 3213 3221 Christiani.
3243 3194 3314 3205 --
3346 3164 3452 3219 Sed
3482 3178 3569 3219 no-

2007 3265 2190 3333 quitia:
2215 3272 2410 3318 vestra:
2438 3262 2721 3327 ascribite,
2749 3261 2895 3330 quod
2929 3259 3094 3314 etiam
3120 3259 3412 3313 calumniis
3439 3258 3579 3313 Deus

2007 3356 2188 3425 appeti
2256 3355 2429 3424 possit
2481 3354 2548 3409 ab
2589 3352 2901 3408 hominibus
2951 3360 3133 3404 tuente
3182 3350 3384 3420 captis,
3418 3352 3578 3419 quasi

2008 3464 2115 3504 non
2162 3452 2410 3503 eamdem
2460 3460 2678 3516 semper
2729 3460 2923 3500 omnes
2971 3444 3245 3514 justitiam
3302 3442 3576 3498 docuerit.

2008 3542 2132 3596 Haec
2161 3542 2305 3595 enim
2340 3541 2591 3595 instituta
2633 3554 2663 3593 a
2697 3538 2909 3592 ratione
2934 3538 3112 3590 aliena
3137 3552 3239 3591 nec
3274 3536 3385 3591 Deo
3415 3536 3578 3607 digna

2007 3633 2197 3689 multis
2230 3633 2348 3687 visa
2380 3643 2528 3698 sunt,
2571 3631 2663 3701 qui
2697 3632 2927 3701 gratiam
2972 3629 3304 3701 intelligendi
3350 3644 3455 3684 non
3487 3644 3578 3684 ac—

2010 3736 2272 3793 ceperunt
2320 3727 2581 3797 populum
2614 3732 2860 3779 vestrum
2907 3723 3155 3792 improbe
3189 3734 3471 3793 agentem,
3514 3737 3579 3777 ac

2010 3820 2206 3873 anima:
2238 3820 2429 3874 morbo
2464 3819 2804 3876 laborantem
2844 3822 2945 3891 {his
2992 3820 3201 3891 legibus
3238 3816 3304 3869 ad
3346 3828 3579 3869 conver-

2009 3911 2216 3967 sionem
2250 3920 2305 3967 et
2344 3914 2726 3982 pmniteutiam
2755 3913 2980 3984 spiritus
3010 3921 3262 3968 vocatum
3298 3910 3489 3977 fuisse,
3514 3922 3581 3962 ac

2012 4161 2557 4234 idolagrevertentem
2593 4164 2851 4234 populum
2896 4165 3210 4231 erudiebat,
3251 4178 3349 4233 per
3380 4164 3579 4218 multas

2008 4231 2322 4287 vocationes
2370 4231 2701 4302 prazstrtt‘en's
2754 4250 2851 4289 eos
2898 4236 3107 4290 servire
3170 4231 3316 4301 Deo;
3367 4249 3463 4303 per
3514 4249 3577 4289 ea

2009 4316 2130 4372 quae
2163 4313 2323 4374 erant
2357 4304 2628 4371 secunda,
2679 4305 2746 4358 ad
2800 4304 2971 4374 prima
3023 4319 3259 4365 vocans,
3318 4306 3420 4358 hoc
3453 4312 3574 4369 est,

2012 4388 2108 4441 per
2142 4373 2317 4441 typica
2356 4375 2586 4445 adgvera
2615 4415 2630 4440 ,
2666 4384 2723 4428 et
2756 4373 2854 4442 per
2889 4375 3212 4445 temporalia
3245 4375 3309 4427 ad
3345 4384 3574 4445 aeterna,

2008 4453 2061 4494 et
2099 4458 2214 4515 per
2242 4443 2483 4515 carnalia
2520 4443 2588 4498 ad
2624 4445 2890 4515 spiritalia
2917 4485 2933 4509 ,
2984 4443 3042 4500 et
3094 4459 3189 4513 per
3239 4453 3459 4515 terrena
3508 4444 3578 4499 ad

2007 4512 2273 4566 ccelestia.
2299 4530 2317 4563 ι
2358 4512 2553 4582 Legem
2588 4512 2665 4569 eo'
2687 4516 2918 4569 consilio
2954 4512 3259 4569 institutam
3298 4514 3489 4573 fuisse.
3516 4521 3577 4567 ut

2005 4583 2072 4634 ad
2102 4597 2284 4635 veram
2324 4584 2736 4637 conversionem
2783 4583 2997 4640 Judaeos
3030 4594 3253 4639 vocaret
3277 4623 3291 4646 ,
3327 4582 3576 4652 pluribus

2002 4652 2138 4706 locis
2171 4653 2721 4723 docetiAugustinus.
2760 4653 2881 4708 Vid.
2919 4656 3014 4709 lib.
3052 4654 3128 4707 De
3159 4650 3572 4723 gratia'Cltristt',

2003 4740 2066 4793 οε
2094 4724 2148 4775 8.
2198 4722 2284 4793 ω.
2322 4722 2602 4793 Thirlbius
2656 4723 2757 4793 legi
2793 4739 2953 4793 posse
3005 4722 3225 4792 conjiCit
3283 4722 3575 4791 μετάνοιαν

2002 4790 2107 4845 τῶν
2138 4791 2311 4863 πάρος
2344 4793 2429 4846 vel
2455 4792 2516 4847 τὸ
2536 4790 2731 4915 πάΙρος,
2759 4790 3066 4864 quanquam
3094 4790 3293 4847 fatetur
3322 4803 3573 4846 neutrum

2005 4863 2107 4915 sibi
2146 4865 2299 4915 valde
2333 4862 2566 4915 placere.
2653 4878 2824 4915 ancus
2859 4865 2932 4915 ita
2962 4865 3147 4915 vertit.
3176 4863 3333 4915 quasi
3369 4862 3573 4915 addenc

2005 4863 2107 4916 sibi
2146 4862 2299 4916 valde
2332 4862 2566 4934 placere.
2606 4862 2824 4934 Langus
2859 4862 2938 4917 ita
2962 4865 3147 4934 vertit,
3176 4863 3333 4931 quasi
3369 4862 3573 4916 addens

2003 4936 2126 5005 dum
2145 4942 2306 5005 esset
2321 5002 2329 5005 _
2342 4933 2455 5005 mi.
2471 4932 2765 5005 ἐπίγνωσιν
2800 4943 2922 5002 post
2958 4933 3266 5005 μετάνοιαν.

2074 5001 2185 5072 (24)
2224 5002 2335 5057 Καὶ
2360 5001 2600 5067 αἰώνιός
2620 5004 2751 5057 ἐστι
2776 5001 2923 5066 ,⁷θιο.
2959 5001 3102 5058 Ante
3136 5005 3250 5057 haec
3283 5004 3447 5057 verba
3484 5002 3577 5055 ad-

2001 5071 2237 5125 dendum
2271 5072 2355 5125 vel
2388 5074 2748 5142 supplendum
2789 5075 2893 5131 ὃτι.
2931 5074 3275 5142 l’rOphetiam
3309 5081 3569 5127 aeternam

2004 5151 2167 5213 vocat
2197 5157 2317 5197 eam
2339 5183 2353 5207 ,
2388 5158 2509 5213 quae
2541 5144 2853 5197 continetur
2900 5146 3110 5213 psalmo
3143 5158 3235 5195 xix
3269 5143 3324 5196 in
3353 5158 3461 5213 quo
3496 5143 3572 5213 lef

2004 5212 2153 5279 gitur
2186 5230 2200 5266 :
2246 5231 2265 5264 ι
2295 5212 2406 5266 Lex
2437 5211 2647 5267 Domini
2699 5211 3119 5268 immaculata...
3159 5213 3323 5267 timor
3356 5212 3571 5267 Domini

2001 5292 2226 5337 sanctus
2260 5298 2588 5353 permanens
2633 5284 2687 5337 in
2727 5284 2985 5339 saeculum
3021 5283 3221 5338 saeculi.
3256 5301 3275 5334 ι
3327 5280 3571 5351 Prophe-

2004 5354 2136 5423 tiam
2181 5363 2339 5408 vocet
2376 5356 2490 5407 haec
2514 5353 2675 5408 verba
2708 5355 2791 5407 vel
2828 5356 2953 5423 quia
2990 5356 3307 5420 deprompta
3342 5363 3470 5407 sunt
3502 5367 3571 5410 ex

2002 5421 2141 5493 libro
2173 5424 2491 5493 prophetico
2526 5424 2630 5491 (sic
2662 5425 2806 5477 enim
2844 5421 2993 5479 num.
3022 5424 3088 5477 ‘27
3147 5423 3295 5476 Isaiae
3341 5423 3407 5476 de
3439 5424 3567 5478 sab-

2002 5491 2128 5545 bato
2152 5491 2422 5562 praecepta
2448 5494 2794 5562 appellantur
2813 5494 3154 5563 prophetia),
3172 5493 3254 5545 vel
3279 5497 3402 5562 quia
3435 5508 3571 5561 prm-

2001 5563 2289 5618 dictionem
2313 5566 2637 5617 Christiana:
2671 5564 2801 5634 legis
2825 5567 3136 5634 continent;
3174 5572 3434 5617 aeternam
3464 5578 3565 5616 au.

2002 5641 2141 5698 teut,
2178 5635 2303 5701 quia
2342 5635 2427 5688 lex
2465 5634 2555 5687 illa
2592 5650 2698 5687 non
2720 5633 2740 5699 ,7
2787 5643 2845 5687 ut
2892 5633 3187 5687 Mosaicum
3224 5634 3565 5699 institutum,

2001 5704 2162 5757 ﬁnem
2200 5704 2451 5773 habitura
2485 5713 2639 5768 erat,
2696 5705 2789 5758 sed
2846 5706 2899 5758 in
2932 5704 3190 5759 saeculum
3225 5703 3408 5758 saeculi
3440 5718 3569 5773 per-

1999 5790 2279 5830 mansura.
2320 5772 2451 5828 Vide
2485 5773 2625 5827 infra
2662 5791 2720 5827 ιι.
2753 5774 2847 5839 54,
2877 5785 2933 5829 et
2965 5790 3131 5843 supra
3159 5790 3215 5827 ιι.
3239 5774 3334 5828 28.

2070 5843 2182 5917 (25)
2221 5843 2382 5900 Μετὰ
2411 5844 2515 5901 τὸν
2543 5844 2836 5914 Μωϋσέως
2861 5843 3134 5902 θάνατον.
3162 5843 3445 5914 Quomodo
3472 5859 3571 5901 tto-
