3962 6262
421 374 528 432 539

1278 367 1334 422 S.
1373 366 1636 423 JUSTlNl
1675 363 2082 422 PHlLOSOPlll
2125 362 2213 416 ET
2247 361 2606 416 MARTYRIS

3559 350 3667 407 540

420 503 686 549 aeternam
717 502 842 544 esse
888 487 1038 541 illam
1071 487 1412 556 prophetiam
1434 529 1449 554 ,
1481 503 1598 556 quae
1634 495 1757 555 post
1789 485 1987 556 Moysis

2109 479 2425 552 τροελθοῦσα
2457 481 2490 549 ἡ
2525 475 2847 549 προφητεία.
2897 471 3006 525 Καὶ
3051 469 3139 523 διὰ
3172 466 3264 522 τοῦ
3297 466 3512 538 ψαλμοῦ
3549 467 3664 538 (26)

419 590 649 640 mortem
697 580 921 652 prodiit.
976 584 1154 649 Atque
1208 581 1261 634 id
1298 581 1516 650 quidem
1573 597 1671 649 per
1723 579 1986 648 psalmum

422 680 626 732 dictum
663 676 800 740 fuit,
846 693 879 730 o
911 674 1038 731 viri.
1071 674 1196 728 Haec
1233 684 1413 727 autem
1451 673 1692 742 (judicia
1731 671 1987 742 Domini)

421 767 581 822 nobis
609 812 621 834 ,
659 768 854 834 quibus
899 767 1224 835 sapientiam
1284 765 1658 834 prazstiterunt
1686 806 1700 828 ,
1749 762 1991 816 dulciora

424 874 592 926 super
630 858 733 912 mel
762 868 816 911 et
850 849 1030 910 favum
1063 857 1237 910 videri
1273 871 1340 910 ex
1375 871 1438 910 eo
1464 853 1814 924 perspicitur,
1849 852 1991 920 quod

423 962 494 1000 ne
544 954 720 1000 morte
753 947 971 1014 quidem
1010 947 1286 1015 proposita
1318 947 1675 1009 adducantur,
1712 955 1769 996 ut
1795 957 1992 996 nomen

424 1037 540 1106 ejus
565 1039 914 1105 abnegemus.
965 1038 1097 1092 Illud
1141 1039 1305 1092 etiam
1363 1036 1708 1091 manifestum
1741 1034 1994 1088 omnibus

425 1139 508 1183 est
540 1145 668 1192 nos,
721 1130 818 1198 qui
867 1129 920 1182 in
951 1144 1073 1184 eum
1128 1129 1439 1192 credimus,
1472 1129 1538 1181 ab
1582 1142 1647 1180 eo
1677 1137 1894 1195 petere,
1936 1134 1994 1177 ut

429 1241 449 1273 ι
480 1222 546 1274 ab
575 1221 788 1286 alienis,
819 1240 838 1272 ›
891 1222 943 1276 id
979 1232 1062 1276 est
1091 1238 1121 1276 a
1158 1223 1384 1276 nefariis
1419 1231 1473 1274 et
1507 1219 1789 1274 fallacibus
1827 1220 1992 1287 spiri-

427 1313 572 1365 tibus
629 1327 726 1365 nos
803 1313 1104 1379 custodiat,
1173 1313 1632 1381 quemadmodum
1697 1311 1995 1379 prophetiae

427 1418 604 1457 sermo
637 1417 704 1456 ex
738 1418 973 1472 persona
1007 1405 1167 1459 unius
1197 1419 1386 1458 eorum
1413 1444 1428 1471 ,
1482 1403 1572 1472 qui
1604 1404 1656 1455 in
1689 1403 1839 1456 illum
1876 1417 1992 1456 cre-

425 1494 595 1559 dunt,
625 1493 855 1563 ﬁgurate
885 1496 1148 1550 declarat.
1186 1495 1321 1550 Nam
1353 1504 1466 1549 uta
1505 1495 1666 1564 128
1714 1493 1996 1548 dzemoniis

427 1603 726 1652 scrvemur,
783 1605 902 1659 quae
945 1603 973 1640 a
1027 1588 1120 1642 Dei
1155 1587 1304 1642 cultu
1332 1587 1509 1641 aliena
1559 1595 1717 1650 sunt,
1768 1597 1996 1655 quaeque

427 1678 558 1734 olim
589 1682 951 1736 adorabanius
978 1721 994 1746 ,
1042 1683 1209 1735 Deum
1256 1694 1468 1748 semper
1500 1694 1596 1748 per
1620 1678 1803 1734 Jesum
1837 1677 1996 1731 Chri-

429 1781 571 1826 stum
604 1774 978 1837 obsecramus,
1023 1785 1080 1826 ιιι
1120 1781 1408 1842 postquam
1438 1786 1534 1838 per
1569 1787 1693 1824 eum
1733 1774 1799 1822 ad
1826 1771 1993 1822 Deum

2091 573 2248 626 τοῦτο
2281 571 2528 643 εἴρηται,
2563 564 2606 622 ὦ
2640 569 2854 639 ἄνδρες.
2905 565 3014 618 Καὶ
3061 565 3141 616 ὅτι
3187 561 3487 631 γλυκύτερα
3521 561 3665 630 ὑπὲρ

2095 664 2216 734 μέλι
2251 663 2340 715 καὶ
2387 660 2576 732 κηρίον
2627 657 2990 730 ὁμολογοῦμεν
3041 653 3175 706 αὑτά
3224 655 3272 705 οἱ
3319 651 3666 721 σοφισθέντες

2094 757 2187 810 ἀπ’
2223 753 2420 818 αὐτῶν,
2459 756 2522 805 ἐκ
2555 751 2646 804 τοῦ
2681 751 2775 803 καὶ
2812 749 2970 820 μέχρι
3004 747 3232 800 θανάτου
3268 744 3666 815 ἁνεξαρνήτους

2093 849 2239 918 ἡμᾶς
2271 845 2514 914 γίνεσθαι
2548 843 2640 896 τοῦ
2687 843 2942 911 ὀνόματος
2977 839 3139 892 αὑτοῦ
3165 879 3180 902 ,
3234 837 3496 906 φαίνεται.
3539 837 3663 889 Ὅτι

2092 940 2149 993 δὲ
2184 939 2275 992 καὶ
2307 937 2562 1008 αἰτοῦμεν
2595 935 2754 989 αὑτὸν
2787 936 2834 985 οἱ
2869 929 3210 992 πιστεύοντες
3243 931 3321 992 είς
3354 929 3537 991 αὑτὸν,
3573 928 3665 980 ἵνα

2095 1031 2202 1084 ἀπὸ
2235 1030 2340 1083 τών
2373 1027 2684 1099 ἀλλοτρίων,
2719 1025 2989 1078 τουτέστιν
3024 1021 3127 1077 άπὸ
3161 1021 3265 1074 τῶν
3299 1018 3546 1089 πονηρῶν
3567 1019 3663 1071 καὶ

2097 1121 2310 1174 πλάνων
2345 1118 2666 1189 πνευμάτων
2687 1115 2996 1185 συντηρήσῃ
3019 1115 3184 1184 ἡμᾶς,
3210 1110 3332 1182 [ὡς]
3350 1111 3456 1162 ἀπὸ
3490 1127 3666 1181 προσ-

2095 1211 2245 1264 ώπου
2299 1211 2415 1273 ἐνὸς
2466 1208 2571 1262 τῶν
2632 1210 2710 1270 είς
2757 1206 2917 1259 αὐτὸν
2978 1204 3337 1257 πιστευόντων
3388 1219 3668 1272 σχηματο-

2097 1305 2329 1374 ποιήσας
2362 1304 2390 1355 6
2422 1301 2578 1369 λόγος
2613 1301 2710 1369 τῆς
2745 1298 3077 1369 προφητείας
3109 1297 3292 1364 λέγει,
3329 1297 3460 1348 πᾶσι
3495 1310 3666 1363 φανε-

2100 1397 2190 1466 ρόν
2237 1397 2400 1447 ἐστιν.
2450 1395 2582 1454 Ἀπὸ
2614 1393 2723 1464 γὰρ
2755 1393 2860 1446 τῶν
2894 1390 3215 1461 δαιμονίων,
3253 1391 3288 1443 ἆ
3320 1391 3465 1440 ἐστιν
3501 1386 3664 1438 ἀλλό-

2095 1505 2221 1559 τρια
2255 1487 2353 1557 τῆς
2385 1485 2692 1548 θεοσεϐείας
2737 1483 2830 1536 τοῦ
2863 1481 2997 1535 Θεοῦ
3021 1523 3036 1546 ,
3070 1479 3150 1545 οἷς
3185 1482 3349 1535 πάλαι
3396 1495 3668 1552 προσεκυ-

2095 1577 2326 1648 νοῦμεν,
2361 1576 2450 1628 τὸν
2483 1575 2614 1627 Θεὸν
2648 1575 2735 1628 ἀεὶ
2765 1573 2853 1626 διά
2900 1571 3073 1642 Ἰησοῦ
3120 1570 3354 1643 Χριστοῦ
3392 1586 3666 1639 συντηρη-

2099 1669 2256 1738 θῆναι
2290 1666 2714 1738 παρακαλοῦμεν
2750 1666 2847 1735 (‘27
2869 1664 2886 1734 )
2909 1705 2922 1728 ,
2959 1666 3044 1717 ἵνα
3083 1663 3216 1734 μετὰ
3249 1662 3306 1715 τὸ
3337 1661 3670 1731 ἐπιστρέψαι.

2100 1761 2236 1829 πρὸς
2280 1759 2410 1811 Θεὸν
2463 1758 2530 1810 δι’
2577 1757 2740 1810 αὐτοῦ
2805 1757 3022 1828 ἄμωμοι
3071 1757 3236 1825 ὦμεν.
3305 1752 3503 1822 Βοηθὸν
3553 1752 3676 1822 γὰρ.

437 1864 687 1917 conversi
742 1863 982 1929 fuimus,
1046 1861 1361 1918 intaminati
1423 1861 1615 1915 simus.
1671 1861 1994 1929 Adjutoreni

2109 1848 2302 1898 ἐκεῖνον
2349 1847 2442 1898 καὶ
2487 1846 2762 1917 λυτρωτὴν
2815 1845 3116 1914 καλοῦμεν·
3164 1838 3223 1896 οὗ
3277 1843 3368 1896 καὶ
3425 1842 3520 1912 τὴν
3567 1840 3669 1894 τοῦ

428 1955 572 2008 enim
599 1965 654 2009 et
684 1951 1079 2025 redemptorem
1113 1971 1237 2011 eum
1276 1968 1570 2020 vocamus;
1603 1955 1756 2024 cujus
1779 1953 1996 2022 quidem

428 2047 514 2101 vel
580 2048 840 2112 nominis,
879 2049 1181 2116 potentiam
1266 2048 1531 2105 daemonia
1596 2047 1711 2115 ipsa
1773 2047 1998 2114 perhor-

429 2148 690 2204 rescunt;
729 2153 792 2192 ac
827 2138 985 2193 hodie
1046 2154 1142 2206 per
1191 2153 1387 2192 nomen
1439 2137 1566 2194 Jesu
1611 2137 1858 2199 Christi,
1906 2135 1998 2204 qui

433 2231 532 2286 sub
567 2229 758 2283 Pontio
812 2227 983 2281 Pilato
1029 2227 1226 2282 Σαάκαι
1259 2229 1488 2296 ριάτδίιιο
1536 2227 1829 2281 crueilixus
1864 2225 1995 2292 fuit,

431 2304 1096 2390 adjuratasubjiciuntur.
1135 2319 1213 2372 Ex
1252 2335 1362 2389 quo
1398 2319 1655 2374 omnibus
1687 2327 1836 2388 patet
1881 2328 1999 2370 lan—

431 2422 541 2466 tam
583 2412 632 2465 ei
673 2411 857 2464 datam
885 2427 913 2465 a
943 2411 1100 2464 Patre
1128 2422 1453 2479 potestatem
1477 2451 1493 2476 ,
1545 2421 1602 2465 ut
1635 2411 1839 2466 nomini
1883 2407 1999 2476 ejus

430 2513 486 2558 et
531 2504 799 2574 passionis
845 2505 1240 2574 dispensationi
1306 2507 1470 2559 etiam
1546 2505 1809 2558 daamonia
1865 2505 1998 2558 sub-

425 2594 648 2664 jiciantu
659 2611 702 2650 r.

502 2692 590 2744 5i.
634 2692 694 2746 Si
723 2702 873 2746 tanta
903 2707 1040 2744 nunc
1073 2689 1274 2744 Christi
1303 2690 1570 2756 polentia,
1602 2701 1800 2758 quanto
1833 2694 2000 2762 magis

430 2785 490 2838 in
515 2785 740 2838 secundo
772 2788 1094 2841 adventu.—
1119 2784 1274 2848 Quod
1307 2785 1351 2836 si
1382 2786 1714 2852 potentiam,
1740 2801 1861 2853 quae
1885 2788 2000 2856 (’le

433 2879 703 2947 passionis
747 2879 1205 2948 dispensationem
1256 2889 1547 2933 consecuta
1590 2889 1675 2932 est
1719 2890 1772 2933 et
1811 2896 2003 2934 conse-

433 2971 640 3037 quitur,
677 2980 881 3025 tantam
909 2985 1032 3025 esse
1066 2973 1504 3035 demonstratur;
1546 2981 1747 3039 quanta
1785 2975 2002 3026 tandem

433 3079 497 3117 ea
527 3062 706 3116 futura
736 3074 820 3117 est
849 3065 900 3117 in
923 3065 1162 3134 glorioso
1192 3062 1309 3130 eius
1333 3064 1606 3116 adventu?
1635 3063 1828 3118 Veniet
1855 3065 2000 3119 enim

2097 1937 2358 2007 ὀνόματος
2395 1939 2546 2008 ἰσχὺν
2582 1939 2674 1991 καὶ
2707 1938 2773 1990 τὰ
2803 1938 3053 2007 δαιμόνια
3087 1937 3307 2007 τρέμει,
3363 1935 3454 1990 καὶ
3489 1935 3672 2004 σήμε-

2102 2048 2190 2101 ρον
2227 2030 2612 2102 ἐξορκιζόμενα
2647 2029 2784 2084 κατὰ
2816 2029 2908 2082 τοῦ
2933 2030 3191 2100 ὀνόματος
3230 2027 3401 2097 Ἰησοῦ
3426 2025 3671 2097 Χριστοῦ

2098 2125 2190 2176 τοῦ
2227 2123 2626 2195 σταυρωθέντος
2662 2123 2752 2174 ἐπὶ
2786 2122 3008 2174 Ποντίου
3045 2122 3274 2178 Πιλάτου
3302 2161 3316 2184 ,
3368 2119 3460 2172 τοῦ
3508 2136 3674 2187 γενο-

2101 2217 2260 2286 μένου
2303 2216 2598 2286 ἐπιτρόπου
2648 2215 2745 2285 τῆς
2791 2214 3082 2277 Ἰουδαίας,
3148 2213 3538 2266 ὑποτάσσεται·
3589 2210 3677 2274 ὡς

2099 2308 2192 2360 καὶ¹
2225 2310 2289 2360 ἐκ
2323 2307 2510 2360 τούτου
2546 2311 2681 2376 πᾶσι
2715 2307 2946 2379 φανερὸν
2996 2303 3132 2359 εἶναι
3178 2307 3257 2358 ὃτι
3291 2308 3319 2357 6
3352 2304 3537 2374 Πατὴρ
3570 2304 3678 2355 αῦ-

2097 2399 2190 2452 τοῦ
2224 2399 2487 2469 τοσαύτην
2522 2400 2718 2453 ἔδωκεν
2770 2399 2914 2469 αὐτῷ
2960 2399 3218 2468 δύναμιν,
3267 2396 3404 2448 ὥστε
3455 2395 3549 2448 καὶ
3596 2395 3676 2448 τὰ

2098 2490 2346 2560 δαιμόνια
2394 2491 2792 2544 ὑποτάσσεσθαι
2844 2491 2919 2561 τῷ
2971 2491 3194 2560 ὀνόματι
3228 2490 3421 2552 αὐτοῦ,
3473 2487 3566 2541 καὶ
3599 2490 3672 2558 τῇ

2099 2580 2191 2634 τοῦ
2225 2581 2515 2652 γενομένου
2551 2581 2754 2646 πάθους
2786 2581 2951 2636 αὑτοῦ
2986 2580 3281 2651 οἰκονομίᾳ.

2171 2709 2259 2760 5i.
2291 2709 2351 2760 Εἰ
2385 2709 2441 2760 δέ
2475 2712 2538 2779 τῇ
2575 2707 2665 2760 τοῦ
2693 2708 2894 2771 πάθους
2929 2707 3088 2760 αὑτοῦ
3123 2708 3400 2778 οἰκονομία
3433 2705 3677 2775 τοσαύτη

2099 2802 2324 2872 δύναμις
2355 2801 2622 2854 δείκνυται
2657 2800 3181 2873 παρακολουθήσασα
3214 2799 3306 2853 καὶ
3340 2797 3683 2870 παρακολου-

2102 2896 2288 2958 θοῦσα,
2325 2897 2464 2966 πόση
2499 2897 2531 2966 ἡ
2566 2897 2621 2947 ἐν
2653 2898 2718 2966 τῇ
2754 2894 2947 2964 ἐνδόξῳ
2980 2893 3237 2964 γινομένη
3274 2893 3435 2945 αὐτοῦ
3472 2909 3679 2962 παρου-

2103 2985 2229 3054 cia;
2277 2986 2362 3048 Ὠς
2397 2985 2509 3047 υἱὸς
2541 2985 2649 3056 γὰρ
2697 2984 2983 3056 ἀνθρώπου
3032 2983 3214 3036 ἐπάνω
3249 2982 3482 3051 νεφελῶν
3514 2982 3681 3036 ἐλεύ-

2103 3093 2285 3140 σεται,
2335 3077 2410 3139 ὼς
2460 3076 2656 3147 Δανιὴλ
2711 3077 3008 3147 ἐμήνυσεν,
3061 3076 3308 3142 ἀγγέλων
3369 3077 3462 3129 σὺν
3522 3077 3682 3146 αὐτῷ

435 3164 692 3224 tanquam
719 3155 888 3210 Filius
920 3157 1160 3212 hominis
1187 3172 1252 3210 ex
1285 3154 1410 3208 altis
1444 3153 1700 3221 nubibus,
1727 3165 1783 3209 ut
1812 3155 1998 3208 Daniel

2109 3167 2534 3238 ἀφικνουμένων.
2573 3169 2690 3220 Εἰσὶ
2723 3168 2777 3220 δὲ
2825 3170 2872 3221 οἱ
2917 3168 3064 3236 λόγοι
3097 3163 3272 3222 οὗτοι·
3315 3188 3332 3219 ι
3375 3167 3681 3239 Ἐθεώρουν

435 3249 755 3319 declaravit,
779 3253 989 3322 angelis
1015 3269 1138 3307 cum
1173 3269 1238 3308 eo
1270 3253 1707 3306 advenientibus.
1743 3249 1880 3304 Sunt
1905 3267 2001 3304 au-

435 3359 544 3403 tem
575 3349 688 3402 haec
709 3347 869 3401 verba
897 3347 1163 3402 Danielis:
1205 3364 1224 3398 ι
1247 3346 1595 3416 Aspiciebam
1625 3345 1798 3399 donec
1823 3345 2005 3399 throni

435 3443 596 3512 positi
618 3451 773 3510 sunt,
797 3443 1140 3510 etAntiquus
1164 3441 1374 3496 dierum
1401 3441 1567 3505 sedit,
1592 3439 1801 3494 habens
1825 3437 2008 3508 Operi-

437 3545 684 3591 mentum
713 3535 875 3590 veluti
905 3535 1189 3588 candidam
1214 3533 1416 3597 nivem,
1441 3543 1497 3587 et
1524 3531 1778 3585 caesaries
1805 3530 2008 3598 capitis

439 3627 577 3694 ejus,
613 3627 767 3696 quasi
802 3626 922 3680 lana
955 3627 1176 3689 munda,
1199 3627 1430 3680 thronus
1462 3623 1580 3691 ejus
1609 3625 1762 3690 quasi
1788 3623 2006 3676 ﬂamma

439 3718 604 3788 ignis,
635 3727 766 3770 rotae
789 3716 908 3784 ejus
939 3717 1080 3787 ignis
1105 3732 1288 3770 urens.
1316 3716 1548 3770 Flavius
1581 3716 1722 3785 ignis
1751 3715 2008 3770 volveba-

441 3818 560 3873 tur,
596 3808 869 3876 proﬂuens
917 3823 947 3861 a
989 3808 1128 3862 facie
1162 3807 1301 3876 ejus.
1357 3807 1502 3861 Mille
1536 3807 1698 3860 millia
1732 3808 2006 3862 deservie-

349 3921 365 3940 ο
438 3902 573 3957 bant
598 3903 678 3966 ci,
719 3910 775 3956 et
802 3901 939 3956 dena
987 3902 1153 3955 millia
1187 3902 1383 3955 denum
1417 3901 1644 3954 millium
1674 3902 2009 3956 assistebant

440 3996 513 4047 ei.
542 3992 688 4047 Libri
717 3995 890 4062 aperti
918 4001 1062 4058 sunt,
1096 3993 1434 4063 etjudicium
1465 3993 1627 4048 sedit.
1657 3993 2006 4062 Aspiciebam

441 4101 607 4154 super
637 4101 822 4140 vocem
850 4102 1162 4141 sermonum
1205 4086 1519 4156 grandium,
1549 4099 1686 4154 quos
1717 4101 1886 4140 cornu
1923 4085 2007 4138 lo-

443 4179 734 4248 quebatur,
778 4187 832 4232 et
858 4179 1092 4232 distenta
1119 4186 1203 4233 est
1234 4179 1405 4232 bestia
1429 4218 1444 4243 ,
1475 4187 1529 4233 et
1566 4177 1774 4232 interiit
1808 4192 2009 4246 corpus

442 4273 561 4342 ejus
582 4313 596 4336 ,
629 4283 683 4327 et
711 4273 836 4326 data
869 4279 952 4326 est
990 4272 1042 4325 in
1077 4271 1511 4326 combustionem
1548 4271 1711 4341 ignis.
1747 4270 1816 4325 Et
1848 4285 1878 4323 a
1925 4285 2011 4323 rc-

441 4366 607 4434 liquis
640 4365 807 4419 etiam
840 4363 1030 4418 bestiis
1080 4362 1376 4417 translatus
1419 4372 1504 4417 est
1543 4363 1883 4432 principatus
1913 4377 2011 4416 ea-

2106 3259 2210 3322 ἐως
2256 3261 2376 3312 ὅτου
2426 3258 2603 3329 θρόνοι
2652 3258 2946 3329 ἐτέθησαν·
2986 3260 3078 3311 καὶ
3111 3262 3138 3312 6
3174 3259 3408 3322 Παλαιὸς
3452 3259 3685 3331 ἡμερῶν

2109 3351 2360 3422 ἐκάθητο,
2397 3351 2533 3422 ἔχων
2568 3350 2858 3422 περιϐολὴν
2888 3351 3018 3404 ὡσεὶ
3051 3353 3201 3422 χιόνα
3235 3352 3449 3422 λευκὴν,
3485 3353 3580 3404 καὶ
3611 3353 3696 3406 τὸ

2107 3444 2358 3513 τρίχωμα
2389 3443 2488 3512 τῆς
2523 3441 2760 3512 κεφαλῆς
2794 3442 2956 3494 αὑτοῦ
2989 3443 3118 3494 ὡσεὶ
3153 3443 3296 3514 ἔριον
3321 3441 3575 3513 καθαρόν.
3614 3443 3686 3494 ὀ

2109 3536 2296 3608 θρόνος
2329 3535 2492 3588 αὑτοῦ
2527 3535 2658 3586 ώσεὶ
2691 3531 2822 3602 φλὸξ
2856 3535 3046 3604 πυρὸς,
3067 3537 3115 3586 οἱ
3150 3535 3332 3606 τροχοὶ
3365 3533 3525 3586 αὐτοῦ
3564 3533 3686 3603 πῦρ

2111 3628 2326 3696 φλέγον.
2384 3628 2632 3696 Ποταμὸς
2679 3629 2848 3698 πυρὸς
2900 3624 3080 3680 εἷλκεν
3132 3628 3558 3699 ἐκπορευόμενος
3607 3628 3686 3679 ἐκ

2109 3719 2401 3791 προσώπου
2449 3717 2632 3770 αὑτοῦ.
2683 3719 2864 3772 Χίλιαι
2911 3720 3144 3790 χιλιάδες
3179 3719 3547 3790 ἐλειτούργουν
3580 3721 3689 3772 αὐ·-

2109 3807 2218 3878 τῷ,
2254 3810 2346 3861 και
2383 3808 2568 3878 μύριαι
2605 3809 2860 3880 μυριάδες
2894 3812 3350 3882 παρειστήκεισαν
3383 3810 3546 3880 αὐτῷ·
3585 3811 3688 3864 Βί-

2112 3900 2225 3953 ϐλοι
2279 3901 2656 3972 ἀνεῴχθησαν,
2710 3903 2802 3957 καὶ
2853 3905 3133 3974 κριτήριον
3169 3903 3434 3957 ἐκάθισεν.
3484 3903 3689 3956 Ἐθεώ-

2115 4013 2238 4062 ρουν
2288 3997 2409 4049 τότε
2444 3997 2539 4068 τὴν
2573 3997 2753 4068 φωνὴν
2786 3998 2891 4050 τῶν
2947 3999 3195 4069 μεγάλων
3227 3998 3399 4066 λόγων
3423 4037 3437 4060 ,
3491 3991 3566 4049 ὧν
3615 3999 3688 4051 τὸ

2113 4088 2279 4159 κέρας
2327 4089 2506 4142 λαλεῖ·
2561 4091 2654 4143 καὶ
2704 4090 3162 4162 ἀπετυμπανίσθη
3207 4091 3266 4144 τὸ
3318 4090 3534 4162 θηρίον,
3583 4092 3687 4143 καὶ

2111 4179 2356 4244 ἀπώλετο
2388 4182 2446 4234 τὸ
2481 4181 2636 4252 σῶμα
2668 4181 2830 4234 αὐτοῦ
2851 4223 2865 4248 ,
2919 4183 3012 4236 καὶ
3047 4182 3202 4252 ἐδόοη
3236 4183 3316 4245 εἰς
3349 4182 3538 4235 καῦσιν
3572 4199 3688 4234 πυ·-

2115 4273 2225 4344 ρός.
2266 4274 2375 4326 Καὶ
2407 4274 2473 4327 τὰ
2504 4274 2664 4328 λοιπὰ
2697 4275 2861 4347 θηρία
2897 4276 3198 4346 μετεστάθη
3245 4276 3343 4345 τῆς
3375 4277 3547 4346 ἀρχῆς
3581 4276 3689 4328 αῦ-

2111 4363 2250 4428 τῶν,
2291 4368 2383 4419 καὶ
2417 4368 2607 4439 χρόνος
2653 4367 2798 4438 ζωῆς
2831 4371 2940 4431 τοῖς
2975 4368 3184 4440 θηρίοις
3219 4368 3373 4439 ἐδόθη
3407 4369 3509 4431 ἕως
3558 4384 3703 4422 και-,

442 4473 597 4524 rum,
637 4466 691 4511 et
723 4465 932 4525 tempus
960 4456 1085 4510 vita:
1128 4456 1321 4511 bestiis
1367 4469 1692 4512 concessum
1735 4469 1911 4524 usque
1940 4455 2003 4509 ad

2117 4457 2208 4528 ροῦ
2244 4459 2337 4512 καὶ
2371 4460 2582 4530 χρόνου.
2633 4459 3016 4532 Ἐθεώρουν’ἐν
3049 4460 3285 4532 ὁράματι
3316 4461 3414 4530 τῆς
3445 4458 3637 4522 νυκτὸς
3669 4500 3706 4524 ,η

444 4634 800 4709 garepotuit
841 4634 1088 4709 Justinus
1123 4646 1399 4709 aeternam
1450 4636 1623 4709 legem
1670 4635 1782 4709 sub
1809 4635 2011 4709 Moyse

486 4704 751 4771 rediisse,
806 4720 928 4759 cum
965 4707 1081 4773 ipse
1117 4704 1356 4759 fateatur
1389 4704 1528 4759 infra
1565 4724 1619 4759 n.
1657 4706 1760 4771 45,
1808 4707 1858 4760 in
1905 4704 2009 4762 hac

486 4725 751 4771 I'O‘IIISSC,
806 4725 928 4759 CIIII]
965 4725 1081 4773 Ipse
1117 4725 1356 4759 [aleallll'
1389 4725 1528 4759 lllll'a
1565 4725 1619 4759 ll.
1657 4725 1760 4771 40,
1808 4725 1858 4760 ιη
1905 4725 2009 4762 [HIC

443 4725 561 4848 rege
612 4793 716 4831 non
769 4791 833 4848 ea
878 4776 1052 4829 solum
1103 4775 1420 4845 prmscribi,
1469 4791 1592 4845 qua:
1634 4778 1700 4830 ad
1749 4777 2010 4831 duritiam

445 4849 630 4902 cordis
666 4847 916 4901 instituta
949 4855 1112 4908 sunt,
1147 4848 1239 4900 sed
1270 4861 1333 4898 ea
1366 4848 1532 4899 etiam
1557 4885 1570 4908 ,
1613 4865 1632 4898 ‹
1663 4861 1783 4914 qua:
1817 4857 2011 4901 natura

487 4919 700 4971 raeclara
723 4926 778 4971 et
801 4917 887 4985 pia
908 4927 959 4969 et
989 4916 1133 4982 justa
1167 4916 1337 4970 sunt?
1368 4934 1385 4966 ι
1415 4915 1809 4971 CumJustinus
1835 4917 2010 4987 legem

500 4988 667 5056 oysis,
699 4988 815 5041 sive
848 4987 1103 5056 Decalogi
1140 4995 1410 5055 przecepta
1446 4989 1684 5040 traderet
1711 5026 1725 5049 ,
1755 4987 1871 5040 sive
1904 4987 2011 5040 alia

444 5057 826 5128 praescriberet
856 5060 922 5111 ad
960 5057 1214 5128 duritiam
1243 5057 1447 5128 cordis,
1482 5066 1577 5110 aut
1608 5056 1676 5110 ad
1711 5071 1891 5128 rerum
1924 5057 2012 5109 fu-

446 5127 695 5184 turarum
750 5127 1350 5198 praesigniﬁcationem,
1401 5127 1636 5182 litteram
1671 5127 2010 5198 occidentem

448 5215 572 5256 esse
601 5197 952 5254 existimabat
973 5235 988 5261 ,
1038 5207 1224 5268 utpote
1257 5198 1515 5268 scriptam
1555 5198 1609 5251 in
1643 5197 1840 5250 tabulis
1873 5197 2012 5268 lapig

449 5272 568 5326 deis
592 5311 606 5331 .
643 5286 754 5325 non
790 5270 843 5324 in
878 5267 1134 5324 cordibus
1170 5283 1268 5336 per
1301 5267 1563 5336 Spiritum
1600 5277 1882 5336 sanetum,
1920 5267 2012 5336 qui

449 5341 774 5396 charitatem
809 5340 1083 5394 diﬂ‘undit.
1133 5334 1248 5393 Hoc
1292 5334 1408 5408 ipso
1460 5338 1514 5391 in
1551 5338 1671 5392 loco
1703 5334 2012 5408 Judarorum

450 5421 505 5464 et
553 5409 991 5466 Christianorum
1036 5407 1327 5464 discrimen
1391 5411 1516 5463 inde
1569 5409 1801 5476 repetit,
1867 5407 2014 5475 quod

450 5483 750 5536 Christiani
791 5481 994 5547 judicia
1040 5481 1254 5536 Domini
1297 5481 1542 5535 dulciora
1590 5494 1754 5548 super
1803 5480 1907 5533 mel
1960 5487 2016 5531 et

452 5553 633 5605 {avum
667 5553 1008 5615 existiment,
1045 5568 1110 5606 ac
1146 5566 1234 5612 ne,
1261 5561 1437 5604 morte
1460 5551 1675 5618 quidem
1712 5548 2012 5617 proposita,

450 5638 646 5677 nomen
682 5622 776 5676 Dei
811 5623 1119 5688 abnegent,
1154 5637 1260 5672 non
1299 5623 1369 5674 illi
1405 5623 1622 5688 quidem
1657 5621 1893 5688 propriis
1928 5620 2012 5670 vi-

452 5695 624 5758 ribus,
657 5712 676 5745 ‹
705 5693 800 5748 sed
831 5707 927 5762 per
947 5692 1224 5747 Christum
1261 5695 1328 5746 ad
1367 5693 1535 5746 Deum
1573 5693 1842 5753 conversi,
1864 5703 2016 5762 eum:

451 5779 560 5834 que
585 5761 888 5832 adjutorein
921 5772 976 5818 et
1009 5765 1409 5832 redemptorem
1436 5773 1715 5830 vocantes,
1747 5768 1902 5834 cujus
1932 5761 2014 5817 vel

2113 4642 2352 4697 nominis
2379 4644 2676 4710 potentiam
2707 4643 2971 4698 daemonia
3007 4642 3458 4712 perhorrescant,
3481 4655 3692 4712 ac__per

2114 4728 2313 4767 nomen
2355 4712 2482 4766 Jesu
2517 4713 2722 4767 Christi
2758 4710 3018 4781 adjurala
3043 4711 3430 4779 subjiciuntur.
3469 4731 3486 4764 ι
3528 4710 3691 4764 Miri-

2114 4782 2215 4852 fice
2248 4799 2371 4835 cum
2406 4783 2618 4838 Justino
2649 4785 2925 4837 consentit
2958 4784 3329 4852 Augustinus,
3365 4781 3543 4852 quiin
3580 4781 3688 4835 lib.

2116 4851 2192 4904 De
2221 4855 2412 4920 spiritu
2451 4864 2498 4906 et
2525 4854 2700 4906 littera
2729 4853 2971 4922 pluribus
3004 4851 3379 4906 demonstrat:
3411 4871 3430 4902 ι
3458 4851 3686 4921 Legem,

2114 4936 2182 4976 ex
2232 4938 2341 4990 qua
2375 4923 2666 4992 Apostolus
2714 4923 2983 4976 neminem
3018 4923 3151 4976 dicit
3191 4922 3518 4992 jusrtilicari,
3573 4935 3689 4974 non

2116 5000 2327 5045 tantum
2364 4991 2436 5046 in
2470 4993 2574 5047 illis
2608 4994 3005 5059 sacramentis,
3059 5007 3181 5062 qua:
3212 4991 3518 5062 habuerunt
3549 5005 3689 5062 pro—

2115 5063 2367 5117 missivas
2402 5064 2627 5132 ﬁguras,
2661 5078 2852 5115 verum
2887 5063 3050 5117 etiam
3078 5060 3136 5114 in
3167 5063 3276 5117 illis
3302 5061 3555 5132 operibus
3591 5060 3688 5112 in-

2117 5132 2305 5202 telligi,
2340 5131 2461 5201 quae
2491 5133 2740 5202 quisquis
2774 5133 2982 5198 fecerit,
3012 5132 3160 5197 juste
3193 5133 3347 5195 vivit,
3383 5131 3474 5185 ubi
3509 5141 3591 5184 cst
3625 5140 3690 5182 et

2115 5200 2266 5260 illud,
2297 5200 2403 5256 non
2439 5200 2815 5269 concupisces,
2855 5222 2873 5254 ι
2905 5218 2959 5256 n.
2994 5204 3086 5255 25.

2188 5273 2300 5344 (26)
2359 5275 2469 5326 Καὶ
2523 5273 2617 5326 διὰ
2670 5273 2774 5327 τοῦ
2816 5272 3082 5343 ψαλμοῦ.
3133 5273 3364 5344 Videtur
3401 5271 3515 5344 hoc
3560 5271 3688 5344 loco

2115 5339 2405 5413 brevitatis
2433 5359 2593 5397 causa
2631 5339 3031 5413 praater'missus
3065 5344 3178 5397 sive
3212 5359 3241 5395 a
3274 5341 3487 5413 Justino
3511 5380 3524 5403 ,
3564 5341 3687 5413 sive

2117 5427 2146 5464 a
2182 5411 2425 5468 librariis
2460 5410 2738 5482 psalmus:
2773 5413 2900 5466 Caeli
2929 5423 3199 5467 enarrant.
3238 5410 3504 5467 Nonnulla
3534 5412 3687 5464 enim

2117 5496 2181 5535 ex
2213 5485 2316 5539 hoc
2343 5484 2552 5552 psalmo
2574 5484 2811 5554 explicat
2831 5483 3100 5554 Justinus.
3124 5484 3283 5552 quasi
3313 5484 3485 5550 ipsum
3517 5491 3687 5532 antea

2119 5555 2444 5614 recitasset,
2483 5563 2542 5606 ut
2571 5552 2804 5620 quisque
2837 5552 3064 5620 legendo
3114 5553 3548 5606 animadvertere
3583 5563 3689 5618 po-

2117 5625 2262 5678 terit.
2291 5623 2410 5678 Mox
2435 5623 2536 5690 leg.
2563 5623 2638 5685 ὼς
2670 5623 2777 5675 ἀπὸ
2810 5621 3120 5692 προσώπου.

2190 5693 2304 5763 (27)
2358 5687 2614 5748 Occurrit
2657 5687 2891 5763 formula
2958 5707 3176 5763 precum
3237 5688 3545 5746 huiusmodi
3625 5687 3686 5741 in

2119 5760 2346 5820 comm.
2381 5775 2574 5834 apost.,
2598 5779 2716 5830 vni,
2747 5777 2798 5818 c.
2837 5761 2921 5818 11.
2960 5760 3136 5818 Οττο.
