3962 6262
227 318 318 374 δυ
1252 328 1600 387 DlALOGUS
1630 330 1777 388 CUM
1811 330 2190 388 TRYPHONE
2232 331 2496 390 JUDxEO.
3482 339 3586 396 542

230 433 316 490 καὶ
364 430 481 484 ἰδοὺ
547 433 708 502 μετὰ
761 434 894 489 τῶν
956 440 1218 509 νεφελῶν
1250 442 1341 496 τοῦ
1396 442 1627 512 οὐρανοῦ
1665 443 1741 506 ὼς
1776 443 1888 506 Υἱὸς

2007 453 2219 500 certum
2250 447 2396 501 diem
2421 455 2479 500 et
2507 453 2747 516 tempus.
2791 445 3134 516 Aspicieba-m
3165 449 3218 504 in
3249 451 3455 508 visione
3483 470 3586 510 no-

583 526 980 597 ὲρχὸμενοςο
1027 533 1128 585 καὶ
1174 528 1336 604 ⁶ἦλθεν
1383 533 1488 596 ἕως
1533 533 1626 586 τοῦ
1663 533 1888 587 Παλαιοῐ

2006 537 2138 600 ctis;
2171 547 2225 590 et
2252 551 2381 591 ecce
2410 551 2533 590 cum
2563 536 2798 590 nubibus
2833 537 2989 602 coeli,
3022 539 3180 607 quasi
3205 540 3378 597 Filius
3409 543 3584 597 homi-

237 618 335 672 τῶν
367 616 632 689 ἡμερῶν,
657 619 770 671 καὶ
813 623 1024 695 παρῆν
1046 623 1281 678 ἐνώπιον
1312 625 1478 678 αὑτοῦ
1499 643 1512 655 ·
1551 625 1643 679 καὶ
1678 628 1725 678 οἱ
1760 643 1888 697 παρ·

2006 627 2092 680 nis
2109 629 2414 691 veniens,et
2429 641 2599 696 usque
2619 627 2683 681 ad
2705 629 2998 698 Antiquum
3019 632 3227 685 dierum
3247 633 3588 700 pervenit.Et

244 711 535 780 εστηκὰτες
601 715 1018 784 προσήγαγον
1091 717 1286 771 αὐτόν’
1356 717 1450 770 καὶ
1537 717 1692 787 ἐδόθη
1755 715 1888 787 αὐτᾷ

2006 721 2199 776 aderat
2240 721 2296 774 in
2343 731 2641 791 conspectu
2673 719 2822 789 ejus;
2876 733 2930 777 et
2977 725 3072 792 qui
3119 725 3454 781 assistebant
3486 728 3584 782 ad-

253 805 466 870 ἱξουσίσ.
500 804 606 857 καὶ
645 806 805 876 τιμὴ
848 807 1158 881 βασιλικὴ,
1212 810 1306 864 καὶ
1341 810 1516 863 πάντα
1548 809 1613 862 τά
1646 809 1773 879 ἔθνη
1806 809 1888 880 τῆς

2006 813 2278 867 duxerunt
2309 826 2451 867 eum.
2506 813 2573 866 Et
2605 811 2730 865 data
2771 813 2820 865 ei
2852 822 2938 867 est
2987 823 3230 882 potestas
3256 825 3311 868 et
3338 817 3580 886 dignitas

255 897 351 967 γῆς
383 898 531 952 κατὰ
583 898 780 969 γένη,
824 902 932 954 καὶ
988 904 1142 955 πᾶσα
1175 902 1300 969 δόξα
1332 901 1688 972 λατρεύουσα.
1724 901 1834 953 Kal
1869 902 1888 951 Ἰ

2006 905 2158 973 regia
2181 944 2198 970 ,
2233 913 2286 959 et
2321 912 2509 974 gentes
2558 912 2720 958 terra:
2773 919 2870 972 per
2917 918 3118 972 genera
3154 921 3250 959 sua
3300 923 3492 963 omnes
3529 921 3587 964 et

262 991 474 1057 ἐξουσία
511 991 728 1053 αὑτοῦ,
776 992 1021 1058 ἐξουσία
1057 993 1310 1059 αἰώνιος,
1346 996 1467 1065 ἣτις
1519 997 1578 1049 οὐ
1617 993 1689 1065 μὴ
1723 993 1888 1065 ιίιρθῇ⁴

2006 995 2182 1049 omnis
2229 994 2400 1071 gloria
2449 995 2714 1052 serviens.
2747 995 2813 1049 Et
2856 1004 3095 1064 potestas
3141 997 3293 1063 ejus,
3329 1010 3576 1066 potestas

268 1082 357 1135 ml
402 1083 438 1152 ἡ
494 1081 774 1151 βασιλεία
813 1084 991 1138 αὑτοῦ
1030 1085 1093 1138 οὐ
1133 1084 1207 1155 μὴ
1241 1083 1444 1156 φθαρῇ.
1481 1085 1593 1137 Kal
1627 1083 1811 1154 ἔφριξε
1844 1083 1888 1136 τε

2004 1096 2225 1147 interna,
2257 1099 2377 1153 quae
2417 1099 2522 1138 non
2555 1083 2871 1139 auferetur:
2915 1094 2969 1138 et
3023 1100 3248 1154 regnum
3307 1085 3426 1153 ejus
3477 1102 3583 1141 non

275 1172 484 1243 πνεῦμά
525 1190 636 1243 μου
679 1176 743 1227 ὲν
783 1177 858 1244 τῇ
895 1174 1011 1240 ἕξει
1051 1193 1177 1246 μου,
1214 1177 1307 1229 καὶ
1342 1178 1395 1229 αἱ
1428 1177 1647 1247 ὁράσεις
1681 1177 1777 1246 τῆς
1812 1192 1888 1228 κε-

2006 1175 2270 1230 interibit.
2297 1174 2362 1228 Et
2387 1169 2600 1228 horruit
2622 1175 2846 1242 spiritus
2867 1189 3019 1229 meus
3052 1175 3108 1229 in
3145 1177 3333 1232 habitu
3362 1192 3505 1243 meo,
3531 1190 3587 1232 et

283 1265 447 1334 ςιαλῆς
487 1283 596 1334 μου
641 1265 977 1336 ἐτάρασσον
1017 1286 1106 1338 με.
1144 1268 1254 1320 Kal
1301 1267 1606 1336 προσῆλθον
1641 1269 1775 1338 πρὸς
1809 1267 1902 1320 ἕνα

284 1356 382 1409 τῶν
416 1355 685 1408 ἑστώτων
731 1397 748 1419 ,
785 1356 889 1409 καὶ
924 1359 1024 1428 τὴν
1060 1358 1344 1429 ἀκρίϐειαν
1394 1358 1614 1428 ἐζήτουν
1651 1360 1778 1430 παρ’
1813 1360 1903 1411 αὐ-

286 1447 371 1501 τοῦ
404 1448 549 1519 ὑπὲρ
577 1446 820 1501 πάντων
858 1448 1087 1500 τούτων.
1138 1447 1482 1519 Ἀποκριθεὶς
1514 1449 1569 1502 δὲ
1602 1449 1749 1517 λέγει
1787 1467 1898 1520 μοι,

285 1538 378 1590 καὶ
431 1537 530 1608 τὴν
579 1538 780 1608 κρίσιν
830 1539 941 1591 τῶν
975 1538 1152 1606 λόγων
1187 1539 1422 1611 ἐδήλωσέ
1461 1556 1581 1610 μοι·
1620 1539 1804 1593 Ταῦτα
1836 1540 1902 1594 τὰ

289 1628 448 1699 θηρία
482 1631 553 1683 τά
595 1632 823 1700 μεγάλα
845 1673 860 1695 ,
897 1633 1008 1684 εἰσὶ
1043 1632 1306 1704 τέσσαρες
1343 1631 1640 1700 βασιλεῖαι,
1676 1632 1732 1684 αῖ
1768 1634 1901 1688 ἁπο-

289 1721 503 1774 λοῦνται
540 1725 658 1776 ἀπὸ
695 1724 801 1794 τῆς
836 1724 961 1794 γῆς,
999 1723 1094 1776 καὶ
1127 1725 1186 1778 οὑ
1223 1723 1636 1794 παραλήψονται
1669 1724 1766 1794 τὴν
1802 1719 1898 1794 βα-

294 1816 496 1868 σιλείαν
543 1815 661 1879 ἕως
713 1816 914 1880 αἰῶνος
943 1858 956 1882 ,
992 1818 1089 1872 καὶ
1124 1818 1228 1880 ἕως
1276 1817 1367 1870 τοῦ
1403 1817 1596 1880 αἰῶνος
1630 1818 1734 1870 τῶν
1768 1817 1899 1871 αίώ-

293 1925 412 1960 νων.
451 1910 597 1962 Τότε
626 1909 827 1980 1ἤθελον
851 1908 1334 1982 έξακριὸώσασθαι
1358 1911 1498 1982 ὑπὲρ
1520 1911 1611 1963 τοῦ
1635 1913 1896 1984 τετάρτου

295 1999 480 2070 θηρίου
537 2002 638 2053 τοῦ
679 2000 1146 2073 καταφθείροντος
1189 2004 1366 2056 πάντα
1405 2002 1498 2055 καὶ
1549 2002 1893 2074 ὑπέρφοϐοι),

294 2093 381 2140 καὶ
413 2093 462 2144 οξ
496 2091 726 2154 ὀδόντες
762 2092 925 2144 αὑτοῦ
964 2091 1205 2164 σιδηροῖ,
1253 2093 1346 2146 καὶ
1398 2094 1446 2145 οἱ
1496 2092 1685 2162 ὄνυχες
1729 2091 1894 2146 αὐτοῦ

294 2181 515 2248 χαλκοῖ·
559 2181 750 2234 ἐσθίον
786 2182 884 2234 καὶ
908 2181 1192 2247 λεπτῦνον,
1223 2183 1316 2236 καὶ
1349 2183 1416 2236 τά
1447 2181 1699 2236 ἐπίλοιπα
1732 2183 1893 2236 αὐτοῦ

290 2278 399 2336 τοῖς
455 2274 590 2326 ποσὶ
642 2274 974 2327 κατεπάτει·
1017 2274 1112 2326 καὶ
1158 2273 1426 2345 περὶτῶν
1469 2275 1602 2329 δέκα
1647 2277 1894 2348 κεράτων

291 2367 452 2419 αὑτοῦ
492 2368 596 2419 ἐπὶ
634 2368 739 2438 τῆς
772 2368 1052 2438 κεφαλῆς,
1091 2368 1184 2422 καὶ
1219 2371 1283 2422 ὲκ
1315 2367 1408 2422 τοῦ
1445 2369 1562 2433 ἐνὸς
1596 2369 1687 2423 τοῦ
1725 2388 1894 2441 προσ-

292 2463 551 2529 ςυέντπ,
601 2462 704 2515 καὶ
758 2461 1018 2525 ἐξέπεσον
1055 2465 1119 2516 ὲκ
1153 2462 1258 2515 τῶν
1293 2463 1577 2535 προτέρων
1610 2465 1678 2516 δι’
1726 2463 1891 2518 αὑτοῦ

293 2557 432 2627 τρία.
487 2556 610 2608 Kal
665 2556 730 2608 τὸ
773 2556 949 2627 κέρας
1014 2557 1193 2610 ἐκεῖνο
1244 2552 1389 2627 εἶχεν
1439 2556 1749 2628 ὀφθαλμοὺς
1797 2558 1893 2612 καὶ

292 2651 468 2718 στὸμα
502 2648 714 2702 λαλοῦν
754 2649 998 2719 μεγάλα,
1036 2649 1128 2701 καὶ
1160 2651 1192 2720 ἡ
1230 2650 1494 2721 πρόσοψις
1527 2650 1690 2704 αὐτοῦ
1728 2653 1895 2724 ὑπερ-

294 2742 454 2811 έφερε
505 2740 580 2793 τὰ
615 2739 774 2794 ἄλλα.
817 2739 928 2793 Kal
966 2741 1253 2793 κατενόουν
1287 2741 1346 2793 τὸ
1378 2740 1550 2813 κέρας
1586 2743 1760 2795 έκεῖνο
1795 2743 1893 2795 πό-

292 2833 457 2900 λεμον
492 2831 900 2902 συνιστάμενον
953 2832 1094 2902 πρὸς
1127 2833 1250 2895 τοὺς
1282 2832 1471 2902 ἁγίους
1491 2875 1505 2897 ,
1541 2834 1634 2887 καὶ
1667 2833 1894 2906 τροπου-

297 2941 454 2994 μενον
489 2925 698 2986 αὐτοὺς
719 2965 734 2987 ,
771 2924 878 2986 ἕως
911 2923 1003 2977 τοῦ
1039 2923 1210 2976 ἐλθεῖν
1244 2925 1335 2977 τὸν
1369 2925 1602 2978 Παλαιὸν
1635 2926 1886 2999 ἡμερῶν·

295 3017 386 3068 καὶ
427 3016 524 3086 τὴν
564 3015 754 3086 κρίσιν
789 3015 959 3069 ἔδωκε
994 3018 1104 3079 τοῖς
1137 3016 1312 3084 ἁγίοις
1345 3016 1435 3070 τοῦ
1471 3018 1725 3087 Ὑψίστου
1747 3037 1760 3049 °
1796 3019 1890 3072 καὶ

1935 1789 1975 1842 Β

2003 1265 2244 1320 visiones
2267 1265 2466 1334 capitis
2494 1267 2599 1322 mei
2627 1266 3032 1321 conturbabant
3064 1283 3170 1323 me.
3195 1267 3261 1321 Et
3287 1269 3487 1323 accessi
3515 1270 3585 1322 ad

2004 1373 2169 1411 unum
2207 1357 2583 1412 assistentium
2611 1399 2625 1422 ,
2657 1367 2711 1410 et
2737 1361 3032 1414 veritatem
3076 1360 3386 1429 quaerebam
3419 1361 3488 1414 ab
3519 1374 3585 1413 eo

2004 1451 2069 1502 de
2106 1448 2361 1502 omnibus
2392 1447 2499 1502 his.
2557 1447 2918 1518 ReSpondens
2958 1457 3142 1504 autem
3179 1449 3272 1503 ille
3307 1450 3480 1514 dixit,
3527 1457 3585 1503 et

1998 1539 2262 1609 judicium
2316 1555 2633 1596 sermonum
2701 1541 3004 1595 declaravit
3055 1542 3188 1596 mihi
3217 1557 3228 1591 :
3259 1541 3354 1596 lla:
3396 1543 3584 1597 bestia:

2005 1633 2244 1701 magnae,
2280 1640 2519 1700 quatuor
2566 1639 2694 1687 sunt
2744 1647 2949 1702 regna,
2990 1646 3114 1700 quae
3161 1632 3504 1701 disperibuut
3550 1649 3582 1688 a

2004 1730 2171 1788 terra,
2197 1731 2251 1776 et
2285 1737 2395 1777 non
2423 1723 2728 1792 suscipient
2761 1739 2988 1790 regnum
3015 1739 3188 1794 usque
3215 1723 3270 1776 in
3295 1723 3581 1789 saeculum,

2000 1800 2069 1867 et.
2091 1829 2263 1883 usque
2307 1815 2360 1869 in
2413 1814 2674 1868 saeculum
2725 1813 3078 1868 seculorum.
3136 1813 3290 1868 Tunc
3322 1821 3582 1867 accurate

1999 1906 2290 1975 exquirere
2365 1906 2508 1960 volui
2571 1906 2639 1960 de
2691 1915 2883 1974 quarta
2930 1905 3138 1971 bestia,
3193 1912 3584 1974 corrumpente

1999 2001 2182 2056 omnia
2202 2043 2217 2068 ,
2247 2009 2302 2056 et
2328 2001 2563 2056 terribili
2594 2001 2886 2056 admodum
2911 2040 2926 2065 ,
2961 2000 3114 2068 cujus
3161 2000 3355 2055 dentes
3391 1997 3578 2061 ferrei,

1999 2103 2053 2148 et
2080 2106 2288 2160 ungues
2317 2091 2434 2158 ejus
2466 2091 2604 2147 amei
2626 2134 2640 2159 ,
2678 2094 3003 2147 comedente
3044 2101 3114 2148 et-
3147 2093 3580 2155 comminuente,

1998 2195 2052 2241 et
2100 2185 2309 2254 reliqua
2345 2185 2574 2254 pedibus
2609 2185 2724 2240 suis
2778 2184 3177 2250 conculcanle;
3214 2195 3271 2239 et
3298 2184 3361 2239 de
3393 2184 3578 2238 decem

1998 2282 2256 2336 cornibus
2283 2279 2403 2348 ejus
2435 2280 2489 2333 in
2537 2278 2745 2346 capite,
2780 2289 2834 2333 et
2867 2279 2931 2333 de
2963 2294 3070 2333 uno
3099 2279 3246 2348 quod
3282 2277 3577 2341 succrevit,

1997 2389 2100 2444 per
2125 2374 2268 2444 quod
2305 2389 2372 2427 ex
2410 2372 2688 2442 prioribus
2719 2371 2822 2425 tria
2855 2381 3107 2440 protrusa
3135 2380 3281 2426 sunt.
3310 2369 3375 2423 Et
3411 2384 3578 2423 cornu

1998 2468 2128 2522 illud
2172 2466 2415 2521 habebat
2460 2465 2652 2521 oculos
2715 2473 2769 2519 et
2827 2481 2891 2519 os
2933 2463 3162 2533 loquens
3209 2460 3474 2532 grandia;
3525 2466 3583 2514 et

1998 2567 2250 2629 aspectus
2288 2557 2405 2625 ejus
2440 2556 2748 2612 excellebat
2791 2557 2918 2610 alia.
2956 2557 3021 2609 Et
3065 2554 3576 2608 animadvertebam

1996 2666 2166 2706 cornu
2208 2649 2350 2712 illud,
2370 2649 2572 2704 bellum
2609 2663 2835 2704 movere
2868 2649 2923 2702 in
2962 2656 3204 2712 sanctos,
3256 2654 3312 2700 et
3347 2644 3580 2700 fundere

1997 2756 2128 2808 eos;
2188 2740 2365 2796 donec
2410 2741 2563 2794 venit
2610 2740 2892 2808 Antiquus
2928 2737 3183 2804 dierum,
3226 2747 3282 2792 et
3309 2735 3577 2804 judicium

1997 2835 2148 2892 dedit
2177 2834 2384 2890 sanctis
2409 2833 2625 2890 Excelsi
2645 2874 2658 2898 ,
2684 2843 2738 2888 et
2769 2841 2984 2901 tempus
3011 2832 3256 2895 advenit,
3275 2839 3330 2884 et
3350 2845 3576 2897 regnum
3635 2854 3642 2860 -

1995 2927 2352 2981 obtinuerunt
2381 2925 2558 2980 sancti
2587 2923 2878 2978 Altissimi.
2902 2921 2970 2976 Et
3004 2936 3177 2991 usque
3205 2921 3414 2976 dictum
3441 2921 3576 2974 mihi

1993 3030 2077 3073 est
2093 3019 2158 3072 de
2180 3027 2377 3086 quarta
2401 3015 2572 3072 bestia
2600 3035 2611 3068 :
2639 3015 2886 3085 Regnum
2913 3024 3171 3083 quartum
3191 3013 3298 3066 erit
3324 3012 3378 3066 in
3404 3021 3572 3078 terra,

293 3107 322 3158 ὁ
368 3106 563 3176 καιρὸς
597 3105 833 3175 ἐνέστη,
885 3107 980 3160 καὶ
1028 3105 1086 3158 τὸ
1135 3106 1402 3176 βασίλειον
1448 3107 1712 3179 κατέσχον
1746 3109 1888 3178 ἅγιοι

1997 3109 2140 3177 quod
2179 3107 2336 3177 longe
2379 3106 2663 3176 superabit
2706 3105 2890 3191 omnia
2927 3120 3093 3175 regna
3125 3143 3142 3169 ,
3184 3111 3240 3157 et
3288 3103 3576 3158 devorabit

305 3196 589 3264 Ὑψίστου.
605 3196 723 3248 Kal
746 3195 950 3267 ἐρρέθη
984 3214 1074 3267 μοι
1096 3197 1222 3267 περὶ
1257 3197 1349 3250 τοῦ
1374 3200 1631 3268 τετάρτου
1663 3198 1852 3271 θηρίου
1870 3217 1883 3229 ·

293 3284 553 3337 Βασιλεία
603 3286 847 3356 τετάρτη
899 3285 1054 3339 ἔσται
1090 3285 1180 3338 ἐπὶ
1216 3287 1313 3358 τῆς
1351 3288 1489 3358 γῆς,
1536 3289 1657 3359 ἥτις
1700 3289 1888 3344 διοίσει

296 3377 446 3447 παρὰ
479 3376 672 3438 πάσας
697 3375 797 3438 τὰς
825 3375 1105 3446 βασιλείας
1133 3376 1356 3442 ταύτας,
1389 3377 1481 3431 καὶ
1516 3380 1888 3448 καταφάγεται

295 3469 478 3518 πᾶσαν
507 3467 610 3538 τὴν
637 3468 744 3538 γῆν
764 3508 780 3532 ,
825 3468 920 3521 καὶ
947 3467 1321 3523 ἀναστατὼσει
1367 3472 1535 3542 αὐτὴν
1555 3512 1569 3536 ,
1600 3472 1695 3526 καὶ
1730 3490 1891 3528 κατα-

293 3556 474 3611 λεανεῖ
509 3559 705 3630 αὐτήν.
756 3558 870 3613 Kal
917 3558 986 3614 τὰ
1030 3559 1164 3613 δέκα
1211 3561 1450 3633 κέρατα,
1482 3562 1616 3616 δέκα
1652 3563 1888 3633 βασιλεῖς

292 3648 698 3720 ἀναστήσονται
737 3652 856 3721 μετ’
885 3651 1080 3714 αὐτούς
1108 3651 1220 3724 (28)
1241 3671 1253 3683 ·
1282 3653 1376 3706 καὶ
1403 3647 1763 3721 οὗτοςλδιοίσει
1799 3674 1890 3710 κα-

295 3743 408 3802 κοῖς
441 3741 590 3810 ὑπὲρ
621 3742 752 3805 τοὺς
780 3740 1032 3812 πρώτους
1051 3783 1065 3808 ,
1107 3744 1203 3796 καὶ
1233 3747 1382 3816 τρεῖς
1413 3745 1649 3816 βασιλεῖς
1697 3765 1887 3801 ταπει-

293 3832 454 3888 νώσει
473 3874 489 3898 ,
519 3834 620 3887 καὶ
655 3835 880 3905 ῥήματα
914 3835 1054 3905 πρὸς
1080 3837 1169 3891 τὸν
1199 3837 1461 3908 Ὕψιστον
1507 3838 1762 3912 λαλήσει,
1795 3841 1888 3894 καὶ

294 3926 520 3996 ἑτέρους
549 3925 744 3995 ἁγίους
771 3927 863 3982 τοῦ
904 3927 1160 3997 Ὑψίστου
1187 3928 1576 4001 καταστρέψει,
1605 3929 1699 3983 καὶ
1727 3947 1890 4002 προσ-

292 4019 507 4084 δέξεται
539 4022 837 4079 ἀλλοιῶσαι
867 4024 1097 4096 καιροὺς
1145 4023 1239 4077 καὶ
1278 4024 1524 4095 χρόνους.
1563 4024 1673 4077 Kal
1711 4043 1888 4096 παρα-

293 4111 584 4183 δοθήσεται
617 4116 700 4178 είς
731 4119 922 4188 χεῖρας
951 4114 1116 4170 αὐτοῦ
1155 4115 1264 4188 (29)
1297 4116 1401 4180 ἕως
1431 4116 1620 4188 καιροῦ
1649 4117 1743 4171 καὶ
1775 4135 1888 4172 και-

299 4206 426 4277 ρῶν,
469 4209 566 4259 καὶ
598 4208 772 4278 ἥμισυ
803 4209 1017 4280 καιροῦ.
1055 4211 1164 4262 Kal
1207 4211 1240 4280 ἡ
1283 4210 1463 4280 κρίσις
1505 4209 1758 4277 ἐκάθισε,
1792 4211 1886 4265 καὶ

297 4299 388 4369 τὴν
424 4301 607 4371 ἀρχὴν
642 4303 1045 4373 μεταστήσουσι
1075 4302 1165 4356 τοῦ
1193 4301 1455 4373 ἀφανίσαι
1492 4303 1588 4356 καὶ
1626 4303 1718 4358 τοῦ
1753 4306 1887 4358 ἁπο-

294 4389 454 4446 ὶέσαι
481 4393 592 4456 ἕως
621 4394 830 4457 τέλους.
863 4395 976 4447 Kal
1004 4397 1037 4466 ἡ
1067 4395 1338 4465 βασιλεία,
1364 4397 1509 4468 καὶὴ
1535 4395 1771 4463 ἐξουσία,
1791 4398 1886 4452 καὶ

1994 3202 2306 3256 universam
2368 3208 2610 3264 terram,
2668 3206 2724 3253 et
2783 3186 3088 3253 devastabit
3153 3203 3314 3264 atque
3373 3194 3577 3249 delebit

1992 3308 2136 3347 eam.
2167 3290 2234 3348 Et
2260 3292 2448 3346 decem
2498 3305 2707 3344 cornua
2731 3329 2746 3356 ,
2782 3289 2972 3343 decem
3008 3302 3168 3358 reges
3206 3295 3575 3357 consurgent,

1996 3385 2157 3456 129
2187 3392 2243 3440 et
2273 3383 2413 3439 alius
2448 3389 2574 3454 post
2622 3397 2757 3458 eos,
2807 3389 2975 3450 atque
3021 3379 3070 3436 is
3103 3378 3263 3434 malis
3290 3378 3574 3448 superabit

1989 3481 2234 3550 priores,
2267 3488 2324 3534 et
2357 3489 2471 3533 tres
2500 3490 2656 3548 reges
2689 3465 3002 3530 humilia’bit
3025 3511 3042 3538 ,
3090 3480 3145 3526 et
3171 3471 3340 3526 verba
3377 3471 3429 3524 in
3473 3471 3569 3524 Al-

1993 3572 2263 3627 tissimum
2309 3571 2605 3640 loquetur,
2647 3577 2701 3625 et
2745 3577 2981 3623 caeteros
3031 3575 3250 3620 sanctos
3299 3563 3574 3619 Altissimi

1991 3673 2236 3730 evertet,
2289 3672 2345 3720 et
2380 3671 2566 3719 sumet
2610 3662 2714 3718 sibi
2749 3671 2810 3715 ut
2842 3661 3040 3716 alteret
3071 3659 3188 3714 dies
3223 3666 3276 3714 et
3308 3667 3570 3726 tempora.

1988 3758 2057 3812 Et
2101 3757 2383 3813 tradentur
2434 3756 2488 3811 in
2543 3771 2737 3811 manus
2785 3754 2906 3822 ejus
2953 3767 3127 3822 usque
3159 3752 3230 3805 ad
3265 3759 3478 3819 tempus
3518 3757 3574 3802 et

1989 3857 2230 3918 tempora
2255 3889 2271 3912 ,
2299 3859 2356 3903 et
2379 3847 2670 3903 dimidium
2704 3844 2989 3914 temporis.
3023 3843 3090 3896 Et
3112 3842 3376 3910 judicium
3407 3841 3573 3905 sedit,

1987 3949 2042 3995 et
2074 3941 2445 4009 principatum
2498 3938 2856 4004 transferent,
2891 3948 2950 3991 ut
2983 3935 3243 3991 aboleant
3273 3943 3330 3989 et
3365 3933 3574 4001 disper-

1987 4033 2121 4088 dant
2171 4048 2342 4102 usque
2369 4033 2424 4086 in
2463 4033 2654 4087 linem.
2686 4031 2755 4086 Et
2785 4046 3014 4102 regnum
3039 4069 3055 4095 ,
3101 4038 3156 4085 et
3198 4036 3480 4097 potestas,
3519 4037 3574 4080 et

1989 4122 2293 4191 amplitudo
2325 4124 2574 4180 locorum
2608 4137 2905 4191 regnorum
2941 4135 3064 4192 qua:
3091 4119 3193 4176 sub
3222 4119 3363 4174 coelo
3397 4126 3526 4172 sunt
3554 4157 3572 4184 ,

1987 4216 2114 4270 data
2142 4225 2226 4272 est
2254 4216 2455 4293 populo
2490 4227 2682 4289 sancto
2714 4215 2987 4270 Altissimi
3009 4255 3025 4280 ,
3059 4223 3118 4267 ut
3142 4220 3372 4282 regnent
3404 4225 3571 4278 regno

1987 4309 2355 4377 sempiterno;
2409 4317 2462 4363 et
2506 4317 2809 4378 potestates
2853 4319 3046 4362 omnes
3092 4304 3457 4372 subjicientur
3513 4309 3571 4354 et

1985 4399 2242 4455 obedient
2271 4402 2343 4456 ei.
2377 4400 2496 4455 Huc
2537 4414 2712 4469 usque
2742 4398 2867 4454 ﬁnis
2894 4397 3070 4453 verbi.
3107 4396 3220 4465 Ego
3250 4394 3438 4448 Daniel
3468 4407 3570 4446 ex-

293 4485 328 4554 ἠ
367 4483 734 4556 μεγαλειοτης
760 4485 865 4538 τῶν
907 4486 1088 4550 τόπων
1120 4485 1228 4546 τῶν
1260 4487 1364 4540 ὑπὸ
1395 4487 1486 4541 τὸν
1527 4487 1754 4559 οὐρανὸν
1785 4487 1885 4559 βα-

1997 4494 2124 4548 stasi
2159 4493 2540 4549 circumdabar
2573 4492 2755 4556 valde,
2789 4501 2843 4546 et
2870 4504 3055 4546 sermo
3089 4489 3140 4542 in
3173 4504 3260 4542 me
3309 4488 3570 4540 immuta-

295 4577 512 4631 σιὶειῶν
531 4619 547 4643 ,
579 4578 741 4648 ἐδόθη
765 4578 878 4649 λαῴ
908 4579 1054 4649 ἁγίῳ
1090 4578 1348 4648 Ὑψίστου
1380 4578 1696 4648 βασιλεῦσαι
1724 4579 1879 4650 βασι-

1987 4596 2072 4640 tus
2095 4594 2204 4649 est,
2234 4595 2292 4639 et
2314 4585 2544 4639 verbum
2579 4583 2633 4637 in
2663 4583 2832 4638 corde
2861 4595 2981 4636 meo
3007 4577 3305 4634 servavi”.
3338 4595 3356 4627 ι

294 4673 443 4727 λείαν
469 4670 724 4726 αίώνιον-
756 4672 851 4724 καὶ
872 4669 1305 4738 πᾶσαιὲξουσίαι
1360 4671 1795 4744 ὑποταγήσονται
1855 4675 2038 4747 αὐτῷ,
2105 4677 2200 4730 καὶ
2249 4675 2714 4749 πειθαρχήσουσιν
2762 4672 2929 4743 αὐτῷ.
2972 4673 3116 4735 Ἕως
3161 4664 3264 4724 ὧδε
3307 4667 3366 4720 τὸ
3416 4667 3569 4730 τέλος

295 4766 387 4818 τοῦ
413 4765 600 4834 λόγου.
640 4763 786 4834 Ἐγὼ
818 4765 1017 4836 Δανιὴλ
1061 4763 1319 4828 ἐκστάσει
1377 4766 1735 4840 περιειχόμην
1798 4769 2038 4842 σφόδρα,
2079 4770 2240 4842 καὶὴ
2285 4769 2432 4837 λέξις
2476 4769 2761 4840 διήνεγκεν
2807 4765 2931 4838 ἐμοὶ
2976 4764 3089 4836 (50)
3113 4805 3126 4829 ,
3174 4762 3268 4817 καὶ
3309 4760 3370 4814 τὸ
3419 4759 3568 4830 ῥῆμα

299 4859 354 4911 ἐν
379 4861 446 4928 τῇ
475 4856 676 4928 καρδίᾳ
707 4874 808 4926 μου
836 4858 1099 4930 ἐτήρησα.
1132 4876 1150 4910 ι

366 4951 454 5005 '52.
482 4949 594 5003 Καὶ
621 4952 650 5003 ὁ
676 4949 930 5023 Τρύφων,
961 4952 1312 5022 παυσαμένου
1342 4969 1464 5024 μου,
1490 4948 1664 5007 εἶπεν
1693 4949 1766 5006 Ὦ
1787 4954 1880 5010 ἄν-

2046 4953 2137 5008 52.
2181 4951 2473 5024 Objiciente
2505 4951 2780 5023 Tryphone
2812 4948 3084 5004 Christum
3113 4964 3143 5000 a
3173 4943 3394 4999 Daniele
3435 4944 3556 5014 glo-

300 5043 502 5115 θρωπε,
537 5036 699 5095 αὗται
734 5043 884 5112 ἡμᾶς
916 5043 973 5094 ai
1001 5043 1215 5114 Γραφαὶ
1257 5045 1350 5098 καὶ
1389 5044 1632 5098 τοιαῦται
1671 5045 1880 5113 ἔνδοξον

1997 5047 2178 5101 ’ἰοειιηι
2218 5046 2481 5112 describi,
2510 5045 2644 5098 duos
2676 5043 2931 5098 adventus
2969 5039 3250 5108 distinguit
3290 5035 3560 5092 Justinus.

300 5137 390 5190 καὶ
418 5133 594 5200 ιιέγαν
622 5133 913 5203 ἀναμένειν
937 5134 1026 5188 τὸν
1052 5134 1204 5207 παρὰ
1227 5135 1320 5189 τοῦ
1341 5135 1582 5192 Παλαιοῦ
1611 5137 1717 5191 τῶν
1741 5141 1876 5210 ἡμε-

369 5314 413 5345 ”
450 5312 592 5366 Dan.
628 5327 729 5378 vn,
766 5310 952 5368 9-28.

366 5491 477 5578 βε)
506 5487 1262 5578 μετ’σξτηοξεεςιὲἂεεηάμιη
1299 5491 1394 5546 καὶ
1424 5491 1609 5578 ἕτερρς
1646 5491 1870 5578 μετῒαῦ-

301 5561 441 5625 οοιξ,
465 5573 524 5616 ut
553 5572 742 5617 monet
766 5561 1076 5632 Thirlbius,
1095 5563 1186 5630 qni
1219 5563 1314 5618 has
1353 5561 1710 5619 voces'forma
1738 5577 1866 5632 pau-

301 5634 802 5716 lulnrnhimmutata
826 5639 958 5685 ante
999 5631 1092 5686 καὶ
1125 5633 1344 5703 ἑτέρους
1371 5635 1668 5691 translatas
1701 5631 1871 5689 fuisse

280 5713 627 5847 ’ωἳάξίιὲις
653 5773 864 5847 χεῖρας
891 5774 1098 5832 αὐτοῦ.
1131 5773 1220 5834 Sic
1254 5775 1605 5836 emendatum
1635 5774 1694 5833 in
1733 5775 1868 5836 edit.

1980 5704 2125 5768 bliis,
2157 5704 2304 5786 καὶη
2341 5704 2520 5840 μορφὲ

1980 5774 2118 5840 apud
2154 5772 2428 5834 Justmum
2458 5775 2485 5828 ἓ

1979 5774 2118 5846 apud
2154 5772 2428 5864 Justinuui
2458 5775 2485 5828 ἓ

1980 5138 2174 5194 ——llic
2223 5137 2468 5208 Trypho,
2500 5135 2822 5208 quiescente
2870 5147 2956 5189 me
2983 5151 2995 5186 :
3022 5131 3144 5186 Ista:
3181 5145 3316 5196 nos,
3359 5129 3559 5198 inquit,

1975 5490 2150 5546 Paris.
2187 5490 2398 5547 Habent
2431 5489 2582 5553 aliae,
2613 5496 2672 5542 ut
2711 5495 2766 5543 et
2803 5500 2934 5542 mss.
2966 5484 3216 5552 codices,
3250 5484 3332 5547 εἰς
3363 5485 3554 5555 χεῖρας

1978 5562 2084 5624 ἓως
2116 5561 2308 5634 καιροῦ
2344 5559 2532 5634 αὐτοῦ.

2049 5623 2164 5703 (30)
2199 5623 2308 5688 Καὶ
2341 5634 2380 5702 ἡ
2413 5631 2581 5698 λέξις
2610 5627 2924 5703 anteme?
2949 5627 3103 5703 ἐμορ
3130 5625 3354 5703 Legitur
3385 5623 3552 5703 inﬂi-

2548 5695 2647 5773 μου
2666 5695 2990 5773 ἠλλοιώθη(
3009 5695 3234 5756 Videtur
3261 5695 3556 5768 legendum

2525 5768 2570 5840 ις
2603 5768 2714 5844 pro
2740 5768 2903 5838 λέξις.
