3962 6262
387 329 492 386 545

1238 323 1295 381 S.
1330 324 1601 382 JUSTINI
1632 322 2041 381 PHILOSOPHI
2075 322 2162 377 ET
2199 319 2550 377 MARTYRIS

3531 321 3640 378 5M

383 460 442 502 et
482 450 602 500 :fila:
648 442 917 515 ejusmodi
965 442 1299 513 Scriptum,
1331 443 1628 512 gloriosum
1675 452 1875 512 cogunt
1905 453 1960 495 et

2068 440 2192 512 ρῶν,
2226 439 2300 502 ὡς
2333 439 2460 491 Υίὸν
2499 437 2804 508 ἀνθρώπου,
2841 433 3332 507 παρώαμὸάνοντα
3365 433 3460 506 τὴν
3495 437 3638 490 αἰὼο

385 551 642 607 magnum
682 544 1000 604 exspectare
1026 548 1173 597 eum,
1208 533 1298 601 qui
1335 549 1563 600 regnum
1593 541 1856 587 aeternum
1891 532 1960 584 ab

385 632 625 699 Antiquo
656 629 888 694 dierum,
925 637 1182 696 tanquam
1232 623 1406 680 Filius
1441 626 1702 689 hominis,
1736 623 1957 691 accipit.

385 725 584 780 Vester
623 734 803 778 autem
850 721 937 774 ille
975 720 1246 783 Christus,
1287 734 1447 787 quem
1497 719 1569 772 ita
1605 719 1834 779 vocatis,
1879 718 1960 770 in-

386 820 686 876 honoratus
730 825 785 871 et
834 815 1100 885 inglorius
1142 814 1267 877 fuit,
1299 815 1374 867 ita
1409 823 1462 866 ut
1498 814 1663 867 etiam
1696 813 1746 866 in
1777 822 1962 866 extre-

386 928 532 966 mam
565 911 731 976 illam,
761 925 878 978 qua:
904 911 954 962 in
985 908 1098 976 lege
1125 907 1218 961 Dei
1240 908 1500 970 sancitur,
1524 907 1955 960 exsecrationem

385 1002 714 1058 incurreret.
749 1001 843 1053 Est
873 999 1017 1051 enim
1055 998 1108 1050 in
1140 1011 1357 1051 crucem
1390 1005 1570 1052 actus.

452 1095 593 1150 Tum
622 1110 719 1164 ego
746 1093 813 1146 ad
845 1093 998 1145 illum
1027 1108 1040 1144 :
1071 1089 1128 1144 Si
1169 1089 1491 1156 Scriptura,
1516 1085 1788 1157 quasjam
1814 1084 1958 1139 reci—

383 1189 518 1256 tavi,
566 1203 671 1242 non
723 1187 839 1256 ejus
892 1184 1129 1255 Speciem
1173 1181 1460 1251 ingloriam
1515 1179 1634 1234 fore
1685 1189 1741 1232 et
1790 1193 1959 1247 genus

384 1281 749 1338 inenarrabile
797 1280 1076 1340 dicerent,
1111 1291 1176 1330 ac
1226 1291 1324 1344 pro
1369 1284 1544 1328 morte
1595 1273 1714 1341 ejus
1761 1273 1960 1325 divites

383 1383 556 1428 morte
587 1371 838 1426 affectum
878 1369 962 1431 iri,
1000 1383 1206 1436 nosque
1237 1365 1354 1433 ejus
1385 1366 1554 1418 livore
1581 1373 1860 1426 sanatum,
1896 1378 1959 1416 ac

383 1467 558 1538 ipsum
603 1475 858 1534 tanquam
891 1477 1046 1516 ovem
1089 1461 1385 1514 abductum
1428 1457 1530 1522 iri;
1563 1457 1607 1510 si
1651 1470 1756 1510 non
1787 1470 1958 1524 expo-

382 1559 613 1614 suissem
651 1555 920 1625 duplicem
961 1554 1104 1608 illius
1133 1552 1451 1614 adventum,
1487 1549 1718 1603 alterum
1761 1547 1813 1601 in
1852 1561 1960 1616 quo

380 1656 614 1716 punctus
652 1656 737 1700 est
764 1661 793 1699 a
831 1645 1001 1709 vobis,
1037 1643 1268 1697 alterum
1320 1641 1374 1695 in
1415 1654 1521 1708 quo
1567 1639 1873 1709 agnoscetis
1904 1639 1957 1690 in

381 1757 540 1812 quem
579 1739 904 1811 pupugistis,
941 1747 997 1792 et.
1030 1737 1287 1807 plangent
1321 1735 1494 1790 tribus
1532 1745 1754 1799 vestrae,
1780 1735 1958 1790 tribus

381 1834 449 1888 ad
512 1834 743 1897 tribum,
799 1831 1058 1886 mulieres
1108 1844 1393 1893 seorsum,
1437 1836 1490 1882 et
1529 1827 1631 1880 viri
1671 1841 1950 1891 seorsum;

379 1931 610 1984 obscura
656 1936 712 1981 et
750 1927 959 1981 incerta
1005 1925 1192 1981 dicere
1233 1924 1477 1977 viderer.
1530 1919 1687 1974 Nunc
1729 1935 1860 1975 vero
1900 1921 1954 1975 in

379 2019 524 2075 omni
571 2033 826 2073 sermone
861 2033 928 2072 ex
967 2015 1169 2071 sanctis
1213 2015 1354 2084 apud
1398 2029 1495 2066 vos
1528 2025 1580 2066 et
1624 2012 1957 2082 propheticis

382 2110 679 2178 Scripturis
705 2124 921 2164 omnem
954 2106 1365 2162 demonstrandi
1404 2106 1671 2159 rationem
1705 2106 1953 2172 instituo,

380 2216 607 2270 sperans
650 2211 891 2255 vestrum
927 2199 1158 2267 aliquem
1189 2212 1255 2251 ex
1287 2211 1354 2250 eo
1388 2197 1614 2264 reperiri
1659 2211 1819 2266 posse
1867 2213 1956 2252 se-

381 2290 550 2354 mine,
574 2291 716 2358 quod
753 2304 851 2357 per
883 2289 1117 2357 gratiam
1153 2287 1368 2340 Domini
1412 2287 1654 2339 Sabaoth
1683 2288 1955 2357 reliquum

381 2385 450 2437 ad
477 2382 706 2437 salutem
726 2391 986 2435 aeternam
1016 2381 1216 2433 factum
1250 2388 1351 2434 est.
1380 2378 1567 2448 Itaque
1594 2389 1650 2434 ut
1677 2391 1731 2433 et
1754 2380 1958 2435 clarius

379 2473 537 2527 vobis
590 2473 642 2526 id
685 2472 828 2540 quod
880 2471 1194 2539 quaerimus,
1232 2471 1350 2538 ﬁat,
1385 2470 1607 2525 aderam
1648 2471 1754 2526 alia
1787 2475 1956 2527 etiam

379 2566 548 2620 verba
580 2580 611 2618 a
638 2565 800 2619 beato
830 2564 924 2618 illo
961 2564 1077 2616 viro
1108 2565 1310 2617 Davide
1344 2565 1716 2633 pronuntiata,
1746 2567 1960 2633 exqui-

336 2673 341 2678 ·
380 2657 484 2731 bus
513 2655 792 2710 Christum
833 2654 1148 2723 intelligetis
1175 2669 1206 2708 a
1241 2664 1434 2710 sancto
1475 2656 1800 2725 prophetico
1831 2655 1958 2724 Spi-

379 2748 489 2802 ritu
545 2745 831 2800 Dominum
885 2747 1050 2800 etiam
1101 2747 1315 2814 vocari,
1344 2756 1400 2800 et
1437 2762 1465 2800 a
1509 2746 1672 2800 Patre
1712 2747 1956 2800 omnium

381 2839 616 2895 Domino
653 2852 684 2892 e
727 2839 888 2894 terris
935 2839 1218 2904 revocari,
1261 2849 1319 2894 et
1364 2842 1431 2894 ad
1478 2840 1649 2910 ipsius
1707 2841 1955 2895 dextram

381 2932 660 2994 collocari,
708 2932 881 2986 donec
937 2931 1098 2986 Pater
1149 2942 1317 3003 ponat
1363 2933 1613 2988 inimicos
1660 2934 1955 2988 scabellum

379 3025 581 3094 pedum
616 3023 756 3093 ejus.
801 3024 954 3091 Quod
1003 3025 1221 3093 quidem
1254 3027 1363 3096 jam
1397 3025 1520 3080 inde
1550 3026 1610 3080 ﬁt
1633 3041 1700 3082 ex
1749 3042 1856 3096 quo
1901 3027 1956 3082 in

2061 549 2172 587 νιον
2218 531 2490 602 βασιλείαν
2527 529 2938 598 ἀναγκάζουσιν.
2987 524 3155 590 Οὗτος
3196 526 3253 579 δὲ
3295 528 3324 578 ό
3370 528 3639 600 ὑμέτερος

2061 625 2366 695 λεγόμενος·
2387 623 2640 695 Χριστὸς,
2675 622 2867 693 ἄτιμος
2908 620 3003 675 καὶ
3041 617 3222 683 ἄδοξος
3260 619 3511 688 γέγονεν,
3554 621 3641 684 ὡς

2061 717 2157 770 κα)⁵
2189 719 2253 787 τῇ
2285 717 2485 787 ἐσχάτῃ
2521 715 2736 786 κατάρᾳ
2773 717 2837 786 τῇ
2871 715 2930 770 ἐν
2956 711 3031 782 τῷ
3060 711 3210 786 νόμῳ
3243 710 3336 763 τοῦ
3373 710 3506 765 Θεοῦ
3531 730 3638 766 m—

2066 810 2326 879 ptrcacreiw
2365 805 2683 878 ἐσταυρώθη
2716 809 2842 878 γάρ.

2133 1090 2303 1160 Κάγὼ
2336 1092 2472 1163 πρὸς
2500 1091 2678 1146 αὐτόν·
2715 1093 2779 1144 Εἰ
2813 1093 2929 1162 μὲν,
2963 1091 3008 1144 ὧ
3037 1093 3247 1165 ἄνδρες,
3279 1094 3352 1164 μὴ
3384 1094 3491 1146 ἀπὸ
3523 1095 3642 1147 τῶν

2060 1182 2290 1254 Γραφῶν
2324 1177 2397 1236 ὧν
2438 1184 2908 1254 προανιστόρησα,
2946 1185 3005 1237 τὸ
3049 1181 3184 1248 εἶδος
3217 1185 3379 1238 αὑτοῦ
3425 1183 3640 1251 ἄδοξον,

2060 1275 2155 1332 καὶ
2181 1275 2238 1327 τὸ
2274 1276 2428 1342 γένος
2452 1275 2615 1329 αὑτοῦ
2643 1277 2950 1348 ἀδιήγητον,
2986 1278 3081 1331 καὶ
3117 1278 3236 1331 ἀντὶ
3277 1276 3369 1330 τοῦ
3402 1278 3639 1332 Θανάτου

2061 1366 2224 1419 αὑτοῦ
2261 1367 2386 1430 τοὺς
2425 1367 2710 1432 πλουσίους
2752 1367 3252 1440 θανατωθήσεσθαι,
3285 1370 3380 1424 καὶ
3411 1369 3486 1441 τῷ
3517 1370 3641 1441 μώ-

2059 1458 2200 1511 λωπι
2241 1458 2399 1512 αὐτοῦ
2436 1462 2597 1530 ἡμεῖς
2641 1460 2868 1532 ἰάθημεν
2917 1460 3062 1532 (51),
3104 1461 3199 1515 καὶ
3243 1462 3318 1525 ὡς
3363 1462 3642 1533 πρόϐατον

2060 1550 2392 1622 ἀχθήσεσθαι
2427 1551 2659 1620 ἐλέγετο,
2691 1552 2787 1605 καὶ
2826 1551 2918 1604 δύο
2953 1553 3254 1624 παρουσίας
3287 1553 3447 1607 αὐτοῦ
3475 1555 3645 1625 γενή-

2062 1642 2247 1694 σεσθαι
2294 1640 2667 1714 ἐξηγησὰμην,
2707 1641 2834 1712 μίαν
2879 1642 2977 1712 μὲν
3011 1637 3136 1716 ὲνῇ
3180 1641 3501 1715 ἐξεκεντήθη
3545 1643 3643 1712 ὑφ’

2061 1733 2234 1804 ὑμῶν,
2263 1733 2519 1806 δευτέραν
2551 1733 2608 1786 δὲ
2635 1734 2723 1786 ὅτε
2760 1732 3128 1801 ἐπιγνώσεσθε
3159 1736 3239 1798 εἰς
3269 1735 3325 1788 ὃν
3347 1734 3648 1807 ’ὲξεκεντή-

2063 1843 2190 1879 σατε
2211 1867 2224 1891 ,
2261 1824 2354 1878 καὶ
2387 1824 2639 1894 κόψονται
2673 1827 2726 1879 αί
2761 1825 2925 1894 φυλαὶ
2965 1826 2995 1876 ὑ
3007 1825 3154 1896 μῶν,
3189 1826 3328 1897 φυλὴ
3364 1827 3501 1898 πρὸς
3536 1845 3648 1896 φυ-

2058 1917 2175 1990 λὴν,
2206 1919 2262 1971 αί
2290 1921 2543 1986 γυναῖκες
2566 1920 2684 1971 κατ’
2707 1917 2864 1980 ἰδίαν,
2897 1918 2992 1970 καὶ
3031 1919 3081 1975 οἱ
3118 1918 3310 1988 ἄνδρες
3339 1920 3458 1972 κατ’
3478 1919 3643 1985 ἰδίαν,

2058 2011 2241 2080 ἀσαφῆ
2273 2009 2362 2062 καί
2400 2009 2578 2081 ἄπορα
2606 2008 2821 2064 ἐδόκουν
2849 2007 3044 2076 λέγειν.
3085 2007 3198 2061 Νῦν
3223 2008 3279 2061 δὲ
3311 2008 3399 2061 διὰ
3423 2010 3646 2064 πάντων

2058 2101 2166 2155 τῶν
2195 2102 2369 2171 λόγων
2393 2103 2501 2156 ἀπὸ
2533 2101 2641 2154 τῶν
2673 2104 2800 2174 παρ’
2820 2103 2948 2173 ὑμῖν
2974 2101 3144 2172 ἁγίων
3161 2103 3254 2155 καὶ
3291 2103 3648 2174 προφητικῶν

2057 2197 2290 2271 Γραφῶν
2334 2197 2431 2260 τὰς
2481 2197 2660 2260 πάσας
2712 2196 3016 2264 ἀποδείξεις
3070 2197 3363 2267 ποιοῦμαι,
3405 2198 3647 2261 ἐλπίζων

2058 2291 2180 2345 τινὰ
2214 2291 2271 2357 ἐξ
2304 2281 2456 2361 ὑμῶν
2487 2290 2746 2344 δύνασθαι
2776 2289 3063 2362 εὑρεθῆναι
3091 2291 3155 2343 ὲκ
3180 2289 3270 2343 τοῦ
3305 2289 3444 2343 κατὰ
3477 2289 3647 2360 χάριν

2058 2383 2156 2454 τὴν
2190 2381 2298 2437 ἀπὸ
2327 2381 2416 2434 τοῦ
2449 2381 2654 2453 Κυρίου
2683 2379 2910 2436 Σαϐαὼθ
2947 2380 3382 2452 περιλειφθέντος
3413 2379 3521 2450 (52)
3557 2381 3647 2442 εἰς

2059 2473 2156 2544 τὴν
2182 2470 2397 2526 αίώνιον
2428 2472 2723 2542 σωτηρίαν.
2753 2473 2873 2525 Ἵνα
2911 2467 3004 2524 οὖν
3028 2472 3122 2524 καὶ
3152 2470 3477 2542 σαφέστερον
3511 2471 3647 2540 ὑμῖν

2059 2567 2119 2621 τὸ
2148 2565 2475 2637 ζητούμενον
2508 2565 2601 2617 νῦν
2635 2563 2879 2636 γένηται,
2903 2564 3012 2636 ἐρῶ
3041 2566 3169 2635 ὑμῖν
3198 2565 3294 2617 καὶ
3326 2563 3518 2627 ἄλλους
3548 2562 3646 2615 λόο

2060 2673 2187 2726 γους
2217 2658 2341 2721 τοὺς
2368 2656 2690 2728 εἰρημένους
2711 2656 2798 2709 διὰ
2834 2655 2996 2707 Δαὸὶδ
3024 2654 3114 2707 τοῦ
3149 2653 3439 2725 μακαρίουο
3475 2651 3535 2716 ἐξ
3563 2646 3646 2706 ὧν

2061 2749 2154 2803 καὶ
2195 2748 2397 2819 Κύριον
2430 2749 2519 2801 τὸν
2561 2747 2794 2820 Χριστὸν
2836 2747 2940 2798 ὑπὸ
2979 2745 3069 2798 τοῦ
3107 2747 3264 2814 ἁγίου
3304 2743 3644 2816 προφητικοῦ

2067 2841 2385 2911 Πνεύματος
2419 2840 2708 2910 λεγόμενον
2735 2842 2957 2911 νοήσετε
2977 2877 2992 2903 ,
3029 2837 3124 2891 καὶ
3156 2837 3245 2890 τὸν
3276 2836 3475 2907 Κύριον
3504 2837 3650 2890 πάν-

2060 2951 2167 2987 των
2197 2933 2419 3004 Πατέρα
2446 2933 2716 3000 ἀνάγοντα
2751 2931 2911 2985 αὑτὸν
2946 2931 3053 2985 ἀπὸ
3081 2930 3180 3000 τῆς
3215 2929 3339 2999 γῆς,
3367 2928 3460 2982 καὶ
3485 2927 3650 2981 καθί-

2061 3023 2224 3090 ζοντα
2249 3025 2408 3078 αὑτὸν
2438 3025 2494 3077 ὲν
2527 3023 2676 3094 δεξιᾷ
2711 3021 2896 3088 αὐτοῦ,
2932 3023 3037 3086 ἕως
3072 3021 3138 3075 ἂν
3165 3020 3230 3092 θῇ
3260 3021 3386 3082 τοὺς
3412 3018 3647 3092 ἐχθροὺς

382 3119 580 3175 omium
622 3120 870 3174 ascendit
900 3119 1176 3173 redivivus
1205 3134 1272 3174 ex
1301 3120 1534 3173 mortuis
1564 3119 1826 3175 Dominus
1855 3135 1956 3174 no-

2068 3118 2347 3171 ὑποπόδιον
2376 3115 2480 3170 τῶν
2510 3114 2685 3170 ποδῶν
2720 3113 2904 3168 αὐτοῦ·
2936 3115 3074 3185 ὅπερ
3113 3112 3322 3182 γίνεται
3350 3111 3531 3178 ὲξότου
3558 3112 3647 3176 εἰς

382 3223 498 3269 stcr
526 3211 684 3267 Jesus
712 3213 989 3277 Christus,
1021 3212 1368 3266 currentibus
1397 3212 1464 3264 ad
1500 3213 1660 3266 linem
1697 3214 1959 3280 tempori-

381 3307 508 3370 bus,
549 3303 771 3374 jamque
801 3320 867 3359 eo
898 3320 996 3372 pro
1029 3304 1240 3357 foribus
1296 3312 1538 3367 astante,
1565 3305 1656 3373 qui
1710 3304 1873 3372 impia
1905 3313 1962 3359 et

382 3396 616 3452 nefanda
646 3398 697 3450 in
727 3396 1066 3451 Altissimum
1100 3397 1378 3451 locuturus
1401 3405 1513 3461 est;
1547 3411 1709 3466 quem
1741 3397 1958 3467 quidem

384 3497 600 3556 tempus
631 3496 687 3542 et
716 3499 957 3557 tempora
996 3497 1051 3541 et
1084 3487 1369 3541 dimidium
1412 3488 1670 3556 temporis
1711 3488 1962 3542 domina-

383 3589 568 3634 turum
615 3579 806 3634 Daniel
853 3578 1113 3633 declarat.
1145 3576 1255 3632 Vos
1287 3590 1466 3632 autem
1498 3579 1668 3648 ignari
1699 3594 1860 3647 quam
1890 3581 1962 3635 sit

385 3686 776 3742 permansurus
799 3670 913 3733 diu,
935 3669 1078 3723 aliud
1099 3669 1450 3724 existimatis.
1472 3687 1491 3720 ‹
1518 3669 1752 3738 Tempus
1771 3689 1790 3722 ι
1812 3671 1959 3725 enim

387 3770 603 3816 centum
640 3776 814 3816 annos
856 3761 1320 3830 interpretamini.
1349 3760 1503 3827 Quod
1533 3762 1752 3831 quidem
1798 3763 1842 3817 si
1885 3765 1960 3818 ita

387 3863 496 3917 est,
525 3850 798 3905 hominem
845 3850 1149 3919 iniquitatis
1186 3859 1460 3905 trecentos
1495 3853 1563 3906 ad
1593 3851 1874 3909 minimum
1908 3863 1963 3910 et

388 3943 780 4012 quinquaginta
823 3958 997 3998 annos
1027 3957 1260 4013 regnare
1290 3953 1525 4012 oportet,
1555 3954 1617 3999 ut
1657 3945 1710 4000 id
1748 3949 1892 4017 quod
1930 3965 1960 4003 a

390 4047 585 4092 sancto
609 4037 830 4092 Daniele
856 4038 1058 4093 dictum
1093 4046 1195 4104 est,
1225 4055 1245 4088 ‹
1275 4045 1330 4091 et
1360 4045 1626 4106 tempora,
1656 4058 1674 4090 ι
1703 4054 1798 4106 pro
1826 4042 1963 4094 duo-

387 4131 492 4185 bus
538 4139 750 4182 tanlum
811 4130 1144 4198 temporibus
1201 4145 1570 4186 numeremus.
1629 4131 1787 4202 130
1835 4131 1963 4189 Haac

389 4230 572 4276 autem
620 4222 800 4276 omnia
839 4223 1150 4293 digrediens
1181 4238 1210 4276 a
1239 4226 1521 4293 proposito
1558 4227 1714 4280 vobis
1742 4227 1873 4293 dixi,
1905 4235 1964 4280 ut

390 4312 607 4367 tandem
642 4313 934 4381 aliquando
965 4313 1122 4368 ﬁdem
1153 4313 1419 4369 habentes
1455 4315 1544 4380 iis,
1573 4331 1694 4386 qua:
1726 4317 1780 4370 in
1802 4331 1897 4372 vos
1933 4331 1965 4371 a

388 4403 503 4459 Deo
532 4404 785 4459 dicuntur
814 4405 884 4470 ⁸⁷,
923 4420 1115 4475 nempe
1144 4421 1238 4461 vos
1271 4423 1390 4463 esse
1433 4409 1576 4464 lilios
1616 4408 1958 4477 insipientes,

2061 3211 2152 3266 τὸν
2185 3210 2411 3282 οὐρανὸν
2439 3207 2712 3280 ἀνελήφθη
2753 3206 2889 3278 μετὰ
2914 3207 2974 3259 τὸ
3007 3208 3072 3259 ἐκ
3105 3205 3312 3277 νεκρῶν
3341 3205 3650 3276 ἀναστῆναι

2061 3307 2090 3358 ὁ
2113 3279 2379 3376 ἡμέτερος
2401 3279 2606 3373 Κύριος
2630 3300 2837 3370 Ἰησοῦς
2865 3300 3117 3372 Χριστὸς,
3135 3299 3242 3352 τῶν
3271 3299 3477 3370 χρόνων
3510 3317 3652 3370 συμ-
3723 3279 3732 3287 “

2061 3395 2471 3467 πληρουμένων,
2495 3393 2590 3448 καὶ
2619 3391 2709 3446 τοῦ
2735 3393 3030 3464 βλάσφημα
3061 3392 3155 3444 καὶ
3182 3391 3426 3462 τολμηρὰ
3447 3393 3527 3454 εἰς
3555 3391 3652 3445 τὸν

2065 3487 2326 3558 Ὕψιστον
2353 3486 2638 3558 μέλλοντος
2663 3484 2844 3539 λαλεῖν
2875 3483 2973 3555 ἤδη
3005 3483 3097 3536 ἐπὶ
3125 3482 3316 3555 θύραις
3341 3481 3490 3545 ὄντος
3507 3482 3648 3554 (55),

2061 3579 2251 3652 καιρὸν
2293 3579 2388 3632 καὶ
2432 3579 2660 3649 καιροὺς
2709 3576 2804 3630 καὶ
2849 3577 3020 3647 ἥμισυ
3069 3574 3261 3646 καιροῦ
3306 3573 3652 3638 διακαθέξειν

2061 3670 2258 3742 Δανιὴλ
2301 3670 2511 3741 μηνύει.
2567 3669 2678 3722 Καὶ
2728 3669 2887 3740 ὑμεῖς
2934 3668 3254 3736 ἀγνοοῦντες
3299 3668 3464 3721 πόσον
3515 3669 3651 3740 χρό-

2061 3779 2150 3819 νον
2187 3761 2294 3833 (54)
2328 3759 2666 3831 διακατέχειν
2709 3761 2924 3832 μέλλει,
2961 3761 3086 3816 ἄλλο
3117 3760 3355 3832 ἡγεῖσθε.
3397 3762 3501 3815 Τὸν
3533 3761 3650 3834 γὰρ

2062 3856 2252 3927 καιρὸν
2286 3855 2478 3909 ἑκατὸν
2525 3853 2618 3926 ἔτη
2661 3852 2942 3926 ὲξηγεῖσθε
2979 3852 3251 3922 λέγεσθαι.
3296 3854 3359 3905 Εἰ
3392 3853 3448 3907 δὲ
3487 3851 3650 3906 τοῦτὸ

2062 3949 2228 4012 ἐστιν,
2266 3949 2344 4011 εἰς
2380 3947 2439 4000 τὸ
2476 3945 2757 4016 ἐλάχιστον
2799 3945 2890 3999 τὸν
2933 3944 3032 4014 τῆς
3081 3945 3312 4015 ἀνομίας
3354 3945 3649 4015 ἄνθρωπον

2062 4042 2346 4114 τριακόσια
2405 4040 2740 4110 πεντήκοντα
2787 4037 2878 4108 ἐτη
2931 4034 3242 4107 βασιλεῦσαι
3286 4036 3399 4102 δεῖ,
3449 4037 3536 4090 ἵνα
3581 4035 3649 4088 τὸ

2063 4135 2352 4207 εἰρημένον
2385 4133 2489 4186 ὑπὸ
2531 4132 2622 4187 τοῦ
2671 4130 2827 4200 ἁγίου
2873 4129 3101 4200 Δανιὴλ,
3132 4129 3226 4183 καὶ
3271 4127 3477 4200 καιρῶν
3508 4126 3646 4200 (55),

2064 4229 2156 4285 δύο
2181 4229 2371 4300 μόνους
2393 4227 2619 4300 καιροὺς
2640 4223 2892 4294 λέγεσθαι
2919 4221 3331 4293 ἀριθμήσωμεν.
3350 4220 3459 4274 Καὶ
3472 4219 3648 4274 ταῦτα

2065 4321 2122 4374 δὲ
2155 4322 2331 4376 πάντα
2354 4320 2389 4374 ἃ
2419 4320 2620 4387 ἔλεγον,
2646 4320 2702 4370 ὲν
2729 4315 3102 4388 παρεκϐάσεσι
3126 4313 3271 4383 λέγω
3304 4313 3440 4383 πρὸς
3474 4310 3646 4381 ὑμᾶς,

2067 4413 2153 4467 ϊνα
2182 4413 2282 4484 ήδη
2316 4413 2444 4466 ποτὲ
2477 4410 2789 4473 πεισθέντες
2811 4407 2888 4480 τῷ
2919 4408 3196 4481 εἰρημένῳ
3223 4404 3342 4460 καθ’
3361 4403 3514 4474 ὑμῶν
3537 4403 3652 4456 ὑπὸ

390 4496 525 4552 item
554 4497 639 4552 his
673 4499 853 4553 verbis
880 4517 895 4554 :
927 4515 946 4550 ι
977 4499 1271 4570 Propterea
1316 4515 1586 4570 apponam
1630 4511 1690 4556 ut
1723 4503 1960 4558 transfe-

2068 4503 2157 4557 τοῦ
2191 4503 2343 4567 Θεοῦ,
2369 4504 2451 4556 ὅτι
2475 4503 2584 4556 υἱοὶ
2615 4501 2863 4556 ἀσύνετοί
2900 4503 3044 4565 ἐστε,
3072 4497 3166 4552 καὶ
3197 4497 3278 4550 τό*
3310 4515 3329 4547 ι
3355 4494 3454 4548 Διά
3489 4492 3652 4549 τοῦτο

393 4605 514 4644 ram
546 4592 796 4660 populum
827 4595 993 4658 hunc,
1019 4603 1075 4648 et
1115 4593 1438 4650 transferam
1471 4609 1594 4662 eos;
1628 4603 1684 4649 et
1712 4594 1958 4649 auferam

397 4683 721 4751 sapientiam
767 4685 1072 4754 sapientum
1116 4693 1172 4740 et
1205 4685 1613 4754 intelligentiam
1651 4684 1961 4754 intelligen-

397 4774 530 4827 tium
561 4775 799 4845 ipsorum
841 4777 1133 4832 occultabo
1163 4778 1237 4841 ⁸ος
1261 4795 1279 4828 ι
1323 4777 1585 4832 desinatis
1613 4785 1668 4833 et
1696 4791 1791 4831 vos
1818 4777 1962 4846 ipsos

395 4873 452 4919 et
487 4881 583 4922 eos
621 4869 713 4937 qui
753 4884 849 4924 vos
889 4871 1133 4933 audiunt,
1167 4869 1221 4923 in
1255 4883 1501 4924 errorem
1535 4869 1812 4934 inducere,
1845 4877 1902 4924 et
1929 4884 1960 4924 a

394 4959 572 5024 nobis,
593 4962 790 5030 quibus
805 4962 1005 5018 Christi
1024 4966 1195 5036 gratia
1215 4965 1537 5036 sapientiam
1557 4966 1832 5035 praestitit,
1854 4964 1966 5020 edi—

463 5121 510 5154 "
547 5118 656 5176 ιον.
693 5133 767 5186 Iv,
793 5121 886 5178 εὶ.
957 5121 1006 5154 ⁸⁸
1043 5120 1150 5176 lsa.
1182 5137 1338 5188 xxxx,
1373 5123 1462 5177 M.

467 5262 581 5334 (5i)
615 5261 801 5334 βαι...
837 5260 1104 5332 ἱάθημεν.
1144 5262 1264 5334 ipsa
1314 5266 1611 5334 Scriptura:
1643 5263 1807 5318 verba
1838 5263 1972 5318 reti-

395 5331 580 5406 netj.
608 5331 879 5406 Justinus,
909 5331 1009 5387 nec
1035 5331 1256 5390 necesse
1283 5346 1374 5406 est
1412 5331 1592 5406 legere
1619 5334 1858 5406 ἰαθῆναι.

470 5403 595 5476 (59.)-
625 5405 722 5476 Ἐκ
753 5403 927 5476 τοῦ...
956 5403 1688 5476 περιλειφθέντοςδδυρριθ
1730 5403 1973 5476 σπέρμα-

398 5473 513 5538 τοέ.
556 5473 674 5528 vm.
711 5491 764 5527 η.
797 5474 867 5528 55
895 5485 948 5527 et
979 5474 1067 5527 64.

470 5545 582 5614 (55)
623 5545 747 5597 Ἐπὶ
777 5546 978 5612 θύραις
1010 5545 1201 5611 ὄντος.
1246 5545 1374 5601 Post
1418 5545 1518 5604 has
1561 5561 1723 5602 voces
1769 5546 1973 5602 adden-

395 5617 530 5682 gdum
562 5616 622 5668 ὃν
650 5616 926 5686 admonuit
964 5616 1302 5686 Sylburgius.

400 5689 412 5696 “
477 5686 591 5754 (54)
624 5685 828 5739 Πόσον
861 5685 1099 5753 χρόνον,
1130 5685 1184 5737 κζ
1211 5705 1260 5739 τ.
1297 5686 1346 5739 λ.
1388 5685 1537 5741 lltmc
1560 5687 1798 5742 Danielis
1826 5701 1977 5740 com-

404 5765 592 5825 putum
620 5771 716 5826 pcr
740 5757 1020 5811 triennium
1044 5765 1093 5811 et
1117 5773 1207 5811 sex
1233 5773 1434 5812 menses
1465 5759 1698 5828 explicat
1719 5759 1973 5826 lrcnaeus,

2072 4597 2179 4651 ἰδοὺ
2211 4597 2504 4669 προσθήσω
2537 4595 2626 4649 τοῦ
2669 4593 2981 4666 μεταθεῖναι
3019 4591 3108 4644 τὸν
3147 4589 3275 4644 λαὸν
3311 4585 3516 4651 τοῦτον,
3551 4587 3651 4641 καὶ

2073 4692 2362 4762 μεταθήσω
2385 4690 2599 4753 αὐτοὺς,
2632 4688 2726 4742 καὶ
2755 4685 2939 4756 ἀφελῶ
2966 4685 3064 4758 τὴν
3094 4683 3284 4753 σοφίαν
3307 4679 3414 4734 τῶν
3444 4678 3652 4749 σοφῶν,

2069 4784 2164 4837 καὶ
2194 4783 2291 4855 τὴν
2329 4783 2540 4835 σύνεσιν
2580 4780 2686 4834 τῶν
2719 4779 2954 4834 συνετῶν
2994 4776 3174 4832 αὐτῶν
3207 4774 3420 4846 κρύψω,
3447 4793 3468 4826 ›
3507 4772 3653 4826 παύ-

2073 4875 2237 4946 σησθε
2267 4872 2360 4927 καὶ
2389 4873 2609 4936 ἑαυτοὺς
2641 4871 2878 4934 καὶτοὺς
2911 4869 3064 4939 ὑμῶν
3083 4865 3376 4928 ἀκούοντας
3404 4862 3654 4917 πλανῶν-

2071 4982 2182 5028 τες,
2221 4965 2316 5018 καὶ
2349 4961 2650 5034 παρ’ήμῶν
2693 4961 3056 5032 μανθάνοντες
3086 4957 3195 5029 (⁵56)
3225 4955 3331 5012 τῶν
3365 4952 3650 5024 σοφισθέν-

2079 5266 2137 5314 ιη
2167 5261 2356 5332 quibus
2391 5261 2597 5315 veniens
2630 5258 3048 5332 (Antichristus)
3071 5257 3647 5332 _regna_bi(_super_t_er-

2077 5326 2209 5384 rant.
2248 5331 2390 5385 lren.
2427 5332 2546 5384 adv.
2578 5326 2790 5397 lueret,
2816 5345 2868 5396 ν,
2896 5329 2987 5389 25,
3018 5326 3126 5398 55,
3157 5342 3211 5395 p.
3243 5326 3352 5382 525
3383 5329 3470 5385 ed.
3509 5326 3652 5382 Mas-

2077 5410 2215 5455 suet.
2238 5406 2387 5454 ιιι-τηε.

2146 5471 2261 5536 (55)
2301 5470 2409 5522 Καὶ
2445 5469 2684 5538 καιρῶν.
2721 5471 2955 5526 Clarom.
2989 5470 3084 5523 καὶ
3117 5467 3329 5540 καιρόν.

2149 5541 2260 5611 (56)
2305 5536 2744 5608 Μανθὰνῖοντες.
2799 5540 2924 5594 llaec
2959 5541 3153 5611 referri
3190 5536 3416 5611 possunt
3451 5536 3518 5590 ad
3555 5550 3654 5589 su-

2116 5607 2261 5666 erius
2297 5612 2520 5664 verbum
2576 5607 2907 5673 πεισθέντες.
2952 5608 3133 5674 Quare
3181 5607 3256 5661 nil
3299 5620 3521 5661 necesse
3567 5615 3652 5660 est

2098 5698 2259 5762 egere
2293 5680 2615 5762 ’μανθὰνητε
2651 5693 2744 5762 aut
2793 5679 3091 5762 μανθάνετε
3109 5689 3224 5762 ,λιι
3246 5677 3562 5762 “Sylburgio
3591 5685 3654 5755 et

2079 5752 2200 5810 aliis
2253 5748 2477 5823 placuit.
2535 5748 2701 5810 l'aulo
2755 5748 2884 5808 ante
2930 5749 3061 5822 legit
3109 5748 3386 5805 Thirlbius
3419 5748 3515 5802 καὶ
3548 5748 3652 5818 τῷ,
