3962 6262
258 376 369 435 5ιὸ
1294 387 1638 446 DlALOGUS
1667 387 1814 446 CUM
1847 388 2218 451 TBYPHONE
2247 391 2511 451 JUDIEO.
3515 392 3620 450 546

271 508 380 546 των
421 491 542 546 ἀπὸ
588 491 712 565 τῆς
749 497 865 550 τοῦ
905 499 1161 570 Χριστοῦ
1196 501 1427 574 χάριτος.
1464 503 1619 555 Εἰσὶν
1646 498 1739 556 οὖν
1775 504 1871 557 καὶ
1900 506 1944 558 ol

2059 508 2247 563 scatis.
2275 507 2366 563 Sic
2389 515 2570 562 autem
2599 519 2658 562 se
2680 505 2888 561 habent
2907 504 3070 559 verba
3095 501 3371 559 Davidis”
3399 520 3455 560 τι
3474 503 3626 560 Dixit

278 583 434 652 λόγοι
460 585 516 637 οἱ
549 584 657 638 διὰ.
688 587 891 642 Δαδὶδ
922 590 1218 661 λεχθέντες
1247 587 1408 646 οὗτοι·
1451 611 1469 642 ι
1493 589 1658 648 Εἶπεν
1688 595 1716 646 6
1745 592 1943 666 Κύριος

2049 601 2307 655 Dominus
2339 602 2570 656 Domino
2601 613 2722 654 meo
2754 617 2768 653 :
2798 599 2926 652 sede
2953 613 2982 650 a
3013 597 3221 652 dextris
3262 598 3419 662 meis,
3447 596 3625 653 donec

295 677 372 749 τῷ
401 678 610 749 Κυρίῳ
646 697 787 750 μου·
832 682 1041 736 Κάθου
1065 687 1130 736 ἐκ
1155 684 1340 751 δεξιῶν
1374 702 1472 755 μου
1497 684 1602 748 ἓως
1626 686 1691 740 ἂν
1723 685 1798 738 θῶ
1821 685 1944 749 τοὺς

2048 709 2239 762 ponam
2269 693 2517 748 inimicos
2543 702 2665 747 tuos
2689 692 2984 747 scabellum
3006 692 3202 760 pedum
3234 699 3474 744 tuorum.
3503 690 3624 743 Vir-

308 771 538 843 ὶχθρούς
577 789 684 825 σου
732 773 1060 830 ὑποπόδιον
1093 776 1198 830 τῶν
1233 775 1406 829 ποδῶν
1439 795 1551 831 σου.
1600 777 1820 830 Ῥάόδον
1852 777 1944 829 δυ-

2048 802 2166 856 gam
2206 786 2428 840 virtutis
2467 785 2679 839 emittet
2724 784 2819 839 tibi
2862 784 3127 838 Dominus
3171 798 3234 837 ex
3277 781 3407 837 Sion
3433 799 3447 835 :
3473 791 3528 836 et
3561 791 3622 836 tu

321 863 534 934 νάμεως
577 861 971 928 ὲξαποστελεῖ
1005 884 1089 920 σοι
1122 867 1321 938 Κύριος
1351 870 1416 921 ὲκ
1448 866 1604 921 Σιών·
1641 869 1736 921 κού⁴
1776 884 1944 920 κατα-

2048 878 2328 932 dominare
2369 879 2422 932 in
2473 877 2653 931 medio
2702 877 3052 930 inimicorum
3109 882 3346 929 tuorum.
3417 872 3622 928 Tecum

335 955 547 1026 κυρξευε
574 956 637 1008 ὲν
683 956 852 1028 μέσῳ
891 957 1005 1012 τῶν
1035 957 1246 1031 ἐχθρῶν
1282 975 1393 1012 σου.
1430 959 1588 1013 Μετὰ
1622 959 1715 1012 σοῦ
1743 961 1776 1029 ἡ
1802 957 1944 1029 ἀρχὴ

348 1050 402 1102 ὲν
444 1048 636 1121 ἡμέρᾳ
685 1051 795 1120 τῆς
846 1050 1137 1121 δυνάμεώς
1182 1068 1297 1116 σου,
1331 1053 1390 1105 ὲν
1435 1054 1555 1115 ταῖς
1598 1051 1944 1122 λαμπρότησι

354 1139 451 1193 τῶν
482 1139 660 1207 άγίων
693 1158 818 1194 σου.
858 1143 959 1194 Ἐκ
987 1141 1222 1213 γαστρὸς
1243 1142 1348 1212 πρὸ
1375 1142 1651 1212 ἑωσφόρου
1683 1141 1947 1213 ὲγέννησά

359 1248 432 1284 σε.
470 1232 687 1302 Ὦμοσε
718 1232 936 1304 Κύριος
979 1233 1076 1286 καὶ
1111 1234 1174 1286 οὐ
1209 1233 1721 1304 μεταμεληθήσεται·
1763 1233 1836 1284 Σὺ
1872 1233 1946 1284 ἱε-

363 1323 479 1394 ρεὺς
513 1325 596 1386 εἰς
622 1325 717 1376 τὸν
757 1324 937 1378 αἰῶνα
967 1325 1112 1379 κατά
1139 1326 1234 1396 τὴν
1267 1325 1417 1389 τάξιν
1445 1326 1797 1397 Μελχισεδέκ.
1831 1326 1945 1381 Κύ-

360 1431 470 1482 ριος
524 1415 590 1465 ἐκ
639 1413 839 1478 δεξιῶν
901 1432 1016 1467 σου·
1082 1413 1406 1469 συνέθλασεν
1439 1418 1495 1469 ὲν
1540 1416 1721 1487 ἡμέρᾳ
1779 1417 1946 1489 ὀργῆς

358 1505 520 1559 αὑτοῦ
571 1506 842 1576 βασιλεῖς·
907 1511 1085 1579 κρινεῖ
1135 1510 1192 1562 ὲν
1250 1513 1360 1572 τοῖς
1409 1509 1620 1574 ἔθνεσι,
1670 1509 1946 1581 πληρώσει

361 1598 639 1668 πτώματα
655 1599 796 1670 (37).
816 1600 913 1652 Ἐκ
929 1601 1231 1672 χειμάρρου
1249 1604 1305 1654 ὲν
1325 1601 1429 1672 ὁδῷ
1451 1602 1651 1655 πίεται·
1683 1602 1769 1655 διὰ
1795 1602 1948 1656 τοῦτο

364 1689 567 1760 ὑψώσει
592 1691 866 1761 κεφαλήν.
894 1710 912 1742 ι

428 1785 518 1839 55.
567 1785 686 1837 Καὶ
733 1783 924 1836 τοῦτον
967 1782 1058 1837 τὸν
1101 1782 1312 1855 ψαλμὸν
1353 1785 1434 1838 ὅτι
1465 1786 1545 1850 εἰς
1576 1781 1668 1840 τὸν
1701 1784 1946 1852 Ἐζεκίαν

2043 971 2383 1040 principatus
2409 972 2460 1024 in
2493 970 2580 1024 die
2616 970 2837 1024 virtutis
2871 978 2976 1023 tua:
3004 972 3058 1022 in
3084 966 3466 1037 splendoribus
3490 981 3626 1021 san-

2046 1073 2258 1118 ctorum
2287 1072 2523 1117 tuorum.
2562 1062 2639 1115 Ex
2673 1069 2831 1115 utero
2874 1071 3003 1114 ante
3045 1060 3331 1114 luciferum
3359 1059 3519 1128 genui
3545 1067 3622 1114 te.

2045 1155 2256 1209 Juravit
2290 1155 2550 1207 Dominus
2589 1162 2643 1207 et
2676 1169 2782 1208 non
2834 1152 3124 1222 paenitebit
3169 1167 3327 1217 eum;
3359 1160 3412 1204 tu
3443 1165 3504 1205 es
3529 1164 3625 1203 sa-

2046 1250 2236 1304 cerdos
2279 1248 2331 1302 in
2376 1257 2639 1302 atternum
2692 1247 2990 1302 secundum
3045 1245 3295 1299 ordinem
3335 1241 3624 1296 Melchise-

2047 1340 2204 1395 dech.
2232 1340 2494 1393 Dominus
2522 1353 2552 1392 a
2585 1339 2795 1393 dextris
2829 1338 2956 1401 tuis,
2999 1335 3269 1406 confregit
3311 1335 3363 1387 in
3412 1335 3499 1387 die
3527 1332 3626 1387 ira
3660 1404 3663 1406 _

2047 1447 2157 1486 sua:
2205 1446 2380 1500 reges.
2418 1428 2692 1483 Judicabit
2737 1429 2790 1482 in
2852 1429 3188 1491 nationibus,
3221 1426 3465 1494 implebit
3507 1423 3622 1478 rui-
3658 1407 3666 1418 ’

2047 1539 2168 1580 nas.
2216 1523 2290 1578 De
2324 1532 2570 1577 torrente
2612 1523 2665 1577 in
2707 1523 2792 1576 via
2829 1521 3001 1587 bibet,
3032 1529 3317 1590 propterea
3361 1517 3624 1573 exaltabit

2047 1625 2228 1685 caput.
2250 1635 2268 1667 ι

2119 1793 2209 1848 55.
2255 1791 2503 1846 Psalmus
2528 1790 2617 1844 ille
2641 1807 2746 1844 non
2776 1790 2951 1844 dictus
2975 1797 3050 1843 est
3074 1791 3131 1843 in
3155 1787 3456 1846 Exeo/tiam.
3490 1788 3623 1843 Pro-

365 1878 449 1930 τὸν
476 1875 710 1946 βασιλέα
733 1875 984 1948 εἰρῆσθαι
1007 1875 1313 1946 ἐξηγεῖσθαι
1339 1876 1595 1947 τολμᾶτε,
1625 1879 1724 1930 οὐκ
1745 1876 1943 1945 ἀγνοῶ,

2049 1882 2136 1937 bat
2173 1880 2448 1936 Christum
2483 1880 2734 1934 humilem
2775 1882 2971 1950 primo,
3005 1881 3192 1934 deinde
3221 1881 3507 1949 gloriosum
3533 1879 3626 1948 fu-

363 1972 608 2023 ὲπείπον·
665 1970 754 2022 ὅτι
798 1969 856 2021 δὲ
903 1968 1270 2038 πεπλάνησθε,
1304 1969 1366 2034 ἐξ
1406 1969 1584 2024 αὐτῶν
1626 1969 1733 2024 τῶν
1773 1969 1947 2039 λόγων

362 2063 560 2117 αὐτίκα
589 2065 724 2132 ὑμῖν
759 2061 1044 2125 ἀποδείξω.
1071 2081 1089 2113 ι
1118 2062 1316 2132 Ὥμοσε
1349 2061 1553 2133 Κύριος
1581 2062 1676 2116 καὶ
1700 2063 1760 2114 οὐ
1792 2079 1950 2133 μετα-

364 2157 792 2229 μεληθήσεται,›
813 2155 1048 2226 εἴρηται·
1068 2155 1180 2208 καί·
1206 2175 1223 2206 ι
1247 2157 1318 2210 Σὺ
1351 2157 1527 2226 ἱερεὺς
1550 2159 1629 2220 εἰς
1661 2156 1751 2209 τὸν
1776 2155 1948 2209 αἰῶνα

361 2251 502 2304 κατὰ
536 2250 640 2320 τὴν
683 2247 839 2312 τάξιν
876 2248 1227 2318 Μελχισεδὲκ,
1253 2266 1272 2298 ι
1333 2248 1427 2302 καὶ
1485 2248 1551 2301 τά
1612 2244 1944 2319 ἐπαγόμενα,

360 2344 454 2397 καὶ
484 2344 558 2396 τά
595 2343 934 2414 προάγοντα.
982 2341 1180 2410 Ἰερεὺς
1205 2341 1261 2393 δὲ
1295 2341 1378 2393 ὅτι
1402 2338 1524 2393 οὔτε
1558 2340 1776 2409 γέγονεν
1800 2339 1949 2405 Ἐζε-

360 2419 505 2500 κίας,
539 2434 670 2488 οὔτε
705 2433 855 2487 ἐστὶν
885 2431 1103 2496 αἰώνιος
1135 2433 1307 2502 ἱερεὺς
1338 2432 1429 2486 τοῦ
1459 2432 1613 2495 Θεοῦ,
1641 2432 1759 2485 οὐδὲ
1791 2433 1947 2503 ὑμεῖς

359 2528 641 2580 ἀπειπεῖν
671 2525 993 2595 τολμήσετε·
1022 2525 1104 2576 ὅτι
1129 2524 1185 2576 δὲ
1212 2521 1450 2596 περὶτοῦ
1475 2523 1741 2594 ἡμετέρου
1771 2522 1945 2594 Ἰησοῦ

361 2619 579 2688 εῐρηται
614 2616 715 2670 καὶ
748 2610 910 2669 αὗται
943 2616 1002 2670 αἱ
1049 2616 1222 2685 φωναὶ
1256 2616 1600 2686 σημαίνουσι.
1637 2615 1717 2668 Τὰ
1747 2615 1802 2668 δὲ
1832 2610 1946 2668 ὦτα

361 2709 517 2780 ὑμῶν
565 2709 888 2778 πέφρακται
938 2707 1032 2760 καὶ
1065 2709 1122 2760 αἱ
1164 2707 1382 2778 καρδίαι
1427 2708 1778 2778 πεπήρωνται
1813 2705 1942 2775 (38).

364 2801 439 2854 T6
475 2801 609 2871 γὰρ,
650 2819 670 2850 ι
701 2801 905 2870 Ὤμοσε
944 2799 1150 2868 Κύριος
1190 2799 1284 2851 καὶ
1320 2799 1382 2852 οὐ
1419 2797 1940 2871 μεταμεληθήσεται·

365 2892 438 2946 ΣΞ)
467 2894 650 2964 ἱερεὺς
683 2894 765 2954 εἰς
798 2891 889 2944 τὸν
916 2890 1092 2944 αίῶνα
1123 2889 1262 2943 κατὰ
1293 2887 1390 2961 τὴν
1403 2890 1553 2956 τάξιν
1568 2887 1951 2959 Μελχισεδέκ.»

366 2978 481 3049 μεθ’
514 2987 687 3055 ὅρκου
722 2985 751 3036 6
782 2982 916 3044 Θεὸς
943 2981 1032 3034 διὰ
1061 2981 1158 3052 τὴν
1186 2979 1444 3034 ἀπιστίαν
1477 2979 1651 3051 ὑμῶν,
1684 2979 1944 3051 ἀρχιερέα

363 3076 528 3130 αὐτὸν
577 3076 727 3129 κατά
769 3074 866 3145 τὴν
913 3074 1065 3140 τάξιν
1117 3073 1448 3144 Μελχισεδὲκ
1493 3071 1630 3126 εἶναι
1679 3073 1942 3144 ἐδήλωσε,

2047 1973 2540 2041 turum—Atque
2583 1973 2724 2026 hunc
2770 1971 2988 2040 quidem
3035 1970 3298 2038 psalmum
3343 1971 3444 2040 (sic
3472 1971 3620 2026 enim

2047 2067 2376 2136 pergebam)
2426 2080 2531 2118 non
2582 2066 2775 2133 ignoro
2817 2065 2890 2117 ita
2927 2079 2958 2118 a
2996 2063 3150 2118 vobis
3195 2064 3413 2133 exponi,
3458 2071 3518 2117 ut
3561 2063 3618 2118 in

2047 2158 2338 2211 Ezechiam
2373 2156 2580 2210 dictum
2611 2170 2733 2211 esse
2778 2155 3026 2210 audeatis
3055 2157 3255 2208 dicere.
3286 2155 3392 2210 Vos
3437 2164 3620 2210 autem

2048 2264 2232 2302 errore
2277 2249 2405 2312 labi,
2436 2249 2685 2317 protinus
2723 2248 2876 2301 vobis
2913 2261 2981 2300 ex
3014 2246 3194 2301 verbis
3224 2246 3357 2315 ipsis
3392 2245 3621 2300 demon.

2049 2343 2258 2396 Strabo.
2294 2341 2506 2395 Dictum
2539 2350 2655 2394 est:
2685 2358 2704 2392 ι
2734 2339 2948 2394 Juravit
2976 2339 3240 2393 Dominus
3268 2347 3322 2392 et
3351 2352 3458 2392 non
3503 2351 3620 2406 pte-

2047 2434 2241 2487 nitebit
2289 2447 2436 2487 eum.
2464 2450 2483 2483 ι
2513 2431 2616 2485 Et:
2653 2451 2670 2482 ι
2701 2430 2777 2484 Tu
2829 2446 2888 2486 es
2939 2430 3198 2484 sacerdos
3242 2428 3297 2482 in
3347 2438 3619 2482 aeternum

2049 2523 2342 2579 secundum
2370 2525 2616 2579 ordinem
2647 2522 3071 2587 Melchisedech,
3098 2539 3116 2573 ι
3159 2529 3215 2574 et
3237 2534 3355 2589 qua:
3384 2534 3623 2587 sequun-

2048 2624 2158 2684 tur,
2181 2630 2411 2686 quaeque
2434 2617 2764 2684 praecedunt.
2792 2613 3076 2669 Ezechiam
3105 2620 3286 2666 autem
3315 2625 3414 2664 nec
3441 2624 3626 2665 sacer-

2047 2708 2226 2762 dotem
2278 2707 2467 2771 fuisse,
2502 2723 2603 2762 nec
2652 2715 2917 2761 retentum
2962 2705 3056 2758 Dei
3101 2703 3438 2757 sacerdotem
3477 2714 3620 2765 esse,

2048 2815 2116 2855 ne
2143 2800 2242 2870 ipsi
2277 2801 2495 2866 quidem
2518 2807 2714 2855 contra
2753 2795 3028 2851 audebitis
3057 2795 3242 2849 dicere
3268 2813 3281 2848 :
3304 2795 3354 2847 id
3395 2808 3522 2848 vero
3553 2793 3622 2847 de

2047 2895 2176 2950 Jesu
2206 2904 2397 2950 nostro
2445 2895 2651 2948 dictum
2679 2906 2799 2947 esse
2841 2890 3003 2946 verba
3035 2888 3149 2954 ipsa
3183 2889 3494 2953 declarant;
3525 2886 3621 2941 sed

2047 3003 2208 3042 aures
2233 2997 2427 3041 vestrae
2446 2985 2713 3040 obturatas
2734 2994 2786 3038 et
2809 2984 2975 3038 corda
3001 2990 3267 3036 excaecata
3291 2981 3330 3032 ι.
3359 2979 3453 3034 llis
3473 2979 3620 3032 enim

2050 3078 2268 3133 verbis:
2307 3095 2325 3128 ι
2354 3076 2567 3131 Iuravit
2611 3076 2871 3129 Dominus
2907 3083 2959 3128 et
2991 3089 3098 3127 non
3137 3073 3424 3146 paenitebit
3467 3084 3616 3124 eum.

361 3169 679 3231 τουτέστιν,
715 3166 772 3219 ὃν
819 3164 1017 3237 τρόπον
1049 3167 1078 3217 ὁ
1111 3164 1439 3234 Μελχισεδὲκ
1474 3165 1650 3235 ἱερεὺς
1693 3163 1943 3233 Ὑψίστου

2051 3171 2131 3226 Tu
2159 3186 2219 3225 es
2240 3169 2494 3224 sacerdos
2521 3169 2573 3221 in
2597 3177 2861 3221 aeternum
2890 3167 3191 3220 secundum
3215 3163 3462 3217 ordinem
3492 3160 3623 3214 Mcl-

365 3257 472 3310 ὐπὸ
503 3257 792 3320 Μωῦσέως
837 3257 1249 3328 ἀναγέγραπται
1281 3255 1628 3327 γεγενῆσθαι,
1663 3254 1758 3308 καὶ
1790 3249 1944 3319 οὗτος

365 3351 470 3403 τιίνν
505 3353 566 3402 ὲν
596 3349 936 3420 ἀκροϐυστία
969 3349 1147 3419 ἱερεὺς
1184 3345 1284 3419 ἦν,
1319 3348 1414 3401 καὶ
1448 3347 1538 3400 τὸν
1572 3349 1628 3400 ὲν
1674 3349 1941 3420 περιτομῇ

362 3440 597 3503 δεκάτας
643 3439 795 3510 αὐτῷ
832 3439 1271 3510 προσενέγκαντα
1321 3439 1572 3510 Ἀϐραὰμ
1619 3439 1942 3510 εὐλόγησεν,

366 3531 543 3594 οὕτως
575 3532 670 3584 τὸν
704 3534 921 3584 αἰώνιον
953 3529 1118 3583 αὑτοῦ
1155 3531 1324 3603 ἱερέα,
1357 3533 1452 3584 καὶ
1483 3531 1684 3602 Κύριον
1717 3531 1821 3585 ὑπὸ
1852 3532 1944 3586 τοῦ

363 3625 522 3692 ἁγίου
563 3625 886 3694 Πνεύματος
930 3621 1281 3692 καλούμενον,
1314 3625 1343 3677 6
1383 3622 1514 3687 Θεὸς
1554 3624 1660 3677 τῶν
1693 3627 1750 3677 ὲν
1783 3626 1949 3696 ἀκρο-

366 3716 562 3787 Eucti;
593 3715 925 3787 γενήσεσθαι
948 3715 1152 3786 ἐδήλου·
1189 3717 1284 3768 καὶ
1310 3715 1436 3778 τοὺς
1465 3717 1522 3768 ὲν
1551 3720 1813 3788 περιτομῇ
1835 3716 1946 3789 (59)

368 3825 696 3878 προσωντας
744 3808 892 3878 αὐτῷ
916 3849 932 3871 ,
982 3807 1225 3861 τουτέστι
1266 3808 1618 3872 πιστεύοντας
1662 3809 1808 3880 αὐτῷ
1852 3811 1948 3864 καὶ

365 3901 464 3964 τὰς
479 3900 734 3968 εὐλογίας
762 3903 892 3970 παρ’
909 3900 1072 3954 αὐτοῦ
1110 3901 1421 3972 ζητοῦντας,
1440 3903 1535 3955 καὶ
1561 3901 1756 3966 αὐτοὺς
1782 3918 1949 3974 προσ-

364 3992 610 4058 δέξεται,
647 3993 744 4046 καὶ
778 3994 1061 4065 εὐλογήσει
1096 3993 1224 4065 (40).
1259 3993 1370 4047 Καὶ
1400 3995 1481 4046 ὅτι
1514 3994 1768 4057 ταπεινὸς
1795 3994 1948 4047 ἔσται

367 4083 583 4155 πρῶτον
630 4084 938 4156 ἄνθρωπος,
983 4081 1100 4138 εἶτα
1147 4085 1519 4156 ὑψωθήσεται,
1567 4087 1636 4140 τά
1678 4085 1770 4139 ἐπὶ
1802 4085 1942 4139 τέλει

367 4175 457 4227 τοῦ
490 4176 709 4246 ψαλμοῦ
747 4176 914 4246 δηλοῖ·
953 4196 972 4226 ι
1004 4177 1100 4229 Ἐκ
1138 4177 1434 4250 χειμάρρου
1466 4178 1575 4249 γὰρ
1597 4180 1653 4232 ὲν
1685 4177 1788 4248 ὁδῷ
1825 4178 1945 4230 πίε-

365 4283 477 4329 ται,
506 4287 524 4318 ι
563 4267 663 4321 καὶ
698 4268 836 4338 ἅμα,
880 4287 897 4319 ι
923 4269 1011 4322 διὰ
1045 4267 1200 4321 τοῦτο
1233 4269 1436 4338 ὑψώσει
1468 4269 1769 4341 κεφαλήν.»

2052 3263 2363 3328 chisedech,
2390 3278 2410 3312 ι
2441 3259 2797 3330 jurejurando
2826 3257 2975 3312 Deus
3007 3264 3228 3324 propter
3266 3252 3622 3308 incredulita-

2054 3365 2158 3409 tem
2188 3365 2424 3410 vestram
2451 3351 2791 3421 interposito,
2819 3349 3129 3419 pontiﬁcem
3155 3347 3300 3400 illum
3327 3344 3621 3400 secundum

2051 3447 2296 3501 ordinem
2338 3444 2734 3500 Melchisedech
2804 3457 2925 3497 esse
2987 3440 3318 3504 declaravit;
3353 3439 3456 3492 hoc
3499 3448 3620 3504 est,

2052 3540 2506 3606 quemadmodum
2580 3533 2972 3590 Melchisedech
3037 3532 3295 3586 sacerdos
3355 3529 3619 3584 Altissimi

2050 3630 2220 3685 fuisse
2255 3645 2286 3684 a
2315 3630 2499 3700 Moyse
2543 3627 2783 3698 scriptus
2833 3636 2941 3690 est,
2985 3627 3139 3694 isque
3186 3637 3394 3688 eorum,
3423 3621 3511 3690 qui
3565 3622 3619 3674 in

2049 3725 2314 3794 pra‘putio
2358 3723 2618 3778 sacerdos
2645 3731 2785 3787 erat,
2821 3735 2884 3774 ac
2911 3719 3225 3783 Abrahamo
3253 3715 3490 3770 decimas
3517 3713 3619 3782 ipsi

2050 3817 2101 3868 in
2129 3816 2547 3870 circumcisione
2569 3811 2816 3869 oﬂ‘crenti
2841 3810 3118 3866 benedixit
3142 3829 3156 3861 :
3183 3809 3263 3864 sic
3289 3806 3430 3861 Deus
3461 3812 3621 3859 teter-

2051 3923 2176 3962 num
2223 3922 2376 3962 suum
2429 3907 2788 3966 sacerdotem,
2817 3904 2907 3972 qui
2942 3912 2997 3956 et
3034 3900 3298 3956 Dominus
3345 3913 3373 3950 a
3410 3896 3616 3965 Spiritu

2050 4011 2239 4053 sancto
2264 4007 2489 4052 vocatus
2517 4006 2620 4061 est,
2653 4011 2866 4058 eorum,
2892 3996 2982 4062 qni
3028 3994 3078 4048 in
3117 3990 3402 4061 praeputio,
3432 4003 3618 4042 sacer-

2053 4090 2229 4144 dotem
2279 4089 2547 4152 futurum,
2589 4097 2643 4141 et
2684 4085 3038 4141 circumcisos
3088 4099 3304 4152 quoque
3353 4083 3504 4150 ipsos
3550 4079 3619 4133 ad

2049 4195 2172 4235 eum
2206 4180 2550 4243 accedentes,
2580 4178 2632 4232 id
2660 4189 2766 4243 est,
2797 4178 2850 4230 in
2879 4190 3000 4230 eum
3035 4177 3341 4236 credentes,
3369 4181 3417 4224 et
3451 4171 3618 4223 bene-

2051 4271 2344 4324 dictionem
2399 4271 2466 4324 ab
2513 4285 2580 4324 eo
2623 4280 2930 4337 quaarentes
2988 4273 3372 4332 suscepturum
3420 4268 3474 4315 et
3513 4258 3618 4314 illis

366 4359 788 4412 benedicturum
841 4359 1163 4414 declaravit.
1218 4360 1400 4414 Primo
1460 4369 1637 4414 autem
1687 4360 1946 4416 humilem
1985 4359 2103 4416 fore
2151 4361 2463 4425 hominem,
2535 4359 2733 4414 deinde
2800 4357 3097 4411 exaltatum
3147 4354 3213 4408 iri
3265 4354 3320 4408 in
3373 4361 3618 4407 extremo

363 4451 582 4521 psalmo
611 4452 981 4505 ostenditurzt
1008 4452 1084 4506 De
1107 4459 1352 4506 torrente
1378 4452 1523 4505 enim
1549 4452 1601 4505 in
1627 4453 1712 4504 via
1735 4454 1943 4518 bibetp
1988 4461 2043 4507 et
2069 4453 2228 4506 simul
2256 4469 2270 4507 :
2300 4471 2318 4503 ι
2348 4451 2640 4520 Propterea
2671 4449 2930 4504 exaltabit
2960 4456 3142 4517 caput.
3163 4463 3188 4523 ¹ι

435 4566 528 4620 54.
552 4567 678 4619 Ἔτι
695 4566 754 4619 δὲ
777 4566 872 4620 καὶ
891 4567 1027 4638 πρὸς
1045 4565 1104 4620 τὸ
1129 4567 1312 4646 πεῖσαι
1335 4564 1479 4636 ὑμᾶς
1498 4566 1578 4619 ὅτι
1604 4565 1708 4619 τῶν
1730 4565 1962 4639 Γραφῶν

436 4743 482 4774 ’θ
518 4741 663 4797 Psal.
689 4757 778 4797 cut
807 4756 901 4811 per
929 4749 1122 4795 totum.
1203 4743 1218 4772 '
1261 4739 1367 4796 lsa.
1407 4755 1480 4806 v1,
1504 4739 1615 4804 ,lO.

2141 4567 2230 4622 54.
2259 4565 2440 4638 Neque
2462 4569 2623 4620 etiam
2650 4563 2881 4634 psalmus
2902 4579 3028 4618 mu
3056 4561 3290 4615 convenit
3319 4557 3614 4624 Salomoni,

365 4897 655 4979 §&._'lnfra
684 4913 837 4952 num.
858 4898 950 4960 35,
969 4897 1233 4979 habemus
1253 4896 1477 4978 pariter,
1503 4894 1714 4979 τὸγὰρ,
1734 4893 1934 4965 ὤμοσε.

2115 4895 2242 4979 (40).
2265 4895 2664 4963 Προσδέξεται
2683 4935 2720 4979 ,ἢ
2733 4895 2828 4979 καὶ
2851 4894 3210 4979 Αεεύλογῄσειξ
3263 4893 3614 4979 commodius
3634 4850 3639 4856 ί

368 4972 668 5039 Legiturin
693 4981 923 5036 utroque
959 4983 1063 5022 tns.
1100 4967 1164 5020 ad
1201 4968 1503 5036 marginem
1530 4967 1628 5036 τὴν
1655 4967 1936 5018 σύνεσιν...

365 5043 533 5095 ἀθετή
543 5057 642 5093 σω.

439 5059 495 5093 :5
543 5077 548 5082 ·
628 5079 642 5092 ο

427 5043 896 5182 Ξόῗᾨῗεὲτὼματα.
933 5108 1064 5182 Quae
1099 5115 1399 5182 sequuntur
1434 5106 1484 5159 in
1513 5105 1718 5182 Bibliis,
1753 5105 1848 5182 hic
1875 5106 1941 5182 lia

365 5176 679 5236 brat-ierunt
708 5176 1028 5249 negligentia
1045 5179 1245 5231 omissa
1273 5189 1395 5231 esse
1429 5187 1613 5230 monet
1635 5176 1717 5231 Cl.
1753 5177 1938 5230 'l‘hirl-

365 5255 506 5307 hius.

435 5324 554 5391 (38)
605 5317 1016 5391 Heaﬁpmat.
1073 5313 1259 5391 Longe
1299 5317 1474 5385 aptius
1517 5317 1584 5373 ad
1636 5315 1937 5391 marginem

365 5387 499 5462 Reg.
523 5387 850 5462 et‘CIaroin.
880 5387 1538 5462 legitur_7:embpwvfrat,_t
1568 5389 1732 5462 corda
1766 5388 1940 5441 obdu-

366 5457 547 5518 rat—3.)
589 5459 683 5513 Sic
715 5461 877 5514 etiam
913 5460 980 5510 ad
1016 5457 1217 5512 calcem
1254 5457 1318 5514 Β.
1357 5457 1643 5525 Stephani.

435 5533 552 5602 (39)
585 5531 695 5583 Καὶ
729 5530 874 5595 τοὺς
904 5528 976 5602 ἐξ·
1007 5530 1310 5600 περιτομῇ.
1361 5527 1683 5602 Lapsnsest
1716 5526 1805 5580 hic
1837 5525 1937 5579 Ju—

363 5599 572 5664 stinus;
621 5618 747 5655 nam
797 5599 1142 5653 Abrahalnns
1188 5611 1314 5654 tunc
1362 5599 1620 5664 temporis
1661 5614 1764 5649 non
1817 5605 1936 5650 erat

365 5672 748 5729 eirwmcisus.
787 5669 1113 5736 Exscripsit,
1143 5677 1200 5720 ut
1253 5671 1356 5723 alia
1407 5667 1573 5720 multa
1609 5667 1825 5726 Justini.
1861 5668 1932 5720 ita

364 5747 531 5798 etiam
565 5743 711 5796 hunc
742 5754 987 5796 errorem
1007 5736 1392 5800 Tertullianus,
1423 5737 1778 5793 uvatula'os
1808 5751 1930 5806 cap.

365 5814 418 5883 ὃ,
453 5825 512 5868 et
549 5812 603 5865 in
638 5810 807 5866 Marc.
843 5811 937 5864 lib.
979 5823 1035 5871 v,
1068 5823 1115 5862 c.
1152 5809 1206 5862 9.
1239 5808 1546 5862 TIIIBLBIUS.

2042 4981 2176 5020 sane
2231 4966 2503 5032 legeretur
2550 4966 2939 5037 προσδέξεσθαι
2989 4968 3084 5020 καὶ
3128 4966 3470 5037 εὑλογήσειν,
3529 4968 3611 5037 vel

2041 5052 2202 5109 supra
2241 5037 2334 5088 καὶ
2360 5038 2447 5109 ότι
2481 5036 2604 5100 τοὺς
2639 5039 2701 5109 ἐν
2730 5041 3018 5109 περιτομῇ.
3055 5039 3258 5091 Auctor
3286 5048 3367 5109 est
3401 5036 3614 5090 Tertul-

2044 5103 2220 5160 lianus
2258 5117 2314 5158 ut
2348 5106 2544 5160 Justini
2601 5108 2759 5160 verba
2808 5103 2880 5160 'de
2928 5103 3039 5161 tota
3092 5116 3252 5172 gente
3303 5103 3609 5158 Judaeorum

2041 5178 2109 5228 ad
2146 5178 2428 5230 Christum
2477 5179 2737 5230 redeunte
2761 5177 3166 5248 intelligamus.
3211 5195 3229 5226 ι
3258 5175 3327 5227 At
3366 5177 3416 5228 in
3454 5175 3610 5228 Chri-

2040 5257 2205 5308 stum,
2242 5248 2413 5316 inquit
2447 5248 2542 5301 lib.
2583 5264 2612 5300 v
2646 5248 2699 5299 in
2751 5246 2922 5309 Marc,
2961 5246 3009 5301 ὁ.
3067 5248 3122 5306 9,
3154 5247 3439 5299 conveniet
3477 5249 3611 5298 ordo

2047 5315 2486 5381 Melchisedech;
2525 5318 2779 5386 quoniam
2818 5319 3038 5385 quidem
3075 5315 3324 5369 Christus
3359 5316 3610 5386 proprius

2043 5398 2097 5442 et
2147 5387 2422 5454 legitimus
2476 5385 2570 5441 Dei
2634 5387 2898 5450 antistes,
2956 5386 3256 5455 prmpntiati
3311 5385 3606 5440 Sacerdotii

2041 5459 2316 5527 pontifex,
2355 5469 2463 5510 tum
2501 5457 2553 5510 in
2595 5457 2905 5510 nationibus
2954 5458 3310 5520 constitutus,
3345 5472 3371 5507 a
3410 5455 3608 5522 quibus

2041 5529 2214 5596 magis
2265 5529 2464 5596 suscipi
2519 5528 2773 5588 habebat,
2824 5528 3158 5596 cognituram
3192 5541 3249 5579 se
3283 5527 3613 5596 quandoth

2039 5595 2514 5652 circumcisionem
2572 5608 2625 5650 et
2677 5595 2911 5652 Abrahze
2967 5607 3205 5666 gentem,
3237 5595 3608 5666 cumiultinto

2036 5669 2287 5738 venerit,
2350 5669 2727 5737 acceptatione
2797 5677 2850 5724 et
2909 5664 3292 5723 benedictione
3358 5664 3607 5734 dignabi-

2038 5751 2144 5796 tur.
2177 5759 2195 5793 ι
