3962 6262
335 375 438 432 587

1297 369 1351 427 S.
1386 366 1650 426 JUSTINI
1682 362 2092 422 PHILOSOPHI
2124 363 2216 420 ΕΤ
2251 364 2602 422 MARTYRIS

3480 368 3592 425 548

332 490 488 558 cujus
515 505 546 542 a
567 488 708 543 vitiis
740 488 1020 542 abhorrent
1069 486 1381 543 Christiani.
1401 517 1472 526 —
1490 485 1682 540 Adhuc
1719 492 1890 537 autem

2003 480 2153 534 οὐδὲν
2171 482 2560 554 συνήκατε,καὶ
2573 471 2730 538 ἄλλου
2745 482 2960 555 ψαλμοῦ
2977 483 3053 554 τῷ
3067 483 3230 538 Δαϐὶδ
3247 483 3355 554 (Η)
3374 483 3480 539 ὑπὸ
3493 485 3592 541 τοῦ

333 589 394 632 ut
417 577 570 632 vobis
595 579 950 647 persuadeam
985 578 1120 632 nihil
1147 595 1241 633 vos
1272 578 1678 648 Seripturarum
1709 577 1909 632 intelli-

335 681 492 737 gere;
518 668 680 720 alium
705 684 923 738 quoque
945 670 1207 738 psalmum
1235 669 1463 723 Davidia
1489 669 1692 739 Spiritu
1718 679 1908 723 sancto

331 759 592 814 dictatum
631 763 1097 826 commemorabo,
1131 777 1292 830 quem
1335 763 1552 830 quidem
1580 762 1634 814 in
1667 760 1910 816 Salomo-

331 851 643 922 nem,131
667 853 755 921 qui
774 861 827 906 et
844 855 957 922 ipse
978 870 1072 908 rex
1091 865 1270 908 vester
1288 855 1406 918 fuit,
1422 855 1624 907 dictum
1648 867 1764 907 esse
1778 869 1907 906 con-

332 946 596 1010 tenditis;
630 947 723 1000 sed
760 947 803 1000 is
833 963 1048 1015 quoque
1078 949 1129 1001 in
1153 949 1427 1002 Christum
1459 957 1706 1001 nostrum
1730 948 1908 1002 editus

252 1021 260 1028 ’
331 1046 436 1092 est.
472 1037 585 1092 Vos
619 1047 804 1091 autem
839 1054 906 1092 ex
941 1041 1236 1109 mquivocis
1262 1042 1573 1094 nominibus
1603 1040 1783 1094 fucum
1814 1054 1908 1092 vo-

330 1127 414 1182 bis
441 1129 541 1198 ipsi
577 1129 780 1185 facitis.
810 1129 910 1185 Ubi
943 1132 1087 1184 enim
1111 1149 1128 1181 t
1155 1131 1242 1183 lex
1269 1131 1479 1185 Domini
1511 1131 1856 1186 immaculata
1879 1151 1898 1184 ι

333 1222 596 1285 dicitur’,
629 1223 804 1292 legem
835 1223 1140 1290 intelligitis
1169 1239 1275 1277 non
1307 1223 1453 1278 illam
1474 1239 1591 1292 qua:
1613 1236 1735 1293 post
1757 1223 1906 1295 Moy-

331 1325 429 1364 sen
480 1310 658 1365 futura
705 1322 843 1376 erat,
880 1312 976 1366 sed
1006 1327 1125 1367 eam
1157 1328 1277 1381 quae
1311 1329 1406 1382 per
1436 1315 1612 1384 ipsum
1650 1315 1772 1369 data
1800 1325 1902 1380 est,

331 1403 577 1472 quamvis
607 1405 747 1457 Deus
775 1406 973 1459 clamet
1015 1419 1074 1459 se
1121 1420 1314 1457 novam
1365 1406 1540 1475 legem
1586 1423 1651 1463 ac
1694 1408 1901 1462 Novum

331 1490 738 1546 Testamentum
770 1493 1161 1548 institutarum.
1194 1495 1260 1548 Et
1293 1495 1384 1549 ubi
1416 1497 1652 1551 dicitur:
1692 1516 1710 1548 ι
1739 1497 1900 1563 Deus,

325 1581 592 1652 judicium
647 1594 795 1637 tuum
845 1585 975 1655 Regi
1019 1586 1156 1651 da”;
1209 1587 1335 1655 quia
1368 1603 1463 1640 rex
1495 1587 1594 1640 fuit
1624 1587 1901 1654 Salomon,

330 1674 597 1740 psalmum
624 1676 820 1728 incum
851 1677 1055 1730 dictum
1079 1658 1198 1732 esse
1225 1678 1412 1741 vultis,
1441 1679 1692 1745 quamvis
1713 1680 1901 1749 psalmi

329 1766 498 1819 verba
528 1767 728 1821 diserte
753 1767 1033 1820 declarent
1063 1781 1186 1820 eum
1215 1767 1421 1820 editum
1457 1767 1625 1822 fuisse
1661 1769 1712 1820 in
1742 1779 1900 1822 aeter-

2011 574 2166 644 άγίου
2183 574 2324 628 Πνεύ
2331 592 2497 646 ματος
2512 575 2801 646 εἰρημένου
2828 577 3230 646 ἀναμνήσομαι,
3245 575 3306 629 δν
3321 578 3401 639 εἰς
3429 576 3596 631 Σολο-

2011 667 2282 738 μῶνα,τὸν
2297 669 2584 738 γενόμενον
2609 667 2702 721 καὶ
2718 667 2880 721 αὐτὸν
2902 665 3122 736 βασιλέα
3141 667 3318 738 ὑμῶν,
3337 667 3594 738 εἰρῆσθαι

2007 757 2212 826 λέγετεο
2250 761 2329 822 εἰς
2359 759 2415 812 δὲ
2448 759 2538 832 τὸν
2572 757 2804 830 Χριστὸν
2833 757 2990 828 ἡμῶν
3024 757 3121 812 καὶ
3154 758 3318 822 αὐτὸς
3349 761 3591 832 εἴρηται.

2021 848 2207 918 Ὑμεῖς
2238 849 2293 901 δὲ
2325 849 2433 902 ἀπὸ
2465 848 2571 902 τῶν
2603 848 2905 919 ὁμωνύμων
2938 848 3134 915 λέξεων
3185 852 3409 916 ἑαυτοὺς
3459 853 3593 918 ἐξα-

2008 945 2216 996 πατᾶτε
2239 960 2251 972 ·
2287 944 2422 996 ὅπου
2456 943 2564 1014 γὰρ
2603 945 2672 996 (ὁ
2703 943 2864 1014 νόμος
2914 943 3006 995 τοῦ
3055 942 3262 1014 Κυρίου
3305 944 3536 1015 ἄμωμος
3567 965 3588 998 ι

2007 1035 2241 1105 εἴρηται,
2275 1035 2395 1106 οὐχὶ
2441 1035 2530 1088 τὸν
2581 1035 2696 1106 μετ’
2729 1037 2934 1088 ἐκεῖνον
2986 1034 3265 1104 μέλλοντα,
3315 1037 3450 1090 ἀλλὰ
3496 1039 3593 1091 τὸν

2006 1124 2094 1177 διὰ
2125 1125 2400 1189 Μωῦσέως
2448 1124 2749 1195 ὲξηγεῖσθε,
2785 1125 2877 1177 τοῦ
2927 1125 3062 1179 Θεοῦ
3118 1126 3365 1196 βοῶντος,
3401 1128 3592 1181 καινὸν

2006 1218 2168 1287 νόμον
2215 1219 2309 1270 καὶ
2356 1218 2546 1288 καινήν
2591 1216 2855 1287 διαθήκην
2899 1217 3271 1288 διαθήσεσθαι.
3307 1219 3417 1272 Kal.
3449 1221 3592 1274 ὅπου

2005 1305 2272 1370 λέλεκται,
2310 1325 2328 1356 ‹
2359 1307 2416 1359 '0
2449 1307 2600 1370 θεὸς,
2637 1305 2695 1357 τὸ
2729 1306 2902 1377 κρίμά
2933 1323 3028 1358 σου
3062 1306 3138 1376 τῷ
3173 1305 3382 1375 βασιλεῖ
3420 1307 3530 1372 δός,
3563 1327 3582 1357 ι

2007 1400 2192 1471 ἐπειδὴ
2219 1399 2471 1470 βασιλεὺς
2494 1397 2748 1468 Σολομὼν
2781 1399 3022 1466 γέγονεν,
3048 1401 3127 1463 εἰς
3163 1399 3320 1452 αὐτὸν
3341 1400 3430 1450 τὸν
3449 1400 3588 1469 ψαλ-

2009 1493 2107 1563 μὸν
2147 1491 2396 1562 εἰρῆσθαί
2440 1507 2596 1558 φατε,
2631 1488 2738 1542 τῶν
2782 1489 2951 1557 λόγων
2985 1489 3077 1542 τοῦ
3109 1489 3324 1560 ψαλμοῦ
3357 1490 3586 1561 διαρρή-

2003 1583 2100 1655 δην
2133 1582 2512 1654 κηρυσσόντων
2545 1583 2624 1644 εἰς
2657 1581 2746 1633 τὸν
2779 1580 2993 1634 αἰώνιον
3030 1581 3271 1651 βασιλέα,
3306 1584 3586 1635 τουτέστιν

2006 1678 2084 1740 εἰς
2117 1676 2208 1728 τὸν
2241 1675 2491 1747 Χριστὸν,
2527 1673 2796 1745 εἰρῆσθαι.
2816 1675 2872 1728 Ὀ
2897 1674 3006 1744 γὰρ
3037 1676 3270 1746 Χριστὸς
3306 1675 3583 1745 βασιλεὺςς
3665 1738 3670 1745 .

2007 1769 2100 1821 καὶ
2135 1769 2331 1839 ἱερεὺς,
2367 1768 2461 1820 καὶ
2493 1767 2643 1831 Θεὸς,
2679 1768 2774 1822 καὶ
2807 1767 3028 1838 Κύριος,
3065 1769 3159 1820 καὶ
3202 1768 3448 1837 ἄγγελος,
3484 1771 3584 1823 καὶ

331 1873 458 1911 num
495 1873 700 1929 regem,
733 1861 784 1914 id
813 1871 896 1913 est
928 1860 980 1913 in
1007 1859 1305 1914 Christum.
1330 1860 1577 1914 Christus
1608 1862 1748 1914 enim
1786 1861 1890 1914 Rex

2000 1858 2300 1930 ἄνθρωπος,
2336 1858 2430 1911 καὶ
2475 1860 2932 1931 ἀρχιστράτηγος,
2968 1860 3064 1912 καὶ
3108 1859 3273 1924 λίΟος,
3309 1861 3404 1914 καὶ
3449 1878 3584 1914 παι-

329 1960 383 2005 et
413 1949 679 2006 Sacerdos
709 1961 764 2006 et
793 1955 933 2008 Deus
953 1962 1008 2009 et
1035 1953 1294 2008 Dominus
1319 1963 1375 2008 et
1401 1954 1638 2024 Angelus
1660 1967 1714 2009 et
1738 1955 1900 2007 homo

331 2053 387 2098 et
413 2044 518 2098 dux
549 2048 843 2110 exercitus,
876 2057 929 2102 et
959 2047 1095 2118 lapis
1138 2061 1192 2102 et
1236 2065 1370 2118 puer
1409 2061 1596 2113 natus,
1627 2065 1690 2104 ac
1723 2051 1900 2119 primo

328 2137 663 2204 perpessioni
703 2138 989 2201 obnoxius,
1021 2140 1214 2194 deimle
1244 2141 1300 2194 in
1328 2141 1525 2196 coelum
1575 2141 1810 2217 rediens,
1846 2151 1899 2196 et

331 2243 520 2282 rursus
541 2245 662 2283 cum
689 2231 858 2300 gloria
890 2232 1135 2296 veniens,
1167 2247 1230 2287 ac
1252 2249 1477 2303 regnum
1510 2234 1719 2288 habens
1741 2243 1898 2288 aeter-

330 2333 458 2371 num
507 2322 830 2389 praedicatus
875 2329 996 2386 est;
1032 2325 1490 2390 quemadmodum
1537 2341 1603 2380 ex
1649 2324 1896 2379 omnibus

331 2408 631 2479 Scripturis
659 2413 994 2468 demonstro.
1021 2413 1092 2468 Ut
1124 2422 1301 2470 autem
1334 2417 1387 2471 id
1413 2417 1557 2486 quod
1588 2418 1709 2472 dico
1739 2417 1896 2470 intel-

329 2501 532 2570 ligatis,
563 2505 752 2572 psalmi
787 2507 948 2561 verba
982 2509 1244 2570 recitabo,
1284 2522 1406 2577 qua
1434 2509 1514 2562 sic
1557 2523 1613 2562 se
1640 2508 1843 2562 habent
1876 2525 1890 2561 :

335 2591 530 2656 «Deus,
555 2595 818 2662 judicium
845 2606 992 2651 tuum
1016 2598 1148 2668 Regi
1179 2601 1269 2664 da,
1291 2609 1342 2654 et
1361 2600 1625 2669 justitiam
1659 2609 1803 2653 tuam
1831 2599 1894 2652 fi-

327 2682 402 2737 lio
447 2683 642 2754 Regis;
689 2687 940 2753 judicare
990 2691 1246 2758 populum
1301 2702 1451 2746 tuum
1498 2693 1549 2746 in
1577 2693 1810 2761 justitia.
1841 2700 1896 2746 et

326 2789 592 2844 pauperes
621 2786 744 2832 tuos
777 2780 829 2832 in
850 2780 1079 2850 judicio.
1112 2782 1428 2849 Suscipiant
1465 2795 1675 2838 montes
1706 2799 1893 2853 pacem

326 2867 542 2934 populo,
575 2876 629 2921 et
659 2869 824 2924 colles
856 2871 1152 2937 justitiam.
1184 2872 1460 2928 Judicabit
1504 2891 1771 2944 pauperes
1795 2890 1891 2945 po-

325 2957 462 3025 puli,
492 2968 546 3011 et
576 2959 754 3015 salvos
785 2962 945 3016 faciet
974 2965 1116 3018 filios
1154 2980 1474 3033 pauperum,
1507 2977 1560 3019 et
1590 2968 1895 3022 bumiliabit

324 3047 804 3112 calumniatoretn;
838 3061 892 3104 et
921 3054 1262 3120 permanebit
1287 3069 1416 3130 cum
1439 3053 1552 3106 sole
1583 3064 1636 3107 et
1667 3063 1791 3107 ante
1813 3055 1894 3106 lu-

324 3153 450 3193 nam
485 3140 534 3192 in
559 3143 938 3209 generationes
959 3144 1394 3212 generationum.
1425 3145 1722 3199 Descendet
1750 3145 1892 3199 sicut

321 3231 500 3301 pluvia
526 3233 578 3285 in
613 3232 813 3294 vellus,
844 3242 897 3287 et
926 3235 1068 3288 sicut
1105 3236 1249 3289 stilla
1279 3236 1564 3290 destillans
1594 3252 1755 3304 super
1782 3246 1887 3290 ler-

323 3338 460 3377 ram.
489 3323 708 3378 Orietur
738 3324 792 3378 iu
833 3326 1026 3381 diebus
1062 3327 1178 3396 ejus
1201 3327 1436 3395 justitia,
1469 3337 1522 3381 et
1554 3328 1886 3382 abundantia

320 3415 496 3484 pacis,
526 3415 698 3471 donec
726 3417 1006 3472 auferatur
1037 3419 1187 3473 luna.
1212 3421 1276 3472 Et
1296 3420 1663 3473 dominabitur
1691 3435 1720 3472 a
1753 3421 1888 3474 mari

321 3518 492 3572 usque
521 3506 588 3559 ad
622 3520 799 3569 mare,
833 3516 887 3560 et
914 3523 940 3559 a
972 3506 1287 3564 fluminibus
1317 3524 1486 3579 usque
1530 3511 1594 3562 ad
1627 3496 1889 3565 terminos

319 3598 470 3653 orbis
503 3606 794 3653 terrarum.
825 3601 1018 3655 Coram
1052 3602 1142 3655 illo
1176 3603 1459 3671 procident
1489 3601 1793 3672 EthiOpes,
1833 3611 1890 3658 et

320 3684 522 3740 inimici
559 3689 674 3755 ejus
708 3697 907 3761 terram
941 3691 1171 3760 lingent.
1207 3692 1379 3762 Reges
1424 3677 1678 3756 Tharsis,
1713 3702 1768 3746 et
1801 3694 1887 3747 in-

320 3777 454 3831 sul'te
475 3794 694 3834 munera
721 3780 948 3835 offerent
982 3801 996 3837 :
1036 3783 1210 3853 Reges
1245 3785 1482 3839 Arabum
1506 3795 1558 3837 et
1585 3785 1726 3839 Saba
1749 3787 1885 3840 dona

318 3869 604 3924 adducent.
649 3872 713 3925 Et
737 3874 1045 3929 adorabunt
1074 3890 1196 3928 eum
1224 3891 1418 3930 omnes
1451 3891 1601 3944 reges
1633 3887 1809 3939 terrm,
1833 3887 1887 3931 et

318 3975 506 4015 omnes
535 3973 721 4032 gentes
751 3967 991 4020 servient
1026 3967 1106 4027 ei;
1143 3969 1265 4035 quia
1307 3967 1561 4022 liberavit
1589 3984 1815 4037 egenum
1852 3985 1884 4023 a

316 4064 537 4121 potente
584 4065 638 4110 et
683 4072 973 4127 pauperem
1008 4059 1094 4113 cui
1125 4074 1233 4115 non
1267 4070 1383 4115 erat
1423 4059 1653 4127 adjutor.
1693 4060 1887 4115 Parcet

317 4145 462 4214 inopi
493 4155 546 4200 et
566 4151 808 4218 pauperi,
835 4159 890 4204 et
919 4151 1130 4206 animas
1157 4166 1457 4221 pauperum
1489 4152 1666 4206 salvas
1698 4152 1879 4207 faciet.

315 4238 393 4292 Ex
428 4254 587 4293 usura
631 4249 685 4294 et
737 4241 1024 4310 iniquitate
1054 4243 1286 4297 redimet
1334 4244 1545 4298 animas
1579 4258 1795 4309 eorum;
1828 4255 1884 4299 et

313 4329 630 4384 honorabile
654 4345 848 4385 nomen
882 4334 998 4402 ejus
1025 4348 1211 4388 coram
1245 4334 1372 4388 illis.
1413 4335 1477 4388 Et
1507 4337 1671 4400 vivet,
1701 4344 1755 4388 et
1788 4335 1882 4389 da-

312 4419 460 4472 bitur
480 4420 526 4474 ei
552 4420 617 4474 de
640 4437 775 4475 auro
799 4424 1031 4488 Arabiae,
1056 4434 1111 4479 et
1133 4425 1370 4480 orabunt
1391 4428 1457 4481 de
1489 4426 1603 4496 ipso
1627 4441 1836 4496 semper
1861 4445 1874 4480 :

313 4519 422 4565 tota
457 4511 548 4565 die
578 4511 899 4569 benediceut
928 4516 999 4569 ei.
1026 4515 1089 4568 Et
1121 4517 1226 4570 erit
1261 4517 1658 4572 firmamentum
1688 4519 1738 4570 in
1768 4529 1876 4572 ter—
1907 4549 1951 4603 υ

310 4612 369 4654 ra
406 4618 422 4657 :
455 4614 618 4669 super
655 4617 900 4658 summos
939 4615 1152 4660 montes
1181 4607 1496 4672 extolletur;
1528 4621 1687 4676 super
1716 4607 1875 4660 Liba-

311 4705 440 4747 num
474 4692 685 4766 fructus
707 4698 849 4765 ejus,
873 4707 926 4750 et
953 4697 1222 4752 ﬂorebunt
1248 4700 1314 4751 de
1345 4699 1586 4763 civitate,
1620 4700 1759 4754 sicut
1799 4699 1877 4755 fe-

309 4797 436 4836 num
468 4791 646 4838 terrae.
675 4783 792 4838 Erit
818 4802 1012 4839 nomen
1043 4786 1156 4854 ejus
1186 4789 1529 4842 benedictum
1555 4791 1606 4843 in
1633 4792 1830 4845 saecula
1855 4811 1868 4846 :

306 4883 434 4929 ante
463 4875 630 4930 solem
683 4889 963 4944 permanet
1003 4893 1196 4934 nomen
1230 4879 1364 4948 ejus.
1398 4879 1463 4934 Et
1487 4882 1874 4937 benedicentur

307 4970 360 5020 in
394 4967 509 5036 ipso
535 4982 724 5023 omnes
761 4969 932 5023 tribus
975 4981 1134 5025 terra:
1166 4990 1180 5025 :
1215 4987 1406 5027 omnes
1447 4983 1633 5043 gentes
1660 4976 1871 5044 magni-

306 5057 545 5113 ficabunt
574 5074 719 5114 eum.
753 5058 1084 5116 Benedictus
1108 5061 1368 5116 Dominus
1393 5061 1535 5117 Deus
1564 5062 1751 5126 Israel,
1777 5063 1869 5131 qui

307 5148 435 5204 facit
479 5151 745 5205 mirabilia
785 5151 952 5206 solus.
991 5152 1054 5205 Et
1083 5152 1424 5207 benedictum
1457 5169 1653 5206 nomen
1685 5153 1870 5222 gloriae

303 5240 420 5306 ejus
449 5241 500 5295 in
529 5251 789 5296 teternum
817 5250 870 5295 et
902 5243 954 5296 in
989 5229 1244 5297 stuendum
1278 5243 1462 5298 saeculi
1493 5257 1509 5297 :
1547 5254 1604 5297 et
1635 5244 1870 5313 replebi-

307 5339 393 5384 tur
420 5331 587 5400 gloria
630 5331 746 5399 ejus
781 5335 958 5387 omnis
989 5343 1130 5387 terra
1162 5353 1174 5387 :
1213 5333 1328 5396 fiat,
1363 5333 1476 5386 fiat.
1512 5351 1531 5385 ι
1568 5333 1632 5386 Ει
1670 5334 1720 5386 in
1762 5335 1867 5386 line

373 5512 393 5542 ²
430 5509 574 5566 Psat.
610 5529 762 5576 xvut,
811 5513 865 5566 8.
966 5513 986 5545 ⁸
1022 5513 1164 5569 Psal.
1202 5531 1368 5578 LXXI,
1399 5513 1452 5567 2.

379 5642 489 5711 (Η)
531 5641 614 5707 Τῷ
647 5642 843 5696 Δαϐἰδ.
882 5643 1188 5710 Legendum
1225 5644 1442 5711 conjicit
1467 5643 1549 5697 Cl.
1588 5643 1863 5698 Thirlbius

305 5710 395 5765 τοῦ
428 5710 515 5764 διὰ
547 5714 710 5766 Δαόὶδ
742 5715 845 5765 ὑπὸ
878 5713 988 5766 τοῦ.
1040 5715 1145 5767 Sed
1192 5710 1333 5768 mihi?
1374 5716 1586 5766 videtur
1618 5713 1863 5766 Justinus

308 5782 577 5850 respicere
627 5785 693 5838 ad
747 5783 940 5851 psalmi
991 5785 1202 5838 titulum
1229 5824 1242 5848 ,
1288 5783 1500 5854 ψαλμὸς
1543 5784 1618 5853 τῷ
1661 5783 1856 5846 Δαυίδ,

1999 1948 2107 1999 δίον
2123 1946 2478 2018 γεννώμενον,
2500 1949 2594 2000 καὶ
2613 1949 2852 2020 παθητὸς
2886 1948 3176 2018 γενόμενος
3205 1949 3436 2021 πρῶτον,
3461 1947 3584 2006 εἶτα

2000 2040 2078 2100 εἰς
2113 2038 2339 2108 οὐρανὸν
2381 2039 2760 2108 ἀνερχόμενος,
2797 2037 2891 2091 καὶ
2939 2037 3100 2090 πάλιν
3147 2040 3583 2111 παραγινόμενος

2002 2129 2138 2199 μετὰ
2170 2130 2344 2202 δόξης,
2382 2130 2475 2182 καὶ
2509 2128 2722 2182 αἰώνιον
2768 2129 2866 2199 τὴν
2912 2129 3187 2198 βασιλείαν
3233 2132 3370 2200 ἔχων
3413 2135 3581 2204 κεκή-

2002 2237 2212 2291 ρυκται,
2247 2220 2322 2283 ώς
2370 2219 2476 2274 ἀπὸ
2523 2220 2712 2272 πασῶν
2762 2219 2866 2272 τῶν
2919 2221 3148 2292 Γραφῶν
3185 2217 3578 2293 ἀποδείκνυμι.

2000 2315 2118 2367 Ἵνα
2147 2314 2202 2366 δὲ
2235 2314 2329 2367 καὶ
2361 2313 2390 2366 ὃ
2422 2309 2571 2366 εἷπον
2592 2313 2982 2383 νοήσητε,τοὺς
3013 2314 3105 2367 τοῦ
3137 2314 3350 2386 ψαλμοῦ
3384 2316 3577 2384 λόγους

1997 2405 2138 2473 λέγω
2159 2423 2170 2434 ·
2209 2405 2315 2458 εἰσὶ
2347 2405 2390 2457 δ’
2414 2399 2557 2458 οὗτοι
2580 2421 2593 2434 ’
2625 2424 2642 2455 ι
2669 2405 2725 2456 Ὀ
2749 2404 2898 2469 Θεὸς,
2935 2407 2995 2459 τὸ
3029 2408 3201 2478 κρίμά
3235 2425 3327 2461 σου
3358 2409 3433 2478 τῷ
3466 2409 3579 2462 Βα-

1999 2497 2135 2549 σιλεῖ
2157 2497 2264 2560 δὸς,
2287 2497 2380 2550 καὶ
2412 2497 2509 2568 τὴν
2541 2495 2885 2570 δικαιοσύνην
2921 2498 3014 2552 σοῦ
3049 2499 3124 2570 τῷ
3161 2499 3259 2570 υἱῷ
3291 2499 3384 2553 τοῦ
3407 2501 3574 2555 Βασι-

1995 2588 2148 2652 λέως,
2183 2589 2388 2660 κρίνειν
2431 2589 2522 2643 τὸν
2567 2590 2695 2644 λαόν
2745 2608 2837 2644 σου
2884 2593 2942 2645 ὲν
2977 2591 3284 2666 δικαιοσύνῃ
3319 2593 3413 2646 καὶ
3445 2594 3576 2657 τοὺς

1997 2681 2242 2750 πτωχούς
2288 2699 2379 2734 σου
2427 2683 2485 2734 ὲν
2528 2683 2727 2754 κρίσει.
2748 2683 3086 2737 Ἀναλαϐἐτω
3118 2685 3186 2738 τὰ
3216 2686 3313 2756 ὅρη
3349 2689 3575 2758 εἰρήνην

1995 2772 2071 2843 τῷ
2101 2773 2236 2843 λαῷ,
2260 2774 2416 2826 καὶοὶ
2439 2773 2615 2844 βουνοὶ
2647 2775 3022 2847 δικαιοσύνηνο
3060 2778 3236 2847 κρινεῖ
3266 2778 3388 2841 τοὺς
3422 2795 3574 2830 πτωι

1994 2865 2122 2936 χοῦς
2154 2865 2245 2918 τοῦ
2279 2865 2426 2929 λαοῦ,
2464 2867 2558 2920 καὶ
2591 2866 2755 2920 σώσει
2797 2868 2922 2931 τοὺς
2969 2869 3115 2932 υἱοὺς
3161 2867 3267 2921 τῶν
3301 2872 3571 2941 πενήτων,

1995 2957 2089 3010 καὶ
2134 2956 2455 3010 ταπεινώσει
2491 2958 2853 3029 συκοφάντην,
2891 2959 2984 3013 καὶ
3033 2965 3450 3032 συμπαραμενεῖ
3495 2963 3576 3032 τῷ

1993 3045 2126 3115 ἡλίῳ
2160 3047 2254 3099 καὶ
2288 3049 2393 3117 πρὸ
2425 3047 2522 3116 τῆς
2557 3047 2784 3118 σελήνης
2815 3051 2892 3112 εἰς
2926 3049 3117 3117 γενεὰς
3149 3050 3367 3116 γενεῶν.
3387 3053 3578 3105 Κατα-

1995 3139 2218 3209 ϐήσεται
2250 3138 2324 3201 ὡς
2357 3141 2507 3203 ὑετὸς
2543 3141 2636 3192 ἐπὶ
2670 3141 2854 3206 πόκον,
2887 3143 2981 3194 καὶ
3008 3142 3140 3194 ὡσεὶ¹
3170 3142 3428 3214 σταγὼνή
3449 3144 3577 3197 στά-

1917 3204 1958 3258 C
1994 3231 2161 3295 ζουσα
2193 3234 2286 3286 ἐπὶ
2317 3234 2416 3303 τὴν
2449 3235 2570 3304 γῆν.
2591 3234 2864 3287 Ἀνατελεῖ
2893 3234 2950 3287 ὲν
2984 3238 3100 3297 ταῖς
3134 3236 3368 3306 ἡμέραις
3403 3237 3572 3289 αὑτοῦ

1989 3324 2297 3396 δικαιοσύνη
2333 3326 2427 3379 καὶ
2461 3325 2663 3395 πλῆθος
2696 3328 2936 3398 εἰρήνης,
2967 3327 3070 3391 ἕως
3101 3322 3163 3380 οὗ
3207 3331 3573 3400 ἀνταναιρεθῇ

1989 3416 2023 3485 ἡ
2060 3413 2273 3486 σελήνη.
2306 3416 2418 3468 Καὶ
2446 3419 2867 3489 κατακυριεύσει
2900 3420 3007 3473 ἀπὸ
3040 3419 3314 3491 θαλάσσης
3346 3422 3447 3485 ἕως
3481 3422 3573 3476 θα-

1988 3505 2212 3577 λάσσης,
2247 3507 2341 3560 καὶ
2373 3509 2480 3561 ἀπὸ
2514 3509 2772 3580 ποταμῶν
2818 3511 2921 3574 ἕως
2968 3512 3221 3583 περάτων
3255 3513 3353 3583 τῆς
3384 3517 3570 3567 οἰκου-

1993 3596 2457 3668 μένης.Ἑνώπιον
2503 3598 2665 3652 αὐτοῦ
2716 3600 3119 3670 προπεσοῦνται
3161 3600 3433 3666 Αἰθίοπες,
3470 3604 3572 3656 καὶ

1988 3690 2037 3741 οἱ
2071 3689 2254 3762 ἐχθροὶ
2288 3690 2448 3743 αὐτοῦ
2483 3691 2610 3762 χοῦν
2642 3692 2896 3756 λείξουσι.
2927 3693 3175 3757 Βασιλεῖς
3206 3693 3437 3764 Θαρσεῖς
3469 3696 3569 3748 καὶ

1988 3781 2139 3850 νῆσοι
2170 3782 2319 3854 δῶρα
2349 3783 2707 3855 προσάξουσι⁹
2745 3784 2980 3854 βασιλεῖς
3011 3784 3253 3854 Ἀράϐων
3269 3786 3362 3839 καὶ
3379 3786 3571 3840 Σαϐϐἄ

1986 3867 2133 3943 δῶρα
2166 3873 2516 3944 προσάξουσι,
2553 3875 2647 3928 καὶ
2682 3877 3151 3947 προσκυνήσουσιν
3185 3876 3329 3946 αὐτῷ
3363 3879 3565 3940 πάντες

1984 3965 2032 4016 οἱ
2068 3963 2304 4034 βασιλεῖς
2336 3967 2433 4037 τῆς
2467 3966 2590 4036 γῆς,
2608 3967 2703 4020 καὶ
2738 3968 2914 4022 πάντα
2941 3966 3008 4020 τὰ
3036 3966 3160 4038 ἔθνη
3190 3967 3568 4021 δουλεύσουσιν

1983 4053 2131 4123 αὑτῷ
2150 4071 2162 4083 ·
2199 4055 2278 4106 ὅτι
2313 4055 2578 4126 ἐρρύσατο
2612 4056 2822 4126 πτωχὸν
2839 4058 2903 4109 ὲκ
2929 4056 3209 4119 δυνάστου,
3234 4057 3327 4110 καὶ
3349 4058 3564 4128 πένητα

1979 4142 2024 4216 ᾧ
2057 4147 2154 4215 οὐχ
2188 4147 2398 4218 ὑπῆρχε
2435 4147 2907 4219 βοηθός.Φείσεται
2937 4149 3149 4220 πτωχοῦ
3181 4149 3275 4203 καὶ
3307 4150 3560 4220 πένητος,

1981 4237 2078 4290 καὶ
2109 4237 2285 4307 ψυχὰς
2319 4240 2562 4309 πενήτων
2598 4239 2789 4292 σώσει·
2841 4241 2904 4293 ἐκ
2937 4241 3093 4294 τόκου
3128 4241 3223 4294 καὶ
3256 4241 3312 4307 ἐξ
3344 4241 3560 4306 ἀδικίας

1980 4329 2313 4401 λυτρώσεται
2347 4331 2442 4395 τὰς
2475 4331 2648 4402 ψυχάς
2684 4332 2859 4385 αὐτῶν
2879 4349 2891 4361 ·
2931 4333 3025 4386 καὶ
3058 4333 3270 4403 ἔντιμον
3299 4334 3358 4386 τὸ
3386 4333 3562 4404 ὄνομα

1979 4422 2140 4474 αὐτοῦ
2190 4421 2416 4477 ἐνώπιον
2463 4423 2659 4476 αὐτῶν.
2696 4423 2806 4475 Kal
2853 4422 3096 4494 ζήσεται,
3132 4425 3228 4477 καὶ
3270 4423 3560 4494 δοθήσεται

1981 4513 2127 4583 αὐτῷ
2160 4516 2222 4566 ἐκ
2255 4514 2346 4566 τοῦ
2381 4515 2601 4585 χρυσίου
2636 4515 2734 4585 τῆς
2780 4515 3055 4586 Ἀραϐίας,
3091 4517 3186 4570 καὶ
3231 4516 3558 4588 προσεύξον-

1965 4623 2071 4659 »ται
2103 4607 2392 4671 διαπαντὸς
2427 4609 2556 4678 περὶ
2602 4607 2766 4662 αὐτοῦ
2787 4625 2799 4638 ο
2867 4608 2994 4680 ὅλην
3027 4608 3121 4679 τὴν
3155 4609 3370 4680 ἡμέραν
3404 4609 3559 4663 εὐλο-

1976 4698 2236 4767 γήσουσιν
2271 4697 2451 4752 αὐτόν.
2488 4697 2599 4752 Kal.
2633 4698 2786 4752 ἔσται
2835 4701 3114 4770 στήριγμα
3146 4701 3203 4752 ὲν
3236 4702 3300 4769 τῇ
3335 4703 3428 4770 γῇ,
3463 4701 3556 4751 ἐπ’

1974 4788 2156 4859 ἄκρων
2190 4787 2295 4842 τῶν
2327 4789 2498 4860 ὀρέων
2532 4787 3004 4860 ὑπεραρθήσεται·
3041 4789 3181 4861 ὑπὲρ
3215 4791 3304 4843 τὸν
3321 4790 3555 4844 Λίϐανον

1973 4881 2001 4931 ὁ
2046 4879 2256 4949 καρπὸς
2303 4879 2488 4943 αὑτοῦ,
2523 4881 2618 4933 καὶ
2663 4879 3046 4950 ὲξανθήσουσιν
3079 4881 3143 4932 ὲκ
3179 4879 3383 4942 πόλεως
3416 4879 3556 4933 ὡσεὶ

1972 4973 2161 5043 χόρτος
2193 4971 2292 5041 τῆς
2325 4973 2444 5042 γῆς.
2467 4973 2659 5025 Ἔσται
2693 4971 2751 5023 τὸ
2783 4970 2954 5040 ὄνομα
2986 4969 3148 5023 αὐτοῦ
3182 4970 3554 5040 εὐλογημένον

1974 5066 2054 5126 εἰς
2099 5063 2222 5126 τοὺς
2266 5061 2483 5125 αἰῶνας.
2521 5062 2633 5132 Πρὸ
2677 5061 2768 5115 τοῦ
2813 5061 2965 5132 ήλίου
3011 5061 3254 5132 διαμένει
3287 5062 3346 5114 τὸ
3377 5061 3553 5132 δνομα

1973 5153 2136 5208 αὑτοῦ
2157 5172 2168 5184 ·
2206 5154 2301 5207 καὶ
2333 5153 2843 5224 ὲνευλογηοήσονται
2878 5153 2935 5205 ἐν
2969 5153 3116 5222 αὐτῷ
3150 5153 3319 5206 πᾶσαι
3353 5154 3407 5205 αἱ
3440 5169 3549 5220 φυ-

1972 5247 2062 5300 λαὶ
2095 5228 2190 5316 τῆς
2222 5246 2346 5315 γῆς,
2382 5246 2558 5298 πάντα
2589 5246 2656 5299 τὰ
2689 5244 2813 5317 ἔθνη
2851 5244 3209 5316 μακαριοῦσιν
3242 5243 3420 5297 αὐτόν.
3445 5246 3552 5296 Εὑ-

1971 5337 2198 5408 λογητὸς
2231 5335 2432 5408 Κύριος
2463 5337 2491 5388 ὁ
2523 5335 2654 5399 Θεὸς
2700 5334 2792 5388 τοῦ
2839 5333 3051 5405 Ἰσραὴλ
3082 5335 3110 5385 ὁ
3143 5332 3310 5386 ποιῶν
3343 5332 3556 5403 θαυμά-

1971 5663 2130 5771 quem
2161 5648 2391 5772 lproinde
2427 5648 2610 5703 Davidi
2649 5646 2908 5701 dictatum
2940 5661 2968 5701 a
2999 5645 3203 5716 Spiritu
3241 5654 3429 5700 sancto
3461 5645 3552 5701 in-

1973 5721 2039 5772 tel
2071 5720 2154 5772 iste
2200 5729 2273 5772 at.

1973 5720 2273 5787 telligebat.
