3962 6262
443 361 552 418 555

1310 360 1368 419 S.
1403 359 1669 418 JUSTINI
1699 360 2105 419 PHILOSOPHI
2143 363 2231 418 ET
2266 362 2626 419 MARTYRIS

3596 366 3703 423 556

443 487 786 554 ostendimus
835 498 903 555 “.
948 496 1081 551 Nam
1113 512 1236 551 cum
1293 497 1421 553 σικιΙί
1469 500 1746 571 principes
1801 500 2009 557 informi

2124 480 2251 545 νῶν,
2286 481 2375 534 ἵνα
2405 480 2621 553 εἰσέλθῃ
2653 474 2805 545 οὗτος
2836 481 2895 544 ὃς
2921 482 3035 534 ἐστι
3078 479 3340 544 Βασιλεὺς
3384 480 3482 552 τῆς
3518 481 3703 553 δόξης,

443 606 567 644 eum
617 600 675 644 et
738 590 965 660 ingloria
1022 598 1078 643 et
1131 590 1316 643 humili
1375 592 1555 659 specie
1601 593 1871 659 viderent,
1919 608 2019 647 nec

444 698 571 737 eum
602 691 1018 751 cognoscerent,
1053 682 1124 734 ita
1168 683 1671 749 percontabantur:
1717 703 1735 735 ι
1771 684 1904 751 Quis
1935 692 2018 738 est

444 780 550 833 iste
585 777 696 831 Rex
723 775 944 844 gloriae?
983 795 1000 827 ι
1031 775 1096 829 Ει
1126 777 1417 844 respondet
1467 779 1550 832 eis
1602 774 1840 846 Spiritus
1891 793 2019 831 san-

442 878 563 920 ctus
593 876 685 920 aut
720 866 898 919 Patris
933 874 1025 919 aut
1059 882 1156 920 suo
1188 866 1358 935 ipsius
1388 867 1611 922 nomine
1644 887 1657 921 :
1693 886 1712 920 ι
1754 868 2017 923 Dominus

440 961 702 1014 virtutum
725 960 827 1013 iste
848 960 961 1027 ipse
989 969 1070 1013 est
1101 959 1213 1015 Rex
1245 961 1449 1029 gloriaz.
1473 980 1491 1012 ι
1526 961 1657 1016 Nam
1690 978 1789 1017 nec
1816 965 1883 1017 de
1920 958 2017 1015 Sa-

442 1054 682 1118 lomone,
711 1051 868 1121 cujus
905 1053 1041 1106 adeo
1073 1053 1369 1122 gloriosum
1402 1054 1615 1109 exstitit
1645 1070 1891 1123 regnum,
1919 1072 2017 1111 nec

440 1148 508 1201 de
535 1145 889 1201 tabernaculo
928 1146 1227 1199 testimonii
1286 1161 1615 1215 quemquam
1672 1162 1885 1212 eorum,
1922 1150 2014 1217 qui

436 1239 509 1292 ad
537 1246 722 1307 portas
750 1236 932 1304 templi
963 1234 1441 1306 Hierosolymitani
1468 1237 1833 1300 excubabant,
1854 1255 2017 1293 ausu-

432 1344 559 1383 rum
596 1329 762 1383 fuisse
811 1328 995 1381 dicere
1029 1343 1043 1380 :
1079 1344 1097 1377 ι
1134 1326 1268 1393 Quis
1319 1335 1404 1382 est
1452 1329 1551 1382 iste
1590 1328 1707 1383 Rex
1742 1331 1946 1401 gloriae,
1987 1351 2007 1384 ι

437 1419 665 1488 quilibet
690 1418 970 1473 fatebitur.

2128 572 2223 625 καὶ
2255 572 2460 636 ἀναϐὰς
2491 571 2693 644 καθίσῃ
2727 576 2785 625 ὲν
2817 572 2965 642 δεξιᾷ
2992 570 3084 625 τοῦ
3138 573 3371 643 Πατρὸς,
3406 573 3509 636 ἕως
3542 573 3611 627 ἂν
3634 575 3703 645 θῇ

2124 665 2252 728 τοὺς
2273 664 2502 737 ἐχθροὺς
2530 665 2819 720 ὑποπόδιον
2851 665 2957 719 τῶν
2980 665 3156 719 ποδῶν
3179 665 3364 730 αὐτοῦ,
3394 664 3469 729 ὡς
3490 665 3577 719 διὰ
3608 669 3703 722 τοῦ

2120 755 2281 809 ἄλλου
2307 756 2521 827 ψαλμοῦ
2558 757 2874 827 δεδήλωται.
2922 757 3135 827 Ἐπειδὴ
3170 756 3280 828 γὰρ
3312 759 3361 809 οἱ
3397 758 3455 808 ὲν
3488 757 3707 828 οὐρανῷ

2118 847 2379 922 ἄρχοντες
2402 849 2588 923 ἑώρων
2615 849 2768 920 ἀειδῆ
2802 849 2897 903 καὶ
2930 850 3126 920 ἄτιμον
3157 850 3217 902 τὸ
3238 845 3377 913 εἶδος
3399 849 3494 902 καὶ
3516 850 3706 915 ἄδοξον

2118 940 2311 1011 ἔχοντα
2354 942 2516 995 αὑτὸν
2565 940 2695 1012 (56),
2732 943 2792 995 οὐ
2835 942 3190 1013 γνωρίζοντες
3236 942 3416 1005 αὐτὸν,
3467 941 3709 996 ἐπυνθά-

2117 1050 2299 1087 νοντο·
2354 1053 2373 1085 ι
2428 1036 2525 1099 Τίς
2573 1039 2721 1089 ἐστιν
2769 1029 2922 1099 οὗτος
2966 1036 3284 1099 όΒασιλεὺς
3314 1035 3410 1105 τῆς
3438 1036 3633 1107 δόξης;
3682 1055 3703 1088 ι

2116 1125 2227 1178 Καὶ
2258 1128 2610 1199 ἀποκρίνεται
2659 1130 2843 1192 αὐτοῖς
2885 1128 2944 1181 τὸ
2977 1128 3204 1198 Πνεῦμα
3236 1129 3296 1183 τὸ
3330 1129 3482 1198 ἆγιον
3524 1131 3556 1202 ἢ
3593 1132 3709 1183 ἀπὸ

2118 1217 2410 1289 προσώπου
2428 1220 2517 1273 τοῦ
2536 1222 2770 1293 Πατρὸς,
2791 1222 2824 1291 ἢ
2857 1220 2965 1273 ἀπὸ
2990 1219 3081 1273 τοῦ
3118 1220 3247 1273 ίδίου
3269 1238 3282 1251 ·
3318 1240 3337 1271 ι
3361 1222 3565 1294 Κύριος
3595 1221 3708 1275 τῶν

2122 1308 2401 1380 δυνάμεων
2434 1312 2595 1375 αὐτὸς
2624 1308 2777 1375 οὗτός
2812 1314 2957 1365 ἐστιν
2992 1313 3020 1363 6
3052 1312 3314 1374 Βασιλεὺς
3342 1311 3441 1381 τῆς
3465 1312 3643 1383 δόξης.
3683 1331 3704 1363 ι

2127 1401 2248 1456 ’Ὀτι
2282 1402 2389 1474 γὰρ
2423 1403 2545 1457 οῦτε
2580 1404 2709 1477 περὶ
2745 1403 3060 1474 Σολομῶνος
3103 1404 3314 1469 ἐνδόξου
3362 1404 3503 1457 οὕτω
3550 1404 3713 1474 βασι-

2122 1492 2260 1559 λέως
2292 1496 2460 1561 ὄντος,
2497 1496 2618 1551 οὔτε
2656 1497 2785 1569 περὶ
2828 1499 2926 1568 τῆς
2980 1498 3185 1568 σκηνῆς
3231 1497 3322 1551 τοῦ
3374 1498 3706 1568 μαρτυρίου,

436 1583 542 1637 τῶν
577 1584 895 1652 εφεστώςων
921 1584 1037 1644 ταῖς
1071 1580 1265 1646 πύλαις
1290 1579 1381 1634 τοῦ
1410 1580 1538 1635 ναοῦ
1573 1581 1678 1634 τῶν
1704 1584 2092 1655 Ἰεροσολύμων
2117 1590 2415 1662 ἐτόλμησεν
2439 1592 2503 1646 ἄν
2536 1611 2617 1656 τις
2650 1595 2846 1657 εἰπεῖν,
2873 1611 2891 1643 ι
2924 1592 3018 1655 Τίς
3040 1594 3184 1645 ἐστιν
3208 1587 3361 1655 οὗτος
3380 1594 3409 1645 6
3435 1590 3704 1656 Βασιλεὺς

437 1680 535 1751 τῆς
561 1678 755 1749 δόξης;
799 1698 817 1728 ι
856 1679 965 1741 πᾶς
999 1677 1248 1730 ὁστισοῦν
1279 1677 1626 1750 ὁμολογήσει.

508 1773 596 1828 57.
632 1772 783 1826 Idem
813 1773 1066 1841 probatur
1092 1788 1157 1825 ea;
1176 1772 1295 1825 aliis
1323 1772 1563 1838 psalmis.
1603 1803 1675 1813 —
1700 1773 1753 1826 In
1780 1774 2009 1841 diapsal-

2187 1778 2277 1832 57.
2314 1777 2424 1831 Καὶ
2458 1780 2515 1831 ὲν
2547 1777 2879 1849 διαψάλματι
2912 1777 3345 1849 τεσσαρακοστοῦ
3380 1777 3536 1829 ἕκτου
3562 1775 3703 1845 ψαλ-

438 1875 584 1920 male
632 1875 813 1919 autem
868 1863 1066 1932 psalmi
1115 1864 1522 1932 quadragesimi
1578 1865 1720 1918 sexti
1762 1868 1896 1920 haec
1956 1867 2009 1919 in

440 1958 719 2015 Christum
755 1959 899 2012 dicta
935 1966 1065 2011 sunt
1102 1973 1115 2009 :
1161 1973 1179 2006 ι
1223 1955 1486 2011 Ascendit
1539 1956 1683 2011 Deus
1716 1958 1766 2010 in
1815 1956 2010 2025 jubilo,

438 2053 701 2108 Dominus
737 2052 790 2105 in
827 2064 965 2104 voce
1002 2048 1167 2103 tubae.
1204 2048 1427 2103 Psallite
1472 2050 1580 2104 Deo
1615 2059 1825 2115 nostro,
1864 2053 2011 2120 psal-

436 2146 534 2200 lite
572 2163 585 2199 :
626 2143 837 2213 psallite
871 2141 1003 2211 Regi
1060 2151 1270 2209 nostro,
1318 2142 1551 2211 psallite.
1590 2142 1857 2209 Quoniam
1895 2144 2012 2200 Rex

434 2238 611 2293 omnis
648 2247 809 2290 terra:
838 2233 1022 2299 Deus;
1055 2233 1277 2303 psallite
1314 2234 1707 2304 intelligenter.
1747 2235 2015 2305 Regnavit

436 2331 579 2385 Deus
615 2344 780 2398 super
813 2336 1032 2398 gentes;
1074 2328 1215 2381 Deus
1254 2328 1406 2382 sedet
1449 2343 1613 2398 super
1647 2331 1831 2383 sedem
1882 2346 2011 2385 san-

433 2436 579 2480 ctam
625 2439 805 2478 suam.
855 2422 1138 2489 Principes
1173 2421 1492 2490 populorum
1531 2425 1848 2493 congregati
1886 2434 2013 2478 sunt

434 2533 557 2571 eum
585 2517 695 2571 Deo
726 2514 1025 2568 Abraham.
1058 2515 1323 2581 Quoniam
1350 2513 1441 2568 Dei
1466 2514 1636 2569 fortes
1659 2525 1822 2570 terrae
1853 2516 2011 2571 valde

433 2609 631 2665 elevati
664 2617 791 2662 sunt
827 2607 893 2660 υ.
937 2626 955 2659 ι
999 2607 1063 2659 Ει
1101 2607 1153 2660 in
1189 2608 1400 2676 psalmo
1430 2608 1781 2677 nonagesimo
1814 2619 2011 2664 octavo

433 2699 736 2771 exprobrat
779 2700 932 2753 vobis
968 2698 1208 2767 Spiritus
1254 2708 1477 2754 sanctus
1502 2738 1517 2763 ,
1569 2708 1626 2754 et
1659 2700 1805 2756 hunc
1846 2717 2007 2771 quem

434 2807 540 2847 ιιοιι
578 2792 742 2845 vultis
780 2807 963 2859 regem
999 2805 1143 2855 esse,
1183 2805 1361 2862 regem
1409 2802 1469 2846 et
1500 2794 1786 2847 Dominum
1821 2805 1874 2849 et
1910 2795 2012 2849 Sa-

434 2884 628 2938 muelis
684 2894 740 2939 et
795 2885 1028 2939 Aaronis
1063 2893 1117 2939 et
1150 2883 1352 2954 Moysis
1398 2896 1455 2939 et
1490 2885 1725 2939 aliorum
1782 2901 2011 2955 prorsus

433 2979 675 3031 omnium
696 2990 819 3030 esse
841 2975 1107 3031 declarat.
1132 2976 1272 3031 Sunt
1296 2992 1427 3031 vero
1451 2978 1643 3047 psalmi
1664 2980 1827 3033 verba
1857 2979 2006 3035 haec:

439 3085 458 3118 ι
502 3066 763 3123 Dominus
799 3070 1090 3139 regnavit;
1130 3070 1438 3124 irascantur
1473 3069 1693 3139 populi;
1726 3072 1819 3140 qui
1857 3073 2010 3128 sedet

432 3170 597 3227 super
625 3158 934 3225 cherubim,
975 3168 1389 3215 commoveatur
1448 3170 1613 3215 terra.
1652 3163 1917 3218 Dominus
1953 3164 2004 3219 in

433 3248 566 3301 Sion
593 3263 848 3319 magnus,
877 3258 931 3302 et
953 3249 1205 3304 excelsus
1231 3257 1317 3304 est
1337 3265 1503 3319 super
1537 3266 1725 3308 omnes
1759 3254 2005 3323 populos.

432 3340 820 3396 Confiteantur
842 3341 1053 3396 no‘ruini
1084 3351 1175 3397 tuo
1201 3359 1429 3414 magno;
1457 3347 1714 3413 quoniam
1745 3348 2007 3415 terribile,

430 3442 488 3488 et
518 3445 766 3489 sanctum
798 3445 906 3501 est,
934 3444 990 3489 et
1025 3436 1203 3491 honor
1230 3436 1372 3505 regis
1394 3437 1666 3507 judicium
1697 3438 1893 3509 diligit.
1930 3440 2009 3494 Tu

434 3525 643 3592 parasti
679 3525 1011 3579 directiones
1044 3542 1059 3578 :
1086 3525 1352 3592 judicium
1392 3536 1449 3582 et
1476 3527 1743 3593 justitiam
1771 3530 2010 3585 inJacob

435 3626 492 3670 tu
534 3616 734 3672 fecisti.
786 3618 1040 3674 Exaltate
1078 3620 1372 3675 Dominum
1416 3621 1591 3675 Deum
1640 3633 1920 3687 nostrum;
1959 3636 2012 3678 et

433 3711 657 3763 adorate
690 3711 993 3765 scabellum
1030 3713 1225 3782 pedum
1278 3712 1418 3781 ejus,
1474 3717 1733 3782 quoniam
1790 3727 2010 3770 sanctus

432 3810 536 3855 est.
576 3801 791 3871 Moyses
835 3812 891 3855 et
927 3803 1110 3856 Aaron
1139 3802 1190 3856 in
1218 3805 1593 3859 sacerdotibus
1628 3806 1783 3873 ejus;
1817 3815 1871 3859 et
1908 3804 1999 3857 Sa-

432 3892 576 3945 muel
612 3893 758 3946 inter
796 3908 889 3947 eos
918 3895 1011 3963 qui
1059 3897 1320 3950 invocant
1356 3912 1556 3951 nomen
1603 3897 1745 3967 ejus.
1784 3897 2010 3950 lnroca-

431 3984 565 4038 bant
592 3984 692 4054 (ait
735 3984 1043 4057 Scriptura)
1084 3986 1403 4053 Dominum;
1449 3997 1507 4043 et
1540 3990 1655 4058 ipse
1685 3989 2012 4044 exaudiebat

430 4092 562 4139 eos;
602 4078 654 4130 in
694 4077 945 4131 columna
978 4078 1137 4133 nubis
1168 4078 1496 4147 loquebatur
1521 4082 1590 4134 ad
1616 4095 1730 4135 eos.
1761 4082 1894 4148 Quia
1918 4097 2011 4135 cu-

431 4169 742 4223 stodiebant
800 4169 1113 4224 testimonia
1168 4170 1307 4238 ejus,
1342 4180 1398 4225 et
1455 4184 1809 4241 prteceptum,
1864 4178 2009 4243 quod

430 4262 579 4316 dedit
612 4263 735 4315 illis.
760 4263 983 4317 Domine
1002 4264 1142 4317 Deus
1178 4273 1386 4329 noster,
1428 4275 1488 4318 tu
1515 4268 1847 4322 exaudiebas
1881 4285 2007 4335 eos;

432 4355 599 4418 Deus,
632 4364 687 4407 tu
717 4356 984 4425 propitius
1018 4355 1169 4410 fuisti
1204 4356 1306 4421 eis,
1344 4366 1398 4410 et
1436 4358 1703 4413 ulciscens
1741 4360 1794 4413 in
1822 4375 2011 4414 omnes

2118 1869 2243 1938 μοῦ,
2278 1870 2435 1942 ἔφην,
2461 1873 2540 1934 εἰς
2561 1873 2650 1925 τὸν
2672 1872 2903 1943 Χριστὸν
2927 1871 3100 1935 οὕτως
3127 1872 3339 1943 εἴρηται
3359 1886 3374 1900 ’
3402 1891 3419 1920 ε
3459 1870 3653 1941 Ἀνέϐη
3678 1873 3708 1922 6

2113 1959 2247 2024 Θεὸς
2263 1963 2318 2014 ὲν
2334 1962 2654 2033 ἀλαλαγμῷ,
2673 1963 2753 2016 Κύ
2764 1981 2875 2035 ριος
2898 1966 2955 2017 ὲν
2972 1966 3120 2034 φωνῇ
3141 1962 3456 2031 σάλπιγγος.
3477 1962 3707 2015 Ψάλατε

2113 2050 2191 2121 τῷ
2222 2052 2339 2124 Θεῷ
2358 2054 2533 2125 ἡμῶν,
2568 2055 2772 2124 ψάλατε
2794 2073 2806 2084 ·
2832 2054 3038 2124 ψάλατε
3068 2055 3144 2125 τῷ
3167 2053 3384 2107 Βασιλεῖ
3404 2053 3579 2124 ἡμῶν,
3599 2052 3709 2121 ψά-

2113 2141 2273 2197 λατε·
2317 2146 2400 2198 ὅτι
2444 2146 2705 2209 Βασιλεὺς
2739 2146 2920 2217 πάσης
2952 2147 3047 2218 τῆς
3093 2147 3196 2217 γῆς
3226 2147 3255 2197 ό
3288 2145 3452 2209 Θεός’
3488 2146 3705 2215 ψάλατε

2115 2237 2369 2301 συνετῶς.
2420 2238 2794 2293 Ἐϐασίλευσεν
2823 2243 2851 2293 6
2883 2239 3014 2302 Θεὸς
3049 2239 3143 2291 ἐπὶ
3182 2239 3251 2293 τὰ
3282 2238 3430 2311 ἔθνη.
3476 2240 3531 2292 Ὁ
3564 2240 3709 2305 Θεὸς

2113 2328 2348 2401 κάθηται
2394 2331 2486 2383 ἐπὶ
2532 2331 2723 2403 θρόνου
2762 2317 2923 2400 ἁγίου
2972 2332 3159 2386 αὑτοῦ.
3208 2318 3503 2403 Ἀρχοντες
3552 2334 3710 2387 λαῶν

2114 2419 2458 2492 συνήχθησαν
2483 2421 2622 2491 μετὰ
2652 2422 2745 2475 τοῦ
2781 2421 2914 2475 Θεοῦ
2956 2422 3226 2493 Ἀϐραὰμ,
3256 2424 3337 2475 ὅτι
3362 2422 3453 2476 τοῦ
3482 2422 3618 2476 Θεοῦ
3652 2426 3707 2478 οἱ

2112 2512 2365 2584 κραταιοὶ
2386 2513 2485 2582 τῆς
2503 2513 2605 2582 γῆς
2632 2512 2838 2583 σφόδρα
2856 2512 3198 2585 ἐπήρθησαν.
3228 2532 3245 2563 ι
3267 2513 3379 2565 Καὶ
3401 2515 3458 2566 ὲν
3481 2516 3710 2585 ἐννενη-

2112 2601 2286 2671 κοστῷ
2305 2602 2474 2672 ὀγδόῳ
2486 2600 2687 2673 ψαλμῷ
2705 2601 2948 2667 ὀνειδίζει
2967 2602 3112 2674 ὑμᾶς
3128 2603 3187 2656 τὸ
3204 2603 3428 2673 Πνεῦμα
3442 2602 3501 2655 τὸ
3517 2604 3702 2671 ἅγιον·

2116 2694 2209 2747 καὶ
2242 2693 2429 2747 τοῦτον
2462 2695 2521 2747 ὃν
2558 2694 2633 2765 μὴ
2670 2693 2855 2747 θέλετε
2890 2693 3117 2764 βασιλέα
3150 2689 3309 2759 εἶναι,
3341 2693 3567 2763 βασιλέα
3600 2694 3707 2747 καὶ

2114 2786 2318 2858 Κύριον
2341 2787 2437 2841 καὶ
2460 2787 2551 2840 τοῦ
2570 2786 2825 2857 Σαμουὴλ
2845 2786 2937 2839 καὶ
2953 2786 3046 2840 τοῦ
3074 2786 3284 2858 Ἀαρὼν
3305 2786 3399 2839 κα)⁸
3415 2787 3707 2850 Μωῦσέως

2112 2879 2208 2930 καὶ
2239 2878 2346 2930 τῶν
2379 2877 2553 2931 ἄλλων
2587 2877 2804 2929 πάντων
2841 2876 3024 2940 ἁπλῶς
3058 2876 3187 2928 ὄντα
3222 2876 3435 2948 μηνύει.
3486 2876 3609 2928 Εἰσὶ
3642 2876 3705 2929 δὲ

2111 2973 2159 3024 οί
2190 2970 2339 3039 λόγοι
2368 2971 2459 3023 τοῦ
2488 2970 2703 3041 ψαλμοῦ
2731 2966 2905 3023 οῦτοι⁸
2942 2988 2959 3019 ‹
3006 2969 3063 3022 Ὀ
3090 2968 3293 3040 Κύριος
3324 2968 3703 3034 ἐϐασίλευσεν,

2111 3060 2518 3133 ὀργιζέσθωσαν
2569 3061 2688 3115 λαοί
2724 3078 2737 3091 ’
2794 3064 2822 3115 6
2868 3061 3175 3133 καθήμενος
3209 3060 3302 3113 ἐπὶ
3349 3060 3455 3113 τῶν
3504 3078 3710 3132 χερου-

2036 3128 2081 3190 c
2113 3128 2249 3225 ϐλμ,
2289 3154 2603 3225 σαλευθήτω
2658 3155 2690 3225 ἡ
2732 3154 2825 3224 γῆ.
2862 3128 3064 3224 Κύριος
3104 3155 3163 3205 ἐν
3209 3153 3346 3205 Σιὼν
3381 3128 3708 3223 μέγας-καὶ

2111 3247 2315 3319 ὑψηλός
2363 3250 2508 3301 ἐστιν
2544 3247 2637 3299 ἐπὶ
2672 3249 2879 3309 πάντας
2924 3248 3049 3310 τοὺς
3096 3246 3276 3310 λαούς.
3341 3246 3709 3319 Ἐξομολογη-

2113 3340 2398 3394 σάσθωσαν
2432 3340 2509 3411 τῷ
2541 3338 2767 3409 ὀνόματί
2806 3356 2900 3392 σου
2934 3338 3011 3409 τῷ
3059 3338 3302 3409 μεγάλῳ,
3337 3340 3420 3392 ὃτι
3466 3339 3708 3411 φοϐερὸν

2112 3433 2207 3487 καὶ
2242 3433 2395 3501 ἅγιόν
2431 3434 2569 3495 ἐστι,
2595 3430 2688 3483 καὶ
2719 3430 2851 3501 τιμὴ
2879 3429 3144 3501 βασιλέως
3176 3431 3357 3501 κρίσιν
3380 3430 3596 3499 ἀγαπᾷ.
3626 3430 3707 3483 Σὺ

2112 3527 2419 3598 ἡτοίμασας
2467 3524 2804 3596 εύθύτητας,
2856 3523 3037 3596 κρίσιν
3084 3524 3177 3576 καὶ
3235 3522 3579 3593 δικαιοσύνην
3644 3526 3708 3577 ἐν

2123 3617 2319 3671 Ἰακὼϐ
2383 3619 2447 3671 σὺ
2517 3618 2800 3687 ἐποίησας.
2877 3615 3103 3686 ’Υψοῦτε
3168 3615 3371 3689 Κύριον
3430 3616 3520 3668 τὸν
3561 3615 3705 3669 Θεὸν

2113 3710 2289 3782 ἡμῶν,
2326 3710 2420 3763 καὶ
2452 3711 2807 3781 προσκυνεῖτε
2833 3707 2909 3777 τῷ
2941 3707 3217 3777 ὑποποδίῳ
3249 3709 3355 3761 τῶν
3392 3708 3567 3761 ποδῶν
3600 3709 3708 3761 αὐ-

2112 3803 2203 3856 τοῦ
2225 3819 2237 3831 ·
2275 3803 2356 3854 ὅτι
2391 3801 2545 3869 ἅγιός
2580 3801 2975 3869 ἐστι.Μωῦσῆς
3008 3800 3102 3851 καὶ
3138 3799 3345 3870 Ἀαρὼν
3380 3802 3438 3852 ὲν
3470 3803 3583 3863 τοῖς
3621 3802 3707 3853 ἱε-

2116 3895 2299 3967 ρεῦσιν
2343 3893 2531 3956 αὐτοῦ,
2576 3893 2669 3945 καὶ
2703 3892 2957 3962 Σαμουὴλ
2993 3894 3048 3945 ὲν
3083 3895 3193 3954 τοῖς
3241 3890 3709 3961 ἐπικαλουμένοις

2111 3989 2172 4041 τὸ
2203 3987 2377 4058 ὄνομα
2409 3986 2596 4041 αὑτοῦ.
2646 3984 3042 4038 Ἐπεκαλοῦντο
3077 3984 3265 4055 (φησὶν
3297 3985 3329 4053 ἡ
3363 3983 3572 4054 Γραφὴ)
3605 3984 3705 4037 τὸν

2111 4078 2336 4149 Κύριον,
2372 4076 2467 4130 καὶ
2499 4075 2662 4138 αὐτὸς
2695 4076 2977 4146 εἰσήκουεν
3011 4074 3208 4128 αὐτῶν,
3259 4074 3346 4126 Ἐν
3393 4074 3570 4145 στύλῳ
3605 4091 3703 4129 νε-

2114 4169 2284 4241 φέλης
2320 4169 2499 4223 ἐλάλει
2532 4169 2668 4241 πρὸς
2701 4167 2930 4231 αὐτούς’
2975 4169 3056 4221 ὅτι
3112 4167 3413 4236 ἐφύλασσον
3461 4166 3576 4239 (57)
3630 4170 3705 4224 τὰ

2114 4261 2390 4333 μαρτύρια
2418 4260 2603 4327 αὑτοῦ,
2630 4260 2725 4313 καὶ
2758 4260 2818 4313 τὸ
2848 4260 3177 4332 πρόσταγμα
3203 4260 3231 4310 ὃ
3264 4259 3460 4312 ἔδωκεν
3485 4261 3703 4325 αὐτοῖς.

2110 4354 2284 4425 Κύριε
2316 4356 2345 4407 ὁ
2377 4354 2508 4417 Θεὸς
2543 4353 2719 4424 ἡμῶν,
2757 4353 2822 4405 σὺ
2851 4353 3119 4423 ὲπήκουες
3153 4352 3331 4405 αὐτῶν
3351 4369 3363 4381 ·
3389 4352 3593 4416 ὁΘεὸς,
3631 4357 3701 4407 σὺ

429 4450 844 4503 adinventiones
906 4464 1118 4504 eorum.
1183 4450 1432 4506 Exaltate
1484 4449 1770 4505 Dominum
1839 4452 2005 4505 Deum

2118 4447 2355 4511 εὐΐλατος
2390 4446 2577 4515 ὲγένου
2610 4446 2815 4511 αὐτοῖς,
2850 4447 2943 4499 καὶ
2990 4443 3217 4497 ἐκδικῶν
3262 4444 3356 4497 ἐπὶ
3405 4444 3581 4497 πάντα
3632 4448 3706 4500 τὰ

428 4550 724 4603 nostrum,
800 4550 854 4594 et
932 4541 1158 4597 adorate
1213 4544 1265 4596 in
1320 4554 1503 4597 monte
1577 4554 1768 4599 sancto
1834 4544 2001 4614 ejus;

428 4636 680 4703 quoniam
740 4644 963 4689 sanctus
1024 4634 1285 4690 Dominus
1344 4636 1486 4690 Deus
1531 4646 1719 4691 noster
1758 4637 1823 4691 ¹⁸.
1871 4656 1893 4689 ι

498 4811 590 4867 58.
619 4810 903 4865 Molestum
935 4811 1126 4866 Juda’o
1151 4812 1291 4881 quod
1326 4811 1568 4867 Christus
1596 4814 1900 4869 adorandus
1923 4816 2006 4867 di-

425 4919 600 4959 catur.
629 4903 696 4958 Id
723 4905 1004 4972 conﬁrmat
1037 4905 1287 4960 Justinus
1312 4922 1377 4958 ea:
1396 4907 1531 4974 psal.
1561 4921 1707 4961 XLIV.
1735 4907 1833 4962 Hic
1861 4906 2003 4978 Try-

425 4999 532 5068 pho
564 5015 578 5051 :
611 4996 879 5052 Praeclare
915 5000 1242 5063 faceremus,
1292 4999 1487 5067 inquit,
1517 5000 1562 5053 si
1598 5000 1873 5070 magistris
1902 5016 2003 5055 no-

2114 4538 2522 4611 ὲπιτηδεύματα
2574 4537 2774 4593 αὐτῶν.
2846 4537 3075 4607 ’Υψοῦτε
3133 4536 3337 4608 Κύριον
3401 4537 3493 4589 τὸν
3560 4538 3706 4591 Θεὸν

2112 4630 2290 4702 ἡμῶν,
2327 4630 2422 4683 κα)⁸
2456 4633 2810 4702 προσκυνεῖτε
2867 4631 2947 4693 εἰς
2998 4628 3122 4700 ὅρος
3174 4628 3331 4697 ἆγιον
3376 4628 3577 4682 αὐτοῦ’
3615 4630 3706 4683 ὅτι

2114 4723 2269 4789 ἅγιος
2297 4721 2499 4794 Κύριος
2527 4722 2555 4773 6
2581 4720 2713 4783 Θεὸς
2738 4718 2913 4790 ἡμῶν.
2952 4738 2971 4771 ι

2183 4816 2273 4869 58.
2307 4815 2416 4867 Καὶ
2448 4816 2477 4866 6
2511 4813 2742 4887 Τρύφων
2780 4810 2962 4866 εἶπεν·
3001 4809 3070 4866 Ὦ
3106 4812 3380 4885 ἄνθρωπε,
3429 4812 3598 4867 καλὸν
3630 4809 3705 4884 ἦν

2111 4906 2433 4970 πεισθέντας
2466 4908 2612 4977 ἡμᾶς
2644 4909 2754 4970 τοῖς
2792 4906 3129 4970 διδασκάλοις
3157 4905 3552 4978 νομοθετήσασι
3583 4907 3701 4978 (58)

2111 5001 2303 5072 μηδενὶ
2337 5000 2397 5064 ἐξ
2430 5000 2583 5071 ὑμῶν
2624 5001 2853 5071 ὁμιλεῖν,
2892 5001 3029 5072 μηδέ
3065 5019 3147 5055 σοι
3179 5001 3385 5055 τούτων
3427 5002 3701 5073 κοινωνῆ-

499 5177 543 5208 ¹³
584 5192 637 5230 n.
670 5177 758 5231 55.
843 5176 887 5206 “*
926 5175 1068 5231 Psal.
1106 5192 1252 5241 XLVI,
1282 5175 1439 5231 6-10.
1521 5177 1563 5209 ¹⁸
1600 5176 1745 5233 Psal.
1780 5194 1942 5232 xcvut
1973 5195 2070 5247 per
2102 5190 2299 5234 totum.

498 5355 609 5429 (56)
642 5354 817 5429 Minus
845 5363 1097 5429 accurate
1118 5354 1369 5429 Christus
1393 5356 1583 5429 specie
1611 5364 1664 5409 et
1687 5356 1890 5429 decore
1920 5372 2007 5410 ca-

425 5427 604 5482 ruisse
639 5427 914 5481 diceretur
938 5427 990 5480 in
1019 5427 1133 5493 ipso
1161 5428 1498 5481 ascensionis
1520 5427 1815 5495 triumpho.
1840 5428 1999 5481 Ειιιιι-

424 5498 547 5551 dem
584 5498 845 5565 psalmum
877 5501 944 5551 de
986 5496 1215 5551 Christo
1279 5498 1480 5549 dictum
1535 5512 1662 5550 esse
1718 5498 2001 5552 contendit

2114 5356 2280 5411 tribui
2312 5356 2722 5426 colligeremus.
2764 5357 2980 5413 Primus
3022 5358 3165 5415 illius
3192 5360 3456 5415 adventus
3492 5361 3702 5417 dicitur

2111 5427 2367 5481 informis
2402 5438 2456 5481 et
2492 5429 2759 5495 inglorius
2790 5445 2846 5482 n.
2876 5430 2999 5483 121.

2180 5498 2290 5568 (57)
2325 5498 2855 5567 Ὅτιέερύλασσον.
2885 5502 3045 5554 Deest
3066 5502 3149 5554 ὃτι
3196 5500 3253 5554 in
3307 5510 3540 5570 utroque
3596 5519 3697 5556 co-

424 5582 480 5620 ιι.
514 5568 602 5622 S5.
648 5566 753 5621 Sed
800 5567 1063 5621 humilem
1095 5567 1244 5619 illum
1287 5577 1492 5620 statum
1530 5568 1686 5636 primi
1733 5570 1997 5621 adventus
2104 5566 2229 5624 dice
2257 5566 2357 5622 ms.

426 5639 629 5692 finibus
654 5638 1107 5691 circumscribere
1143 5639 1375 5691 videtur.
1407 5638 1683 5689 Immerito
1715 5648 1893 5690 autem
1927 5652 1993 5691 ex

422 5710 687 5773 ejnstnodi
714 5708 868 5770 locis,
905 5709 956 5760 in
989 5709 1189 5776 quibus
1214 5708 1465 5776 Christus
1511 5708 1778 5776 inglorius
1815 5716 1869 5760 et
1905 5709 1992 5760 in-

2174 5638 2286 5710 (58)
2299 5639 2425 5706 Τοῖς
2446 5632 2839 5705 διδασκάλοις
2860 5642 3323 5709 νομοθετήσασι.
3351 5640 3503 5695 Hauc
3525 5657 3699 5710 agen-

2099 5708 2153 5783 di
2185 5708 2451 5766 rationem
2500 5711 2639 5765 infra
2669 5726 2823 5764 num.
2856 5712 2976 5775 “2,
3007 5708 3211 5767 Judxis
3230 5717 3536 5783 exprobrat
3558 5708 3694 5768 Jus-

421 5779 617 5832 furmis
644 5778 961 5850 apparuisse
1001 5775 1221 5843 dicitur,
1252 5775 1554 5833 deformem
1577 5775 1632 5832 ei
1672 5778 1880 5831 vultum
1909 5789 1993 5832 ιιι-ι
2098 5780 2266 5835 tinus.
