3962 6262
289 373 386 424 557
1254 384 1599 442 DlALOGUS
1630 388 1776 444 CUM
1809 388 2186 447 TRYPIIONE
2215 391 2483 450 JUDEO.
3518 408 3623 464 553

290 502 377 539 σαι
410 491 812 592 τῶνῌλόγων.
868 499 1198 574 Βλάσφημα
1244 507 1352 577 γὰρ
1399 508 1569 563 πολλὰ
1610 510 1811 579 λέγεις,
1859 512 1926 566 τὺπ

2051 513 2181 568 stris
2204 530 2409 570 morem
2436 527 2714 588 gerentes,
2741 521 2832 590 qui
2867 529 3111 576 vestrum
3137 521 3390 592 cuiquam
3431 524 3621 582 venire

292 579 702 649 σταυρωθέντα
744 588 962 643 τοῦτον
996 593 1168 657 ἀξιῶν
1203 596 1409 651 πείθειν
1439 602 1589 670 ἡμᾶς
1622 602 1925 673 γεγενῆσθα

2049 606 2105 660 in
2143 606 2475 677 colloquium
2525 610 2642 681 lege
2681 621 2987 676 vetuerunt,
3048 627 3115 667 ne
3160 613 3355 669 horum
3402 618 3622 686 quidem

302 675 434 743 μετὰ
464 677 784 743 Μωῦσέως
825 684 933 737 καλ⁵
983 687 1216 758 Ἀαρὼν,
1251 691 1344 742 καὶ
1376 690 1734 764 λελαληκέναι
1766 696 1926 749 αὐτοῖ.

2047 714 2359 755 sermonum
2390 707 2829 759 communionem
2864 714 3046 759 tecum
3075 706 3419 764 haberemus.
3449 707 3623 780 lmpie

309 770 360 820 ὲν
392 770 576 840 στὺλῳ
619 776 886 847 νεφέλης
908 794 922 807 ·
964 773 1088 833 εἶτα
1118 781 1403 855 ἄνθρωπον
1424 787 1735 858 γενόμενον,
1785 807 1926 842 σταυ-

2048 793 2192 846 enim
2224 794 2392 847 multa
2434 794 2592 860 dicis,
2627 796 2955 850 crucifixum
2978 797 3127 851 illum
3161 801 3494 867 persuadere
3521 817 3620 858 no-

321 862 573 934 ρωθῆναι,
609 867 715 920 καὶ
746 870 1175 945 ἀναϐεϐηκέναι
1195 879 1275 940 είς
1308 877 1401 930 τὸν
1434 879 1682 952 οὐρανὸν,
1720 882 1813 935 καὶ
1843 881 1926 936 πά¹

2046 886 2132 940 bis
2158 886 2315 957 135
2345 888 2625 955 postulans
2650 905 2771 943 cum
2798 887 2981 959 Moyse
3010 899 3063 945 et
3090 862 3308 947 Aa-rone
3335 902 3616 951 versatum

322 955 399 1049 λιν
434 958 858 1049 παραγίνεσθαι.
899 966 1017 1037 (59)
1056 969 1152 1023 ἐπὶ
1195 971 1293 1037 τῆς
1341 970 1466 1042 γῆς,
1502 972 1596 1026 καὶ
1635 992 1926 1049 προσκυνη-

2048 978 2240 1043 fuisse,
2265 990 2323 1033 et
2350 994 2444 1035 eos
2474 982 2524 1034 in
2552 983 2806 1036 columna
2836 985 2998 1038 nubis
3033 984 3325 1039 allocutum
3357 1001 3376 1041 :
3422 987 3620 1044 deinde

332 1048 414 1101 τὸν
447 1044 609 1103 εἶναι.

402 1330 575 1399 Κάγὼ
607 1334 1048 1409 ἀπεκρινάμην·
1087 1334 1217 1394 Οἶδα
1248 1340 1351 1407 ὅτι,
1386 1344 1461 1409 ὡς
1494 1344 1523 1398 ὁ
1554 1345 1645 1398 τοῦ
1680 1344 1814 1399 Θεοῦ
1850 1345 1940 1400 λό-

338 1438 429 1488 γος
462 1424 592 1495 ἔφη,
642 1426 965 1497 κέκρυπται
1013 1430 1108 1498 ἀφ’
1155 1431 1309 1502 ὑμῶν
1354 1436 1385 1505 ἡ
1438 1435 1598 1504 σοφία
1728 1437 1937 1510 μεγάλη

337 1514 471 1585 αὕτη
500 1515 595 1567 τοῦ
636 1517 869 1586 ποιητοῦ
894 1518 1005 1571 τῶν
1033 1519 1170 1572 ὅλων
1198 1522 1293 1574 κα)⁸
1319 1525 1756 1599 παντοκράτορος
1783 1528 1935 1583 Θεοῦ.

336 1608 425 1658 Διὸ
459 1608 774 1677 συμπαθῶν
810 1609 943 1679 ὑμῖν
992 1614 1367 1685 προσκάμνειν
1399 1618 1757 1690 ἀγωνίζομαι,
1792 1622 1938 1686 ὅπως

337 1698 401 1748 τὰ
436 1699 726 1770 παράδοξα
774 1699 935 1771 ἡμῶν
968 1703 1143 1756 ταῦτα
1190 1706 1454 1778 νοήσητε·
1503 1710 1553 1760 εί
1599 1710 1654 1762 δὲ
1704 1713 1800 1783 μὴ,
1852 1713 1939 1766 ἵνα

338 1790 439 1841 κᾶν
469 1790 642 1855 αὐτὸς
670 1791 851 1855 deam;
881 1785 928 1844 ὦ
956 1796 1015 1846 ὲν
1050 1795 1236 1867 ἡμέρα
1271 1798 1524 1869 κρίσεως.
1560 1801 1679 1853 Ἔτι
1702 1802 1809 1874 γὰρ
1844 1806 1937 1858 καὶ

2047 1068 2321 1123 hominem
2346 1069 2555 1125 factum
2587 1086 2650 1126 ac
2675 1073 2823 1126 cruci
2856 1071 3075 1128 alIixum
3110 1072 3299 1142 fuisse,
3336 1083 3391 1131 et
3418 1077 3472 1132 in
3510 1093 3623 1135 cm-

2041 1156 2154 1211 lum
2184 1161 2516 1227 ascendisse,
2571 1177 2635 1216 ac
2675 1177 2869 1218 rursus
2930 1163 2986 1221 in
3045 1174 3248 1222 terram
3303 1175 3616 1239 venturum,

2042 1250 2399 1319 eumdemque
2432 1253 2766 1309 adorandum
2789 1270 2928 1313 esse.

2116 1339 2251 1395 Tum
2281 1358 2381 1412 ego
2413 1345 2491 1398 sic
2534 1346 2823 1414 reSpondi:
2870 1347 2995 1403 Scio
3035 1349 3411 1407 absconditam
3464 1353 3623 1411 vobis

2040 1446 2182 1497 esse,
2216 1443 2273 1486 ut
2305 1435 2384 1489 ait
2424 1434 2641 1493 divinus
2682 1453 2885 1502 sermo,
2922 1456 3171 1512 magnam
3213 1444 3360 1498 illam
3394 1455 3614 1502 create-

2042 1522 2120 1575 ris
2166 1523 2412 1577 omnium
2462 1535 2518 1579 et
2561 1529 2949 1598 omnipotentis
3009 1531 3105 1585 Dei
3173 1535 3501 1605 sapientiam
3548 1537 3616 1591 “.

2040 1610 2221 1678 Quare
2264 1615 2643 1671 misericordia
2680 1620 2737 1674 in
2769 1635 2868 1675 vos
2906 1635 3233 1693 commotus,
3270 1630 3618 1686 contentione

2038 1704 2186 1758 omni
2216 1704 2481 1773 allaboro,
2518 1718 2575 1761 ut
2614 1707 2732 1764 haec
2767 1721 2976 1777 nostra,
3014 1727 3135 1781 quae
3169 1727 3370 1785 praeter
3410 1720 3596 1787 opinio

2041 1810 2164 1849 nem
2201 1807 2440 1851 vestram
2476 1799 2754 1867 dicuntur,
2785 1802 3138 1872 intelligatis;
3171 1807 3255 1861 vel
3286 1808 3479 1864 saltem
3516 1826 3620 1881 ego

338 1883 815 1954 παραδοξοτέρους
850 1885 963 1955 (60)
997 1866 1287 1952 δοκοῦντας
1311 1866 1513 1955 ⁷ἄλλους
1546 1866 1737 1961 λόγους
1770 1866 1926 1948 άκού-

2038 1887 2272 1941 crimine
2302 1902 2485 1943 vacem
2522 1890 2575 1943 in
2611 1893 2697 1946 die
2715 1894 2931 1963 judicii.
2956 1866 3151 1951 Adhuc
3173 1898 3322 1952 enim
3354 1866 3615 1968 audietis,

334 1988 486 2025 σετεσ
528 1974 608 2044 μὴ
643 1976 989 2045 ταράσσεσθε
1023 1976 1102 2042 δὲ,
1135 1978 1267 2032 ἀλλὰ
1304 1980 1504 2050 μᾶλλον
1537 1984 1932 2057 προθυμότεροι

332 2067 621 2136 γενόμενοι
655 2068 928 2138 ἀκροαταὶ
962 2069 1058 2121 καὶ
1090 2067 1371 2133 ἐξετασταὶ
1405 2074 1620 2143 μένετε,
1657 2093 1932 2150 καταφρο-

332 2156 555 2221 νοῦντες
586 2158 692 2227 τῆς
727 2160 1079 2229 παραδόσεως
1112 2160 1217 2213 τῶν
1252 2164 1532 2235 ὑμετέρων
1565 2167 1895 2222 διδασκάλων
1914 2185 1928 2199 '

334 2249 457 2301 ἐπεὶ
490 2250 556 2301 οὐ
593 2250 665 2302 τὰ
711 2250 799 2303 διὰ
833 2250 924 2303 τοῦ
973 2251 1109 2304 Θεοῦ
1148 2252 1258 2322 (61)
1306 2255 1411 2307 ὑπὸ
1446 2257 1537 2310 τοῦ
1589 2260 1928 2331 προφητικοῦ

328 2341 659 2409 Πνεῦματος
680 2334 1011 2412 ’ἐλέγχονται
1044 2348 1183 2398 νοεῖν
1214 2346 1521 2418 δυνάμενοι,
1558 2349 1694 2403 ἀλλὰ
1726 2350 1793 2404 τὰ
1827 2350 1932 2405 ἴδια

329 2433 535 2502 μᾶλλον
570 2433 847 2488 διδάσκειν
882 2436 1325 2507 προαιρούμενοι.
1376 2439 1464 2493 Ἑν
1510 2442 1931 2513 τεσσαρακοστῷ

329 2521 425 2579 οὖν
459 2527 720 2599 τετάρτῳ
749 2527 956 2598 ψαλμῷ
988 2531 1189 2599 ὁμοίως
1223 2533 1436 2603 εἴρηται
1468 2535 1547 2597 είς
1579 2536 1668 2587 τὸν
1698 2536 1932 2607 Χριστὸν

328 2622 502 2675 ταῦτα
522 2639 537 2650 ’
584 2641 603 2673 ι
662 2622 1027 2695 Ἐξηρεύξατο
1057 2626 1091 2697 ή
1125 2624 1319 2695 καρδία
1356 2643 1459 2695 μου
1492 2626 1649 2696 λόγον
1690 2629 1925 2696 ἀγαθόν·

331 2715 475 2783 λέγω
510 2716 628 2785 ἐγὼ
664 2716 733 2769 τὰ
766 2717 903 2788 ἔργα
940 2736 1040 2789 μου
1074 2718 1151 2788 τῷ
1184 2719 1429 2773 Βασιλεῖ.
1478 2719 1540 2772 Ἦ
1575 2721 1794 2790 γλῶσσά
1829 2742 1929 2793 μου

331 2807 584 2879 “1.13.1.0;
639 2810 1024 2879 γραμματέως
1076 2810 1409 2881 ὀξυγράφου.
1480 2814 1691 2884 Ὠραῖος
1745 2816 1930 2869 κάλλει

332 2901 485 2971 παρά
516 2901 649 2963 τοὺς
686 2902 839 2965 υἱοὺς
873 2901 983 2955 τῶν
1028 2902 1361 2975 ἀνθρώπων·
1401 2904 1631 2977 ἐξεχύθη
1679 2908 1837 2979 χάρις
1872 2910 1931 2963 ὲν

331 2991 533 3060 χείλεσί
569 3009 699 3044 σοῦ’
736 2993 826 3045 διὰ
868 2993 1027 3046 τοῦτο
1074 2995 1346 3065 εὐλόγησέ
1395 3013 1456 3049 σε
1488 2999 1516 3050 ὁ
1561 2998 1694 3064 Θεὸς
1728 3002 1809 3064 είς
1840 3000 1931 3055 τὸν

2034 1992 2158 2047 quae
2191 1981 2259 2036 ab
2292 1983 2551 2051 Opinione
2606 1993 2782 2039 vestra
2818 1988 2993 2056 magis
3045 1999 3254 2044 remota
3289 1991 3615 2062 videantur;

2034 2072 2131 2127 sed
2175 2087 2243 2129 ne
2274 2076 2591 2139 turbemini,
2629 2078 2759 2146 quin
2796 2082 2977 2149 potius
3002 2079 3302 2137 alacriores
3337 2084 3617 2141 auditores

2033 2169 2090 2214 et
2117 2161 2494 2233 inquisitores
2538 2178 2779 2235 manete,
2839 2171 3189 2228 traditionem
3233 2175 3615 2244 magistrorum

2035 2263 2343 2310 vestrorum
2399 2260 2852 2327 contemnentes;
2894 2276 2961 2315 eo
3014 2262 3212 2333 quippe
3263 2265 3483 2320 nomine
3526 2284 3617 2322 ar-

2034 2353 2276 2412 guuntur
2301 2360 2331 2398 a
2359 2345 2563 2416 Spiritu
2590 2361 2807 2417 sancto,
2844 2354 2987 2422 quod
3022 2354 3325 2427 intelligere
3352 2372 3459 2412 non
3495 2374 3618 2429 pos-

2033 2434 2164 2501 sint,
2205 2452 2328 2506 quaa
2363 2453 2392 2492 a
2436 2439 2548 2496 Deo
2588 2443 2875 2510 doceantur,
2924 2445 3018 2499 sed
3064 2460 3161 2499 sua
3207 2447 3382 2516 magis
3421 2448 3618 2505 docere

2034 2526 2289 2581 studeant
2318 2527 2381 2582 ‘7.
2412 2528 2471 2583 lu
2512 2530 2721 2598 psalmo
2751 2533 2915 2602 igitur
2956 2535 3386 2605 quadragesimo
3417 2550 3617 2607 quarto

2033 2617 2149 2671 haec
2188 2617 2243 2671 in
2275 2617 2556 2674 Christum
2590 2621 2853 2676 similiter
2882 2623 3030 2679 dicta
3054 2625 3307 2682 sunt‘°:«
3334 2624 3620 2685 Eructavit

2034 2721 2131 2759 cor
2177 2722 2358 2762 meum
2409 2710 2634 2765 verbum
2703 2713 2943 2767 bonum:
2989 2715 3111 2769 dico
3144 2730 3244 2785 ego
3283 2732 3452 2787 opera
3493 2736 3615 2777 mea

2033 2797 2192 2868 Regi.
2222 2800 2430 2872 Lingua
2460 2817 2579 2856 mea
2611 2804 2851 2859 calamus
2877 2806 3069 2860 scribae
3089 2807 3349 2864 velociter
3372 2810 3617 2867 scriben-

2038 2892 2129 2946 tis.
2163 2891 2454 2962 Speciosus
2498 2894 2672 2950 forma
2718 2912 2829 2965 prae
2874 2898 3001 2953 ﬁliis
3049 2898 3368 2970 hominum;
3418 2903 3614 2960 diﬂ‘usa

2030 2992 2115 3038 est
2146 2985 2326 3053 gratia
2361 2986 2415 3040 in
2468 2986 2631 3042 labiis
2687 2990 2825 3055 luis;
2881 3000 3174 3059 propterea
3223 2992 3507 3049 benedixit
3559 3006 3614 3051 te

330 3083 521 3136 aiévz.
562 3081 878 3155 Περξζωσαι
912 3084 1010 3156 τὴν
1046 3088 1321 3156 ῥομφαίαν
1374 3106 1468 3142 σου
1504 3092 1595 3143 ἐπὶ
1628 3091 1718 3143 τὸν
1754 3093 1926 3164 μηρόν

2035 3076 2176 3130 Deus
2212 3077 2266 3130 in
2298 3087 2587 3133 aeternum.
2638 3082 2941 3150 Accingere
2983 3083 3164 3152 gladio
3203 3092 3294 3138 tuo
3328 3099 3493 3154 super
3528 3086 3611 3142 fe-

331 3197 447 3240 σου,
483 3179 707 3232 emes.
746 3180 825 3250 Τῇ
877 3180 1176 3251 ὼραιότητί
1223 3198 1315 3234 σου
1351 3168 1446 3236 καὶ
1491 3183 1566 3253 τῷ
1612 3184 1798 3237 κάλλει
1833 3203 1926 3239 σου

2035 3181 2157 3219 ιιιιιι·
2189 3177 2362 3234 ιιιιιιη,
2396 3171 2799 3238 potentissime.
2833 3171 3030 3239 Specie
3060 3183 3175 3240 tua,
3208 3184 3265 3230 et
3302 3177 3615 3244 pulchritu-

329 3273 424 3324 καὶ
467 3272 701 3333 ἕντεινε,
749 3272 845 3323 καὶ
898 3271 1211 3335 κατευοδοῦ,
1262 3275 1357 3326 καὶ
1411 3273 1684 3343 βασίλευε,
1740 3277 1925 3329 ἕνεκεν

2035 3262 2157 3315 dine
2188 3273 2276 3316 tua
2304 3272 2358 3318 et
2388 3263 2630 3331 intende,
2667 3274 2721 3320 et
2750 3282 3009 3337 prospere
3041 3269 3297 3336 procede,
3325 3278 3383 3324 et
3420 3286 3613 3342 regna,

328 3363 597 3433 ἀληθείας
632 3364 729 3416 καὶ
773 3364 1083 3435 πραότητος
1129 3364 1222 3418 καὶ
1267 3365 1647 3437 δικαιοσύνηςο
1684 3368 1776 3421 καὶ
1807 3369 1927 3440 ὁδη-

328 3456 490 3524 γήσει
526 3471 587 3507 σε
621 3454 955 3525 θαυμαστῶς
988 3458 1021 3526 ὴ
1057 3453 1205 3520 δεξιά
1239 3474 1353 3509 σου.
1390 3459 1472 3512 Τὰ
1505 3459 1635 3530 βέλη
1674 3476 1764 3512 σου
1798 3463 1929 3531 ἡκο-

326 3544 565 3615 νημένα,
620 3544 846 3608 δυνατὲ,
900 3545 1019 3599 λαοὶ
1067 3546 1324 3600 ὑποκάτω
1370 3565 1462 3602 σου
1510 3549 1821 3613 πεσοῦνται,
1870 3552 1927 3605 ὲν

328 3636 531 3707 καρδίᾳ
571 3635 682 3688 τῶν
729 3636 941 3706 ἐχθρῶν
987 3636 1079 3689 τοῦ
1114 3637 1416 3702 Βασιλέως.
1464 3638 1522 3693 ’0
1569 3639 1758 3712 θρόνος
1807 3657 1925 3705 σου,

326 3726 358 3776 ὁ
388 3726 545 3789 Θεὸς,
580 3727 666 3790 εἰς
713 3727 804 3779 τὸν
837 3726 1013 3780 αἰῶνα
1044 3728 1136 3781 τοῦ
1188 3730 1416 3794 αἰῶνοςο
1455 3730 1650 3801 ῥάϐδος
1696 3730 1928 3802 εὐθύτη-

327 3835 418 3882 τος
452 3821 486 3889 ἡ
523 3818 722 3889 ῥάϐδος
757 3820 854 3890 τῆς
891 3819 1167 3890 βασιλείας
1204 3839 1320 3877 σου.
1369 3823 1693 3896 Ἠγάπησας
1726 3826 1930 3878 δικαιο-

329 3913 521 3983 σύνην,
556 3914 657 3966 καὶ
689 3914 964 3984 ἐμίσησας
1012 3916 1276 3985 ἀνομίαν·
1325 3916 1415 3970 διὰ
1446 3918 1603 3970 τοῦτο
1649 3918 1833 3991 ἑχρισέ
1868 3935 1928 3971 σε

328 4008 359 4059 ό
387 4006 522 4069 Θεός
556 4006 670 4076 (62)
708 4024 804 4059 σου
837 4007 1015 4061 ἔλαιον
1050 4008 1423 4077 ἀγαλλιάσεως
1458 4011 1610 4083 παρὰ
1641 4013 1766 4075 τοὺς
1802 4029 1930 4080 μετ-

331 4098 491 4167 όχους
540 4115 660 4151 σου.
712 4097 971 4169 Σμύρναν
1006 4100 1102 4153 καὶ
1151 4101 1389 4172 στακτὴν
1436 4103 1533 4156 καὶ
1581 4104 1777 4158 κασίαν
1822 4105 1930 4159 ἀπὸ

329 4189 437 4241 τῶν
471 4189 708 4259 ἱματίων
742 4207 861 4255 σου,
896 4191 1006 4244 ἀπὸ
1056 4191 1266 4263 βάρεων
1314 4192 1699 4263 ἐλεφαντίνων,
1748 4194 1808 4260 ἐξ
1853 4188 1929 4248 ὧν

330 4281 614 4355 εὖφρανάν
651 4298 733 4336 σε.
769 4281 1085 4354 θυγατέρες
1135 4283 1403 4353 βασιλέων
1451 4287 1510 4338 ἐν
1542 4289 1607 4357 τῇ
1641 4286 1773 4357 τιμῇ
1810 4304 1925 4341 σου.

331 4372 593 4443 Παρέστη
629 4376 662 4441 ἡ
712 4372 1002 4442 βασίλισσα
1048 4376 1112 4427 ὲκ
1141 4374 1330 4439 δεξιῶν
1376 4392 1494 4437 σου,
1542 4377 1599 4428 ἐν
1648 4376 1929 4448 ἱματισμῷ

329 4460 615 4533 διαχρύσῳ
661 4463 1124 4535 περιϐεϐλημένη,
1180 4464 1600 4537 πεποικιλμένη.
1640 4466 1924 4529 Ἀκουσον,

2028 3364 2258 3424 pr0pter
2282 3358 2569 3411 veritatem
2604 3368 2657 3411 et
2710 3360 3204 3425 mansuetudinem,
3230 3369 3283 3414 et
3308 3360 3607 3430 justitiam;

2028 3456 2084 3501 et
2111 3448 2346 3503 deducet
2380 3458 2431 3503 te
2463 3449 2793 3504 mirabiliter
2822 3451 3053 3505 dextera
3088 3461 3195 3506 tua.
3243 3450 3468 3523 Sagittae
3505 3465 3612 3509 tua:

2034 3549 2233 3607 acutae,
2270 3543 2674 3610 potentissime,
2702 3542 2882 3613 populi
2909 3541 3009 3597 sub
3039 3552 3088 3596 te
3124 3545 3339 3609 cadent,
3369 3543 3423 3600 in
3449 3549 3618 3601 corde

2030 3632 2373 3688 inimicorum
2410 3633 2589 3705 Regis.
2623 3634 2791 3689 Sedes
2812 3643 2922 3701 tua,
2958 3634 3118 3699 Deus,
3148 3635 3200 3687 in
3228 3634 3484 3690 saeculum
3519 3651 3614 3691 sae-

2029 3728 2171 3783 culi:
2222 3727 2377 3797 virga
2410 3727 2752 3793 directionis,
2804 3727 2954 3797 virga
3001 3727 3151 3795 regni
3212 3726 3309 3781 tui.
3356 3726 3609 3781 Dilexisti

2024 3821 2316 3889 justitiam.
2348 3832 2403 3877 et
2428 3822 2592 3877 odisti
2627 3821 3011 3890 iniquitatem;
3060 3829 3344 3891 propterea
3379 3821 3533 3875 unxit
3561 3831 3613 3876 te

2034 3913 2197 3979 Deus,
2238 3915 2380 3968 Deus
2431 3921 2557 3967 tuus
2590 3914 2713 3968 oleo
2751 3912 3138 3968 exsultatiouis
3188 3927 3299 3981 prie
3332 3913 3612 3983 participi-

2030 4005 2132 4059 bus
2183 4006 2314 4060 tuis.
2365 4005 2582 4075 Myrrha
2614 4015 2667 4059 et
2695 4014 2866 4074 gutta,
2901 4013 2956 4058 et
2996 4003 3168 4069 casia,
3206 4017 3239 4057 a
3269 4003 3612 4059 vestimentis

2033 4098 2160 4159 tuis,
2195 4113 2222 4150 a
2258 4096 2507 4152 domibus
2545 4096 2823 4161 eburneis,
2870 4110 2936 4149 ex
2964 4096 3161 4165 quibus
3202 4093 3611 4151 delectaverunt

2033 4197 2105 4242 te.
2162 4186 2313 4242 Filiae
2358 4202 2547 4257 regum
2599 4187 2653 4241 in
2707 4187 2918 4241 honore
2969 4195 3084 4241 tuo.
3134 4185 3323 4240 Astitit
3356 4187 3544 4258 regina
3576 4205 3607 4242 ιι

2029 4279 2236 4333 dextris
2285 4278 2413 4344 tuis,
2468 4279 2521 4333 in
2568 4277 2767 4331 vestitu
2824 4277 3119 4342 deaurato,
3166 4277 3605 4343 dircumamicta,

2033 4373 2337 4442 varicgata.
2382 4372 2544 4431 Audi,
2580 4370 2712 4432 ﬁlia,
2764 4379 2820 4424 et
2874 4368 3019 4436 vide,
3065 4379 3121 4425 et
3174 4369 3374 4425 inclina
3421 4386 3608 4426 aurem

2033 4470 2217 4519 tuam:
2253 4473 2307 4517 et
2336 4461 2658 4517 obliviscere
2686 4461 2944 4531 populum
2988 4472 3137 4516 tuum
3167 4471 3223 4517 et
3260 4463 3480 4519 domum
3507 4479 3606 4532 pa-

330 4554 596 4624 θύγατερ,
634 4556 729 4608 καὶ
764 4556 859 4619 ἴδε,
895 4557 990 4611 καὶ
1023 4557 1199 4611 κλῖνον
1232 4557 1294 4612 τὸ
1325 4554 1420 4623 οὖς
1455 4576 1569 4623 σου,
1604 4560 1698 4619 καὶ
1732 4559 1922 4613 ἐπιλά-

2035 4555 2130 4610 tris
2174 4554 2272 4609 tui.
2320 4552 2389 4608 Et
2435 4555 2793 4623 concupiscet
2834 4551 2952 4607 Rex
2978 4555 3233 4609 decorem
3274 4564 3454 4619 tuum;
3480 4556 3606 4623 quia

330 4644 427 4699 θον
473 4646 570 4698 τοῦ
620 4645 749 4699 λαοῦ
784 4663 900 4712 σου,
936 4646 1032 4701 καὶ
1076 4647 1167 4700 τοῦ
1217 4647 1371 4701 οἴκου
1405 4647 1497 4701 τοῦ
1549 4649 1756 4720 πατρός
1791 4666 1918 4702 σου’

441 4803 486 4834 ⁸⁸
523 4802 634 4857 lsa.
666 4818 823 4868 xm,
860 4801 949 4856 14.
1060 4803 1103 4833 ¹⁷
1145 4802 1284 4859 Ibid.

405 4957 520 5027 (59)
563 4959 1023 5027 Hapaﬂrwﬂar.
1049 4957 1286 5014 Necesse
1311 4972 1417 5011 non
1445 4966 1529 5012 est
1554 4958 1647 5012 hic
1676 4957 1917 5013 futurum

335 5044 457 5082 eum
500 5030 801 5099 Sylburgio
842 5043 1135 5097 reponere;
1169 5044 1295 5081 cum
1333 5027 1637 5082 familiares
1679 5030 1791 5082 sint
1819 5028 1919 5082 Ju-

337 5104 479 5153 stino
519 5113 830 5169 temporum
882 5100 1313 5163 immutatiooes,
1364 5113 1427 5151 ac
1466 5108 1730 5169 praeterea
1777 5114 1916 5165 pra:-

335 5184 464 5223 sens
511 5184 617 5241 pro
638 5166 840 5241 ’tuturo
877 5182 1023 5237 saepe
1053 5178 1352 5241 usurpetur
1383 5169 1437 5221 in
1470 5166 1751 5237 ejusmodi
1786 5169 1919 5223 locis

338 5242 479 5310 apud
512 5239 965 5310 accuratissimus
1000 5240 1320 5310 scriptores.

408 5311 523 5378 (60)
563 5310 677 5363 Kal
713 5306 1245 5377 παραδοξοτέρους.
1285 5306 1380 5364 Vel
1405 5322 1467 5363 ea
1492 5307 1919 5378 promittereivi-

335 5377 514 5443 detur,
550 5395 677 5449 quae
707 5382 772 5432 de
808 5380 970 5433 Verbi
1005 5381 1357 5449 generatione
1390 5394 1456 5433 ex
1485 5379 1789 5433 substantia
1812 5377 1919 5431 Pa-

337 5454 434 5505 tris
469 5458 528 5505 in
556 5448 795 5505 secunda
833 5459 991 5518 parte
1019 5448 1231 5519 Dialogi
1268 5450 1555 5519 edissere}.
1591 5448 1673 5502 vel
1708 5463 1829 5516 qua:
1853 5450 1921 5503 de

334 5524 633 5576 vocatione
682 5517 923 5589 gentium
970 5527 1025 5573 et
1072 5517 1456 5589 reprobatione
1500 5517 1813 5575 Iudaeorum
1860 5519 1918 5572 iu

339 5596 495 5645 tertia
531 5608 597 5657 pa
606 5601 711 5643 rte.
1244 5654 1251 5657 Α
1914 5650 1921 5657 ,

406 5609 772 5731 ῗέῗβῗὲἓὰ
807 5659 909 5714 διὰ
950 5657 1059 5711 τοῦ
1102 5654 1271 5713 Θεοῦ.
1312 5658 1508 5731 Multas
1549 5672 1608 5713 se
1640 5658 1703 5731 in
1734 5650 1917 5731 partes

340 5727 512 5785 venit
547 5730 632 5785 Cl.
685 5728 988 5794 Thirlbius,
1034 5739 1095 5782 ut
1133 5731 1273 5782 hunc
1312 5730 1513 5793 locum,
1558 5729 1651 5796 qui
1694 5727 1918 5781 minime

340 5813 644 5879 corruptus
664 5809 983 5880 esu-sanet.
1016 5799 1322 5880 L‘egendum
1336 5796 1920 5880 proponitzdﬁtwrdy-

345 5866 522 5939 ματα’
554 5869 648 5923 τοῦ
682 5869 840 5935 Θεοῦ,
881 5870 969 5925 vel
1005 5868 1074 5922 τὰ
1098 5866 1196 5921 ταῦ
1229 5866 1364 5924 Θεοῦ
1406 5866 1496 5923 διὰ
1528 5866 1620 5922 τοῦ
1654 5883 1915 5939 προφητι-

2031 4648 2147 4719 ipse
2168 4657 2252 4704 est
2277 4648 2539 4703 Dominus
2577 4658 2744 4701 tuus:
2785 4654 2843 4703 et
2874 4644 3186 4702 adorabunt
3221 4659 3369 4699 eum.
3401 4645 3467 4700 Et
3494 4646 3604 4703 tilia

1399 4802 1443 4834 “
1484 4801 1634 4858 Psal.
1666 4819 1810 4871 χειν,
1842 4819 1937 4875 per
1969 4812 2168 4860 totum.

2027 4958 2124 5012 κοῦ
2150 4960 2487 5037 Πνειξματος.
2526 4960 2637 5037 Nec
2676 4961 2934 5037 eruditus
2951 4960 3041 5037 ille
3057 4961 3170 5037 vir,
3193 4975 3294 5037 nec
3318 4959 3408 5013 alii
3434 4958 3605 5037 inter:

2029 5042 2215 5107 pretes
2263 5029 2461 5107 JuStini
2511 5032 2762 5107 viderunt
2806 5030 3085 5107 illud
3129 5029 3221 5084 τοῦ
3270 5029 3603 5107 προφητικοῦ

2028 5100 2345 5171 Πνεύματος
2371 5101 2559 5154 referri
2609 5102 2673 5155 ad
2708 5102 2929 5155 verbmn
2961 5102 3293 5171 ἐλέγχονται,
3317 5100 3439 5171 quo
3471 5104 3597 5168 qui-

2026 5172 2147 5224 deni
2184 5169 2353 5225 ‘semel
2384 5174 2764 5225 animadverso
2789 5188 2895 5225 non
2928 5169 3177 5227 dilliciles
3206 5180 3367 5226 erunt
3396 5169 3478 5223 hae
3514 5182 3605 5222 vo-

2024 5254 2137 5305 ces,
2171 5241 2240 5295 τὰ
2272 5241 2360 5295 διὰ
2383 5240 2473 5294 τοῦ
2509 5240 2665 5295 θεοῦ.
2705 5242 3146 5296 Subaudiendum
3178 5241 3323 5296 enim
3354 5237 3603 5292 διδασκό-

2029 5327 2167 5380 μενα
2200 5321 2291 5364 aut
2326 5313 2545 5381 aliquod
2579 5312 2757 5365 simile
2797 5310 3046 5379 verbum,
3080 5310 3223 5381 quod
3256 5308 3603 5381 Justinusje—

2027 5376 2165 5434 ctori
2193 5376 2553 5450 supplendum
2588 5382 2897 5447 relinquere
2923 5376 3058 5436 solet
3078 5376 3212 5435 z'Sic
3249 5379 3395 5450 enim
3418 5395 3481 5450 _n.
3508 5376 3597 5431 34:

2022 5451 2156 5503 ὅπου
2189 5446 2358 5523 γάρὸ
2404 5452 2635 5523 νόμος...
2666 5446 2787 5521 οὐχὶ
2811 5450 2902 5504 τὸν
2934 5453 3051 5536 μετ’
3080 5453 3285 5504 ἐκεῖνον
3316 5446 3599 5525 μέλλοντα,

2024 5520 2161 5592 and:
2192 5522 2281 5575 τὸν
2327 5521 2414 5575 διὰ
2460 5521 2737 5592 Μωῦσέως
2784 5520 3312 5592 ἕεξηγεισθεχΕιιι.Δ
3348 5519 3448 5592 b5:
3497 5517 3600 5592 Τζιν

2022 5591 2109 5644 διὰ
2141 5591 2249 5645 τῶν
2277 5591 2794 5666 ξιεροιρῃτῷν.νόμονἶ
2941 5606 3005 5666 Δη.
3032 5591 3164 5666 _55_:
3195 5591 3269 5666 _'0
3301 5589 3457 5666 λόγος
3502 5587 3598 5658 τῆς

2022 5659 2355 5733 προφητείας
2389 5659 2487 5731 τῆς
2520 5661 2609 5733 διά
2639 5659 2821 5717 Δαϐίδ.
2856 5660 3245 5733 νιιιιᾼροιηι,
3275 5679 3329 5733 n_.
3364 5659 3455 5714 59.

2092 5730 2205 5803 (62)
2258 5732 2321 5785 '0
2370 5730 2532 5797 Θεός.
2574 5732 2881 5803 Legendum
2905 5734 2934 5787 ὁ
2964 5730 3117 5798 Θεὸς,
3155 5730 3185 5783 ὁ
3216 5730 3349 5796 Θεός
3382 5744 3500 5795 σου,
3543 5736 3602 5782 ιιι

2087 5803 2165 5857 l‘ra
2208 5820 2263 5857 ιι.
2296 5803 2362 5857 56
2389 5814 2443 5857 et
2475 5803 2569 5857 65.

2022 5802 2165 5857 ἱηΙί-ιι
2187 5802 2263 5859 ιι.
2296 5803 2362 5857 56
2389 5814 2443 5857 et
2475 5803 2569 5860 65.
