3962 6262
358 364 462 424 559

1206 349 1264 406 S.
1298 347 1562 407 JUSTlNl
1591 344 2013 421 PHILOSOPHI‘
2038 342 2123 400 ET
2159 337 2521 397 MARTYRIS

3494 324 3610 381 5εο

362 478 489 550 Tyri
540 475 594 529 in
636 467 973 527 muneribus.
1015 463 1233 519 Vultum
1283 472 1437 518 tuum
1490 464 1928 532 deprecabuntur

2056 460 2125 513 :al.
2159 457 2483 527 ἐπιθυμήσει
2512 454 2539 505 6
2564 449 2823 514 Βασιλεὺς
2852 447 2943 501 τοῦ
2977 444 3204 508 κάλλους
3235 456 3330 495 σου
3351 454 3364 472 ⁸
3392 438 3472 494 ὅτι
3502 439 3611 493 αὐ-

362 571 559 627 divites
587 564 779 634 plebis.
808 557 998 615 Omnis
1026 556 1193 625 gloria
1231 556 1352 609 filiae
1394 555 1555 625 Regis
1587 556 1928 617 intrinsecus,

366 663 420 715 in
456 656 687 713 ﬁmbriis
732 652 935 715 aureis,
970 649 1407 713 circumamicta,
1437 647 1735 716 variegata.
1783 644 1935 699 Απο-

362 762 554 807 rentur
584 745 715 817 Regi
757 745 994 814 virgines
1036 750 1161 812 post
1190 756 1345 804 eam;
1379 740 1637 809 proximae
1661 737 1778 805 ejus
1808 736 1936 791 alle-

366 851 557 897 rentur
587 839 705 892 tibi.
750 836 1060 891 Aﬂerentur
1109 833 1167 885 in
1207 831 1413 894 lagtitia,
1446 840 1501 886 et
1532 828 1932 884 exsultatione:

364 936 702 989 adducentur
755 930 805 983 in
852 927 1105 997 templum
1159 926 1339 995 Regis.
1390 924 1497 978 Pro
1542 921 1783 991 patribus
1831 917 1943 972 tuis

378 1026 491 1080 nati
534 1033 662 1080 sunt
711 1023 805 1076 tibi
836 1020 965 1085 lilii;
1006 1021 1307 1075 constitues
1342 1031 1436 1069 eos
1458 1014 1731 1085 principes
1771 1024 1934 1079 super

364 1129 581 1169 omnem
634 1122 873 1169 terram.
917 1110 1268 1165 Recordahor
1303 1107 1537 1160 nominis
1584 1105 1659 1159 tui
1692 1104 1744 1158 in
1787 1100 1934 1155 omni

363 1206 716 1279 generatione
747 1214 801 1257 et
825 1202 1215 1272 generatione;
1244 1207 1535 1269 propterea
1567 1195 1748 1265 populi
1798 1210 1926 1248 con-

365 1298 663 1354 ﬁtebuntur
714 1295 809 1351 tibi
858 1296 910 1349 in
962 1302 1250 1354 aeternum,
1298 1299 1357 1345 et
1410 1290 1463 1343 in
1521 1288 1774 1342 saeculum
1828 1304 1932 1343 szeo

366 1390 493 1443 culi.
532 1407 551 1441 ι

2033 550 2123 614 τός
2160 550 2273 601 ἐστι
2292 544 2492 617 Κύριός
2529 558 2643 606 σου,
2671 539 2765 594 καὶ
2797 535 3261 610 προσκυνήσουσιν
3293 527 3458 598 αὐτῷ.
3494 528 3612 582 Καὶ

2039 639 2285 709 θυγάτηρ
2319 634 2493 707 Τύρου
2529 635 2585 685 ἐν
2630 629 2841 701 δώροις.
2878 625 2951 679 Τὸ
2996 621 3284 695 πρόσωπόν
3330 636 3422 671 σου
3454 617 3613 670 λιταο

2038 730 2316 785 νεύσουσιν
2358 728 2406 779 οἰ
2453 720 2694 777 πλούσιοι
2727 718 2818 773 τοῦ
2866 714 3017 769 λαοῦ.
3065 714 3224 766 Πᾶσα
3269 711 3303 781 ἡ
3349 707 3474 773 δόξα
3510 707 3614 775 τῆς

2041 820 2306 891 θυγατρὸς
2340 817 2430 870 τοῦ
2466 812 2740 876 Βασιλέως
2775 807 2998 870 ἔσωθεν,
3030 807 3086 857 ἐν
3121 804 3446 874 κροσσωτοίς
3481 816 3619 870 χρυ-

2044 917 2153 978 σοῖς
2178 908 2639 982 περιϐεϐλημένη,
2666 900 3084 970 πεποικιλμένη.
3125 892 3618 963 Ἀπενεχθήσονται

2038 1010 2115 1080 τῷ
2147 1007 2367 1063 Βασιλεῖ
2402 1002 2664 1075 παρθένοι
2698 997 2873 1051 ὀπίσω
2906 992 3074 1061 αὐτῆς
3111 989 3243 1060 (65),
3295 990 3349 1041 αἱ
3385 983 3619 1054 πλησίον

2040 1072 2209 1172 αθτῆς
2243 1072 2700 1166 άπενεχθῆσονταί
2746 1103 2859 1141 σοι’
2913 1080 3372 1152 ἁπενεχθήσονται
3420 1078 3477 1128 ἐν
3524 1072 3620 1125 εὑ·-

2040 1164 2285 1265 φροσύνῃ
2317 1164 2766 1253 καίνγάγαλλιάσει
2788 1196 2801 1208 ·
2830 1174 3154 1245 άχθήσονται
3177 1171 3255 1233 εἰς
3289 1166 3414 1221 ναὸν
3448 1164 3619 1216 Βασι-

2038 1254 2197 1348 λέως.
2246 1254 2389 1334 ’λντὶ
2422 1276 2529 1330 τῶν
2576 1271 2827 1343 πατέρων
2862 1285 2955 1320 σου
3003 1261 3367 1333 ἐγεννήθησαν
3413 1258 3462 1309 οἰ
3509 1254 3620 1307 υἱοί

2041 1392 2164 1428 σου’
2202 1370 2565 1439 καταστήσεις
2609 1364 2805 1425 αὐτοὺς
2851 1359 3115 1429 ἄρχοντας
3164 1351 3256 1405 ἐπὶ
3303 1350 3482 1403 πᾶσαν
3519 1345 3622 1415 τὴν

363 1482 486 1554 γῆν.
535 1477 930 1551 Μνησθήσομαι
976 1473 1067 1528 τοῦ
1099 1471 1360 1543 ὀνόματός
1397 1489 1488 1524 σου
1524 1473 1581 1523 ἐν
1636 1471 1785 1543 πάσῃ
1831 1470 1994 1542 γενεᾷ
2025 1470 2120 1523 καὶ
2152 1466 2350 1538 γενεᾷ·
2383 1461 2471 1516 διὰ
2520 1458 2676 1513 τοῦτο
2708 1454 2828 1508 λαοί
2866 1443 3351 1521 ἐξομολογήσονταί
3412 1458 3495 1493 σοι
3542 1439 3622 1495 εἰς

363 1572 452 1627 τὸν
484 1570 656 1625 αἰῶνα
689 1569 782 1623 καὶ
814 1569 893 1632 εἰς
925 1566 1015 1620 τὸν
1047 1564 1218 1619 αἰῶνα
1251 1564 1341 1617 τοῦ
1377 1564 1587 1628 αἰῶνος.
1633 1583 1651 1616 ι

434 1663 524 1719 59.
582 1660 766 1716 Judwi
828 1657 1157 1713 Christianos
1217 1658 1312 1711 hoc
1361 1658 1629 1710 credentes
1688 1656 1936 1710 oderunt.

369 1753 640 1821 Quantum
664 1752 803 1805 inter
820 1761 1069 1817 utrosque
1092 1748 1394 1804 discrimen.
1414 1778 1484 1788 —
1508 1748 1617 1799 Nec
1648 1747 1938 1814 quidquam

2113 1646 2202 1700 59.
2237 1640 2349 1695 Καὶ
2383 1637 2533 1692 οὐδὲν
2584 1628 2918 1703 θαυμαστὸν,
2969 1626 3213 1680 ὲπεῖπον.
3249 1623 3296 1675 εἰ
3329 1620 3423 1672 καὶ
3468 1620 3621 1690 ἡμᾶς

2050 1738 2255 1808 μισεῖτε
2290 1732 2411 1794 τοὺς
2445 1727 2616 1781 ταῦτα
2646 1722 2919 1785 νοοῦντας,
2957 1718 3047 1770 οιαὶ
3094 1715 3412 1784 ἐλέγχοντας
3462 1711 3623 1781 ὑμῶν

371 1801 640 1821 κεν-⁷η--πν
1055 1801 1058 1802 ν
1382 1801 1393 1804 τ
1666 1801 1679 1814 .
1799 1801 1810 1814 .

369 1845 591 1910 mirum,
622 1843 859 1904 aiebam,
891 1839 936 1894 si
962 1854 1061 1893 nos
1096 1852 1310 1908 quoque
1339 1837 1556 1900 odistis,
1580 1836 1671 1906 qui
1725 1837 1839 1891 hac
1870 1836 1949 1889 in-

2056 1801 2150 1899 τὴν
2170 1825 2256 1880 ἀεὶ
2282 1817 2701 1893 σκληροκάρδιον
2724 1810 2968 1882 γνώμην.
2998 1807 3108 1861 Καὶ
3135 1806 3244 1876 γάρ
3274 1802 3455 1865 Ἠλίας
3490 1801 3626 1873 περὶ

370 1936 682 2005 telliginms,
730 1942 785 1988 et
825 1930 1011 1987 cordis
1052 1930 1217 1984 vestri
1261 1944 1478 1996 semper
1525 1927 1941 1981 obdurescentis

370 2024 699 2081 sententiam
737 2021 1049 2090 arguimus;
1085 2033 1207 2071 nam
1236 2028 1290 2073 et
1326 2018 1471 2072 Elias
1515 2017 1581 2071 de
1620 2016 1777 2070 vobis
1818 2031 1940 2069 cum

370 2116 482 2170 Deo
508 2128 673 2184 agens
706 2110 865 2181 136
888 2110 999 2163 haec
1026 2110 1137 2161 ait:
1181 2124 1200 2158 ι
1227 2107 1474 2171 Domine,
1502 2106 1792 2175 prophetas
1823 2113 1944 2158 tuos

368 2208 691 2264 occiderunt
734 2215 787 2260 et
825 2202 1022 2259 altaria
1054 2210 1144 2254 tua
1190 2202 1568 2254 subruerunt:
1603 2207 1658 2253 et
1685 2212 1786 2267 ego
1814 2197 1942 2250 reli-

369 2312 492 2359 ctus
514 2314 632 2355 sum
675 2298 851 2362 solus,
883 2305 938 2350 et
974 2301 1224 2364 quaerunt
1261 2292 1493 2345 animam
1519 2304 1715 2344 meam.
1748 2307 1767 2341 ι
1802 2288 1870 2341 Ει
1894 2288 1943 2341 ei

371 2392 765 2463 respondetur:
803 2408 820 2441 ι
856 2388 1047 2441 Adhuc
1093 2384 1220 2438 mihi
1259 2391 1550 2452 supersunt
1582 2392 1789 2450 septem
1826 2379 1946 2433 mil-

375 2483 448 2539 lia
474 2482 776 2544 hominum,
794 2478 883 2548 qui
904 2493 1009 2532 non
1028 2474 1295 2529 ﬂexerunt
1313 2489 1449 2543 genu
1474 2487 1659 2527 coram
1678 2469 1806 2523 Baal
1831 2470 1892 2522 '9.
1920 2488 1938 2521 ι

373 2572 841 2642 Quemadmodum
884 2567 1049 2638 igitur
1099 2576 1319 2634 propter
1366 2562 1458 2617 illa
1518 2572 1724 2633 septem
1777 2559 1943 2614 millia

370 2683 528 2725 suam
562 2676 674 2720 tum
714 2664 856 2719 Deus
899 2660 1237 2715 iracundiam
1269 2673 1375 2712 non
1407 2655 1729 2719 emittebat;
1784 2655 1858 2708 ita
1892 2664 1947 2708 et

374 2757 792 2829 nunciudicium
819 2754 1056 2809 nondum
1081 2750 1285 2814 intulit,
1311 2763 1490 2818 neque
1512 2745 1680 2801 infert
1706 2761 1722 2811 ;
1746 2745 1948 2815 quippe

376 2868 499 2909 cum
524 2851 663 2905 sciat
691 2848 870 2903 adhuc
893 2842 1139 2915 quotidie
1162 2838 1451 2895 nonnullos
1478 2839 1531 2894 in
1558 2854 1758 2893 nomen
1792 2836 1950 2891 Chri-

380 2945 449 2999 sti
486 2944 571 2997 sui
614 2939 851 3005 institui,
897 2945 952 2991 et
986 2936 1053 2991 ab
1106 2934 1319 2989 erroris
1367 2932 1452 2986 via
1501 2929 1815 2994 discedere;
1856 2927 1946 2995 qui

380 3037 596 3105 quidem
623 3034 763 3088 dona
805 3030 1098 3099 accipiunt,
1129 3037 1189 3082 ut
1217 3027 1451 3097 quisque
1479 3023 1676 3095 dignus
1713 3029 1819 3085 est,
1852 3035 1951 3089 per

378 3123 537 3193 hujus
571 3120 770 3178 Christi
820 3133 1014 3174 nomen
1057 3116 1370 3171 illuminati.
1424 3113 1523 3168 llic
1561 3114 1705 3168 enim
1753 3111 1950 3182 accipit

377 3215 629 3285 spiritum
659 3211 962 3281 sapientiae,
995 3209 1087 3264 ille
1130 3206 1372 3271 consilii,
1414 3205 1553 3260 alius
1584 3204 1941 3265 fortitudinis,

378 3308 519 3362 alius
552 3304 877 3367 curationis,
912 3301 1054 3355 alius
1081 3296 1553 3369 praecognitionis,
1579 3296 1718 3352 alius
1745 3296 1951 3351 doctri-

381 3420 485 3471 nae,
526 3402 666 3457 alius
695 3399 909 3455 timoris
941 3397 1035 3453 Dei
1066 3396 1136 3449 ²⁰.

454 3495 535 3550 Ad
570 3495 685 3549 hzec
710 3490 931 3565 Trypho
957 3507 971 3545 :
1000 3487 1156 3554 Volo,
1187 3486 1386 3557 inquit,
1411 3483 1627 3540 noveris
1655 3491 1705 3537 te
1738 3482 1852 3538 haec
1877 3480 1956 3536 di-

381 3597 596 3644 centem
635 3586 910 3655 desipere.

452 3682 522 3736 At
554 3693 654 3749 ego
682 3678 748 3731 ad
790 3677 981 3731 illum:
1009 3672 1172 3734 Audi,
1201 3668 1392 3733 sodes,
1449 3681 1549 3722 nec
1593 3668 1826 3730 inSnnio,
1856 3681 1956 3721 nec

381 3772 612 3843 desipio.
637 3768 744 3824 Sed
779 3766 1095 3839 praedictum
1145 3772 1232 3819 est
1266 3762 1380 3816 fore
1426 3770 1485 3813 ut
1511 3757 1781 3823 Christus,
1811 3765 1959 3825 post-

384 3880 547 3935 quam
580 3862 635 3915 in
667 3860 861 3917 caelum
889 3859 1251 3921 ascendisset,
1281 3868 1379 3908 nos
1407 3853 1473 3905 ab
1503 3865 1689 3904 errore
1715 3848 1958 3917 captivos

385 3955 701 4017 abduceret,
748 3966 813 4005 ac
845 3950 984 4004 dona
1022 3949 1179 4002 nobis
1212 3945 1389 3998 daret.
1427 3943 1566 3995 Sunt
1615 3948 1799 3992 autem
1846 3937 1957 3989 lucc

388 4051 506 4120 ipsa
541 4044 749 4101 verba:
796 4063 816 4097 ι
849 4040 1113 4097 Ascendit
1152 4039 1208 4093 in
1247 4037 1435 4100 altum,
1488 4034 1759 4101 captivam
1805 4030 1959 4083 duxit

388 4138 783 4209 captivitatem,
808 4134 957 4191 dedit
986 4133 1126 4187 dona
1153 4128 1469 4186 hominibus
1497 4127 1564 4179 “.
1607 4143 1625 4175 ›
1659 4122 1766 4177 Nos
1798 4121 1960 4191 igitur

390 4233 549 4290 donis
593 4232 661 4285 ab
698 4243 787 4293 eo,
822 4228 912 4296 qui
952 4226 1007 4281 in
1040 4226 1213 4279 altum
1248 4220 1518 4284 ascendit,
1548 4216 1767 4271 Christo
1807 4225 1961 4267 acce-

392 4326 522 4398 ptis,
552 4340 647 4379 vos
678 4341 697 4375 ι
728 4321 822 4391 (ιιιί
856 4321 909 4375 in
949 4317 1101 4373 vobis
1136 4314 1269 4384 ipsis
1298 4311 1574 4382 sapientes
1603 4307 1759 4373 estis,
1792 4312 1847 4359 et
1870 4318 1961 4358 co-

394 4432 509 4473 ram
537 4416 689 4471 vobis
715 4413 847 4484 ipsis
866 4412 1104 4466 scientes
1132 4410 1201 4473 ”,
1241 4424 1259 4457 ι
1292 4420 1359 4458 ex
1397 4400 1729 4471 propheticis
1756 4411 1961 4451 sermo-

393 4509 553 4565 nibus
584 4507 1026 4561 demonstramus
1059 4497 1312 4566 desipere
1340 4508 1406 4546 ac
1438 4491 1570 4544 solis
1609 4489 1767 4543 labiis
1794 4486 1960 4540 Deum
1995 4521 2041 4577 υ

390 4597 613 4667 ejusque
658 4592 935 4649 Christum
970 4588 1173 4645 colere.
1212 4584 1321 4639 Nos
1354 4591 1558 4645 autem,
1598 4579 1689 4649 qui
1734 4579 1788 4631 in
1816 4576 1962 4630 omni

392 4692 622 4746 veritate
663 4700 851 4743 sumus
886 4679 1141 4743 instituti,
1186 4686 1241 4732 et
1282 4673 1537 4745 operibus
1565 4678 1620 4724 et
1649 4664 1963 4738 cognitione

391 4794 450 4839 et
491 4780 656 4837 corde
684 4778 751 4832 ad
782 4785 1012 4831 mortem
1065 4785 1238 4839 usque
1276 4767 1528 4823 colimus.
1570 4760 1735 4816 Forte
1778 4766 1961 4812 autem

396 4873 600 4931 idcirco
624 4872 788 4925 etiam
816 4864 1080 4920 dubitatis
1111 4862 1277 4927 hunc,
1308 4853 1758 4928 quemadmodum
1788 4845 1963 4904 decla-

2045 1889 2197 1989 ὑμῶν
2258 1889 2536 1985 πρὸς-τὸν
2565 1889 2572 1891 ⁷
2605 1905 2738 1958 Θεὸν
2795 1897 3134 1968 ἐντυγχάνων
3190 1892 3363 1955 οὕτως
3424 1889 3623 1957 λέγει·

2049 2028 2066 2059 ι
2128 2004 2320 2076 Κύριε,
2369 2002 2493 2064 τοὺς
2542 1995 2828 2067 προφήτας
2877 2006 2969 2042 σου
3017 1984 3365 2044 ἀπέκτειναν,
3411 1979 3512 2032 καὶ
3554 1976 3625 2030 τά

2044 2068 2399 2167 θυσιαστήριά
2431 2108 2524 2143 σου
2557 2082 2939 2151 κατέσκαψαν·
2973 2077 3127 2145 κάγὼ
3158 2070 3488 2141 ὑπελείφθην
3529 2068 3627 2139 μό-

2044 2208 2152 2253 νος,
2188 2163 2537 2254 καὶ-’ζητοῦσι
2582 2179 2680 2246 τὴν
2713 2173 2890 2244 ψυχήν
2928 2186 3050 2241 μου.
3084 2187 3102 2219 ι
3129 2166 3239 2219 Καὶ
3267 2163 3626 2232 ἀποκρίνεται

2044 2251 2226 2350 αὐτῷ·
2270 2296 2289 2329 ι
2323 2251 2444 2328 Ἔτι
2478 2271 2584 2325 εἰσί
2622 2286 2711 2340 μοι
2747 2259 3137 2330 ἑπτακισχίλιοι
3172 2256 3380 2327 ἄνδρες,
3427 2254 3475 2305 οἳ
3525 2251 3628 2305 οὐκ

2045 2346 2299 2442 ἔκαμψαν
2333 2368 2461 2436 γόνυ
2495 2367 2560 2435 τῇ
2596 2360 2760 2416 Βάαλ.
2806 2379 2824 2409 ι
2868 2360 2966 2409 Ὃν
3011 2349 3104 2407 οὖν
3137 2352 3334 2424 τρόπον
3378 2346 3465 2400 διὰ
3499 2347 3627 2408 τοὺς

2047 2434 2485 2530 ἑπτακισχιλίους
2519 2434 2756 2513 ἐκείνους
2784 2447 2879 2518 τὴν
2907 2443 3074 2516 ὀργὴν
3104 2442 3202 2494 οὐκ
3232 2438 3467 2509 ἐπέφερε
3502 2434 3628 2487 τότε

2045 2559 2073 2610 6
2106 2553 2261 2616 Θεὸς,
2283 2526 2385 2602 ⁷τὸν
2419 2545 2580 2600 αὑτὸν
2613 2541 2813 2614 τρόπον
2856 2538 2950 2591 καί
2985 2536 3080 2589 νῦν
3112 2532 3324 2586 οὐδέπω
3365 2528 3460 2599 τὴν
3502 2526 3628 2599 κρί-

2047 2665 2132 2700 σιν
2180 2642 2290 2715 (64)
2339 2640 2641 2710 ἐπήνεγκεν
2690 2633 2723 2704 ἢ
2774 2630 2995 2699 ἐπάγει,
3040 2624 3323 2695 γινώσκων
3368 2621 3449 2673 ἔτι
3501 2617 3627 2673 καθ’

2045 2712 2263 2811 ἡμέραν
2296 2732 2446 2795 τινὰς
2476 2723 2950 2801 μαθητευομένους
2984 2722 3063 2783 εἰς
3089 2716 3149 2769 τὸ
3177 2718 3348 2785 ὄνομα
3374 2712 3465 2765 τοῦ
3503 2713 3632 2783 Χριο

2048 2804 2176 2884 στοϐ
2210 2824 2396 2888 αὐτοῦ,
2431 2822 2526 2875 καί
2559 2816 2948 2877 ἀπολείποντας
2976 2811 3073 2882 τὴν
3105 2809 3219 2862 ὁδὸν
3251 2807 3349 2877 τῆς
3381 2804 3625 2873 πλάνης·

2048 2920 2097 2973 οἳ
2132 2917 2227 2971 καὶ
2270 2911 2607 2983 λαμϐάνουσι
2652 2905 2884 2976 δόματα,
2932 2900 3159 2962 ἕκαστος
3192 2896 3267 2960 ὡς
3315 2894 3452 2960 ἄξιοί
3500 2893 3629 2954 εἰσι,

2050 3006 2405 3080 φωτιζόμενοι
2460 3001 2545 3055 διὰ
2606 2997 2698 3053 τοῦ
2761 2995 3021 3066 ὀνόματος
3077 2989 3168 3044 τοῦ
3216 2984 3448 3058 Χριστοῦ
3502 2983 3629 3037 τού-

2053 3078 2146 3156 του
2185 3099 2319 3173 (65).
2367 3098 2424 3150 Ὀ
2462 3096 2558 3164 μὲν
2604 3091 2712 3163 γὰρ
2757 3086 3024 3158 λαμϐάνει
3072 3081 3338 3143 συνέσεως
3385 3078 3627 3148 πνεῦμα,

1974 3167 2019 3230 C
2050 3197 2079 3249 6
2110 3194 2166 3247 δὲ
2195 3167 2411 3263 βουλῆς,
2445 3189 2474 3240 6
2504 3185 2560 3239 δὲ
2597 3180 2797 3254 ἰσχύος,
2832 3180 2860 3231 6
2891 3177 2948 3230 δέ
2983 3175 3197 3238 ἰάσεως,
3232 3174 3263 3226 ὀ
3290 3169 3348 3223 δὲ
3382 3167 3632 3241 προγνώ-

2055 3262 2214 3350 σεως,
2247 3284 2275 3336 6
2307 3283 2364 3335 δὲ
2394 3276 2762 3338 διδασκαλίας,
2798 3274 2826 3325 6
2856 3269 2915 3323 δὲ
2948 3267 3110 3337 φόϐου
3144 3262 3300 3317 Θεοῦ.

2060 3558 2275 3630 φρονεῖς
2307 3552 2479 3606 ταῦτα
2510 3548 2705 3615 λέγων,
2741 3537 3063 3595 ἐπίστασθαί
3097 3552 3158 3587 σε
3194 3532 3473 3603 βούλομαι.

2126 3648 2296 3718 Κάγὼ
2329 3646 2463 3717 πρὸς
2497 3639 2691 3695 αὐτόν’
2717 3636 3005 3693 Ἂκουσονς
3035 3622 3080 3679 ῶ
3113 3618 3285 3688 οὗτος,
3311 3622 3517 3688 ελεγον,
3552 3618 3653 3671 ὅτι

2057 3741 2116 3795 οὐ
2167 3707 2408 3811 μέμηνα,
2443 3707 2564 3786 οὐδὲ
2610 3721 2977 3798 παραφρονῶ’
3029 3717 3163 3771 ἀλλὰ
3213 3712 3350 3785 μετὰ
3394 3711 3493 3781 τὴν
3540 3707 3632 3761 τοῦ

2058 3799 2408 3905 Χριὸτόῦἐίς
2441 3824 2531 3878 τὸν
2564 3819 2789 3893 οὐρανὸν
2821 3812 3101 3869 άνέλευσρ)
3135 3800 3513 3877 προεφητεύθη
3548 3799 3629 3851 αἰκ

2058 3890 2445 3998 χμαλωτεῦσαι
2478 3890 2645 3970 αὑτὸν
2670 3911 2818 3981 ἡμᾶς
2852 3905 2962 3960 άπὸ
2992 3902 3093 3971 τῆς
3127 3899 3357 3998 πλάνης,
3393 3893 3489 3947 καὶ
3523 3890 3628 3945 δοῦ-

2059 3982 2145 4073 Cat
2179 4017 2308 4086 ἡμῖν
2353 4011 2580 4080 δόματα.
2616 4004 2737 4058 Εἰσὶ
2770 4001 2825 4053 δὲ
2856 4001 2905 4051 οἰ
2950 3996 3095 4064 λόγοι
3141 3985 3322 4045 οὗτοι·
3365 4005 3385 4037 ι
3439 3982 3631 4051 Ἀνέϐη

2060 4112 2140 4174 εἰς
2174 4077 2325 4175 Gil/0g,
2357 4077 2776 4174 ᾐχμαλώτευσεν
2804 4085 3199 4161 αἰχμαλωσίαν,
3228 4082 3394 4135 ἔδωκε
3425 4077 3633 4148 δόματα

2060 4170 2170 4265 τοῖς
2217 4170 2542 4268 άνθρῶ-ποις.
2600 4209 2618 4241 ι
2671 4189 2738 4240 Οἱ
2783 4183 3039 4245 λαϐόντες
3085 4174 3177 4232 οὖν
3222 4175 3381 4246 ἡμεῖς
3425 4170 3634 4238 δόματα

2062 4258 2212 4362 παρὰ
2242 4258 2335 4341 τοῖί
2368 4286 2447 4348 εἰς
2482 4281 2613 4351 ὕψος
2647 4276 2943 4337 ἀναϐάντος
2975 4266 3231 4341 Χριστοῦ,
3267 4264 3410 4333 ὑμᾶς
3449 4278 3468 4310 (
3492 4258 3632 4320 »τοὺς

2063 4385 2258 4453 σοφοὺς
2294 4383 2352 4433 ἐν
2396 4377 2610 4439 ἑαυτοῖς
2656 4371 2751 4425 καὶ
2797 4366 3026 4421 ἐνώπιον
3072 4359 3280 4416 ἑαυτῶν
3328 4355 3631 4424 ἐπιστήμο-

2066 4447 2184 4540 νας,
2239 4493 2258 4525 ι
2309 4472 2417 4526 ἀπὸ
2460 4468 2568 4522 τῶν
2617 4458 2968 4536 προφητικῶν
3020 4455 3191 4523 λόγων
3240 4447 3634 4515 άποδείκνυμεν

2067 4537 2345 4638 ἀνόητους,
2370 4563 2465 4617 καὶ
2497 4559 2696 4633 χείλεσι
2731 4556 2886 4627 μόνον
2919 4549 3195 4621 τιμῶντας
3227 4545 3316 4596 τὸν
3348 4540 3501 4601 Θεὸν,
3537 4537 3630 4591 καὶ

2069 4660 2161 4713 τὸν
2188 4625 2427 4728 δίριστὸν
2455 4625 2642 4705 αίίτοιλ
2677 4625 2866 4717 Ἡμεῖς
2892 4642 2948 4695 δὲ
2972 4640 3067 4693 καὶ
3091 4640 3148 4691 ἐν
3175 4635 3353 4707 ἔργοις
3381 4629 3477 4683 καὶ
3498 4625 3636 4697 γνὼ-

2071 4766 2155 4802 σει
2200 4716 2296 4799 καὶ
2341 4743 2558 4815 καρδίᾳ,
2611 4716 2775 4811 μέχρι
2808 4733 3059 4795 θανάτου,
3106 4729 3155 4780 οἱ
3202 4727 3265 4777 ἐκ
3313 4722 3490 4789 πάσης
3536 4716 3633 4785 τῆς

2070 4839 2325 4911 ἀληθείας
2360 4808 2467 4907 (ὃϐ)
2512 4808 3011 4904 μεμαθητευμένοι,
3044 4818 3312 4892 τιμῶμεν.
3358 4813 3545 4883 Ὑμεῖς
3576 4808 3633 4860 δὲ

473 5071 517 5106 ⁸⁸
554 5069 620 5125 Ill
646 5067 781 5137 Reg.
807 5079 922 5130 xu,
964 5061 1052 5126 H,
1088 5056 1175 5113 18.
1250 5055 1296 5086 ⁸ο
1335 5054 1435 5109 lsa.
1477 5066 1552 5112 xu,
1579 5048 1635 5102 2.
1708 5046 1752 5077 ⁸⁸
1796 5042 1943 5097 Psal.

2056 5054 2147 5105 vn,
2182 5035 2269 5091 19.
2348 5035 2393 5065 ’³
2422 5031 2528 5086 lsa.
2559 5045 2612 5097 v,
2644 5026 2735 5081 2|.

472 5272 585 5346 (εδ)
634 5270 855 5346 ’.οξίρω
878 5261 1084 5346 αὐγῆς·
1117 5244 1963 5346 ιέιβτειιιεξςςξιάεξ.ε⁵π.ίξτυξ9ξξῗῑτοὲ·

1041 5315 1439 5416 ’κρίσινίχίάο
1462 5321 1615 5416 apol.
1647 5336 1706 5382 ιι,
1735 5332 1882 5416 nutu.
1910 5315 1962 5367 7.

636 5391 800 5465 ἴδετνὶ
847 5391 1015 5460 refert
1063 5391 1248 5486 u'tr‘uni
1298 5391 1648 5486 Christianis,
1696 5399 1967 5486 quatenus

400 5458 601 5543 Iudiciis
627 5458 998 5549 opponuntur,
1025 5486 1096 5549 an
1132 5466 1445 5547 Catholicis,
1479 5471 1745 5549 quatenus
1773 5458 1966 5549 adver-

624 5526 916 5608 iiéiéiiéis’,
943 5526 1111 5595 totius
1150 5537 1391 5610 veritatis
1428 5526 1667 5610 cpgttitio
1701 5526 1967 5581 attribua-

408 5599 1186 5687 Kir'fNa-mtutiobservatum
1233 5618 1314 5661 est
1352 5606 1404 5658 in
1446 5599 1665 5655 Praefat.
1723 5603 1862 5666 part.
1901 5608 1965 5659 It,

408 5710 526 5735 mn,
559 5692 680 5735 ιιΙι--
715 5683 975 5735 αιιίιιοιιίιί
1010 5682 1063 5733 in
1108 5680 1211 5732 hoc
1243 5677 1464 5735 Dialogo
1492 5671 1739 5724 Justinus
1767 5664 1831 5735 ad
1870 5663 1965 5735 de-

552 5674 981 5755 ult.,'quidquid_
1010 5680 1211 5755 in__hoc
1238 5677 1464 5755 Dialogo
1492 5674 1743 5755 Justinus
1767 5674 1967 5755 anguige-

408 5710 529 5763 cap.
559 5692 681 5755 ult.,
715 5690 975 5757 quidquid
1010 5690 1063 5733 in
1109 5690 1211 5732 hoc
1243 5690 1464 5743 matogo
1492 5690 1739 5724 Jusunus
1767 5690 1831 5717 au
1870 5690 1959 5714 uc-

408 5763 707 5820 fensionem
736 5751 1017 5825 religionis
1047 5748 1373 5805 Christiana:
1403 5744 1661 5811 disputat,
1693 5737 1744 5791 id
1778 5732 1959 5789 Eccle-

2065 5243 2159 5295 size
2213 5234 2511 5292 Catholica:
2558 5231 2778 5285 dicatur
2821 5233 2877 5277 et
2927 5238 2955 5275 a
3016 5218 3180 5274 sectis
3233 5224 3460 5285 prorsus
3500 5206 3631 5260 alic-

2068 5325 2197 5365 num
2232 5319 2336 5361 εει.

2139 5346 2396 5448 (librili;
2429 5369 2652 5448 ratione.
2684 5363 2796 5448 τῆς
2820 5358 3140 5443 “candelae.
3175 5351 3290 5448 ,ξω
3324 5346 3634 5448 .c‘athplli‘cps

2065 5417 2422 5516 hieme/pponit
2467 5417 2866 5516 hierelicis‘fsi'e
2906 5417 3137 5516 enimwn.
3174 5423 3371 5516 §5.vde
3405 5417 3632 5516 θυμιωίῖ

2063 5484 2157 5577 cli:
2177 5484 2441 5586 igitur}
2468 5484 2990 5586 ’άληθινῆςι
3042 5494 3241 5586 dque)?"
3252 5484 3506 5586 ξηρξστοῦ·
3541 5485 3633 5586 ala-ut

2062 5551 2697 5661 Zieépﬁrifgagiaiigg
2726 5551 2993 5644 ᾖάὸήτσὶί)
3033 5551 3117 5621 vel
3167 5551 3509 5619 Christianos
3537 5551 3633 5608 Ju-

2065 5666 2217 5721 dat-is.
