3962 6262
256 391 336 447 561
1356 403 1703 461 DIALOGUS
1735 404 1880 461 CUM
1914 407 2290 465 TRYPHONE
2321 409 2593 467 JUD£O.
3517 418 3622 473 562

256 507 371 602 ίσως
405 507 516 563 καὶ
569 510 678 568 διὰ
720 513 921 571 τοῦτο
959 518 1265 586 διστάζετε
1298 521 1629 593 ὁμολογῆσαι
1674 525 1756 576 δτι
1790 521 1934 588 οῦτ(ς

2052 534 2177 579 rant
2222 526 2518 594 Scriptura:
2560 537 2615 584 et
2656 543 2782 599 qum
2832 530 2884 584 in
2936 532 3183 588 omnium
3226 535 3396 591 oculis
3441 535 3622 602 posita

252 601 388 653 ἐστιν
422 602 456 653 6
510 603 838 675 Χριστὸς,
886 610 978 676 ('0;
1037 616 1098 665 αἱ
1136 615 1353 685 Γραφαὶ
1397 615 1809 669 ἀποδεικνύουσι
1854 616 1934 669 καῖ

2047 624 2193 679 sunt,
2224 626 2277 669 et
2309 632 2430 687 quae
2470 618 2523 671 in
2568 618 2686 685 ejus
2730 621 2949 677 nomine
2993 624 3147 688 ﬁunt,
3181 601 3454 681 Christum
3501 638 3623 678 esse

250 692 308 747 τὰ
340 694 695 766 φαινόμενα
740 699 882 771 (67)
930 705 1041 757 καὶ
1078 706 1151 759 τὰ
1184 706 1442 777 γινόμενα
1477 706 1569 759 ἐπὶ
1602 705 1679 777 τῷ
1724 706 1934 778 ὀνόματι

2048 706 2317 769 conﬁteri,
2352 723 2419 761 ne
2462 723 2558 763 vos
2599 708 2936 765 insectentur
2965 714 3262 784 principes,
3294 715 3388 786 qui
3423 714 3621 770 nefarii

251 787 437 851 αὑτοῦ,
476 788 582 841 ἵνα
642 790 739 862 μὴ
798 793 1119 865 διώκησθε
1171 798 1275 852 ὑπὸ
1319 796 1424 850 τῶν
1470 798 1767 870 ἀρχόντων,
1804 800 1853 852 οἳ
1885 797 1934 851 οἰ

2047 806 2102 849 et
2143 797 2355 852 fallacis
2394 799 2641 867 spiritus,
2677 801 2795 855 sive
2825 805 3116 872 serpentis,
3147 810 3469 876 operatione
3498 823 3615 872 eos.

256 876 576 932 παύσονται
634 880 775 952 (68)
836 885 971 938 ἀπὸ
1022 887 1126 958 τῆς
1173 886 1266 940 τοῦ
1314 887 1549 959 πονηροῦ
1598 889 1692 942 καὶ
1746 888 1934 943 πλάνοι

2047 888 2137 955 qui
2171 904 2366 943 nomen
2393 890 2594 947 ChriSti
2623 895 2970 963 conﬁtentur,
2996 896 3248 953 occidere
3286 907 3343 954 et
3366 900 3617 955 insectari

266 967 628 1040 πνεύματος,
671 971 789 1025 τοῦ
847 973 1079 1044 ὄφεως,
1118 976 1417 1048 ἐνεργείας,
1465 977 1818 1043 θανατοῦντες
1854 979 1934 1033 καί

2048 996 2153 1034 non
2206 980 2478 1048 desinent,
2524 985 2695 1040 donec
2742 987 2939 1041 iterum
2980 989 3158 1054 adsit,
3197 1000 3251 1043 et
3290 1005 3482 1047 omnes
3524 992 3621 1048 de-

272 1059 566 1126 διώκοντες
606 1064 758 1127 τοὺς
800 1066 875 1118 τὸ
910 1066 1101 1138 ὄνομα
1135 1067 1226 1121 τοῦ
1262 1069 1491 1141 Χριστοῦ
1527 1070 1934 1141 ὁμολογοῦντας,

2046 1083 2244 1140 struat,
2279 1084 2335 1129 et
2361 1075 2527 1148 digna
2556 1079 2750 1149 cuique
2779 1083 3003 1152 praemia
3038 1086 3317 1153 rependat.

282 1151 379 1216 ἓως
415 1153 595 1205 πᾶλιν
636 1158 843 1225 παρῇ,
887 1157 997 1209 καί
1032 1157 1315 1232 καταλύσῃ
1339 1158 1568 1224 πάντας,
1603 1160 1698 1214 καὶ
1731 1161 1790 1214 τὸ
1822 1162 1941 1214 κατ’

295 1243 444 1308 ἀξίαν
480 1246 724 1316 ἐκάστῳ
765 1250 1129 1321 προσνείμῃ.

368 1337 483 1390 Καὶ
516 1340 548 1390 6
583 1337 858 1408 Τρύφων
880 1354 894 1368 ·
944 1340 1089 1410 Ἤδη
1122 1335 1215 1393 οὖν
1247 1342 1333 1394 τὸν
1365 1340 1522 1410 λόγον
1554 1342 1749 1408 ἀπόδος
1792 1345 1943 1415 ἡμῖν,

312 1430 389 1484 δτι
418 1424 579 1494 οὗτος
616 1430 682 1484 ὃν
721 1432 846 1503 φὴς
888 1431 1273 1503 ἐσταυρῶσθαι
1307 1433 1401 1486 καὶ
1448 1433 1833 1507 ἀνεληλυθέναι
1867 1438 1945 1500 εἰς

325 1524 410 1577 τὴν
441 1524 706 1595 οὐρανὸν,
764 1526 935 1579 ἐστὶν
982 1527 1013 1579 6
1058 1526 1291 1597 Χριστὸς
1335 1527 1428 1581 τοῦ
1476 1527 1633 1581 Θεοῦ.
1672 1530 1791 1583 Ὅτι
1837 1531 1945 1603 γὰρ

328 1616 417 1669 καὶ
449 1617 703 1686 παθητὸς
733 1619 766 1670 6
802 1620 1048 1691 Χριστὸς
1072 1620 1162 1675 διὰ
1185 1620 1289 1674 τῶν
1316 1621 1548 1693 Γραφῶν
1581 1621 1940 1693 κηρύσσεται,

331 1709 420 1760 καὶ
456 1709 599 1779 μετὰ
643 1708 820 1781 δόξης
860 1710 1029 1763 πάλιν
1076 1712 1474 1784 παραγίνεσθαι
1509 1712 1637 1783 (69),
1686 1714 1779 1767 καὶ
1812 1712 1945 1768 alti)-

334 1816 438 1852 νιον
469 1800 570 1871 τὴν
607 1798 911 1869 βασιλείαν
948 1801 1167 1855 πάντων
1193 1802 1296 1855 τῶν
1322 1802 1488 1856 ἐθνῶν
1520 1802 1805 1874 λήψεσθαι,
1841 1806 1946 1857 πά-

2117 1342 2214 1398 Hic
2244 1343 2464 1416 Trypho
2493 1361 2506 1399 :
2545 1342 2665 1399 Jam
2697 1344 2885 1415 igitur,
2918 1345 3117 1416 inquit,
3148 1344 3415 1400 rationem
3459 1344 3619 1399 nobis

2047 1433 2199 1500 aﬂ‘er,
2235 1451 2334 1491 cur
2366 1436 2501 1498 iste,
2527 1451 2692 1507 quem
2741 1437 3070 1491 cruciﬁxum
3118 1452 3241 1493 esse
3282 1437 3421 1491 dicis
3461 1447 3516 1490 et
3565 1437 3616 1489 in

2045 1530 2241 1582 malum
2263 1530 2596 1592 ascendisse,
2620 1528 2869 1583 Christus
2890 1531 2959 1584 sit
2986 1530 3099 1585 Dei.
3129 1529 3447 1584 Passibilem
3473 1530 3616 1584 enim

2047 1619 2325 1674 Christum
2366 1619 2421 1672 in
2467 1619 2769 1688 Scripturis
2802 1620 3114 1690 praadicari,
3157 1634 3219 1673 ac
3262 1635 3452 1673 rursus
3495 1635 3617 1673 cum

2047 1710 2217 1778 gloria
2273 1720 2584 1775 venturum,
2647 1722 2702 1764 et
2757 1722 3020 1764 aeternum
3075 1711 3318 1765 omnium
3372 1712 3615 1781 gentium

2049 1802 2357 1871 imperium,
2410 1802 2663 1856 omnibus
2711 1802 2897 1871 regnis
2935 1803 2986 1857 ei
3036 1802 3317 1871 subjectis,
3366 1816 3621 1872 acceptu-

338 1908 433 1961 σης
483 1892 786 1961 βασιλείας
846 1892 999 1965 αύτῷ
1056 1893 1529 1965 ὑποτασσομένης,
1593 1895 1791 1960 ἱκανῶς
1857 1896 1934 1948 διὰ

2048 1909 2187 1958 rum,
2230 1893 2367 1947 satis
2403 1907 2469 1947 ex
2519 1893 2824 1962 Scripturis
2863 1908 2893 1946 a
2930 1901 2982 1947 te
3025 1908 3190 1964 supra
3236 1894 3480 1951 recitatis
3521 1895 3618 1949 de-

340 1983 441 2036 τῶν
474 1986 1057 2057 προανιστορημένων
1106 1986 1212 2039 ὑπὸ
1258 1986 1349 2039 σοῦ
1385 1986 1619 2057 Γραφῶν
1664 1988 1944 2042 ἀποδέδει-

338 2092 490 2129 κται·
528 2078 615 2129 ὅτι
650 2077 715 2130 δὲ
750 2071 911 2141 οὗτός
947 2079 1115 2140 ἐστιν,
1152 2076 1430 2143 ἀπόδειξον
1464 2079 1613 2148 ἡμῖν.

407 2169 581 2237 Κάγὼ
614 2187 630 2199 ·
700 2170 1117 2224 Ἀποδέδεικται
1171 2171 1270 2239 μὲν
1315 2170 1435 2241 ἤδη,
1485 2165 1530 2225 ὦ
1576 2172 1787 2244 ἄνδρες,
1835 2176 1944 2238 τοῖς

336 2254 448 2315 ὦτα
494 2263 692 2333 ἔχουσι
729 2263 830 2316 καὶ
879 2266 943 2316 ἐκ
990 2263 1100 2316 τῶν
1147 2262 1597 2334 ὁμολογουμένων
1630 2267 1719 2335 ὑφ’
1755 2267 1941 2338 ὑμῶν’

485 2357 642 2420 ὅπως
675 2354 757 2427 μὴ
793 2355 1057 2428 νομίσητε
1091 2358 1317 2429 ἀπορεῖν
1351 2375 1419 2428 με
1450 2358 1546 2412 καὶ
1581 2358 1656 2429 μὴ
1688 2357 1944 2412 δύνασθαι

340 2448 615 2518 καὶπρὸς
650 2446 690 2500 ἃ.
739 2446 954 2513 ἀξιοῦτε
1001 2449 1301 2516 ἀποδείξεις
1348 2450 1637 2516 ποιεῖσθαι,
1685 2450 1761 2515 ὼς
1808 2450 1942 2503 ὑπε-

341 2539 579 2610 σχόμην,
618 2541 682 2592 ἐν
718 2538 796 2610 τῷ
831 2541 1157 2612 προσήκοντι
1191 2542 1337 2613 τόπῳ
1373 2544 1701 2614 ποιήσομαν
1738 2542 1805 2596 τὰ
1849 2542 1943 2596 νῦν

338 2632 397 2685 δὲ
444 2632 541 2684 ἐπὶ
590 2631 696 2703 τὴν
747 2632 1044 2703 συνάφειαν
1088 2628 1165 2689 ὧν
1223 2634 1521 2707 ἐποιούμην
1574 2634 1749 2704 λόγων
1803 2637 1940 2690 ἀπο-

343 2724 546 2796 τρέχω.

414 2818 483 2872 60
542 2816 620 2869 T6
659 2816 965 2887 μυστήριον
999 2811 1092 2871 οῦν
1125 2818 1217 2871 τοῦ
1266 2819 1539 2891 προϐάτου
1584 2819 1612 2873 6
1657 2818 1722 2872 τὸ
1748 2818 1938 2890 Πάσχα

344 2909 493 2962 θύειν
527 2909 645 2979 (70)
687 2909 1009 2964 ἐντέταλται
1059 2912 1089 2963 6
1130 2911 1285 2977 Θεὸς,
1336 2911 1505 2977 τύπος
1549 2908 1619 2983 ἦν
1664 2912 1756 2966 τοῦ
1802 2914 1940 2984 Χρι-

344 3004 468 3056 στοῦ
491 3020 504 3032 ·
542 2996 605 3056 οὗ
642 3001 725 3072 τῷ
758 3001 978 3071 αἵματι,
1014 3004 1159 3057 κατὰ
1203 3004 1292 3056 τὸν
1323 3003 1482 3072 λόγον
1516 3004 1616 3075 τῆς
1663 3006 1745 3069 εἰς
1777 3006 1940 3058 αὐτὸν

344 3096 606 3160 πέστεως,
657 3097 909 3165 χρίονται
956 3096 1081 3159 τοὺς
1140 3094 1320 3159 οἴκους
1377 3095 1614 3159 ἑαυτῶν,
1662 3096 1940 3152 τουτέστιν

342 3189 592 3251 ἑαυτοὺς,
628 3189 680 3240 οξ
710 3186 1061 3251 πιστεύοντες
1095 3190 1175 3251 εἰς
1208 3189 1389 3243 αὐτόν.
1417 3189 1536 3242 Ὀτι
1569 3188 1679 3261 γὰρ
1710 3189 1771 3243 τὸ
1804 3188 1937 3243 πλά-
1964 3226 2006 3283 C

342 3296 479 3349 σμα,
514 3280 545 3331 6
578 3278 827 3333 ἔπλασεν
859 3280 887 3333 6
919 3278 1051 3343 Θεὸς
1074 3280 1165 3331 τὸν
1192 3280 1378 3351 Ἀδὰμ,
1414 3275 1559 3345 οἶκος
1596 3281 1814 3348 ἐγένετο
1845 3281 1936 3335 τοῦ

345 3371 754 3440 ἐμφυσήματος
793 3370 885 3423 τοῦ
923 3369 1075 3442 παρὰ
1108 3370 1200 3423 τοῦ
1234 3371 1391 3438 Θεοῦ,
1427 3372 1521 3426 καὶ
1555 3373 1755 3435 πάντες
1801 3377 1940 3426 νοεῖν

340 3462 593 3516 δύνασθε.
632 3463 748 3516 Καὶ
780 3464 864 3515 ὅτι
897 3462 1233 3534 πρόσκαιρος
1264 3460 1331 3536 ἦν
1362 3466 1456 3518 καὶ
1486 3465 1627 3537 αὕτη
1660 3469 1692 3538 ἡ
1728 3466 1936 3538 ἐντολὴ,

338 3553 511 3617 οὕτως
546 3555 938 3625 ἀποδείκνυμι.
986 3555 1235 3625 Οὐδαμοῦ
1285 3555 1507 3611 θύεσθαι
1554 3558 1614 3610 τὸ
1661 3558 1930 3630 πρόϐατον

339 3645 433 3698 τοῦ
468 3646 671 3715 Πάσχα
703 3647 733 3697 ὁ
779 3644 913 3709 Θεὸς
948 3648 1241 3716 συγχωρεῖ,
1278 3646 1327 3697 εί
1363 3646 1438 3716 μὴ
1487 3645 1580 3698 ἐπὶ
1628 3646 1777 3716 τόπῳ
1812 3646 1925 3716 (7i)

338 3728 386 3803 ᾧ
418 3734 793 3804 ἐπικέκληται
838 3735 900 3787 τὸ
932 3734 1103 3804 ὖνομα
1136 3733 1301 3788 αὐτοῦ
1322 3751 1336 3765 ο
1372 3733 1527 3799 εἰδὼς
1559 3736 1640 3788 ὅτι
1689 3734 1936 3788 ἐλεύσον-

342 3847 433 3883 ται
464 3830 684 3901 ἡμέρας
720 3830 862 3898 μετὰ
907 3829 967 3883 τὺ
1000 3828 1192 3882 παθεῖν
1223 3830 1312 3882 τὸν
1358 3830 1611 3900 Χριστὸν,
1645 3830 1733 3882 ὅτε
1780 3830 1877 3883 καὶ
1908 3830 1937 3881 6

343 3922 507 3987 τόπος
540 3923 641 3993 τῆς
688 3920 1044 3993 Ἰερουσαλὴμ
1076 3924 1188 3985 τοῖς
1235 3920 1447 3991 ἐχθροῖς
1493 3920 1649 3991 ὑμῶν
1696 3921 1935 3992 παραδο-

345 4013 600 4084 θήσεται,
650 4013 749 4066 καὶ
797 4012 1094 4067 παύσονται
1143 4013 1352 4066 ἅπασαι
1397 4010 1581 4078 ἁπλῶς
1628 4013 1937 4084 προσφοραὶ

346 4107 657 4174 γινόμεναι,
693 4104 793 4158 καὶ
826 4104 888 4157 τὸ
919 4101 1204 4156 κελευσθὲν
1251 4101 1519 4174 πρόϐατον
1565 4105 1741 4157 ἐκεῖνο
1772 4104 1935 4157 ὀπτὸν

346 4197 464 4250 ελον
499 4196 777 4264 γίνεσθαι,
826 4194 918 4248 τοῦ
967 4195 1173 4260 πάθους
1217 4194 1310 4248 τοῦ
1362 4194 1594 4266 σταυροῦ
1629 4195 1697 4249 δι’
1730 4189 1791 4249 οῦ
1826 4196 1934 4249 πά·-

350 4306 500 4359 σγειν
546 4288 781 4359 ἔμελλεν
824 4288 853 4339 6
914 4289 1169 4359 Χριστὸς,
1233 4286 1503 4357 σύμϐολον
1548 4282 1638 4357 ἦν.
1696 4288 1769 4340 Τὸ
1827 4288 1935 4357 γὰρ

345 4376 671 4446 ὀπτώμενον
716 4376 989 4447 πρόϐατον
1036 4376 1171 4448 (⁸72),
1218 4376 1689 4447 σχηματιζόμενον
1734 4378 1934 4447 ὁμοίως

343 4468 421 4537 τῷ
454 4470 703 4539 σχήματι
735 4468 828 4521 τοῦ
878 4468 1134 4540 σταυροῦ,
1182 4469 1434 4524 ὀπτᾶται.
1471 4463 1567 4533 Εἷς
1614 4469 1722 4540 γὰρ
1754 4470 1934 4543 ὄρθιος

2050 1994 2413 2039 monstratum
2455 1998 2559 2040 est.
2594 1985 2749 2040 Hunc
2789 1994 2967 2041 autem
2998 1987 3172 2055 ipsum
3198 2001 3322 2042 esse
3349 1989 3507 2043 nobis
3532 1987 3621 2042 de-

2050 2084 2314 2129 IllOllSll'a.

2116 2169 2188 2220 At
2231 2181 2366 2235 ego:
2412 2165 2469 2219 id
2492 2165 2626 2233 jam,
2662 2166 2783 2232 viri,
2827 2166 2892 2220 iis
2925 2165 3019 2235 qui
3064 2180 3225 2223 aures
3270 2167 3493 2232 habent,
3526 2167 3619 2221 de-

2046 2266 2406 2312 monstratum
2433 2268 2536 2322 est,
2571 2258 2653 2313 vel
2682 2276 2747 2315 ex
2791 2262 2874 2314 his
2906 2260 3056 2328 ipsis,
3090 2275 3209 2330 qua:
3237 2276 3267 2313 a
3304 2260 3458 2314 vobis
3486 2276 3617 2314 con-

2045 2364 2200 2403 cessa
2222 2362 2382 2417 sunt;
2410 2350 2501 2405 sed
2528 2368 2594 2405 ne
2618 2367 2702 2406 me
2736 2353 2932 2423 putetis
2960 2353 3188 2417 haerere,
3214 2368 3314 2406 nec
3337 2368 3398 2406 ea
3426 2354 3613 2421 etiam,

2044 2455 2164 2508 quae
2192 2441 2394 2509 petitis,
2428 2442 2808 2497 demonstrare
2848 2459 3033 2512 posse,
3085 2442 3281 2497 faciam
3315 2443 3368 2497 id
3398 2458 3597 2498 conve-

2044 2534 2213 2588 nienti
2256 2532 2394 2600 loco,
2430 2544 2488 2587 ut
2516 2534 2787 2602 pollicitus
2813 2551 2971 2601 sum;
3007 2551 3153 2590 nunc
3192 2545 3376 2589 autem
3413 2534 3613 2591 seriem

2046 2624 2306 2681 instituta:
2346 2628 2613 2683 orationis
2642 2644 2965 2699 prosequor.

2111 2804 2202 2861 40.
2238 2805 2399 2861 Redit
2421 2807 2491 2860 ad
2519 2807 2655 2876 leges
2694 2803 2953 2861 .‘llosaicas
2994 2815 3042 2861 et
3081 2807 3284 2876 figuras
3311 2806 3475 2874 fuisse
3499 2823 3609 2876 pro-

2042 2900 2126 2953 bat
2156 2915 2335 2952 corum
2363 2916 2479 2968 qua:
2509 2901 2577 2951 ad
2602 2898 2864 2954 Christum
2891 2901 3170 2970 pertinent.
3196 2929 3268 2941 —
3299 2898 3612 2969 Mysterium

2042 2992 2208 3062 igitur
2247 2991 2395 3061 agni,
2424 3006 2586 3059 quem
2613 2990 2825 3046 Pascha
2848 2993 3137 3047 immolare
3167 2991 3422 3060 prtecepit
3452 2991 3611 3050 Deus.

2042 3083 2210 3152 ﬁgura
2238 3092 2356 3137 erat
2381 3079 2608 3148 Christi,
2633 3082 2793 3151 Cujus
2820 3084 3107 3154 sanguine,
3129 3099 3225 3154 pro
3252 3083 3374 3137 ﬁdei
3408 3085 3460 3137 in
3487 3099 3611 3137 eum

2040 3190 2153 3229 sua:
2199 3175 2428 3239 ratione,
2462 3176 2653 3229 domos
2684 3190 2811 3228 suas
2841 3174 3136 3244 inungunt,
3167 3175 3259 3243 qui
3297 3175 3530 3230 credunt
3560 3174 3612 3229 in

2041 3282 2185 3329 enin,
2224 3266 2380 3336 137
2406 3267 2455 3321 id
2486 3275 2571 3320 est
2596 3265 2843 3335 seipsos;
2879 3281 3003 3319 nam
3042 3266 3175 3319 illud
3216 3265 3443 3334 plasma,
3467 3268 3610 3333 quod

2044 3356 2181 3409 Deus
2203 3356 2429 3420 elliuxit,
2461 3369 2658 3424 nempe
2688 3356 2979 3419 Adamum,
3006 3353 3227 3408 domum
3257 3351 3427 3406 fuisse
3448 3349 3610 3405 alnati

2040 3464 2069 3503 a
2104 3451 2213 3504 Deo
2239 3450 2467 3518 spiritus
2489 3487 2504 3512 ,
2539 3462 2640 3500 vos
2689 3460 2906 3515 quoque
2940 3461 3132 3501 omnes
3178 3445 3479 3515 intelligere
3518 3458 3614 3514 po-

2043 3540 2217 3594 testis.
2253 3538 2364 3594 Hoc
2395 3549 2573 3593 autem
2607 3540 2783 3610 ipsum
2815 3539 2982 3594 etiam
3015 3548 3342 3608 praaceptum
3376 3537 3442 3590 ad
3476 3547 3615 3590 tem-

2038 3647 2140 3701 pus
2190 3633 2376 3687 datum
2416 3632 2497 3686 sic
2544 3631 2885 3685 demonstro.
2935 3631 3149 3698 Agnum
3202 3628 3422 3684 Pascha:
3469 3624 3639 3683 Deus‘

2040 3725 2167 3779 alibi
2199 3723 2467 3778 immolari
2512 3738 2619 3778 non
2651 3724 2804 3786 sinit,
2836 3739 2997 3792 quam
3039 3723 3091 3776 in
3128 3722 3249 3777 loco
3300 3722 3351 3776 in
3388 3736 3498 3791 quo
3527 3721 3613 3773 in-

2037 3829 2290 3873 vocatum
2321 3828 2407 3873 est
2434 3831 2631 3872 nomen
2661 3816 2816 3885 ejus;
2851 3830 2974 3870 cum
3016 3817 3181 3870 sciret
3208 3825 3463 3870 venturos
3494 3825 3614 3883 post

2038 3910 2241 3966 Christi
2266 3910 2570 3979 passionem
2607 3909 2746 3969 dies,
2777 3907 2974 3976 quibus
3007 3906 3138 3960 urbs
3173 3904 3476 3961 Jerusalem
3509 3907 3612 3961 bo-

2037 4002 2211 4056 stibus
2242 4000 2446 4054 vestris
2483 3998 2817 4063 traderetur,
2853 4006 2908 4052 et
2952 4013 3145 4054 omnes
3196 4012 3423 4068 prorsus
3453 3998 3611 4052 obla-

2039 4092 2212 4146 tiones
2245 4089 2359 4145 ﬁeri
2386 4089 2716 4144 desinerent.
2760 4089 2945 4161 Atque
2974 4090 3063 4144 hic
3094 4104 3293 4160 agnus,
3328 4104 3487 4158 quem
3524 4100 3609 4145 to-

2036 4193 2150 4240 tum
2200 4183 2371 4239 assari
2412 4184 2751 4253 praecipitur,
2780 4183 3031 4254 supplicii
3078 4183 3277 4246 crucis,
3316 4197 3413 4251 per
3447 4199 3612 4252 quam

2036 4278 2289 4333 Christus
2342 4287 2463 4332 erat
2513 4291 2801 4344 passurus,
2853 4275 3164 4347 symbolum
3225 4285 3371 4332 erat.
3424 4280 3615 4346 Agnus

2037 4372 2181 4425 enim
2220 4370 2312 4439 qui
2348 4378 2587 4433 assatur,
2636 4369 2703 4423 ad
2746 4369 3160 4424 similitudinem
3204 4367 3388 4438 ﬁgurae
3429 4370 3613 4423 crucis

2039 4464 2336 4531 dispositus
2376 4472 2613 4516 assatur.
2658 4460 2907 4514 Alterum
2950 4461 3096 4513 enim
3135 4473 3259 4513 veru
3306 4458 3373 4512 ab
3411 4459 3613 4513 inﬁmis

342 4559 629 4625 ὸῦελίσκος
674 4561 1063 4631 διαπερονᾶπαι
1109 4560 1218 4613 ἀπὸ
1262 4559 1370 4613 τῶν
1416 4561 1713 4614 κατωτάτω
1748 4560 1931 4635 μερῶν

2046 4557 2281 4626 partibus
2319 4557 2387 4610 ad
2433 4566 2597 4625 caput
2638 4570 2809 4624 usque
2850 4565 3003 4609 recta
3052 4553 3425 4621 transligitur;
3478 4550 3613 4604 alte-

345 4654 517 4725 μέχρι
548 4655 653 4725 τῆς
697 4653 963 4724 κεφαλῆς,
1010 4652 1107 4706 καὶ
1152 4647 1231 4717 εἷς
1279 4652 1439 4707 πάλιν
1483 4654 1626 4708 κατὰ
1668 4654 1729 4708 τὸ
1763 4657 1930 4724 μετά-

417 4809 533 4875 (67)
574 4810 685 4862 Καὶ
722 4808 795 4861 τὰ
826 4810 1174 4879 φαινόμενα.
1209 4810 1435 4864 Videtur
1469 4810 1556 4865 his
1601 4811 1780 4866 verbis
1830 4811 1929 4866 de-

347 4881 568 4945 signare
610 4882 1031 4933 conversionem
1064 4881 1333 4950 gentium,
1364 4880 1717 4949 sequentibus
1744 4890 1927 4936 autem

347 4951 619 5004 miracula
657 4952 709 5000 in
745 4950 947 5003 Christi
978 4953 1195 5004 nomine
1227 4950 1343 5003 ﬁeri
1388 4951 1571 5005 solita.

420 5019 534 5089 (68)
580 5020 650 5072 Οἳ
675 5020 749 5071 οὐ
783 5021 1137 5074 παύσονται.
1178 5019 1295 5074 Non
1329 5022 1643 5089 providebat
1685 5020 1745 5075 S.
1778 5036 1928 5075 mar-

348 5101 436 5161 tyr
470 5091 603 5161 [ore
640 5090 955 5161 aliquando,
997 5103 1052 5143 ut
1093 5091 1333 5144 Ecclesia
1372 5093 1472 5145 sub
1506 5091 1929 5161 imperatoribus

345 5158 688 5213 Christianis
709 5158 951 5215 ﬂoreret.
979 5162 1160 5229 Atque
1191 5164 1242 5215 in
1277 5162 1381 5215 hoc
1409 5158 1798 5217 assentientem
1826 5162 1925 5215 ba-

344 5231 439 5303 ρει
486 5230 907 5303 Tertullianum,
953 5233 1047 5301 qui
1090 5232 1169 5285 sic
1199 5231 1443 5303 loquitur
1478 5232 1753 5303 Apologet.
1804 5248 1924 5301 cap.

342 5300 408 5355 ει
440 5317 456 5352 :
499 5319 517 5351 ι
556 5299 666 5354 Sed
701 5311 755 5354 et
790 5299 1038 5356 Cazsares
1083 5299 1450 5356 credidissent
1486 5299 1923 5370 super'Christo,

340 5373 391 5423 si
425 5385 524 5424 aut
551 5370 799 5427 Ca>Sares
827 5389 934 5426 non
967 5382 1149 5426 essent
1179 5372 1376 5427 sa‘culo
1410 5374 1726 5439 necessarii,
1754 5384 1848 5428 aut
1880 5375 1926 5428 si

341 5450 401 5493 et
432 5441 733 5495 Christiani
766 5444 1075 5512 potuissent
1099 5458 1219 5497 esse
1242 5444 1503 5499 Caesares.
1548 5463 1567 5493 ι

413 5512 1020 5583 (ϐωνῌαραγίνεσθαι.
1056 5512 1153 5583 llic
1176 5513 1360 5578 etiam,
1385 5523 1446 5567 ut
1472 5529 1661 5583 supra,
1689 5513 1926 5568 futurum

339 5582 603 5634 obtrudit
657 5582 1010 5652 Sylburgius.
1062 5582 1169 5637 Sed
1220 5599 1326 5640 non
1378 5582 1555 5653 major
1604 5587 1924 5639 itntnutandi

340 5660 641 5706 euntextus
673 5657 1006 5709 necessitas.

421 5722 536 5789 (70)
593 5725 660 5776 Ὀ
702 5726 767 5777 τὸ
803 5724 1035 5790 Πάσχα
1080 5722 1261 5778 θύειν.
1324 5722 1533 5780 Similis
1582 5725 1926 5779 constructio

347 5806 475 5861 mox
525 5798 783 5859 occurrit,
840 5794 904 5847 τὸ
956 5790 1184 5861 πλάσμα
1227 5793 1255 5846 ὃ
1301 5794 1531 5849 ἔπλασεν
1586 5796 1615 5846 6
1659 5793 1792 5858 Θεὸς
1838 5795 1927 5847 τὸν

366 5859 546 5935 Ἀδάμ.
572 5863 756 5936 itaque
786 5864 930 5921 illud
959 5863 1025 5917 τὸ
1049 5859 1231 5935 Πάσχα
1262 5865 1400 5921 idem
1431 5867 1569 5921 valet
1596 5880 1659 5921 ac
1690 5864 1926 5920 Pascha-

2035 4666 2155 4704 rum
2190 4665 2319 4706 vero
2353 4650 2655 4705 secundum
2689 4648 2966 4718 scapulas,
3001 4648 3068 4701 ad
3116 4647 3258 4715 quod
3289 4646 3453 4699 etiam
3486 4660 3603 4697 ma-

2033 4812 2101 4865 lis
2136 4809 2383 4873 victima,
2432 4824 2532 4863 nec
2570 4822 2797 4863 necesse
2838 4815 2924 4862 est
2958 4806 3140 4878 legere
3187 4802 3265 4875 τῷ
3297 4802 3512 4875 Πάσχα,
3550 4810 3610 4856 ut

2032 4882 2247 4936 erudito
2283 4881 2616 4934 Londinensi
2644 4878 2841 4933 editori
2869 4878 3049 4931 visum
3080 4886 3185 4931 est.

2116 4950 2229 5022 (7t)
2264 4952 2335 5004 Et
2369 4949 2456 5020 μὴ
2483 4949 2580 5022 ἐπὶ
2608 4949 2789 5016 τόπῳ.
2818 4948 2931 5002 Hoc
2954 4953 3297 5016 argumento,
3320 4942 3463 5022 quod
3490 4943 3608 5022 e_vi-_

2032 5011 2226 5076 denter
2261 5011 2454 5090 probai
2497 5020 2668 5091 legem
2698 5011 2806 5074 non
2854 5011 3116 5091 teteran
3167 5030 3309 5091 esse,
3340 5011 3399 5067 ut
3436 5011 3606 5091 Judaei

2168 5082 2466 5173 ﬁngebant,
2495 5082 2693 5173 δεῖς-οὐ
2727 5101 2939 5173 tempus
2968 5087 3175 5173 datam,
3199 5086 3278 5173 usi
3302 5082 3603 5173 suutpmu‘lti

2031 5162 2120 5217 alii
2152 5152 2471 5230 scriptores,
2494 5171 2552 5214 ut
2576 5152 2942 5216 Tertullianus
2964 5161 3085 5230 adv.
3110 5156 3243 5210 Jud.
3263 5170 3381 5230 cap.
3416 5153 3482 5218 5;
3504 5152 3607 5206 Eu-

2030 5234 2218 5286 sebius
2239 5225 2540 5287 Demonstr.
2564 5230 2794 5300 evangel.
2815 5246 2864 5284 c.
2888 5231 2944 5294 6;
2974 5227 3033 5281 S.
3058 5225 3295 5300 Joannes
3315 5226 3599 5300 Chrysost.

2033 5302 2187 5358 Orat.
2213 5303 2267 5356 in
2293 5303 2465 5367 Jud.;
2495 5302 2553 5359 S.
2584 5294 2821 5372 Cyrillus
2860 5300 2953 5353 lib.
2985 5300 3142 5372 tx_,in
3172 5296 3285 5351 Jul.
3306 5294 3528 5372 _p._'512.

2103 5372 2345 5445 (72)_T6
2386 5363 2497 5443 γάρ
2544 5363 2887 5445 ὀπξῴμενρν
2923 5369 3249 5445 -πρόϐιιτρῃ
3303 5363 3604 5445 Salmasius

2030 5438 2293 5513 epistJDe
2323 5438 2476 5497 cruce
2502 5460 2553 5514 p.
2575 5438 3115 5514 ἓιιιζεεμοοὴπιμε
3157 5438 3372 5514 Hieroz.
3397 5444 3536 5514 part.
3560 5448 3599 5495 I.

2030 5507 2135 5568 col.
2184 5514 2313 5579 615,
2349 5527 2405 5568 et
2450 5507 2720 5581 Georgius
2763 5510 2973 5564 Eliezer
3022 5508 3322 5581 Edzardus,
3368 5507 3600 5581 v‘irﬂtlo-

2030 5587 2220 5663 ctrina).
2248 5572 2526 5663 Hebraicaa
2545 5572 2932 5663 peritissimus,
2951 5579 3155 5663 Adnot.‘
3166 5576 3239 5663 ad
3256 5578 3441 5663 ΔΑυοάιξ
3461 5572 3599 5663 Suri!

2029 5670 2148 5724 cap.
2171 5656 2225 5723 2,
2258 5671 2314 5724 p.
2345 5654 2471 5719 254,
2504 5647 2821 5708 eiistimant
2852 5665 2953 5703 non
2986 5648 3272 5717 cujuslibet
3313 5647 3462 5716 agni,
3500 5647 3597 5698 secl

2029 5724 2308 5779 Paschalis
2352 5734 2582 5783 tantum.
2634 5722 2966 5776 assationem
3027 5721 3114 5773 hic
3158 5719 3417 5781 describi,
3451 5718 3595 5784 quod

2030 5797 2159 5848 mihi
2186 5810 2291 5848 non
2332 5795 2393 5847 ﬁt
2424 5794 2742 5849 verisimile.
2765 5790 3107 5854 Reclamant,
3142 5790 3247 5847 nisi
3271 5786 3455 5853 fallor,
3484 5788 3605 5855 ipsa

2030 5867 2193 5920 verba
2225 5875 2279 5922 et
2313 5866 2483 5922 series
2517 5864 2803 5922 orationis.
2843 5862 3155 5918 'l'umuws.
