3962 6262
433 335 543 395 863

1369 334 1427 393 S.
1462 337 1723 395 JUSTINI
1758 338 2165 397 PHILOSOPHI
2206 341 2292 395 ET
2327 338 2686 395 MARTYRIS

3563 348 3670 402 564

430 468 540 509 nus
575 450 695 520 agni
726 450 1153 521 suspenduntur.
1192 451 1369 522 Atque
1393 455 1553 509 etiam
1582 456 1691 510 duo
1723 456 1796 509 illi
1833 456 1995 520 hirci,

2104 473 2314 526 φρενον,
2339 448 2383 523 ᾧ
2402 453 2808 526 προσαρτῶνται
2842 451 2936 505 καὶ
2955 452 3012 506 αί
3038 455 3217 524 χεῖρες
3249 452 3337 506 τοῦ
3372 457 3667 527 προϐάτου.

431 556 571 612 quos
611 542 663 595 in
693 541 900 610 jejunio
941 542 1148 596 similes
1197 543 1380 599 oﬁ‘erri
1430 546 1807 615 praescriptum
1852 557 1993 613 erat,

432 648 773 701 quorumque
797 632 936 686 alter
968 634 1283 691 emissarius
1312 645 1451 700 erat,
1486 637 1623 691 alter
1650 636 1992 700 oﬁ'ercbatur,

432 724 700 793 duplicem
724 724 920 779 Christi
949 726 1238 780 adventum
1272 730 1628 786 nuntiabant;
1658 730 1912 793 alterum,
1942 730 1994 784 in

433 832 544 885 quo
583 831 705 872 ettm
738 815 889 870 velut
933 818 1276 872 emissarium
1317 822 1566 874 seniores
1600 822 1782 891 populi
1829 822 1995 876 vestri

432 917 489 962 et
519 907 830 963 sacerdotes
859 908 1181 975 eduxerunt,
1227 925 1529 980 manusque
1572 913 1621 966 ei
1673 914 1994 982 injecerttnt,

432 1011 488 1055 et
518 1011 693 1056 morte
738 1014 861 1054 eum
906 1001 1273 1067 mulctarunt;
1314 1003 1545 1057 alterum
1586 1018 1737 1067 vero,
1769 1005 1895 1076 quia
1942 1006 1995 1058 in

432 1095 619 1148 eodem
660 1092 1151 1162 Hierosolymorum
1180 1094 1298 1151 loco
1332 1095 1638 1164 agnoscetis
1659 1110 1808 1160 eum,
1836 1111 1996 1165 quem

432 1185 763 1240 contumelia
802 1183 1086 1251 aﬁecistis,
1117 1188 1321 1257 quique
1352 1187 1558 1241 oblatio
1594 1196 1712 1241 erat
1752 1203 1850 1256 pro
1881 1202 1999 1241 om-

434 1278 594 1332 nibus
638 1277 1021 1348 peccatoribus
1067 1279 1445 1348 paenitentiam
1485 1294 1644 1351 agere
1672 1280 1994 1343 volentibus,

433 1386 497 1425 ac
517 1369 786 1440 jejunium
818 1369 973 1434 illud,
1003 1371 1148 1439 quod
1177 1371 1309 1425 dicit
1331 1370 1519 1437 Isaias,
1551 1371 1996 1434 observantibus,

430 1460 806 1531 colligationes
832 1459 1196 1515 violentorum
1218 1469 1597 1516 contractuum
1630 1460 1993 1525 dissolveudo,

431 1567 499 1609 ac
527 1561 723 1608 caetera
751 1551 1006 1607 similiter
1031 1553 1292 1619 tenendo,
1320 1568 1440 1623 qua:
1470 1554 1539 1608 ab
1563 1568 1629 1610 co
1656 1564 1996 1620 enumerata,

432 1656 491 1702 et
528 1661 559 1701 a
597 1662 682 1703 me
712 1646 937 1701 recitata
959 1645 1026 1714 “,
1066 1646 1136 1701 ab
1176 1646 1286 1711 his,
1315 1648 1409 1716 qui
1441 1647 1670 1701 credunt
1704 1647 1757 1701 in
1788 1643 1997 1709 Jesum,

432 1745 807 1802 observantur.
832 1743 985 1799 Hanc
1019 1751 1203 1798 autem
1239 1741 1405 1797 etiam
1445 1741 1676 1797 duorum
1721 1740 1996 1796 hircorum

432 1837 785 1904 oblationem,
823 1836 915 1907 qui
968 1835 1023 1889 in
1060 1831 1269 1904 jejunio
1296 1832 1436 1901 jussi
1471 1840 1628 1886 erant
1660 1829 1873 1894 offerri,
1920 1829 1996 1883 si—

432 1929 633 1985 utiliter
663 1929 789 1986 alibi
823 1944 986 2001 quam
1021 1926 1437 1998 Hierosolymis,
1478 1924 1595 1979 ﬁeri
1633 1923 1789 1981 nefas
1830 1922 1998 1979 fuisse

432 2022 601 2077 scitis.

503 2262 594 2315 41.
628 2258 829 2315 Simin
851 2260 1044 2313 oblatio
1086 2257 1261 2328 ﬁgura
1288 2257 1644 2312 eucharistirz.
1675 2286 1747 2298 —
1794 2255 1999 2312 Simila:

434 2366 650 2422 quoque
674 2350 902 2414 oblatio,
936 2350 1064 2412 viri,
1113 2348 1346 2412 aiebam,
1378 2363 1478 2418 pro
1519 2349 1604 2412 iis,
1644 2349 1734 2417 qui
1777 2364 1805 2401 a
1848 2348 1997 2417 lepra

431 2444 821 2514 purgabantur,
856 2440 1191 2510 prmscripta,
1232 2439 1404 2507 ﬁgura
1442 2448 1560 2493 erat
1589 2441 1743 2506 panis
1783 2438 1998 2493 Eucha-

433 2535 625 2597 ristiaz,
656 2548 819 2602 quem
861 2531 1120 2585 Dominus
1149 2539 1331 2583 noster
1370 2528 1526 2585 Iesus
1547 2529 1795 2584 Christus
1828 2530 1879 2582 in
1908 2543 1998 2582 re-

432 2624 802 2680 cordationem
835 2622 1105 2692 passionis
1145 2635 1244 2689 pro
1275 2620 1362 2675 bis
1398 2623 1489 2688 qul
1521 2620 1588 2674 ab
1632 2609 1778 2674 omni
1819 2620 1997 2688 pravi-

432 2725 547 2771 tate
572 2724 872 2786 purganlur
915 2721 1182 2782 suscepta:
1213 2712 1328 2766 ﬁeri
1357 2712 1647 2779 przecepit;
1677 2719 1735 2764 ut
1764 2720 1817 2765 et
1839 2710 1997 2764 simul

433 2810 636 2881 gratias
664 2824 888 2880 agamus
919 2809 1050 2875 Deo,
1089 2817 1200 2862 tum
1229 2808 1371 2877 qttod
1405 2807 1662 2861 mundum
1694 2815 1748 2861 et
1794 2808 1995 2874 omnia,

433 2916 556 2970 quae
588 2902 641 2955 in
672 2915 738 2955 eo
765 2910 913 2967 sunt,
947 2910 1173 2970 propter
1217 2901 1492 2956 hominem
1541 2902 1847 2966 creaverit;
1882 2912 1997 2957 tum

435 2993 579 3061 quod
622 3007 719 3047 nos
750 3007 778 3045 a
814 2993 1076 3062 nequitia,
1110 2994 1161 3047 in
1190 3008 1293 3062 qua
1323 2992 1543 3057 fuimus,
1573 2994 1912 3057 liberaverit,
1944 3004 1999 3050 et

432 3084 774 3153 principatus
802 3091 856 3137 et
893 3090 1192 3151 potestates
1226 3083 1471 3138 funditus
1507 3083 1871 3154 proﬁigaverit
1901 3101 1998 3155 per

434 3189 560 3229 eum
606 3174 696 3243 qni
736 3175 801 3229 de
850 3172 968 3241 ejus
1001 3173 1281 3229 voluntate
1325 3175 1561 3243 passioni
1591 3175 1765 3229 factus
1799 3185 1881 3230 est
1906 3178 2001 3231 ob-
2027 3160 2069 3217 (ἶ

437 3266 653 3321 noxius.
697 3264 834 3320 llinc
881 3270 947 3324 de
998 3269 1282 3325 sacriﬁciis
1328 3271 1580 3339 quidem,
1623 3287 1744 3340 quae
1788 3280 1915 3325 tunc
1970 3287 2001 3326 a

436 3355 593 3410 vobis
631 3355 1022 3426 offerebantur,
1069 3362 1148 3417 sic
1188 3361 1351 3427 Deus,
1392 3370 1450 3415 ut
1488 3362 1600 3432 jam
1654 3364 1764 3417 dixi
1809 3364 1875 3429 ",
1908 3379 2003 3433 per

436 3445 764 3502 Malacbiam
813 3466 978 3505 unum
1023 3468 1087 3507 ex
1128 3453 1439 3518 duodecim,
1473 3452 1762 3523 loquitur:
1811 3475 1830 3507 ι
1881 3456 1999 3511 Non

434 3547 520 3593 est
548 3539 800 3595 voluntas
830 3558 945 3596 mea
977 3543 1030 3597 in
1060 3544 1234 3609 vobis,
1279 3546 1412 3601 dicit
1440 3547 1721 3613 Dominus,
1754 3558 1807 3602 et
1832 3551 2003 3604 sacri-

437 3629 559 3683 ﬁcia
590 3646 694 3685 non
735 3634 1031 3703 suscipiam
1062 3635 1129 3689 de
1160 3638 1411 3692 manibus
1448 3640 1671 3706 vestris,
1709 3651 1999 3710 propterea

437 3722 579 3789 quod
608 3724 676 3778 ab
705 3734 826 3777 ortu
856 3724 988 3779 solis
1018 3741 1189 3794 usque
1217 3730 1282 3781 ad
1306 3744 1561 3783 occasum
1591 3746 1788 3785 nomen
1822 3746 1999 3787 meum

437 3812 798 3881 gloriﬁcatum
830 3825 915 3869 est
945 3816 997 3869 in
1030 3817 1189 3887 138
1218 3820 1503 3887 gentibus;
1532 3831 1585 3875 et
1617 3822 1669 3874 in
1709 3823 1856 3876 omni
1885 3823 2003 3879 loco

436 3903 665 3958 oﬁ'ertur
714 3904 991 3961 incensum
1051 3910 1256 3964 nomini
1309 3926 1428 3966 meo
1460 3921 1515 3967 et
1559 3914 1782 3969 victima
1827 3930 1996 3984 pura;

435 3995 691 4064 quoniam
739 4012 991 4065 magnum
1040 4008 1126 4053 est
1166 4016 1361 4055 nomen
1412 4019 1589 4058 meum
1628 4005 1681 4059 in
1726 4008 1998 4075 gentibus,

436 4087 571 4143 dicit
609 4088 892 4144 Dominus.
931 4090 1033 4145 Vos
1070 4101 1248 4146 autem
1295 4094 1423 4148 illud
1449 4097 1746 4164 profanatis
1773 4100 1838 4151 ’⁵.
1875 4121 1892 4151 ι
1929 4099 2001 4153 De

438 4179 507 4234 iis
536 4190 738 4244 autem,
771 4197 888 4251 quae
923 4182 975 4237 in
1008 4184 1154 4238 omni
1186 4185 1306 4241 loco
1332 4202 1362 4240 a
1404 4189 1558 4243 nobis
1585 4191 1835 4259 gentibus
1863 4190 2001 4245 oll‘e-

434 4282 632 4328 runtur
659 4274 729 4335 ei,
763 4276 1073 4340 sacriﬁciis,
1107 4278 1209 4333 hoc
1231 4288 1335 4348 est,
1367 4282 1431 4335 de
1466 4297 1605 4350 pane
1646 4282 2003 4339 Eucharistiae

434 4371 491 4417 et
516 4364 580 4418 de
608 4365 778 4421 calice
807 4367 1061 4422 similiter
1090 4369 1451 4427 Eucharistiaa
1475 4413 1490 4438 ,
1518 4374 1629 4443 jam
1662 4384 1775 4428 tum
1810 4376 2001 4443 praedi-

436 4454 532 4519 cit,
568 4454 698 4510 illud
733 4459 897 4510 etiam
942 4458 1164 4524 addens,
1206 4476 1403 4516 nomen
1435 4478 1592 4516 suum
1634 4480 1662 4516 a
1696 4465 1851 4519 nobis
1886 4465 2001 4534 glo-

436 4548 666 4615 riﬁcari,
697 4563 726 4602 a
760 4550 911 4605 vobis
941 4562 1119 4604 autem
1154 4553 1454 4621 profanari.
1480 4553 1597 4608 Jam
1639 4571 1770 4610 vero
1801 4572 2001 4625 praece-

434 4648 585 4710 ptum
630 4639 762 4694 illud
807 4640 1257 4709 circumcisionis,
1291 4654 1349 4698 ut
1392 4644 1629 4701 infantes
1671 4660 1869 4704 octavo
1913 4650 2002 4705 die

431 4731 657 4787 omnino
686 4730 1168 4799 circumcidantur,
1205 4734 1372 4803 ﬁgura
1397 4746 1516 4789 erat
1542 4752 1681 4791 verte
1710 4741 1998 4794 circumcio

432 4823 625 4888 sionis,
672 4839 777 4894 qua
829 4826 897 4880 ab
938 4840 1125 4883 errore
1168 4838 1225 4883 et
1268 4830 1511 4899 nequitia
1538 4846 1632 4900 per
1666 4847 1813 4896 eum,
1845 4836 1935 4901 qui
1971 4850 2001 4892 a

541 5004 668 5059 ⁸³η.
699 5004 788 5059 15.
864 5006 991 5066 "-n.
1023 5005 1111 5061 28.
1184 5008 1229 5039 “
1251 5005 1476 5063 Malach.
1508 5022 1546 5075 t,
1578 5006 1766 5097 1.0-12.

511 5158 623 5230 (73)
658 5160 868 5233 Tpgiroz
902 5161 1011 5217 δύο
1057 5163 1263 5231 ὅμοιοι.
1296 5163 1463 5233 Hujus
1497 5164 1874 5232 explicationis
1907 5180 2006 5219 an-

434 5239 556 5303 ctor
594 5232 698 5303 fuit
730 5230 946 5287 Justino
981 5232 1038 5286 S.
1064 5230 1483 5297 Barnabasﬁeu
1520 5230 1829 5303 quicunque
1865 5236 2004 5289 alius

434 5301 722 5370 epistolam
750 5303 991 5370 scripsit,
1015 5318 1135 5369 qua:
1171 5303 1227 5357 S.
1262 5301 1552 5358 Barnabae'
1580 5301 1851 5357 tribuitur.
1886 5303 2004 5359 Vid.

434 5385 487 5425 c.
542 5371 597 5441 Ἰν
635 5372 793 5435 hujus
848 5374 1092 5441 epistolae
1143 5383 1197 5427 et
1250 5373 1640 5429 Tertullianum
1695 5378 1814 5427 adv.
1848 5373 2002 5438 Jud.,

435 5456 485 5494 c.
544 5440 631 5495 14.
688 5442 820 5497 Vide
868 5444 1033 5497 etiam
1091 5443 1278 5514 Cyrill.
1330 5445 1487 5499 Alex.
1543 5446 1594 5498 in
1630 5444 1743 5499 Jul.
1789 5444 1884 5498 lib.
1924 5460 2001 5511 ιχ,

435 5526 559 5566 nae.
596 5511 721 5566 502.

434 5526 559 5580 pag.
596 5526 721 5566 atra.

532 5581 620 5650 74)
659 5584 786 5636 Ὅτι
816 5583 886 5637 ἐν
917 5582 997 5648 τῷ
1034 5582 1194 5648 αὐτῷ
1214 5585 1389 5650 τόπῳ.
1409 5583 1640 5639 Necesse
1669 5600 1772 5638 non
1808 5595 1890 5639 est
1926 5586 2002 5637 le-

471 5666 569 5725 ere
611 5653 700 5706 ὅτε
751 5656 809 5707 ὲν
857 5652 934 5725 τῷ
964 5654 1115 5725 αὐτῷ
1148 5654 1315 5725 τόπῳ.
1349 5655 1630 5709 Rationem
1666 5656 1809 5709 enim
1846 5654 2004 5709 all'crt

469 5724 682 5781 ustinus
735 5739 832 5781 cur
887 5724 1101 5780 oblatus
1159 5726 1245 5781 ille
1272 5724 1471 5781 isitnilis
1524 5727 1706 5782 hircus
1752 5728 2001 5781 secundm

2030 4504 2079 4563 ι)

2097 546 2209 599 Καὶ
2240 546 2289 597 οἱ
2325 547 2381 597 ὲν
2414 546 2477 615 τῇ
2511 543 2730 613 νηστείᾳ
2772 542 2827 594 δὲ
2872 542 3063 612 τράγοι
3094 541 3186 595 δύο
3216 543 3393 613 ὅμοιοι
3428 546 3542 615 (75)
3581 565 3672 600 κε-

2097 635 2411 698 λευσθέντες
2454 633 2717 701 γίνεσθαι,
2752 626 2825 686 ὧν
2857 634 2885 684 ὁ
2910 626 2989 696 εἷς
3021 633 3401 703 ἁποπομπαῖος
3436 637 3670 703 ἐγίνετο,

2096 728 2125 779 ό
2156 726 2213 778 δὲ
2246 726 2434 796 ἕτερος
2467 726 2548 790 εἰς
2582 724 2918 796 προσφορὰν,
2951 722 3058 776 τῶν
3097 723 3188 777 δύο
3234 727 3545 798 παρουσιῶν
3579 727 3671 781 τοῦ

2097 817 2328 889 Χριστοῦ
2365 816 2699 885 καταγγελία
2735 811 2905 886 ἦσαν·
2951 817 3079 885 μιᾶς
3116 818 3234 886 μὲν,
3272 820 3328 869 ὲν
3426 820 3506 882 ὡς
3534 821 3676 872 ἀπο-

2098 911 2369 980 πομπαῖον
2404 909 2565 962 αὐτὸν
2606 906 3036 979 παρεπέμψαντο
3081 910 3130 960 οί
3180 908 3543 981 πρεσϐύτεροι
3582 909 3671 964 τοῦ

2097 999 2225 1053 λαοῦ
2262 998 2414 1070 ὑμῶν
2449 999 2544 1053 καὶ
2565 1001 2613 1052 οἱ
2646 1002 2833 1071 ἱερεῖς,
2867 999 3215 1064 ἐπιϐαλόντες
3248 1000 3395 1070 αὐτῷ
3432 1002 3535 1065 τὰς
3566 1005 3677 1071 χεῖ-

2101 1109 2221 1163 ρας,
2254 1091 2351 1145 καὶ
2378 1089 2785 1156 θανατώσαντες
2827 1092 2987 1145 αὐτόν
3008 1108 3021 1122 ’
3056 1093 3148 1144 καὶ
3187 1092 3285 1162 τῆς
3322 1092 3583 1164 δευτέρας
3615 1093 3672 1146 δὲ

2097 1182 2260 1237 αὑτοῦ
2286 1183 2607 1255 παρουσίας,
2637 1183 2719 1236 ὅτι
2744 1185 2800 1235 ἐν
2821 1182 2897 1253 τῷ
2923 1181 3071 1251 αὐτῷ
3101 1182 3250 1251 τόπῳ
3283 1182 3391 1253 (74)
3422 1184 3531 1236 τῶν
3576 1185 3673 1237 Ἰε-

2102 1274 2408 1348 ροσολύμων
2448 1274 2920 1346 ὲπιγνωσθήσεσθε
2965 1273 3077 1343 (75)
3127 1275 3288 1328 αὐτὸν
3329 1277 3417 1328 τὸν
3466 1277 3675 1345 ἀτιμω-

2099 1366 2260 1419 θέντα
2292 1366 2380 1434 ὑφ’
2408 1365 2581 1434 ὑμῶν,
2611 1366 2705 1418 καὶ
2740 1364 3026 1436 προσφορὰ
3054 1360 3122 1434 ἦν
3148 1365 3289 1437 ὑπὲρ
3324 1365 3542 1418 πάντων
3566 1366 3672 1418 τῶν

2101 1460 2378 1530 μετανοεῖν
2414 1457 2749 1528 βουλομένων
2783 1458 3142 1531 ἁμαρτωλῶν,
3177 1457 3271 1510 καὶ⁵
3305 1458 3675 1526 νηστευόντων

2097 1546 2165 1617 ἢν
2186 1543 2475 1611 καταλέγει
2507 1544 2732 1609 Ἡσαΐας
2756 1546 3029 1616 νηστείαν,
3046 1545 3377 1609 διασπῶντες
3400 1563 3675 1618 στραγγα-

2098 1634 2216 1698 λιὰς
2249 1633 2439 1704 βιαίων
2473 1634 2955 1706 συναλλαγμάτων,
2989 1639 3084 1690 καὶ
3118 1637 3185 1689 τὰ
3222 1637 3355 1690 ἄλλα
3386 1638 3590 1708 ὁμοίως
3612 1638 3677 1690 τὰ

2098 1725 2561 1797 κατηριθμημένα
2594 1726 2685 1779 ὑπ’
2716 1729 2904 1794 αὑτοῦ,
2944 1729 2980 1783 ἃ
3013 1730 3107 1783 καὶ
3128 1731 3292 1793 αὐτὸς
3320 1730 3673 1802 ἀνιστόρησα,

2098 1815 2479 1885 φυλάσσοντες,
2515 1817 2551 1872 ἃ
2593 1818 2838 1873 ποιοῦσιν
2874 1822 2921 1873 οἱ
2964 1821 3039 1892 τῷ
3089 1821 3261 1893 Ἰησοῦ
3302 1821 3671 1885 πιστεύοντες.

2097 1907 2207 1962 Καὶ
2248 1908 2331 1959 ὃτι
2356 1908 2451 1961 καὶ
2484 1910 2516 1978 ἡ
2549 1907 2657 1962 τῶν
2694 1909 2785 1963 δύο
2817 1912 3035 1983 τράγων
3079 1912 3185 1966 τῶν
3218 1913 3445 1984 νηστείᾳ
3485 1913 3674 1966 κελευ-

2098 1999 2337 2053 σθέντων
2390 2001 2801 2072 προσφέρεσθαι
2856 2004 3143 2076 προσφορὰ
3186 2004 3420 2074 οὐδαμοῦ
3476 2003 3675 2075 ὁμοίως

2098 2089 2513 2164 συγκεχώρηται
2542 2091 2808 2159 γίνεσθαι,
2840 2095 2890 2146 ει
2920 2093 2995 2165 μὴ
3023 2096 3080 2147 ὲν
3122 2094 3536 2166 Ἰεροσολύμοις,
3561 2097 3677 2149 ἐπί-

2098 2180 2318 2236 στασθε.

2164 2273 2254 2327 41.
2288 2258 2462 2344 Kal-il
2512 2272 2612 2343 τῆς
2657 2273 2986 2345 σεμιδάλεως
3030 2274 3087 2327 δὲ
3133 2274 3454 2346 προσφορὰ,
3503 2269 3549 2328 ὦ
3586 2276 3677 2329 άν-

2095 2365 2239 2436 δρες,
2275 2364 2479 2434 ἔλεγον,
2515 2367 2548 2436 ἡ
2582 2365 2721 2437 ὑπὲρ
2766 2365 2872 2419 τῶν
2925 2366 3370 2437 καθαριζομένων
3417 2368 3529 2421 ἀπὸ
3579 2368 3678 2436 τῆς

2096 2455 2304 2526 λέπρας
2353 2456 2757 2527 προσφέρεσθαι
2810 2458 3211 2529 παραδοθεῖσα,
3254 2458 3422 2521 τύπος
3472 2454 3541 2529 ἦν
3585 2458 3673 2511 τοῦ

2097 2547 2259 2618 ἄρτου
2292 2548 2391 2618 τῆς
2424 2550 2815 2620 Εύχαριστίας,
2865 2552 2924 2604 ὃν
2969 2554 3049 2614 εἰς
3091 2552 3393 2622 ἀνάμνησιν
3444 2551 3537 2604 τοῦ
3584 2552 3678 2605 ’πά⁸

2098 2638 2223 2702 θους
2253 2632 2315 2692 οὗ
2354 2640 2553 2695 ἔπαθεν
2587 2642 2726 2713 ὑπὲρ
2761 2642 2868 2696 τῶν
2909 2642 3324 2714 καθαιρομένων
3370 2643 3470 2707 τὰς
3501 2642 3675 2712 ψυχάς

2097 2730 2204 2783 ἀπὸ
2248 2731 2429 2803 πάσης
2462 2736 2726 2805 πονηρίας
2771 2734 3106 2805 ἀνθρώπων,
3134 2734 3339 2805 Ἰησοῦς
3373 2734 3607 2807 Χριστὸς
3645 2733 3672 2783 ὁ

2097 2821 2299 2893 Κύριος
2333 2824 2487 2895 ἡμῶν
2512 2826 2799 2898 παρέδωκε
2833 2830 3040 2890 ποιεῖν,
3077 2828 3164 2879 ἵνα
3199 2828 3315 2897 ἅμα
3354 2844 3413 2879 τε
3460 2827 3675 2897 εὐχαρι-

2099 2914 2309 2985 στῶμεν
2342 2915 2420 2986 τῷ
2453 2915 2573 2987 Θεῷ
2620 2917 2763 2989 ὑπέρ
2795 2936 2853 2972 τε
2901 2918 2991 2971 τοῦ
3026 2919 3116 2972 τὸν
3158 2920 3360 2989 κόσμον
3403 2918 3673 2972 ἐκτικέναι

2098 3007 2195 3059 σὺν
2230 3009 2362 3061 πᾶσι
2406 3012 2517 3073 τοῖς
2553 3012 2610 3063 ὲν
2645 3010 2791 3081 αύτῷ
2822 3010 2909 3064 διὰ
2942 3011 3031 3064 τὸν
3063 3010 3381 3083 ἄνθρωπον,
3408 3011 3504 3064 καὶ
3538 3010 3674 3079 ὑπὲρ

2100 3097 2189 3150 τοῦ
2225 3098 2332 3151 ἀπὸ
2364 3099 2461 3169 τῆς
2495 3099 2689 3162 κακίας
2737 3101 2796 3152 ἐν
2892 3100 3198 3169 γεγόναμεν
3243 3098 3675 3170 ἠλευθερωκέναι

2104 3191 2269 3260 ἡμᾶς,
2304 3190 2400 3245 καὶ
2430 3191 2527 3255 τὰς
2552 3192 2727 3262 ἀρχὰς
2763 3192 2855 3245 καὶ
2894 3192 2991 3255 τὰς
3027 3191 3276 3258 ἐξουσίας
3316 3190 3676 3245 καταλελυκέ-

2103 3302 2189 3338 ναι
2228 3285 2434 3340 τελείαν
2455 3286 2747 3340 κατάλυσιν
2775 3287 2861 3342 διὰ
2883 3287 2973 3339 τοῦ
3005 3286 3246 3358 παθητοῦ
3275 3287 3561 3356 γινομένου
3582 3304 3676 3338 κα-

2103 3376 2169 3429 τὰ
2200 3376 2295 3448 τὴν
2324 3377 2515 3448 βουλὴν
2545 3378 2727 3432 αὐτοῦ.
2766 3378 2926 3431 Ὅθεν
2961 3378 3090 3450 περὶ
3128 3380 3223 3449 μὲν
3258 3378 3363 3431 τῶν
3397 3379 3485 3448 ὑφ’
3529 3377 3677 3448 ὑμῶν

2102 3469 2221 3522 τότε
2257 3469 2713 3541 προσφερομένων
2757 3469 2956 3523 θυσιῶν
3000 3471 3147 3539 λέγει
3171 3470 3368 3533 όΘεὺς,
3407 3470 3484 3533 ὡς
3522 3469 3677 3540 προέ-

2105 3578 2231 3632 φην,
2268 3560 2355 3614 διὰ
2386 3560 2693 3631 Μαλαχίου,
2726 3561 2843 3625 ἑνὸς
2872 3562 2977 3614 τῶν
3009 3561 3233 3615 δώδεκα·
3273 3581 3289 3611 ι
3315 3562 3428 3613 Οὐκ
3452 3562 3564 3613 ἔστι
3593 3560 3677 3611 θέ-

2102 3649 2251 3721 λημά
2285 3668 2387 3722 μου
2432 3654 2490 3705 ἐν
2532 3652 2694 3721 ὑμῖν.
2747 3651 2897 3720 λέγει
2943 3652 3180 3723 Κύριος·
3217 3651 3309 3705 καὶ
3357 3652 3458 3715 τὰς
3492 3651 3676 3712 θυσίας

2102 3741 2253 3812 ὑμῶν
2290 3742 2349 3795 οὐ
2400 3741 2763 3814 προσδέξομαι
2805 3746 2868 3796 ὲκ
2920 3743 3027 3796 τῶν
3070 3743 3266 3813 χειρῶν
3313 3742 3498 3812 ὑμῶν·
3546 3740 3677 3793 διότι

2102 3834 2209 3887 ἀπὸ
2241 3834 2502 3905 ἀνατολῆς
2543 3835 2691 3906 ἡλίου
2733 3834 2837 3899 ἕως
2870 3834 3085 3906 δυσμῶν
3117 3837 3175 3888 τὸ
3200 3836 3368 3904 ὄνομα
3399 3853 3501 3905 μου
3542 3833 3676 3886 δεδό-

2102 3925 2294 3991 ξασται
2330 3926 2387 3978 ὲν
2419 3928 2529 3988 τοῖς
2563 3924 2773 3989 ἔθνεσι,
2801 3927 2895 3979 καὶ
2930 3928 2987 3979 ὲν
3031 3932 3196 3981 παντὶ
3241 3927 3392 3995 τόπῳ
3426 3924 3674 3995 θυμίαμα

2104 4015 2473 4087 προσφέρεται
2507 4016 2582 4086 τῷ
2614 4016 2839 4086 ὀνόματί
2876 4034 2974 4087 μου
3011 4016 3103 4070 καὶ
3134 4015 3293 4069 θυσία
3333 4014 3565 4084 καθαρά-
3594 4014 3671 4065 ὅτι

2106 4110 2251 4180 μέγα
2294 4109 2354 4161 τὸ
2392 4110 2562 4175 ὄνομά
2606 4126 2704 4179 μου
2743 4111 2800 4161 ὲν
2836 4112 2946 4171 τοῖς
2987 4108 3195 4171 ἔθνεσι,
3253 4107 3402 4175 λέγει
3450 4108 3671 4177 Κύριος·

2102 4202 2258 4272 ὑμεῖς
2284 4200 2339 4253 δὲ
2366 4200 2653 4271 βεϐηλοῦτε
2686 4199 2838 4253 αὑτό.
2872 4219 2890 4250 ι
2916 4200 3052 4271 Περὶ
3089 4199 3145 4252 δὲ
3176 4197 3280 4250 τῶν
3311 4200 3367 4250 ὲν
3398 4199 3559 4250 παντὶ
3591 4197 3675 4249 τόν

2104 4310 2190 4363 πῳ
2221 4292 2312 4362 ὑφ’
2342 4293 2495 4364 ήμῶν
2541 4293 2648 4345 τῶν
2689 4290 2858 4345 ἐθνῶν
2899 4290 3356 4363 προσφερομένων
3406 4289 3556 4359 αὐτῷ
3587 4289 3675 4341 θυο

2104 4382 2266 4447 σιῶν,
2313 4382 2558 4435 τουτέστι
2600 4381 2690 4435 τοῦ
2739 4381 2903 4452 ἄρτου
2924 4380 3023 4451 τῆς
3060 4380 3420 4451 Εὐχαριστίας
3452 4380 3549 4435 καὶ
3584 4377 3672 4431 τοῦ

2105 4475 2364 4546 ποτηρίου
2386 4474 2584 4545 ὁμοίως
2608 4474 2707 4544 τῆς
2729 4472 3111 4544 Εύχαριστίας,
3149 4472 3401 4543 προλέγει
3425 4473 3569 4534 τότε,
3599 4472 3674 4523 εἱ-

2108 4562 2225 4617 πὼν
2254 4564 2346 4618 καὶ
2378 4564 2435 4617 τὸ
2468 4564 2638 4634 ὄνομα
2668 4563 2830 4617 αὐτοῦ
2855 4562 3095 4629 δοξάζειν
3129 4564 3293 4634 ἡμᾶς,
3329 4563 3474 4633 ὑμᾶς
3502 4562 3558 4615 δὲ
3588 4560 3673 4630 βε-

2108 4654 2323 4725 ϐηλοῦν.
2370 4654 2430 4708 Ἡ
2463 4655 2519 4708 δὲ
2556 4654 2741 4726 ἐντολὴ
2775 4655 2872 4725 τῆς
2907 4654 3239 4725 περιτομῆς,
3282 4654 3579 4706 κελεύουσα
3611 4653 3672 4722 τῇ

2107 4744 2270 4817 ὀγδόῃ
2298 4746 2485 4819 ἡμέρᾳ
2512 4749 2574 4799 ὲκ
2609 4746 2807 4808 παντὸς
2842 4745 3186 4816 περιτέμνειν
3224 4745 3293 4799 τὰ
3342 4743 3672 4815 γεννώμενα,

2109 4834 2277 4903 τύπος
2317 4832 2385 4911 ἦν
2423 4838 2519 4909 τῆς
2552 4836 2813 4909 ἀληθινῆς
2851 4837 3149 4908 περιτομῆς
3191 4836 3257 4907 ἥν
3311 4834 3675 4907 περιετμήθη-

2108 5166 2574 5234 reprzesentationi
2598 5164 2799 5219 Christi
2839 5164 3180 5229 respondeat.

2180 5228 2290 5303 (75)
2325 5234 2904 5304 Ἑπιγννωσθήσεσθε.
2921 5228 3099 5288 Mallet
3124 5233 3430 5304 Silburgitts
3452 5228 3670 5302 ἐπιγνώ-

2110 5299 2285 5358 σεσθεζ
2325 5306 2440 5358 Mox
2466 5299 2571 5375 'illa
2609 5306 2771 5375 verba
2809 5306 2901 5375 καὶ
2935 5304 3218 5375 προσφορὰ
3248 5299 3337 5373 ἦν,
3379 5322 3397 5354 ι
3453 5299 3584 5356 dura
3618 5310 3671 5375 et

2111 5377 2196 5428 vix
2232 5377 2451 5429 ferenda
2498 5394 2517 5426 ι
2551 5374 2631 5427 Cl.
2672 5374 2917 5427 Tltirlbio
2948 5373 3215 5428 videntur.
3253 5375 3557 5442 Legendum
3592 5373 3671 5423 vi-

2112 5446 2269 5499 detur
2320 5454 2443 5497 ante
2494 5445 2610 5499 haec
2653 5446 2814 5499 verba
2867 5446 2949 5507 ὃς.
2989 5443 3362 5497 Tertullianus
3410 5443 3666 5510 jejunium

2112 5515 2365 5583 intelligit
2410 5514 2476 5568 de
2526 5515 2770 5581 reprobis
2812 5532 2830 5565 ι
2876 5514 3304 5581 jejunantibnsa
3342 5515 3518 5567 salute
3562 5530 3580 5563 ι
3618 5512 3665 5583 iu

2109 5581 2349 5639 secundo
2396 5585 2652 5646 adventu,
2694 5586 2818 5637 dum
2861 5602 2879 5633 ι
2921 5588 3235 5638 sacerdotes
3285 5583 3466 5649 templi
3512 5581 3669 5649 spiri-

2108 5655 2288 5719 lttalis,
2327 5654 2378 5707 id
2412 5664 2495 5709 est
2530 5654 2801 5717 Ecclesiae,
2831 5654 3123 5707 Dominicaz
3159 5654 3346 5721 gratia:
3383 5654 3534 5722 quasi
3561 5652 3667 5704 vis-

2108 5727 2383 5781 cer-alioue
2417 5725 2650 5801 quadam
2692 5743 2709 5775 ι
2752 5723 3023 5777 fruentur.
