  <div class='ocr_page' id='page_1' title='image "/cluster/home/n/w/nwhite01/storage/ocr_20150623/6/mdp.39015004289917/294.png"; bbox 0 0 3962 6262; ppageno 0'>
   <div class='ocr_carea' id='block_1_1' title="bbox 237 354 331 413">
    <p class='ocr_par' dir='ltr' id='par_1_1' title="bbox 237 354 331 413">
     <span class='ocr_line' id='line_1_1' title="bbox 237 354 331 413; baseline -0.021 0"><span class='ocrx_word' id='word_1_1' title='bbox 237 354 331 413; x_wconf 74' lang='lat'><strong>565</strong></span> 
     </span>
    </p>
   </div>
   <div class='ocr_carea' id='block_1_2' title="bbox 1360 332 2583 408">
    <p class='ocr_par' dir='ltr' id='par_1_2' title="bbox 1360 332 2583 408">
     <span class='ocr_line' id='line_1_2' title="bbox 1360 332 2583 408; baseline -0.018 2"><span class='ocrx_word' id='word_1_2' title='bbox 1360 350 1704 408; x_wconf 76' lang='lat' dir='ltr'><strong>DIALOGUS</strong></span> <span class='ocrx_word' id='word_1_3' title='bbox 1735 346 1879 404; x_wconf 80' lang='lat' dir='ltr'><strong>CUM</strong></span> <span class='ocrx_word' id='word_1_4' title='bbox 1912 337 2288 399; x_wconf 79' lang='lat' dir='ltr'><strong>TRYPHONE</strong></span> <span class='ocrx_word' id='word_1_5' title='bbox 2319 332 2583 393; x_wconf 64' lang='lat' dir='ltr'><strong>JUDIEO.</strong></span> 
     </span>
    </p>
   </div>
   <div class='ocr_carea' id='block_1_3' title="bbox 3518 310 3629 369">
    <p class='ocr_par' dir='ltr' id='par_1_3' title="bbox 3518 310 3629 369">
     <span class='ocr_line' id='line_1_3' title="bbox 3518 310 3629 369; baseline -0.018 0"><span class='ocrx_word' id='word_1_6' title='bbox 3518 310 3629 369; x_wconf 68' lang='lat'><strong>56$</strong></span> 
     </span>
    </p>
   </div>
   <div class='ocr_carea' id='block_1_4' title="bbox 241 425 1950 542">
    <p class='ocr_par' dir='ltr' id='par_1_4' title="bbox 241 463 1949 542">
     <span class='ocr_line' id='line_1_4' title="bbox 241 463 1949 542; baseline -0.005 -21"><span class='ocrx_word' id='word_1_7' title='bbox 241 488 323 542; x_wconf 81' lang='grc' dir='ltr'><strong>μεν</strong></span> <span class='ocrx_word' id='word_1_8' title='bbox 358 469 479 523; x_wconf 68' lang='grc' dir='ltr'><strong>ἀπὸ</strong></span> <span class='ocrx_word' id='word_1_9' title='bbox 530 469 650 541; x_wconf 79' lang='grc' dir='ltr'><strong>τῆς</strong></span> <span class='ocrx_word' id='word_1_10' title='bbox 704 468 977 541; x_wconf 78' lang='grc' dir='ltr'>πλάνης</span> <span class='ocrx_word' id='word_1_11' title='bbox 1018 469 1129 523; x_wconf 74' lang='grc' dir='ltr'>καὶ</span> <span class='ocrx_word' id='word_1_12' title='bbox 1179 467 1435 539; x_wconf 75' lang='grc' dir='ltr'>πονηρίας</span> <span class='ocrx_word' id='word_1_13' title='bbox 1466 466 1557 520; x_wconf 74' lang='grc' dir='ltr'>διὰ</span> <span class='ocrx_word' id='word_1_14' title='bbox 1598 463 1690 518; x_wconf 77' lang='grc' dir='ltr'><strong>τοῦ</strong></span> <span class='ocrx_word' id='word_1_15' title='bbox 1725 463 1832 517; x_wconf 81' lang='grc' dir='ltr'><strong>ἀπὸ</strong></span> <span class='ocrx_word' id='word_1_16' title='bbox 1864 478 1949 514; x_wconf 87' lang='grc' dir='ltr'>νε-</span> 
     </span>
    </p>
   </div>
   <div class='ocr_carea' id='block_1_5' title="bbox 2059 425 3625 542">
    <p class='ocr_par' dir='ltr' id='par_1_5' title="bbox 2059 425 3625 509">
     <span class='ocr_line' id='line_1_5' title="bbox 2059 425 3625 509; baseline -0.019 0"><span class='ocrx_word' id='word_1_17' title='bbox 2059 453 2284 509; x_wconf 88' lang='lat' dir='ltr'><strong>mortuis</strong></span> <span class='ocrx_word' id='word_1_18' title='bbox 2325 448 2627 505; x_wconf 67' lang='lat' dir='ltr'><strong>resurrexit</strong></span> <span class='ocrx_word' id='word_1_19' title='bbox 2680 457 2785 496; x_wconf 88' lang='lat' dir='ltr'><strong>una</strong></span> <span class='ocrx_word' id='word_1_20' title='bbox 2846 436 3201 494; x_wconf 80' lang='lat' dir='ltr'><strong>sabbatorum</strong></span> <span class='ocrx_word' id='word_1_21' title='bbox 3247 430 3375 495; x_wconf 88' lang='lat' dir='ltr'><strong>die,</strong></span> <span class='ocrx_word' id='word_1_22' title='bbox 3436 425 3625 482; x_wconf 81' lang='lat' dir='ltr'><strong>.Iesum</strong></span> 
     </span>
    </p>
   </div>
   <div class='ocr_carea' id='block_1_6' title="bbox 241 555 1949 635">
    <p class='ocr_par' dir='ltr' id='par_1_6' title="bbox 241 555 1949 635">
     <span class='ocr_line' id='line_1_6' title="bbox 241 555 1949 635; baseline -0.005 -21"><span class='ocrx_word' id='word_1_23' title='bbox 241 561 376 634; x_wconf 78' lang='grc' dir='ltr'>ιρῶν</span> <span class='ocrx_word' id='word_1_24' title='bbox 426 561 830 627; x_wconf 73' lang='grc' dir='ltr'><strong>ἀναστάντος</strong></span> <span class='ocrx_word' id='word_1_25' title='bbox 887 566 973 635; x_wconf 76' lang='grc' dir='ltr'>τῇ</span> <span class='ocrx_word' id='word_1_26' title='bbox 1020 564 1131 634; x_wconf 81' lang='grc' dir='ltr'>μιᾷ</span> <span class='ocrx_word' id='word_1_27' title='bbox 1162 560 1269 615; x_wconf 82' lang='grc' dir='ltr'><strong>τῶν</strong></span> <span class='ocrx_word' id='word_1_28' title='bbox 1299 559 1583 613; x_wconf 82' lang='grc' dir='ltr'>σαϐϐάτων</span> <span class='ocrx_word' id='word_1_29' title='bbox 1627 556 1812 627; x_wconf 79' lang='grc' dir='ltr'>ἡμέρᾳ</span> <span class='ocrx_word' id='word_1_30' title='bbox 1844 555 1949 623; x_wconf 76' lang='grc' dir='ltr'><strong>Ἰη-</strong></span> 
     </span>
    </p>
   </div>
   <div class='ocr_carea' id='block_1_7' title="bbox 248 645 1947 725">
    <p class='ocr_par' dir='ltr' id='par_1_7' title="bbox 248 645 1947 725">
     <span class='ocr_line' id='line_1_7' title="bbox 248 645 1947 725; baseline -0.004 -19"><span class='ocrx_word' id='word_1_31' title='bbox 248 652 321 706; x_wconf 65' lang='grc' dir='ltr'>υοί</span> <span class='ocrx_word' id='word_1_32' title='bbox 358 651 630 723; x_wconf 72' lang='grc' dir='ltr'>Χριστοῦ</span> <span class='ocrx_word' id='word_1_33' title='bbox 661 652 777 706; x_wconf 71' lang='grc' dir='ltr'>τοῦ</span> <span class='ocrx_word' id='word_1_34' title='bbox 824 654 1089 725; x_wconf 77' lang='grc' dir='ltr'>Κυρίου</span> <span class='ocrx_word' id='word_1_35' title='bbox 1118 652 1294 725; x_wconf 81' lang='grc' dir='ltr'>ἡμῶν.</span> <span class='ocrx_word' id='word_1_36' title='bbox 1324 651 1440 705; x_wconf 90' lang='grc' dir='ltr'>Μία</span> <span class='ocrx_word' id='word_1_37' title='bbox 1468 650 1577 721; x_wconf 81' lang='grc' dir='ltr'><strong>γὰρ</strong></span> <span class='ocrx_word' id='word_1_38' title='bbox 1610 648 1717 701; x_wconf 88' lang='grc' dir='ltr'><strong>τῶν</strong></span> <span class='ocrx_word' id='word_1_39' title='bbox 1741 645 1947 701; x_wconf 84' lang='grc' dir='ltr'>σαϐϐά-</span> 
     </span>
    </p>
   </div>
   <div class='ocr_carea' id='block_1_8' title="bbox 252 737 1949 817">
    <p class='ocr_par' dir='ltr' id='par_1_8' title="bbox 252 737 1949 817">
     <span class='ocr_line' id='line_1_8' title="bbox 252 737 1949 817; baseline -0.006 -18"><span class='ocrx_word' id='word_1_40' title='bbox 252 762 366 806; x_wconf 84' lang='grc' dir='ltr'>των,</span> <span class='ocrx_word' id='word_1_41' title='bbox 402 743 624 817; x_wconf 80' lang='grc' dir='ltr'>πρώτη</span> <span class='ocrx_word' id='word_1_42' title='bbox 670 744 980 815; x_wconf 81' lang='grc' dir='ltr'>μένουσα</span> <span class='ocrx_word' id='word_1_43' title='bbox 1020 744 1143 817; x_wconf 85' lang='lat'><strong>(76)</strong></span> <span class='ocrx_word' id='word_1_44' title='bbox 1175 743 1282 797; x_wconf 85' lang='grc' dir='ltr'><strong>τῶν</strong></span> <span class='ocrx_word' id='word_1_45' title='bbox 1309 740 1500 796; x_wconf 85' lang='grc' dir='ltr'>πασῶν</span> <span class='ocrx_word' id='word_1_46' title='bbox 1527 738 1770 812; x_wconf 86' lang='grc' dir='ltr'>ἡμερῶν,</span> <span class='ocrx_word' id='word_1_47' title='bbox 1808 737 1949 790; x_wconf 84' lang='grc' dir='ltr'><strong>κατά</strong></span> 
     </span>
    </p>
   </div>
   <div class='ocr_carea' id='block_1_9' title="bbox 256 831 1950 908">
    <p class='ocr_par' dir='ltr' id='par_1_9' title="bbox 256 831 1950 908">
     <span class='ocr_line' id='line_1_9' title="bbox 256 831 1950 908; baseline -0.006 -15"><span class='ocrx_word' id='word_1_48' title='bbox 256 839 330 893; x_wconf 75' lang='grc' dir='ltr'>τὸν</span> <span class='ocrx_word' id='word_1_49' title='bbox 376 834 649 908; x_wconf 79' lang='grc' dir='ltr'>ἀριθμὸν</span> <span class='ocrx_word' id='word_1_50' title='bbox 694 838 903 891; x_wconf 81' lang='grc' dir='ltr'>πάλιν</span> <span class='ocrx_word' id='word_1_51' title='bbox 930 837 1057 892; x_wconf 82' lang='grc' dir='ltr'><strong>τῶν</strong></span> <span class='ocrx_word' id='word_1_52' title='bbox 1092 836 1283 891; x_wconf 84' lang='grc' dir='ltr'>πασῶν</span> <span class='ocrx_word' id='word_1_53' title='bbox 1312 834 1532 907; x_wconf 82' lang='grc' dir='ltr'>ἡμερῶν</span> <span class='ocrx_word' id='word_1_54' title='bbox 1556 835 1652 905; x_wconf 86' lang='grc' dir='ltr'><strong>τῆς</strong></span> <span class='ocrx_word' id='word_1_55' title='bbox 1687 831 1950 899; x_wconf 83' lang='grc' dir='ltr'>κυκλοφο-</span> 
     </span>
    </p>
   </div>
   <div class='ocr_carea' id='block_1_10' title="bbox 267 922 1701 1002">
    <p class='ocr_par' dir='ltr' id='par_1_10' title="bbox 267 922 1701 1002">
     <span class='ocr_line' id='line_1_10' title="bbox 267 922 1701 1002; baseline -0.003 -20"><span class='ocrx_word' id='word_1_56' title='bbox 267 930 371 1001; x_wconf 72' lang='lat' dir='ltr'><strong>pia;</strong></span> <span class='ocrx_word' id='word_1_57' title='bbox 405 930 593 1002; x_wconf 69' lang='grc' dir='ltr'>ὀγδόη</span> <span class='ocrx_word' id='word_1_58' title='bbox 620 930 962 987; x_wconf 78' lang='grc' dir='ltr'>καλεῖται.</span> <span class='ocrx_word' id='word_1_59' title='bbox 999 930 1107 984; x_wconf 75' lang='grc' dir='ltr'><strong>καὶ</strong></span> <span class='ocrx_word' id='word_1_60' title='bbox 1138 928 1330 1000; x_wconf 81' lang='grc' dir='ltr'>πρώτη</span> <span class='ocrx_word' id='word_1_61' title='bbox 1357 922 1493 981; x_wconf 80' lang='grc' dir='ltr'>οὖσα</span> <span class='ocrx_word' id='word_1_62' title='bbox 1530 926 1701 998; x_wconf 80' lang='grc' dir='ltr'>μένει.</span> 
     </span>
    </p>
   </div>
   <div class='ocr_carea' id='block_1_11' title="bbox 330 1016 1948 1093">
    <p class='ocr_par' dir='ltr' id='par_1_11' title="bbox 330 1016 1948 1093">
     <span class='ocr_line' id='line_1_11' title="bbox 330 1016 1948 1093; baseline -0.004 -17"><span class='ocrx_word' id='word_1_63' title='bbox 330 1023 419 1077; x_wconf 65' lang='grc' dir='ltr'>Ω.</span> <span class='ocrx_word' id='word_1_64' title='bbox 452 1023 640 1077; x_wconf 65' lang='grc' dir='ltr'>Ἀλλά</span> <span class='ocrx_word' id='word_1_65' title='bbox 666 1023 785 1077; x_wconf 69' lang='grc' dir='ltr'><strong>καὶ</strong></span> <span class='ocrx_word' id='word_1_66' title='bbox 813 1024 890 1077; x_wconf 76' lang='grc' dir='ltr'><strong>τὸ</strong></span> <span class='ocrx_word' id='word_1_67' title='bbox 917 1023 1148 1078; x_wconf 82' lang='grc' dir='ltr'>δώδεκα</span> <span class='ocrx_word' id='word_1_68' title='bbox 1174 1022 1428 1085; x_wconf 82' lang='grc' dir='ltr'><strong>κώδωνας</strong></span> <span class='ocrx_word' id='word_1_69' title='bbox 1464 1020 1576 1093; x_wconf 83' lang='grc'><strong>(77)</strong></span> <span class='ocrx_word' id='word_1_70' title='bbox 1609 1017 1835 1089; x_wconf 77' lang='grc' dir='ltr'>ἐξῆιρθαι</span> <span class='ocrx_word' id='word_1_71' title='bbox 1856 1016 1948 1071; x_wconf 80' lang='grc' dir='ltr'>τοῦ</span> 
     </span>
    </p>
   </div>
   <div class='ocr_carea' id='block_1_12' title="bbox 276 1108 1949 1188">
    <p class='ocr_par' dir='ltr' id='par_1_12' title="bbox 276 1108 1949 1188">
     <span class='ocr_line' id='line_1_12' title="bbox 276 1108 1949 1188; baseline -0.005 -19"><span class='ocrx_word' id='word_1_72' title='bbox 276 1116 546 1187; x_wconf 74' lang='grc' dir='ltr'>ποδὴρους</span> <span class='ocrx_word' id='word_1_73' title='bbox 589 1116 700 1169; x_wconf 70' lang='grc' dir='ltr'><strong>τοῦ</strong></span> <span class='ocrx_word' id='word_1_74' title='bbox 744 1116 1107 1188; x_wconf 80' lang='grc' dir='ltr'><strong>ἀρχιερέως</strong></span> <span class='ocrx_word' id='word_1_75' title='bbox 1150 1113 1578 1185; x_wconf 82' lang='grc' dir='ltr'>παραδεδόσθαι,</span> <span class='ocrx_word' id='word_1_76' title='bbox 1609 1111 1715 1165; x_wconf 86' lang='grc' dir='ltr'><strong>τῶν</strong></span> <span class='ocrx_word' id='word_1_77' title='bbox 1743 1108 1949 1162; x_wconf 86' lang='grc' dir='ltr'>δώδεκα</span> 
     </span>
    </p>
   </div>
   <div class='ocr_carea' id='block_1_13' title="bbox 283 1199 1946 1277">
    <p class='ocr_par' dir='ltr' id='par_1_13' title="bbox 283 1199 1946 1277">
     <span class='ocr_line' id='line_1_13' title="bbox 283 1199 1946 1277; baseline -0.007 -13"><span class='ocrx_word' id='word_1_78' title='bbox 283 1208 602 1264; x_wconf 70' lang='grc' dir='ltr'>ἀποστόλων</span> <span class='ocrx_word' id='word_1_79' title='bbox 645 1207 774 1260; x_wconf 80' lang='grc' dir='ltr'><strong>τῶν</strong></span> <span class='ocrx_word' id='word_1_80' title='bbox 818 1207 1201 1277; x_wconf 71' lang='grc' dir='ltr'>ἐξαφθέντων</span> <span class='ocrx_word' id='word_1_81' title='bbox 1241 1206 1346 1260; x_wconf 76' lang='grc' dir='ltr'>ἀπὸ</span> <span class='ocrx_word' id='word_1_82' title='bbox 1394 1205 1490 1276; x_wconf 79' lang='grc' dir='ltr'><strong>τῆς</strong></span> <span class='ocrx_word' id='word_1_83' title='bbox 1537 1202 1817 1272; x_wconf 84' lang='grc' dir='ltr'>δυνάμεως</span> <span class='ocrx_word' id='word_1_84' title='bbox 1855 1199 1946 1253; x_wconf 74' lang='grc' dir='ltr'>τοῦ</span> 
     </span>
    </p>
   </div>
   <div class='ocr_carea' id='block_1_14' title="bbox 291 1295 1948 1374">
    <p class='ocr_par' dir='ltr' id='par_1_14' title="bbox 291 1295 1948 1374">
     <span class='ocr_line' id='line_1_14' title="bbox 291 1295 1948 1374; baseline -0.005 -16"><span class='ocrx_word' id='word_1_85' title='bbox 291 1304 505 1358; x_wconf 77' lang='grc' dir='ltr'>αἰωνίου</span> <span class='ocrx_word' id='word_1_86' title='bbox 527 1301 755 1374; x_wconf 75' lang='grc' dir='ltr'>ἱερέως</span> <span class='ocrx_word' id='word_1_87' title='bbox 794 1300 1095 1373; x_wconf 71' lang='grc' dir='ltr'>Χριστοῦ,</span> <span class='ocrx_word' id='word_1_88' title='bbox 1128 1302 1196 1355; x_wconf 89' lang='grc' dir='ltr'>δι’</span> <span class='ocrx_word' id='word_1_89' title='bbox 1224 1295 1297 1354; x_wconf 82' lang='grc' dir='ltr'>ὧν</span> <span class='ocrx_word' id='word_1_90' title='bbox 1319 1301 1416 1371; x_wconf 82' lang='grc' dir='ltr'><strong>τῆς</strong></span> <span class='ocrx_word' id='word_1_91' title='bbox 1438 1298 1622 1368; x_wconf 76' lang='grc' dir='ltr'>φωνῆς</span> <span class='ocrx_word' id='word_1_92' title='bbox 1644 1298 1676 1368; x_wconf 84' lang='grc' dir='ltr'><strong>ἡ</strong></span> <span class='ocrx_word' id='word_1_93' title='bbox 1702 1298 1854 1350; x_wconf 83' lang='grc' dir='ltr'>πᾶσα</span> <span class='ocrx_word' id='word_1_94' title='bbox 1876 1295 1948 1366; x_wconf 82' lang='grc' dir='ltr'><strong>γῆ</strong></span> 
     </span>
    </p>
   </div>
   <div class='ocr_carea' id='block_1_15' title="bbox 298 1386 1950 1464">
    <p class='ocr_par' dir='ltr' id='par_1_15' title="bbox 298 1386 1950 1464">
     <span class='ocr_line' id='line_1_15' title="bbox 298 1386 1950 1464; baseline -0.004 -19"><span class='ocrx_word' id='word_1_95' title='bbox 298 1394 386 1462; x_wconf 66' lang='grc' dir='ltr'><strong>τῆς</strong></span> <span class='ocrx_word' id='word_1_96' title='bbox 408 1392 576 1461; x_wconf 76' lang='grc' dir='ltr'>δόξης</span> <span class='ocrx_word' id='word_1_97' title='bbox 614 1392 730 1445; x_wconf 63' lang='grc' dir='ltr'>καὶ</span> <span class='ocrx_word' id='word_1_98' title='bbox 774 1392 1031 1464; x_wconf 74' lang='grc' dir='ltr'>χάριτος</span> <span class='ocrx_word' id='word_1_99' title='bbox 1066 1391 1161 1444; x_wconf 72' lang='grc' dir='ltr'><strong>τοῦ</strong></span> <span class='ocrx_word' id='word_1_100' title='bbox 1197 1390 1329 1444; x_wconf 84' lang='grc' dir='ltr'>Θεοῦ</span> <span class='ocrx_word' id='word_1_101' title='bbox 1360 1390 1455 1443; x_wconf 67' lang='grc' dir='ltr'><strong>καὶ</strong></span> <span class='ocrx_word' id='word_1_102' title='bbox 1480 1388 1572 1442; x_wconf 74' lang='grc' dir='ltr'><strong>τοῦ</strong></span> <span class='ocrx_word' id='word_1_103' title='bbox 1596 1386 1831 1459; x_wconf 79' lang='grc' dir='ltr'>Χριστοῦ</span> <span class='ocrx_word' id='word_1_104' title='bbox 1854 1387 1950 1439; x_wconf 81' lang='grc' dir='ltr'>αὐ-</span> 
     </span>
    </p>
   </div>
   <div class='ocr_carea' id='block_1_16' title="bbox 302 1478 1945 1555">
    <p class='ocr_par' dir='ltr' id='par_1_16' title="bbox 302 1478 1945 1555">
     <span class='ocr_line' id='line_1_16' title="bbox 302 1478 1945 1555; baseline -0.005 -17"><span class='ocrx_word' id='word_1_105' title='bbox 302 1485 387 1539; x_wconf 71' lang='grc' dir='ltr'>τοῦ</span> <span class='ocrx_word' id='word_1_106' title='bbox 425 1481 777 1555; x_wconf 68' lang='grc' dir='ltr'>ἐπληρώθη,</span> <span class='ocrx_word' id='word_1_107' title='bbox 815 1483 890 1536; x_wconf 74' lang='grc' dir='ltr'><strong>σύ</strong></span> <span class='ocrx_word' id='word_1_108' title='bbox 903 1484 1111 1555; x_wconf 84' lang='grc' dir='ltr'>μϐολον</span> <span class='ocrx_word' id='word_1_109' title='bbox 1141 1478 1229 1554; x_wconf 73' lang='grc' dir='ltr'>ἦν.</span> <span class='ocrx_word' id='word_1_110' title='bbox 1267 1484 1356 1535; x_wconf 86' lang='grc' dir='ltr'>Διὸ</span> <span class='ocrx_word' id='word_1_111' title='bbox 1376 1481 1472 1535; x_wconf 70' lang='grc' dir='ltr'>καὶ</span> <span class='ocrx_word' id='word_1_112' title='bbox 1504 1482 1532 1533; x_wconf 85' lang='grc' dir='ltr'>ὁ</span> <span class='ocrx_word' id='word_1_113' title='bbox 1566 1479 1730 1533; x_wconf 76' lang='grc' dir='ltr'>Δαϐὶδ</span> <span class='ocrx_word' id='word_1_114' title='bbox 1762 1479 1912 1547; x_wconf 80' lang='grc' dir='ltr'><strong>λέγει</strong></span> <span class='ocrx_word' id='word_1_115' title='bbox 1932 1495 1945 1508; x_wconf 81' lang='lat'><strong><em>°</em></strong></span> 
     </span>
    </p>
   </div>
   <div class='ocr_carea' id='block_1_17' title="bbox 316 1570 1950 1646">
    <p class='ocr_par' dir='ltr' id='par_1_17' title="bbox 316 1570 1950 1646">
     <span class='ocr_line' id='line_1_17' title="bbox 316 1570 1950 1646; baseline -0.003 -19"><span class='ocrx_word' id='word_1_116' title='bbox 316 1596 334 1627; x_wconf 76' lang='grc' dir='ltr'><strong>ι</strong></span> <span class='ocrx_word' id='word_1_117' title='bbox 372 1576 468 1640; x_wconf 78' lang='lat' dir='ltr'><strong>Ei;</strong></span> <span class='ocrx_word' id='word_1_118' title='bbox 502 1577 703 1628; x_wconf 74' lang='grc' dir='ltr'>πᾶσαν</span> <span class='ocrx_word' id='word_1_119' title='bbox 736 1574 851 1645; x_wconf 83' lang='grc' dir='ltr'>τὴν</span> <span class='ocrx_word' id='word_1_120' title='bbox 878 1576 993 1646; x_wconf 81' lang='grc' dir='ltr'><strong>γῆν</strong></span> <span class='ocrx_word' id='word_1_121' title='bbox 1024 1573 1249 1646; x_wconf 77' lang='grc' dir='ltr'>ἐξῆλθεν</span> <span class='ocrx_word' id='word_1_122' title='bbox 1276 1576 1304 1627; x_wconf 81' lang='grc' dir='ltr'>ὁ</span> <span class='ocrx_word' id='word_1_123' title='bbox 1338 1573 1575 1644; x_wconf 79' lang='grc' dir='ltr'>φθόγγος</span> <span class='ocrx_word' id='word_1_124' title='bbox 1603 1570 1783 1624; x_wconf 79' lang='grc' dir='ltr'>αὐτῶν</span> <span class='ocrx_word' id='word_1_125' title='bbox 1803 1611 1816 1634; x_wconf 91' lang='grc'><strong>,</strong></span> <span class='ocrx_word' id='word_1_126' title='bbox 1854 1570 1950 1624; x_wconf 73' lang='grc' dir='ltr'><strong>καὶ</strong></span> 
     </span>
    </p>
   </div>
   <div class='ocr_carea' id='block_1_18' title="bbox 321 1660 1943 1736">
    <p class='ocr_par' dir='ltr' id='par_1_18' title="bbox 321 1660 1943 1736">
     <span class='ocr_line' id='line_1_18' title="bbox 321 1660 1943 1736; baseline -0.006 -16"><span class='ocrx_word' id='word_1_127' title='bbox 321 1669 392 1730; x_wconf 71' lang='grc' dir='ltr'>εἰς</span> <span class='ocrx_word' id='word_1_128' title='bbox 421 1668 491 1719; x_wconf 60' lang='grc' dir='ltr'><strong>τι</strong></span> <span class='ocrx_word' id='word_1_129' title='bbox 530 1666 773 1735; x_wconf 79' lang='grc' dir='ltr'>πέρατα</span> <span class='ocrx_word' id='word_1_130' title='bbox 820 1667 931 1736; x_wconf 76' lang='grc' dir='ltr'><strong>τῆς</strong></span> <span class='ocrx_word' id='word_1_131' title='bbox 968 1664 1297 1735; x_wconf 80' lang='grc' dir='ltr'><strong>οἰκουμένης</strong></span> <span class='ocrx_word' id='word_1_132' title='bbox 1333 1664 1400 1717; x_wconf 82' lang='grc' dir='ltr'><strong>τά</strong></span> <span class='ocrx_word' id='word_1_133' title='bbox 1434 1664 1653 1735; x_wconf 79' lang='grc' dir='ltr'>ῥήματα</span> <span class='ocrx_word' id='word_1_134' title='bbox 1694 1660 1887 1716; x_wconf 78' lang='grc' dir='ltr'>αὐτῶν.</span> <span class='ocrx_word' id='word_1_135' title='bbox 1925 1680 1943 1710; x_wconf 79' lang='grc' dir='ltr'><strong>ι</strong></span> 
     </span>
    </p>
   </div>
   <div class='ocr_carea' id='block_1_19' title="bbox 324 1752 1950 1828">
    <p class='ocr_par' dir='ltr' id='par_1_19' title="bbox 324 1752 1950 1828">
     <span class='ocr_line' id='line_1_19' title="bbox 324 1752 1950 1828; baseline -0.005 -15"><span class='ocrx_word' id='word_1_136' title='bbox 324 1758 423 1813; x_wconf 72' lang='grc' dir='ltr'><strong>Καὶ</strong></span> <span class='ocrx_word' id='word_1_137' title='bbox 454 1761 481 1811; x_wconf 88' lang='grc' dir='ltr'>ὁ</span> <span class='ocrx_word' id='word_1_138' title='bbox 513 1758 773 1821; x_wconf 75' lang='grc' dir='ltr'>Ἡσαΐας</span> <span class='ocrx_word' id='word_1_139' title='bbox 808 1758 893 1822; x_wconf 83' lang='grc' dir='ltr'>ὡς</span> <span class='ocrx_word' id='word_1_140' title='bbox 921 1758 1033 1811; x_wconf 82' lang='grc' dir='ltr'><strong>ἀπὸ</strong></span> <span class='ocrx_word' id='word_1_141' title='bbox 1055 1756 1345 1828; x_wconf 86' lang='grc' dir='ltr'>προσώπου</span> <span class='ocrx_word' id='word_1_142' title='bbox 1376 1756 1481 1809; x_wconf 85' lang='grc' dir='ltr'><strong>τῶν</strong></span> <span class='ocrx_word' id='word_1_143' title='bbox 1515 1755 1830 1809; x_wconf 82' lang='grc' dir='ltr'>ἀποστόλων</span> <span class='ocrx_word' id='word_1_144' title='bbox 1864 1752 1950 1806; x_wconf 88' lang='grc' dir='ltr'>λε-</span> 
     </span>
    </p>
   </div>
   <div class='ocr_carea' id='block_1_20' title="bbox 324 1847 1950 1922">
    <p class='ocr_par' dir='ltr' id='par_1_20' title="bbox 324 1847 1950 1922">
     <span class='ocr_line' id='line_1_20' title="bbox 324 1847 1950 1922; baseline -0.002 -20"><span class='ocrx_word' id='word_1_145' title='bbox 324 1850 521 1917; x_wconf 72' lang='grc' dir='ltr'>γόντων</span> <span class='ocrx_word' id='word_1_146' title='bbox 554 1848 638 1919; x_wconf 80' lang='grc' dir='ltr'>τῷ</span> <span class='ocrx_word' id='word_1_147' title='bbox 661 1849 917 1922; x_wconf 78' lang='grc' dir='ltr'>Χριστῷ</span> <span class='ocrx_word' id='word_1_148' title='bbox 937 1890 953 1913; x_wconf 85' lang='grc'><strong>,</strong></span> <span class='ocrx_word' id='word_1_149' title='bbox 998 1850 1082 1903; x_wconf 85' lang='grc' dir='ltr'>ὅτι</span> <span class='ocrx_word' id='word_1_150' title='bbox 1116 1848 1236 1919; x_wconf 70' lang='grc' dir='ltr'>οὐχὶ</span> <span class='ocrx_word' id='word_1_151' title='bbox 1273 1851 1336 1919; x_wconf 80' lang='grc' dir='ltr'>τῇ</span> <span class='ocrx_word' id='word_1_152' title='bbox 1366 1850 1503 1919; x_wconf 82' lang='grc' dir='ltr'><strong>ἀκοῇ</strong></span> <span class='ocrx_word' id='word_1_153' title='bbox 1530 1847 1707 1902; x_wconf 76' lang='grc' dir='ltr'>αὐτῶν</span> <span class='ocrx_word' id='word_1_154' title='bbox 1739 1847 1950 1900; x_wconf 83' lang='grc' dir='ltr'>πιστεύ-</span> 
     </span>
    </p>
   </div>
   <div class='ocr_carea' id='block_1_21' title="bbox 327 1938 1950 2011">
    <p class='ocr_par' dir='ltr' id='par_1_21' title="bbox 327 1938 1950 2011">
     <span class='ocr_line' id='line_1_21' title="bbox 327 1938 1950 2011; baseline -0.001 -21"><span class='ocrx_word' id='word_1_155' title='bbox 327 1955 487 2003; x_wconf 72' lang='grc' dir='ltr'>ουσιν,</span> <span class='ocrx_word' id='word_1_156' title='bbox 518 1939 665 1993; x_wconf 80' lang='grc' dir='ltr'><strong>ἀλλά</strong></span> <span class='ocrx_word' id='word_1_157' title='bbox 688 1943 763 2011; x_wconf 80' lang='grc' dir='ltr'>τῇ</span> <span class='ocrx_word' id='word_1_158' title='bbox 798 1939 973 1993; x_wconf 70' lang='grc' dir='ltr'>αὑτοῦ</span> <span class='ocrx_word' id='word_1_159' title='bbox 1000 1938 1313 2010; x_wconf 73' lang='grc' dir='ltr'>πέμψαντος</span> <span class='ocrx_word' id='word_1_160' title='bbox 1354 1939 1551 2002; x_wconf 78' lang='grc' dir='ltr'>αὐτοὺς</span> <span class='ocrx_word' id='word_1_161' title='bbox 1584 1938 1833 2010; x_wconf 80' lang='grc' dir='ltr'>δυνάμει·</span> <span class='ocrx_word' id='word_1_162' title='bbox 1871 1938 1950 1990; x_wconf 68' lang='grc' dir='ltr'><strong>διὸ</strong></span> 
     </span>
    </p>
   </div>
   <div class='ocr_carea' id='block_1_22' title="bbox 327 2028 1947 2101">
    <p class='ocr_par' dir='ltr' id='par_1_22' title="bbox 327 2028 1947 2101">
     <span class='ocr_line' id='line_1_22' title="bbox 327 2028 1947 2101; baseline 0.001 -20"><span class='ocrx_word' id='word_1_163' title='bbox 327 2028 470 2096; x_wconf 72' lang='grc' dir='ltr'>λέγει</span> <span class='ocrx_word' id='word_1_164' title='bbox 512 2030 701 2094; x_wconf 73' lang='grc' dir='ltr'>οὕτως</span> <span class='ocrx_word' id='word_1_165' title='bbox 752 2030 899 2101; x_wconf 76' lang='grc'><strong>(78)·</strong></span> <span class='ocrx_word' id='word_1_166' title='bbox 947 2049 965 2081; x_wconf 78' lang='grc' dir='ltr'><strong>ι</strong></span> <span class='ocrx_word' id='word_1_167' title='bbox 1006 2030 1210 2101; x_wconf 80' lang='grc' dir='ltr'>Κύριε,</span> <span class='ocrx_word' id='word_1_168' title='bbox 1259 2028 1340 2093; x_wconf 85' lang='grc' dir='ltr'>τίς</span> <span class='ocrx_word' id='word_1_169' title='bbox 1380 2030 1667 2082; x_wconf 81' lang='grc' dir='ltr'>ἐπίστευσε</span> <span class='ocrx_word' id='word_1_170' title='bbox 1708 2033 1771 2101; x_wconf 82' lang='grc' dir='ltr'>τῇ</span> <span class='ocrx_word' id='word_1_171' title='bbox 1814 2030 1947 2101; x_wconf 83' lang='grc' dir='ltr'>ἀκοῇ</span> 
     </span>
    </p>
   </div>
   <div class='ocr_carea' id='block_1_23' title="bbox 334 2120 1948 2192">
    <p class='ocr_par' dir='ltr' id='par_1_23' title="bbox 334 2120 1948 2192">
     <span class='ocr_line' id='line_1_23' title="bbox 334 2120 1948 2192; baseline 0 -19"><span class='ocrx_word' id='word_1_172' title='bbox 334 2120 514 2190; x_wconf 73' lang='grc' dir='ltr'>ἡμῶνς</span> <span class='ocrx_word' id='word_1_173' title='bbox 568 2120 672 2174; x_wconf 70' lang='grc' dir='ltr'>καὶ</span> <span class='ocrx_word' id='word_1_174' title='bbox 724 2123 757 2174; x_wconf 83' lang='grc' dir='ltr'>ὁ</span> <span class='ocrx_word' id='word_1_175' title='bbox 824 2120 1072 2191; x_wconf 78' lang='grc' dir='ltr'>βραχίων</span> <span class='ocrx_word' id='word_1_176' title='bbox 1129 2120 1334 2191; x_wconf 79' lang='grc' dir='ltr'>Κυρίου</span> <span class='ocrx_word' id='word_1_177' title='bbox 1396 2122 1502 2174; x_wconf 88' lang='grc' dir='ltr'>τίνι</span> <span class='ocrx_word' id='word_1_178' title='bbox 1555 2121 1948 2192; x_wconf 76' lang='grc' dir='ltr'>ἀπεκαλύφθη;</span> 
     </span>
    </p>
   </div>
   <div class='ocr_carea' id='block_1_24' title="bbox 335 2208 1951 2283">
    <p class='ocr_par' dir='ltr' id='par_1_24' title="bbox 335 2208 1951 2283">
     <span class='ocr_line' id='line_1_24' title="bbox 335 2208 1951 2283; baseline 0.004 -22"><span class='ocrx_word' id='word_1_179' title='bbox 335 2210 753 2281; x_wconf 72' lang='grc' dir='ltr'>ἀνηγγείλαμεν</span> <span class='ocrx_word' id='word_1_180' title='bbox 790 2208 1030 2263; x_wconf 74' lang='grc' dir='ltr'>ἐνώπιον</span> <span class='ocrx_word' id='word_1_181' title='bbox 1062 2210 1226 2263; x_wconf 77' lang='grc' dir='ltr'>αὐτοῦ</span> <span class='ocrx_word' id='word_1_182' title='bbox 1253 2210 1327 2274; x_wconf 84' lang='grc' dir='ltr'>ῶς</span> <span class='ocrx_word' id='word_1_183' title='bbox 1349 2211 1560 2264; x_wconf 81' lang='grc' dir='ltr'>παιδίον</span> <span class='ocrx_word' id='word_1_184' title='bbox 1583 2251 1596 2275; x_wconf 91' lang='grc'><strong>,</strong></span> <span class='ocrx_word' id='word_1_185' title='bbox 1633 2212 1709 2275; x_wconf 84' lang='grc' dir='ltr'>ὡς</span> <span class='ocrx_word' id='word_1_186' title='bbox 1738 2210 1863 2283; x_wconf 75' lang='grc' dir='ltr'>ῥίζα</span> <span class='ocrx_word' id='word_1_187' title='bbox 1894 2216 1951 2267; x_wconf 84' lang='grc' dir='ltr'><strong>ἐν</strong></span> 
     </span>
    </p>
   </div>
   <div class='ocr_carea' id='block_1_25' title="bbox 338 2301 1950 2375">
    <p class='ocr_par' dir='ltr' id='par_1_25' title="bbox 338 2301 1950 2375">
     <span class='ocr_line' id='line_1_25' title="bbox 338 2301 1950 2375; baseline 0.002 -20"><span class='ocrx_word' id='word_1_188' title='bbox 338 2306 405 2374; x_wconf 76' lang='grc' dir='ltr'>τῇ</span> <span class='ocrx_word' id='word_1_189' title='bbox 440 2301 686 2374; x_wconf 61' lang='grc' dir='ltr'>διψώσῃ,</span> <span class='ocrx_word' id='word_1_190' title='bbox 737 2322 756 2353; x_wconf 78' lang='grc' dir='ltr'><strong>ι</strong></span> <span class='ocrx_word' id='word_1_191' title='bbox 800 2303 901 2355; x_wconf 66' lang='grc' dir='ltr'>καὶ</span> <span class='ocrx_word' id='word_1_192' title='bbox 940 2301 1007 2354; x_wconf 80' lang='grc' dir='ltr'><strong>τὰ</strong></span> <span class='ocrx_word' id='word_1_193' title='bbox 1054 2302 1181 2373; x_wconf 78' lang='grc' dir='ltr'><strong>ἑξῆς</strong></span> <span class='ocrx_word' id='word_1_194' title='bbox 1228 2303 1326 2372; x_wconf 77' lang='grc' dir='ltr'><strong>τῆς</strong></span> <span class='ocrx_word' id='word_1_195' title='bbox 1373 2304 1708 2373; x_wconf 61' lang='grc' dir='ltr'>προφητείας</span> <span class='ocrx_word' id='word_1_196' title='bbox 1750 2305 1950 2375; x_wconf 88' lang='grc' dir='ltr'>προλε-</span> 
     </span>
    </p>
   </div>
   <div class='ocr_carea' id='block_1_26' title="bbox 338 2390 1950 2469">
    <p class='ocr_par' dir='ltr' id='par_1_26' title="bbox 338 2390 1950 2469">
     <span class='ocr_line' id='line_1_26' title="bbox 338 2390 1950 2469; baseline 0.004 -23"><span class='ocrx_word' id='word_1_197' title='bbox 338 2393 594 2464; x_wconf 74' lang='grc' dir='ltr'>λεγμένα.</span> <span class='ocrx_word' id='word_1_198' title='bbox 632 2393 718 2447; x_wconf 83' lang='grc' dir='ltr'>Τδ</span> <span class='ocrx_word' id='word_1_199' title='bbox 758 2394 822 2447; x_wconf 81' lang='grc' dir='ltr'><strong>δὲ</strong></span> <span class='ocrx_word' id='word_1_200' title='bbox 872 2396 1047 2453; x_wconf 71' lang='grc' dir='ltr'>εἰπεῖν</span> <span class='ocrx_word' id='word_1_201' title='bbox 1093 2395 1359 2465; x_wconf 81' lang='grc' dir='ltr'>τὸνλόγον</span> <span class='ocrx_word' id='word_1_202' title='bbox 1392 2397 1467 2461; x_wconf 84' lang='grc' dir='ltr'>ὠς</span> <span class='ocrx_word' id='word_1_203' title='bbox 1501 2397 1609 2451; x_wconf 82' lang='grc' dir='ltr'>ἀπὸ</span> <span class='ocrx_word' id='word_1_204' title='bbox 1659 2390 1950 2469; x_wconf 81' lang='grc' dir='ltr'>προσώπου</span> 
     </span>
    </p>
   </div>
   <div class='ocr_carea' id='block_1_27' title="bbox 343 2486 1952 2558">
    <p class='ocr_par' dir='ltr' id='par_1_27' title="bbox 343 2486 1952 2558">
     <span class='ocr_line' id='line_1_27' title="bbox 343 2486 1952 2558; baseline 0.004 -19"><span class='ocrx_word' id='word_1_205' title='bbox 343 2487 567 2539; x_wconf 65' lang='grc' dir='ltr'>πολλῶν·</span> <span class='ocrx_word' id='word_1_206' title='bbox 608 2506 629 2539; x_wconf 76' lang='grc' dir='ltr'><strong>ι</strong></span> <span class='ocrx_word' id='word_1_207' title='bbox 679 2486 1123 2558; x_wconf 82' lang='grc' dir='ltr'>Ἀνηγγείλαμεν</span> <span class='ocrx_word' id='word_1_208' title='bbox 1160 2487 1387 2542; x_wconf 74' lang='grc' dir='ltr'>ἐνώπιον</span> <span class='ocrx_word' id='word_1_209' title='bbox 1404 2490 1589 2555; x_wconf 77' lang='grc' dir='ltr'>αὑτοῦ,</span> <span class='ocrx_word' id='word_1_210' title='bbox 1634 2511 1650 2541; x_wconf 83' lang='grc' dir='ltr'><strong>ι</strong></span> <span class='ocrx_word' id='word_1_211' title='bbox 1687 2492 1779 2546; x_wconf 74' lang='grc' dir='ltr'>καὶ</span> <span class='ocrx_word' id='word_1_212' title='bbox 1818 2494 1952 2545; x_wconf 75' lang='grc' dir='ltr'>ἐπα-</span> 
     </span>
    </p>
   </div>
   <div class='ocr_carea' id='block_1_28' title="bbox 342 2578 1952 2653">
    <p class='ocr_par' dir='ltr' id='par_1_28' title="bbox 342 2578 1952 2653">
     <span class='ocr_line' id='line_1_28' title="bbox 342 2578 1952 2653; baseline 0.002 -20"><span class='ocrx_word' id='word_1_213' title='bbox 342 2583 569 2649; x_wconf 71' lang='grc' dir='ltr'>γαγεῖν,</span> <span class='ocrx_word' id='word_1_214' title='bbox 616 2598 637 2630; x_wconf 74' lang='grc' dir='ltr'><strong>ι</strong></span> <span class='ocrx_word' id='word_1_215' title='bbox 688 2578 771 2643; x_wconf 80' lang='grc' dir='ltr'><strong>ὡς</strong></span> <span class='ocrx_word' id='word_1_216' title='bbox 816 2578 1063 2643; x_wconf 81' lang='grc' dir='ltr'>παιδίον,</span> <span class='ocrx_word' id='word_1_217' title='bbox 1102 2597 1119 2629; x_wconf 82' lang='grc' dir='ltr'><strong>ι</strong></span> <span class='ocrx_word' id='word_1_218' title='bbox 1163 2579 1458 2650; x_wconf 82' lang='grc' dir='ltr'>δηλωτικὸν</span> <span class='ocrx_word' id='word_1_219' title='bbox 1497 2582 1588 2634; x_wconf 74' lang='grc' dir='ltr'><strong>τοῦ</strong></span> <span class='ocrx_word' id='word_1_220' title='bbox 1622 2584 1748 2646; x_wconf 80' lang='grc' dir='ltr'>τοὺς</span> <span class='ocrx_word' id='word_1_221' title='bbox 1786 2600 1952 2653; x_wconf 88' lang='grc' dir='ltr'>πονη-</span> 
     </span>
    </p>
   </div>
   <div class='ocr_carea' id='block_1_29' title="bbox 347 2671 1952 2747">
    <p class='ocr_par' dir='ltr' id='par_1_29' title="bbox 347 2671 1952 2747">
     <span class='ocr_line' id='line_1_29' title="bbox 347 2671 1952 2747; baseline 0.004 -24"><span class='ocrx_word' id='word_1_222' title='bbox 347 2674 471 2746; x_wconf 65' lang='grc' dir='ltr'>ροὺς</span> <span class='ocrx_word' id='word_1_223' title='bbox 497 2672 795 2744; x_wconf 74' lang='grc' dir='ltr'>ὑπηκόους</span> <span class='ocrx_word' id='word_1_224' title='bbox 828 2671 992 2723; x_wconf 75' lang='grc' dir='ltr'>αὐτοῦ</span> <span class='ocrx_word' id='word_1_225' title='bbox 1029 2672 1355 2743; x_wconf 79' lang='grc' dir='ltr'>γενομένους</span> <span class='ocrx_word' id='word_1_226' title='bbox 1393 2673 1735 2744; x_wconf 76' lang='grc' dir='ltr'>ὑπηρετῆσαι</span> <span class='ocrx_word' id='word_1_227' title='bbox 1766 2678 1829 2747; x_wconf 83' lang='grc' dir='ltr'>τῇ</span> <span class='ocrx_word' id='word_1_228' title='bbox 1863 2694 1952 2729; x_wconf 88' lang='grc' dir='ltr'><strong>κε-</strong></span> 
     </span>
    </p>
   </div>
   <div class='ocr_carea' id='block_1_30' title="bbox 344 2762 1947 2837">
    <p class='ocr_par' dir='ltr' id='par_1_30' title="bbox 344 2762 1947 2837">
     <span class='ocr_line' id='line_1_30' title="bbox 344 2762 1947 2837; baseline 0.004 -22"><span class='ocrx_word' id='word_1_229' title='bbox 344 2764 523 2817; x_wconf 66' lang='grc' dir='ltr'>λεύσει</span> <span class='ocrx_word' id='word_1_230' title='bbox 554 2762 757 2827; x_wconf 69' lang='grc' dir='ltr'>αὑτοῦ,</span> <span class='ocrx_word' id='word_1_231' title='bbox 790 2762 889 2816; x_wconf 70' lang='grc' dir='ltr'><strong>καὶ</strong></span> <span class='ocrx_word' id='word_1_232' title='bbox 925 2762 1134 2826; x_wconf 82' lang='grc' dir='ltr'>πάντας</span> <span class='ocrx_word' id='word_1_233' title='bbox 1165 2764 1240 2826; x_wconf 89' lang='grc' dir='ltr'>ώς</span> <span class='ocrx_word' id='word_1_234' title='bbox 1274 2763 1331 2817; x_wconf 84' lang='grc' dir='ltr'>ἓν</span> <span class='ocrx_word' id='word_1_235' title='bbox 1366 2765 1575 2817; x_wconf 83' lang='grc' dir='ltr'>παιδίον</span> <span class='ocrx_word' id='word_1_236' title='bbox 1598 2766 1947 2837; x_wconf 80' lang='grc' dir='ltr'>γεγενῆσθαι.</span> 
     </span>
    </p>
   </div>
   <div class='ocr_carea' id='block_1_31' title="bbox 356 2852 1952 2923">
    <p class='ocr_par' dir='ltr' id='par_1_31' title="bbox 356 2852 1952 2923">
     <span class='ocr_line' id='line_1_31' title="bbox 356 2852 1952 2923; baseline 0.001 -15"><span class='ocrx_word' id='word_1_237' title='bbox 356 2854 571 2909; x_wconf 80' lang='grc' dir='ltr'>Ὀποῖον</span> <span class='ocrx_word' id='word_1_238' title='bbox 608 2855 715 2907; x_wconf 79' lang='grc' dir='ltr'>καὶ</span> <span class='ocrx_word' id='word_1_239' title='bbox 762 2853 859 2906; x_wconf 72' lang='grc' dir='ltr'>ἐπὶ</span> <span class='ocrx_word' id='word_1_240' title='bbox 894 2852 987 2905; x_wconf 74' lang='grc' dir='ltr'>τοῦ</span> <span class='ocrx_word' id='word_1_241' title='bbox 1034 2852 1285 2923; x_wconf 84' lang='grc' dir='ltr'>σώματος</span> <span class='ocrx_word' id='word_1_242' title='bbox 1338 2853 1484 2907; x_wconf 78' lang='grc' dir='ltr'>ἔστιν</span> <span class='ocrx_word' id='word_1_243' title='bbox 1529 2856 1689 2908; x_wconf 68' lang='grc' dir='ltr'>ἰδεῖν*</span> <span class='ocrx_word' id='word_1_244' title='bbox 1746 2856 1952 2910; x_wconf 84' lang='grc' dir='ltr'>πολλῶν</span> 
     </span>
    </p>
   </div>
   <div class='ocr_carea' id='block_1_32' title="bbox 342 2944 1953 3017">
    <p class='ocr_par' dir='ltr' id='par_1_32' title="bbox 342 2944 1953 3017">
     <span class='ocr_line' id='line_1_32' title="bbox 342 2944 1953 3017; baseline 0.001 -18"><span class='ocrx_word' id='word_1_245' title='bbox 342 2947 781 3017; x_wconf 69' lang='grc' dir='ltr'>ἀριθμουμένων</span> <span class='ocrx_word' id='word_1_246' title='bbox 813 2944 1021 3015; x_wconf 87' lang='grc' dir='ltr'>μελῶν,</span> <span class='ocrx_word' id='word_1_247' title='bbox 1055 2944 1123 2998; x_wconf 87' lang='grc' dir='ltr'><strong>τά</strong></span> <span class='ocrx_word' id='word_1_248' title='bbox 1155 2944 1443 3015; x_wconf 75' lang='grc' dir='ltr'>σύμπαντα</span> <span class='ocrx_word' id='word_1_249' title='bbox 1474 2946 1531 2999; x_wconf 84' lang='grc' dir='ltr'>ἓν</span> <span class='ocrx_word' id='word_1_250' title='bbox 1568 2947 1814 3001; x_wconf 83' lang='grc' dir='ltr'>καλεῖται</span> <span class='ocrx_word' id='word_1_251' title='bbox 1858 2949 1953 3001; x_wconf 70' lang='grc' dir='ltr'><strong>καὶ</strong></span> 
     </span>
    </p>
   </div>
   <div class='ocr_carea' id='block_1_33' title="bbox 346 3036 1953 3110">
    <p class='ocr_par' dir='ltr' id='par_1_33' title="bbox 346 3036 1953 3110">
     <span class='ocr_line' id='line_1_33' title="bbox 346 3036 1953 3110; baseline 0.001 -19"><span class='ocrx_word' id='word_1_252' title='bbox 346 3040 464 3093; x_wconf 70' lang='grc' dir='ltr'>εστι</span> <span class='ocrx_word' id='word_1_253' title='bbox 495 3040 684 3110; x_wconf 83' lang='grc' dir='ltr'>σῶμα.</span> <span class='ocrx_word' id='word_1_254' title='bbox 714 3037 828 3090; x_wconf 71' lang='grc' dir='ltr'>Καὶ</span> <span class='ocrx_word' id='word_1_255' title='bbox 857 3036 965 3109; x_wconf 79' lang='grc' dir='ltr'><strong>γὰρ</strong></span> <span class='ocrx_word' id='word_1_256' title='bbox 993 3037 1167 3108; x_wconf 84' lang='grc' dir='ltr'>δῆμος</span> <span class='ocrx_word' id='word_1_257' title='bbox 1205 3037 1298 3091; x_wconf 71' lang='grc' dir='ltr'>καὶ</span> <span class='ocrx_word' id='word_1_258' title='bbox 1336 3038 1618 3110; x_wconf 77' lang='grc' dir='ltr'>ἐκκλησία,</span> <span class='ocrx_word' id='word_1_259' title='bbox 1656 3040 1838 3093; x_wconf 76' lang='grc' dir='ltr'>πολλοὶ</span> <span class='ocrx_word' id='word_1_260' title='bbox 1860 3042 1953 3093; x_wconf 84' lang='grc' dir='ltr'><strong>τὸν</strong></span> 
     </span>
    </p>
   </div>
   <div class='ocr_carea' id='block_1_34' title="bbox 2052 520 3624 603">
    <p class='ocr_par' dir='ltr' id='par_1_34' title="bbox 2052 520 3624 603">
     <span class='ocr_line' id='line_1_34' title="bbox 2052 520 3624 603; baseline -0.018 -1"><span class='ocrx_word' id='word_1_261' title='bbox 2052 548 2331 603; x_wconf 79' lang='lat' dir='ltr'><strong>Christum</strong></span> <span class='ocrx_word' id='word_1_262' title='bbox 2398 539 2689 595; x_wconf 91' lang='lat' dir='ltr'><strong>Dominum</strong></span> <span class='ocrx_word' id='word_1_263' title='bbox 2746 542 2995 588; x_wconf 91' lang='lat' dir='ltr'><strong>nostrum</strong></span> <span class='ocrx_word' id='word_1_264' title='bbox 3057 522 3368 582; x_wconf 79' lang='lat' dir='ltr'><strong>circumcisi</strong></span> <span class='ocrx_word' id='word_1_265' title='bbox 3431 520 3624 575; x_wconf 88' lang='lat' dir='ltr'><strong>simus.</strong></span> 
     </span>
    </p>
   </div>
   <div class='ocr_carea' id='block_1_35' title="bbox 2054 610 3627 691">
    <p class='ocr_par' dir='ltr' id='par_1_35' title="bbox 2054 610 3627 691">
     <span class='ocr_line' id='line_1_35' title="bbox 2054 610 3627 691; baseline -0.017 0"><span class='ocrx_word' id='word_1_266' title='bbox 2054 634 2168 689; x_wconf 89' lang='lat' dir='ltr'><strong>Una</strong></span> <span class='ocrx_word' id='word_1_267' title='bbox 2199 634 2344 689; x_wconf 91' lang='lat' dir='ltr'><strong>enim</strong></span> <span class='ocrx_word' id='word_1_268' title='bbox 2377 630 2751 689; x_wconf 86' lang='lat' dir='ltr'><strong>sabbatorum.</strong></span> <span class='ocrx_word' id='word_1_269' title='bbox 2780 637 2903 678; x_wconf 88' lang='lat' dir='ltr'><strong>cum</strong></span> <span class='ocrx_word' id='word_1_270' title='bbox 2937 619 3111 691; x_wconf 88' lang='lat' dir='ltr'><strong>prima</strong></span> <span class='ocrx_word' id='word_1_271' title='bbox 3141 623 3359 670; x_wconf 89' lang='lat' dir='ltr'><strong>maneat</strong></span> <span class='ocrx_word' id='word_1_272' title='bbox 3382 610 3627 667; x_wconf 87' lang='lat' dir='ltr'><strong>omnium</strong></span> 
     </span>
    </p>
   </div>
   <div class='ocr_carea' id='block_1_36' title="bbox 2051 705 3629 795">
    <p class='ocr_par' dir='ltr' id='par_1_36' title="bbox 2051 705 3629 795">
     <span class='ocr_line' id='line_1_36' title="bbox 2051 705 3629 795; baseline -0.018 -12"><span class='ocrx_word' id='word_1_273' title='bbox 2051 729 2282 795; x_wconf 88' lang='lat' dir='ltr'><strong>dierum,</strong></span> <span class='ocrx_word' id='word_1_274' title='bbox 2315 737 2506 779; x_wconf 87' lang='lat' dir='ltr'><strong>rursus</strong></span> <span class='ocrx_word' id='word_1_275' title='bbox 2548 718 2848 777; x_wconf 90' lang='lat' dir='ltr'><strong>secundum</strong></span> <span class='ocrx_word' id='word_1_276' title='bbox 2900 725 3185 768; x_wconf 81' lang='lat' dir='ltr'><strong>numerum</strong></span> <span class='ocrx_word' id='word_1_277' title='bbox 3234 708 3475 762; x_wconf 92' lang='lat' dir='ltr'><strong>omnium</strong></span> <span class='ocrx_word' id='word_1_278' title='bbox 3512 705 3629 757; x_wconf 86' lang='lat' dir='ltr'><strong>die-</strong></span> 
     </span>
    </p>
   </div>
   <div class='ocr_carea' id='block_1_37' title="bbox 2053 795 3626 875">
    <p class='ocr_par' dir='ltr' id='par_1_37' title="bbox 2053 795 3626 875">
     <span class='ocr_line' id='line_1_37' title="bbox 2053 795 3626 875; baseline -0.017 -1"><span class='ocrx_word' id='word_1_279' title='bbox 2053 837 2170 875; x_wconf 88' lang='lat' dir='ltr'><strong>rum</strong></span> <span class='ocrx_word' id='word_1_280' title='bbox 2200 820 2252 872; x_wconf 94' lang='lat' dir='ltr'><strong>in</strong></span> <span class='ocrx_word' id='word_1_281' title='bbox 2284 820 2470 871; x_wconf 85' lang='lat' dir='ltr'><strong>urbem</strong></span> <span class='ocrx_word' id='word_1_282' title='bbox 2498 810 2832 869; x_wconf 89' lang='lat' dir='ltr'><strong>elabentium</strong></span> <span class='ocrx_word' id='word_1_283' title='bbox 2859 814 3090 862; x_wconf 76' lang='lat' dir='ltr'><strong>vocatur</strong></span> <span class='ocrx_word' id='word_1_284' title='bbox 3118 810 3336 865; x_wconf 88' lang='lat' dir='ltr'><strong>octava,</strong></span> <span class='ocrx_word' id='word_1_285' title='bbox 3366 808 3423 853; x_wconf 92' lang='lat' dir='ltr'><strong>et</strong></span> <span class='ocrx_word' id='word_1_286' title='bbox 3452 795 3626 865; x_wconf 88' lang='lat' dir='ltr'><strong>prima</strong></span> 
     </span>
    </p>
   </div>
   <div class='ocr_carea' id='block_1_38' title="bbox 2050 909 2560 968">
    <p class='ocr_par' dir='ltr' id='par_1_38' title="bbox 2050 909 2560 968">
     <span class='ocr_line' id='line_1_38' title="bbox 2050 909 2560 968; baseline -0.016 0"><span class='ocrx_word' id='word_1_287' title='bbox 2050 927 2171 968; x_wconf 90' lang='lat' dir='ltr'><strong>esse</strong></span> <span class='ocrx_word' id='word_1_288' title='bbox 2203 926 2306 965; x_wconf 91' lang='lat' dir='ltr'><strong>non</strong></span> <span class='ocrx_word' id='word_1_289' title='bbox 2339 909 2560 963; x_wconf 87' lang='lat' dir='ltr'><strong>desinit.</strong></span> 
     </span>
    </p>
   </div>
   <div class='ocr_carea' id='block_1_39' title="bbox 2121 986 3628 1056">
    <p class='ocr_par' dir='ltr' id='par_1_39' title="bbox 2121 986 3628 1056">
     <span class='ocr_line' id='line_1_39' title="bbox 2121 986 3628 1056; baseline -0.016 0"><span class='ocrx_word' id='word_1_290' title='bbox 2121 1003 2208 1056; x_wconf 74' lang='lat'><strong>42.</strong></span> <span class='ocrx_word' id='word_1_291' title='bbox 2250 998 2681 1054; x_wconf 85' lang='lat' dir='ltr'><strong>Tintinnabulum</strong></span> <span class='ocrx_word' id='word_1_292' title='bbox 2715 992 3060 1050; x_wconf 76' lang='lat' dir='ltr'><strong>sacerdotalis</strong></span> <span class='ocrx_word' id='word_1_293' title='bbox 3102 988 3257 1043; x_wconf 78' lang='lat' dir='ltr'><strong>vestis</strong></span> <span class='ocrx_word' id='word_1_294' title='bbox 3289 986 3462 1056; x_wconf 74' lang='lat' dir='ltr'><strong>ﬁgura</strong></span> <span class='ocrx_word' id='word_1_295' title='bbox 3500 998 3628 1050; x_wconf 81' lang='lat' dir='ltr'><strong>apo-</strong></span> 
     </span>
    </p>
   </div>
   <div class='ocr_carea' id='block_1_40' title="bbox 2050 1075 3629 1157">
    <p class='ocr_par' dir='ltr' id='par_1_40' title="bbox 2050 1075 3629 1157">
     <span class='ocr_line' id='line_1_40' title="bbox 2050 1075 3629 1157; baseline -0.015 -8"><span class='ocrx_word' id='word_1_296' title='bbox 2050 1094 2325 1149; x_wconf 76' lang='lat' dir='ltr'><strong>stolorum.</strong></span> <span class='ocrx_word' id='word_1_297' title='bbox 2346 1122 2417 1131; x_wconf 96' lang='lat'><strong><em>—</em></strong></span> <span class='ocrx_word' id='word_1_298' title='bbox 2439 1091 2747 1157; x_wconf 73' lang='lat' dir='ltr'><strong>Quinetiam</strong></span> <span class='ocrx_word' id='word_1_299' title='bbox 2772 1087 2917 1156; x_wconf 91' lang='lat' dir='ltr'><strong>quod</strong></span> <span class='ocrx_word' id='word_1_300' title='bbox 2947 1084 3207 1138; x_wconf 88' lang='lat' dir='ltr'><strong>traditum</strong></span> <span class='ocrx_word' id='word_1_301' title='bbox 3235 1086 3375 1143; x_wconf 71' lang='lat' dir='ltr'><strong>erat;</strong></span> <span class='ocrx_word' id='word_1_302' title='bbox 3408 1085 3467 1127; x_wconf 90' lang='lat' dir='ltr'><strong>ut</strong></span> <span class='ocrx_word' id='word_1_303' title='bbox 3490 1075 3629 1127; x_wconf 76' lang='lat' dir='ltr'><strong>due-</strong></span> 
     </span>
    </p>
   </div>
   <div class='ocr_carea' id='block_1_41' title="bbox 2051 1164 3629 1239">
    <p class='ocr_par' dir='ltr' id='par_1_41' title="bbox 2051 1164 3629 1239">
     <span class='ocr_line' id='line_1_41' title="bbox 2051 1164 3629 1239; baseline -0.013 -2"><span class='ocrx_word' id='word_1_304' title='bbox 2051 1186 2224 1239; x_wconf 86' lang='lat' dir='ltr'><strong>decim</strong></span> <span class='ocrx_word' id='word_1_305' title='bbox 2255 1181 2617 1237; x_wconf 86' lang='lat' dir='ltr'><strong>tintinnabula</strong></span> <span class='ocrx_word' id='word_1_306' title='bbox 2644 1194 2711 1234; x_wconf 83' lang='lat' dir='ltr'><strong>ex</strong></span> <span class='ocrx_word' id='word_1_307' title='bbox 2734 1177 2890 1232; x_wconf 87' lang='lat' dir='ltr'><strong>talari</strong></span> <span class='ocrx_word' id='word_1_308' title='bbox 2917 1182 3067 1230; x_wconf 90' lang='lat' dir='ltr'><strong>veste</strong></span> <span class='ocrx_word' id='word_1_309' title='bbox 3096 1169 3297 1228; x_wconf 90' lang='lat' dir='ltr'><strong>summi</strong></span> <span class='ocrx_word' id='word_1_310' title='bbox 3328 1164 3629 1222; x_wconf 82' lang='lat' dir='ltr'><strong>sacerdotis</strong></span> 
     </span>
    </p>
   </div>
   <div class='ocr_carea' id='block_1_42' title="bbox 2052 1258 3631 1347">
    <p class='ocr_par' dir='ltr' id='par_1_42' title="bbox 2052 1258 3631 1347">
     <span class='ocr_line' id='line_1_42' title="bbox 2052 1258 3631 1347; baseline -0.013 -16"><span class='ocrx_word' id='word_1_311' title='bbox 2052 1277 2515 1347; x_wconf 87' lang='lat' dir='ltr'><strong>appenderentur,</strong></span> <span class='ocrx_word' id='word_1_312' title='bbox 2562 1271 2850 1328; x_wconf 85' lang='lat' dir='ltr'><strong>duodecim</strong></span> <span class='ocrx_word' id='word_1_313' title='bbox 2898 1265 3271 1338; x_wconf 86' lang='lat' dir='ltr'><strong>apostolorum</strong></span> <span class='ocrx_word' id='word_1_314' title='bbox 3311 1275 3380 1314; x_wconf 79' lang='lat' dir='ltr'><strong>ex</strong></span> <span class='ocrx_word' id='word_1_315' title='bbox 3426 1258 3631 1311; x_wconf 88' lang='lat' dir='ltr'><strong>virtute</strong></span> 
     </span>
    </p>
   </div>
   <div class='ocr_carea' id='block_1_43' title="bbox 2051 1360 3630 1433">
    <p class='ocr_par' dir='ltr' id='par_1_43' title="bbox 2051 1360 3630 1433">
     <span class='ocr_line' id='line_1_43' title="bbox 2051 1360 3630 1433; baseline -0.011 -12"><span class='ocrx_word' id='word_1_316' title='bbox 2051 1367 2238 1421; x_wconf 64' lang='lat' dir='ltr'><strong>aeterni</strong></span> <span class='ocrx_word' id='word_1_317' title='bbox 2270 1365 2572 1421; x_wconf 90' lang='lat' dir='ltr'><strong>sacerdotis</strong></span> <span class='ocrx_word' id='word_1_318' title='bbox 2608 1363 2812 1418; x_wconf 86' lang='lat' dir='ltr'><strong>Christi</strong></span> <span class='ocrx_word' id='word_1_319' title='bbox 2842 1360 3223 1433; x_wconf 86' lang='lat' dir='ltr'><strong>pendentium,</strong></span> <span class='ocrx_word' id='word_1_320' title='bbox 3263 1370 3493 1427; x_wconf 89' lang='lat' dir='ltr'><strong>quorum</strong></span> <span class='ocrx_word' id='word_1_321' title='bbox 3524 1366 3630 1409; x_wconf 75' lang='lat' dir='ltr'><strong>vox</strong></span> 
     </span>
    </p>
   </div>
   <div class='ocr_carea' id='block_1_44' title="bbox 2053 1447 3627 1524">
    <p class='ocr_par' dir='ltr' id='par_1_44' title="bbox 2053 1447 3627 1524">
     <span class='ocr_line' id='line_1_44' title="bbox 2053 1447 3627 1524; baseline -0.01 -9"><span class='ocrx_word' id='word_1_322' title='bbox 2053 1462 2363 1515; x_wconf 90' lang='lat' dir='ltr'><strong>universam</strong></span> <span class='ocrx_word' id='word_1_323' title='bbox 2400 1467 2599 1512; x_wconf 87' lang='lat' dir='ltr'><strong>terram</strong></span> <span class='ocrx_word' id='word_1_324' title='bbox 2644 1455 2819 1524; x_wconf 83' lang='lat' dir='ltr'><strong>gloria</strong></span> <span class='ocrx_word' id='word_1_325' title='bbox 2852 1462 2907 1509; x_wconf 89' lang='lat' dir='ltr'><strong>et</strong></span> <span class='ocrx_word' id='word_1_326' title='bbox 2951 1451 3125 1523; x_wconf 82' lang='lat' dir='ltr'><strong>gratia</strong></span> <span class='ocrx_word' id='word_1_327' title='bbox 3180 1451 3272 1505; x_wconf 91' lang='lat' dir='ltr'><strong>Dei</strong></span> <span class='ocrx_word' id='word_1_328' title='bbox 3320 1457 3376 1502; x_wconf 90' lang='lat' dir='ltr'><strong>et</strong></span> <span class='ocrx_word' id='word_1_329' title='bbox 3424 1447 3627 1503; x_wconf 78' lang='lat' dir='ltr'><strong>Christi</strong></span> 
     </span>
    </p>
   </div>
   <div class='ocr_carea' id='block_1_45' title="bbox 2000 1540 3629 1624">
    <p class='ocr_par' dir='ltr' id='par_1_45' title="bbox 2000 1540 3629 1624">
     <span class='ocr_line' id='line_1_45' title="bbox 2000 1540 3629 1624; baseline -0.011 -14"><span class='ocrx_word' id='word_1_330' title='bbox 2000 1562 2003 1565; x_wconf 86' lang='grc'><em>’</em></span> <span class='ocrx_word' id='word_1_331' title='bbox 2051 1553 2170 1624; x_wconf 76' lang='lat' dir='ltr'><strong>eius</strong></span> <span class='ocrx_word' id='word_1_332' title='bbox 2214 1551 2476 1621; x_wconf 87' lang='lat' dir='ltr'><strong>replevit,</strong></span> <span class='ocrx_word' id='word_1_333' title='bbox 2517 1548 2850 1620; x_wconf 85' lang='lat' dir='ltr'><strong>signiﬁcatio</strong></span> <span class='ocrx_word' id='word_1_334' title='bbox 2895 1546 3017 1600; x_wconf 79' lang='lat' dir='ltr'><strong>l&#39;uit.</strong></span> <span class='ocrx_word' id='word_1_335' title='bbox 3063 1543 3411 1613; x_wconf 87' lang='lat' dir='ltr'><strong>Quapropter</strong></span> <span class='ocrx_word' id='word_1_336' title='bbox 3460 1540 3629 1594; x_wconf 88' lang='lat' dir='ltr'><strong>David</strong></span> 
     </span>
    </p>
   </div>
   <div class='ocr_carea' id='block_1_46' title="bbox 2052 1633 3629 1712">
    <p class='ocr_par' dir='ltr' id='par_1_46' title="bbox 2052 1633 3629 1712">
     <span class='ocr_line' id='line_1_46' title="bbox 2052 1633 3629 1712; baseline -0.008 -14"><span class='ocrx_word' id='word_1_337' title='bbox 2052 1645 2126 1698; x_wconf 90' lang='lat' dir='ltr'><strong>ita</strong></span> <span class='ocrx_word' id='word_1_338' title='bbox 2152 1643 2395 1712; x_wconf 87' lang='lat' dir='ltr'><strong>loquitur</strong></span> <span class='ocrx_word' id='word_1_339' title='bbox 2429 1658 2442 1694; x_wconf 90' lang='lat'><strong>:</strong></span> <span class='ocrx_word' id='word_1_340' title='bbox 2484 1658 2503 1692; x_wconf 76' lang='grc' dir='ltr'><strong>ι</strong></span> <span class='ocrx_word' id='word_1_341' title='bbox 2540 1642 2595 1695; x_wconf 92' lang='lat' dir='ltr'><strong>lu</strong></span> <span class='ocrx_word' id='word_1_342' title='bbox 2633 1654 2851 1693; x_wconf 92' lang='lat' dir='ltr'><strong>omnem</strong></span> <span class='ocrx_word' id='word_1_343' title='bbox 2887 1646 3091 1691; x_wconf 90' lang='lat' dir='ltr'><strong>terram</strong></span> <span class='ocrx_word' id='word_1_344' title='bbox 3121 1633 3289 1688; x_wconf 83' lang='lat' dir='ltr'><strong>exivit</strong></span> <span class='ocrx_word' id='word_1_345' title='bbox 3334 1648 3501 1687; x_wconf 91' lang='lat' dir='ltr'><strong>sonus</strong></span> <span class='ocrx_word' id='word_1_346' title='bbox 3532 1644 3629 1685; x_wconf 91' lang='lat' dir='ltr'><strong>eo-</strong></span> 
     </span>
    </p>
   </div>
   <div class='ocr_carea' id='block_1_47' title="bbox 2055 1723 3631 1800">
    <p class='ocr_par' dir='ltr' id='par_1_47' title="bbox 2055 1723 3631 1800">
     <span class='ocr_line' id='line_1_47' title="bbox 2055 1723 3631 1800; baseline -0.006 -13"><span class='ocrx_word' id='word_1_347' title='bbox 2055 1749 2197 1800; x_wconf 90' lang='lat' dir='ltr'><strong>rum,</strong></span> <span class='ocrx_word' id='word_1_348' title='bbox 2237 1744 2292 1788; x_wconf 89' lang='lat' dir='ltr'><strong>et</strong></span> <span class='ocrx_word' id='word_1_349' title='bbox 2330 1733 2385 1788; x_wconf 90' lang='lat' dir='ltr'><strong>in</strong></span> <span class='ocrx_word' id='word_1_350' title='bbox 2426 1732 2561 1787; x_wconf 85' lang='lat' dir='ltr'><strong>ﬁnes</strong></span> <span class='ocrx_word' id='word_1_351' title='bbox 2596 1731 2749 1786; x_wconf 88' lang='lat' dir='ltr'><strong>orbis</strong></span> <span class='ocrx_word' id='word_1_352' title='bbox 2780 1740 2939 1785; x_wconf 78' lang='lat' dir='ltr'><strong>terrae</strong></span> <span class='ocrx_word' id='word_1_353' title='bbox 2974 1728 3142 1782; x_wconf 86' lang='lat' dir='ltr'><strong>verba</strong></span> <span class='ocrx_word' id='word_1_354' title='bbox 3183 1742 3373 1781; x_wconf 89' lang='lat' dir='ltr'><strong>eorum</strong></span> <span class='ocrx_word' id='word_1_355' title='bbox 3404 1725 3470 1778; x_wconf 76' lang='grc'><strong>’⁸.</strong></span> <span class='ocrx_word' id='word_1_356' title='bbox 3512 1743 3530 1776; x_wconf 81' lang='grc' dir='ltr'><strong>ι</strong></span> <span class='ocrx_word' id='word_1_357' title='bbox 3566 1723 3631 1777; x_wconf 85' lang='lat' dir='ltr'><strong>Et</strong></span> 
     </span>
    </p>
   </div>
   <div class='ocr_carea' id='block_1_48' title="bbox 1984 1809 3631 1893">
    <p class='ocr_par' dir='ltr' id='par_1_48' title="bbox 1984 1809 3631 1893">
     <span class='ocr_line' id='line_1_48' title="bbox 1984 1809 3631 1893; baseline -0.01 -9"><span class='ocrx_word' id='word_1_358' title='bbox 1984 1809 2022 1862; x_wconf 80' lang='grc' dir='ltr'><strong><em>Β</em></strong></span> <span class='ocrx_word' id='word_1_359' title='bbox 2053 1829 2220 1883; x_wconf 83' lang='lat' dir='ltr'><strong>Isaias</strong></span> <span class='ocrx_word' id='word_1_360' title='bbox 2251 1827 2397 1881; x_wconf 87' lang='lat' dir='ltr'><strong>velut</strong></span> <span class='ocrx_word' id='word_1_361' title='bbox 2427 1840 2493 1880; x_wconf 82' lang='lat' dir='ltr'><strong>ex</strong></span> <span class='ocrx_word' id='word_1_362' title='bbox 2530 1838 2759 1893; x_wconf 88' lang='lat' dir='ltr'><strong>persona</strong></span> <span class='ocrx_word' id='word_1_363' title='bbox 2793 1822 3165 1892; x_wconf 87' lang='lat' dir='ltr'><strong>apostolorum</strong></span> <span class='ocrx_word' id='word_1_364' title='bbox 3196 1820 3419 1875; x_wconf 83' lang='lat' dir='ltr'><strong>Christo</strong></span> <span class='ocrx_word' id='word_1_365' title='bbox 3445 1817 3631 1872; x_wconf 84' lang='lat' dir='ltr'><strong>dicen-</strong></span> 
     </span>
    </p>
   </div>
   <div class='ocr_carea' id='block_1_49' title="bbox 2054 1910 3630 1988">
    <p class='ocr_par' dir='ltr' id='par_1_49' title="bbox 2054 1910 3630 1988">
     <span class='ocr_line' id='line_1_49' title="bbox 2054 1910 3630 1988; baseline -0.01 -11"><span class='ocrx_word' id='word_1_366' title='bbox 2054 1924 2187 1976; x_wconf 90' lang='lat' dir='ltr'><strong>tium</strong></span> <span class='ocrx_word' id='word_1_367' title='bbox 2232 1936 2339 1977; x_wconf 92' lang='lat' dir='ltr'><strong>non</strong></span> <span class='ocrx_word' id='word_1_368' title='bbox 2377 1936 2488 1975; x_wconf 70' lang='lat' dir='ltr'><strong>sua:</strong></span> <span class='ocrx_word' id='word_1_369' title='bbox 2533 1920 2777 1988; x_wconf 92' lang='lat' dir='ltr'><strong>ipsorum</strong></span> <span class='ocrx_word' id='word_1_370' title='bbox 2818 1915 3216 1987; x_wconf 62' lang='lat' dir='ltr'><strong>pra‘dicationi,</strong></span> <span class='ocrx_word' id='word_1_371' title='bbox 3247 1913 3340 1967; x_wconf 91' lang='lat' dir='ltr'><strong>sed</strong></span> <span class='ocrx_word' id='word_1_372' title='bbox 3392 1910 3560 1974; x_wconf 90' lang='lat' dir='ltr'><strong>illius,</strong></span> <span class='ocrx_word' id='word_1_373' title='bbox 3597 1924 3630 1963; x_wconf 88' lang='lat' dir='ltr'><strong>a</strong></span> 
     </span>
    </p>
   </div>
   <div class='ocr_carea' id='block_1_50' title="bbox 2053 2004 3627 2083">
    <p class='ocr_par' dir='ltr' id='par_1_50' title="bbox 2053 2004 3627 2083">
     <span class='ocr_line' id='line_1_50' title="bbox 2053 2004 3627 2083; baseline -0.008 -13"><span class='ocrx_word' id='word_1_374' title='bbox 2053 2032 2161 2083; x_wconf 91' lang='lat' dir='ltr'><strong>quo</strong></span> <span class='ocrx_word' id='word_1_375' title='bbox 2186 2015 2336 2070; x_wconf 90' lang='lat' dir='ltr'><strong>missi</strong></span> <span class='ocrx_word' id='word_1_376' title='bbox 2363 2022 2511 2076; x_wconf 85' lang='lat' dir='ltr'><strong>sunt,</strong></span> <span class='ocrx_word' id='word_1_377' title='bbox 2535 2012 2786 2082; x_wconf 87' lang='lat' dir='ltr'><strong>potestati</strong></span> <span class='ocrx_word' id='word_1_378' title='bbox 2814 2010 2971 2064; x_wconf 85' lang='lat' dir='ltr'><strong>tidem</strong></span> <span class='ocrx_word' id='word_1_379' title='bbox 2999 2007 3205 2074; x_wconf 90' lang='lat' dir='ltr'><strong>haberi,</strong></span> <span class='ocrx_word' id='word_1_380' title='bbox 3235 2007 3312 2060; x_wconf 91' lang='lat' dir='ltr'><strong>sic</strong></span> <span class='ocrx_word' id='word_1_381' title='bbox 3340 2004 3579 2071; x_wconf 90' lang='lat' dir='ltr'><strong>loquitur</strong></span> <span class='ocrx_word' id='word_1_382' title='bbox 3611 2020 3627 2057; x_wconf 90' lang='lat'><strong>:</strong></span> 
     </span>
    </p>
   </div>
   <div class='ocr_carea' id='block_1_51' title="bbox 2058 2095 3627 2174">
    <p class='ocr_par' dir='ltr' id='par_1_51' title="bbox 2058 2095 3627 2174">
     <span class='ocr_line' id='line_1_51' title="bbox 2058 2095 3627 2174; baseline -0.008 -15"><span class='ocrx_word' id='word_1_383' title='bbox 2058 2127 2077 2159; x_wconf 73' lang='grc' dir='ltr'><strong>ι</strong></span> <span class='ocrx_word' id='word_1_384' title='bbox 2114 2106 2358 2173; x_wconf 91' lang='lat' dir='ltr'><strong>Domine,</strong></span> <span class='ocrx_word' id='word_1_385' title='bbox 2387 2105 2511 2174; x_wconf 89' lang='lat' dir='ltr'><strong>quis</strong></span> <span class='ocrx_word' id='word_1_386' title='bbox 2534 2104 2762 2158; x_wconf 87' lang='lat' dir='ltr'><strong>credidit</strong></span> <span class='ocrx_word' id='word_1_387' title='bbox 2792 2101 3001 2155; x_wconf 86' lang='lat' dir='ltr'><strong>auditui</strong></span> <span class='ocrx_word' id='word_1_388' title='bbox 3026 2109 3232 2163; x_wconf 92' lang='lat' dir='ltr'><strong>nostro,</strong></span> <span class='ocrx_word' id='word_1_389' title='bbox 3264 2107 3320 2150; x_wconf 86' lang='lat' dir='ltr'><strong>et</strong></span> <span class='ocrx_word' id='word_1_390' title='bbox 3344 2095 3627 2151; x_wconf 85' lang='lat' dir='ltr'><strong>brachium</strong></span> 
     </span>
    </p>
   </div>
   <div class='ocr_carea' id='block_1_52' title="bbox 2056 2190 3628 2253">
    <p class='ocr_par' dir='ltr' id='par_1_52' title="bbox 2056 2190 3628 2253">
     <span class='ocr_line' id='line_1_52' title="bbox 2056 2190 3628 2253; baseline -0.008 0"><span class='ocrx_word' id='word_1_391' title='bbox 2056 2198 2267 2253; x_wconf 88' lang='lat' dir='ltr'><strong>Domini</strong></span> <span class='ocrx_word' id='word_1_392' title='bbox 2294 2197 2383 2251; x_wconf 88' lang='lat' dir='ltr'><strong>cui</strong></span> <span class='ocrx_word' id='word_1_393' title='bbox 2416 2195 2711 2250; x_wconf 86' lang='lat' dir='ltr'><strong>revelatum</strong></span> <span class='ocrx_word' id='word_1_394' title='bbox 2761 2192 2892 2249; x_wconf 85' lang='lat' dir='ltr'><strong>est?</strong></span> <span class='ocrx_word' id='word_1_395' title='bbox 2939 2190 3400 2247; x_wconf 84' lang='lat' dir='ltr'><strong>Annnntiavimus</strong></span> <span class='ocrx_word' id='word_1_396' title='bbox 3442 2202 3628 2243; x_wconf 88' lang='lat' dir='ltr'><strong>coram</strong></span> 
     </span>
    </p>
   </div>
   <div class='ocr_carea' id='block_1_53' title="bbox 2051 2281 3624 2358">
    <p class='ocr_par' dir='ltr' id='par_1_53' title="bbox 2051 2281 3624 2358">
     <span class='ocr_line' id='line_1_53' title="bbox 2051 2281 3624 2358; baseline -0.006 -17"><span class='ocrx_word' id='word_1_397' title='bbox 2051 2303 2116 2341; x_wconf 90' lang='lat' dir='ltr'><strong>eo</strong></span> <span class='ocrx_word' id='word_1_398' title='bbox 2144 2298 2398 2358; x_wconf 86' lang='lat' dir='ltr'><strong>tanquam</strong></span> <span class='ocrx_word' id='word_1_399' title='bbox 2420 2288 2651 2357; x_wconf 90' lang='lat' dir='ltr'><strong>puellus,</strong></span> <span class='ocrx_word' id='word_1_400' title='bbox 2677 2286 2822 2340; x_wconf 89' lang='lat' dir='ltr'><strong>sicut</strong></span> <span class='ocrx_word' id='word_1_401' title='bbox 2847 2284 3000 2339; x_wconf 86' lang='lat' dir='ltr'><strong>radix</strong></span> <span class='ocrx_word' id='word_1_402' title='bbox 3028 2283 3080 2337; x_wconf 93' lang='lat' dir='ltr'><strong>in</strong></span> <span class='ocrx_word' id='word_1_403' title='bbox 3106 2292 3250 2336; x_wconf 90' lang='lat' dir='ltr'><strong>terra</strong></span> <span class='ocrx_word' id='word_1_404' title='bbox 3279 2281 3485 2335; x_wconf 91' lang='lat' dir='ltr'><strong>sitienti</strong></span> <span class='ocrx_word' id='word_1_405' title='bbox 3514 2281 3583 2342; x_wconf 78' lang='grc'><strong>³⁷,</strong></span> <span class='ocrx_word' id='word_1_406' title='bbox 3606 2299 3624 2331; x_wconf 79' lang='grc' dir='ltr'><strong>ι</strong></span> 
     </span>
    </p>
   </div>
   <div class='ocr_carea' id='block_1_54' title="bbox 2052 2373 3628 2450">
    <p class='ocr_par' dir='ltr' id='par_1_54' title="bbox 2052 2373 3628 2450">
     <span class='ocr_line' id='line_1_54' title="bbox 2052 2373 3628 2450; baseline -0.006 -14"><span class='ocrx_word' id='word_1_407' title='bbox 2052 2392 2105 2436; x_wconf 90' lang='lat' dir='ltr'><strong>et</strong></span> <span class='ocrx_word' id='word_1_408' title='bbox 2154 2394 2276 2450; x_wconf 61' lang='lat' dir='ltr'><strong>quas</strong></span> <span class='ocrx_word' id='word_1_409' title='bbox 2321 2388 2628 2450; x_wconf 88' lang='lat' dir='ltr'><strong>sequuntur</strong></span> <span class='ocrx_word' id='word_1_410' title='bbox 2662 2378 2773 2448; x_wconf 87' lang='lat' dir='ltr'><strong>jam</strong></span> <span class='ocrx_word' id='word_1_411' title='bbox 2824 2391 2895 2431; x_wconf 82' lang='lat' dir='ltr'><strong>ex</strong></span> <span class='ocrx_word' id='word_1_412' title='bbox 2948 2375 3138 2430; x_wconf 88' lang='lat' dir='ltr'><strong>eadem</strong></span> <span class='ocrx_word' id='word_1_413' title='bbox 3187 2373 3476 2444; x_wconf 88' lang='lat' dir='ltr'><strong>prophetia</strong></span> <span class='ocrx_word' id='word_1_414' title='bbox 3531 2373 3628 2427; x_wconf 81' lang='lat' dir='ltr'><strong>de-</strong></span> 
     </span>
    </p>
   </div>
   <div class='ocr_carea' id='block_1_55' title="bbox 2055 2466 3632 2542">
    <p class='ocr_par' dir='ltr' id='par_1_55' title="bbox 2055 2466 3632 2542">
     <span class='ocr_line' id='line_1_55' title="bbox 2055 2466 3632 2542; baseline -0.004 -17"><span class='ocrx_word' id='word_1_415' title='bbox 2055 2482 2305 2542; x_wconf 86' lang='lat' dir='ltr'><strong>prompta</strong></span> <span class='ocrx_word' id='word_1_416' title='bbox 2336 2473 2402 2530; x_wconf 76' lang='lat'><strong>&quot;.</strong></span> <span class='ocrx_word' id='word_1_417' title='bbox 2430 2472 2584 2537; x_wconf 82' lang='lat' dir='ltr'><strong>Quod</strong></span> <span class='ocrx_word' id='word_1_418' title='bbox 2612 2481 2795 2524; x_wconf 87' lang='lat' dir='ltr'><strong>autem</strong></span> <span class='ocrx_word' id='word_1_419' title='bbox 2829 2469 2906 2522; x_wconf 87' lang='lat' dir='ltr'><strong>ait</strong></span> <span class='ocrx_word' id='word_1_420' title='bbox 2936 2466 3218 2537; x_wconf 86' lang='lat' dir='ltr'><strong>Scriptura</strong></span> <span class='ocrx_word' id='word_1_421' title='bbox 3246 2466 3392 2520; x_wconf 86' lang='lat' dir='ltr'><strong>velut</strong></span> <span class='ocrx_word' id='word_1_422' title='bbox 3413 2479 3476 2519; x_wconf 75' lang='lat' dir='ltr'><strong>ex</strong></span> <span class='ocrx_word' id='word_1_423' title='bbox 3508 2480 3632 2533; x_wconf 82' lang='lat' dir='ltr'><strong>per-</strong></span> 
     </span>
    </p>
   </div>
   <div class='ocr_carea' id='block_1_56' title="bbox 2054 2559 3633 2620">
    <p class='ocr_par' dir='ltr' id='par_1_56' title="bbox 2054 2559 3633 2620">
     <span class='ocr_line' id='line_1_56' title="bbox 2054 2559 3633 2620; baseline -0.007 -2"><span class='ocrx_word' id='word_1_424' title='bbox 2054 2580 2190 2619; x_wconf 83' lang='lat' dir='ltr'><strong>sona</strong></span> <span class='ocrx_word' id='word_1_425' title='bbox 2233 2562 2568 2618; x_wconf 89' lang='lat' dir='ltr'><strong>multorum:</strong></span> <span class='ocrx_word' id='word_1_426' title='bbox 2609 2579 2627 2613; x_wconf 78' lang='grc' dir='ltr'><strong>ι</strong></span> <span class='ocrx_word' id='word_1_427' title='bbox 2664 2559 3125 2615; x_wconf 88' lang='lat' dir='ltr'><strong>Annuntiavimus</strong></span> <span class='ocrx_word' id='word_1_428' title='bbox 3164 2574 3348 2614; x_wconf 88' lang='lat' dir='ltr'><strong>coram</strong></span> <span class='ocrx_word' id='word_1_429' title='bbox 3380 2572 3466 2620; x_wconf 90' lang='lat' dir='ltr'><strong>eo,</strong></span> <span class='ocrx_word' id='word_1_430' title='bbox 3513 2576 3532 2609; x_wconf 77' lang='grc' dir='ltr'><strong>ι</strong></span> <span class='ocrx_word' id='word_1_431' title='bbox 3579 2564 3633 2609; x_wconf 71' lang='lat' dir='ltr'><strong>et</strong></span> 
     </span>
    </p>
   </div>
   <div class='ocr_carea' id='block_1_57' title="bbox 2055 2650 3631 2725">
    <p class='ocr_par' dir='ltr' id='par_1_57' title="bbox 2055 2650 3631 2725">
     <span class='ocr_line' id='line_1_57' title="bbox 2055 2650 3631 2725; baseline -0.004 -15"><span class='ocrx_word' id='word_1_432' title='bbox 2055 2656 2250 2723; x_wconf 83' lang='lat' dir='ltr'><strong>addit,</strong></span> <span class='ocrx_word' id='word_1_433' title='bbox 2315 2674 2334 2708; x_wconf 81' lang='grc' dir='ltr'><strong>ι</strong></span> <span class='ocrx_word' id='word_1_434' title='bbox 2371 2663 2627 2724; x_wconf 84' lang='lat' dir='ltr'><strong>tanquam</strong></span> <span class='ocrx_word' id='word_1_435' title='bbox 2677 2655 2919 2725; x_wconf 88' lang='lat' dir='ltr'><strong>puellus;</strong></span> <span class='ocrx_word' id='word_1_436' title='bbox 2973 2672 2992 2706; x_wconf 86' lang='grc' dir='ltr'><strong>ι</strong></span> <span class='ocrx_word' id='word_1_437' title='bbox 3053 2652 3325 2723; x_wconf 89' lang='lat' dir='ltr'><strong>signiﬁcat</strong></span> <span class='ocrx_word' id='word_1_438' title='bbox 3370 2651 3422 2705; x_wconf 94' lang='lat' dir='ltr'><strong>id</strong></span> <span class='ocrx_word' id='word_1_439' title='bbox 3486 2650 3631 2719; x_wconf 78' lang='lat' dir='ltr'><strong>quod</strong></span> 
     </span>
    </p>
   </div>
   <div class='ocr_carea' id='block_1_58' title="bbox 2054 2743 3630 2818">
    <p class='ocr_par' dir='ltr' id='par_1_58' title="bbox 2054 2743 3630 2818">
     <span class='ocr_line' id='line_1_58' title="bbox 2054 2743 3630 2818; baseline -0.004 -16"><span class='ocrx_word' id='word_1_440' title='bbox 2054 2747 2253 2811; x_wconf 72' lang='lat' dir='ltr'><strong>evenit,</strong></span> <span class='ocrx_word' id='word_1_441' title='bbox 2274 2756 2331 2801; x_wconf 89' lang='lat' dir='ltr'><strong>ut</strong></span> <span class='ocrx_word' id='word_1_442' title='bbox 2351 2750 2499 2818; x_wconf 87' lang='lat' dir='ltr'><strong>pravi</strong></span> <span class='ocrx_word' id='word_1_443' title='bbox 2524 2748 2773 2802; x_wconf 90' lang='lat' dir='ltr'><strong>homines</strong></span> <span class='ocrx_word' id='word_1_444' title='bbox 2799 2746 3056 2801; x_wconf 91' lang='lat' dir='ltr'><strong>submissi</strong></span> <span class='ocrx_word' id='word_1_445' title='bbox 3089 2748 3139 2799; x_wconf 92' lang='lat' dir='ltr'><strong>ei</strong></span> <span class='ocrx_word' id='word_1_446' title='bbox 3164 2761 3230 2800; x_wconf 90' lang='lat' dir='ltr'><strong>ac</strong></span> <span class='ocrx_word' id='word_1_447' title='bbox 3248 2744 3452 2799; x_wconf 89' lang='lat' dir='ltr'><strong>dociles</strong></span> <span class='ocrx_word' id='word_1_448' title='bbox 3475 2743 3630 2807; x_wconf 84' lang='lat' dir='ltr'><strong>facti,</strong></span> 
     </span>
    </p>
   </div>
   <div class='ocr_carea' id='block_1_59' title="bbox 2057 2837 3632 2910">
    <p class='ocr_par' dir='ltr' id='par_1_59' title="bbox 2057 2837 3632 2910">
     <span class='ocr_line' id='line_1_59' title="bbox 2057 2837 3632 2910; baseline 0 -19"><span class='ocrx_word' id='word_1_449' title='bbox 2057 2839 2224 2908; x_wconf 89' lang='lat' dir='ltr'><strong>ipsius</strong></span> <span class='ocrx_word' id='word_1_450' title='bbox 2263 2838 2432 2910; x_wconf 86' lang='lat' dir='ltr'><strong>jussis</strong></span> <span class='ocrx_word' id='word_1_451' title='bbox 2480 2841 2877 2905; x_wconf 86' lang='lat' dir='ltr'><strong>ministrarent,</strong></span> <span class='ocrx_word' id='word_1_452' title='bbox 2913 2856 2977 2896; x_wconf 91' lang='lat' dir='ltr'><strong>ac</strong></span> <span class='ocrx_word' id='word_1_453' title='bbox 3020 2854 3212 2895; x_wconf 88' lang='lat' dir='ltr'><strong>omnes</strong></span> <span class='ocrx_word' id='word_1_454' title='bbox 3262 2839 3435 2893; x_wconf 89' lang='lat' dir='ltr'><strong>instar</strong></span> <span class='ocrx_word' id='word_1_455' title='bbox 3472 2837 3632 2891; x_wconf 88' lang='lat' dir='ltr'><strong>unius</strong></span> 
     </span>
    </p>
   </div>
   <div class='ocr_carea' id='block_1_60' title="bbox 2056 2928 3633 3002">
    <p class='ocr_par' dir='ltr' id='par_1_60' title="bbox 2056 2928 3633 3002">
     <span class='ocr_line' id='line_1_60' title="bbox 2056 2928 3633 3002; baseline -0.001 -20"><span class='ocrx_word' id='word_1_456' title='bbox 2056 2928 2220 2999; x_wconf 90' lang='lat' dir='ltr'><strong>puelli</strong></span> <span class='ocrx_word' id='word_1_457' title='bbox 2267 2932 2481 2985; x_wconf 90' lang='lat' dir='ltr'><strong>ﬁerent.</strong></span> <span class='ocrx_word' id='word_1_458' title='bbox 2514 2930 2685 2997; x_wconf 82' lang='lat' dir='ltr'><strong>Quale</strong></span> <span class='ocrx_word' id='word_1_459' title='bbox 2716 2944 2798 2986; x_wconf 90' lang='lat' dir='ltr'><strong>est</strong></span> <span class='ocrx_word' id='word_1_460' title='bbox 2834 2932 2999 2986; x_wconf 88' lang='lat' dir='ltr'><strong>etiam</strong></span> <span class='ocrx_word' id='word_1_461' title='bbox 3028 2933 3171 3002; x_wconf 90' lang='lat' dir='ltr'><strong>quod</strong></span> <span class='ocrx_word' id='word_1_462' title='bbox 3206 2931 3257 2984; x_wconf 93' lang='lat' dir='ltr'><strong>in</strong></span> <span class='ocrx_word' id='word_1_463' title='bbox 3288 2944 3520 2999; x_wconf 88' lang='lat' dir='ltr'><strong>corpore</strong></span> <span class='ocrx_word' id='word_1_464' title='bbox 3552 2929 3633 2981; x_wconf 89' lang='lat' dir='ltr'><strong>vi-</strong></span> 
     </span>
    </p>
   </div>
   <div class='ocr_carea' id='block_1_61' title="bbox 2056 3021 3630 3088">
    <p class='ocr_par' dir='ltr' id='par_1_61' title="bbox 2056 3021 3630 3088">
     <span class='ocr_line' id='line_1_61' title="bbox 2056 3021 3630 3088; baseline -0.001 -13"><span class='ocrx_word' id='word_1_465' title='bbox 2056 3022 2183 3076; x_wconf 80' lang='lat' dir='ltr'><strong>dere</strong></span> <span class='ocrx_word' id='word_1_466' title='bbox 2210 3021 2370 3088; x_wconf 87' lang='lat' dir='ltr'><strong>licet;</strong></span> <span class='ocrx_word' id='word_1_467' title='bbox 2399 3039 2519 3078; x_wconf 91' lang='lat' dir='ltr'><strong>cum</strong></span> <span class='ocrx_word' id='word_1_468' title='bbox 2561 3023 2728 3078; x_wconf 89' lang='lat' dir='ltr'><strong>multa</strong></span> <span class='ocrx_word' id='word_1_469' title='bbox 2762 3026 3009 3078; x_wconf 89' lang='lat' dir='ltr'><strong>membra</strong></span> <span class='ocrx_word' id='word_1_470' title='bbox 3040 3032 3415 3086; x_wconf 87' lang='lat' dir='ltr'><strong>numerentur,</strong></span> <span class='ocrx_word' id='word_1_471' title='bbox 3447 3024 3630 3076; x_wconf 85' lang='lat' dir='ltr'><strong>omnia</strong></span> 
     </span>
    </p>
   </div>
   <div class='ocr_carea' id='block_1_62' title="bbox 345 3114 1950 3216">
    <p class='ocr_par' dir='ltr' id='par_1_62' title="bbox 345 3127 1948 3202">
     <span class='ocr_line' id='line_1_62' title="bbox 345 3127 1948 3202; baseline 0.001 -21"><span class='ocrx_word' id='word_1_472' title='bbox 345 3131 587 3202; x_wconf 74' lang='grc' dir='ltr'>ἀριθμὸν</span> <span class='ocrx_word' id='word_1_473' title='bbox 624 3131 785 3191; x_wconf 61' lang='grc' dir='ltr'>ὄντες</span> <span class='ocrx_word' id='word_1_474' title='bbox 814 3127 1127 3199; x_wconf 81' lang='grc' dir='ltr'>ἄνθρωποι,</span> <span class='ocrx_word' id='word_1_475' title='bbox 1165 3128 1240 3191; x_wconf 86' lang='grc' dir='ltr'>ὼς</span> <span class='ocrx_word' id='word_1_476' title='bbox 1282 3128 1341 3181; x_wconf 82' lang='grc' dir='ltr'>ἓν</span> <span class='ocrx_word' id='word_1_477' title='bbox 1388 3129 1538 3193; x_wconf 73' lang='grc' dir='ltr'>ὄντες</span> <span class='ocrx_word' id='word_1_478' title='bbox 1581 3131 1847 3201; x_wconf 78' lang='grc' dir='ltr'>πρᾶγμα,</span> <span class='ocrx_word' id='word_1_479' title='bbox 1885 3133 1948 3201; x_wconf 81' lang='grc' dir='ltr'>τῇ</span> 
     </span>
    </p>
   </div>
   <div class='ocr_carea' id='block_1_63' title="bbox 2059 3114 3633 3216">
    <p class='ocr_par' dir='ltr' id='par_1_63' title="bbox 2059 3114 3633 3200">
     <span class='ocr_line' id='line_1_63' title="bbox 2059 3114 3633 3200; baseline 0.002 -35"><span class='ocrx_word' id='word_1_480' title='bbox 2059 3129 2225 3167; x_wconf 85' lang='grc' dir='ltr'>ιιιιιιιιι</span> <span class='ocrx_word' id='word_1_481' title='bbox 2257 3124 2519 3170; x_wconf 82' lang='lat' dir='ltr'><strong>vocantur</strong></span> <span class='ocrx_word' id='word_1_482' title='bbox 2554 3126 2609 3170; x_wconf 90' lang='lat' dir='ltr'><strong>ct</strong></span> <span class='ocrx_word' id='word_1_483' title='bbox 2636 3126 2759 3171; x_wconf 89' lang='lat' dir='ltr'><strong>sunt</strong></span> <span class='ocrx_word' id='word_1_484' title='bbox 2795 3132 3016 3200; x_wconf 79' lang='lat' dir='ltr'><strong>corpus.</strong></span> <span class='ocrx_word' id='word_1_485' title='bbox 3051 3114 3185 3170; x_wconf 82' lang='lat' dir='ltr'><strong>Nam</strong></span> <span class='ocrx_word' id='word_1_486' title='bbox 3221 3124 3276 3169; x_wconf 89' lang='lat' dir='ltr'><strong>et</strong></span> <span class='ocrx_word' id='word_1_487' title='bbox 3318 3114 3549 3185; x_wconf 89' lang='lat' dir='ltr'><strong>populus</strong></span> <span class='ocrx_word' id='word_1_488' title='bbox 3576 3124 3633 3170; x_wconf 80' lang='lat' dir='ltr'><strong>et</strong></span> 
     </span>
    </p>
   </div>
   <div class='ocr_carea' id='block_1_64' title="bbox 349 3220 1955 3293">
    <p class='ocr_par' dir='ltr' id='par_1_64' title="bbox 349 3220 1955 3293">
     <span class='ocr_line' id='line_1_64' title="bbox 349 3220 1955 3293; baseline 0.001 -19"><span class='ocrx_word' id='word_1_489' title='bbox 349 3226 450 3293; x_wconf 74' lang='grc' dir='ltr'>μιᾷ</span> <span class='ocrx_word' id='word_1_490' title='bbox 472 3223 671 3292; x_wconf 71' lang='grc' dir='ltr'>κλήσει</span> <span class='ocrx_word' id='word_1_491' title='bbox 717 3220 1008 3274; x_wconf 75' lang='grc' dir='ltr'>καλοῦνται</span> <span class='ocrx_word' id='word_1_492' title='bbox 1057 3220 1152 3273; x_wconf 68' lang='grc' dir='ltr'>καὶ</span> <span class='ocrx_word' id='word_1_493' title='bbox 1186 3221 1696 3292; x_wconf 81' lang='grc' dir='ltr'>προσαγορεύονται.</span> <span class='ocrx_word' id='word_1_494' title='bbox 1742 3222 1854 3275; x_wconf 74' lang='grc' dir='ltr'>Καὶ</span> <span class='ocrx_word' id='word_1_495' title='bbox 1885 3221 1955 3275; x_wconf 81' lang='grc' dir='ltr'>τὰ</span> 
     </span>
    </p>
   </div>
   <div class='ocr_carea' id='block_1_65' title="bbox 344 3305 1955 3384">
    <p class='ocr_par' dir='ltr' id='par_1_65' title="bbox 344 3305 1955 3384">
     <span class='ocr_line' id='line_1_65' title="bbox 344 3305 1955 3384; baseline -0.001 -15"><span class='ocrx_word' id='word_1_496' title='bbox 344 3314 483 3369; x_wconf 69' lang='grc' dir='ltr'>ἄλλα</span> <span class='ocrx_word' id='word_1_497' title='bbox 521 3314 579 3367; x_wconf 79' lang='grc' dir='ltr'><strong>δὲ</strong></span> <span class='ocrx_word' id='word_1_498' title='bbox 603 3314 789 3367; x_wconf 75' lang='grc' dir='ltr'>πάντα</span> <span class='ocrx_word' id='word_1_499' title='bbox 823 3313 1027 3377; x_wconf 83' lang='grc' dir='ltr'>ἁπλῶς,</span> <span class='ocrx_word' id='word_1_500' title='bbox 1059 3305 1330 3384; x_wconf 79' lang='grc' dir='ltr'>ὣᾶνδρες,</span> <span class='ocrx_word' id='word_1_501' title='bbox 1367 3313 1522 3384; x_wconf 73' lang='grc' dir='ltr'>ἔφην,</span> <span class='ocrx_word' id='word_1_502' title='bbox 1558 3314 1625 3367; x_wconf 79' lang='grc' dir='ltr'>τὰ</span> <span class='ocrx_word' id='word_1_503' title='bbox 1653 3314 1756 3367; x_wconf 86' lang='grc' dir='ltr'><strong>ὑπὸ</strong></span> <span class='ocrx_word' id='word_1_504' title='bbox 1789 3316 1955 3368; x_wconf 60' lang='lat' dir='ltr'><strong>Mosi)-</strong></span> 
     </span>
    </p>
   </div>
   <div class='ocr_carea' id='block_1_66' title="bbox 346 3404 1954 3477">
    <p class='ocr_par' dir='ltr' id='par_1_66' title="bbox 346 3404 1954 3477">
     <span class='ocr_line' id='line_1_66' title="bbox 346 3404 1954 3477; baseline 0 -20"><span class='ocrx_word' id='word_1_505' title='bbox 346 3406 491 3469; x_wconf 82' lang='grc' dir='ltr'><strong>σέως</strong></span> <span class='ocrx_word' id='word_1_506' title='bbox 528 3405 932 3474; x_wconf 82' lang='grc' dir='ltr'>διαταχθέντα,</span> <span class='ocrx_word' id='word_1_507' title='bbox 966 3404 1204 3476; x_wconf 75' lang='grc' dir='ltr'>δύναμαι</span> <span class='ocrx_word' id='word_1_508' title='bbox 1245 3404 1599 3477; x_wconf 84' lang='grc' dir='ltr'>καταριθμῶν</span> <span class='ocrx_word' id='word_1_509' title='bbox 1638 3404 1954 3458; x_wconf 78' lang='grc' dir='ltr'>ἀποδεικνύ-</span> 
     </span>
    </p>
   </div>
   <div class='ocr_carea' id='block_1_67' title="bbox 344 3495 1953 3567">
    <p class='ocr_par' dir='ltr' id='par_1_67' title="bbox 344 3495 1953 3567">
     <span class='ocr_line' id='line_1_67' title="bbox 344 3495 1953 3567; baseline 0.001 -19"><span class='ocrx_word' id='word_1_510' title='bbox 344 3515 438 3549; x_wconf 84' lang='grc' dir='ltr'><strong>ναι</strong></span> <span class='ocrx_word' id='word_1_511' title='bbox 470 3498 685 3561; x_wconf 75' lang='grc' dir='ltr'>τύπους</span> <span class='ocrx_word' id='word_1_512' title='bbox 736 3497 835 3550; x_wconf 83' lang='grc' dir='ltr'><strong>καί</strong></span> <span class='ocrx_word' id='word_1_513' title='bbox 882 3495 1125 3567; x_wconf 76' lang='grc' dir='ltr'>σύμϐολα</span> <span class='ocrx_word' id='word_1_514' title='bbox 1171 3496 1267 3549; x_wconf 72' lang='grc' dir='ltr'>καὶ</span> <span class='ocrx_word' id='word_1_515' title='bbox 1310 3495 1678 3565; x_wconf 82' lang='grc' dir='ltr'>καταγγελίας</span> <span class='ocrx_word' id='word_1_516' title='bbox 1722 3496 1830 3549; x_wconf 83' lang='grc' dir='ltr'><strong>τῶν</strong></span> <span class='ocrx_word' id='word_1_517' title='bbox 1875 3496 1953 3567; x_wconf 84' lang='grc' dir='ltr'>τῷ</span> 
     </span>
    </p>
   </div>
   <div class='ocr_carea' id='block_1_68' title="bbox 347 3588 1953 3662">
    <p class='ocr_par' dir='ltr' id='par_1_68' title="bbox 347 3588 1953 3662">
     <span class='ocr_line' id='line_1_68' title="bbox 347 3588 1953 3662; baseline -0.002 -19"><span class='ocrx_word' id='word_1_518' title='bbox 347 3590 575 3662; x_wconf 75' lang='grc' dir='ltr'>Χριστῷ</span> <span class='ocrx_word' id='word_1_519' title='bbox 607 3588 862 3657; x_wconf 82' lang='grc' dir='ltr'>γίνεσθαι</span> <span class='ocrx_word' id='word_1_520' title='bbox 906 3589 1208 3659; x_wconf 83' lang='grc' dir='ltr'>μελλόντων</span> <span class='ocrx_word' id='word_1_521' title='bbox 1254 3589 1347 3642; x_wconf 77' lang='grc' dir='ltr'>καὶ</span> <span class='ocrx_word' id='word_1_522' title='bbox 1388 3588 1495 3641; x_wconf 89' lang='grc' dir='ltr'><strong>τῶν</strong></span> <span class='ocrx_word' id='word_1_523' title='bbox 1529 3590 1609 3653; x_wconf 83' lang='grc' dir='ltr'><strong>εἰς</strong></span> <span class='ocrx_word' id='word_1_524' title='bbox 1656 3588 1817 3641; x_wconf 79' lang='grc' dir='ltr'>αὑτὸν</span> <span class='ocrx_word' id='word_1_525' title='bbox 1862 3606 1953 3640; x_wconf 87' lang='grc' dir='ltr'>πι-</span> 
     </span>
    </p>
   </div>
   <div class='ocr_carea' id='block_1_69' title="bbox 348 3676 1953 3751">
    <p class='ocr_par' dir='ltr' id='par_1_69' title="bbox 348 3676 1953 3751">
     <span class='ocr_line' id='line_1_69' title="bbox 348 3676 1953 3751; baseline -0.002 -18"><span class='ocrx_word' id='word_1_526' title='bbox 348 3680 561 3734; x_wconf 70' lang='grc' dir='ltr'>στεύειν</span> <span class='ocrx_word' id='word_1_527' title='bbox 598 3679 1096 3751; x_wconf 74' lang='grc' dir='ltr'>προεγνωσμένων,</span> <span class='ocrx_word' id='word_1_528' title='bbox 1123 3678 1217 3731; x_wconf 73' lang='grc' dir='ltr'>καὶ</span> <span class='ocrx_word' id='word_1_529' title='bbox 1245 3677 1349 3731; x_wconf 86' lang='grc' dir='ltr'><strong>τῶν</strong></span> <span class='ocrx_word' id='word_1_530' title='bbox 1379 3677 1660 3731; x_wconf 78' lang='grc' dir='ltr'>ὑπὸαὺτοῦ</span> <span class='ocrx_word' id='word_1_531' title='bbox 1696 3676 1785 3730; x_wconf 79' lang='grc' dir='ltr'>τοῦ</span> <span class='ocrx_word' id='word_1_532' title='bbox 1821 3678 1953 3749; x_wconf 87' lang='grc' dir='ltr'>Χρι-</span> 
     </span>
    </p>
   </div>
   <div class='ocr_carea' id='block_1_70' title="bbox 352 3768 1951 3843">
    <p class='ocr_par' dir='ltr' id='par_1_70' title="bbox 352 3768 1951 3843">
     <span class='ocr_line' id='line_1_70' title="bbox 352 3768 1951 3843; baseline -0.001 -21"><span class='ocrx_word' id='word_1_533' title='bbox 352 3772 477 3824; x_wconf 70' lang='grc' dir='ltr'>στοῦ</span> <span class='ocrx_word' id='word_1_534' title='bbox 521 3772 729 3843; x_wconf 76' lang='grc' dir='ltr'>ὁμοίως</span> <span class='ocrx_word' id='word_1_535' title='bbox 766 3770 1015 3841; x_wconf 82' lang='grc' dir='ltr'>γίνεσθαι</span> <span class='ocrx_word' id='word_1_536' title='bbox 1070 3771 1389 3842; x_wconf 87' lang='grc' dir='ltr'>μελλόντων.</span> <span class='ocrx_word' id='word_1_537' title='bbox 1443 3768 1604 3823; x_wconf 81' lang='grc' dir='ltr'>Ἀλλά</span> <span class='ocrx_word' id='word_1_538' title='bbox 1639 3768 1823 3840; x_wconf 76' lang='grc' dir='ltr'>ἐπειδὴ</span> <span class='ocrx_word' id='word_1_539' title='bbox 1858 3768 1951 3822; x_wconf 74' lang='grc' dir='ltr'>καὶ</span> 
     </span>
    </p>
   </div>
   <div class='ocr_carea' id='block_1_71' title="bbox 352 3859 1947 3936">
    <p class='ocr_par' dir='ltr' id='par_1_71' title="bbox 352 3859 1947 3936">
     <span class='ocr_line' id='line_1_71' title="bbox 352 3859 1947 3936; baseline 0.001 -20"><span class='ocrx_word' id='word_1_540' title='bbox 352 3864 389 3916; x_wconf 72' lang='grc' dir='ltr'>ἃ</span> <span class='ocrx_word' id='word_1_541' title='bbox 432 3864 947 3935; x_wconf 72' lang='grc' dir='ltr'>κατηριθμησάμην</span> <span class='ocrx_word' id='word_1_542' title='bbox 992 3864 1059 3917; x_wconf 86' lang='grc' dir='ltr'><strong>τά</strong></span> <span class='ocrx_word' id='word_1_543' title='bbox 1107 3864 1203 3916; x_wconf 73' lang='grc' dir='ltr'>νῦν</span> <span class='ocrx_word' id='word_1_544' title='bbox 1248 3864 1403 3917; x_wconf 79' lang='grc' dir='ltr'><strong>ἱκανᾶ</strong></span> <span class='ocrx_word' id='word_1_545' title='bbox 1447 3865 1595 3918; x_wconf 86' lang='grc' dir='ltr'>δοκεῖ</span> <span class='ocrx_word' id='word_1_546' title='bbox 1641 3882 1730 3936; x_wconf 88' lang='grc' dir='ltr'><strong>μοι</strong></span> <span class='ocrx_word' id='word_1_547' title='bbox 1777 3859 1947 3929; x_wconf 77' lang='grc' dir='ltr'>εἶναι,</span> 
     </span>
    </p>
   </div>
   <div class='ocr_carea' id='block_1_72' title="bbox 358 3955 1582 4029">
    <p class='ocr_par' dir='ltr' id='par_1_72' title="bbox 358 3955 1582 4029">
     <span class='ocr_line' id='line_1_72' title="bbox 358 3955 1582 4029; baseline 0.001 -21"><span class='ocrx_word' id='word_1_548' title='bbox 358 3958 449 4009; x_wconf 73' lang='grc' dir='ltr'>ἐπὶ</span> <span class='ocrx_word' id='word_1_549' title='bbox 480 3958 572 4010; x_wconf 74' lang='grc' dir='ltr'>τὸν</span> <span class='ocrx_word' id='word_1_550' title='bbox 605 3958 770 4026; x_wconf 80' lang='grc' dir='ltr'>λόγον</span> <span class='ocrx_word' id='word_1_551' title='bbox 806 3960 870 4029; x_wconf 78' lang='grc' dir='ltr'>τῇ</span> <span class='ocrx_word' id='word_1_552' title='bbox 906 3955 1056 4021; x_wconf 78' lang='grc' dir='ltr'>τάξει</span> <span class='ocrx_word' id='word_1_553' title='bbox 1088 3955 1300 4029; x_wconf 88' lang='grc' dir='ltr'>παριὼν</span> <span class='ocrx_word' id='word_1_554' title='bbox 1331 3956 1582 4027; x_wconf 77' lang='grc' dir='ltr'>ἔρχομαι.</span> 
     </span>
    </p>
   </div>
   <div class='ocr_carea' id='block_1_73' title="bbox 423 4132 1948 4208">
    <p class='ocr_par' dir='ltr' id='par_1_73' title="bbox 423 4132 1948 4208">
     <span class='ocr_line' id='line_1_73' title="bbox 423 4132 1948 4208; baseline 0.001 -19"><span class='ocrx_word' id='word_1_555' title='bbox 423 4136 514 4190; x_wconf 72' lang='grc'><strong>45.</strong></span> <span class='ocrx_word' id='word_1_556' title='bbox 561 4137 653 4201; x_wconf 76' lang='grc' dir='ltr'>Ὠς</span> <span class='ocrx_word' id='word_1_557' title='bbox 697 4132 792 4189; x_wconf 71' lang='grc' dir='ltr'>οὖν</span> <span class='ocrx_word' id='word_1_558' title='bbox 836 4136 945 4189; x_wconf 72' lang='grc' dir='ltr'>ἀπὺ</span> <span class='ocrx_word' id='word_1_559' title='bbox 990 4135 1246 4206; x_wconf 82' lang='grc' dir='ltr'>Ἀϐραὰμ</span> <span class='ocrx_word' id='word_1_560' title='bbox 1284 4135 1485 4207; x_wconf 75' lang='grc' dir='ltr'>ἤρξατο</span> <span class='ocrx_word' id='word_1_561' title='bbox 1525 4136 1815 4208; x_wconf 75' lang='grc' dir='ltr'>περιτομὴ,</span> <span class='ocrx_word' id='word_1_562' title='bbox 1852 4139 1948 4192; x_wconf 80' lang='grc' dir='ltr'><strong>καὶ</strong></span> 
     </span>
    </p>
   </div>
   <div class='ocr_carea' id='block_1_74' title="bbox 356 4227 1947 4302">
    <p class='ocr_par' dir='ltr' id='par_1_74' title="bbox 356 4227 1947 4302">
     <span class='ocr_line' id='line_1_74' title="bbox 356 4227 1947 4302; baseline -0.001 -19"><span class='ocrx_word' id='word_1_563' title='bbox 356 4232 463 4285; x_wconf 72' lang='grc' dir='ltr'><strong>ἀπὸ</strong></span> <span class='ocrx_word' id='word_1_564' title='bbox 506 4230 796 4294; x_wconf 72' lang='grc' dir='ltr'><strong>Μωῦσέως</strong></span> <span class='ocrx_word' id='word_1_565' title='bbox 836 4228 1106 4282; x_wconf 78' lang='grc' dir='ltr'>σάϐϐατον</span> <span class='ocrx_word' id='word_1_566' title='bbox 1144 4228 1239 4281; x_wconf 72' lang='grc' dir='ltr'>καὶ</span> <span class='ocrx_word' id='word_1_567' title='bbox 1272 4227 1450 4282; x_wconf 89' lang='grc' dir='ltr'>θυσίαι</span> <span class='ocrx_word' id='word_1_568' title='bbox 1496 4228 1590 4282; x_wconf 73' lang='grc' dir='ltr'><strong>καὶ</strong></span> <span class='ocrx_word' id='word_1_569' title='bbox 1637 4231 1947 4302; x_wconf 71' lang='grc' dir='ltr'>πρόσφορα).</span> 
     </span>
    </p>
   </div>
   <div class='ocr_carea' id='block_1_75' title="bbox 427 4383 1727 4453">
    <p class='ocr_par' dir='ltr' id='par_1_75' title="bbox 427 4383 1727 4453">
     <span class='ocr_line' id='line_1_75' title="bbox 427 4383 1727 4453; baseline 0 -14"><span class='ocrx_word' id='word_1_570' title='bbox 427 4386 475 4418; x_wconf 80' lang='grc'><strong>’⁸</strong></span> <span class='ocrx_word' id='word_1_571' title='bbox 502 4384 654 4439; x_wconf 83' lang='lat' dir='ltr'><strong>Psal.</strong></span> <span class='ocrx_word' id='word_1_572' title='bbox 686 4400 840 4447; x_wconf 79' lang='lat' dir='ltr'><strong>xvtn,</strong></span> <span class='ocrx_word' id='word_1_573' title='bbox 878 4384 932 4439; x_wconf 89' lang='lat'><strong>5.</strong></span> <span class='ocrx_word' id='word_1_574' title='bbox 1008 4384 1053 4416; x_wconf 80' lang='lat'><strong>&quot;</strong></span> <span class='ocrx_word' id='word_1_575' title='bbox 1088 4384 1190 4438; x_wconf 90' lang='lat' dir='ltr'><strong>Isa.</strong></span> <span class='ocrx_word' id='word_1_576' title='bbox 1225 4383 1411 4453; x_wconf 59' lang='lat' dir='ltr'><strong>Lind.</strong></span> <span class='ocrx_word' id='word_1_577' title='bbox 1478 4383 1526 4416; x_wconf 77' lang='grc'><strong>’⁸</strong></span> <span class='ocrx_word' id='word_1_578' title='bbox 1553 4400 1607 4437; x_wconf 85' lang='grc' dir='ltr'>ιι.</span> <span class='ocrx_word' id='word_1_579' title='bbox 1639 4384 1727 4439; x_wconf 77' lang='grc'><strong>15.</strong></span> 
     </span>
    </p>
   </div>
   <div class='ocr_carea' id='block_1_76' title="bbox 2056 3198 3630 3278">
    <p class='ocr_par' dir='ltr' id='par_1_76' title="bbox 2056 3198 3630 3278">
     <span class='ocr_line' id='line_1_76' title="bbox 2056 3198 3630 3278; baseline 0.001 -18"><span class='ocrx_word' id='word_1_580' title='bbox 2056 3218 2514 3273; x_wconf 82' lang='lat' dir='ltr'><strong>conventus,cum</strong></span> <span class='ocrx_word' id='word_1_581' title='bbox 2538 3208 2688 3261; x_wconf 83' lang='lat' dir='ltr'><strong>multi</strong></span> <span class='ocrx_word' id='word_1_582' title='bbox 2707 3209 2814 3262; x_wconf 92' lang='lat' dir='ltr'><strong>sint</strong></span> <span class='ocrx_word' id='word_1_583' title='bbox 2832 3198 3058 3262; x_wconf 83' lang='lat' dir='ltr'><strong>numero</strong></span> <span class='ocrx_word' id='word_1_584' title='bbox 3076 3210 3352 3273; x_wconf 89' lang='lat' dir='ltr'><strong>homines,</strong></span> <span class='ocrx_word' id='word_1_585' title='bbox 3375 3218 3630 3278; x_wconf 89' lang='lat' dir='ltr'><strong>tanquam</strong></span> 
     </span>
    </p>
   </div>
   <div class='ocr_carea' id='block_1_77' title="bbox 2059 3301 3635 3371">
    <p class='ocr_par' dir='ltr' id='par_1_77' title="bbox 2059 3301 3635 3371">
     <span class='ocr_line' id='line_1_77' title="bbox 2059 3301 3635 3371; baseline 0.002 -20"><span class='ocrx_word' id='word_1_586' title='bbox 2059 3312 2164 3351; x_wconf 80' lang='lat' dir='ltr'><strong>una</strong></span> <span class='ocrx_word' id='word_1_587' title='bbox 2198 3315 2283 3354; x_wconf 88' lang='lat' dir='ltr'><strong>res</strong></span> <span class='ocrx_word' id='word_1_588' title='bbox 2319 3311 2535 3367; x_wconf 89' lang='lat' dir='ltr'><strong>essent,</strong></span> <span class='ocrx_word' id='word_1_589' title='bbox 2586 3302 2952 3371; x_wconf 85' lang='lat' dir='ltr'><strong>appellatione</strong></span> <span class='ocrx_word' id='word_1_590' title='bbox 2994 3316 3102 3355; x_wconf 90' lang='lat' dir='ltr'><strong>una</strong></span> <span class='ocrx_word' id='word_1_591' title='bbox 3153 3311 3422 3355; x_wconf 87' lang='lat' dir='ltr'><strong>vocantur</strong></span> <span class='ocrx_word' id='word_1_592' title='bbox 3457 3309 3511 3355; x_wconf 85' lang='lat' dir='ltr'><strong>et</strong></span> <span class='ocrx_word' id='word_1_593' title='bbox 3540 3301 3635 3354; x_wconf 87' lang='lat' dir='ltr'><strong>de-</strong></span> 
     </span>
    </p>
   </div>
   <div class='ocr_carea' id='block_1_78' title="bbox 2059 3388 3631 3464">
    <p class='ocr_par' dir='ltr' id='par_1_78' title="bbox 2059 3388 3631 3464">
     <span class='ocr_line' id='line_1_78' title="bbox 2059 3388 3631 3464; baseline 0.002 -22"><span class='ocrx_word' id='word_1_594' title='bbox 2059 3390 2366 3459; x_wconf 77' lang='lat' dir='ltr'><strong>signantur.</strong></span> <span class='ocrx_word' id='word_1_595' title='bbox 2392 3394 2469 3448; x_wconf 84' lang='lat' dir='ltr'><strong>Ac</strong></span> <span class='ocrx_word' id='word_1_596' title='bbox 2494 3405 2689 3449; x_wconf 73' lang='lat' dir='ltr'><strong>czetera</strong></span> <span class='ocrx_word' id='word_1_597' title='bbox 2714 3388 2931 3464; x_wconf 86' lang='lat' dir='ltr'><strong>quidem</strong></span> <span class='ocrx_word' id='word_1_598' title='bbox 2961 3409 3186 3464; x_wconf 89' lang='lat' dir='ltr'><strong>prorsus</strong></span> <span class='ocrx_word' id='word_1_599' title='bbox 3214 3395 3419 3460; x_wconf 89' lang='lat' dir='ltr'><strong>omnia,</strong></span> <span class='ocrx_word' id='word_1_600' title='bbox 3450 3411 3482 3449; x_wconf 92' lang='grc' dir='ltr'>ο</span> <span class='ocrx_word' id='word_1_601' title='bbox 3508 3394 3631 3455; x_wconf 70' lang='lat' dir='ltr'><strong>viri,</strong></span> 
     </span>
    </p>
   </div>
   <div class='ocr_carea' id='block_1_79' title="bbox 2060 3481 3631 3555">
    <p class='ocr_par' dir='ltr' id='par_1_79' title="bbox 2060 3481 3631 3555">
     <span class='ocr_line' id='line_1_79' title="bbox 2060 3481 3631 3555; baseline 0.003 -21"><span class='ocrx_word' id='word_1_602' title='bbox 2060 3497 2088 3534; x_wconf 91' lang='lat' dir='ltr'><strong>a</strong></span> <span class='ocrx_word' id='word_1_603' title='bbox 2126 3481 2310 3555; x_wconf 85' lang='lat' dir='ltr'><strong>Moyse</strong></span> <span class='ocrx_word' id='word_1_604' title='bbox 2338 3485 2585 3541; x_wconf 91' lang='lat' dir='ltr'><strong>instituta</strong></span> <span class='ocrx_word' id='word_1_605' title='bbox 2626 3502 2957 3543; x_wconf 82' lang='lat' dir='ltr'><strong>enumerans</strong></span> <span class='ocrx_word' id='word_1_606' title='bbox 2984 3487 3361 3542; x_wconf 85' lang='lat' dir='ltr'><strong>demonstrare</strong></span> <span class='ocrx_word' id='word_1_607' title='bbox 3387 3501 3631 3555; x_wconf 90' lang='lat' dir='ltr'><strong>possum,</strong></span> 
     </span>
    </p>
   </div>
   <div class='ocr_carea' id='block_1_80' title="bbox 2059 3576 3637 3657">
    <p class='ocr_par' dir='ltr' id='par_1_80' title="bbox 2059 3576 3637 3657">
     <span class='ocr_line' id='line_1_80' title="bbox 2059 3576 3637 3657; baseline 0.004 -30"><span class='ocrx_word' id='word_1_608' title='bbox 2059 3576 2293 3644; x_wconf 86' lang='lat' dir='ltr'><strong>aiebam,</strong></span> <span class='ocrx_word' id='word_1_609' title='bbox 2320 3578 2585 3648; x_wconf 81' lang='lat' dir='ltr'><strong>imagines</strong></span> <span class='ocrx_word' id='word_1_610' title='bbox 2612 3591 2667 3635; x_wconf 89' lang='lat' dir='ltr'><strong>et</strong></span> <span class='ocrx_word' id='word_1_611' title='bbox 2696 3584 2847 3650; x_wconf 86' lang='lat' dir='ltr'><strong>signa</strong></span> <span class='ocrx_word' id='word_1_612' title='bbox 2874 3591 2928 3636; x_wconf 89' lang='lat' dir='ltr'><strong>et</strong></span> <span class='ocrx_word' id='word_1_613' title='bbox 2958 3579 3441 3650; x_wconf 65' lang='lat' dir='ltr'><strong>praenuntiationes</strong></span> <span class='ocrx_word' id='word_1_614' title='bbox 3461 3581 3637 3657; x_wconf 71' lang='lat' dir='ltr'><strong>fuisse</strong></span> 
     </span>
    </p>
   </div>
   <div class='ocr_carea' id='block_1_81' title="bbox 2062 3672 3638 3742">
    <p class='ocr_par' dir='ltr' id='par_1_81' title="bbox 2062 3672 3638 3742">
     <span class='ocr_line' id='line_1_81' title="bbox 2062 3672 3638 3742; baseline 0.003 -21"><span class='ocrx_word' id='word_1_615' title='bbox 2062 3679 2174 3722; x_wconf 92' lang='lat' dir='ltr'><strong>tum</strong></span> <span class='ocrx_word' id='word_1_616' title='bbox 2199 3685 2385 3724; x_wconf 89' lang='lat' dir='ltr'><strong>eorum</strong></span> <span class='ocrx_word' id='word_1_617' title='bbox 2411 3688 2530 3742; x_wconf 74' lang='lat' dir='ltr'><strong>qua:</strong></span> <span class='ocrx_word' id='word_1_618' title='bbox 2554 3672 2771 3728; x_wconf 86' lang='lat' dir='ltr'><strong>Christo</strong></span> <span class='ocrx_word' id='word_1_619' title='bbox 2802 3687 3065 3730; x_wconf 87' lang='lat' dir='ltr'><strong>eventura</strong></span> <span class='ocrx_word' id='word_1_620' title='bbox 3087 3682 3267 3739; x_wconf 90' lang='lat' dir='ltr'><strong>erant,</strong></span> <span class='ocrx_word' id='word_1_621' title='bbox 3297 3682 3410 3727; x_wconf 90' lang='lat' dir='ltr'><strong>tum</strong></span> <span class='ocrx_word' id='word_1_622' title='bbox 3444 3687 3638 3727; x_wconf 88' lang='lat' dir='ltr'><strong>eorum</strong></span> 
     </span>
    </p>
   </div>
   <div class='ocr_carea' id='block_1_82' title="bbox 2061 3766 3637 3836">
    <p class='ocr_par' dir='ltr' id='par_1_82' title="bbox 2061 3766 3637 3836">
     <span class='ocr_line' id='line_1_82' title="bbox 2061 3766 3637 3836; baseline -0.003 -13"><span class='ocrx_word' id='word_1_623' title='bbox 2061 3768 2152 3836; x_wconf 92' lang='lat' dir='ltr'><strong>qui</strong></span> <span class='ocrx_word' id='word_1_624' title='bbox 2188 3769 2240 3821; x_wconf 90' lang='lat' dir='ltr'><strong>in</strong></span> <span class='ocrx_word' id='word_1_625' title='bbox 2280 3782 2403 3821; x_wconf 89' lang='lat' dir='ltr'><strong>eum</strong></span> <span class='ocrx_word' id='word_1_626' title='bbox 2440 3766 2702 3821; x_wconf 88' lang='lat' dir='ltr'><strong>credituri</strong></span> <span class='ocrx_word' id='word_1_627' title='bbox 2747 3766 3249 3835; x_wconf 66' lang='lat' dir='ltr'><strong>prmuoscebantur,</strong></span> <span class='ocrx_word' id='word_1_628' title='bbox 3286 3774 3399 3820; x_wconf 87' lang='lat' dir='ltr'><strong>tum</strong></span> <span class='ocrx_word' id='word_1_629' title='bbox 3444 3781 3637 3821; x_wconf 88' lang='lat' dir='ltr'><strong>eorum</strong></span> 
     </span>
    </p>
   </div>
   <div class='ocr_carea' id='block_1_83' title="bbox 2058 3858 3633 3929">
    <p class='ocr_par' dir='ltr' id='par_1_83' title="bbox 2058 3858 3633 3929">
     <span class='ocr_line' id='line_1_83' title="bbox 2058 3858 3633 3929; baseline 0 -11"><span class='ocrx_word' id='word_1_630' title='bbox 2058 3862 2222 3918; x_wconf 77' lang='lat' dir='ltr'><strong>etiam</strong></span> <span class='ocrx_word' id='word_1_631' title='bbox 2275 3858 2552 3925; x_wconf 84' lang='lat' dir='ltr'><strong>similiter,</strong></span> <span class='ocrx_word' id='word_1_632' title='bbox 2596 3874 2717 3928; x_wconf 63' lang='lat' dir='ltr'><strong>quae</strong></span> <span class='ocrx_word' id='word_1_633' title='bbox 2759 3859 3011 3915; x_wconf 90' lang='lat' dir='ltr'><strong>Christus</strong></span> <span class='ocrx_word' id='word_1_634' title='bbox 3059 3860 3171 3929; x_wconf 90' lang='lat' dir='ltr'><strong>ipse</strong></span> <span class='ocrx_word' id='word_1_635' title='bbox 3213 3860 3462 3915; x_wconf 76' lang='lat' dir='ltr'><strong>facturus</strong></span> <span class='ocrx_word' id='word_1_636' title='bbox 3491 3871 3633 3918; x_wconf 88' lang='lat' dir='ltr'><strong>erat.</strong></span> 
     </span>
    </p>
   </div>
   <div class='ocr_carea' id='block_1_84' title="bbox 2060 3953 3634 4023">
    <p class='ocr_par' dir='ltr' id='par_1_84' title="bbox 2060 3953 3634 4023">
     <span class='ocr_line' id='line_1_84' title="bbox 2060 3953 3634 4023; baseline -0.001 -16"><span class='ocrx_word' id='word_1_637' title='bbox 2060 3954 2167 4007; x_wconf 85' lang='lat' dir='ltr'><strong>Sed</strong></span> <span class='ocrx_word' id='word_1_638' title='bbox 2201 3953 2328 4023; x_wconf 92' lang='lat' dir='ltr'><strong>quia</strong></span> <span class='ocrx_word' id='word_1_639' title='bbox 2362 3967 2485 4022; x_wconf 72' lang='lat' dir='ltr'><strong>quae</strong></span> <span class='ocrx_word' id='word_1_640' title='bbox 2514 3953 2784 4019; x_wconf 89' lang='lat' dir='ltr'><strong>recensui,</strong></span> <span class='ocrx_word' id='word_1_641' title='bbox 2814 3954 2950 4007; x_wconf 89' lang='lat' dir='ltr'><strong>satis</strong></span> <span class='ocrx_word' id='word_1_642' title='bbox 2978 3953 3111 4006; x_wconf 88' lang='lat' dir='ltr'><strong>mihi</strong></span> <span class='ocrx_word' id='word_1_643' title='bbox 3142 3953 3634 4022; x_wconf 66' lang='lat' dir='ltr'><strong>impraesentiarum</strong></span> 
     </span>
    </p>
   </div>
   <div class='ocr_carea' id='block_1_85' title="bbox 2058 4044 3421 4109">
    <p class='ocr_par' dir='ltr' id='par_1_85' title="bbox 2058 4044 3421 4109">
     <span class='ocr_line' id='line_1_85' title="bbox 2058 4044 3421 4109; baseline 0 -10"><span class='ocrx_word' id='word_1_644' title='bbox 2058 4045 2317 4099; x_wconf 88' lang='lat' dir='ltr'><strong>videntur</strong></span> <span class='ocrx_word' id='word_1_645' title='bbox 2343 4058 2487 4109; x_wconf 91' lang='lat' dir='ltr'><strong>esse,</strong></span> <span class='ocrx_word' id='word_1_646' title='bbox 2520 4045 2587 4099; x_wconf 88' lang='lat' dir='ltr'><strong>ad</strong></span> <span class='ocrx_word' id='word_1_647' title='bbox 2618 4046 2884 4100; x_wconf 85' lang='lat' dir='ltr'><strong>orationis</strong></span> <span class='ocrx_word' id='word_1_648' title='bbox 2920 4044 3118 4100; x_wconf 91' lang='lat' dir='ltr'><strong>seriem</strong></span> <span class='ocrx_word' id='word_1_649' title='bbox 3156 4055 3421 4101; x_wconf 88' lang='lat' dir='ltr'><strong>revertor.</strong></span> 
     </span>
    </p>
   </div>
   <div class='ocr_carea' id='block_1_86' title="bbox 2122 4136 3638 4209">
    <p class='ocr_par' dir='ltr' id='par_1_86' title="bbox 2122 4136 3638 4209">
     <span class='ocr_line' id='line_1_86' title="bbox 2122 4136 3638 4209; baseline 0.002 -19"><span class='ocrx_word' id='word_1_650' title='bbox 2122 4136 2214 4191; x_wconf 72' lang='lat'><strong>45.</strong></span> <span class='ocrx_word' id='word_1_651' title='bbox 2230 4136 2503 4193; x_wconf 80' lang='lat' dir='ltr'><strong>Concludit</strong></span> <span class='ocrx_word' id='word_1_652' title='bbox 2519 4137 2683 4208; x_wconf 87' lang='lat' dir='ltr'><strong>legem</strong></span> <span class='ocrx_word' id='word_1_653' title='bbox 2704 4138 2860 4207; x_wconf 82' lang='lat' dir='ltr'><strong>ﬁnem</strong></span> <span class='ocrx_word' id='word_1_654' title='bbox 2878 4140 3123 4195; x_wconf 72' lang='lat' dir='ltr'><strong>habuisse</strong></span> <span class='ocrx_word' id='word_1_655' title='bbox 3142 4140 3195 4193; x_wconf 86' lang='lat' dir='ltr'><strong>in</strong></span> <span class='ocrx_word' id='word_1_656' title='bbox 3215 4139 3447 4204; x_wconf 72' lang='lat' dir='ltr'><strong>Christo,</strong></span> <span class='ocrx_word' id='word_1_657' title='bbox 3466 4144 3557 4209; x_wconf 80' lang='lat' dir='ltr'><strong>qui</strong></span> <span class='ocrx_word' id='word_1_658' title='bbox 3572 4154 3638 4193; x_wconf 71' lang='lat' dir='ltr'><strong>ea:</strong></span> 
     </span>
    </p>
   </div>
   <div class='ocr_carea' id='block_1_87' title="bbox 2064 4228 3639 4303">
    <p class='ocr_par' dir='ltr' id='par_1_87' title="bbox 2064 4228 3639 4303">
     <span class='ocr_line' id='line_1_87' title="bbox 2064 4228 3639 4303; baseline 0.001 -19"><span class='ocrx_word' id='word_1_659' title='bbox 2064 4228 2276 4301; x_wconf 84' lang='lat' dir='ltr'><strong>Virgine</strong></span> <span class='ocrx_word' id='word_1_660' title='bbox 2299 4241 2454 4288; x_wconf 74' lang='lat' dir='ltr'><strong>natus</strong></span> <span class='ocrx_word' id='word_1_661' title='bbox 2469 4229 3111 4297; x_wconf 59' lang='lat' dir='ltr'><strong>exh—Quemadmodum</strong></span> <span class='ocrx_word' id='word_1_662' title='bbox 3130 4231 3295 4303; x_wconf 79' lang='lat' dir='ltr'><strong>igitur</strong></span> <span class='ocrx_word' id='word_1_663' title='bbox 3312 4232 3380 4287; x_wconf 86' lang='lat' dir='ltr'><strong>ab</strong></span> <span class='ocrx_word' id='word_1_664' title='bbox 3396 4230 3477 4287; x_wconf 83' lang='lat' dir='ltr'><strong>Ab</strong></span> <span class='ocrx_word' id='word_1_665' title='bbox 3487 4230 3639 4286; x_wconf 88' lang='lat' dir='ltr'><strong>raha-</strong></span> 
     </span>
    </p>
   </div>
   <div class='ocr_carea' id='block_1_88' title="bbox 428 4519 3638 4594">
    <p class='ocr_par' dir='ltr' id='par_1_88' title="bbox 428 4519 3638 4594">
     <span class='ocr_line' id='line_1_88' title="bbox 428 4519 3638 4594; baseline 0.001 -20"><span class='ocrx_word' id='word_1_666' title='bbox 428 4522 543 4594; x_wconf 74' lang='lat' dir='ltr'><strong>(7h)</strong></span> <span class='ocrx_word' id='word_1_667' title='bbox 594 4520 837 4594; x_wconf 44' lang='lat' dir='ltr'><strong>Haben</strong></span> <span class='ocrx_word' id='word_1_668' title='bbox 857 4519 1415 4594; x_wconf 35' lang='lat' dir='ltr'><strong>pérovo‘qLAEadem</strong></span> <span class='ocrx_word' id='word_1_669' title='bbox 1453 4519 1731 4594; x_wconf 30' lang='lat' dir='ltr'><strong>‘habemus</strong></span> <span class='ocrx_word' id='word_1_670' title='bbox 1786 4536 1949 4594; x_wconf 88' lang='lat' dir='ltr'><strong>supra</strong></span> <span class='ocrx_word' id='word_1_671' title='bbox 1987 4527 2029 4583; x_wconf 90' lang='lat' dir='ltr'><strong>D</strong></span> <span class='ocrx_word' id='word_1_672' title='bbox 2059 4522 2335 4579; x_wconf 90' lang='lat' dir='ltr'><strong>hominem</strong></span> <span class='ocrx_word' id='word_1_673' title='bbox 2366 4522 2503 4577; x_wconf 87' lang='lat' dir='ltr'><strong>asini</strong></span> <span class='ocrx_word' id='word_1_674' title='bbox 2544 4522 2715 4594; x_wconf 83' lang='lat' dir='ltr'><strong>ﬁgura</strong></span> <span class='ocrx_word' id='word_1_675' title='bbox 2752 4522 3051 4590; x_wconf 81' lang='lat' dir='ltr'><strong>ﬁngebant,</strong></span> <span class='ocrx_word' id='word_1_676' title='bbox 3091 4523 3273 4594; x_wconf 75' lang='lat' dir='ltr'><strong>sonitu</strong></span> <span class='ocrx_word' id='word_1_677' title='bbox 3325 4522 3638 4578; x_wconf 84' lang='lat' dir='ltr'><strong>admonitus</strong></span> 
     </span>
    </p>
   </div>
   <div class='ocr_carea' id='block_1_89' title="bbox 354 4589 1952 4663">
    <p class='ocr_par' dir='ltr' id='par_1_89' title="bbox 354 4589 1952 4663">
     <span class='ocr_line' id='line_1_89' title="bbox 354 4589 1952 4663; baseline -0.003 -14"><span class='ocrx_word' id='word_1_678' title='bbox 354 4589 635 4663; x_wconf 32' lang='lat' dir='ltr'><strong>nuiu.‘_‘25,</strong></span> <span class='ocrx_word' id='word_1_679' title='bbox 660 4602 717 4645; x_wconf 89' lang='lat' dir='ltr'><strong>et</strong></span> <span class='ocrx_word' id='word_1_680' title='bbox 757 4591 909 4663; x_wconf 10' lang='lat' dir='ltr'><strong>infra;</strong></span> <span class='ocrx_word' id='word_1_681' title='bbox 928 4589 1229 4663; x_wconf 48' lang='lat' dir='ltr'><strong>niim:_l3_8.</strong></span> <span class='ocrx_word' id='word_1_682' title='bbox 1254 4590 1424 4663; x_wconf 76' lang='lat' dir='ltr'><strong>Forte</strong></span> <span class='ocrx_word' id='word_1_683' title='bbox 1452 4590 1736 4660; x_wconf 91' lang='lat' dir='ltr'><strong>legendum</strong></span> <span class='ocrx_word' id='word_1_684' title='bbox 1760 4591 1952 4663; x_wconf 84' lang='grc' dir='ltr'>πρώτη</span> 
     </span>
    </p>
   </div>
   <div class='ocr_carea' id='block_1_90' title="bbox 358 4658 1463 4735">
    <p class='ocr_par' dir='ltr' id='par_1_90' title="bbox 358 4658 1463 4735">
     <span class='ocr_line' id='line_1_90' title="bbox 358 4658 1463 4735; baseline -0.003 -19"><span class='ocrx_word' id='word_1_685' title='bbox 358 4668 462 4735; x_wconf 75' lang='grc' dir='ltr'><strong>μὲν</strong></span> <span class='ocrx_word' id='word_1_686' title='bbox 499 4658 670 4735; x_wconf 63' lang='grc' dir='ltr'>οὖσα.</span> <span class='ocrx_word' id='word_1_687' title='bbox 694 4668 764 4735; x_wconf 73' lang='lat' dir='ltr'><strong>ut</strong></span> <span class='ocrx_word' id='word_1_688' title='bbox 790 4661 1015 4735; x_wconf 69' lang='lat' dir='ltr'><strong>coniicit</strong></span> <span class='ocrx_word' id='word_1_689' title='bbox 1047 4659 1131 4713; x_wconf 91' lang='lat' dir='ltr'><strong>Cl.</strong></span> <span class='ocrx_word' id='word_1_690' title='bbox 1163 4660 1463 4735; x_wconf 65' lang='lat' dir='ltr'><strong>Thirlbius,</strong></span> 
     </span>
    </p>
   </div>
   <div class='ocr_carea' id='block_1_91' title="bbox 433 4729 1954 4803">
    <p class='ocr_par' dir='ltr' id='par_1_91' title="bbox 433 4729 1954 4803">
     <span class='ocr_line' id='line_1_91' title="bbox 433 4729 1954 4803; baseline -0.001 -18"><span class='ocrx_word' id='word_1_691' title='bbox 433 4735 551 4803; x_wconf 92' lang='lat'><strong>(77)</strong></span> <span class='ocrx_word' id='word_1_692' title='bbox 590 4731 833 4785; x_wconf 77' lang='grc' dir='ltr'>Δώδεκα</span> <span class='ocrx_word' id='word_1_693' title='bbox 858 4729 1180 4803; x_wconf 52' lang='grc' dir='ltr'>κώδωνας.</span> <span class='ocrx_word' id='word_1_694' title='bbox 1218 4730 1615 4803; x_wconf 78' lang='lat' dir='ltr'><strong>Nonnullorum</strong></span> <span class='ocrx_word' id='word_1_695' title='bbox 1665 4730 1954 4803; x_wconf 75' lang='lat' dir='ltr'><strong>hominum</strong></span> 
     </span>
    </p>
   </div>
   <div class='ocr_carea' id='block_1_92' title="bbox 356 4800 1955 4870">
    <p class='ocr_par' dir='ltr' id='par_1_92' title="bbox 356 4800 1955 4870">
     <span class='ocr_line' id='line_1_92' title="bbox 356 4800 1955 4870; baseline -0.001 -15"><span class='ocrx_word' id='word_1_696' title='bbox 356 4800 724 4868; x_wconf 64' lang='lat' dir='ltr'><strong>supereilium</strong></span> <span class='ocrx_word' id='word_1_697' title='bbox 766 4803 815 4853; x_wconf 90' lang='lat' dir='ltr'><strong>in</strong></span> <span class='ocrx_word' id='word_1_698' title='bbox 856 4802 955 4854; x_wconf 83' lang='lat' dir='ltr'><strong>hac</strong></span> <span class='ocrx_word' id='word_1_699' title='bbox 1000 4802 1294 4870; x_wconf 81' lang='lat' dir='ltr'><strong>allegorica</strong></span> <span class='ocrx_word' id='word_1_700' title='bbox 1334 4800 1788 4870; x_wconf 84' lang='lat' dir='ltr'><strong>interpretatione</strong></span> <span class='ocrx_word' id='word_1_701' title='bbox 1821 4818 1955 4855; x_wconf 87' lang='lat' dir='ltr'><strong>can-</strong></span> 
     </span>
    </p>
   </div>
   <div class='ocr_carea' id='block_1_93' title="bbox 358 4869 1957 4942">
    <p class='ocr_par' dir='ltr' id='par_1_93' title="bbox 358 4869 1957 4942">
     <span class='ocr_line' id='line_1_93' title="bbox 358 4869 1957 4942; baseline -0.001 -15"><span class='ocrx_word' id='word_1_702' title='bbox 358 4892 477 4928; x_wconf 68' lang='lat' dir='ltr'><strong>sam</strong></span> <span class='ocrx_word' id='word_1_703' title='bbox 529 4873 767 4939; x_wconf 84' lang='lat' dir='ltr'><strong>arripuit</strong></span> <span class='ocrx_word' id='word_1_704' title='bbox 817 4871 995 4942; x_wconf 75' lang='lat' dir='ltr'><strong>sancti</strong></span> <span class='ocrx_word' id='word_1_705' title='bbox 1046 4869 1309 4942; x_wconf 77' lang='lat' dir='ltr'><strong>martyris</strong></span> <span class='ocrx_word' id='word_1_706' title='bbox 1360 4869 1621 4924; x_wconf 90' lang='lat' dir='ltr'><strong>irridendi</strong></span> <span class='ocrx_word' id='word_1_707' title='bbox 1671 4880 1725 4924; x_wconf 92' lang='lat' dir='ltr'><strong>et</strong></span> <span class='ocrx_word' id='word_1_708' title='bbox 1770 4873 1957 4942; x_wconf 78' lang='lat' dir='ltr'><strong>exagi-</strong></span> 
     </span>
    </p>
   </div>
   <div class='ocr_carea' id='block_1_94' title="bbox 359 4938 1951 4998">
    <p class='ocr_par' dir='ltr' id='par_1_94' title="bbox 359 4938 1951 4998">
     <span class='ocr_line' id='line_1_94' title="bbox 359 4938 1951 4998; baseline -0.001 -1"><span class='ocrx_word' id='word_1_709' title='bbox 359 4944 533 4998; x_wconf 80' lang='lat' dir='ltr'><strong>tandi.</strong></span> <span class='ocrx_word' id='word_1_710' title='bbox 560 4938 676 4996; x_wconf 87' lang='lat' dir='ltr'><strong>Sed</strong></span> <span class='ocrx_word' id='word_1_711' title='bbox 703 4957 826 4995; x_wconf 84' lang='lat' dir='ltr'><strong>cum</strong></span> <span class='ocrx_word' id='word_1_712' title='bbox 856 4940 1011 4993; x_wconf 85' lang='lat' dir='ltr'><strong>Philo</strong></span> <span class='ocrx_word' id='word_1_713' title='bbox 1045 4938 1267 4993; x_wconf 59' lang='lat' dir='ltr'><strong>Judaius</strong></span> <span class='ocrx_word' id='word_1_714' title='bbox 1304 4956 1575 4995; x_wconf 90' lang='lat' dir='ltr'><strong>summum</strong></span> <span class='ocrx_word' id='word_1_715' title='bbox 1607 4938 1951 4995; x_wconf 71' lang='lat' dir='ltr'><strong>sacerdotem</strong></span> 
     </span>
    </p>
   </div>
   <div class='ocr_carea' id='block_1_95' title="bbox 358 5010 1955 5076">
    <p class='ocr_par' dir='ltr' id='par_1_95' title="bbox 358 5010 1955 5076">
     <span class='ocr_line' id='line_1_95' title="bbox 358 5010 1955 5076; baseline -0.001 -9"><span class='ocrx_word' id='word_1_716' title='bbox 358 5026 511 5069; x_wconf 79' lang='lat' dir='ltr'><strong>veste</strong></span> <span class='ocrx_word' id='word_1_717' title='bbox 548 5013 715 5064; x_wconf 82' lang='lat' dir='ltr'><strong>talari</strong></span> <span class='ocrx_word' id='word_1_718' title='bbox 756 5012 1003 5063; x_wconf 90' lang='lat' dir='ltr'><strong>indutum</strong></span> <span class='ocrx_word' id='word_1_719' title='bbox 1051 5011 1219 5064; x_wconf 89' lang='lat' dir='ltr'><strong>divini</strong></span> <span class='ocrx_word' id='word_1_720' title='bbox 1278 5011 1440 5065; x_wconf 81' lang='lat' dir='ltr'><strong>Verbi</strong></span> <span class='ocrx_word' id='word_1_721' title='bbox 1497 5010 1787 5076; x_wconf 83' lang='lat' dir='ltr'><strong>imaginem</strong></span> <span class='ocrx_word' id='word_1_722' title='bbox 1832 5028 1955 5066; x_wconf 91' lang='lat' dir='ltr'><strong>esse</strong></span> 
     </span>
    </p>
   </div>
   <div class='ocr_carea' id='block_1_96' title="bbox 362 5080 1955 5149">
    <p class='ocr_par' dir='ltr' id='par_1_96' title="bbox 362 5080 1955 5149">
     <span class='ocr_line' id='line_1_96' title="bbox 362 5080 1955 5149; baseline 0 -14"><span class='ocrx_word' id='word_1_723' title='bbox 362 5087 559 5140; x_wconf 82' lang='lat' dir='ltr'><strong>doceat</strong></span> <span class='ocrx_word' id='word_1_724' title='bbox 597 5082 693 5134; x_wconf 89' lang='lat' dir='ltr'><strong>lib.</strong></span> <span class='ocrx_word' id='word_1_725' title='bbox 724 5083 800 5135; x_wconf 88' lang='lat' dir='ltr'><strong>De</strong></span> <span class='ocrx_word' id='word_1_726' title='bbox 822 5082 1033 5149; x_wconf 79' lang='lat' dir='ltr'><strong>profug.</strong></span> <span class='ocrx_word' id='word_1_727' title='bbox 1064 5096 1187 5149; x_wconf 84' lang='lat' dir='ltr'><strong>pag.</strong></span> <span class='ocrx_word' id='word_1_728' title='bbox 1223 5080 1347 5146; x_wconf 71' lang='grc'>466,</span> <span class='ocrx_word' id='word_1_729' title='bbox 1384 5097 1447 5134; x_wconf 90' lang='lat' dir='ltr'><strong>ac</strong></span> <span class='ocrx_word' id='word_1_730' title='bbox 1485 5082 1537 5133; x_wconf 92' lang='lat' dir='ltr'><strong>in</strong></span> <span class='ocrx_word' id='word_1_731' title='bbox 1578 5080 1725 5133; x_wconf 90' lang='lat' dir='ltr'><strong>illius</strong></span> <span class='ocrx_word' id='word_1_732' title='bbox 1764 5082 1955 5135; x_wconf 86' lang='lat' dir='ltr'><strong>tintin-</strong></span> 
     </span>
    </p>
   </div>
   <div class='ocr_carea' id='block_1_97' title="bbox 362 5152 1954 5221">
    <p class='ocr_par' dir='ltr' id='par_1_97' title="bbox 362 5152 1954 5221">
     <span class='ocr_line' id='line_1_97' title="bbox 362 5152 1954 5221; baseline -0.004 -12"><span class='ocrx_word' id='word_1_733' title='bbox 362 5154 586 5209; x_wconf 77' lang='lat' dir='ltr'><strong>nabulis</strong></span> <span class='ocrx_word' id='word_1_734' title='bbox 624 5152 858 5221; x_wconf 75' lang='lat' dir='ltr'><strong>aliisque</strong></span> <span class='ocrx_word' id='word_1_735' title='bbox 911 5152 1253 5204; x_wconf 84' lang='lat' dir='ltr'><strong>ornamentis</strong></span> <span class='ocrx_word' id='word_1_736' title='bbox 1297 5167 1530 5204; x_wconf 88' lang='lat' dir='ltr'><strong>arcanas</strong></span> <span class='ocrx_word' id='word_1_737' title='bbox 1574 5153 1842 5217; x_wconf 88' lang='lat' dir='ltr'><strong>quasdam</strong></span> <span class='ocrx_word' id='word_1_738' title='bbox 1878 5154 1954 5203; x_wconf 84' lang='lat' dir='ltr'><strong>si-</strong></span> 
     </span>
    </p>
   </div>
   <div class='ocr_carea' id='block_1_98' title="bbox 360 5221 1948 5294">
    <p class='ocr_par' dir='ltr' id='par_1_98' title="bbox 360 5221 1948 5294">
     <span class='ocr_line' id='line_1_98' title="bbox 360 5221 1948 5294; baseline -0.001 -16"><span class='ocrx_word' id='word_1_739' title='bbox 360 5225 751 5294; x_wconf 69' lang='lat' dir='ltr'><strong>gniﬁcationes</strong></span> <span class='ocrx_word' id='word_1_740' title='bbox 774 5232 1129 5294; x_wconf 71' lang='lat' dir='ltr'><strong>persequatur</strong></span> <span class='ocrx_word' id='word_1_741' title='bbox 1159 5222 1253 5275; x_wconf 90' lang='lat' dir='ltr'><strong>lib.</strong></span> <span class='ocrx_word' id='word_1_742' title='bbox 1287 5221 1359 5273; x_wconf 85' lang='lat' dir='ltr'><strong>De</strong></span> <span class='ocrx_word' id='word_1_743' title='bbox 1389 5222 1699 5294; x_wconf 80' lang='lat' dir='ltr'><strong>migratione</strong></span> <span class='ocrx_word' id='word_1_744' title='bbox 1726 5222 1948 5294; x_wconf 60' lang='lat' dir='ltr'><strong>Abralu,</strong></span> 
     </span>
    </p>
   </div>
   <div class='ocr_carea' id='block_1_99' title="bbox 361 5290 1952 5363">
    <p class='ocr_par' dir='ltr' id='par_1_99' title="bbox 361 5290 1952 5363">
     <span class='ocr_line' id='line_1_99' title="bbox 361 5290 1952 5363; baseline -0.007 -10"><span class='ocrx_word' id='word_1_745' title='bbox 361 5290 416 5363; x_wconf 68' lang='grc' dir='ltr'>ᾖ.</span> <span class='ocrx_word' id='word_1_746' title='bbox 454 5295 585 5357; x_wconf 67' lang='grc' dir='ltr'><strong>ιω,</strong></span> <span class='ocrx_word' id='word_1_747' title='bbox 625 5302 680 5346; x_wconf 88' lang='lat' dir='ltr'><strong>et</strong></span> <span class='ocrx_word' id='word_1_748' title='bbox 715 5292 795 5345; x_wconf 86' lang='lat' dir='ltr'><strong>De</strong></span> <span class='ocrx_word' id='word_1_749' title='bbox 818 5292 920 5345; x_wconf 75' lang='lat' dir='ltr'><strong>vita</strong></span> <span class='ocrx_word' id='word_1_750' title='bbox 950 5290 1173 5363; x_wconf 68' lang='lat' dir='ltr'><strong>Moysis,</strong></span> <span class='ocrx_word' id='word_1_751' title='bbox 1209 5307 1261 5358; x_wconf 93' lang='lat' dir='ltr'><strong>p.</strong></span> <span class='ocrx_word' id='word_1_752' title='bbox 1290 5293 1415 5354; x_wconf 80' lang='lat'><strong>675,</strong></span> <span class='ocrx_word' id='word_1_753' title='bbox 1444 5309 1546 5343; x_wconf 87' lang='lat' dir='ltr'><strong>nun</strong></span> <span class='ocrx_word' id='word_1_754' title='bbox 1584 5292 1832 5359; x_wconf 86' lang='lat' dir='ltr'><strong>imperite</strong></span> <span class='ocrx_word' id='word_1_755' title='bbox 1856 5292 1952 5346; x_wconf 78' lang='lat' dir='ltr'><strong>ln-</strong></span> 
     </span>
    </p>
   </div>
   <div class='ocr_carea' id='block_1_100' title="bbox 360 5362 1948 5432">
    <p class='ocr_par' dir='ltr' id='par_1_100' title="bbox 360 5362 1948 5432">
     <span class='ocr_line' id='line_1_100' title="bbox 360 5362 1948 5432; baseline -0.003 -13"><span class='ocrx_word' id='word_1_756' title='bbox 360 5362 544 5420; x_wconf 58' lang='grc' dir='ltr'>ὲιίιιιις</span> <span class='ocrx_word' id='word_1_757' title='bbox 578 5366 647 5416; x_wconf 84' lang='lat' dir='ltr'><strong>ad</strong></span> <span class='ocrx_word' id='word_1_758' title='bbox 686 5362 967 5432; x_wconf 88' lang='lat' dir='ltr'><strong>religionis</strong></span> <span class='ocrx_word' id='word_1_759' title='bbox 998 5362 1369 5432; x_wconf 72' lang='lat' dir='ltr'><strong>tielensionetu</strong></span> <span class='ocrx_word' id='word_1_760' title='bbox 1409 5363 1633 5415; x_wconf 87' lang='lat' dir='ltr'><strong>adhibet</strong></span> <span class='ocrx_word' id='word_1_761' title='bbox 1668 5364 1812 5428; x_wconf 88' lang='lat' dir='ltr'><strong>quod</strong></span> <span class='ocrx_word' id='word_1_762' title='bbox 1851 5363 1948 5432; x_wconf 85' lang='lat' dir='ltr'><strong>ipsi</strong></span> 
     </span>
    </p>
   </div>
   <div class='ocr_carea' id='block_1_101' title="bbox 358 5430 1952 5499">
    <p class='ocr_par' dir='ltr' id='par_1_101' title="bbox 358 5430 1952 5499">
     <span class='ocr_line' id='line_1_101' title="bbox 358 5430 1952 5499; baseline 0 -11"><span class='ocrx_word' id='word_1_763' title='bbox 358 5438 634 5488; x_wconf 52' lang='lat' dir='ltr'><strong>dederant</strong></span> <span class='ocrx_word' id='word_1_764' title='bbox 659 5430 986 5486; x_wconf 65' lang='lat' dir='ltr'><strong>adversarii.</strong></span> <span class='ocrx_word' id='word_1_765' title='bbox 1027 5430 1143 5485; x_wconf 89' lang='lat' dir='ltr'><strong>Huc</strong></span> <span class='ocrx_word' id='word_1_766' title='bbox 1180 5434 1387 5485; x_wconf 89' lang='lat' dir='ltr'><strong>accedit</strong></span> <span class='ocrx_word' id='word_1_767' title='bbox 1424 5433 1568 5499; x_wconf 90' lang='lat' dir='ltr'><strong>quod</strong></span> <span class='ocrx_word' id='word_1_768' title='bbox 1606 5432 1845 5486; x_wconf 70' lang='lat' dir='ltr'><strong>hmretici</strong></span> <span class='ocrx_word' id='word_1_769' title='bbox 1871 5430 1952 5488; x_wconf 75' lang='lat' dir='ltr'><strong>de</strong></span> 
     </span>
    </p>
   </div>
   <div class='ocr_carea' id='block_1_102' title="bbox 360 5501 1951 5572">
    <p class='ocr_par' dir='ltr' id='par_1_102' title="bbox 360 5501 1951 5572">
     <span class='ocr_line' id='line_1_102' title="bbox 360 5501 1951 5572; baseline -0.003 -12"><span class='ocrx_word' id='word_1_770' title='bbox 360 5503 753 5561; x_wconf 83' lang='lat' dir='ltr'><strong>tintinnabulis</strong></span> <span class='ocrx_word' id='word_1_771' title='bbox 776 5504 941 5555; x_wconf 88' lang='lat' dir='ltr'><strong>multa</strong></span> <span class='ocrx_word' id='word_1_772' title='bbox 974 5502 1310 5572; x_wconf 78' lang='lat' dir='ltr'><strong>perabsurde</strong></span> <span class='ocrx_word' id='word_1_773' title='bbox 1348 5502 1715 5572; x_wconf 86' lang='lat' dir='ltr'><strong>nngabantur.</strong></span> <span class='ocrx_word' id='word_1_774' title='bbox 1755 5501 1951 5555; x_wconf 84' lang='lat' dir='ltr'><strong>Valen-</strong></span> 
     </span>
    </p>
   </div>
   <div class='ocr_carea' id='block_1_103' title="bbox 360 5570 1948 5640">
    <p class='ocr_par' dir='ltr' id='par_1_103' title="bbox 360 5570 1948 5640">
     <span class='ocr_line' id='line_1_103' title="bbox 360 5570 1948 5640; baseline -0.003 -11"><span class='ocrx_word' id='word_1_775' title='bbox 360 5577 559 5629; x_wconf 79' lang='lat' dir='ltr'><strong>tiniani</strong></span> <span class='ocrx_word' id='word_1_776' title='bbox 616 5574 903 5627; x_wconf 89' lang='lat' dir='ltr'><strong>duodecim</strong></span> <span class='ocrx_word' id='word_1_777' title='bbox 958 5573 1165 5640; x_wconf 70' lang='lat' dir='ltr'><strong>pri-nos</strong></span> <span class='ocrx_word' id='word_1_778' title='bbox 1199 5570 1747 5638; x_wconf 52' lang='lat' dir='ltr'><strong>onnes&#39;siguilicari</strong></span> <span class='ocrx_word' id='word_1_779' title='bbox 1802 5574 1948 5625; x_wconf 85' lang='lat' dir='ltr'><strong>vole-</strong></span> 
     </span>
    </p>
   </div>
   <div class='ocr_carea' id='block_1_104' title="bbox 358 5640 1950 5710">
    <p class='ocr_par' dir='ltr' id='par_1_104' title="bbox 358 5640 1950 5710">
     <span class='ocr_line' id='line_1_104' title="bbox 358 5640 1950 5710; baseline -0.004 -9"><span class='ocrx_word' id='word_1_780' title='bbox 358 5647 519 5707; x_wconf 79' lang='lat' dir='ltr'><strong>bant,</strong></span> <span class='ocrx_word' id='word_1_781' title='bbox 550 5653 613 5699; x_wconf 86' lang='lat' dir='ltr'><strong>nt</strong></span> <span class='ocrx_word' id='word_1_782' title='bbox 648 5651 880 5697; x_wconf 81' lang='lat' dir='ltr'><strong>testatur</strong></span> <span class='ocrx_word' id='word_1_783' title='bbox 912 5640 1152 5695; x_wconf 69' lang='lat' dir='ltr'><strong>Irenazns</strong></span> <span class='ocrx_word' id='word_1_784' title='bbox 1188 5643 1281 5695; x_wconf 89' lang='lat' dir='ltr'><strong>lib.</strong></span> <span class='ocrx_word' id='word_1_785' title='bbox 1318 5658 1356 5705; x_wconf 86' lang='grc' dir='ltr'><strong>ι,</strong></span> <span class='ocrx_word' id='word_1_786' title='bbox 1387 5657 1507 5710; x_wconf 87' lang='lat' dir='ltr'><strong>cap.</strong></span> <span class='ocrx_word' id='word_1_787' title='bbox 1549 5642 1634 5694; x_wconf 83' lang='lat' dir='ltr'><strong>ll.</strong></span> <span class='ocrx_word' id='word_1_788' title='bbox 1663 5640 1829 5694; x_wconf 83' lang='lat' dir='ltr'><strong>Multo</strong></span> <span class='ocrx_word' id='word_1_789' title='bbox 1854 5643 1950 5695; x_wconf 78' lang='lat' dir='ltr'><strong>de-</strong></span> 
     </span>
    </p>
   </div>
   <div class='ocr_carea' id='block_1_105' title="bbox 361 5711 1950 5781">
    <p class='ocr_par' dir='ltr' id='par_1_105' title="bbox 361 5711 1950 5781">
     <span class='ocr_line' id='line_1_105' title="bbox 361 5711 1950 5781; baseline -0.006 -10"><span class='ocrx_word' id='word_1_790' title='bbox 361 5716 674 5771; x_wconf 55' lang='lat' dir='ltr'><strong>testabilior</strong></span> <span class='ocrx_word' id='word_1_791' title='bbox 726 5712 1116 5768; x_wconf 80' lang='lat' dir='ltr'><strong>Gnosticorum</strong></span> <span class='ocrx_word' id='word_1_792' title='bbox 1173 5713 1444 5781; x_wconf 84' lang='lat' dir='ltr'><strong>impietas,</strong></span> <span class='ocrx_word' id='word_1_793' title='bbox 1490 5711 1604 5779; x_wconf 82' lang='lat' dir='ltr'><strong>qui.</strong></span> <span class='ocrx_word' id='word_1_794' title='bbox 1646 5720 1786 5764; x_wconf 84' lang='lat' dir='ltr'><strong>teste</strong></span> <span class='ocrx_word' id='word_1_795' title='bbox 1824 5712 1950 5781; x_wconf 85' lang='lat' dir='ltr'><strong>Epi-</strong></span> 
     </span>
    </p>
   </div>
   <div class='ocr_carea' id='block_1_106' title="bbox 365 5781 1944 5855">
    <p class='ocr_par' dir='ltr' id='par_1_106' title="bbox 365 5781 1944 5855">
     <span class='ocr_line' id='line_1_106' title="bbox 365 5781 1944 5855; baseline -0.002 -17"><span class='ocrx_word' id='word_1_796' title='bbox 365 5787 591 5855; x_wconf 70' lang='lat' dir='ltr'><strong>phanio,</strong></span> <span class='ocrx_word' id='word_1_797' title='bbox 642 5788 840 5838; x_wconf 66' lang='lat' dir='ltr'><strong>haeres.</strong></span> <span class='ocrx_word' id='word_1_798' title='bbox 872 5781 985 5855; x_wconf 5' lang='lat'><strong>26,-,</strong></span> <span class='ocrx_word' id='word_1_799' title='bbox 1009 5796 1136 5851; x_wconf 79' lang='lat' dir='ltr'><strong>pag.</strong></span> <span class='ocrx_word' id='word_1_800' title='bbox 1165 5781 1655 5855; x_wconf 65' lang='lat' dir='ltr'><strong>94,_tintinnahu_la</strong></span> <span class='ocrx_word' id='word_1_801' title='bbox 1714 5784 1855 5837; x_wconf 86' lang='lat' dir='ltr'><strong>hunc</strong></span> <span class='ocrx_word' id='word_1_802' title='bbox 1892 5784 1944 5836; x_wconf 85' lang='lat' dir='ltr'><strong>in</strong></span> 
     </span>
    </p>
   </div>
   <div class='ocr_carea' id='block_1_107' title="bbox 368 5851 1943 5923">
    <p class='ocr_par' dir='ltr' id='par_1_107' title="bbox 368 5851 1943 5923">
     <span class='ocr_line' id='line_1_107' title="bbox 368 5851 1943 5923; baseline -0.002 -11"><span class='ocrx_word' id='word_1_803' title='bbox 368 5851 528 5914; x_wconf 75' lang='lat' dir='ltr'><strong>imm</strong></span> <span class='ocrx_word' id='word_1_804' title='bbox 567 5855 818 5913; x_wconf 75' lang='lat' dir='ltr'><strong>instituta</strong></span> <span class='ocrx_word' id='word_1_805' title='bbox 854 5854 1131 5921; x_wconf 79' lang='lat' dir='ltr'><strong>dicebant,</strong></span> <span class='ocrx_word' id='word_1_806' title='bbox 1170 5864 1229 5910; x_wconf 87' lang='lat' dir='ltr'><strong>ut</strong></span> <span class='ocrx_word' id='word_1_807' title='bbox 1262 5851 1573 5908; x_wconf 69' lang='lat' dir='ltr'><strong>ludmorum</strong></span> <span class='ocrx_word' id='word_1_808' title='bbox 1598 5852 1759 5923; x_wconf 79' lang='lat' dir='ltr'><strong>Deus,</strong></span> <span class='ocrx_word' id='word_1_809' title='bbox 1784 5866 1943 5923; x_wconf 81' lang='lat' dir='ltr'><strong>quem</strong></span> 
     </span>
    </p>
   </div>
   <div class='ocr_carea' id='block_1_108' title="bbox 2060 4592 3636 4661">
    <p class='ocr_par' dir='ltr' id='par_1_108' title="bbox 2060 4592 3636 4661">
     <span class='ocr_line' id='line_1_108' title="bbox 2060 4592 3636 4661; baseline -0.002 -12"><span class='ocrx_word' id='word_1_810' title='bbox 2060 4607 2179 4649; x_wconf 88' lang='lat' dir='ltr'><strong>sese</strong></span> <span class='ocrx_word' id='word_1_811' title='bbox 2224 4592 2603 4648; x_wconf 72' lang='lat' dir='ltr'><strong>subtraheret.</strong></span> <span class='ocrx_word' id='word_1_812' title='bbox 2633 4592 2771 4659; x_wconf 89' lang='lat' dir='ltr'><strong>Quid</strong></span> <span class='ocrx_word' id='word_1_813' title='bbox 2828 4596 3025 4647; x_wconf 90' lang='lat' dir='ltr'><strong>mirum</strong></span> <span class='ocrx_word' id='word_1_814' title='bbox 3062 4595 3107 4649; x_wconf 91' lang='lat' dir='ltr'><strong>si</strong></span> <span class='ocrx_word' id='word_1_815' title='bbox 3144 4592 3415 4654; x_wconf 88' lang='lat' dir='ltr'><strong>Justinus,</strong></span> <span class='ocrx_word' id='word_1_816' title='bbox 3451 4594 3542 4661; x_wconf 93' lang='lat' dir='ltr'><strong>qui</strong></span> <span class='ocrx_word' id='word_1_817' title='bbox 3580 4593 3636 4646; x_wconf 91' lang='lat' dir='ltr'><strong>in</strong></span> 
     </span>
    </p>
   </div>
   <div class='ocr_carea' id='block_1_109' title="bbox 2063 4662 3639 4731">
    <p class='ocr_par' dir='ltr' id='par_1_109' title="bbox 2063 4662 3639 4731">
     <span class='ocr_line' id='line_1_109' title="bbox 2063 4662 3639 4731; baseline -0.002 -13"><span class='ocrx_word' id='word_1_818' title='bbox 2063 4663 2376 4718; x_wconf 74' lang='lat' dir='ltr'><strong>rel‘ellendis</strong></span> <span class='ocrx_word' id='word_1_819' title='bbox 2407 4663 2682 4717; x_wconf 68' lang='lat' dir='ltr'><strong>haereticis</strong></span> <span class='ocrx_word' id='word_1_820' title='bbox 2701 4672 2845 4718; x_wconf 91' lang='lat' dir='ltr'><strong>totus</strong></span> <span class='ocrx_word' id='word_1_821' title='bbox 2869 4674 3006 4729; x_wconf 90' lang='lat' dir='ltr'><strong>erat,</strong></span> <span class='ocrx_word' id='word_1_822' title='bbox 3034 4665 3278 4718; x_wconf 89' lang='lat' dir='ltr'><strong>saniores</strong></span> <span class='ocrx_word' id='word_1_823' title='bbox 3302 4662 3639 4731; x_wconf 86' lang='lat' dir='ltr'><strong>interpreta-</strong></span> 
     </span>
    </p>
   </div>
   <div class='ocr_carea' id='block_1_110' title="bbox 2062 4732 3633 4803">
    <p class='ocr_par' dir='ltr' id='par_1_110' title="bbox 2062 4732 3633 4803">
     <span class='ocr_line' id='line_1_110' title="bbox 2062 4732 3633 4803; baseline 0.002 -16"><span class='ocrx_word' id='word_1_824' title='bbox 2062 4734 2439 4800; x_wconf 88' lang='lat' dir='ltr'><strong>tionesimpiis</strong></span> <span class='ocrx_word' id='word_1_825' title='bbox 2460 4748 2647 4787; x_wconf 87' lang='lat' dir='ltr'><strong>eorum</strong></span> <span class='ocrx_word' id='word_1_826' title='bbox 2678 4735 3105 4803; x_wconf 84' lang='lat' dir='ltr'><strong>nugisopponit?</strong></span> <span class='ocrx_word' id='word_1_827' title='bbox 3133 4734 3254 4787; x_wconf 87' lang='lat' dir='ltr'><strong>Vid.</strong></span> <span class='ocrx_word' id='word_1_828' title='bbox 3279 4732 3451 4803; x_wconf 83' lang='lat' dir='ltr'><strong>Clem.</strong></span> <span class='ocrx_word' id='word_1_829' title='bbox 3476 4732 3633 4790; x_wconf 79' lang='lat' dir='ltr'><strong>Alex.</strong></span> 
     </span>
    </p>
   </div>
   <div class='ocr_carea' id='block_1_111' title="bbox 2060 4802 3632 4874">
    <p class='ocr_par' dir='ltr' id='par_1_111' title="bbox 2060 4802 3632 4874">
     <span class='ocr_line' id='line_1_111' title="bbox 2060 4802 3632 4874; baseline -0.001 -15"><span class='ocrx_word' id='word_1_830' title='bbox 2060 4804 2264 4859; x_wconf 86' lang='lat' dir='ltr'><strong>Strom.</strong></span> <span class='ocrx_word' id='word_1_831' title='bbox 2300 4821 2358 4869; x_wconf 89' lang='lat' dir='ltr'><strong>v,</strong></span> <span class='ocrx_word' id='word_1_832' title='bbox 2396 4819 2448 4874; x_wconf 75' lang='lat' dir='ltr'><strong>p.</strong></span> <span class='ocrx_word' id='word_1_833' title='bbox 2496 4804 2624 4867; x_wconf 79' lang='grc'>561,</span> <span class='ocrx_word' id='word_1_834' title='bbox 2663 4814 2715 4858; x_wconf 92' lang='lat' dir='ltr'><strong>et</strong></span> <span class='ocrx_word' id='word_1_835' title='bbox 2750 4802 3022 4873; x_wconf 27' lang='lat' dir='ltr'><strong>seqq.’—</strong></span> <span class='ocrx_word' id='word_1_836' title='bbox 3053 4804 3289 4858; x_wconf 85' lang='grc' dir='ltr'>Δώδεκα</span> <span class='ocrx_word' id='word_1_837' title='bbox 3333 4802 3632 4869; x_wconf 76' lang='grc' dir='ltr'>κώδωνας.</span> 
     </span>
    </p>
   </div>
   <div class='ocr_carea' id='block_1_112' title="bbox 2062 4872 3631 4945">
    <p class='ocr_par' dir='ltr' id='par_1_112' title="bbox 2062 4872 3631 4945">
     <span class='ocr_line' id='line_1_112' title="bbox 2062 4872 3631 4945; baseline 0 -19"><span class='ocrx_word' id='word_1_838' title='bbox 2062 4875 2358 4945; x_wconf 89' lang='lat' dir='ltr'><strong>Duodecim</strong></span> <span class='ocrx_word' id='word_1_839' title='bbox 2398 4872 2597 4930; x_wconf 54' lang='lat' dir='ltr'><strong>&#39;l&#39;uisse</strong></span> <span class='ocrx_word' id='word_1_840' title='bbox 2666 4872 3032 4929; x_wconf 86' lang='lat' dir='ltr'><strong>tintinnabula</strong></span> <span class='ocrx_word' id='word_1_841' title='bbox 3103 4891 3279 4945; x_wconf 91' lang='lat' dir='ltr'><strong>neque</strong></span> <span class='ocrx_word' id='word_1_842' title='bbox 3348 4874 3631 4945; x_wconf 52' lang='lat' dir='ltr'><strong>ﬁeriptnra</strong></span> 
     </span>
    </p>
   </div>
   <div class='ocr_carea' id='block_1_113' title="bbox 2086 4942 3635 5016">
    <p class='ocr_par' dir='ltr' id='par_1_113' title="bbox 2086 4942 3635 5016">
     <span class='ocr_line' id='line_1_113' title="bbox 2086 4942 3635 5016; baseline 0.001 -19"><span class='ocrx_word' id='word_1_843' title='bbox 2086 4945 2253 5016; x_wconf 80' lang='lat' dir='ltr'><strong>Exod.</strong></span> <span class='ocrx_word' id='word_1_844' title='bbox 2293 4959 2488 5007; x_wconf 79' lang='lat' dir='ltr'><strong>xxvm,</strong></span> <span class='ocrx_word' id='word_1_845' title='bbox 2544 4945 2635 5011; x_wconf 77' lang='grc'><strong>55,</strong></span> <span class='ocrx_word' id='word_1_846' title='bbox 2672 4945 2853 5016; x_wconf 81' lang='lat' dir='ltr'><strong>seqq.)</strong></span> <span class='ocrx_word' id='word_1_847' title='bbox 2879 5015 2884 5016; x_wconf 13' lang='grc' dir='ltr'><em>γ</em></span> <span class='ocrx_word' id='word_1_848' title='bbox 2912 4946 3101 5013; x_wconf 80' lang='lat' dir='ltr'><strong>refert,</strong></span> <span class='ocrx_word' id='word_1_849' title='bbox 3142 4942 3314 5016; x_wconf 77' lang='lat' dir='ltr'><strong>neque</strong></span> <span class='ocrx_word' id='word_1_850' title='bbox 3360 4942 3635 5016; x_wconf 79' lang='lat' dir='ltr'><strong>Josephns</strong></span> 
     </span>
    </p>
   </div>
   <div class='ocr_carea' id='block_1_114' title="bbox 2084 5013 3637 5138">
    <p class='ocr_par' dir='ltr' id='par_1_114' title="bbox 2084 5013 3637 5138">
     <span class='ocr_line' id='line_1_114' title="bbox 2084 5013 3637 5138; baseline -0.001 -70"><span class='ocrx_word' id='word_1_851' title='bbox 2084 5015 2290 5138; x_wconf 51' lang='grc' dir='ltr'>Αηιὶῇςι.</span> <span class='ocrx_word' id='word_1_852' title='bbox 2327 5015 2458 5069; x_wconf 83' lang='lat' dir='ltr'><strong>Jud.</strong></span> <span class='ocrx_word' id='word_1_853' title='bbox 2505 5030 2587 5082; x_wconf 88' lang='grc' dir='ltr'>ιιι,</span> <span class='ocrx_word' id='word_1_854' title='bbox 2623 5031 2672 5070; x_wconf 92' lang='lat' dir='ltr'><strong>c.</strong></span> <span class='ocrx_word' id='word_1_855' title='bbox 2706 5015 2758 5079; x_wconf 91' lang='lat'><strong>7,</strong></span> <span class='ocrx_word' id='word_1_856' title='bbox 2799 5013 2915 5087; x_wconf 64' lang='lat'><strong>§&#39;4,</strong></span> <span class='ocrx_word' id='word_1_857' title='bbox 2954 5031 3106 5085; x_wconf 89' lang='lat' dir='ltr'><strong>seqq.</strong></span> <span class='ocrx_word' id='word_1_858' title='bbox 3147 5014 3316 5097; x_wconf 40' lang='lat' dir='ltr'><strong>[Opp..</strong></span> <span class='ocrx_word' id='word_1_859' title='bbox 3341 5016 3427 5066; x_wconf 91' lang='lat' dir='ltr'><strong>ed.</strong></span> <span class='ocrx_word' id='word_1_860' title='bbox 3467 5013 3637 5066; x_wconf 74' lang='grc' dir='ltr'>ιιίριι-</span> 
     </span>
     <span class='ocr_line' id='line_1_115' title="bbox 2084 5083 3634 5138; baseline -0.001 -1"><span class='ocrx_word' id='word_1_861' title='bbox 2084 5101 2159 5137; x_wconf 87' lang='lat' dir='ltr'><strong>er.</strong></span> <span class='ocrx_word' id='word_1_862' title='bbox 2260 5102 2371 5138; x_wconf 92' lang='lat' dir='ltr'><strong>om.</strong></span> <span class='ocrx_word' id='word_1_863' title='bbox 2430 5083 2496 5138; x_wconf 81' lang='grc'><strong>1.]</strong></span> <span class='ocrx_word' id='word_1_864' title='bbox 2551 5101 2603 5138; x_wconf 86' lang='grc' dir='ltr'><strong>ιι.</strong></span> <span class='ocrx_word' id='word_1_865' title='bbox 2664 5086 2790 5138; x_wconf 73' lang='grc'><strong>145.</strong></span> <span class='ocrx_word' id='word_1_866' title='bbox 2842 5086 3045 5138; x_wconf 68' lang='lat' dir='ltr'><strong>senml.</strong></span> <span class='ocrx_word' id='word_1_867' title='bbox 3095 5085 3461 5138; x_wconf 82' lang='lat' dir='ltr'><strong>Tertullianus</strong></span> <span class='ocrx_word' id='word_1_868' title='bbox 3514 5088 3634 5135; x_wconf 80' lang='lat' dir='ltr'><strong>adv.</strong></span> 
     </span>
    </p>
   </div>
   <div class='ocr_carea' id='block_1_115' title="bbox 2056 5085 3634 5157">
    <p class='ocr_par' dir='ltr' id='par_1_115' title="bbox 2056 5085 3634 5157">
     <span class='ocr_line' id='line_1_116' title="bbox 2056 5085 3634 5157; baseline -0.002 -20"><span class='ocrx_word' id='word_1_869' title='bbox 2056 5093 2159 5157; x_wconf 83' lang='lat' dir='ltr'><strong>t_e_r.</strong></span> <span class='ocrx_word' id='word_1_870' title='bbox 2214 5085 2371 5139; x_wconf 85' lang='lat' dir='ltr'><strong>Tom.</strong></span> <span class='ocrx_word' id='word_1_871' title='bbox 2430 5085 2496 5157; x_wconf 82' lang='grc'><strong>1.]</strong></span> <span class='ocrx_word' id='word_1_872' title='bbox 2551 5101 2603 5157; x_wconf 64' lang='grc' dir='ltr'><strong>ιι.</strong></span> <span class='ocrx_word' id='word_1_873' title='bbox 2664 5085 3045 5157; x_wconf 58' lang='grc' dir='ltr'><strong>145,’δε(ι(ι.).</strong></span> <span class='ocrx_word' id='word_1_874' title='bbox 3095 5085 3461 5157; x_wconf 78' lang='lat' dir='ltr'><strong>Tertullianus</strong></span> <span class='ocrx_word' id='word_1_875' title='bbox 3514 5088 3634 5157; x_wconf 61' lang='lat' dir='ltr'><strong>udo.</strong></span> 
     </span>
    </p>
   </div>
   <div class='ocr_carea' id='block_1_116' title="bbox 2056 5154 3633 5227">
    <p class='ocr_par' dir='ltr' id='par_1_116' title="bbox 2056 5154 3633 5227">
     <span class='ocr_line' id='line_1_117' title="bbox 2056 5154 3633 5227; baseline -0.001 -20"><span class='ocrx_word' id='word_1_876' title='bbox 2056 5154 2229 5208; x_wconf 78' lang='lat' dir='ltr'><strong>Marc.</strong></span> <span class='ocrx_word' id='word_1_877' title='bbox 2259 5171 2331 5219; x_wconf 80' lang='grc' dir='ltr'><strong>ιν,</strong></span> <span class='ocrx_word' id='word_1_878' title='bbox 2357 5170 2407 5210; x_wconf 92' lang='lat' dir='ltr'><strong>c.</strong></span> <span class='ocrx_word' id='word_1_879' title='bbox 2445 5154 2514 5209; x_wconf 75' lang='lat'><strong>13</strong></span> <span class='ocrx_word' id='word_1_880' title='bbox 2544 5156 2702 5227; x_wconf 85' lang='lat' dir='ltr'><strong>(Opp.</strong></span> <span class='ocrx_word' id='word_1_881' title='bbox 2739 5158 2825 5227; x_wconf 90' lang='lat' dir='ltr'><strong>ed.</strong></span> <span class='ocrx_word' id='word_1_882' title='bbox 2862 5154 3119 5225; x_wconf 82' lang='lat' dir='ltr'><strong>Leopold.</strong></span> <span class='ocrx_word' id='word_1_883' title='bbox 3154 5158 3211 5214; x_wconf 89' lang='lat' dir='ltr'><strong>P.</strong></span> <span class='ocrx_word' id='word_1_884' title='bbox 3251 5156 3383 5227; x_wconf 72' lang='lat' dir='ltr'><strong>Ill),</strong></span> <span class='ocrx_word' id='word_1_885' title='bbox 3413 5169 3468 5227; x_wconf 68' lang='grc' dir='ltr'><strong>ιι.</strong></span> <span class='ocrx_word' id='word_1_886' title='bbox 3511 5155 3633 5218; x_wconf 75' lang='lat'><strong>172,</strong></span> 
     </span>
    </p>
   </div>
   <div class='ocr_carea' id='block_1_117' title="bbox 2055 5224 3633 5297">
    <p class='ocr_par' dir='ltr' id='par_1_117' title="bbox 2055 5224 3633 5297">
     <span class='ocr_line' id='line_1_118' title="bbox 2055 5224 3633 5297; baseline 0 -20"><span class='ocrx_word' id='word_1_887' title='bbox 2055 5226 2342 5297; x_wconf 86' lang='lat' dir='ltr'><strong>duodecim</strong></span> <span class='ocrx_word' id='word_1_888' title='bbox 2380 5224 2661 5296; x_wconf 74' lang='lat' dir='ltr'><strong>apostdlos</strong></span> <span class='ocrx_word' id='word_1_889' title='bbox 2691 5226 2949 5295; x_wconf 89' lang='lat' dir='ltr'><strong>Opinatur</strong></span> <span class='ocrx_word' id='word_1_890' title='bbox 2976 5224 3388 5297; x_wconf 69' lang='lat' dir='ltr'><strong>prtesigniﬁcari</strong></span> <span class='ocrx_word' id='word_1_891' title='bbox 3421 5224 3633 5297; x_wconf 57' lang='lat' dir='ltr'><strong>duode-</strong></span> 
     </span>
    </p>
   </div>
   <div class='ocr_carea' id='block_1_118' title="bbox 2054 5293 3632 5364">
    <p class='ocr_par' dir='ltr' id='par_1_118' title="bbox 2054 5293 3632 5364">
     <span class='ocr_line' id='line_1_119' title="bbox 2054 5293 3632 5364; baseline -0.001 -17"><span class='ocrx_word' id='word_1_892' title='bbox 2054 5296 2158 5348; x_wconf 93' lang='lat' dir='ltr'><strong>cim</strong></span> <span class='ocrx_word' id='word_1_893' title='bbox 2214 5293 2445 5364; x_wconf 78' lang='lat' dir='ltr'><strong>gemmis</strong></span> <span class='ocrx_word' id='word_1_894' title='bbox 2480 5298 2532 5350; x_wconf 91' lang='lat' dir='ltr'><strong>in</strong></span> <span class='ocrx_word' id='word_1_895' title='bbox 2573 5293 2754 5350; x_wconf 82' lang='lat' dir='ltr'><strong>tunica</strong></span> <span class='ocrx_word' id='word_1_896' title='bbox 2798 5293 3395 5350; x_wconf 51' lang='lat' dir='ltr'><strong>saccrdotali‘Aaronis</strong></span> <span class='ocrx_word' id='word_1_897' title='bbox 3436 5293 3632 5363; x_wconf 76' lang='lat' dir='ltr'><strong>(Exod.</strong></span> 
     </span>
    </p>
   </div>
   <div class='ocr_carea' id='block_1_119' title="bbox 2056 5366 3632 5449">
    <p class='ocr_par' dir='ltr' id='par_1_119' title="bbox 2056 5366 3632 5449">
     <span class='ocr_line' id='line_1_120' title="bbox 2056 5366 3632 5449; baseline 0.001 -32"><span class='ocrx_word' id='word_1_898' title='bbox 2056 5381 2247 5431; x_wconf 79' lang='lat' dir='ltr'><strong>xxvm,</strong></span> <span class='ocrx_word' id='word_1_899' title='bbox 2274 5369 2357 5449; x_wconf 37' lang='grc' dir='ltr'>λιι,</span> <span class='ocrx_word' id='word_1_900' title='bbox 2413 5366 2618 5449; x_wconf 59' lang='grc' dir='ltr'>δορα).</span> <span class='ocrx_word' id='word_1_901' title='bbox 2657 5367 2881 5449; x_wconf 43' lang='lat' dir='ltr'><strong>.Quibus</strong></span> <span class='ocrx_word' id='word_1_902' title='bbox 2934 5367 3338 5449; x_wconf 40' lang='lat' dir='ltr'><strong>cnmngeinmli‘s</strong></span> <span class='ocrx_word' id='word_1_903' title='bbox 3382 5366 3632 5419; x_wconf 86' lang='lat' dir='ltr'><strong>Justinus</strong></span> 
     </span>
    </p>
   </div>
   <div class='ocr_carea' id='block_1_120' title="bbox 2054 5435 3454 5492">
    <p class='ocr_par' dir='ltr' id='par_1_120' title="bbox 2054 5435 3454 5492">
     <span class='ocr_line' id='line_1_121' title="bbox 2054 5435 3454 5492; baseline -0.001 -3"><span class='ocrx_word' id='word_1_904' title='bbox 2054 5448 2239 5489; x_wconf 87' lang='lat' dir='ltr'><strong>noster</strong></span> <span class='ocrx_word' id='word_1_905' title='bbox 2273 5435 2506 5491; x_wconf 82' lang='lat' dir='ltr'><strong>fortasse</strong></span> <span class='ocrx_word' id='word_1_906' title='bbox 2552 5435 2912 5491; x_wconf 84' lang='lat' dir='ltr'><strong>tintinnabula</strong></span> <span class='ocrx_word' id='word_1_907' title='bbox 2961 5435 3231 5492; x_wconf 84' lang='lat' dir='ltr'><strong>confudit.</strong></span> <span class='ocrx_word' id='word_1_908' title='bbox 3276 5437 3454 5492; x_wconf 80' lang='grc' dir='ltr'>Οττο.</span> 
     </span>
    </p>
   </div>
   <div class='ocr_carea' id='block_1_121' title="bbox 2120 5503 3634 5629">
    <p class='ocr_par' dir='ltr' id='par_1_121' title="bbox 2120 5503 3634 5629">
     <span class='ocr_line' id='line_1_122' title="bbox 2120 5503 3634 5629; baseline -0.001 -71"><span class='ocrx_word' id='word_1_909' title='bbox 2120 5506 2234 5629; x_wconf 54' lang='grc' dir='ltr'><strong>(78ὲ</strong></span> <span class='ocrx_word' id='word_1_910' title='bbox 2260 5505 2358 5559; x_wconf 85' lang='grc' dir='ltr'><strong>Διό</strong></span> <span class='ocrx_word' id='word_1_911' title='bbox 2404 5506 2565 5577; x_wconf 74' lang='grc' dir='ltr'>λέγει</span> <span class='ocrx_word' id='word_1_912' title='bbox 2602 5508 2811 5591; x_wconf 58' lang='grc' dir='ltr'>οιῗντως.</span> <span class='ocrx_word' id='word_1_913' title='bbox 2844 5507 3153 5592; x_wconf 44' lang='grc' dir='ltr'>ιιρειίιιιιιιιιι</span> <span class='ocrx_word' id='word_1_914' title='bbox 3185 5508 3409 5592; x_wconf 66' lang='lat' dir='ltr'><strong>coniicit</strong></span> <span class='ocrx_word' id='word_1_915' title='bbox 3450 5503 3634 5587; x_wconf 82' lang='lat' dir='ltr'><strong>Thirl-</strong></span> 
     </span>
     <span class='ocr_line' id='line_1_123' title="bbox 2120 5575 3632 5629; baseline -0.001 0"><span class='ocrx_word' id='word_1_916' title='bbox 2120 5594 2174 5629; x_wconf 85' lang='lat' dir='ltr'><strong>ns</strong></span> <span class='ocrx_word' id='word_1_917' title='bbox 2239 5577 2433 5629; x_wconf 78' lang='grc' dir='ltr'>υνάαει</span> <span class='ocrx_word' id='word_1_918' title='bbox 2465 5577 2729 5629; x_wconf 77' lang='grc' dir='ltr'>δηλονοτι.</span> <span class='ocrx_word' id='word_1_919' title='bbox 2756 5577 2910 5629; x_wconf 79' lang='grc' dir='ltr'>λέγει</span> <span class='ocrx_word' id='word_1_920' title='bbox 2941 5595 3135 5629; x_wconf 75' lang='grc' dir='ltr'>ουτως.</span> <span class='ocrx_word' id='word_1_921' title='bbox 3175 5580 3280 5629; x_wconf 73' lang='lat' dir='ltr'><strong>bed</strong></span> <span class='ocrx_word' id='word_1_922' title='bbox 3322 5580 3459 5629; x_wconf 80' lang='lat' dir='ltr'><strong>forte</strong></span> <span class='ocrx_word' id='word_1_923' title='bbox 3503 5575 3632 5629; x_wconf 82' lang='lat' dir='ltr'><strong>Illud</strong></span> 
     </span>
    </p>
   </div>
   <div class='ocr_carea' id='block_1_122' title="bbox 2052 5575 3632 5649">
    <p class='ocr_par' dir='ltr' id='par_1_122' title="bbox 2052 5575 3632 5649">
     <span class='ocr_line' id='line_1_124' title="bbox 2052 5575 3632 5649; baseline -0.001 -20"><span class='ocrx_word' id='word_1_924' title='bbox 2052 5575 2174 5649; x_wconf 81' lang='lat' dir='ltr'><strong>bins</strong></span> <span class='ocrx_word' id='word_1_925' title='bbox 2205 5575 2433 5648; x_wconf 86' lang='grc' dir='ltr'>δυνάμει</span> <span class='ocrx_word' id='word_1_926' title='bbox 2465 5575 2729 5649; x_wconf 85' lang='grc' dir='ltr'>δηλονότι,</span> <span class='ocrx_word' id='word_1_927' title='bbox 2756 5575 3135 5646; x_wconf 73' lang='grc' dir='ltr'>λέγειόὖτως.</span> <span class='ocrx_word' id='word_1_928' title='bbox 3175 5577 3280 5632; x_wconf 82' lang='lat' dir='ltr'><strong>Sed</strong></span> <span class='ocrx_word' id='word_1_929' title='bbox 3322 5580 3459 5649; x_wconf 80' lang='lat' dir='ltr'><strong>forte</strong></span> <span class='ocrx_word' id='word_1_930' title='bbox 3503 5575 3632 5649; x_wconf 72' lang='lat' dir='ltr'><strong>illud</strong></span> 
     </span>
    </p>
   </div>
   <div class='ocr_carea' id='block_1_123' title="bbox 2048 5641 3633 5719">
    <p class='ocr_par' dir='ltr' id='par_1_123' title="bbox 2048 5641 3633 5719">
     <span class='ocr_line' id='line_1_125' title="bbox 2048 5641 3633 5719; baseline 0.001 -20"><span class='ocrx_word' id='word_1_931' title='bbox 2048 5646 2129 5700; x_wconf 88' lang='grc' dir='ltr'><strong>διό</strong></span> <span class='ocrx_word' id='word_1_932' title='bbox 2168 5641 2437 5719; x_wconf 79' lang='lat' dir='ltr'><strong>redundat</strong></span> <span class='ocrx_word' id='word_1_933' title='bbox 2480 5641 2582 5702; x_wconf 71' lang='lat' dir='ltr'><strong>hoc</strong></span> <span class='ocrx_word' id='word_1_934' title='bbox 2618 5651 2755 5711; x_wconf 79' lang='lat' dir='ltr'><strong>leco,</strong></span> <span class='ocrx_word' id='word_1_935' title='bbox 2796 5641 2855 5701; x_wconf 80' lang='lat' dir='ltr'><strong>ui.</strong></span> <span class='ocrx_word' id='word_1_936' title='bbox 2902 5663 3042 5718; x_wconf 62' lang='lat' dir='ltr'><strong>saepe</strong></span> <span class='ocrx_word' id='word_1_937' title='bbox 3076 5650 3215 5702; x_wconf 84' lang='lat' dir='ltr'><strong>alias</strong></span> <span class='ocrx_word' id='word_1_938' title='bbox 3257 5649 3338 5712; x_wconf 85' lang='grc' dir='ltr'>δέ,</span> <span class='ocrx_word' id='word_1_939' title='bbox 3370 5647 3502 5719; x_wconf 87' lang='grc' dir='ltr'>γάρ,</span> <span class='ocrx_word' id='word_1_940' title='bbox 3536 5641 3633 5701; x_wconf 83' lang='grc' dir='ltr'><strong>οὖν</strong></span> 
     </span>
    </p>
   </div>
   <div class='ocr_carea' id='block_1_124' title="bbox 2051 5717 3637 5845">
    <p class='ocr_par' dir='ltr' id='par_1_124' title="bbox 2051 5717 3637 5845">
     <span class='ocr_line' id='line_1_126' title="bbox 2051 5717 3637 5787; baseline 0.005 -16"><span class='ocrx_word' id='word_1_941' title='bbox 2051 5718 2191 5786; x_wconf 88' lang='lat' dir='ltr'><strong>apud</strong></span> <span class='ocrx_word' id='word_1_942' title='bbox 2229 5717 2529 5780; x_wconf 83' lang='lat' dir='ltr'><strong>Justinnm,</strong></span> <span class='ocrx_word' id='word_1_943' title='bbox 2566 5719 2693 5775; x_wconf 89' lang='lat' dir='ltr'><strong>dum</strong></span> <span class='ocrx_word' id='word_1_944' title='bbox 2734 5717 3040 5781; x_wconf 80' lang='lat' dir='ltr'><strong>diSSerettdi</strong></span> <span class='ocrx_word' id='word_1_945' title='bbox 3070 5721 3323 5782; x_wconf 82' lang='lat' dir='ltr'><strong>ardorem</strong></span> <span class='ocrx_word' id='word_1_946' title='bbox 3360 5717 3637 5787; x_wconf 62' lang='lat' dir='ltr'><strong>seqUiluh</strong></span> 
     </span>
     <span class='ocr_line' id='line_1_127' title="bbox 2052 5788 3489 5845; baseline 0.005 -4"><span class='ocrx_word' id='word_1_947' title='bbox 2052 5788 2187 5845; x_wconf 72' lang='lat' dir='ltr'><strong>Vide</strong></span> <span class='ocrx_word' id='word_1_948' title='bbox 2224 5805 2277 5844; x_wconf 84' lang='grc' dir='ltr'><strong>ιι.</strong></span> <span class='ocrx_word' id='word_1_949' title='bbox 2310 5788 2379 5843; x_wconf 82' lang='grc'>56</span> <span class='ocrx_word' id='word_1_950' title='bbox 2416 5790 2594 5845; x_wconf 89' lang='lat' dir='ltr'><strong>initio.</strong></span> <span class='ocrx_word' id='word_1_951' title='bbox 3486 5796 3489 5799; x_wconf 44' lang='grc'>⁴</span> 
     </span>
    </p>
   </div>
   <div class='ocr_carea' id='block_1_125' title="bbox 2080 5788 3489 5845">
    <p class='ocr_par' dir='ltr' id='par_1_125' title="bbox 2080 5788 3489 5845">
     <span class='ocr_line' id='line_1_128' title="bbox 2080 5788 3489 5845; baseline 0.002 -2"><span class='ocrx_word' id='word_1_952' title='bbox 2080 5788 2187 5845; x_wconf 66' lang='grc' dir='ltr'><strong>ῗὶαθ</strong></span> <span class='ocrx_word' id='word_1_953' title='bbox 2224 5805 2277 5844; x_wconf 84' lang='grc' dir='ltr'><strong>ιι.</strong></span> <span class='ocrx_word' id='word_1_954' title='bbox 2310 5788 2379 5843; x_wconf 82' lang='grc'>56</span> <span class='ocrx_word' id='word_1_955' title='bbox 2416 5790 2594 5845; x_wconf 89' lang='lat' dir='ltr'><strong>initio.</strong></span> <span class='ocrx_word' id='word_1_956' title='bbox 3486 5796 3489 5799; x_wconf 71' lang='grc'>’</span> 
     </span>
    </p>
   </div>
  </div>
