3962 6262
414 323 521 380 567

1349 324 1405 381 S.
1442 325 1706 383 JUSTINI
1739 328 2145 385 PHILOSOPIII
2177 330 2264 385 ET
2300 332 2658 387 MARTYRIS

3541 326 3652 388 568

416 450 506 491 mo
530 435 939 500 circumcisio,a
963 435 1146 509 Moyse
1168 447 1346 493 autem
1372 440 1654 495 sabbatum
1676 453 1728 495 et
1754 444 1985 498 victimae

2098 446 2181 500 καὶ
2230 449 2449 519 ἑορταὶ,
2492 448 2587 500 καὶ
2636 445 2927 518 ἀπεδείχθη
2980 445 3068 501 διὰ
3110 445 3171 499 τὸ
3226 443 3657 516 σκληροκάρδιον

415 536 471 580 et
501 541 725 580 munera
769 534 824 580 et
856 526 1006 582 feriae
1037 530 1392 598 incoaperant,
1439 541 1626 600 atque,
1663 542 1720 585 ut
1762 534 1988 588 demono

415 626 648 671 stratum
679 627 785 683 est,
814 620 884 673 ob
912 618 1168 674 duritiam
1198 622 1382 676 cordis
1410 624 1593 692 populi
1631 625 1791 696 139
1820 627 1985 681 vestri

418 708 665 763 instituta
697 711 931 772 fuerant,
982 712 1055 765 ita
1080 726 1141 767 ea
1170 713 1417 767 desinere
1441 718 1730 783 oportebat
1760 717 1811 769 in
1838 733 1986 783 eum,

417 800 511 868 qui
544 802 844 855 secundum
883 802 1215 857 voluntatem
1250 804 1454 866 Patris,
1477 820 1541 859 ex
1572 805 1791 874 Virgine
1821 822 1987 874 gene-

420 892 497 946 ris
543 892 799 960 Abrahae,
837 896 1010 951 tribus
1054 895 1192 951 Juda
1225 906 1278 951 et
1308 898 1494 966 stirpis
1547 899 1741 961 David,
1775 901 1987 968 genitus

418 993 523 1050 est,
568 984 763 1040 Filium
809 986 903 1041 Dei
942 987 1257 1057 Christum;
1302 991 1394 1058 qui
1448 999 1504 1044 et
1556 990 1642 1045 lex
1686 999 1888 1045 aeterna
1932 1001 1989 1046 et

419 1092 617 1132 novum
658 1090 1045 1136 testamentum
1077 1083 1335 1137 universo
1366 1083 1564 1137 mundo
1590 1084 1987 1153 praedicabatur

420 1169 774 1233 adventuros,
808 1182 863 1225 ut
891 1171 1004 1240 jam
1035 1173 1199 1228 allata
1230 1175 1446 1229 oracula
1480 1177 1877 1232 demonstrant.
1912 1182 1988 1234 Ac

419 1276 520 1315 nos
542 1262 780 1329 quidem,
809 1266 899 1334 qui
934 1281 1029 1334 per
1050 1281 1174 1321 eum
1205 1268 1271 1321 ad
1302 1268 1467 1321 Deum
1497 1269 1847 1335 accessimus,
1879 1286 1986 1325 non

420 1355 582 1407 istam
618 1356 805 1411 carnis
829 1358 1306 1413 circumcisionem
1345 1361 1678 1427 accepimus,
1708 1362 1802 1415 sed
1830 1363 1990 1431 spiri-

423 1448 642 1513 tualem,
670 1465 832 1518 quam
864 1450 1053 1506 Enoch
1086 1452 1311 1520 ejusque
1336 1452 1545 1506 similes
1575 1454 1984 1521 custodierunt;

421 1551 583 1607 atque
607 1540 746 1593 hanc
777 1556 872 1609 per
902 1541 1260 1610 baptismum,
1293 1545 1423 1612 quia
1458 1544 1509 1598 in
1537 1545 1780 1614 peccatis
1809 1545 1990 1600 fuera-

422 1648 562 1698 mus,
614 1634 990 1691 misericordia
1042 1637 1136 1691 Dei
1174 1640 1453 1693 consecuti
1501 1656 1722 1705 sumus;
1759 1641 1991 1710 licetque

420 1724 673 1781 omnibus
705 1727 957 1783 similiter
980 1731 1266 1797 consequi.
1294 1729 1400 1784 Sed
1429 1746 1550 1784 cum
1570 1732 1684 1799 jam
1710 1741 1898 1801 urgeat
1925 1731 1992 1786 de

421 1820 568 1874 illius
596 1820 899 1876 nativitatis
930 1823 1197 1892 mysterio
1232 1824 1552 1892 disputatio,
1585 1824 1637 1877 id
1668 1825 1801 1878 mihi
1829 1840 1990 1895 agen-
2019 1794 2064 1852 Β

421 1912 550 1964 dum
585 1919 686 1965 est.
724 1912 893 1966 Isaias
920 1913 1089 1983 igitur
1116 1914 1181 1968 de
1210 1915 1383 1982 ipsius
1412 1915 1613 1969 Christi
1642 1930 1863 1985 genere,
1888 1932 1993 1971 non

425 2003 736 2060 enarrabile
769 2006 902 2060 illud
932 2007 1239 2061 hominibus
1269 2022 1388 2061 esse
1416 2008 1494 2061 sic
1525 2008 1777 2070 asseruit,
1804 2018 1861 2062 ut
1882 2010 1993 2078 jam

421 2095 742 2165 scripsimus
772 2098 817 2129 ”
857 2114 870 2154 :
911 2115 929 2149 ι
968 2099 1386 2154 cherationem
1441 2097 1559 2166 ejus
1602 2099 1724 2167 quis
1770 2114 1995 2153 enarra-

422 2188 535 2244 bit?
564 2189 693 2258 quia
721 2189 927 2243 tollitur
959 2205 986 2241 a
1021 2199 1161 2244 terra
1196 2191 1304 2244 vita
1334 2188 1492 2256 ejus:
1524 2192 1590 2244 ab
1620 2190 1996 2259 iniquitatibus

422 2281 602 2351 populi
634 2282 737 2336 mei
772 2282 969 2336 ductus
992 2293 1074 2335 est
1108 2282 1158 2335 iu
1192 2292 1417 2335 mortem
1445 2282 1512 2338 ³⁰.
1543 2300 1561 2333 ι
1594 2281 1694 2347 Qui
1721 2298 1853 2351 ergo
1886 2299 1997 2335 mo-

424 2373 629 2427 riturus
664 2382 804 2438 erat,
837 2383 893 2426 ut
922 2374 1041 2441 ejus
1079 2375 1248 2427 livore
1282 2373 1530 2427 homines
1565 2383 1880 2442 peccatores
1910 2390 1996 2428 sa-

423 2476 702 2527 naremur,
736 2463 882 2518 illius
916 2479 1086 2533 genus
1118 2481 1222 2519 non
1263 2466 1573 2519 enarrabile
1616 2480 1737 2520 esse
1764 2466 1996 2534 propheo

425 2556 566 2609 ticus
593 2554 834 2624 Spiritus
857 2557 942 2611 bis
967 2557 1149 2610 verbis
1178 2557 1441 2611 declarat.
1483 2555 1749 2611 Praeterea
1786 2566 1849 2610 ut
1874 2573 1998 2625 pus-

424 2653 547 2701 sent
580 2646 673 2716 qui
714 2646 768 2701 in
800 2662 924 2700 eum
966 2648 1217 2712 credunt,
1244 2663 1480 2717 quonam
1513 2648 1672 2704 modo
1701 2649 1913 2719 genitus
1941 2650 1994 2703 in

424 2741 685 2793 mundum
720 2741 951 2805 venerit,
986 2755 1321 2810 agnoscere;
1364 2756 1463 2811 per
1499 2741 1757 2795 eumdem
1798 2740 1994 2796 Isaiam

425 2828 668 2899 Spiritus
698 2832 1049 2901 propheticus
1088 2848 1227 2897 rem,
1278 2842 1338 2886 ut
1380 2840 1497 2887 erat
1541 2842 1823 2898 eventura,
1857 2849 1995 2902 pra:-

427 2922 570 2977 dixit
613 2922 701 2978 his
740 2925 921 2979 verbis
968 2939 984 2978 :
1036 2942 1055 2975 ι
1108 2924 1176 2979 Ει
1203 2926 1400 2995 adjecit
1433 2927 1693 2980 Dominus
1736 2927 1883 2997 loqui
1927 2929 1996 2982 ad

427 3015 634 3081 Achaz,
665 3017 849 3072 dicens
876 3036 889 3073 :
915 3018 1043 3074 Pete
1072 3019 1166 3074 tibi
1204 3020 1420 3089 signum
1448 3036 1476 3075 a
1510 3020 1741 3076 Domino
1767 3022 1875 3076 Deo
1904 3032 1996 3077 tuo

2087 540 2181 595 τοῦ
2214 540 2341 594 λαοῦ
2376 539 2527 611 ὑμῶν
2571 539 2741 593 ταῦτα
2785 535 3159 608 διατετάχθαι,
3216 535 3389 601 οὕτως
3443 535 3662 589 παύσα-

2088 634 2214 687 σθαι
2246 632 2352 685 ἔδει
2385 631 2523 686 κατὰ
2557 632 2653 703 τὴν
2686 632 2775 684 τοῦ
2812 630 3024 701 [ἰατρὸς
3070 627 3264 699 βουλὴν
3298 626 3406 699 (79)
3440 629 3519 691 είς
3563 627 3660 680 τὸν

2085 728 2174 781 διὰ
2218 727 2314 796 τῆς
2366 725 2475 779 ἀπὸ
2515 724 2607 778 τοῦ
2652 725 2839 792 γένους
2884 723 2977 781 τοῦ
3020 720 3305 792 Ἀϐραὰμ,
3354 720 3452 774 καὶ
3483 719 3662 787 φυλῆς

2104 818 2305 881 Ἰούδα,
2346 816 2441 870 καὶ
2479 815 2643 869 Δαὸἱδ
2690 815 2964 887 Παρθένου
3010 813 3342 884 γεννηθέντα
3387 811 3517 865 Υῑὸν
3562 809 3659 863 τοῦ

2085 910 2219 963 Θεοῦ
2254 911 2517 981 Χριστόν·
2567 910 2711 973 ὅστις
2754 908 2848 962 καὶ
2880 907 3093 971 αἰώνιος
3126 907 3323 976 νόμος,
3359 904 3452 959 καὶ
3497 900 3664 973 καινὴ

2085 1003 2314 1075 διαθήκη
2349 1002 2426 1073 τῷ
2458 1002 2621 1057 παντὶ
2659 1002 2849 1072 κόσμῳ
2882 1000 3213 1071 ἐκηρύσσετο
3264 995 3667 1069 προελευσόμε-
3766 1014 3771 1021 ’

2086 1113 2207 1160 νος,
2248 1096 2323 1160 ὠς
2372 1096 2428 1149 αἱ
2463 1093 2889 1165 προλελεγμέναι
2934 1094 3255 1163 προφητεῖαι
3309 1088 3664 1160 σημαίνουσι.

2087 1188 2198 1241 Καὶ
2229 1189 2408 1258 ἡμεῖς,
2439 1188 2486 1239 οἱ
2525 1184 2613 1238 διά
2653 1184 2840 1237 τούτου
2877 1182 3363 1253 προσχωρήσαντες
3407 1177 3483 1248 τῷ
3516 1175 3663 1245 Θεῷ,

2085 1276 2145 1329 ού
2180 1276 2381 1349 ταύτην
2414 1276 2508 1348 τὴν
2538 1275 2676 1329 κατὰ
2709 1275 2888 1347 σάρκα
2928 1271 3304 1345 παρελάϐομεν
3338 1267 3666 1341 περιτομὴν,

2086 1371 2221 1426 ἀλλὰ
2254 1370 2657 1441 πνευματικὴν,
2703 1369 2772 1438 ἢν
2816 1366 2984 1437 Ἑνὼχ
3022 1366 3116 1418 καὶ
3162 1366 3211 1417 οἱ
3256 1364 3429 1434 ὅμοιοι
3461 1362 3668 1430 ἐφύλα-

2088 1464 2206 1529 ξαν.
2254 1463 2443 1533 Ἡμεῖς
2468 1462 2546 1525 δὲ,
2581 1460 2669 1513 διὰ
2701 1459 2793 1512 τοῦ
2831 1457 3203 1529 βαπτίσματος
3235 1454 3401 1526 αὐτὴν
3421 1495 3435 1518 ,
3472 1451 3666 1525 ἐπειδὴ

2089 1555 2399 1627 ἁμαρτωλοὶ
2442 1553 2787 1622 ἐγεγόνειμεν
2834 1550 2973 1621 (80),
3016 1549 3103 1602 διὰ
3142 1548 3201 1601 τὸ
3233 1547 3377 1611 ἕλεος
3416 1545 3475 1598 τὸ
3510 1544 3666 1615 παρά

2088 1648 2179 1701 τοῦ
2214 1646 2369 1709 Θεοῦ,
2405 1645 2686 1715 ἐλάϐομεν,
2728 1644 2822 1698 καὶ
2855 1643 3017 1695 πᾶσιν
3061 1639 3249 1710 ἐφετὸν
3293 1638 3493 1709 ὁμοίως
3526 1637 3668 1707 λαμ-

2091 1741 2293 1794 ϐάνειν.
2330 1739 2465 1809 Περὶ
2503 1739 2559 1791 δέ
2590 1737 2681 1790 τοῦ
2730 1737 2826 1807 τῆς
2859 1735 3124 1804 γενέσεως
3156 1732 3317 1785 αὐτοῦ
3366 1730 3668 1801 μυστηρίου

2092 1835 2191 1905 ’ήδη
2240 1833 2416 1901 λέγειν
2463 1831 2911 1898 κατεπείγοντος,
2951 1828 3112 1896 λέγω.
3157 1826 3382 1889 Ἦσατας
3406 1820 3497 1877 οὖν
3537 1822 3671 1892 περὶ

2093 1925 2186 1979 τοῦ
2236 1924 2426 1994 γένους
2478 1922 2640 1977 αὑτοῦ
2688 1921 2778 1975 τοῦ
2832 1918 3088 1992 Χριστοῦ,
3145 1918 3226 1971 ὅτι
3274 1915 3671 1986 ἁνεκδιήγητόν

2094 2018 2240 2068 ἐστιν
2260 2014 2585 2088 ἀνθρώποις,
2625 2012 2795 2076 οὕτως
2828 2011 2952 2081 ἔφη,
2988 2010 3063 2073 ὼς
3096 2008 3190 2061 καὶ
3222 2007 3670 2079 προγέγραπταιο

2100 2128 2117 2159 ι
2143 2108 2251 2180 Τὴν
2281 2107 2470 2177 γενεὰν
2495 2106 2654 2160 αὑτοῦ
2690 2106 2771 2170 τίς
2803 2105 3154 2175 διηγήσεται;
3188 2102 3268 2154 ὅτι
3311 2100 3525 2172 αἴρεται
3557 2098 3676 2153 ἀπὸ

2092 2201 2189 2271 τῆς
2222 2199 2323 2270 γῆς
2362 2200 2394 2269 ή
2443 2197 2554 2268 ζωὴ
2588 2197 2750 2251 αὑτοῦ
2773 2213 2787 2226 ·
2828 2196 2934 2249 ἀπὸ
2978 2194 3083 2247 τῶν
3130 2190 3366 2262 ἀνομιῶν
3408 2190 3499 2243 τοῦ
3535 2188 3677 2243 λαοῦ

2084 2309 2197 2362 (μου
2239 2290 2377 2362 ἢχθη
2420 2289 2527 2359 (81)
2573 2290 2653 2352 είς
2688 2288 2933 2342 θάνατον.
2968 2306 2986 2337 ›
3029 2286 3114 2349 Ὠς
3147 2284 3535 2355 ἀνεκδιηγήτω
3578 2278 3676 2334 οὖν

2094 2382 2241 2446 ὄντος
2274 2380 2367 2433 τοῦ
2403 2380 2593 2449 γένους
2622 2378 2810 2432 τούτου
2843 2378 3203 2449 ἀποθνήσκειν
3238 2377 3542 2447 μέλλοντος,
3584 2377 3675 2428 ἵνα

2095 2471 2171 2542 τῷ
2201 2471 2426 2543 μώλωπι
2460 2470 2621 2525 αὐτοῦ
2663 2469 2900 2541 ίαθῶμεν
2933 2471 2982 2522 ol
3022 2468 3335 2540 ἁμαρτω).οὶ
3366 2467 3675 2538 ἄνθρωποι,

2096 2566 2153 2617 τὸ
2184 2564 2516 2635 προφητικὸν
2543 2561 2766 2633 Πνεῦμα
2799 2561 2969 2615 ταῦτα
3003 2556 3173 2614 εἶπεν.
3208 2561 3327 2613 Ἔτι
3353 2558 3447 2613 καὶ
3484 2559 3573 2611 ἵνα
3614 2558 3676 2611 δν

2096 2656 2293 2727 τρόπον
2321 2655 2541 2723 γέγονεν
2568 2656 2625 2707 ἐν
2657 2653 2847 2724 κόσμῳ
2870 2651 3167 2722 γεννηθεὶς,
3201 2651 3493 2718 ἐπιγνῶναι
3533 2649 3676 2719 ἔχω-

2096 2764 2181 2800 σιν
2214 2748 2262 2800 οἱ
2308 2745 2652 2809 πιστεύοντες
2691 2743 2838 2815 αὑτῷ
2893 2742 3201 2815 ἄνθρωποι,
3240 2740 3329 2795 διὰ
3372 2741 3463 2794 τοῦ
3503 2737 3675 2793 αὑτοῦ

2108 2837 2326 2892 Ἡσαΐου
2359 2837 2418 2890 τὸ
2461 2835 2795 2906 προφητικὸν
2847 2833 3069 2903 Πνεῦμα
3100 2831 3174 2895 ὡς
3212 2830 3393 2901 μέλλει
3424 2827 3676 2898 γίνεσθαι

2096 2931 2502 3002 προεφήτευσεν
2547 2926 2740 2990 οὕτως·
2789 2943 2808 2975 ι
2856 2922 2966 2978 Καὶ
3014 2921 3310 2993 προσέθετο
3342 2919 3542 2991 Κύριος
3578 2918 3679 2972 λοι-ο

2096 3021 2255 3094 λῆσαι
2306 3019 2382 3091 τῷ
2431 3017 2618 3089 Ἀχάζ,
2670 3016 2861 3084 λέγων·
2915 3014 3143 3086 Αἵτησον
3188 3011 3397 3082 σεαυτῷ
3446 3014 3678 3082 σημεῖον

425 3107 481 3160 in
518 3106 866 3178 profundum,
901 3112 1015 3166 sive
1049 3113 1101 3166 in
1151 3114 1448 3168 excelsum.
1482 3113 1547 3167 Et
1578 3114 1714 3167 dixit
1752 3114 1935 3168 Acbaz
1978 3132 1991 3168 :

2099 3114 2248 3186 παρὰ
2280 3112 2484 3185 Κυρίου
2519 3109 2608 3163 τοῦ
2640 3107 2771 3162 Θεοῦ
2804 3124 2896 3160 σου
2917 3147 2931 3171 ,
2974 3106 3055 3170 είς
3089 3104 3283 3175 βάθος,
3332 3105 3363 3175 ἢ
3399 3105 3478 3169 είς
3512 3102 3673 3171 ὕψος.

429 3199 545 3255 Νοιι
598 3210 798 3268 petam,
857 3217 1033 3272 neque
1093 3203 1314 3258 tentabo
1368 3205 1677 3258 Dominum.
1738 3204 1802 3259 Et
1854 3206 1992 3261 dixit

425 3290 594 3347 Isaias
623 3309 637 3347 :
664 3292 863 3349 Audite
895 3304 1042 3360 tunc,
1069 3294 1261 3350 domus
1280 3295 1487 3351 David:
1520 3296 1774 3365 Nunquid
1798 3313 1990 3366 parum

428 3386 584 3440 vobis
607 3396 692 3442 est
716 3401 991 3444 certamen
1016 3391 1258 3458 praebere
1286 3390 1597 3445 hominibus
1613 3391 1635 3444 ?
1652 3398 1706 3444 et
1721 3391 1994 3458 quomodo

433 3478 663 3533 Domino
711 3481 966 3549 praebetis
1006 3482 1323 3535 certamen?
1354 3481 1648 3551 PrOpterea
1698 3483 1849 3535 dabit
1892 3483 1995 3536 Do-

432 3573 614 3627 minus
647 3573 764 3639 ipse
799 3576 956 3629 vobis
985 3576 1220 3643 signum.
1245 3575 1384 3631 Ecce
1413 3576 1576 3644 Virgo
1602 3576 1652 3628 in
1686 3585 1840 3629 utero
1865 3590 1997 3630 con-

428 3666 617 3735 cipiet,
663 3675 717 3720 et
763 3668 937 3734 pariet
990 3668 1181 3734 lilium,
1225 3676 1279 3722 et
1322 3668 1605 3723 vocabitur
1643 3683 1842 3723 nomen
1879 3668 1996 3735 ejus

433 3756 770 3817 Emmanuel.
823 3756 1086 3828 Butyrum
1130 3768 1187 3812 et
1229 3758 1335 3812 mel
1377 3758 1660 3824 comedet,
1704 3768 1994 3827 antequam

430 3849 590 3912 sciat,
625 3858 719 3902 aut
754 3850 1031 3919 praceligat
1081 3851 1221 3903 mala
1271 3860 1326 3903 et
1368 3850 1532 3919 eligat
1567 3851 1810 3916 bonum;
1858 3868 1996 3920 quo-

428 3940 574 3995 niam
597 3951 888 4009 antequam
913 3951 1210 4011 cognoscat
1243 3956 1377 4011 puer
1399 3942 1622 4005 bonum,
1657 3942 1741 3996 vel
1769 3942 1993 4008 malum,

428 4034 684 4101 reprobat
715 4033 877 4097 mala,
920 4033 1171 4102 eligendo
1206 4033 1407 4087 bonum
1433 4034 1497 4086 “.
1527 4039 1828 4104 Antequam
1856 4038 1997 4091 sciat

430 4139 564 4194 puer
588 4138 785 4178 vocare
807 4132 1037 4191 patrem,
1060 4135 1152 4179 aut
1179 4135 1431 4188 matrem,
1454 4124 1603 4179 tollet
1620 4126 1873 4180 virtutem
1895 4128 1999 4181 Da-

433 4217 602 4272 masci
630 4226 685 4270 et
711 4216 879 4286 spolia
910 4216 1171 4271 Samariae
1194 4232 1379 4271 coram
1407 4231 1529 4286 rege
1547 4216 1895 4289 Assyriorum
1925 4219 1995 4283 ",

2097 3207 2208 3262 Καὶ
2252 3202 2403 3259 εἶπεν
2445 3203 2630 3273 Ἀχάζ·
2667 3201 2741 3254 Οὐ
2780 3200 2852 3270 μὴ
2886 3199 3127 3269 αἰτήσω,
3162 3196 3281 3249 οὐδὲ
3315 3195 3388 3266 μὴ
3424 3195 3678 3267 πειρὰσω

2096 3301 2316 3371 Κύριον.
2345 3297 2456 3351 Καὶ
2484 3293 2634 3349 εἶπεν
2663 3293 2904 3356 Ἡσαΐας·
2936 3289 3182 3343 Ἀκούετε
3217 3288 3300 3359 δὴ,
3328 3290 3357 3341 ό
3387 3284 3532 3351 οἶκος
3564 3290 3677 3340 Δα-

2095 3391 2180 3444 δίδ
2203 3407 2215 3419 ·
2252 3389 2344 3460 Μὴ
2390 3387 2581 3459 μικρὸν
2631 3386 2758 3455 ὑμῖν
2792 3381 2976 3451 ἀγῶνα
3021 3380 3279 3450 παρέχειν
3320 3376 3676 3448 ἀνθρώποις;

2096 3480 2190 3535 κα)⁴
2223 3480 2339 3543 πῶς
2382 3477 2574 3549 Κυρίῳ
2626 3475 2892 3544 παρέχετε
2936 3471 3153 3541 ἀγῶνας
3188 3468 3286 3522 Διά
3330 3466 3485 3520 τοῦτο
3511 3466 3678 3519 δώσει

2096 3573 2297 3643 Κύριος
2325 3570 2485 3633 αὐτὸς
2517 3569 2645 3639 ὑμῖν
2678 3569 2921 3635 σημεῖον.
2946 3564 3079 3617 Ἰδοὺ
3114 3563 3147 3633 ἡ
3185 3559 3459 3630 Παρθένος
3484 3560 3540 3611 ἐν
3576 3576 3680 3645 γα-

2097 3665 2219 3735 στρὶ
2276 3663 2523 3735 λήψεται,
2572 3660 2665 3714 καὶ
2697 3659 2911 3724 τέξεται
2955 3657 3098 3720 υἱὸν,
3134 3654 3229 3708 καὶ
3279 3652 3569 3707 καλέσεται
3620 3651 3681 3703 τὸ

2095 3759 2264 3829 ὄνομα
2308 3755 2469 3810 αὐτοῦ
2516 3751 2875 3825 Ἐμμανουήλ.
2912 3749 3178 3820 Βούτυρον
3220 3746 3314 3799 καὶ
3352 3744 3469 3815 μέλι
3504 3742 3681 3811 φάγε-

2096 3870 2183 3905 ται
2213 3850 2341 3919 πρὶν
2381 3849 2413 3919 ἢ
2450 3847 2651 3916 γνῶναι
2700 3843 2919 3913 αὑτὸνῆ
2968 3838 3287 3912 προελέσθαι
3314 3834 3554 3907 πονηρὰ,
3582 3833 3681 3886 καὶ

2100 3941 2418 4008 ἐκλέξασθαι
2455 3939 2563 4008 (82)
2597 3939 2656 3991 τὸ
2701 3935 2935 4005 ἀγαθόν⁸
2972 3934 3104 3986 διότι
3138 3930 3267 4002 πρὶν
3297 3931 3329 3999 ἦ
3370 3926 3574 3996 γνῶναι
3620 3925 3680 3977 τὸ

2098 4034 2306 4087 παιδίον
2326 4030 2571 4100 ἀγαθὸνῆ
2588 4030 2774 4092 κακὸν,
2790 4026 3005 4081 ἀπειθεῖ
3026 4022 3233 4096 πονηρά
3249 4021 3403 4092 (82⁸),
3419 4020 3507 4073 τοῦ
3528 4018 3682 4071 ἐκλέο

2098 4124 2289 4191 ξασθαι
2318 4124 2376 4176 τὸ
2405 4122 2626 4191 ἀγαθόν.
2658 4120 2802 4173 Διότι
2836 4119 2963 4191 πρὶν
2995 4118 3028 4189 ἢ
3062 4116 3171 4187 (85)
3218 4114 3418 4183 γνῶναι
3451 4112 3511 4165 τὸ
3545 4130 3679 4165 παιη

2097 4217 2204 4269 δίον
2233 4215 2415 4269 καλεῖν
2447 4212 2709 4283 πατέραῆ
2750 4211 2959 4282 μητέρα
2979 4250 2994 4273 ,
3023 4207 3251 4278 λήψεται
3299 4205 3527 4275 δύναμιν
3573 4206 3682 4256 Δα-

433 4321 489 4366 et
540 4309 785 4379 capietur
841 4320 1008 4374 terra,
1054 4325 1214 4379 quam
1268 4317 1323 4362 tu
1366 4309 1573 4362 duriter
1609 4309 1752 4364 leres
1803 4310 1995 4366 alacie

2103 4307 2307 4379 μασκοῦ
2332 4307 2427 4361 καὶ
2457 4305 2626 4359 σκῦλα
2642 4303 2953 4375 Σαμαρείας
2986 4301 3162 4355 ἔναντι
3198 4299 3459 4370 βασιλέως
3482 4298 3683 4349 Ἀσσυ-

432 4404 663 4456 duorum
688 4417 894 4471 regum.
921 4401 1028 4456 Sed
1061 4401 1291 4455 adducet
1314 4401 1455 4454 Deus
1473 4414 1639 4469 super
1667 4409 1737 4465 te,
1757 4411 1811 4455 et
1836 4417 1995 4470 super

2103 4399 2251 4469 ρίων.
2305 4395 2418 4450 Καὶ⁴
2477 4393 2953 4465 καταληφθήσεται
3011 4394 3044 4462 ἡ
3095 4394 3165 4462 γῆ
3197 4392 3262 4461 ἣν
3313 4391 3377 4442 σὺ
3424 4387 3682 4459 σκληρῶς

431 4495 688 4569 populum
733 4505 903 4558 tuum,
939 4504 993 4547 et
1040 4508 1202 4561 super
1235 4494 1455 4547 domum
1506 4497 1674 4566 patris
1719 4494 1818 4555 tui,
1855 4494 1995 4555 dies,

2101 4491 2264 4553 οἴσεις
2290 4488 2396 4541 ἀπὸ
2430 4486 2720 4556 προσώπου
2767 4484 2874 4537 τῶν
2909 4484 3001 4537 δύο
3043 4483 3324 4553 βασιλέων.
3367 4479 3506 4531 Ἀλλ’
3542 4480 3683 4532 ἐπά-

430 4588 522 4655 qui
556 4586 781 4641 necdum
818 4594 1084 4639 venerunt
1128 4599 1291 4653 super
1331 4594 1401 4650 te,
1429 4600 1460 4638 a
1492 4586 1600 4650 die,
1634 4600 1740 4653 quo
1776 4583 1995 4638 abstulit

2104 4580 2182 4647 ξει
2211 4582 2238 4633 ό
2278 4579 2409 4642 Θεὸς
2444 4578 2537 4630 ἐπὶ
2570 4578 2628 4629 σὲ
2661 4575 2769 4647 (84)
2804 4576 2899 4629 καὶ
2933 4574 3024 4627 ἐπὶ
3054 4574 3142 4626 τὸν
3176 4572 3303 4625 λαόν
3327 4589 3420 4624 σου
3454 4569 3549 4623 καὶ
3586 4569 3683 4622 ἐπὶ

432 4680 688 4751 Ephraim
728 4694 757 4733 a
796 4678 953 4743 Juda,
1002 4692 1184 4745 regem
1226 4676 1575 4747 Assyriorum
1618 4676 1685 4729 ³³.
1715 4674 1995 4730 Neminem

2105 4675 2194 4727 τὸν
2217 4669 2362 4726 οἶκον
2397 4671 2488 4725 τοῦ
2520 4668 2725 4740 πατρός
2761 4686 2856 4722 σου
2891 4667 3126 4739 ἡμέρας,
3157 4665 3214 4719 αἶ
3246 4665 3459 4718 οὐδέπω
3477 4664 3682 4734 ἧκασιν

568 4820 614 4852 ι’
639 4834 697 4875 n.
732 4816 818 4871 l3.
897 4813 1206 4877 “lsa.Lm,
1231 4813 1285 4868 8.
1359 4816 1401 4846 ³¹
1429 4814 1530 4867 lsa.
1567 4829 1662 4878 vu,
1693 4812 1883 4873 10-15.
1960 4813 1995 4845 ³³

2098 4828 2138 4865 ι.
2172 4827 2292 4877 γιιι,
2318 4811 2373 4864 4.
2454 4809 2498 4841 ³³
2527 4808 2634 4863 Isa.
2663 4822 2758 4870 vn,
2795 4805 2884 4871 16,
2917 4805 3005 4860 l7.

503 4936 615 5011 (79)
639 4935 806 5011 Κατά
833 4952 883 4989 τ.
912 4950 965 4989 τ.
999 4935 1071 4988 Π.
1106 4930 1367 5011 βορλήις.
1411 4930 1537 5011 Haec
1570 4930 1759 5011 referri
1786 4930 1993 5011 debent

2100 4928 2256 5011 Apo_l.
2292 4944 2347 5011 ι,
2369 4943 2427 5011 n_.
2456 4926 2545 5009 ει.
2585 4924 2687 4979 Sed
2717 4922 3002 5011 nr‘eclarmat
3026 4919 3320 5011 ’Thirlb'ius
3361 4926 3416 4974 et
3434 4918 3682 5004 ppponit

434 4992 996 5080 adducarnationem,
1016 4992 1177 5080 quam
1207 4992 1697 5080 Jl‘lSllllus,_?ﬂlr[S_
1714 5004 1995 5080 voluntate

2100 4992 2233 5080 illud
2278 4997 2490 5080 Piatogi
2536 5011 2683 5077 num.
2708 4994 2843 5080 ~89‘:
2882 4992 3250 5080 [Ῐρρεξπον-οί

434 5059 831 5136 iacta—indicere
865 5059 1111 5136 solet,'ut
1133 5072 1286 5139 Apol.
1317 5088 1354 5135 ι,
1390 5090 1442 5126 ιι.
1464 5059 1533 5125 46
1556 5081 1609 5125 et
1632 5071 1698 5125 63
1724 5087 1739 5135 ;
1765 5071 1914 5138 Apol.
1933 5085 1995 5130 ιι,

2099 5071 2206 5125 ἀπὸ
2238 5067 2343 5121 τῶν
2377 5059 2737 5142 ἀνομιῶνιτοῦ
2787 5062 2917 5117 λαοῦ
2938 5059 3378 5142 ξὰχθήσεταιόξίς
3426 5059 3677 5142 θάνατον.

435 5129 791 5214 ὗίαίορ.
812 5129 864 5199 ιι.
884 5145 974 5206 24,
994 5129 1083 5207 Ᾰ8,
1103 5129 1190 5214 87't
1214 5129 1418 5214 Similis
1435 5129 1995 5214 verborum-consum

2340 5129 2881 5214 Kal_'ex.l§§a0'0at.
2935 5129 3090 5214 lul‘ra’
3138 5148 3190 5214 ιι.
3366 5148 3379 5184 :
3442 5129 3683 5200 πονηρὰ,

2104 5201 2380 5274 ἐκλέξεται
2414 5208 2474 5260 τὸ
2506 5205 2730 5275 ἀγαθόν,
2767 5204 3033 5275 atque_ita
3070 5202 3190 5275 cod.
3229 5201 3474 5275 Claram.

2176 5266 2310 5349 (8:71)
2358 5266 2616 5349 Ἀπειθεῖ
2642 5266 2893 5349 ποῂηρᾶ.
2938 5271 3172 5349 P‘l_i_rasi_s_
3228 5270 3487 5349 insolens.
3527 5266 3682 5349 wol-

2108 5338 2212 5404 lius
2246 5338 2566 5417 reposuerat
2593 5338 3091 5417 imoﬁsfﬂepellil).
3118 5342 3189 5417 Si_
3212 5343 3340 5417 quid
3359 5348 3583 5417 _tuutare
3603 5338 3681 5417 nli-

2104 5429 2252 5475 ceret
2276 5407 2559 5483 {mallem
2602 5430 2724 5469 cum
2758 5407 2910 5470 LXX
2943 5414 3120 5482 legere
3165 5412 3382 5466 ἀπειθεῖ
3418 5407 3678 5479 πονηρίᾳ.

2111 5493 2207 5545 lio.
2242 5487 2310 5541 Pa
2322 5502 2482 5543 τιιοι..

2182 5558 2484 5631 (85)ΑΔιότι
2525 5555 2669 5631 apta:
2699 5555 2807 5631 ἣν.
2840 5550 3384 5631 καταληφᾷήσεται.
3420 5548 3547 5631 llam
3562 5547 3681 5631 nitu-

2112 5616 2480 5691 tru‘sa'fuisse,
2518 5616 2618 5681 nec
2653 5616 2886 5678 in'lsaia
2922 5616 3147 5692 reperiri
3181 5616 3441 5692 observat
3464 5618 3531 5674 lt.
3561 5616 3681 5672 Ste-

2111 5704 2347 5771 phanus.
2383 5690 2612 5771 Legitur
2639 5694 2704 5771 _i_n
2739 5694 2925 5771 Bibliis
2960 5690 3471 5771 καταλειφθήσεται.

2185 5770 2294 5842 (84)
2339 5762 2597 5824 Ἐπ’σέ.
2637 5764 2759 5822 Hiec
2796 5764 2933 5819 infra
2975 5782 3027 5819 n.
3066 5763 3157 5831 66,
3192 5778 3297 5818 non
3329 5762 3597 5832 leguntur.

436 5211 566 5286 ctio,
595 5218 675 5271 vel
710 5211 1080 5278 librariorum,
1108 5211 1195 5286 vel
1222 5212 1392 5286 ipsius
1424 5211 1621 5286 Justini
1658 5213 2002 5286 properantis

438 5280 667 5351 incuria,
700 5280 1251 5351 animadvertituriu
1276 5284 1360 5336 his
1397 5281 1574 5336 verbis
1610 5296 1664 5333 n.
1721 5280 1790 5334 86
1820 5299 1833 5334 :
1866 5280 2003 5351 μετὰ

433 5362 493 5415 τὸ
526 5350 904 5440 σταυῳθῇναι
930 5350 1214 5440 ,τοῦτον
1229 5352 1452 5440 ¹ἔνδοξον
1486 5352 1646 5406 πάλιν
1694 5350 2003 5422 παραγενή..

436 5429 623 5485 σεσθαι
656 5422 1100 5497 ἀποδεικνύουσιν
1131 5422 1188 5475 αἱ
1218 5422 1462 5497 Γραφαί.

505 5500 618 5571 (80)
665 5498 1021 5571 ’έμαρτωᾷοὶ
1053 5490 1444 5571 ἐγεγόνειμεν.
1486 5490 1578 5547 Sic
1627 5490 1791 5547 etiam
1838 5506 2002 5562 supra

434 5589 489 5625 ιι.
512 5565 578 5642 ᾙ
673 5565 783 5642 Τῆς
806 5565 1014 5642 κακίας
1048 5568 1106 5642 ἐν
1138 5565 1172 5642 ᾖ
1204 5565 1527 5642 γεγόναμεν.
1728 5631 1761 5642 η

524 5640 619 5711 81)
656 5631 887 5711 ᾼἽίχθη.
926 5631 1190 5711 _Legitn'r_
1217 5631 1306 5711 ’_i_n‘_
1340 5631 1581 5711 utroque
1645 5631 1830 5711 codice
1894 5647 2001 5711 _ms.

434 5703 627 5782 ἤχθην.
642 5703 907 5782 Oramus,
919 5708 996 5782 De
1014 5703 1154 5782 vitiis
1175 5706 1308 5782 LXX
1334 5708 1697 5773 interpretum,
1719 5703 2002 5782 lege_n_dum

434 5772 618 5838 mnou'et
652 5782 705 5838 iu
742 5779 841 5837 hoc
873 5772 1081 5848 Dialogi
1118 5779 1239 5833 loco
1271 5777 1413 5845 ἥκει,
1454 5772 1513 5829 ιιι
1537 5789 1696 5845 supra
1734 5789 1787 5827 ιι.
1832 5772 1915 5837 15,
1952 5781 2005 5829 et
