3962 6262
321 275 425 332 m9
1411 288 1769 347 DIALOGUS
1799 288 1953 346 CUM}
1982 286 2357 343 TRYPHONE
2379 287 2641 345 JUDZEO.
3566 287 3672 344 570

323 392 419 448 liti.
448 394 553 459 σὲ,
599 396 729 451 ἀπὸ
762 400 885 472 τῆς
945 407 1188 479 ἡμέρας
1229 410 1299 482 ἧς
1344 410 1559 478 ἀφεῖλεν
1599 407 1839 480 Ἑφραῖμ
1891 410 1952 462 ἅτ

2059 428 2071 469 ι
2102 421 2233 461 sane
2256 406 2310 460 in
2342 406 2575 460 Abrahre
2608 406 2907 461 secundum
2939 420 3163 461 carnem
3200 419 3399 476 genere
3430 420 3670 474 unquam

326 481 528 548 Ἰούδα,
564 485 668 537 τὸν
711 486 981 558 βασιλέα
1024 496 1142 549 τῶν
1190 481 1509 569 Ἀσσυρίων.
1554 518 1574 550 ι
1618 500 1737 552 Ὅτι
1772 498 1871 568 μὲν
1906 494 1952 551 οἰ

2100 494 2402 560 exstitisse,
2440 503 2636 564 printer
2678 495 2821 548 hunc
2858 495 3132 549 Christum
3169 506 3434 561 nostrum,
3475 496 3564 564 qui
3603 510 3671 548 ex

337 576 393 627 ἐν
516 577 681 643 γένει
717 580 811 651 τῷ
848 586 1017 641 κατὰ
1052 588 1242 659 σάρκα
1268 588 1357 642 τοῦ
1392 589 1676 662 Ἀϐραὰμ,
1710 590 1885 652 οὐδεὶς
1916 606 1952 641 0‘

2099 585 2324 654 Virgine
2356 597 2514 640 natus
2549 594 2714 648 esset,
2751 595 2843 639 aut
2880 597 3043 641 natus
3083 588 3379 652 diceretur,
3413 588 3668 641 omnibus

342 666 536 722 δὲποτε
568 672 691 725 ἀπὸ
728 677 1045 747 παρθένου
1080 682 1393 752 γεγένηται,
1429 683 1547 736 οὐδὲ
1569 683 1813 737 λέλεκται
1845 698 1952 749 γεγι

2097 680 2447 735 manifestum
2492 690 2595 734 est.
2635 679 2741 732 Sed
2778 678 2901 749 quia
2957 694 3053 734 vos
3093 695 3156 735 ac
3204 680 3446 750 magistri
3500 682 3665 733 \‘eSlri

356 762 612 831 νημυένος.
638 765 765 819 ἀλλ’
798 768 839 837 ἢ
877 764 1051 836 οὗτος
1081 774 1110 824 ὁ
1144 774 1406 845 ἡμέτερος
1438 776 1701 847 Χριστὸς,
1734 778 1866 829 πᾶσι
1892 794 1952 845 φο

2096 786 2342 826 asserere
2397 773 2611 826 audetis
2688 787 2792 825 non
2849 771 3049 825 dictum
3104 788 3223 827 esse
3272 775 3323 826 in
3383 774 3666 844 praphetia

367 854 517 926 νερόν
563 858 745 911 ἐστιν.
798 861 976 915 Ἐπεὶ
1001 863 1059 915 δὲ
1096 864 1254 934 ὑμεῖς
1291 866 1383 919 καὶ
1413 866 1462 919 οἱ
1501 866 1808 922 διδάσκαλοι
1839 866 1992 936 ὑμῶν

379 947 607 1018 τολμᾶτε
636 949 861 1018 λέγειν,
900 955 1043 1024 μηδὲ
1077 956 1331 1027 εἰρῆσθαι
1368 958 1426 1009 ἐν
1466 959 1529 1027 τῇ
1562 957 1864 1028 προφητείᾳ
1895 956 1987 1008 τοῦ

396 1040 630 1094 Ἦσαῖοψ
677 1063 694 1093 ι
730 1044 878 1097 Ἰδοὺ
917 1048 952 1116 ή
990 1048 1265 1118 Παρθένος
1303 1049 1360 1099 ἐν
1387 1049 1584 1119 γαστρὶ
1616 1047 1757 1113 ἕξει,
1791 1066 1809 1099 ι
1838 1046 1983 1100 ἀλλ’·

397 1149 414 1181 ι
444 1130 573 1183 Ἰδοὺ
601 1131 637 1201 ἡ
667 1134 864 1197 νεᾶνις
890 1137 951 1187 ἐν
976 1137 1178 1206 γαστρὶ
1198 1136 1425 1206 λήψεται
1449 1137 1544 1189 καὶ
1576 1136 1787 1201 τέξεται
1813 1137 1946 1189 υἱόν·
1963 1157 1980 1187 ι

394 1220 482 1274 καὶ
514 1221 806 1290 ἐξητεῖσθε
854 1223 956 1295 τὴν
1000 1225 1336 1297 προφητεῖαν
1379 1226 1454 1291 ὡς
1500 1227 1579 1291 εἰς
1611 1227 1857 1292 Ἐζεκίαν
1896 1229 1987 1282 τὸν

393 1313 680 1381 γενόμενον
710 1314 876 1384 ὑμῶν
914 1315 1174 1386 βασιλέα,
1211 1319 1539 1389 πειράσομαι
1585 1320 1676 1372 καὶ
1719 1321 1777 1372 ἐν
1812 1319 1985 1391 τούτῳ

393 1406 511 1458 καθ’
546 1408 705 1477 ὑμῶν
760 1409 978 1480 βραχέα
1018 1411 1423 1481 ἐξηγήσασθαι,
1468 1412 1563 1465 καὶ⁷
1594 1411 1870 1476 ἀποδεῖξαι
1904 1416 1983 1477 εἰς

390 1496 575 1550 τοῦτον
617 1498 881 1570 εἰρῆσθαι
920 1501 1012 1553 τὸν
1053 1500 1477 1572 ὁμολογούμενον
1520 1502 1610 1570 ὑφ’
1656 1503 1812 1573 ἡμῶν
1845 1504 1979 1575 Χρι-

390 1590 533 1641 στὸν.

456 1679 546 1731 Η.
584 1678 751 1734 οὕτω
782 1680 895 1751 γὰρ
929 1681 1068 1735 κατὰ
1096 1682 1272 1735 πάντα
1298 1683 1470 1746 ἀθῶος
1504 1683 1656 1753 ὑμῶν
1688 1685 1846 1755 χάριν
1890 1686 1980 1739 εὖ-

2094 861 2282 916 lsaize:
2314 879 2332 913 t
2367 862 2505 917 Ecce
2533 865 2687 933 virgo
2715 865 2766 917 in
2793 874 2949 917 utero
2978 862 3218 927 habebit,
3252 883 3270 914 ι
3309 866 3402 918 sed
3433 880 3445 916 :
3479 884 3494 913 ι
3526 862 3665 917 Ecce

2093 952 2493 1007 adolescentula
2534 956 2585 1007 in
2618 966 2776 1009 utero
2810 956 3083 1024 concipiet
3114 965 3167 1008 et
3193 956 3371 1024 pariet
3402 955 3604 1017 ﬁlium;
3639 972 3659 1004 ι

2090 1052 2145 1095 et
2190 1044 2316 1111 quia
2366 1046 2712 1114 pr0phetiam
2763 1048 2836 1115 ita
2890 1047 3185 1118 exponitis,
3235 1047 3392 1116 quasi
3435 1048 3485 1099 in
3530 1046 3664 1100 Eze-

2089 1135 2291 1200 chiam,
2320 1136 2411 1203 qui
2442 1152 2537 1190 rex
2567 1148 2750 1192 vester
2789 1139 2910 1204 fuit,
2947 1141 3088 1193 dicta
3122 1149 3303 1204 esset;
3329 1140 3567 1193 conabor
3594 1138 3661 1192 de

2088 1227 2190 1281 hoc
2221 1242 2436 1297 quoque
2460 1240 2648 1284 contra
2677 1246 2775 1286 vos
2802 1247 2971 1300 pauca
3000 1233 3290 1297 disserere,
3325 1238 3379 1285 et
3408 1231 3460 1284 in
3492 1233 3656 1296 hunc,

2086 1333 2246 1386 quem
2287 1319 2563 1377 Christum
2613 1338 2735 1378 esse
2779 1324 3123 1390 conﬁtemur,
3177 1324 3380 1379 dictam
3433 1325 3659 1378 demon—

2085 1419 2279 1467 strare.

2152 1678 2242 1733 44.
2276 1676 2503 1733 Frustra
2546 1678 2729 1732 Judazi
2760 1677 2989 1733 salutem
3024 1680 3125 1733 sibi
3152 1680 3489 1748 promittunt,
3535 1694 3679 1748 quia.

390 1772 735 1841 ρεθήσομαι,
808 1775 857 1825 εἰ
914 1773 1216 1837 ἀποδείξεις
1264 1775 1580 1846 ποιούμενος
1640 1776 1951 1848 ἀγωνίζομα

2077 1786 2182 1823 non
2234 1781 2400 1839 potest
2456 1773 2755 1841 comparari
2806 1773 2907 1826 nisi
2963 1788 3054 1840 per
3107 1769 3398 1823 Christum.
3444 1801 3515 1809 —
3560 1769 3652 1822 Sic

386 1863 531 1932 ὑμᾶς
566 1862 881 1934 πεισθῆναι.
917 1863 1045 1917 Ἐὰν
1077 1864 1133 1917 δὲ
1167 1867 1323 1935 ὑμεῖς
1349 1867 1758 1939 σκληροκάρδιοι
1796 1868 1976 1937 μένον-

380 1970 506 2015 τες,
546 1953 581 2022 ἦ
617 1953 871 2017 ἀσθενεῖς
915 1954 1013 2025 τὴν
1047 1954 1271 2027 γνώμην
1328 1956 1413 2010 διὰ
1459 1958 1549 2011 τὸν
1596 1960 1974 2030 ἀφωρισμένον

380 2050 493 2125 τοῖς
518 2048 878 2117 Χριστιανοῖς
903 2046 1151 2111 θάνατον,
1187 2047 1263 2117 τῷ
1300 2049 1489 2120 ἀληθεῖ
1522 2052 1862 2106 συντίθεσθαι
1898 2052 1972 2124 μὴ

382 2137 664 2205 βούλεσθε,
704 2139 918 2201 ἑαυτοῖς
950 2140 1112 2193 αἴτιοι
1140 2141 1459 2212 φανήσεσθε.
1512 2143 1621 2194 Καὶ
1666 2142 1971 2207 ἐξαπατᾶτε

378 2230 610 2292 ἑαυτοὺς
647 2229 784 2299 (85),
827 2231 1176 2295 ὑπονοοῦντες
1206 2232 1292 2286 διὰ
1323 2232 1383 2285 τὸ
1421 2228 1555 2286 εἶναι
1578 2233 1670 2285 τοῦ
1718 2235 1970 2307 Ἀϐραὰμ

376 2321 519 2374 κατὰ
550 2322 739 2392 σάρκα
775 2323 1016 2393 σπέρμα,
1037 2324 1251 2388 πάντως
1273 2324 1697 2396 κληρονομήσειν
1729 2327 1796 2380 τὰ
1831 2324 1966 2381 κατ-

374 2412 700 2482 ηγγελμένα
748 2414 899 2486 παρὰ
944 2414 1039 2467 τοῦ
1074 2416 1207 2468 Θεοῦ
1241 2415 1327 2469 διὰ
1359 2416 1450 2468 τοῦ
1487 2416 1721 2489 Χριστοῦ
1755 2418 1967 2490 δοθήσε-

377 2506 501 2558 σθαι
537 2506 745 2573 ἀγαθά.
783 2508 971 2571 Οὐδεὶς
1020 2507 1129 2580 γὰρ
1173 2508 1291 2561 οὐδὲ
1325 2510 1545 2563 ἐκείνων
1586 2509 1693 2581 (86)
1737 2511 1965 2582 οὐδαμό-

375 2597 463 2650 θεν
488 2598 686 2651 λαὸεῖν
720 2599 832 2668 ἔχει
867 2599 1006 2671 πλὴν
1030 2602 1078 2653 οἱ
1112 2603 1175 2671 τῇ
1210 2600 1402 2674 γνώμῃ
1436 2600 1849 2671 ἐξομοιωθέντες
1893 2607 1958 2675 τῇ

374 2689 557 2741 πίστει
597 2690 698 2743 τοῦ
737 2690 1028 2761 Ἀὄραὰμ,
1089 2692 1182 2745 καὶ
1230 2692 1543 2760 ἐπιγνόντες
1575 2692 1643 2746 τὰ
1689 2696 1962 2765 μυστήρια

374 2785 584 2845 πάντα,
623 2783 771 2851 λέγω
803 2784 859 2836 δέ
884 2785 965 2836 ὅτι
1003 2784 1114 2855 (87)
1158 2783 1243 2845 τὶς
1289 2784 1387 2854 μὲν
1431 2784 1618 2857 ἐντολὴ
1650 2787 1730 2849 εἰς
1776 2785 1959 2840 θεοσέ-

373 2874 527 2927 Εειαν
560 2877 659 2927 καὶ
709 2875 1131 2947 δικαιοπραξίαν
1158 2876 1464 2931 διετέτακτο
1485 2894 1498 2908 ·
1552 2879 1636 2941 τὶς
1679 2878 1736 2931 δὲ
1768 2878 1956 2950 ἐντολὴ

370 2968 464 3020 καὶ
498 2967 704 3039 πρᾶξις
735 2969 937 3038 ὁμοίως
970 2969 1174 3039 εἴρητο,
1201 2968 1233 3039 ἢ
1269 2971 1348 3032 εἰς
1375 2972 1668 3042 μυστήριον
1698 2972 1792 3024 τοῦ
1819 2973 1955 3043 Χρι-

372 3058 522 3121 στοῦ,
553 3059 644 3112 διὰ
676 3060 738 3112 τὺ
766 3058 1189 3131 σκληροκαρδιον
1224 3062 1330 3131 (88)
1364 3060 1456 3114 τοῦ
1491 3062 1620 3116 λαοῦ
1656 3063 1826 3133 ὑμῶν.
1846 3065 1955 3119 Καὶ

366 3150 448 3203 ὅτι
480 3150 643 3204 τοῦτό
679 3152 829 3203 ἐστιν
852 3191 867 3212 ,
902 3153 960 3203 ἐν
1007 3151 1085 3222 τῷ
1127 3152 1383 3225 Ἰεζεκιὴλ
1430 3155 1557 3225 περὶ
1588 3154 1778 3207 τούτου
1813 3156 1949 3209 ἀπο-

367 3244 695 3315 φαινόμενος
726 3246 757 3297 ὁ
788 3244 919 3309 Θεὸς
950 3239 1121 3298 εἶπεν·
1147 3264 1165 3296 t
1189 3245 1315 3297 Ἐὰν
1347 3244 1470 3298 Νῶε
1504 3246 1598 3299 καὶ
1622 3245 1818 3300 Ἰακὼϐ
1838 3246 1948 3321 (89)

436 3398 549 3467 (85)
588 3399 701 3451 Καὶ
757 3399 1091 3463 ἐξαπατᾶτε
1139 3399 1411 3466 ἑαυτούς.
1449 3400 1566 3453 Non
1614 3400 1830 3457 difﬁcile
1866 3413 1948 3460 est

364 3471 531 3537 hujus
569 3471 675 3522 loci
717 3468 1026 3533 juncturam
1073 3485 1194 3537 cum
1226 3470 1555 3536 praecedenti
1599 3475 1947 3528 animadver-

364 3536 503 3594 tere.
559 3539 862 3610 Postquam
921 3539 1063 3610 dixit
1115 3536 1363 3595 Justinus
1424 3556 1675 3610 magnam
1729 3543 1944 3610 culpam

365 3606 792 3663 commerituros
825 3606 1067 3676 Judwos,
1096 3614 1140 3663 si
1187 3610 1401 3679 veritati
1430 3606 1686 3665 assentiri
1732 3606 1940 3679 nolint;

364 3680 565 3750 refellit
596 3681 817 3750 inanem
844 3693 1031 3750 eorum
1065 3677 1344 3743 ﬁduciam,
1368 3696 1488 3749 qum
1513 3682 1579 3734 ad
1610 3677 1946 3750 spernendus

362 3747 567 3821 Justini
624 3748 1076 3821 minasincitare
1126 3747 1721 3821 ροιενειι.“1ι1ειιιθιῖεο
1766 3763 1847 3806 est
1871 3768 1945 3808 ac

367 3821 410 3873 si
456 3820 689 3872 dixisset
731 3836 746 3871 :
780 3817 888 3871 Nec
916 3817 1063 3884 justa
1099 3817 1183 3873 εει
1230 3830 1412 3873 vestra
1467 3817 1683 3879 liducia'.
1720 3823 1813 3876 sed
1849 3838 1944 3878 vos

366 3889 464 3957 ipsi
503 3888 797 3959 decipitis,,
828 3900 935 3941 etc.
992 3889 1169 3954 Quare
1216 3888 1432 3944 inutiles
1478 3890 1711 3945 Thirlbii
1754 3892 1943 3959 conje-

362 3969 532 4031 ctura
577 3958 717 4031 uid
740 3958 1137 4031 ἐξαπατήσετε,
1189 3960 1283 4031 καῖ
1311 3960 1418 4031 γὰρ
1454 3960 1795 4026 ἐξαπατᾶτε,
1847 3958 1943 4017 καὶ

366 4028 441 4099 μὴ
466 4029 803 4099 ἐξαπατᾷτε.
825 4028 1054 4082 Fatetur
1087 4031 1201 4097 ipse
1222 4030 1322 4083 sibi
1348 4028 1441 4083 eas
1464 4047 1570 4085 non
1594 4032 1832 4099 placere.

433 4096 545 4165 {86)
597 4096 751 4151 Οὐδὲ
782 4099 1050 4153 ἐκείνων.
1090 4096 1142 4152 Id
1185 4109 1286 4165 est,
1325 4114 1389 4151 ex
1440 4099 1530 4153 illo
1579 4096 1811 4155 Abrahae
1857 4118 1942 4158 se-

363 4170 532 4222 mine.
571 4168 647 4240 Ex
678 4182 785 4240 qua
820 4170 879 4223 S.
928 4171 1190 4240 martyris
1225 4169 1493 4240 sententia
1529 4172 1817 4225 manifeste
1861 4188 1942 4227 se-

363 4241 552 4304 quitur
575 4238 642 4290 iis
675 4236 865 4308 etiam,
904 4243 993 4308 qui
1025 4236 1093 4292 ex'
1113 4238 1345 4308 Abrahae
1372 4240 1581 4293 semine
1618 4256 1723 4294 non
1759 4254 1935 4308 erant,

362 4309 737 4380 necessariam
776 4307 941 4363 fuisse
977 4309 1125 4362 illius
1160 4308 1286 4380 ﬁdei
1332 4307 1716 4380 imitationem.
1751 4307 1939 4380 Neque

362 4379 415 4448 id
449 4381 517 4431 de
568 4379 677 4430 illis
716 4388 925 4430 tantum
960 4378 1294 4444 temporibus
1338 4378 1564 4448 intelligi
1606 4381 1785 4446 debet,
1818 4378 1938 4448 qua:

360 4445 643 4515 Evangelii
694 4442 1187 4516 promulgationem
1243 4457 1431 4502 secuta
1483 4442 1630 4503 sunt.
1682 4442 1936 4505 Pluribus
1970 4442 2012 4496 D

358 4518 503 4569 enim
553 4518 696 4589 locis
726 4519 887 4571 docet
918 4518 1164 4572 Justinus
1209 4518 1458 4572 eamdem
1495 4534 1710 4586 semper
1748 4520 1940 4589 justifi-

356 4587 596 4639 catiouis
630 4586 803 4654 legem
831 4590 1129 4643 exstitisse.
1159 4589 1292 4642 Vide
1322 4603 1486 4655 supra
1526 4606 1578 4643 u.
1606 4590 1693 4655 11,
1730 4586 1821 4654 Q5,
1846 4591 1935 4645 30.

357 4656 601 4732 Coujicit
632 4656 1043 4732 Cl.__Tltirlbius
1080 4659 1362 4732 legendum
1402 4657 1575 4732 οὐδεὶς
1627 4658 1737 4732 γὰρ
1787 4660 1939 4714 οὐδὲν

360 4727 615 4801 ἐκείνων.
636 4744 677 4801 __t
706 4726 877 4801 Nemo
908 4730 1055 4781 enim
1082 4726 1386 4801 quidquam
1410 4744 1476 4782 ex
1506 4731 1590 4783 his
1626 4726 1786 4786 bouis
1814 4749 1939 4801 per-

359 4799 559 4868 cipere
591 4795 703 4868 ulla
759 4799 970 4868 ratione
1016 4795 1290 4865 potestfs
1347 4799 1731 4868 Conjecmram
1782 4795 1935 4855 suam

357 4866 515 4918 fulcit
532 4866 633 4942 _his
673 4866 886 4942 duobus
922 4867 1129 4942 Dialogj
1158 4868 1290 4942 locis
1322 4886 1334 4920 :
1370 4866 1474 4942 Σὺν
1507 4872 1653 4942 ἡμῖν.
1672 4871 1768 4924 καὶ
1801 4876 1936 4942 κλη-

358 4935 662 5006 ρονομῆσαι
694 4936 1045 5005 βουλήσονται
1066 4933 1165 4991 ιὶἂν
1195 4937 1371 5006 ὀλίγον
1403 4933 1566 4993 τόπον
1597 4933 1743 4992 οὗτοι
1775 4943 1823 4993 ot
1856 4933 1935 4994 δὶ-

356 5004 889 5083 ἐιαιοξντεὲιέαρτοὺς
910 5007 1013 5083 καὶΖ
1032 5004 1437 5083 λέγοντεςεῖναι
1456 5010 1623 5083 τέκνα.
1663 5010 1933 5083 Ἀβρααμ,

356 5092 410 5126 ιι.
447 5078 558 5151 15;
588 5075 654 5126 Τί
686 5074 781 5151 οςῖιν
813 5079 961 5151 ἐστιν
990 5077 1018 5129 ὃ
1051 5074 1231 5151 λέγεις
1255 5118 1268 5142 ,
1303 5081 1384 5132 ὅτι
1417 5080 1591 5145 οὐδεὶς
1626 5074 1780 5151 ἡμῶν
1813 5074 1938 5151 κλήὲ

358 5148 655 5248 σονξξξήσει
705 5149 763 5199 ὲν
812 5146 890 5218 τῷ
936 5147 1055 5219 δρει
1102 5148 1179 5220 τῷ
1226 5150 1367 5221 ἁγίῳ
1415 5151 1506 5205 τοῦ
1558 5146 1692 5206 sed;
1742 5146 1933 5219 οὐδέν-ς

355 5232 411 5267 ιι.
438 5218 535 5268 ‘26.

425 5285 541 5360 (87)
576 5286 657 5340 Τὰ
673 5286 978 5356 μυστήρια
1009 5286 1225 5353 πάντα,
1259 5289 1413 5360 λέγω
1444 5290 1513 5345 δὲ
1537 5292 1645 5347 ὅτι.
1682 5292 1800 5347 Non
1834 5294 1936 5348 dif-

353 5356 495 5435 Sede
531 5367 619 5410 est
652 5359 982 5435 investigare
1015 5374 1278 5435 quaenam
1302 5356 1391 5435 illa
1424 5364 1495 5415 sit
1537 5364 1779 5417 omnium
1816 5380 1934 5435 my-

352 5428 652 5479 steriorum
707 5430 969 5496 cognitio,
1031 5445 1191 5495 quam
1251 5428 1498 5485 Justinus
1561 5428 1929 5489 necessariam

349 5510 474 5549 esse
509 5498 578 5548 ad
627 5498 855 5551 salutem
910 5501 1095 5553 docet.
1129 5499 1245 5566 Ipse
1293 5501 1437 5555 enim
1491 5514 1726 5557 mentem
1775 5519 1929 5559 suam

350 5566 616 5633 explicat,
672 5582 737 5621 ac.
771 5578 938 5622 totam
977 5583 1094 5620 rem
1148 5583 1363 5625 revocat
1412 5573 1478 5625 ad
1522 5573 1928 5628 diStiuctionem

349 5649 565 5701 eorum,
612 5652 735 5705 qua:
787 5641 852 5692 ad
892 5642 1153 5708 pietatem
1199 5650 1255 5693 et
1301 5641 1590 5707 justitiam,
1626 5655 1926 5707 eteorum,

350 5720 471 5774 qua
507 5708 581 5763 ob
637 5707 907 5764 duritiem
948 5707 1134 5764 cordis
1174 5713 1489 5782 praescripta
1532 5713 1769 5769 fuerant.
1822 5711 1928 5770 Sed

2077 1861 2219 1913 enim
2259 1862 2500 1924 omnino,
2542 1871 2805 1929 quantum
2838 1861 2905 1914 ad
2940 1875 3037 1915 vos
3066 1860 3259 1912 attinet
3294 1858 3455 1928 140
3497 1859 3651 1911 inno-

2074 1968 2206 2005 cens
2246 1953 2519 2021 reperiar,
2559 1954 2601 2007 si
2644 1952 3197 2009 demonstrationibus
3236 1951 3559 2003 adhibendis
3593 1950 3647 2003 in

2075 2046 2123 2098 id
2161 2045 2492 2111 incumbam,
2528 2055 2587 2098 ut
2623 2044 2778 2099 vobis
2820 2045 3206 2114 persuadeam.
3250 2040 3345 2095 Sin
3378 2052 3559 2094 autem
3591 2042 3645 2093 in

2071 2136 2250 2191 cordis
2303 2136 2502 2191 duritia
2535 2147 2942 2203 permanentes,
2978 2148 3074 2190 aut
3126 2134 3313 2187 animo
3344 2132 3545 2187 inﬁrmi
3577 2132 3647 2187 ob

2069 2226 2334 2279 sancitum
2371 2227 2424 2280 in
2472 2226 2819 2282 Christianos
2847 2237 3098 2292 mortem,
3140 2226 3360 2281 veritati
3405 2225 3647 2279 nolueri-

2070 2319 2136 2371 tis
2187 2319 2474 2383 assentiri;
2526 2319 2873 2375 manifestum
2923 2322 3028 2374 erit
3077 2336 3174 2375 vos
3220 2319 3344 2373 mali
3391 2329 3645 2372 auctores

2066 2423 2185 2461 esse
2234 2408 2653 2479 vobismetipsis.
2694 2412 2772 2466 Ac
2813 2427 2907 2466 vos
2942 2412 3161 2481 quidem
3209 2411 3313 2481 ipsi
3363 2408 3641 2477 decipitis,

2064 2501 2153 2567 qui
2185 2514 2250 2554 eo
2273 2501 2415 2569 quod
2441 2516 2627 2554 semen
2652 2502 2888 2556 Abrahae
2913 2503 3034 2557 sitis
3065 2503 3364 2557 secundum
3393 2514 3641 2564 carnem,

2063 2591 2287 2645 omnino
2320 2592 2612 2653 bonorum,
2640 2593 2708 2645 de
2739 2592 2934 2660 quibus
2968 2592 3277 2646 nuntiatum
3309 2601 3394 2645 est
3420 2590 3559 2654 fore,
3583 2599 3643 2643 ut

2061 2696 2090 2733 a
2129 2682 2234 2734 Deo
2263 2695 2358 2748 per
2391 2680 2665 2735 Christum
2695 2682 2910 2747 dentur,
2953 2682 3323 2737 htcreditatem
3377 2691 3639 2750 acceptu-

2062 2788 2152 2825 ros
2179 2773 2400 2840 putetis.
2434 2770 2607 2827 Nemo
2637 2774 2806 2840 enim,
2841 2791 2909 2828 ne
2935 2791 3002 2831 ex
3040 2775 3130 2828 illo
3153 2774 3371 2843 quidem
3406 2774 3637 2839 semine,

2059 2868 2352 2935 quidquam
2404 2871 2656 2939 accipere
2710 2879 2909 2939 potest,
2956 2878 3152 2940 praeter
3182 2883 3275 2922 eos
3311 2868 3403 2937 qui
3451 2870 3637 2922 animo

2059 2962 2345 3016 assimilati
2382 2960 2586 3016 fuerint
2615 2962 2848 3017 Abraha:
2880 2961 3030 3025 fidei,
3071 2971 3124 3015 et
3159 2961 3419 3031 mysteria
3451 2962 3637 3014 omnia

2058 3058 2396 3123 agnoverint,
2431 3056 2481 3109 id
2534 3066 2617 3109 est
2668 3054 2769 3108 alia
2818 3056 3064 3122 quaedam
3114 3065 3381 3124 praecepta
3428 3055 3493 3108 ad
3537 3053 3635 3107 Dei

2056 3147 2261 3201 cultum
2312 3159 2365 3201 et
2410 3147 2636 3214 iustitia:
2683 3148 3118 3202 observationem
3162 3161 3284 3201 esse
3329 3148 3490 3212 data;
3525 3148 3631 3201 alia

2053 3250 2230 3296 autem
2257 3252 2527 3312 prtecepta
2554 3251 2607 3295 et
2635 3258 2822 3311 opera,
2849 3241 2931 3294 vel
2960 3245 3026 3293 ad
3048 3241 3252 3295 Christi
3287 3242 3628 3311 mysterium,

2051 3402 2218 3473 quaari
2270 3409 2448 3471 potest
2497 3416 2599 3456 cur
2634 3401 2792 3469 hujus
2836 3398 3208 3473 distinctionis
3251 3398 3626 3473 cognitionem

2052 3468 2418 3527 necessariam
2471 3480 2622 3540 putet
2671 3468 2738 3525 ad
2789 3469 3060 3533 salutem;
3110 3468 3306 3540 deinde
3356 3483 3631 3540 vero_cur

2050 3543 2154 3597 hac
2197 3537 2549 3597 distinctione
2600 3541 2861 3610 mysteria
2911 3541 3092 3610 omnia
3141 3538 3409 3610 contineri
3459 3537 3625 3610 dicat.

2048 3613 2202 3679 Quod
2225 3622 2436 3681 spectat
2465 3612 2531 3681 ad
2563 3605 2792 3681 primam
2816 3609 3169 3681 quaestionem
3194 3626 3207 3673 ;
3230 3624 3354 3662 cum
3376 3605 3625 3681 Justinus

2049 3677 2424 3737 necessarium
2486 3677 2650 3735 fuisse
2706 3677 2907 3734 Judaéis
2964 3680 3278 3740 existimet,
3333 3687 3391 3732 ut
3461 3677 3624 3731 fidem

2045 3752 2283 3807 Abrahae
2326 3752 2699 3810 imitarentur,
2727 3751 2857 3803 illttd
2894 3750 3062 3803 etiam
3105 3750 3476 3803 necessarium
3504 3749 3621 3801 exi—

2046 3823 2279 3877 stimare
2323 3822 2530 3887 debuit,
2569 3831 2626 3874 ut
2658 3819 2909 3873 ﬁduciam
2959 3834 3113 3872 suam
3149 3819 3201 3872 in
3247 3818 3381 3887 legis
3424 3818 3623 3871 ritibus

2045 3909 2150 3946 non
2185 3902 2472 3961 ponerent,
2518 3904 2616 3944 nec
2647 3889 2791 3961 justi
2816 3890 2929 3961 sibi
2954 3887 3623 3961 obcircumcisionem_et
3712 3924 3721 3939 ι

2043 3955 2269 4017 sabbata
2299 3955 2759 4023 viderentur,'sed
2784 3960 2899 4013 haec
2920 3960 3165 4012 instituta
3200 3961 3269 4012 ab
3298 3968 3499 4011 aiter-na
3528 3955 3621 4012 Dei

2045 4032 2163 4101 lege
2196 4031 2615 4100 distinguerent.
2650 4028 2847 4101 Mirum
2879 4038 3059 4101 autem
3090 4029 3276 4101 videri
3294 4044 3401 4101 non
3433 4028 3617 4092 debet,

2043 4098 2142 4155 cur
2168 4103 2349 4155 omnia
2374 4098 2634 4170 inysteria
2663 4100 2764 4152 hac
2789 4099 3102 4170 cognitione
3131 4098 3402 4170 contineri
3437 4106 3619 4170 putet.

2043 4171 2316 4239 Quidquid
2350 4167 2494 4223 enim
2522 4172 2573 4223 in
2612 4170 2714 4223 hac
2752 4169 2923 4236 prima
2966 4168 3178 4237 Dialogi
3215 4179 3371 4239 parte
3404 4167 3615 4239 eere-

2046 4237 2146 4295 teri
2184 4237 2539 4294 Testamento
2574 4239 2864 4306 depromit,
2894 4240 3157 4307 quidquid
3192 4240 3258 4290 de
3296 4237 3497 4292 Christi
3532 4239 3617 4290 di-

2045 4313 2272 4364 vinitate
2314 4320 2370 4365 et
2411 4310 2789 4363 incarnatione
2833 4309 3077 4371 disserit,
3116 4307 3242 4361 illud
3272 4323 3337 4361 eo
3384 4316 3614 4377 spectat,

2045 4392 2102 4435 ut
2134 4380 2576 4450 iustiﬁcationem
2621 4395 2727 4434 non
2772 4393 2866 4449 per
2899 4378 3373 4450 circumcisionem
3410 4390 3465 4431 et
3494 4377 3615 4430 Mo-

2044 4447 2191 4505 saica
2228 4451 2498 4511 instituta,
2526 4451 2619 4503 sed
2658 4447 3116 4518 per’sanguinetn
3153 4447 3353 4501 Christi
3393 4464 3614 4518 compa-

2050 4523 2154 4576 rari
2190 4522 2403 4591 probet.
2434 4520 2568 4574 llinc
2598 4517 2788 4591 etiam,
2822 4535 2875 4572 n.
2904 4517 2996 4591 _67,
3028 4518 3433 4591 distinctionem
3461 4517 3609 4570 illam

2046 4588 2279 4661 legis'et
2310 4591 2523 4661 gratiae,
2552 4589 2715 4643 veluti
2756 4589 3089 4661 praecipuum
3137 4588 3418 4661 quoddam
3457 4602 3611 4661 novis

2046 4657 2180 4731 legis
2222 4657 2543 4731 institutum
2599 4661 2877 4731 praedicat.
2934 4676 2952 4709 ι
3001 4657 3112 4711 Cur
3164 4658 3351 4731 igitur,
3407 4658 3607 4723 inquit,

2044 4729 2190 4786 aliud
2220 4730 2622 4786 Testamentum
2661 4729 2803 4783 Deus
2834 4729 3078 4781 futurum
3119 4729 3392 4795 promisit,
3424 4742 3523 4779 nec
3553 4739 3611 4780 ut

2046 4804 2188 4860 iStud
2241 4802 2545 4855 institutum
2579 4798 2776 4866 fuerat,
2821 4799 2916 4854 sed
2962 4803 3079 4851 sine
3117 4809 3261 4850 metu
3289 4807 3343 4850 et
3375 4808 3608 4851 tremore

2041 4884 2095 4926 et
2126 4872 2427 4942 fulguribus
2453 4870 2766 4924 institutum
2796 4870 2862 4922 iri
2892 4869 3050 4942 dixit,
3074 4878 3128 4923 et
3151 4867 3254 4920 tale
3286 4878 3342 4920 ut
3384 4870 3606 4921 demou-

2041 4953 2179 4997 stret
2208 4940 2480 5011 quodnam
2513 4940 3203 5011 praceptuitt,‘sive_0pus,
3247 4947 3508 4990 aeternum
3552 4950 3606 4991 et

2039 5013 2186 5067 omni
2218 5008 2404 5081 generi
2429 5008 2982 5081 conveniensjudicet
3008 5009 3172 5071 Deus,
3197 5013 3471 5081 quodnam
3506 5022 3605 5081 au-

2042 5094 2150 5136 tem
2210 5079 2622 5136 accommodate
2676 5081 2743 5135 ad
2780 5079 3062 5133 duritiam
3117 5080 3299 5148 populi
3363 5079 3597 5134 vostri...

2039 5152 2396 5206 mandaverit.
2437 5172 2455 5203 ι

2108 5221 2223 5292 (88)
2248 5221 2351 5275 Διὰ
2381 5220 2448 5274 τὸ
2474 5218 2969 5292 σκληροκάρδιον.
3001 5218 3309 5292 Ιλθεθιιόριιι
3344 5219 3378 5288 ἢ
3411 5217 3501 5273 διὰ
3540 5218 3601 5272 τὸ

2038 5288 2484 5365 σκληροκαρδιον,
2521 5288 2681 5361 idque
2709 5308 2820 5359 Jatn
2856 5288 3166 5363 Laugus’et
3210 5288 3489 5347 Thirlbius
3523 5305 3600 5344 νι-

2037 5366 2253 5419 derunt.

2106 5433 2219 5504 (89)
2262 5433 2480 5489 Ἰακώϐ.
2507 5431 2583 5485 Ita
2620 5447 2751 5486 mss.
2784 5443 2837 5504 et
2861 5431 2926 5487 R.
2961 5434 3291 5502 Stephanus.
3319 5434 3410 5489 Sic
3432 5434 3597 5488 etiam

2035 5503 2198 5573 paulo
2252 5517 2372 5573 post
2416 5506 2612 5573 legitur
2660 5514 2715 5556 et
2757 5503 2896 5556 infra
2948 5520 3098 5558 num.
3134 5505 3257 5571 Mt),
3291 5508 3430 5561 idem
3465 5504 3595 5557 Eze-

2034 5573 2225 5630 chielis
2268 5574 2659 5629 testimonium.
2695 5574 2763 5627 At
2804 5574 3122 5644 Sylburgius
3155 5580 3391 5631 restitmt
3452 5574 3595 5639 Ἰὼϐ,

2034 5656 2094 5698 ut
2134 5645 2186 5697 in
2224 5644 2409 5700 Bibliis
2449 5645 2701 5710 habetur,
2734 5647 2877 5714 quod
2920 5646 3134 5715 quidem
3165 5662 3231 5702 eo
3265 5652 3443 5705 minus
3470 5660 3595 5716 pro.

2041 5716 2295 5781 baudutn,
2342 5720 2485 5784 quod
2525 5722 2579 5769 et
2612 5717 2909 5787 sa'pissiuie
2953 5733 2980 5772 a
3012 5718 3241 5789 vulgatis
3266 5719 3595 5779 editionibul
