3962 6262
402 337 502 393 571

1330 336 1385 395 S.
1426 337 1691 395 JUSTlNl
1743 337 2155 395 PHILOSOPHI
2193 337 2281 393 ET
2322 338 2683 396 MARTYRIS

3559 340 3659 395 573

401 457 489 514 vel
526 456 595 510 ob
622 454 883 508 duritiam
926 456 1109 511 cordis
1155 456 1339 525 populi
1383 458 1554 511 vestri
1586 457 1837 511 similiter
1862 474 1981 512 esse

2105 459 2180 512 cal
2226 458 2422 530 Δανιὴλ
2460 459 2847 531 ὲξαιτήσωνται
2893 459 2927 531 ἦ
2976 457 3191 527 υἱοὶ)ςῆ
3238 454 3556 525 θυγατέρας,
3599 458 3659 507 ού

402 548 698 616 descripta.
747 545 928 614 Atque
969 549 1042 601 ita
1083 565 1203 604 sese
1251 563 1365 603 rem
1412 549 1616 603 habere
1661 549 1802 602 Deus
1838 549 1979 618 apud

404 640 741 694 Ezccltielem
787 642 1107 710 pronuntiat
1140 644 1190 695 in
1233 641 1348 695 haec
1376 642 1539 694 verba
1581 662 1592 695 :
1630 660 1647 692 ι
1688 640 1743 693 Si
1788 640 1901 693 Noe
1931 652 1983 693 et

402 729 572 786 Jacob
598 738 650 784 et
686 732 873 785 Daniel
908 732 1326 801 depoposcerint
1371 731 1450 785 vel
1485 731 1648 795 ﬁlios,
1685 729 1765 784 vel
1818 729 1983 795 ﬁlias,

403 838 510 877 non
539 823 760 878 dabitur
791 826 872 879 eis
903 826 969 880 “.
1002 846 1020 878 ι
1051 826 1115 879 Ει
1145 826 1287 894 apud
1322 825 1515 880 Isaiam
1554 825 1604 874 in
1640 824 1777 876 hanc
1807 822 1983 890 ipsam

401 916 733 968 Sententiam
774 916 849 969 ita
903 916 1147 984 loquitur
1188 934 1201 968 :
1243 933 1260 966 ι
1304 915 1448 968 Dixit
1495 913 1755 966 Dominus
1796 913 1982 965 Deus:

402 1006 468 1059 Et
486 1005 852 1075 egredientur,
883 1016 937 1059 et
961 1005 1218 1058 videbunt
1240 1005 1479 1059 membra
1510 1003 1983 1071 pricvaricatorum

399 1096 708 1150 hominum.
759 1096 974 1149 Vermis
1015 1110 1203 1149 eorum
1254 1110 1359 1148 non
1408 1094 1695 1154 morietur,
1748 1101 1804 1144 et
1842 1091 1985 1159 ignis

401 1203 588 1241 eorum
623 1203 727 1240 non
776 1188 1175 1255 exstinguetur,
1216 1195 1270 1239 et
1314 1195 1477 1237 erunt
1523 1185 1574 1237 in
1614 1183 1982 1252 spectaculum

400 1279 548 1331 omni
583 1278 731 1331 carni
772 1277 838 1331 ³⁵.
881 1296 900 1328 ι
940 1278 1281 1346 Quapropter
1313 1277 1453 1329 hanc
1482 1290 1631 1344 spem
1682 1289 1749 1327 ex
1785 1274 1983 1327 animis

402 1370 601 1423 vestris
631 1369 939 1423 recidentes
971 1368 1254 1422 elaborare
1284 1377 1522 1436 oportet.
1558 1376 1615 1419 ut
1642 1368 1986 1434 cognoscatis

402 1476 637 1529 quanam
692 1460 775 1513 via
821 1460 888 1513 ad
937 1461 1318 1515 remissionem
1368 1469 1715 1528 peccatorum
1746 1466 1801 1512 et
1834 1472 1985 1525 spem

405 1553 742 1606 hmreditatis
817 1552 1213 1621 promissorum
1286 1551 1557 1605 bonorum
1628 1548 1984 1619 perveniatis.

353 1719 356 1723 .
403 1646 517 1697 Alia
567 1655 746 1698 autem
799 1660 903 1698 non
959 1653 1062 1707 est,
1100 1644 1202 1698 nisi
1252 1645 1386 1711 haec,
1433 1653 1491 1698 ut
1524 1645 1664 1697 hunc
1704 1641 1984 1696 Christum

2092 550 2165 621 μὴ
2188 550 2469 621 δοθήσεται
2504 552 2701 614 αὐτοῖς.
2746 571 2762 602 ›
2802 551 2912 603 Kal
2946 552 3002 603 ὲν
3037 550 3114 620 τῷ
3161 548 3353 619 Ἡσαΐᾳ
3388 550 3466 611 είς
3509 548 3659 601 τοῦτο

2088 640 2219 692 αὐτὸ
2254 640 2358 711 ἔφη
2391 641 2579 704 οὕτως·
2616 661 2633 691 ι
2677 639 2809 694 Εἷπε
2838 640 3039 712 Κύριος
3074 642 3101 693 ό
3140 638 3287 702 Θεός·
3325 639 3431 691 Kal
3458 636 3660 701 ἐξελεύ-

2091 747 2306 793 σονται,
2357 733 2451 785 καὶ
2490 732 2708 801 ὄψονται
2754 732 2823 785 τὰ
2868 733 3016 786 κῶλα
3066 732 3171 785 τῶν
3206 732 3657 803 παραϐεϐηκότων

2090 822 2411 893 ἀνθρώπων.
2472 826 2528 877 '0
2578 825 2686 897 γὰρ
2736 825 2949 895 σκώληξ
2996 825 3174 878 αὐτῶν
3228 826 3287 878 οὐ
3334 825 3655 895 τελευτήσει,

2091 916 2185 967 καὶ
2218 916 2278 967 τὸ
2306 914 2417 987 πῦρ
2451 916 2628 968 αὐτῶν
2662 918 2722 970 οὐ
2774 917 3161 989 σϐεσθήσεται,
3207 920 3300 971 καὶ
3338 917 3545 971 ἔσονται
3587 922 3661 981 εἰς

2089 1004 2278 1075 ὅρασιν
2312 1005 2459 1077 πάσῃ
2489 1008 2671 1078 σαρκί.
2720 1027 2738 1058 ›
2789 1008 2873 1071 Ὠς
2920 1008 3180 1079 τεμόντας
3214 1008 3322 1079 (90)
3371 1009 3515 1080 ὑμᾶς
3560 1008 3661 1061 ἀπὸ

2089 1094 2196 1148 τῶν
2228 1095 2414 1166 ψυχῶν
2449 1097 2602 1169 ὑμῶν
2635 1099 2732 1169 τὴν
2774 1100 2962 1153 ἐλπίδα
2998 1100 3221 1171 ταύτην,
3260 1102 3557 1155 σπουδάσαι
3588 1102 3664 1154 δεῖ

2090 1186 2385 1254 ἐπιγνῶναι
2436 1188 2503 1242 δι’
2542 1186 2610 1263 ἧς
2660 1190 2780 1243 ὀδοῦ
2832 1192 3023 1259 ἄφεσις
3074 1193 3203 1263 ὑμῖν
3246 1192 3354 1245 τῶν
3390 1193 3662 1263 ἁμαρτιῶν

2091 1278 2415 1347 γενήσεται,
2471 1280 2565 1331 καὶ
2599 1279 2752 1343 ἐλπὶς
2784 1282 2881 1352 τῆς
2914 1282 3278 1356 κληρονομίας
3318 1282 3425 1334 τῶν
3468 1300 3664 1354 κατηγ-

2092 1367 2368 1438 γελμένων
2412 1370 2649 1439 ἀγαθῶν.
2693 1374 2845 1425 Ἔστι
2879 1372 2922 1425 δ’
2956 1373 3057 1427 οὐκ
3108 1374 3239 1445 ἄλλη
3286 1374 3318 1445 ἢ
3368 1373 3540 1444 αὕτη,
3581 1376 3663 1427 ἵνα

2090 1458 2278 1513 τοῦτον
2320 1461 2412 1514 τὸν
2454 1464 2686 1534 Χριστὸν
2734 1465 3078 1533 ἐπιγνόντες,
3114 1467 3208 1519 καὶ
3249 1466 3564 1536 λουσάμενοι
3605 1466 3661 1519 τὸ

2094 1554 2235 1625 ὑπὲρ
2269 1556 2512 1625 ἀφέσεως
2545 1558 2827 1628 ἁμαρτιῶν
2862 1558 2950 1610 διὰ
2974 1552 3206 1612 ’Ἡσαΐου
3251 1560 3518 1632 κηρυχθὲν
3549 1560 3663 1611 λουι

2092 1645 2219 1715 τρὸν
2257 1643 2388 1717 (91),
2423 1646 2821 1717 ἀναμαρτήτως
2852 1646 3035 1699 λοιπὸν
3071 1645 3294 1718 ζήοητε.

404 1748 789 1807 agnoscentes,
838 1753 901 1792 ac
950 1736 1045 1791 illo
1098 1740 1162 1792 ad
1208 1748 1559 1807 peccatorum
1618 1734 1996 1791 remissionem
2033 1735 2331 1806 baptismo,
2393 1755 2551 1809 quem
2581 1740 2747 1793 Isaias
2777 1741 3115 1809 praadicavit,
3161 1740 3331 1796 abluti
3367 1743 3485 1795 sine
3546 1758 3665 1811 pec-

401 1843 524 1886 cato
550 1830 809 1899 deinceps
850 1832 1083 1897 vivatis.

471 1924 560 1977 45.
610 1924 714 1988 Qui
743 1925 883 1994 justi
923 1936 1045 1978 ante
1096 1924 1255 1993 legem
1300 1933 1346 1977 et
1386 1922 1481 1976 sub
1515 1926 1622 1993 lege
1654 1920 1987 1991 [uerunt,per

2163 1914 2252 1967 45.
2289 1916 2399 1968 Καὶ
2442 1918 2469 1969 ὁ
2512 1916 2778 1988 Τρύφων·
2816 1919 2878 1971 Ei
2914 1919 3007 1973 καὶ
3057 1919 3341 1987 ὲγκόπτειν
3374 1921 3515 1975 δοκῶ
3564 1926 3669 1977 τοῖς

403 2014 675 2069 Christum
716 2016 1082 2071 salvabunlur.
1128 2046 1197 2055 —
1224 2014 1360 2069 Tum
1397 2015 1616 2086 Trypho
1664 2034 1676 2068 :
1714 2012 1851 2077 Etsi,
1904 2014 1988 2066 in-

403 2110 539 2177 quit,
574 2125 637 2162 ea
670 2109 857 2163 videor
892 2108 1265 2177 interpellare,
1292 2122 1411 2175 quae
1441 2108 1505 2159 ad
1538 2104 1985 2174 pertractandum

404 2200 712 2253 necessaria
755 2201 1041 2265 edisseris;
1076 2208 1305 2269 urgente
1351 2208 1532 2252 tamen
1568 2214 1629 2249 ea
1666 2196 1985 2265 quaestione,

402 2306 567 2358 quam
604 2290 727 2344 volo
765 2306 989 2359 petiere,
1032 2291 1115 2344 fac
1149 2291 1383 2360 primum
1422 2299 1480 2342 ut.
1528 2303 1610 2339 me
1642 2287 1912 2355 perferas.

476 2382 615 2436 Tum
648 2398 798 2451 ego:
846 2382 1121 2453 Quidquid
1171 2383 1438 2452 placuerit
1489 2382 1787 2449 interroga,
1828 2396 1888 2435 ut.
1929 2385 1984 2434 in

404 2483 640 2528 ﬂentem
678 2475 894 2542 veniet;
921 2490 1044 2527 nam
1086 2478 1252 2528 etiam
1278 2483 1400 2543 post
1440 2473 1777 2540 interrogata
1815 2480 1867 2523 et
1902 2486 1988 2524 re-

404 2582 599 2634 spousa
645 2567 953 2620 orationem
996 2581 1279 2620 resumere
1304 2564 1548 2619 conabor
1577 2573 1633 2616 et
1678 2562 1986 2616 absolvere.

472 2658 685 2712 Atille:
712 2659 805 2713 Dic
831 2660 960 2713 mihi
989 2659 1175 2727 igitur,
1194 2658 1389 2726 inquit,
1416 2657 1510 2725 qui
1534 2656 1832 2710 secundum
1859 2670 1991 2724 pra:-

405 2756 613 2824 scripta
636 2754 770 2821 legis
787 2735 1140 2822 per-Moysen:
1166 2752 1427 2806 inStituta:
1450 2753 1725 2815 vixerunt,
1750 2763 1930 2803 utrum
1952 2749 1991 2805 ii

406 2862 581 2901 necne
609 2846 862 2901 similiter
887 2860 949 2900 ac
985 2842 1175 2908 Jacob,
1212 2844 1396 2898 Enoch
1422 2854 1478 2898 et
1506 2842 1621 2899 Noe
1656 2845 1708 2897 in
1742 2860 1993 2900 resurre-

408 2942 594 2994 ctione
621 2949 967 2992 mortuorum
995 2938 1216 2990 vivent?

484 3030 638 3102 14],
673 3031 737 3083 Et
759 3044 863 3099 ego
910 3030 974 3083 ad
1014 3029 1164 3082 illum
1196 3048 1208 3084 :
1237 3029 1369 3084 Cum
1399 3044 1461 3083 ea
1496 3026 1717 3096 protuli,
1750 3026 1991 3098 Trypho,

408 3140 530 3193 qua:
560 3125 628 3177 ab
664 3122 948 3178 Ezechiele
981 3124 1125 3177 dicta
1169 3134 1297 3177 sunt
1334 3141 1349 3177 ;
1388 3142 1405 3174 ι
1434 3122 1664 3176 Etiamsi
1706 3120 1841 3185 Noe,
1885 3121 1995 3173 Da-

408 3219 514 3273 nicl
572 3228 627 3272 et
681 3215 851 3271 Jacob
894 3215 1033 3269 lilios
1073 3226 1129 3269 et
1188 3215 1327 3270 ﬁlias
1382 3217 1760 3283 deprecentur,
1825 3212 1987 3267 mini-

409 3328 497 3367 me
528 3312 608 3365 eis
637 3324 956 3364 concessum
1000 3309 1089 3371 iri,
1127 3326 1145 3359 ι
1196 3310 1289 3363 sed
1336 3322 1435 3376 pro
1478 3322 1537 3361 se
1574 3321 1847 3376 quemque
1888 3320 1987 3359 sua

410 3406 583 3473 ipsius
623 3403 877 3458 videlicet
912 3403 1124 3473 iustitia
1165 3401 1379 3456 salvum
1426 3401 1579 3468 fore;
1612 3415 1705 3455 eos
1744 3415 1986 3469 quoque,

410 3496 501 3565 qui
542 3495 836 3550 secundum
881 3495 1053 3563 legem
1083 3494 1287 3565 Moysis
1316 3496 1588 3561 vixerunt,
1623 3495 1802 3547 salvos
1836 3492 1991 3547 sinti—

411 3589 536 3643 liter
569 3589 779 3642 futuros
812 3588 943 3645 dixi.
970 3586 1102 3640 Nam
1129 3602 1250 3655 quae
1285 3596 1479 3640 natura
1510 3586 1776 3655 praeclara
1810 3595 1864 3639 et
1903 3586 1989 3653 pia

411 3680 630 3748 etjusta
662 3690 890 3743 sunt,ea
923 3680 977 3731 in
1003 3678 1203 3748 Moysis
1234 3678 1349 3748 lege
1375 3680 1480 3743 his,
1513 3678 1603 3747 qui
1630 3679 1733 3747 legi
1767 3687 1989 3747 parent,

414 3772 662 3827 facienda
691 3772 1125 3839 praescribuntur
1146 3787 1160 3835 ;
1184 3780 1239 3824 et
1270 3786 1391 3841 qua:
1429 3771 1497 3824 ad
1529 3770 1785 3825 duritiam
1810 3771 1992 3827 cordis

415 3866 595 3935 populi
622 3866 771 3932 jussa
802 3874 927 3921 sunt
952 3865 1262 3931 observari,
1293 3879 1356 3918 ea
1391 3863 1645 3919 similiter
1668 3865 1991 3933 praescripta

416 3966 565 4019 Sunt,
596 3966 650 4009 et
687 3958 753 4009 ab
779 3957 888 4021 his,
912 3956 1003 4024 qui
1043 3956 1142 4010 sub
1176 3955 1296 4025 lege
1327 3966 1506 4019 erant,
1547 3955 1864 4010 observata.
1901 3954 1992 4009 Si-

416 4051 633 4114 quidem
670 4050 763 4117 qui
801 4064 863 4103 ea
905 4049 1205 4112 iaciebant,
1238 4062 1358 4116 quae
1393 4049 1651 4103 universe
1696 4058 1751 4102 et
1795 4056 1993 4103 natura

417 4154 474 4197 et
504 4154 765 4212 perpetuo
788 4142 1044 4213 praaclara
1077 4153 1228 4204 sunt,
1257 4143 1290 4196 ii
1324 4144 1431 4198 Deo
1462 4144 1602 4214 grati
1634 4153 1783 4209 sunt,
1811 4154 1865 4199 et
1899 4160 1995 4213 per

418 4237 564 4293 hunc
596 4235 873 4291 Christum
903 4237 957 4290 in
991 4237 1398 4293 resurrectione
1429 4237 1683 4293 similiter
1706 4253 1770 4293 ac
1806 4239 1864 4305 ii,
1899 4240 1994 4308 qui

418 4339 547 4383 ante
587 4344 681 4383 eos
703 4329 835 4396 justi
867 4327 1039 4393 fuere,
1069 4327 1202 4391 Noe,
1232 4328 1415 4384 Enoch
1440 4337 1496 4384 et
1520 4326 1714 4393 Jacob,
1740 4339 1795 4383 et
1825 4330 1870 4383 si
1896 4329 1995 4398 qui

418 4423 536 4485 alii,
568 4421 799 4477 :alutem
833 4434 1236 4491 consequentur
1273 4435 1379 4475 una
1418 4436 1540 4476 cum
1582 4420 1672 4484 iis,
1701 4420 1793 4489 qui
1839 4422 1991 4476 hunc

416 4515 697 4570 Christum
726 4513 818 4569 Dei
845 4514 1043 4568 Filium
1070 4522 1371 4583 agnoscunt
1402 4553 1416 4577 ,
1441 4514 1532 4582 qui
1562 4524 1617 4568 et
1641 4523 1769 4569 ante
1798 4512 1992 4569 lucife-

2090 2007 2267 2073 λόγοις
2313 2008 2521 2072 τούτοις
2568 2005 2649 2073 οἷς
2689 2011 2867 2079 λέγεις
2915 2012 3232 2081 ἀναγκαίοις
3293 2010 3445 2067 οὖσιν
3495 2014 3673 2078 ἐξετα-

2092 2102 2305 2171 σθῆναι,
2342 2101 2454 2154 ἀλλ’
2482 2098 2573 2155 οὖν
2600 2105 3016 2172 κατεπείγοντος
3048 2105 3141 2157 τοῦ
3176 2108 3424 2177 ὲπερωτή
3436 2125 3615 2177 ματος,
3641 2109 3667 2161 ὃ

2088 2193 2337 2257 ἐξετάσαι
2373 2194 2651 2265 βούλομαι,
2688 2196 2920 2267 ἀνάσχου
2961 2214 3060 2268 μου
3096 2197 3328 2268 πρῶτον.

2159 2391 2349 2461 Κάγώ·
2397 2394 2534 2447 Ὅσα
2580 2394 2753 2465 βούλει
2804 2392 3055 2462 ἐξέταζε,
3106 2394 3181 2459 ὥς
3230 2412 3312 2448 σοι
3357 2396 3663 2467 ἐπέρχεται·

2091 2482 2202 2552 ἐγὼ
2247 2484 2355 2556 γὰρ
2398 2488 2492 2539 καὶ
2537 2487 2673 2556 μετὰ
2718 2487 2816 2551 τὰς
2870 2487 3142 2551 ἐξετάσεις
3202 2489 3296 2540 καὶ
3354 2489 3668 2559 ἀποκρίσεις

2090 2578 2215 2639 τοὺς
2247 2575 2439 2644 λόγους
2472 2578 2873 2647 ἀναλαμϐάνειν
2909 2578 3237 2649 πειράσομαι
3273 2581 3366 2632 καὶ
3412 2581 3663 2652 πληροῦν.

2164 2670 2460 2733 Κάκεῖνος’
2497 2670 2633 2723 Εἰπὲ
2666 2668 2759 2724 οὖν
2798 2689 2921 2742 μοι,
2958 2672 3086 2743 ἔφη·
3132 2675 3182 2724 οἱ
3224 2674 3492 2744 ζήσαντες
3537 2676 3671 2731 κατά

2091 2762 2181 2815 τὸν
2226 2762 2385 2833 νόμον
2418 2762 2508 2815 τὸν
2558 2762 2911 2835 διαταχθέντα
2944 2764 3031 2817 διὰ
3062 2766 3338 2828 Μωῦσέως
3359 2808 3372 2832 ,
3421 2766 3665 2839 ζήσονται

2092 2854 2292 2924 ὁμοίως
2324 2852 2401 2924 τῷ
2434 2853 2632 2908 Ἰακὼϐ
2665 2858 2759 2908 καὶ
2791 2855 2867 2926 τῷ
2900 2855 3071 2927 Ἑνὼχ
3104 2857 3199 2910 xal.
3231 2857 3308 2928 τῷ
3342 2858 3490 2925 Νῶε,
3526 2860 3579 2914 ὲν
3604 2861 3667 2931 τῇ

2093 2945 2200 2998 τῶν
2234 2946 2443 3018 νεκρῶν
2476 2948 2792 3012 ἀναστάσει,
2828 2948 2859 3019 ἢ
2897 2946 2992 3012 οῠ;

2168 3037 2337 3108 Κάγὼ
2371 3039 2509 3110 πρὸς
2542 3039 2702 3092 αὐτόν
2723 3057 2735 3068 ’
2773 3039 3031 3103 Εἰπόντος
3067 3057 3190 3110 μου,
3224 3034 3269 3094 ὧ
3302 3040 3574 3113 ἄνθρωπε,
3607 3040 3671 3095 τὰ

2097 3132 2407 3203 λελεγμένα
2451 3131 2558 3185 ὑπὸ
2606 3130 2695 3183 τοῦ
2744 3130 3037 3203 ἰεζεκιὴλ,
3086 3133 3166 3185 ὅτι
3221 3133 3366 3187 «κᾶν
3415 3136 3537 3187 Νῶε
3582 3135 3671 3188 καὶ

2097 3225 2296 3297 Δανιὴλ
2328 3224 2422 3278 καὶ
2467 3223 2663 3277 Ἰακὼϐ
2698 3224 3088 3295 ἐξαιτήσωνται
3136 3225 3283 3288 υἱοὺς
3318 3226 3410 3279 καὶ
3448 3226 3671 3294 θυγατέ-

2100 3336 2219 3392 ρας,
2255 3317 2315 3369 ού
2351 3316 2636 3386 δοθήσεται
2684 3317 2886 3379 αὐτοῖς,
2915 3334 2932 3365 ι
2972 3316 3085 3367 ἀλλ’
3119 3315 3347 3379 ἕκαστος
3394 3320 3463 3389 τῇ
3512 3318 3669 3372 αὑτοῦ

2094 3408 2403 3480 δικαιοσύνῃ
2435 3409 2675 3480 δηλονότι
2696 3409 2996 3480 σωθήσεται
3014 3408 3119 3479 (92)
3140 3426 3151 3437 ·
3172 3409 3253 3462 ὅτι
3269 3409 3361 3463 καὶ
3381 3411 3511 3474 τοὺς
3541 3412 3677 3465 κατά

2095 3500 2186 3553 τὸν
2216 3500 2377 3569 νόμον
2395 3499 2487 3551 τοῦ
2523 3499 2799 3562 Μωῡσέως
2834 3499 3325 3570 πολιτευσαμένους
3354 3502 3557 3571 ὁμοίως
3574 3521 3675 3556 σω-

2096 3590 2356 3663 θήσεσθαι
2373 3588 2543 3645 εἷπον.
2568 3592 2677 3645 Καὶ
2697 3592 2803 3663 γάρ
2826 3594 2882 3645 ὲν
2900 3592 2978 3663 τῷ
3000 3593 3276 3656 Μωῡσὲως
3295 3595 3450 3665 νόμῳ
3482 3597 3548 3649 τὰ
3581 3596 3677 3664 φύ-

2100 3701 2183 3738 σει
2218 3682 2361 3737 καλά
2381 3683 2475 3738 καὶ
2499 3682 2697 3753 εὐσεϐῆ
2719 3682 2813 3736 καὶ
2847 3683 3035 3737 δίκαια
3066 3684 3489 3756 νενομοθέτηται
3514 3687 3681 3757 πράτ-

2097 3795 2210 3831 τειν
2243 3777 2369 3840 τοὺς
2401 3775 2761 3846 πειθομένους
2808 3777 2991 3839 αὐτοῖς
3028 3775 3135 3847 (95)
3160 3793 3173 3806 ·
3210 3778 3305 3830 καὶ
3340 3778 3480 3848 πρὸς
3516 3778 3677 3849 σκλη-

2102 3869 2391 3941 ροκαρδίαν
2423 3868 2480 3921 δὲ
2511 3867 2602 3921 τοῦ
2638 3866 2766 3922 λαοῦ
2801 3867 3159 3937 διαταχθέντα
3204 3868 3449 3936 γίνεσθαι
3484 3871 3679 3941 ὁμοίως

2100 3959 2556 4031 ἀναγέγραπται,
2591 3959 2627 4013 ἃ
2661 3960 2754 4013 καὶ
2786 3959 3056 4032 ἔπραττον
3103 3961 3151 4013 οἱ
3200 3960 3305 4014 ὑπὸ
3351 3960 3446 4013 τὸν
3496 3963 3675 4033 νόμον.

2112 4053 2263 4105 Ἐπεὶ⁸
2306 4051 2354 4105 οἳ
2400 4051 2470 4105 τὰ
2514 4052 2744 4106 καθόλου
2792 4052 2887 4104 καὶ
2934 4052 3093 4120 φύσει
3149 4052 3243 4106 κα)⁵
3320 4053 3514 4107 αἰώνια
3546 4055 3681 4109 καλὰ

2101 4144 2346 4208 ἐποίουν,
2383 4145 2667 4215 εύάρεστοί
2721 4146 2827 4196 εἰσι
2874 4142 2950 4213 τῷ
2995 4142 3133 4213 Θεῷ,
3171 4143 3264 4196 καὶ
3298 4142 3386 4195 διὰ
3419 4143 3512 4195 τοῦ
3547 4143 3678 4211 Χρι-

2101 4237 2226 4291 στοῦ
2255 4238 2441 4290 τούτου
2477 4240 2534 4290 ὲν
2568 4240 2632 4308 τῇ
2666 4238 2959 4291 ἀναστάσει
2991 4237 3191 4307 ὁμοίως
3209 4239 3320 4300 τοῖς
3341 4236 3679 4308 προγενομέ-

2099 4346 2209 4392 νοις
2255 4329 2432 4383 αὑτῶν
2476 4328 2726 4394 δικαίοις,
2776 4328 2899 4381 Νῶε
2944 4330 3038 4383 καὶ
3097 4327 3265 4399 Ἑνὼχ
3311 4328 3408 4381 καὶ
3469 4328 3680 4391 Ἰακὼϐ,

2099 4422 2193 4476 καὶ
2239 4422 2292 4474 εῐ
2333 4439 2475 4486 τινες
2522 4422 2671 4476 ἄλλοι
2716 4421 2995 4491 γεγόνασι,
3033 4421 3367 4493 σωθήσονται
3416 4423 3516 4475 σὺν
3574 4423 3682 4484 τοῖς

2099 4516 2379 4585 ὲπιγνοῦσι
2427 4518 2515 4571 τὸν
2562 4516 2799 4587 Χριστὸν
2854 4514 3039 4568 τοῦτον
3092 4514 3198 4584 (94)
3235 4514 3327 4568 τοῦ
3361 4514 3495 4568 Θεοῦ
3534 4515 3679 4577 Υίὸν,

417 4622 537 4663 rum
567 4619 623 4662 et
660 4608 840 4661 lunam
871 4614 1008 4671 erat,
1038 4615 1094 4661 et
1120 4621 1183 4660 ex
1218 4604 1305 4659 illa
1338 4606 1579 4662 Davidici
1619 4609 1838 4676 generis
1868 4608 1987 4663 Vir-

2105 4610 2151 4673 i;
2198 4611 2293 4664 καὶ
2338 4611 2445 4681 πρὸ
2493 4611 2772 4682 ἑωσφόρον
2822 4610 2918 4663 καὶ
2952 4609 3182 4682 σελήνης
3214 4604 3305 4682 ἦν,
3338 4609 3433 4662 καὶ
3466 4609 3555 4663 διὰ
3588 4609 3681 4678 τῆς

494 4789 537 4821 ³³
566 4790 761 4843 Ezech.
785 4787 999 4861 x1v,20.
1078 4787 1121 4818 ³⁸
1148 4785 1252 4844 lsa.
1284 4802 1433 4850 wa.
1475 4788 1567 4842 24.

421 4966 632 5021 recedit
659 4965 930 5033 Justinus,
962 4974 1151 5019 ethoc
1198 4965 1315 5018 loco
1356 4963 1543 5019 Jacobi
1593 4981 1810 5030 nomen,
1858 4965 2004 5034 quod

421 5038 652 5092 fortasse
694 5039 836 5091 illius
891 5038 1208 5090 memoriam
1240 5051 1336 5104 pro
1387 5034 1525 5089 Jobo
1556 5037 1743 5097 subiit,
1780 5037 2002 5104 aptissi-

422 5125 567 5160 mum
596 5118 715 5161 erat
748 5111 814 5162 ad
843 5109 1197 5163 refellendam
1238 5106 1428 5161 Jacobi
1469 5116 1816 5176 posterorum
1849 5122 2002 5160 arro-

422 5189 690 5247 gantiam.

467 5249 602 5371 ό(90)
645 5249 745 5315 Ὠς
786 5248 1095 5319 τεμόντας.
1130 5246 1442 5317 Legendum
1477 5247 1692 5303 videtur
1741 5245 1880 5299 ὥστε
1915 5263 2004 5300 τε-

497 5337 625 5371 ντας

428 5337 625 5383 μοντας

428 5378 441 5391 ’
494 5378 733 5460 (9|)AIii
762 5406 979 5460 quoque
1007 5390 1339 5445 ablutionem
1374 5390 1530 5444 istam
1562 5389 1628 5442 de
1656 5387 2003 5460 Christiano-

427 5458 546 5516 rum
585 5458 915 5529 baptismate
938 5472 1064 5515 sunt
1100 5461 1467 5529 interpretati,
1502 5470 1559 5512 ut
1586 5458 1847 5528 Cyprian.
1876 5465 1997 5512 adv.

424 5533 580 5590 Jud..
613 5547 650 5593 ι,
685 5532 775 5584 ει.
814 5532 989 5586 Οττο.

499 5602 607 5673 (9‘2)
644 5602 1001 5665 Σωθήσεται.
1045 5601 1199 5668 Legit
1236 5602 1315 5656 Cl.
1358 5600 1637 5673 Thirlbitts
1686 5600 2000 5673 δικαιοσύνῃ

430 5663 753 5743 σωθήσεται,
789 5663 945 5743 δῆλον
980 5676 1080 5737 ὅτι,
1119 5663 1222 5739 vel,
1259 5672 1569 5743 δικαιοσύνῃ
1616 5672 1857 5742 δηλονότι
1892 5663 1998 5724 om:

430 5743 653 5815 θήσεται
677 5760 685 5772 ·
720 5744 875 5810 δῆλον
908 5746 1007 5799 ὅτι.

2181 4964 2290 5034 (95)
2330 4962 2478 5029 Τοὺς
2521 4959 2909 5034 πειθομένους
2956 4956 3204 5034 α-ύτοξςκ
3236 4952 3333 5034 v91
3368 4954 3677 5034 _legc_ndum

2110 5025 2284 5105 αὐτῷ,
2319 5034 2426 5105 vel,
2453 5025 2497 5086 si
2531 5025 2951 5105 nihilintttetttr,
2989 5026 3330 5105 ἱΙΙιιᾲαὐτοῖς
3368 5025 3677 5105 intelligen-

2109 5094 2241 5159 dnni
2268 5094 2346 5157 Ide
2389 5094 2487 5174 iis,
2521 5120 2643 5174 quae
2683 5098 3072 5174 principi-untur
3120 5098 3172 5149 in
3217 5096 3355 5165 lege.
3410 5094 3535 5148 Mox
3584 5108 3678 5162 pro

2106 5176 2349 5245 γίνεσθαι
2383 5173 2515 5245 legit
2539 5168 2665 5227 ἔτινά
2696 5169 2778 5224 CL
2808 5168 3105 5245 Tllirlbiqs°
3153 5239 3195 5245 --
3347 5236 3357 5245 -
3517 5234 3542 5244 -

2179 5246 2287 5318 (94)
2325 5236 2463 5297 Σὺνῗ
2484 5245 2608 5318 τοῖς
2636 5239 2963 5318 ⁸(ἔπειςγοιςοῦοξιἰ
2994 5236 3112 5318 τὸν.
3146 5236 3406 5318 Χριστὸν
3438 5236 3677 5318 τοᾷτοκε

2110 5306 2602 5381 ΙΙΙιΧιιίξὲπιγνοῦσι,
2618 5315 2687 5368 de
2706 5306 2771 5364 iis
2800 5310 3207 5377 intelligendum
3224 5311 3319 5381 qui
3335 5316 3454 5374 post
3470 5306 3677 5381 Christi

2111 5376 2413 5444 adventum
2443 5376 2614 5439 fuere.
2645 5382 2831 5449 Neque
2854 5376 2998 5433 enim
3039 5381 3177 5431 duos
3201 5376 3679 5449 ordinessalvan-

2110 5463 2303 5512 dorum
2357 5456 2597 5509 instituit
2646 5444 2914 5511 lus-tinus,
2962 5463 3193 5517 quorum
3246 5447 3336 5498 alii
3396 5444 3676 5517 Christum

2110 5527 2489 5596 cognoverint,
2533 5526 2649 5579 sive
2705 5524 2757 5596 in
2799 5535 2924 5596 eum
2980 5516 3339 5596 crediderint,
3389 5516 3488 5595 alii.
3540 5527 3675 5596 non;

2109 5584 2210 5653 nec
2261 5584 2557 5666 quidquam
2613 5591 2787 5661 magis
2838 5589 3072 5666 alienum
3106 5606 3135 5641 a
3172 5586 3231 5640 S.
3258 5586 3525 5666 martyris
3584 5584 3680 5666 do-

2109 5658 2308 5733 ctrina',
2328 5658 2492 5733 quam
2516 5658 2792 5721 Christum
2820 5661 3099 5715 veteribus
3130 5658 3459 5728 patriarchis
3489 5664 3683 5723 cogut~

2111 5751 2220 5794 tum
2264 5752 2458 5805 negare
