3962 6262
297 320 386 376 573

1296 329 1643 388 DIALOGUS
1679 333 1824 390 CUM
1857 333 2236 391 TRYPHONE
2272 335 2543 394 JUDAEO.
3501 344 3602 399 674

293 434 562 502 Παρθένου
611 437 841 508 ταῦτης
910 439 1018 510 τῆς
1083 442 1194 496 ἀπὸ
1245 444 1337 496 τοῦ
1383 445 1576 512 γένους
1621 447 1713 499 τοῦ
1760 447 1892 500 Δαϐὶ

2027 449 2150 518 gine
2181 465 2311 503 caro
2339 450 2514 504 factus
2537 451 2688 504 nasci
2715 453 2994 516 sustinuit,
3019 461 3078 507 ut
3102 468 3198 522 per
3226 455 3362 509 hanc
3387 456 3604 526 dispen-

298 526 613 598 γεννηθῆναι
664 531 1136 600 σαρκοττοιηθεὶς
1184 534 1500 604 ὑπέμεινεν,
1555 537 1645 591 ἵνα
1689 537 1776 592 διὰ
1822 538 1897 607 τῆι

2024 539 2292 592 sationem
2327 553 2557 606 serpens
2599 539 2709 603 ille,
2745 542 2834 608 qui
2885 543 2952 595 ab
2990 543 3152 596 initio
3186 544 3429 612 improbe
3465 549 3598 615 egit,

307 619 599 690 οἰκονομίας
639 621 861 694 ταύτης
894 626 925 677 δ
956 628 1436 697 πονηρευσάμενος
1463 629 1558 699 τὴν
1588 629 1760 699 ἀρχὴν
1777 629 1917 698 ὄφις,

314 713 397 767 καὶ
427 714 473 766 οἱ
507 713 954 783 ὲξομοιωθὲντες
991 717 1144 788 αὐτῷ
1176 717 1394 786 ἄγγελοι
1429 719 1791 781 καταλυθῶσι,
1827 721 1919 774 καὶ

319 806 595 868 ἀθάνατος
649 809 1090 879 καταφρονηθῇ,
1127 809 1219 861 καὶ
1268 811 1325 862 ἐν
1375 813 1441 880 τῇ
1493 810 1724 882 δευτέρᾳ
1755 809 1916 863 αὑτοῦ

320 895 403 949 τοῦ
452 897 694 969 Χριστοῦ
750 901 1043 971 παρουσία
1077 901 1189 954 ἀπὸ
1230 900 1334 954 τῶν
1370 902 1732 954 πιστευόντων
1769 901 1918 972 αὐτῷ

320 987 406 1040 καὶ
448 987 773 1057 εὐαρέστως
821 988 1046 1052 ζώντων
1110 989 1382 1061 παύσηται
1442 989 1644 1054 τέλεον,
1693 990 1918 1061 ὕστερον

322 1078 505 1150 μηκέτ’
541 1078 643 1142 ὼν,
695 1080 830 1133 ὅταν
879 1081 931 1133 οἱ
981 1081 1084 1150 μὲν
1130 1082 1209 1144 εἰς
1255 1080 1436 1150 κρίσιν
1485 1081 1578 1134 καὶ
1623 1084 1917 1154 καταδίκην

317 1168 405 1221 τοῦ
438 1170 613 1241 πυρὸς
649 1171 957 1234 ἀπαύστως
1008 1171 1330 1236 κολάζεσθαι
1385 1171 1727 1243 πεμφθῶσιν,
1762 1177 1811 1228 οἱ
1861 1175 1918 1228 δὲ

321 1261 374 1312 ὲν
404 1260 654 1332 ἀπαθεξᾳ
699 1262 814 1332 (95)
851 1263 948 1315 καὶ
983 1262 1262 1335 ἀφθαρσίᾳ
1295 1261 1390 1316 καὶ
1423 1263 1628 1334 ἀλυπίᾳ
1659 1264 1752 1316 καὶ
1785 1263 1919 1317 ἀθα-

320 1365 479 1420 νασιᾳ
515 1367 757 1402 συνωσιν
771 1389 784 1402 .

379 1441 471 1494 ιδ.
524 1441 655 1494 Ἐὰν
690 1441 748 1493 δέ
783 1457 929 1504 τινες
963 1440 1059 1493 καὶ
1109 1439 1205 1494 νῦν
1251 1439 1350 1513 ζῇν
1391 1440 1686 1511 βούλωνται
1723 1441 1918 1511 φυλάσ-

314 1547 501 1593 causa;
535 1530 605 1582 τὰ
639 1528 734 1582 διὰ
764 1527 1052 1590 Μωῦσέως
1084 1527 1461 1597 διαταχθέντα,
1499 1527 1591 1580 καὶ
1626 1527 1918 1580 πιστεύσω-

313 1640 399 1676 σιν
433 1622 532 1674 ἐπὶ
569 1620 758 1673 τοῦτον
790 1621 880 1672 τὸν
918 1618 1306 1690 σταυρωθέντα
1353 1619 1579 1690 Ἰησοῦν,
1603 1620 1915 1688 ἐπιγνόντες

320 1716 403 1767 ὅτι
452 1713 628 1775 αὑτός
684 1713 832 1764 ἐστιν
867 1711 895 1762 ὁ
928 1710 1163 1779 Χριστὸς
1196 1710 1288 1763 τοῦ
1323 1709 1478 1774 Θεοῦ,
1513 1711 1607 1763 καὶ
1641 1711 1790 1782 αὐτῷ
1825 1711 1913 1764 δέ-

2022 639 2078 684 et
2105 629 2387 683 assimilati
2411 629 2459 684 ei
2490 630 2664 700 angeli
2693 631 3068 702 proﬂigentur,
3091 650 3152 688 ac
3183 650 3330 689 mors
3354 647 3600 690 contem-

2026 733 2210 787 natur,
2243 735 2298 779 et
2330 727 2381 778 in
2408 728 2645 780 secundo
2675 728 2845 795 ipsius
2871 728 3073 782 Christi
3112 731 3348 786 adventu
3383 734 3450 785 ab
3486 734 3595 796 his,

2021 815 2113 884 qui
2161 816 2214 868 in
2262 831 2386 870 eum
2431 819 2678 880 credunt,
2711 828 2766 871 et
2799 821 2869 871 ita
2918 821 3110 875 vivunt
3139 834 3195 875 ut
3233 825 3280 876 ei
3326 824 3594 891 placeant,

2022 906 2237 974 penitus
2268 905 2523 972 facessat,
2556 923 2653 962 nec
2679 907 2791 975 jam
2825 910 2929 962 ulla
2965 912 3060 975 sit,
3089 928 3211 966 cum
3242 913 3332 966 alii
3371 917 3589 984 quidem

2022 993 2074 1045 in
2133 993 2401 1060 judicium
2454 1005 2508 1049 et
2565 998 3077 1054 condemnationem
3137 1002 3277 1070 ignis
3333 1015 3595 1072 perpetu.)

2020 1086 2306 1139 cruciandi
2349 1089 2656 1153 mittentur,
2692 1089 2780 1142 alii
2823 1107 2952 1144 vero
3000 1093 3368 1160 perpessiOnis
3391 1107 3443 1150 et
3469 1112 3596 1150 cor-

2022 1177 2290 1243 ruptionis
2313 1188 2365 1231 et
2394 1178 2598 1234 doloris
2632 1192 2911 1246 expertem
2944 1190 3142 1236 statum
3183 1195 3346 1253 atque
3373 1186 3597 1241 immor-

2019 1266 2286 1320 talitatem
2320 1281 2745 1338 consequentur.

2086 1443 2176 1502 46.
2221 1446 2422 1512 Quwrit
2461 1447 2692 1518 Trypho,
2716 1468 2783 1504 un
2827 1451 3002 1505 salvus
3041 1455 3106 1506 sit
3147 1454 3360 1518 futurus
3403 1459 3446 1508 si
3476 1456 3592 1526 quis

2017 1535 2178 1621 leg‘cm
2212 1540 2496 1591 etiamnum
2527 1541 2780 1594 observet.
2811 1539 3010 1595 Probat
3040 1543 3286 1598 Justinus
3316 1564 3427 1599 eam
3456 1547 3594 1601 nihil

2015 1615 2369 1696 adujuslitiam
2401 1631 2657 1698 conferre.
2687 1661 2758 1671 —
2782 1631 2838 1685 Si
2874 1635 2963 1701 qui
3006 1647 3186 1689 autem
3235 1653 3378 1690 nunc
3425 1640 3589 1691 etiam

2017 1717 2203 1771 vivere
2225 1717 2417 1782 velint,
2461 1718 2658 1788 Moysis
2688 1721 2930 1774 instituta
2969 1726 3256 1788 servando,
3285 1737 3336 1779 et
3361 1728 3588 1781 credant

309 1805 461 1857 δοται
507 1801 575 1854 τὸ
624 1804 811 1872 κρῖναι
860 1801 1070 1862 πάντας
1123 1798 1326 1863 ἀπλῶς,
1362 1801 1456 1854 καὶ
1489 1802 1653 1855 αὑτοῦ
1689 1805 1835 1856 ἐστιν
1869 1806 1897 1874 ἡ

2015 1810 2060 1862 in
2081 1809 2221 1862 hunc
2235 1806 2417 1862 Jesum
2437 1811 2621 1864 crucili
2633 1829 2779 1878 xum,
2796 1824 3150 1882 agnoscentes
3165 1833 3285 1868 eum
3305 1832 3423 1871 esse
3439 1819 3513 1870 (‘Zb
3525 1819 3592 1872 ri-

313 1896 533 1959 αἰώνιος
600 1893 872 1964 βασιλεία,
939 1891 1193 1946 δύνανται
1254 1894 1350 1947 καὶ
1414 1893 1567 1947 αὐτοὶ
1632 1894 1904 1966 σωθῆναι;

315 1985 656 2041 ἐπυνθάνετό
693 2002 816 2056 μου.

377 2162 555 2233 Κάγὼ
604 2164 768 2217 πάλιν
793 2181 806 2194 ·
843 2163 1255 2237 Συσκεψὼμεθα
1299 2167 1542 2228 κάκεῖνο,
1578 2167 1625 2219 εἰ
1673 2165 1903 2232 ἔνεστιν,

310 2253 530 2323 ελεγον,
586 2255 888 2324 φυλάσσειν
955 2255 1022 2310 τὰ
1073 2255 1160 2310 διὰ
1213 2255 1493 2319 Μωῦσέως
1544 2255 1906 2325 διαταχθέντα

310 2350 532 2403 ἅπαντα
548 2347 672 2400 νῦν.

376 2439 652 2502 Κάκεῖνος
671 2439 1007 2509 ἀπεκρίνατο
1029 2456 1045 2470 ·
1070 2439 1164 2494 Οὔ.
1183 2441 1526 2511 Γνωρίζομεν
1541 2440 1648 2512 γὰρ
1664 2441 1746 2494 ὃτι
1772 2441 1902 2513 (96),

307 2529 381 2592 ὡς
428 2528 591 2600 ἔφης,
630 2528 756 2583 οὗτε
807 2529 1081 2600 πρόϐατον
1138 2530 1230 2586 τοῦ
1267 2533 1462 2602 Πάσχα
1494 2532 1602 2603 (97)
1637 2532 1902 2603 ἀλλαχόσε

308 2619 451 2672 θύειν
486 2621 744 2685 δυνατὸν,
780 2619 903 2673 οὔτε
949 2623 1076 2685 τοὺς
1122 2625 1186 2694 τῇ
1237 2623 1462 2694 νηστείᾳ
1511 2623 1903 2688 κελευσθέντας

311 2711 726 2784 πως-φέρεσθαι
748 2713 1040 2784 χιμάρους,
1059 2712 1182 2766 οὔτε
1215 2713 1311 2778 τὰς
1343 2713 1511 2778 ἄλλας
1544 2714 1728 2778 ἁπλῶς
1761 2715 1904 2768 ἀπά-

312 2819 408 2868 οας
443 2805 790 2876 προσφοράς.

378 2895 745 2964 Κάγώ-Τίνα
789 2891 882 2950 οὖν
927 2895 963 2951 ἃ.
1023 2895 1247 2950 δυνατόν
1279 2894 1390 2968 (98)
1426 2899 1541 2950 ἐστι
1587 2896 1900 2966 φυλάσσειν,

310 2989 639 3060 παρακαλῶ,
672 2989 802 3058 λέγε
837 2989 1032 3052 αὐτός’
1071 2988 1339 3062 πεισθήσῃ
1382 2989 1491 3062 γὰρ
1540 2991 1643 3055 δτι’
1683 2990 1759 3062 μὴ
1804 3008 1904 3060 τίν’

309 3083 523 3136 λάσσων
572 3080 645 3134 τὰ
688 3080 886 3135 αἰώνια
934 3078 1278 3152 δικαιώματά
1324 3081 1432 3154 (99)
1467 3099 1548 3146 τις
1595 3083 1629 3154 ἦ
1666 3082 1897 3154 πράξας,

311 3173 548 3245 σωθῆναι
584 3175 651 3225 ὲκ
683 3173 885 3236 παντὸς
918 3171 1052 3242 ἔχει.

376 3348 648 3410 Κάκεῖνος
670 3364 684 3378 ·
718 3347 792 3400 Τὸ
813 3346 1104 3412 σαϐϐατίζε
1114 3364 1160 3399 ιν
1175 3345 1337 3415 λέγω,
1371 3345 1465 3399 καὶ
1493 3345 1552 3399 τὺ
1574 3345 1761 3417 περιτέ
1771 3362 1898 3416 μνε-

311 3437 456 3500 σθαι,
491 3439 590 3490 καὶ
630 3439 692 3491 τὺ
726 3439 793 3491 τὰ
825 3437 1050 3510 ἔμμηνα
1100 3438 1410 3506 φυλάσσειν,
1447 3438 1540 3491 καὶ
1597 3438 1657 3490 τὸ
1706 3438 1897 3508 βαπτί-

309 3525 498 3594 ζεσθαι
533 3529 818 3600 ἁψάμενόν
851 3545 994 3592 τινος
1040 3522 1115 3582 ὧν
1160 3529 1532 3600 ἀπηγόρευται
1583 3529 1690 3582 ὑπὸ
1735 3531 1897 3582 Maii}—

312 3621 470 3685 σέως,
506 3622 540 3692 ἦ
583 3625 646 3673 ἐν
687 3622 948 3692 συνουσία
983 3621 1060 3692 (1)
1095 3621 1407 3692 γενόμενον.

377 3711 552 3779 Κάγὼ
586 3710 756 3780 ἔφην·
820 3710 1092 3782 Ἀϐραὰμ,
1144 3711 1240 3764 καὶ
1287 3711 1492 3773 Ἰσαὰκ,
1542 3709 1635 3763 καὶ
1682 3708 1892 3774 Ἰακὼϐ,

311 3801 403 3854 καὶ
418 3801 564 3865 Νῶε,
583 3801 680 3853 καὶ
714 3799 855 3864 Ἰὼϐ,
874 3801 968 3853 καὶ
986 3801 1193 3864 εἶτινες
1209 3801 1357 3855 ἄλλοι
1372 3801 1628 3870 γεγόνασι
1645 3801 1751 3872 πρὸ
1769 3800 1893 3853 τού-

308 3894 458 3962 αυνῆ
485 3893 629 3963 μετά
647 3891 870 3956 τούτους
887 3893 1087 3962 ὁμοίως
1105 3891 1482 3961 δίκαιοιθλέγω
1499 3893 1554 3946 δὲ
1567 3893 1660 3947 καὶ
1678 3893 1894 3966 Σάρραν

311 3986 409 4055 τὴν
455 3988 696 4053 γυναῖκα
745 3984 838 4038 τοῦ
885 3984 1155 4056 Ἀϐραὰμ,
1190 3986 1284 4038 καὶ
1329 3983 1624 4039 Ῥεϐέκκαν
1669 3986 1765 4057 τὴν
1797 3984 1891 4039 τοῦ

323 4076 527 4140 Ἰσαάκ,
563 4077 661 4130 καὶ
709 4074 909 4147 Ῥαχὴλ
940 4077 1040 4146 τὴν
1074 4076 1166 4129 τοῦ
1203 4077 1415 4142 Ἰακὼϐ,
1451 4077 1546 4131 καὶ
1578 4078 1762 4142 Λείαν,
1797 4077 1892 4130 καὶ⁴

309 4170 405 4232 τὰς
438 4169 633 4232 λοιπάς
665 4169 834 4232 ἄλλας
866 4170 963 4232 τὰς
995 4169 1269 4234 τοιαύτας,
1292 4170 1452 4240 μέχρι
1486 4171 1583 4242 τῆς
1614 4170 1888 4232 Μωῦσέως

307 4260 396 4314 τοῦ
433 4259 628 4313 πιστοῦ
663 4258 992 4331 θεράποντος
1027 4261 1254 4333 μητρὸς,
1293 4262 1458 4333 μηδὲν
1489 4262 1690 4316 τούτων
1723 4261 1891 4331 φυλά-

307 4351 507 4418 ξαντας
542 4352 641 4421 (Ξ),
679 4353 728 4404 εί
759 4351 1006 4404 δοκοῦσιν
1038 4351 1166 4421 ὑμῖν
1201 4352 1577 4424 σωθήσεσθαι;

376 4441 488 4495 Καὶ
549 4443 580 4494 δ
639 4440 877 4512 Τρύφων
935 4442 1299 4512 ἀπεκρίνατοο
1351 4445 1425 4498 Οὐ
1490 4445 1888 4518 περιετέτμητο

318 4531 574 4602 Ἀϐραὰμ
602 4532 700 4586 καὶ
730 4534 780 4586 οἱ
815 4535 936 4603 μετ’
967 4532 1151 4600 αὑτόνς

375 4646 487 4722 (9ᾄ)
536 4647 636 4699 ἐν
674 4646 945 4714 ἀπαθείᾳ.
1016 4647 1462 4718 Ρηιεροεὶιίοηθπι
1516 4651 1783 4722 expungit
1817 4651 1885 4709 Η.

305 4715 905 4858 ῗιῖὲἓῖιὶῗὲυρίζομεν
923 4787 1033 4858 γὰρ
1063 4785 1170 4842 ὅτι.
1191 4787 1448 4844 Mendose
1475 4789 1678 4844 editum
1708 4790 1886 4846 fuerat

305 4854 406 4908 ετιζ
450 4857 553 4910 ευ.
591 4854 833 4911 Parnm"
929 4854 940 4858 ⁷
993 4854 1005 4856 “

311 4994 335 5000 _
379 4927 494 5000 (97)
526 4928 838 5000 deé’ator
887 4928 995 4982 τοῦ
1023 4927 1261 4999 Πάσχα.
1308 4927 1454 5000 Pulsi
1489 4927 1884 5000 Hierosolymis

307 4994 482 5050 Judaei
517 4994 792 5064 jacturam
820 5000 1079 5053 sacriﬁcii
1115 4994 1284 5053 variis
1325 4999 1500 5053 modis
1529 4994 1885 5054 sarcire'teu-

305 5067 524 5139 tabant.
565 5086 585 5118 ε
614 5066 720 5139 Per
740 5068 981 5136 diversa,
1008 5071 1183 5139 inquit
1203 5069 1440 5122 Hilarius
1470 5069 1520 5122 in
1554 5069 1698 5124 Psal.
1729 5085 1881 5134 Lvm,

306 5152 372 5190 n.
408 5137 499 5202 £2,
546 5138 782 5206 speciem
825 5137 1120 5194 sacerdotii
1163 5140 1309 5194 illius
1358 5139 1582 5208 legitimi
1627 5151 1681 5192 et
1731 5141 1884 5192 holo-

2011 1908 2153 1951 stmn
2180 1899 2293 1960 Dei.
2321 1900 2481 1968 eique
2501 1901 2683 1954 datum
2710 1917 2830 1956 esse
2853 1917 3040 1957 omnes
3071 1905 3293 1958 omnino
3315 1907 3588 1975 judicare,

2012 1989 2264 2059 illiusque
2296 2006 2418 2045 esse
2443 2007 2668 2061 regnum
2698 1993 2823 2045 illud
2850 1996 2990 2062 quod
3014 2005 3275 2050 aeternum
3302 2009 3417 2062 est;
3448 2014 3514 2052 an
3547 1999 3585 2055 ii

2009 2094 2226 2149 quoque
2251 2082 2383 2135 salvi
2407 2098 2526 2136 esse
2548 2085 2815 2152 possunt?
2848 2085 2922 2138 Ita
2958 2102 3042 2140 me
3081 2087 3582 2158 illeiuterrogabat.

2083 2172 2154 2225 At
2186 2188 2287 2241 ego
2319 2189 2537 2227 rursum
2573 2192 2586 2227 :
2615 2175 2668 2228 Id
2704 2191 2941 2245 quoque,
2985 2178 3230 2247 inquam,
3263 2195 3368 2232 una
3395 2182 3583 2234 consi-

2006 2261 2278 2328 deremus,
2311 2281 2376 2318 an
2425 2281 2568 2319 nunc
2617 2266 2777 2321 liceat
2825 2271 3009 2324 omnia
3052 2285 3294 2334 servare,
3329 2288 3448 2341 qua:
3489 2289 3585 2342 per

2006 2349 2244 2420 Moysem
2275 2353 2592 2421 prazscripta
2623 2365 2772 2410 sunt.

2075 2441 2377 2510 Respondit
2402 2445 2492 2499 ille
2520 2462 2534 2498 :
2567 2444 2917 2514 Nequaquam
2993 2446 3359 2515 Agnoscituus
3405 2449 3572 2514 enim,

2005 2527 2460 2600 quemadmodum
2512 2538 2731 2600 dixisti,
2770 2553 2871 2591 nec
2930 2553 3128 2606 agnum
3176 2541 3397 2593 Pasebze
3447 2540 3576 2596 alibi

2005 2625 2270 2680 immolari
2296 2643 2476 2696 posse,
2505 2645 2604 2683 nec
2633 2631 2816 2685 hircos
2849 2631 2900 2683 in
2929 2629 3137 2699 jejunio
3158 2633 3343 2700 jussos
3369 2632 3575 2699 oﬂ'erri,

2004 2733 2102 2772 nec
2129 2728 2357 2773 cznteras
2385 2735 2576 2775 omnes
2604 2723 2830 2776 omnino
2861 2723 3183 2778 oblationes.

2074 2891 2210 2945 Tum
2235 2905 2336 2961 ego
2364 2911 2377 2947 :
2403 2893 2661 2960 Quasnam
2718 2912 2848 2967 ergo
2893 2898 2979 2951 illa
3026 2900 3157 2962 sint,
3185 2915 3305 2968 quae
3361 2901 3574 2969 possint

2001 2982 2310 3044 observari,
2363 2982 2499 3051 ipse,
2548 2997 2759 3051 quaeso,
2813 2985 3076 3038 edissere.
3109 2984 3227 3037 Tibi
3267 2986 3410 3037 enim
3446 3000 3574 3053 per-

2004 3087 2227 3126 suasum
2246 3073 2350 3126 erit
2381 3088 2542 3141 posse
2575 3073 2831 3142 aliquem,
2863 3091 2968 3129 non
2994 3077 3300 3129 observatis
3319 3091 3415 3130 nec
3449 3091 3575 3145 per-

1915 3174 1957 3232 c
1993 3164 2152 3218 lectis
2197 3165 2418 3218 aeternis
2451 3163 2681 3232 iustitia:
2737 3167 3048 3235 prazceptis,
3077 3167 3306 3220 salutem
3351 3169 3575 3222 omnino

1999 3271 2284 3310 ροηεεαυι.

2069 3272 2162 3309 nse
2207 3272 2284 3308 ut.

2067 3347 2138 3399 At
2162 3272 2253 3398 iile
2283 3346 2561 3400 :Sabbata
2601 3361 2883 3416 peragere,
2913 3358 2969 3401 et
2997 3348 3312 3402 circumcidi
3345 3360 3396 3404 et
3422 3363 3578 3403 men-

1997 3453 2084 3492 ses
2105 3438 2421 3503 observare,
2455 3448 2510 3492 et
2541 3440 2708 3502 ablui,
2739 3441 2781 3494 si
2809 3442 2938 3509 quid
2964 3457 2991 3493 a
3025 3440 3204 3508 Moyse
3235 3441 3570 3509 prohibitum

1996 3530 2268 3598 attigeris,
2304 3528 2388 3583 vel
2420 3537 2545 3598 post
2568 3530 2939 3584 concubitum.

2075 3707 2232 3779 142
2264 3706 2401 3761 Tum
2439 3722 2542 3778 ego
2579 3727 2592 3763 :
2623 3709 2924 3774 Abraham,
2968 3713 3210 3788 inquam,
3242 3719 3296 3766 et
3335 3711 3485 3766 Isaac
3516 3723 3565 3766 et

1994 3799 2162 3856 Jacob
2194 3813 2251 3856 et
2275 3801 2387 3856 Noe
2411 3812 2465 3858 et
2488 3800 2612 3870 Job,
2637 3813 2692 3858 et
2722 3807 2766 3858 si
2801 3807 2892 3873 qui
2919 3806 3014 3860 alii
3054 3814 3178 3860 ante
3209 3805 3293 3860 vel
3325 3815 3444 3874 post
3475 3819 3574 3861 eos

1987 3892 2119 3962 justi
2160 3893 2414 3948 similiter
2463 3895 2638 3957 fuere,
2672 3895 2861 3949 Saram
2907 3899 3028 3950 dico
3079 3911 3306 3950 uxorem
3337 3896 3571 3948 Abrahae

1993 3995 2045 4037 et
2079 3984 2380 4040 Rebeccam
2432 3984 2626 4051 lsaaci,
2652 3995 2709 4039 et
2763 3985 3056 4040 Baclielem
3097 3998 3259 4055 atque
3295 3985 3446 4039 Liam
3478 3984 3570 4039 Ja-

1992 4075 2136 4138 cobi,
2167 4086 2222 4129 et
2248 4075 2486 4144 reliquas
2516 4077 2656 4131 alias
2694 4076 2993 4144 ejusmodi,
3042 4093 3218 4146 usque
3251 4079 3316 4129 ad
3346 4077 3566 4147 Moysis,

1994 4165 2167 4220 ﬁdelis
2210 4167 2354 4221 illius
2408 4167 2630 4233 famuli,
2690 4179 2955 4230 matrem,
3000 4185 3122 4222 cum
3177 4169 3307 4222 nihil
3364 4169 3559 4221 borum

1990 4258 2370 4323 custodierint,
2395 4275 2522 4313 num
2543 4261 2699 4313 vobis
2725 4260 2959 4314 salutent
2992 4262 3244 4314 videntur
3273 4261 3566 4329 adepturi?

2058 4440 2356 4510 Respondit
2379 4439 2627 4510 Trypho:
2653 4439 2767 4494 Non
2785 4439 3144 4494 circumcisus
3162 4449 3244 4494 est
3267 4439 3563 4506 Abraham,

1916 4509 1961 4564 Β
1989 4542 2045 4588 et
2081 4509 2181 4603 qui
2203 4541 2325 4601 post
2347 4547 2470 4585 eum
2495 4531 2681 4585 fuere?

1993 4645 2319 4718 tur.r\lide
2357 4644 2632 4699 lulianum
2680 4645 2824 4716 apud
2881 4646 3070 4718 Cyrill.
3110 4645 3288 4708 Alex.,
3349 4647 3442 4701 lib.
3481 4663 3558 4714 ix,

1989 4717 2270 4858 p.(z9(95)."A
2295 4784 2574 4839 δυνατόν.
2609 4783 2686 4838 lta
2719 4785 2890 4858 codex
2921 4785 3159 4840 Clarotn.
3196 4785 3333 4858 Editi
3359 4787 3561 4842 ἀδύνα-

1987 4856 2248 4938 τονηίιυαξ
2279 4870 2384 4908 vox
2425 4858 2748 4925 interpretes
2797 4857 2849 4909 iti
2901 4871 3149 4922 magnam
3189 4856 3558 4915 dillicultatem

1993 4935 2326 4994 conjecerat.

2055 4998 2163 5068 (99)
2205 4995 2280 5048 Τὰ
2307 4993 2516 5049 αἰώνια
2542 4992 3007 5068 δικαιώματα.Ἰά
3037 5005 3141 5060 est,
3171 4996 3379 5068 videbis
3402 4998 3556 5051 salu-

1985 5065 2095 5122 tem
2127 5065 2386 5120 aeternam
2422 5082 2528 5120 non
2550 5067 2863 5120 observatis
2893 5065 3000 5118 illis
3031 5067 3324 5131 mandatis,
3353 5084 3474 5136 qua:
3501 5081 3556 5124 tu

1964 5147 2184 5192 aeterna
2211 5151 2332 5216 esse
2363 5151 2426 5190 ac
2459 5152 2738 5216 nunquam
2761 5137 3219 5216 praetermittenda
3245 5140 3556 5216 existimas,

305 5209 489 5262 eausti
546 5219 601 5262 et
657 5208 1091 5263 circumcisionis
1151 5206 1500 5264 imitantur.»
1550 5209 1608 5262 S.
1664 5209 1880 5264 Phileas
1982 5207 2290 5276 comparari
2324 5220 2514 5274 posse;
2547 5207 2749 5276 quippe
2771 5222 2894 5260 cum
2927 5219 3026 5258 nec
3055 5206 3556 5275 circuincisiouem,

306 5292 543 5348 martyr,
566 5279 804 5331 instante
835 5278 1098 5332 Culciano
1128 5279 1512 5349 praefecto,_ut
1544 5279 1738 5333 saltem
1766 5277 1878 5334 Deo

1983 5289 2043 5348 ut
2072 5275 2233 5348 paulo
2256 5286 2376 5344 post
2400 5281 2595 5345 probat
2625 5275 2892 5348 Justinus,
2916 5276 2960 5348 ii
2999 5278 3092 5342 qui
3127 5287 3254 5329 ante
3276 5279 3555 5332 Abraham

307 5346 690 5410 sacriﬁcaret,
733 5351 806 5400 ita
842 5346 1153 5416 respondit}
1186 5367 1206 5401 ι
1237 5351 1378 5402 Solis
1416 5347 1618 5403 Judzeis
1677 5364 1880 5417 prmce-
1979 5346 2223 5410 fuerunt,
2254 5362 2354 5401 nec
2389 5356 2583 5399 caetera
2622 5347 2873 5417 instituta
2910 5347 3027 5414 ipse
3062 5348 3364 5413 Abraham,
3408 5350 3556 5417 ejus-

306 5430 458 5537 p‘enm
515 5422 692 5472 fuerat
737 5419 1052 5472 sacrificare
1089 5420 1200 5474 Deo
1230 5420 1327 5474 soli
1381 5421 1432 5472 in
1476 5417 1875 5490 Hierosolyma.

359 5503 464 5537 unc
489 5500 668 5537 autem
701 5498 933 5537 peccant
971 5486 1139 5537 Judmi
1172 5492 1224 5537 in
1261 5489 1382 5537 aliis
1443 5489 1574 5537 locis
1606 5489 1874 5537 solemnia

359 5503 464 5538 unc
489 5500 668 5540 autem
701 5498 933 5556 peccant
971 5486 1139 5543 Judaei
1172 5492 1224 5543 in
1261 5489 1382 5543 aliis
1443 5489 1574 5543 locis
1606 5486 1875 5544 soleinuia

307 5571 408 5627 sua
443 5559 801 5612 celebrantes.
837 5577 857 5608 ι
890 5558 966 5612 De
992 5560 1186 5612 iisdem
1245 5557 1304 5612 S.
1333 5561 1693 5627 Augustinus,
1719 5559 1809 5616 lib.
1836 5575 1874 5614 tt

309 5624 568 5691 ﬂumen,
601 5643 648 5681 c.
687 5630 772 5694 10,
825 5629 907 5682 sic
948 5631 1234 5696 loquitur:
1271 5647 1290 5681 ι
1316 5624 1508 5683 Εοεόι
1551 5645 1694 5685 nunc
1726 5632 1876 5683 vide-

312 5710 436 5769 mus
457 5697 595 5769 sine
631 5700 914 5754 sacriﬁciis
941 5699 1291 5761 remansisse,
1323 5700 1423 5753 nisi
1451 5699 1590 5753 forte
1617 5700 1760 5769 quod
1782 5713 1876 5767 per

311 5764 518 5822 Pascha
558 5771 839 5825 immolant
891 5783 1074 5834 ovem,
1106 5769 1206 5823 ltuc
1251 5771 1303 5824 in
1347 5764 1875 5838 sacriticio'dcputc-

1979 5433 2086 5488 que
2113 5431 2281 5484 usque
2310 5419 2375 5469 ad
2415 5417 2648 5488 Moysem
2678 5416 2876 5484 posteri
2905 5417 3320 5488 observaverint

2024 5489 2128 5570 _(l)
2177 5488 2270 5570 ’ἢν
2296 5485 2618 5570 οςυγουᾳιᾳ.
2643 5488 2870 5570 Codices
2907 5501 3035 5570 mss.
3064 5485 3263 5570 habent
3286 5489 3363 5570 lad
3407 5504 3554 5544 mar-

1983 5548 2166 5630 gitie'm
2200 5557 2258 5608 ὲν
2291 5548 2465 5630 ουσία.
2504 5548 2580 5607 Ita
2601 5566 2656 5630 e_t
2689 5557 2758 5630 ll.
2788 5557 3096 5630 Stephanus
3127 5557 3192 5608 ad
3217 5555 3443 5630 calcem,

2051 5629 2126 5700 (2)
2160 5624 2573 5700 Φυλάξακτας.
2632 5625 2790 5700 Legit
2866 5626 3142 5700 'l'birlbius
3195 5624 3550 5700 φυλάξαντες.

1976 5694 2150 5756 Paulo
2176 5709 2297 5770 post
2332 5698 2620 5768 legendum
2647 5694 2860 5751 videtur
2886 5694 3212 5765 ἐξετάσομεν
3246 5697 3336 5752 τὸν
3369 5697 3550 5768 λόγον.
