3962 6262
378 351 487 411 5⁸⁷5

1323 350 1381 406 S.
1420 349 1681 408 JUSTINI
1719 346 2132 405 PHILOSOPHI
2169 350 2257 404 ΕΤ
2292 351 2653 407 MARTYRIS

3526 358 3639 415 57‘

455 473 566 537 Ego
596 484 724 523 vero
752 485 765 521 :
796 468 947 531 Scio,
978 468 1219 536 inquam,
1258 467 1529 521 Abraham
1570 469 1800 536 ejusque
1844 485 1939 538 pu-

2121 465 2290 534 Κάγώ
2308 483 2323 497 '
2343 467 2687 539 Ἐπίσταμαι,
2706 468 2861 541 ἔφην,
2878 470 2958 523 ὅτι
2974 469 3366 543 περιεπέτμητο
3379 472 3645 546 Ἀϐραὰμ

382 573 563 620 cteros
588 564 942 617 circumcisos
977 562 1164 617 fuisse.
1197 562 1307 616 Cur
1345 574 1522 614 autem
1550 563 1675 615 data
1702 563 1808 616 illis
1848 564 1957 616 cir-

384 653 651 708 cumcisio
700 653 884 717 fuerit,
916 653 1161 721 pluribus
1202 668 1365 721 supra
1392 654 1665 718 disserui;
1700 665 1753 707 et
1782 656 1824 707 si
1861 669 1957 708 vos

386 761 474 809 ea,
506 760 629 814 quas
664 745 797 808 dixi,
835 760 939 797 non
982 743 1289 807 inﬂectunt,
1323 760 1434 797 rem
1466 746 1643 798 denuo
1684 746 1959 799 examina-

388 839 588 894 bimus.
623 838 700 891 Ex
737 837 902 905 justis
945 848 1120 889 autem
1158 837 1469 889 hominibus
1499 837 1768 890 neminem
1796 853 1956 905 pror-

387 947 481 984 sus
513 944 682 998 usque
720 930 787 982 ad
818 929 1050 999 Moysem
1089 930 1384 997 quidquam
1418 944 1632 993 eorum,
1664 930 1731 983 de
1758 932 1958 997 quibus

389 1021 549 1076 modo
577 1024 975 1088 quaerebamus,
1006 1032 1201 1087 praeter
1227 1034 1367 1083 eam,
1400 1034 1520 1087 quae
1551 1022 1618 1073 ab
1644 1020 1958 1074 Abrahatuo

391 1114 603 1168 initium
666 1115 877 1176 habuit,
925 1113 1438 1172 t-.ircumcisionem,
1493 1112 1820 1167 observasse
1866 1126 1959 1166 aut

387 1204 709 1259 observandi
745 1214 1073 1273 praeceptum
1106 1206 1385 1271 accepisse
1407 1206 1586 1258 scitis.

461 1297 527 1350 Et
548 1296 635 1350 ille
664 1315 677 1350 :
704 1297 941 1363 Scimus,
973 1296 1169 1365 inquit,
1195 1306 1248 1351 et
1269 1312 1363 1352 eos
1392 1297 1590 1352 salvari
1610 1299 1956 1353 confitemur.

458 1473 570 1540 Ego
603 1488 818 1526 rursum
853 1489 865 1525 :
893 1472 1247 1527 Considerate
1279 1476 1461 1530 omnia
1515 1477 1786 1545 ejusmodi
1816 1495 1956 1549 prae-

388 1577 547 1632 cepta
594 1574 814 1633 propter
871 1564 1129 1617 duritiam
1174 1568 1355 1621 cordis
1402 1570 1586 1637 populi
1642 1571 1805 1623 vestri
1842 1578 1960 1641 ‘per

387 1658 623 1728 Moysen]
648 1657 851 1711 vobisa
892 1660 1001 1710 Deo
1026 1659 1222 1711 tradita
1257 1675 1412 1725 esse;
1448 1670 1505 1713 ut
1532 1661 1779 1729 pluribus
1808 1663 1959 1716 hisce

387 1754 552 1803 rebus
578 1748 868 1812 admoniti,
901 1747 955 1800 in
979 1749 1126 1801 omni
1161 1749 1374 1803 actione
1406 1750 1570 1803 Deum
1603 1766 1819 1820 semper
1834 1765 1960 1806 ante

2060 558 2152 610 καὶ
2194 559 2241 610 oi
2293 558 2409 628 μετ’
2444 560 2624 612 αὐτόν.
2662 561 2759 614 Διά
2805 562 2859 614 τί
2899 561 2955 614 δὲ
3003 561 3157 633 ἐδόθη
3192 564 3376 629 αὐτοῖς
3408 569 3440 636 ή
3476 585 3649 638 περι-

2058 650 2219 719 τομὴ,
2256 651 2314 702 ἐν
2347 650 2557 715 πολλοῖς
2590 656 2701 715 τοῖς
2734 652 3188 723 προλελεγμένοις
3248 650 3417 717 εἶπον,
3457 657 3551 711 καὶ
3591 660 3646 711 εί.

2062 738 2136 809 μὴ
2170 739 2410 792 δυσωπεῖ
2455 741 2599 811 ὑμᾶς
2644 742 2711 794 τά
2755 741 3046 812 λεγόμενα,
3083 741 3242 793 πάλιν
3289 742 3646 815 ἐξετάσωμεν

2058 832 2148 883 τὸν
2194 831 2369 901 λόγον.
2409 834 2528 886 ’Ὁτι
2572 833 2629 886 δέ
2678 833 2841 904 μέχρι
2888 832 3167 897 Μωῡσέως
3225 834 3401 898 οὐδεὶς
3445 834 3647 899 ἁπλῶς

2059 923 2264 987 δίκαιος
2295 925 2445 977 οὐδὲν
2477 924 2613 988 ὅλως
2658 924 2862 978 τούτων
2895 924 3022 995 περὶ
3055 918 3130 977 ὧν
3165 923 3462 995 ἐζητοῦμεν
3499 927 3647 997 ἐφύ-

2061 1015 2238 1080 λαξεν,
2275 1016 2395 1068 ούδέ
2428 1017 2642 1087 ἐντολὴν
2676 1015 2833 1069 ἔλαϐε
2868 1017 3178 1083 φυλάσσειν,
3216 1017 3353 1087 πλὴν
3398 1017 3496 1088 τὴν
3530 1019 3649 1090 ἀρ-

2059 1109 2160 1178 χὴν
2206 1108 2477 1180 λαϐούσης
2522 1108 2629 1162 ἀπὸ
2676 1108 2923 1181 Ἀϐραάμ
2970 1108 3068 1179 τῆς
3117 1109 3448 1181 περιτομῆς,
3514 1110 3652 1163 ἐπί-

2062 1212 2159 1247 στα
2168 1196 2278 1248 σθε.

2132 1289 2430 1350 Κάκεῖνοςο
2480 1288 2848 1359 Ἐπιστάμεθα
2872 1328 2887 1354 ,
2926 1289 3065 1361 ἔφη·
3112 1290 3209 1344 xai
3254 1290 3334 1344 ὅτι
3370 1290 3647 1355 σώζονται

2060 1379 2455 1452 ὁμολογοῦμεν.

2132 1471 2301 1540 Κάγὼ
2350 1471 2546 1524 πάλινο
2605 1472 2705 1525 Διά
2749 1473 2808 1525 τὸ
2861 1472 3282 1544 σκληροκάρδιον
3342 1470 3436 1525 τοῦ
3498 1471 3641 1525 λαοῦ

2062 1561 2214 1633 ὑμῶν
2249 1564 2429 1616 πάντα
2461 1563 2528 1616 τὰ
2569 1562 2797 1616 τοιαῦτα
2831 1564 3143 1633 ἐντάλματα
3176 1566 3344 1616 νοεῖτε
3377 1563 3469 1616 τὸν
3499 1562 3645 1615 Θεὸν

2060 1652 2145 1705 διὰ
2170 1651 2447 1715 Μωῦσέως
2466 1652 2837 1723 ἐντειλάμενον
2853 1652 3001 1723 ὑμῖν,
3038 1653 3124 1707 ἵνα
3154 1652 3239 1706 διὰ
3270 1653 3480 1707 πολλῶν
3511 1653 3647 1707 τού-

2061 1760 2168 1796 των
2217 1745 2274 1796 ἐν
2316 1744 2465 1815 πάσῃ
2515 1743 2711 1813 πράξει
2753 1745 2859 1816 πρὸ
2891 1743 3186 1813 ὀφθαλμῶν
3219 1746 3304 1797 ἀεὶ
3338 1744 3497 1815 ἔχητε
3544 1746 3645 1797 τὸν

386 1839 576 1894 oculos
609 1838 909 1901 haberetis,
939 1855 1041 1893 nec
1071 1838 1268 1905 injuste
1294 1850 1387 1893 aut
1414 1841 1577 1909 impie
1612 1857 1773 1913 agere
1820 1844 1959 1898 inci-

2072 1837 2211 1901 θεὸν,
2247 1836 2341 1889 καὶ
2377 1836 2513 1905 μήτε
2547 1835 2750 1888 ἀδικεῖν
2787 1837 2926 1907 μήτε
2976 1836 3190 1889 ἀσεϐεῖν
3224 1836 3485 1908 άρχησθε.
3522 1836 3645 1890 Καὶ

386 1933 612 2001 peretis.
671 1931 805 1985 Nam
859 1939 915 1984 et
957 1932 1268 1985 coccineum
1321 1935 1671 2001 panniculum
1706 1944 1767 1988 ut
1808 1937 1961 1991 vobis

390 2023 879 2091 circumpoueretis
920 2025 1175 2090 praecepit
1203 2022 1271 2089 ",
1316 2026 1470 2093 cujus
1509 2041 1612 2093 ope
1665 2028 1808 2080 nulla
1862 2045 1960 2084 vos

390 2115 489 2169 Dei
542 2124 763 2184 caperet
824 2115 1063 2181 oblivio;
1114 2125 1165 2167 et
1219 2115 1611 2184 phylacterium
1673 2120 1960 2189 descriptis

387 2205 715 2271 quihusdam
749 2204 948 2257 litteris
983 2205 1034 2256 in
1084 2206 1417 2258 membranis
1451 2209 1809 2269 tenuissimis,
1842 2226 1961 2277 qua:

389 2296 611 2364 quidem
650 2297 872 2349 omnino
902 2306 1091 2349 sancta
1120 2310 1241 2350 esse
1267 2296 1640 2367 intelligimus,
1659 2298 1821 2367 jussit
1849 2304 1960 2355 cir-

387 2383 725 2447 cumdari”,
770 2384 853 2437 bis
892 2385 1056 2437 etiam
1114 2384 1279 2439 rebus
1330 2385 1691 2439 exstimulans
1734 2402 1849 2448 vos.
1902 2398 1962 2441 ιιι

388 2490 609 2543 semper
654 2476 705 2528 in
764 2477 1027 2529 memoria
1065 2477 1229 2529 Deum
1263 2476 1561 2541 haberetis,
1594 2489 1647 2531 et
1669 2478 1827 2532 simul
1857 2495 1957 2534 ex-

389 2567 676 2638 probrans,
727 2569 871 2633 quod
924 2568 1126 2619 nullam
1183 2567 1333 2623 illius
1380 2569 1590 2622 colendi
1642 2573 1958 2626 memoriam

391 2658 669 2710 teneretis.
703 2655 867 2711 Vobis
913 2666 1094 2711 tamen
1145 2672 1211 2713 ne
1257 2659 1338 2713 sic
1379 2661 1597 2729 quidem
1644 2676 1957 2731 persuasum

388 2757 494 2811 est,
537 2760 597 2802 ut
629 2749 921 2801 simulacra
958 2764 1024 2803 ne
1048 2750 1328 2806 coleretis.
1363 2751 1495 2806 Elia:
1520 2754 1663 2806 enim
1692 2764 1955 2824 tempore,

388 2853 577 2892 eorum
621 2856 906 2893 numerum
963 2856 1275 2911 recensens,
1324 2845 1415 2913 qui
1460 2860 1604 2914 genu
1647 2845 1799 2901 Baali
1853 2866 1956 2903 nou

388 2931 690 2997 ﬂexerant,
740 2944 949 3006 septem
1001 2936 1166 2991 millia
1214 2954 1446 2993 numero
1500 2956 1623 2995 esse
1675 2942 1865 2995 dixit:
1907 2951 1962 2999 et

390 3026 533 3095 apud
584 3026 781 3081 Isaiam
839 3029 1126 3085 vobiscum
1185 3032 1513 3101 expostulat,
1558 3036 1700 3104 quod
1749 3046 1960 3090 vestros

2062 1928 2169 1999 γὰρ
2200 1928 2259 1981 τὸ
2292 1929 2541 1983 κόκκινον
2590 1926 2784 1997 βάμμα
2829 1927 3167 1996 περιτιθέναι
3216 1930 3398 1993 αὐτοῖς
3433 1929 3645 1982 ἐνετεί-

2060 2018 2188 2072 λατο
2220 2019 2368 2090 ὑμῖν,
2405 2018 2494 2071 ἴνα
2541 2017 2628 2071 διὰ
2673 2018 2862 2072 τούτου
2911 2016 2985 2088 μὴ
3018 2016 3153 2089 λήθη
3203 2018 3349 2088 ὑμᾶς
3382 2017 3647 2089 λαμϐάνῃ

2060 2110 2151 2164 τοῦ
2177 2110 2331 2175 Θεοῦ,
2354 2110 2448 2164 xai
2482 2109 2847 2182 φυλακτήριον
2883 2112 2939 2163 ὲν
2971 2110 3136 2180 ὑμέσι
3168 2108 3510 2172 λεπτοτάτοις
3540 2126 3646 2177 γε-

2059 2218 2212 2273 γραμ
2219 2201 2396 2272 μένων
2412 2204 2773 2274 χαρακτήρων
2792 2200 2969 2266 τινῶν,
2981 2201 3015 2255 ἃ
3033 2201 3245 2264 πάντως
3262 2200 3394 2269 ἅγια
3409 2200 3647 2271 νοοῦμεν

2061 2292 2218 2359 εἶναι,
2272 2295 2616 2365 περικεῖσθαι
2662 2296 2809 2365 ὑμᾶς
2858 2294 3148 2347 ἐκέλευσε·
3187 2293 3280 2347 καὶ
3312 2293 3401 2346 διὰ
3432 2292 3645 2346 τούτων

2060 2386 2320 2440 δυσωπῶν
2354 2388 2497 2458 ὑμᾶς
2526 2387 2614 2440 ἀεὶ
2658 2388 2878 2458 μνήμην
2912 2385 3055 2457 ἔχειν
3096 2384 3190 2439 τοῦ
3223 2384 3357 2438 Θεοῦ
3377 2402 3390 2415 ο
3428 2385 3546 2455 ἅμα
3580 2402 3647 2438 τε

2062 2478 2155 2533 καὶ
2188 2478 2406 2549 ἔλεγχον
2423 2478 2497 2549 (5)
2535 2480 2592 2531 ἐν
2624 2480 2751 2541 ταῖς
2785 2477 3037 2549 καρδίαις
3069 2476 3245 2547 ὑμῶν,
3279 2476 3397 2530 οὐδὲ
3433 2476 3646 2548 μικρὰν

2063 2573 2283 2643 μνήμην
2343 2571 2495 2642 ἔχετε
2528 2570 2621 2623 τοῦ
2656 2570 2956 2624 θεοσεϐεῖνο
2996 2570 3089 2624 καὶ
3122 2570 3227 2623 οὐδ’
3260 2569 3431 2634 οὕτως
3488 2569 3648 2621 ἐπείο

2064 2660 2225 2733 σθητε
2273 2659 2348 2731 μὴ
2399 2659 2832 2731 εἰδωλολατρεῖν·
2869 2659 2967 2713 ἀλλ
3020 2659 3111 2712 ἐπὶ
3145 2659 3322 2712 Ἡλίου
3356 2659 3648 2729 ὀνομάζω-θ

2060 2751 2150 2804 τὸν
2197 2750 2429 2823 ἀριθμὸν
2476 2750 2581 2804 τῶν
2635 2751 2710 2822 μὴ
2758 2750 3091 2821 καμψάντων
3136 2738 3266 2823 γόνυ
3334 2752 3398 2821 τῇ
3461 2750 3639 2815 Βάαλ,

2062 2841 2498 2913 ἑπτακισχιλίους
2544 2841 2633 2895 τὸν
2694 2841 2928 2913 ἀριθμὸν
2965 2840 3122 2904 ὄντας
3154 2836 3273 2893 εἶπε
3293 2858 3307 2872 ·
3341 2841 3435 2894 καὶ
3470 2842 3528 2894 ἐν
3560 2840 3645 2910 τῷ

2075 2933 2276 3005 Ἡσαΐᾳ.
2308 2935 2403 2988 καὶ
2436 2935 2503 2989 τὰ
2534 2934 2701 2987 τέκνα
2733 2932 2887 3003 ὑμῶν
2921 2932 3113 2985 θυσίαν
3134 2931 3492 3003 πεποιηκέναι
3526 2934 3645 2995 toi;

2063 3026 2299 3091 εἰδώλοις
2332 3027 2544 3099 ἐλέγχει
2576 3027 2742 3097 ὑμᾶς.
2793 3026 2984 3095 Ἡμεῖς
3030 3023 3106 3089 δὲ,
3142 3023 3284 3094 ὑπὲρ
3315 3022 3408 3076 τοῦ
3445 3023 3519 3094 μὴ
3554 3024 3651 3077 θυ-

390 3118 555 3172 etiam
602 3118 741 3172 filios
775 3120 1086 3177 simulacris
1137 3124 1576 3179 immolaveritis.
1629 3126 1739 3181 Nos
1778 3140 1959 3181 autem

2072 3121 2270 3185 σιάζειν
2303 3116 2383 3184 οἷς
2416 3120 2583 3174 πάλαι
2616 3119 2865 3189 ἐθύομεν,
2902 3117 3249 3189 ὑπομένομεν
3280 3117 3374 3179 τὰς
3408 3117 3647 3186 ἐσχάτας

391 3224 459 3262 ne
485 3209 552 3263 iis
584 3225 741 3265 sacra
784 3212 1070 3277 faciamus,
1112 3216 1310 3284 quibus
1347 3216 1475 3272 olim
1501 3217 1750 3284 fecimus,
1783 3233 1963 3274 extre-

390 3316 477 3355 ma
508 3303 775 3371 supplicia
807 3305 1168 3373 perferimus,
1202 3317 1259 3363 et
1306 3308 1433 3363 dum
1470 3312 1789 3376 occidimur,
1821 3314 1968 3368 Ιενιιι-

391 3408 540 3457 ntur,
570 3395 799 3471 _minime
841 3397 988 3452 dubii
1027 3400 1158 3468 quin
1215 3416 1314 3455 nos
1356 3402 1497 3457 Deus
1538 3420 1635 3471 per
1684 3404 1967 3460 Christum

390 3499 551 3539 suum
590 3488 657 3541 ad
691 3490 860 3541 vitam
907 3502 1265 3547 revocaturus
1306 3494 1399 3558 sit,
1432 3504 1486 3549 et
1524 3496 1875 3567 incorruptos
1904 3513 1967 3553 ac

392 3578 764 3646 perpessionis
807 3591 1060 3650 expertes
1108 3594 1163 3637 et
1210 3584 1549 3640 immortales
1599 3587 1878 3656 facturus;
1914 3602 1968 3645 et

393 3685 515 3737 qua:
542 3672 611 3724 ob
637 3671 894 3726 duritiam
928 3677 1114 3731 cordis
1143 3678 1324 3746 populi
1353 3681 1522 3734 vestri
1552 3681 1799 3737 instituta
1818 3696 1965 3751 sunt,

394 3774 456 3811 ea
516 3761 651 3813 nihil
702 3763 766 3815 ad
819 3764 1045 3832 jnstitize
1112 3768 1554 3824 observationem
1607 3781 1663 3827 et
1708 3774 1965 3842 pietatem

392 3850 592 3904 afferre
626 3854 895 3908 novimus.

466 3945 556 3995 47.
600 3942 731 3997 Cum
772 3946 1090 4002 Christianis
1118 3950 1279 4020 legem
1314 3954 1711 4011 observantibus
1736 3976 1970 4013 conmm-

396 4033 535 4084 nicat
556 4031 835 4088 Justinus.
861 4035 1021 4091 Secus
1052 4040 1298 4095 catholici
1326 4059 1433 4098 non
1459 4048 1713 4113 pauci.—
1739 4049 1965 4117 Rursus,

396 4126 659 4194 Trypho:
691 4126 747 4179 Si
787 4129 909 4196 quis
940 4131 1053 4184 haec
1081 4131 1151 4184 ita
1194 4149 1251 4187 se
1286 4134 1486 4190 habere
1518 4139 1722 4206 sciens,
1754 4154 1971 4209 praeter-

396 4232 558 4284 quam
589 4219 729 4284 quod
785 4220 931 4274 hunc
969 4221 1246 4277 Christqu
1301 4241 1424 4282 esse
1471 4245 1761 4298 agnoscat,
1809 4236 1969 4305 eique

396 4306 654 4362 videlicet
692 4310 878 4362 credat
930 4321 985 4364 et
1032 4313 1272 4381 obediat,
1304 4317 1419 4372 haec
1452 4336 1670 4390 quoque
1713 4324 1966 4380 instituta

395 4398 691 4452 obser'vare
740 4400 995 4462 voluerit,
1058 4413 1238 4459 utrum
1284 4410 1329 4462 is
1381 4412 1715 4481 salvabitur,
1763 4416 1834 4471 ita
1880 4417 1968 4472 ille

397 4492 805 4547 sciscitabatur.

467 4586 538 4639 At
575 4600 715 4652 ego:
756 4585 822 4640 Ut
848 4587 976 4641 mihi
1003 4590 1216 4655 quidem
1256 4594 1492 4659 videtur,
1517 4614 1549 4649 ο
1585 4597 1827 4669 Trypho,
1862 4603 1964 4657 bo-

399 4678 599 4728 minem
636 4673 899 4741 ejusmodi
938 4678 1149 4731 salvum
1198 4681 1320 4735 dico
1369 4682 1645 4748 futurum;
1700 4687 1744 4740 si
1802 4694 1964 4745 modo

402 4768 616 4820 cmteris
662 4768 995 4832 hominibus,
1030 4768 1080 4822 id
1114 4780 1217 4834 est,
1253 4773 1320 4826 iis
1353 4774 1448 4842 qui
1475 4791 1538 4829 ex
1572 4778 1824 4848 gentibus
1863 4796 1965 4850 per

399 4858 673 4913 Christum
716 4860 784 4912 ab
831 4875 1019 4914 errore
1056 4862 1365 4920 circumcisi
1408 4877 1561 4932 sunt,
1594 4872 1816 4925 omnino
1844 4889 1969 4942 per-

401 4953 634 5005 suadere
663 4968 772 5005 non
801 4964 1051 5018 conetur,
1090 4966 1145 5009 ut
1173 4957 1363 5011 eadem
1403 4975 1467 5014 ac
1510 4961 1623 5030 ipse
1647 4962 1963 5031 observent,

403 5044 634 5098 salutem
659 5059 755 5099 eos
796 5062 999 5114 negans
1029 5049 1343 5117 adepturos,
1369 5053 1472 5106 nisi
1494 5055 1604 5108 haec
1635 5057 1965 5125 custodiant;

402 5138 565 5205 quale
588 5148 671 5192 est
696 5140 836 5208 quod
868 5150 925 5194 et
954 5142 1112 5196 initio
1143 5143 1524 5213 disputationis
1558 5146 1818 5215 faciebas,
1847 5166 1970 5204 cum

405 5229 792 5297 pronuntiares
846 5231 1056 5285 salvum
1106 5247 1194 5288 me
1236 5248 1342 5288 non
1394 5234 1655 5301 futurum,
1703 5239 1809 5293 nisi
1859 5241 1972 5294 haec

405 5322 780 5377 observarem.

478 5501 525 5533 ³⁸
553 5501 712 5556 Νιιιη.
751 5519 842 5569 ιν,
875 5503 964 5559 58.
1038 5504 1080 5536 ³⁷
1110 5504 1267 5560 Deut.
1299 5523 1377 5571 Vl,
1404 5509 1459 5563 6.

2069 3211 2356 3283 τιμωρίας,
2393 3212 2486 3265 καὶ
2520 3211 2904 3281 θανατούμενοι
2956 3210 3253 3281 χαίρομεν·
3293 3205 3647 3271 πιστεύοντες

2067 3305 2148 3357 ὅτι
2181 3305 2469 3376 ἀναστήσει
2519 3304 2669 3374 ήμᾶς
2701 3306 2728 3355 ὁ
2761 3303 2892 3366 Θεὸς
2922 3300 3009 3354 διὰ
3058 3301 3153 3354 τοῦ
3184 3299 3417 3370 Χριστοῦ
3450 3298 3645 3362 αὐτοῦ,

2067 3396 2160 3449 καὶ
2192 3395 2499 3465 ἀφθάρτους
2533 3397 2625 3447 καὶ
2658 3394 2888 3456 ἀπαθεῖς
2943 3393 3036 3446 καὶ
3070 3391 3367 3455 ἀθανάτους
3402 3391 3645 3461 ποιήσει,

2066 3487 2161 3540 καὶ
2194 3486 2345 3540 οὐδὲν
2378 3484 2779 3555 συμϐάλλεσθαι
2814 3484 2949 3555 πρὸς
2980 3480 3393 3554 δικαιοπραξίαν
3427 3482 3520 3535 καὶ
3552 3482 3652 3534 εὐ-

2069 3579 2284 3632 σέϐειαν
2333 3576 2401 3630 τὰ
2445 3577 2535 3631 διὰ
2584 3576 2679 3645 τὴν
2730 3574 3166 3646 σκληροκαρδίαν
3198 3571 3294 3626 τοῦ
3326 3571 3455 3626 λαοῦ
3489 3571 3651 3642 ὑμῶν

2066 3669 2420 3741 διαταχθέντα
2453 3667 2813 3738 γινώσκομεν.

2141 3960 2229 4013 47.
2266 3959 2377 4014 Καὶ⁸
2410 3960 2439 4013 ὁ
2472 3958 2706 4029 Τρύφων
2752 3957 2941 4011 πάλιν·
2993 3955 3117 4009 Ἐάν
3148 3954 3205 4007 δέ
3240 3971 3343 4017 τις,
3379 3950 3530 4014 εἰδὼς
3563 3950 3649 4004 ὅτι

2071 4052 2243 4107 ταῦτα
2285 4051 2455 4114 οὕτως
2499 4049 2635 4120 ἔχει,
2697 4048 2833 4120 μετά
2882 4047 2975 4101 τοῦ
3023 4046 3118 4101 καὶ
3170 4044 3355 4098 τοῦτον
3390 4038 3523 4096 εἶναι
3553 4043 3651 4095 τὸν

2070 4149 2301 4219 Χριστὸν
2334 4145 2654 4199 ἐπίστασθαι
2681 4141 2941 4214 δηλονότι,
2961 4140 3054 4194 καὶ
3088 4137 3511 4192 πεπιστευκέναι
3546 4134 3648 4187 καὶ

2071 4239 2351 4295 πείθεσθαι
2384 4236 2552 4307 αὐτῷ,
2591 4236 2837 4306 βούλεται
2872 4230 3161 4287 καὶταῦτα
3193 4227 3505 4299 φυλάσσειν,
3542 4242 3652 4278 σω-

2073 4333 2296 4405 θήσεται
2316 4348 2330 4396 ;
2365 4329 2710 4384 ἐπυνθάνετο.

2141 4593 2340 4663 Κάγώ·
2379 4593 2466 4656 Ὠς
2520 4592 2618 4663 μὲν
2665 4591 2787 4661 ἐμοὶ
2820 4590 2986 4655 δοκεῖ,
3021 4581 3066 4641 ὧ
3099 4586 3353 4659 Τρύφων,
3388 4584 3533 4651 λέγω
3564 4584 3653 4637 ὅτι

2080 4688 2386 4758 σωθήσεται
2417 4689 2445 4739 ὀ
2475 4685 2730 4747 τοιοῦτος,
2768 4684 2861 4737 ἐάν
2899 4683 2973 4753 μὴ
3017 4683 3143 4745 τοὺς
3204 4679 3395 4741 ἄλλους
3439 4674 3655 4746 ἀνθρώ-

2076 4798 2229 4844 πους,
2263 4779 2406 4848 λέγω
2437 4778 2500 4850 δὴ
2532 4778 2658 4840 τοὺς
2690 4777 2796 4830 ἀπὸ
2826 4774 2933 4828 τῶν
2965 4773 3134 4827 ἐθνῶν
3166 4772 3254 4825 διὰ
3284 4769 3377 4824 τοῦ
3411 4767 3653 4838 Χριστοῦ

2075 4875 2183 4929 ἀπὸ
2216 4876 2310 4946 τῆς
2344 4872 2548 4943 πλάνης
2582 4866 3040 4940 περιτμηθέντας,
3078 4868 3141 4917 ἐκ
3194 4863 3393 4924 παντὸς
3442 4856 3654 4912 πείθειν

2079 4967 2430 5037 ἀγωνίζηται,
2465 4960 2638 5017 ταύτὰ
2682 4959 2832 5030 αὐτῷ
2886 4957 3203 5028 φυλάσσειν,
3237 4953 3412 5020 λέγων
3446 4950 3505 5001 οὐ
3543 4964 3653 5000 σω-

2073 5060 2336 5135 θήσεσθαι
2371 5059 2585 5119 αὐτοὺς,
2619 5055 2712 5108 ἐὰν
2749 5053 2824 5123 μὴ
2870 5050 3040 5104 ταῦτα
3091 5045 3433 5117 φυλάξωσιν·
3470 5041 3655 5135 ὁποῖον

2073 5133 2136 5212 ἐν
2183 5158 2325 5227 ἀρχῇ
2372 5152 2477 5206 τῶν
2509 5151 2684 5218 λόγων
2718 5147 2811 5202 καὶ
2847 5146 2910 5199 σὺ
2956 5144 3241 5213 ἔπραττες,
3276 5133 3654 5204 ἀποφαινόμε-

2074 5267 2164 5313 νος
2198 5248 2258 5301 ού
2295 5240 2636 5314 σωθήσεσθαί
2671 5257 2760 5310 με,
2797 5236 2889 5293 ἐὰν
2926 5236 2999 5307 pi"
3033 5232 3207 5286 ταῦτα
3239 5227 3477 5298 φυλάξω.

478 5656 555 5729 (⁵)
587 5657 730 5727 Ἅμα
757 5672 822 5711 τε
853 5655 948 5711 καί
981 5653 1253 5723 ἔλεγχον.
1287 5647 1426 5717 Lego
1455 5643 1568 5715 ἅμα
1596 5658 1653 5693 τε
1685 5639 1777 5693 καὶ
1807 5636 1962 5703 ἑλέ-ιγ

2072 5634 2152 5687 ὅτι
2188 5634 2242 5685 ὲν
2272 5634 2390 5694 ταῖς
2419 5630 2663 5702 καρδίαις
2690 5629 2859 5701 ὑμῶν.
2898 5629 2971 5683 ita
3004 5630 3166 5685 etiam
3203 5632 3459 5686 eruditus
3499 5627 3652 5685 Lon-

410 5727 652 5784 dinensis
684 5730 876 5783 editor.
