3962 6262
442 365 549 422 579

1384 365 1443 423 S.
1481 365 1743 422 JUSTINI
1773 366 2185 424 PHILOSOPHI
2217 368 2308 424 ET
2335 368 2697 425 MARTYRIS

3613 379 3725 434 580

439 484 581 553 ejus,
632 472 1087 552 quemadmodum
1146 496 1244 553 per
1293 482 1633 540 Ezeclticlem
1673 486 1913 540 declarat
1946 486 2022 549 ³⁸,

2130 486 2367 556 ἄμετρον
2388 486 2480 540 τοῦ
2516 486 2742 539 πλούτου
2767 485 2933 541 αὐτοῦ
2969 486 3060 539 10v
3085 487 3449 557 μετανοοῦντα
3475 490 3584 544 ἀπὸ
3608 493 3726 545 τῶν

438 577 670 649 perinde
706 593 767 630 ac
793 577 1001 643 justum
1033 587 1086 630 et
1133 588 1359 646 peccato
1393 588 1671 631 carentem
1705 578 1902 645 habet;
1933 580 2023 646 qui

442 679 627 722 autem
660 686 686 721 a
732 670 933 738 pietate
966 679 1018 722 et
1046 669 1269 738 justitim
1293 671 1677 725 observatione
1708 672 1772 723 ad
1811 671 2025 738 injusti-

440 761 571 814 tiam
613 772 668 814 et
716 763 1047 827 impii-tatem
1083 760 1392 824 delabitur,
1424 777 1548 815 eum
1595 772 1651 814 ut
1682 772 2022 830 peccatorem

440 864 495 906 et
531 854 788 921 injustum
826 863 880 906 et
911 854 1132 921 impium
1164 863 1439 907 numerat.
1468 855 1811 922 Quapropter
1843 853 2025 906 Domi-

446 962 549 999 nus
602 956 784 1000 noster
815 946 976 999 Jesus
1011 944 1265 998 Christus
1314 946 1488 999 dixit:
1524 964 1541 995 t
1595 945 1649 999 In
1698 944 1893 1013 quibus
1927 959 2024 998 vos

444 1042 873 1108 deprehendero,
906 1040 956 1091 in
994 1039 1079 1093 his
1105 1037 1460 1105 etjudicabo.
1501 1057 1519 1090 ι

514 1155 601 1207 48.
636 1154 931 1220 Antequam
968 1154 1146 1221 probet
1174 1152 1501 1205 divinitatem
1535 1150 1756 1217 Christi,
1792 1152 2020 1219 postulat

440 1256 496 1298 ut
521 1246 685 1313 ﬁxum
712 1254 919 1297 maneat
950 1261 1067 1297 eum
1092 1260 1202 1297 esse
1234 1243 1519 1296 Christum.
1548 1275 1617 1283 ——
1648 1243 1745 1298 Hic
1766 1242 2020 1315 Trypho:

442 1341 507 1393 Et
537 1340 620 1393 his
647 1339 711 1393 de
746 1341 906 1391 rebus
938 1338 1068 1404 quid
1098 1338 1352 1396 sentires.
1389 1339 1718 1391 audivimus.
1751 1338 2024 1407 Repetens

440 1434 606 1501 igitur
645 1446 986 1494 sermonem,
1041 1431 1094 1482 in
1132 1445 1238 1497 quo
1290 1431 1554 1494 desieras,
1603 1431 1839 1486 absolve.
1888 1432 2021 1487 Nam

440 1523 708 1577 mirabilis
750 1522 969 1587 quidam
1020 1519 1151 1571 mihi
1186 1520 1423 1581 videtur,
1457 1531 1509 1573 et
1540 1520 1630 1586 qui
1673 1534 1896 1587 prorsus
1926 1525 2021 1577 de-

440 1613 734 1669 monstrari
770 1626 875 1664 non
917 1610 1107 1679 possit.
1145 1608 1297 1674 Quod
1337 1609 1483 1662 enim
1517 1610 1598 1662 ais
1628 1614 2023 1677 prarexslitisse

444 1709 607 1761 Detnn
629 1702 790 1775 144
813 1715 940 1757 ante
976 1704 1170 1756 seacula
1210 1703 1353 1755 hunc
1389 1701 1688 1767 Christum,
1728 1719 1792 1756 ac
1829 1705 2022 1758 deinde

440 1804 605 1853 etiam
645 1799 796 1850 nasci
836 1797 1110 1850 hominem
1150 1794 1352 1848 factum
1390 1796 1754 1860 sustinuisse,
1793 1812 1892 1850 nec
1928 1799 2023 1849 lio-

2127 577 2568 649 ἁμαρτημάτων,
2614 577 2689 641 ὡς
2727 577 2794 629 δι’
2835 576 3096 649 Ἰεζεκιὴλ
3147 579 3363 649 μηνύει,
3400 582 3475 645 ὡς
3508 582 3726 635 δίκαιον

2125 669 2222 721 καὶ
2254 670 2638 741 ἀναμάρτητον
2674 670 2785 740 ἔχει
2806 687 2819 699 ·
2858 671 2952 723 καὶ
2997 671 3089 724 τὸν
3118 672 3227 727 ἀπὸ
3260 674 3544 739 εὐσεϐείας
3577 678 3609 746 ἢ
3650 678 3727 729 δι-

2126 762 2490 833 καιοπραξίας
2527 764 2780 833 μετατιθέ
2791 780 2949 833 μενον
2966 764 3058 816 ἐπὶ
3082 766 3296 819 ἀδικίαν
3320 766 3415 820 καὶ
3449 770 3721 841 ἀθεότητα

2125 851 2201 915 ὡς
2231 853 2556 924 ἁμαρτωλὸν
2597 854 2691 906 καὶ
2726 854 2910 906 ἄδικον
2944 855 3040 908 καὶ
3075 858 3248 927 ἀσεϐῆ
3284 859 3594 913 ἐπίσταται.
3633 861 3725 913 Διὸ

2124 943 2220 997 καὶ
2252 946 2280 997 ὁ
2309 944 2581 1015 ἡμέτερος
2611 945 2818 1016 Κύριος
2853 946 3060 1017 Ἰησοῦς
3092 950 3326 1017 Χριστὸς
3355 946 3537 1003 εἶπεν·
3579 972 3598 1003 ι
3631 953 3725 1006 Ἐν

2123 1032 2204 1101 οἷς
2234 1037 2299 1091 ἂν
2323 1038 2468 1108 ὑμᾶς
2504 1038 2575 1106 (8)
2603 1037 2909 1101 καταλάϐω,
2946 1041 3004 1091 ὲν
3037 1039 3243 1103 τούτοις
3268 1042 3363 1094 καὶ
3385 1043 3576 1114 κρινῶ.
3622 1065 3644 1095 ι

2198 1152 2288 1206 48.
2321 1153 2432 1206 Καὶ
2478 1155 2506 1206 0
2550 1151 2808 1224 Τρύφων·
2837 1152 2947 1205 Καὶ
2977 1153 3103 1224 περὶ
3135 1153 3336 1207 τούτων
3372 1156 3471 1208 ὅσα
3503 1160 3728 1228 φρονεῖς

2134 1247 2477 1318 ἀκηκόαμεν,
2531 1240 2703 1297 εἶπεν.
2749 1245 3062 1299 Ἂναλαϐὼν
3114 1243 3206 1299 οὖν
3259 1248 3349 1299 τὸν
3389 1249 3546 1317 λόγον
3595 1250 3729 1303 ὅθεν

2125 1340 2369 1402 ἐπαύσω,
2406 1336 2661 1409 πέραινε·
2702 1336 3004 1407 παράδοξός
3054 1355 3135 1401 τις
3181 1338 3288 1410 γάρ
3333 1357 3461 1393 ποτε
3497 1341 3570 1412 (9)
3622 1344 3726 1395 καὶ

2128 1433 2201 1503 μὴ
2233 1431 2529 1500 δυνάμενος
2558 1428 2694 1491 ὅλως
2725 1427 3113 1498 ἀποδειχθῆναι
3146 1430 3291 1483 δοκεῖ
3328 1449 3417 1501 μοι
3452 1428 3609 1487 εἶναι.
3647 1433 3727 1489 Τὸ

2124 1528 2232 1599 γὰρ
2262 1526 2440 1593 λέγειν
2485 1540 2545 1575 σε
2596 1523 2971 1595 προῦπάρχειν
3016 1523 3147 1576 Θεὸν
3182 1524 3310 1577 ὄντα
3356 1526 3462 1596 πρὸ
3504 1528 3726 1583 αἰώνων

2124 1619 2309 1672 τοῦτον
2360 1615 2449 1669 τὸν
2483 1615 2740 1688 Χριστὸν,
2771 1611 2890 1668 εἶτα
2926 1616 3022 1669 καὶ
3060 1616 3383 1687 γεννηθῆναι
3428 1618 3722 1692 ἄνθρωπον

2125 1710 2420 1781 γενόμενον
2449 1710 2758 1780 ὑπομεῖναι,
2778 1707 2873 1760 καὶ
2900 1708 2980 1759 ὅτι
3007 1710 3107 1761 οὐκ
3126 1709 3407 1780 ἄνθρωπος
3433 1709 3490 1774 ἐξ
3510 1710 3725 1781 ἀνθρώ.

2124 1823 2248 1868 που,
2284 1805 2344 1858 οὐ
2366 1805 2527 1876 μόνον
2578 1801 2881 1874 παράδοξον
2914 1802 3060 1855 δοκεί
3101 1820 3193 1873 μοι
3246 1796 3405 1867 εἶναι,
3450 1804 3585 1858 ἀλλά
3622 1805 3725 1857 καὶ

440 1894 643 1947 minem
678 1908 746 1947 ex
785 1892 1106 1946 hominibus
1156 1905 1296 1955 esse,
1348 1891 1399 1944 id
1456 1906 1559 1945 non
1598 1893 1772 1946 solum
1809 1895 1876 1947 ab
1910 1894 2026 1962 opi-
2057 1887 2099 1937 Β
2132 1898 2338 1968 μωρόν.

441 1986 603 2040 nione
638 1986 944 2041 abhorrens
982 1984 1111 2037 mihi
1148 1982 1400 2045 videtur,
1437 1983 1531 2036 sed
1568 1984 1733 2037 etiam
1771 1985 2020 2039 stultum.

510 2100 590 2154 Ad
627 2100 741 2153 haec
772 2112 902 2166 ego:
942 2097 1100 2162 Scio,
1140 2096 1395 2164 inquam,
1434 2096 1577 2150 hanc
1614 2098 1918 2151 doctrinam
1955 2099 2021 2151 ab

443 2193 699 2261 opinione
735 2191 1122 2243 abhorrentem
1159 2188 1352 2250 videri,
1388 2189 1690 2257 praesertim
1729 2188 1893 2243 vestri
1930 2205 2021 2259 ge-

441 2287 593 2340 neris
627 2283 965 2346 hominibus,
1002 2281 1093 2349 qui
1130 2296 1252 2349 quae
1288 2281 1380 2333 Dei
1418 2290 1548 2333 sunt
1582 2295 1684 2334 nec
1718 2281 2020 2350 intelligere

440 2394 541 2432 nec
577 2377 756 2430 facere
789 2388 1026 2443 unquam
1063 2372 1449 2435 voluistis,sed
1484 2386 1603 2440 quze
1638 2372 2018 2440 magistrorum

441 2479 766 2531 vestrorum,
814 2465 1268 2541 quemadmodum
1322 2465 1435 2532 ipse
1498 2464 1642 2518 Deus
1691 2466 1894 2517 clamat
1949 2464 2014 2517 ³⁸.

444 2561 551 2615 Sed
602 2570 803 2621 tamen,
850 2556 1091 2628 Trypho,
1144 2570 1486 2625 nequaquam
1538 2555 1757 2608 irritum
1792 2566 1843 2608 et
1880 2553 2020 2608 infe—

442 2663 590 2705 ctum
625 2651 731 2704 erit
764 2650 908 2720 quod
945 2648 1362 2711 demonstravi,
1398 2653 1545 2701 hunc
1579 2660 1701 2699 esse
1743 2646 2017 2698 Christum

442 2741 559 2808 Dei,
598 2742 643 2795 si
679 2742 1054 2795 demonstrare
1091 2754 1197 2793 non
1252 2737 1457 2807 possim
1496 2737 1645 2789 illum
1681 2737 1846 2790 etiam
1881 2750 2020 2803 prte—

443 2834 725 2889 exstitisse
748 2832 944 2885 Filium
974 2830 1251 2886 Creatoris
1286 2830 1682 2891 universorum,
1719 2827 1888 2882 Deum
1921 2841 2019 2881 es-

443 2929 747 2989 sistentem,
794 2934 850 2978 et
892 2924 1171 2977 hominem
1220 2936 1286 2976 ex
1329 2921 1548 2989 Virgine
1600 2921 1839 2990 genitum
1876 2933 2014 2973 esse.

444 3017 550 3072 Sed
574 3031 696 3071 cum
731 3015 953 3070 omnino
986 3013 1419 3067 demonstratum
1451 3013 1521 3066 sit
1548 3014 1691 3065 hunc
1723 3025 1845 3065 esse
1861 3011 2017 3065 Chri-

444 3122 590 3165 stum
630 3108 744 3173 Dei,
782 3106 1176 3174 qualiscunque
1211 3104 1297 3158 ille
1334 3104 1441 3168 sit;
1495 3105 1538 3156 si
1578 3104 1759 3157 minus
1793 3103 2017 3157 demon-

447 3210 694 3254 stravero
742 3197 1135 3266 prmexstitisse
1168 3206 1223 3249 et
1258 3196 1530 3250 hominem
1579 3195 2017 3265 perpessionibus

2193 2091 2365 2161 Κάγὼ
2396 2094 2531 2165 πρὸς
2564 2092 2737 2147 ταῦτα
2773 2092 2940 2163 ἔφην·
2983 2089 3095 2147 Οἶδ’
3131 2096 3212 2147 ὅτι
3248 2092 3547 2165 παράδοξος
3573 2093 3603 2144 0
3640 2090 3729 2145 λό-

2120 2202 2216 2254 γος
2255 2186 2403 2238 δοκεῖ
2434 2182 2593 2250 εἶναι,
2642 2188 2737 2240 καὶ
2785 2187 3020 2257 μάλιστα
3078 2190 3190 2251 τοῖς
3232 2188 3341 2241 ἀπὸ
3393 2186 3485 2239 τοῦ
3523 2186 3724 2254 γένους

2121 2279 2297 2352 ὑμῶν,
2332 2280 2527 2343 οἵτινες
2560 2279 2628 2332 τὰ
2658 2280 2751 2332 τοῦ
2786 2278 2921 2330 Θεοῦ
2965 2277 3087 2330 οὔτε
3123 2278 3310 2347 νοῆσαι
3341 2277 3463 2330 οὔτε
3490 2276 3727 2347 ποιῆσαί

2122 2387 2253 2424 ποτε
2290 2371 2638 2444 βεϐούλησοε,
2675 2371 2809 2425 ἀλλά
2841 2372 2909 2425 τὰ
2943 2371 3047 2424 τῶν
3069 2370 3399 2425 διδασκάλων
3429 2368 3608 2439 ὑμῶν,
3645 2369 3727 2431 ὡς

2118 2464 2280 2526 αὐτὸς
2300 2466 2328 2515 0
2347 2464 2477 2526 Θεὸς
2662 2464 2798 2534 Ἤδη
2835 2463 3039 2533 μέντοι,
3063 2457 3107 2516 ὧ
3138 2462 3389 2535 Τρύφων,
3414 2457 3588 2524 εἷπον,
3616 2463 3724 2514 οὐκ

2118 2557 2421 2610 ἀπόλλυται
2460 2557 2519 2608 10
2559 2557 2799 2609 τοιοῦτον
2836 2556 2943 2627 (10)
2980 2551 3119 2609 εἶναι
3160 2556 3393 2627 Χριστὸν
3426 2553 3516 2607 τοῦ
3553 2554 3722 2619 Θεοῦ,

2118 2650 2211 2703 ὲὰν
2245 2648 2522 2712 ἀποδεῖξαι
2556 2649 2629 2719 μὴ
2664 2649 2911 2719 δύνωμαι
2948 2650 3029 2701 ὅτι
3065 2647 3159 2702 καὶ
3192 2647 3545 2719 προῦπῆρχεν
3582 2646 3721 2711 Υἱὸς

2120 2740 2213 2794 τοῦ
2242 2740 2473 2810 Ποιητοῦ
2510 2739 2617 2793 τῶν
2650 2740 2812 2804 ὅλων,
2858 2740 2988 2803 Θεὸς
3034 2739 3129 2804 ὣν,
3161 2740 3255 2793 καὶ
3278 2739 3603 2810 γεγέννηται
3634 2739 3729 2792 ἆν-

2119 2830 2337 2902 θρωπος
2368 2831 2456 2884 διὰ
2490 2833 2586 2903 τῆς
2620 2831 2920 2903 Παρθένου.
2959 2832 3119 2884 Ἀλλά
3164 2834 3227 2884 ὲκ
3269 2832 3469 2895 παντὸς
3502 2832 3727 2884 ἀποδει-

2118 2924 2410 2994 κνυμένου,
2435 2924 2515 2976 ὅτι
2547 2918 2699 2987 οὗτός
2722 2927 2870 2977 ἐστιν
2892 2927 2919 2978 0
2939 2926 3171 2997 Χριστὸς
3204 2928 3232 2978 0
3256 2924 3347 2978 τοῦ
3372 2924 3529 2990 Θεοῦ,
3566 2926 3723 2989 ὅστις

2117 3011 2271 3082 οὗτος
2306 3018 2477 3083 ἕσται,
2515 3021 2611 3072 ἐὰν
2650 3021 2708 3073 δὲ
2744 3021 2818 3091 μὴ
2855 3020 3196 3073 ἀποδεικνύω
3237 3020 3351 3091 (11)
3389 3020 3471 3073 ὅτι
3511 3025 3727 3091 προῦπσ

2117 3112 2255 3182 ἦρχε
2283 3152 2297 3175 ,
2344 3112 2440 3164 καὶ
2489 3112 2814 3183 γεννηθῆναι
2862 3111 3147 3185 ἄνθρωπος
3170 3112 3504 3183 ὁμοιοπαθὴς
3555 3115 3722 3183 ἡμῖν,

2120 3204 2297 3275 σάρκα
2332 3203 2489 3272 ἔχων,
2544 3203 2682 3257 κατὰ
2726 3204 2823 3275 τὴν
2858 3204 2949 3256 τοῦ
2988 3205 3202 3275 Πατρὸς
3256 3204 3451 3276 βουλὴν
3486 3204 3731 3275 ὑπέμειο

445 3292 651 3349 nostris
684 3291 1006 3353 obnoxium,
1042 3298 1095 3343 et
1131 3303 1350 3342 carnem
1400 3289 1684 3342 habentem
1722 3287 1892 3349 nasci,
1929 3303 2017 3340 se-

2130 3313 2234 3359 νεν,
2271 3297 2327 3347 ὲν
2362 3294 2534 3365 τούτῳ
2572 3295 2947 3367 πεπλανῆσθαί
2978 3313 3043 3366 με
3078 3296 3239 3366 μόνον
3272 3296 3453 3364 λέγειν
3486 3297 3725 3359 δίκαιον,

443 3385 677 3439 cundum
715 3382 891 3435 Patris
926 3380 1260 3435 voluntatem
1296 3380 1653 3446 sustinuisse;
1677 3380 1728 3433 in
1768 3381 1868 3432 hoc
1904 3390 2020 3432 tau-

444 3487 560 3532 tum
596 3492 809 3545 aequum
848 3474 1015 3529 fuerit
1050 3490 1135 3528 ine
1169 3488 1384 3527 errasse
1438 3474 1643 3537 dicere,
1680 3488 2018 3541 nequaquam

444 3579 629 3624 autem
672 3582 871 3634 negare
902 3580 1028 3619 eum
1077 3566 1353 3619 Christum
1406 3579 1546 3630 esse,
1593 3566 1805 3619 etiamsi
1857 3565 2020 3620 homo

426 3644 514 3720 rex
549 3661 860 3717 hominibus
894 3660 1110 3728 genitus
1142 3659 1414 3725 videatur,
1452 3673 1551 3712 nec
1584 3659 1877 3728 quidquam
1908 3674 2023 3712 am-

522 3864 568 3897 ³⁸
596 3864 792 3918 Ezech.
829 3877 1021 3929 χχχιιι,
1044 3861 1241 3916 11-20.
1332 3861 1376 3892 ³⁸
1405 3860 1509 3915 lsa.
1540 3876 1693 3925 xstx,
1729 3859 1807 3917 15.

520 4042 596 4111 (8)
650 4040 755 4094 Ἐν
787 4035 879 4105 Οἷς
912 4038 994 4111 ,ἂν
1022 4037 1225 4111 ὑμᾶς..
1264 4037 1415 4092 Hanc
1450 4037 1811 4111 sententiam,
1861 4050 2024 4111 quam

448 4106 693 4169 ronnulli
727 4106 1090 4163 ecclesiastici
1122 4109 1419 4177 scriptores
1450 4106 1560 4160 Deo
1608 4121 1704 4174 per
1736 4109 2027 4174 propheta-

448 4198 569 4237 tum
605 4182 843 4249 aliquem
880 4180 1121 4249 loquenti
1156 4178 1486 4249 attribuunt,
1522 4192 1586 4229 ex
1627 4177 1919 4249 Evangelii)
1938 4192 2028 4230 se-

449 4247 982 4307 cundum—llehrmos
1016 4264 1044 4301 a
1079 4247 1293 4302 Justino
1327 4247 1703 4317 depromptam
1740 4248 2021 4301 existimat

446 4322 706 4383 Granius.
735 4318 987 4387 Spicileg.
1029 4328 1162 4373 tom.
1193 4319 1233 4381 l,
1270 4333 1325 4384 ι).
1362 4319 1451 4371 14.

522 4392 599 4463 (9)
628 4388 973 4459 Παράδοξός
1002 4404 1093 4463 τις
1106 4387 1216 4459 γάρ
1236 4402 1400 4463 ποτετ
1433 4388 1719 4463 Redundat
1747 4397 2026 4463 postrema

449 4458 556 4519 vos
582 4458 647 4517 'et
682 4458 864 4522 vacat,
902 4474 1000 4513 nec
1047 4458 1260 4513 videtur
1298 4459 1608 4514 collocanda
1653 4469 1774 4526 post
1804 4458 2032 4529 δυνάμε-

450 4552 562 4598 νος,
601 4542 662 4587 ut
695 4531 900 4602 placuit
932 4530 1242 4602 Sylburgio.

524 4604 638 4674 (10)
679 4598 1305 4674 Τοιοῦτονζζίθεθιιίξυιη
1327 4598 1539 4674 τοῦτον,
1563 4601 1716 4674 _quod
1748 4598 1876 4653 olim
1912 4614 2025 4674 ll_I(_)_-

450 4669 573 4733 nuit
613 4669 695 4726 iir
728 4686 954 4741 magnus
1000 4671 1153 4737 Hugo
1181 4669 1420 4741 Grotius
1452 4673 1520 4723 ad
1552 4669 1682 4741 Luc.
1724 4684 1885 4731 χχιιι,
1933 4669 2022 4741 ‘05,

449 4758 505 4803 et
537 4759 706 4813 nuper
727 4738 1075 4797 doctissimus
1097 4740 1281 4813 Bullus
1306 4741 1361 4794 in
1386 4738 1602 4813 Iudicio
1627 4740 1831 4794 Eccles.
1856 4738 2024 4803 cath.,

494 4857 509 4872 .
542 4816 631 4869 69.
667 4814 883 4879 Laugus
918 4813 1081 4865 etiam
1114 4812 1305 4875 vertit,
1346 4829 1365 4861 ‹
1417 4812 1693 4865 Christum
1730 4813 1872 4864 hunc
1903 4823 2026 4863 esse

500 4888 570 4943 ei.
607 4904 627 4937 ι
654 4885 964 4936 Trimulus.

521 4958 637 5026 (11)
668 4955 811 5008 Ἐὰν
828 4950 1003 5026 δὲμὴ
1028 4949 1420 5026 duodenarum.
1452 4950 1737 5026 Redundat
1769 4951 1871 5026 hoc
1904 4949 2025 5003 loco

454 5019 587 5086 illud
619 5019 700 5090 δέ,
738 5034 795 5076 ut
833 5019 999 5077 initio
1037 5023 1191 5090 Apol.
1224 5036 1261 5087 ι,
1302 5033 1355 5075 et
1388 5037 1527 5090 saepe
1570 5020 1727 5076 alias.
1779 5019 1893 5074 Hac
1926 5036 2025 5090 ουτ

457 5110 564 5154 tem
600 5088 937 5166 praefatione,
973 5088 1138 5161 quam
1171 5088 1638 5166 Justinusfuturte
1670 5088 2024 5159 disputationi

455 5162 763 5241 praemittit,
799 5162 995 5241 mirum
1035 5166 1087 5241 in
1131 5163 1349 5241 modum
1382 5162 1537 5215 abusi
1566 5170 1694 5241 sunt
1730 5172 1787 5217 et
1811 5175 2027 5241 remon-

456 5230 697 5295 strantes
732 5236 784 5289 in
825 5248 921 5286 sua
958 5234 1211 5301 Apologia
1238 5234 1500 5286 adversus
1522 5230 1861 5300 professores
1890 5230 2028 5300 Ley-

457 5315 675 5370 denses,
718 5320 771 5359 ct
801 5303 1121 5373 Episcopius
1155 5304 1205 5355 in
1242 5302 1488 5371 pluribus
1530 5305 1597 5356 ad
1635 5303 1794 5371 hujus
1826 5302 2027 5373 Apoto-

455 5383 558 5451 gite
601 5370 970 5451 defensionem
1002 5370 1560 5451 'elucubrationibus,
1606 5383 1663 5451 et
1690 5370 1861 5451 _inulti
1910 5370 2026 5451 alii.

456 5438 801 5505 Cuntendnnt
835 5443 1109 5498 Justinnm
1154 5446 1258 5498 huc
1294 5452 1503 5498 tantum
1538 5457 1567 5495 a
1597 5441 1821 5504 Judais,
1859 5438 2027 5495 utile—

459 5538 579 5573 suin
615 5518 840 5572 credant
877 5530 998 5570 esse
1030 5515 1331 5577 Christum,
1382 5513 1516 5566 nihil
1551 5513 1781 5583 amplius
1816 5524 2022 5583 petere,

457 5602 513 5645 et
551 5591 755 5643 idcirco
796 5588 863 5641 ad
898 5586 1217 5639 imitandum
1256 5586 1336 5638 eis
1378 5582 1681 5652 proponere
1718 5582 2025 5651 exetnplum

462 5660 843 5715 nonnullorum
888 5656 1356 5717 Christianorum,
1414 5656 1505 5721 qui
1547 5657 1796 5721 quamvis
1840 5653 2025 5706 Jesutn

462 5739 724 5798 negarent
779 5729 967 5790 Deum,
1018 5726 1294 5798 Christum
1341 5735 1520 5798 tamen
1570 5738 1695 5798 non_
1729 5724 2024 5794 negabant.

461 5793 607 5856 Nihil
640 5799 931 5855 absurdius
964 5798 1050 5853 bis
1088 5795 1619 5851 ratiocinationibus.
1657 5793 1791 5850 Cum
1812 5793 2027 5849 metue-

2124 3388 2260 3443 ἀλλὰ
2309 3388 2382 3459 μὴ
2432 3388 2715 3460 ἀρνεῖσθαι
2762 3389 2843 3441 ὅτι
2878 3380 3033 3451 οὗτός
3063 3391 3209 3441 ἐστιν
3252 3391 3281 3441 0
3321 3389 3575 3461 Χριστὸς,
3620 3390 3727 3441 ὲάν

2127 3480 2385 3550 φαίνηται
2418 3479 2494 3543 ὡς
2527 3480 2811 3551 ἄνθρωπος
2846 3481 2903 3547 ἐξ
2949 3479 3251 3552 ἀνθρώπων
3282 3480 3585 3552 γεννηθεὶς,
3624 3481 3730 3536 καὶ

2130 3572 2328 3642 ἐκλογὴ
2354 3572 2646 3642 γενόμενος
2682 3575 2761 3636 εἰς
2791 3573 2880 3625 τὸν
2914 3572 3146 3645 Χριστὸν
3181 3568 3322 3626 εἶναι
3358 3574 3465 3643 (ιε)
3500 3576 3731 3629 ἀποδει-

2130 3662 2381 3733 κνύηται.
2414 3664 2526 3717 Καὶ
2560 3663 2668 3733 γάρ
2724 3663 2831 3716 εἰσί
2882 3680 3057 3731 τινες,
3094 3657 3139 3718 ὦ
3175 3664 3337 3734 φίλοι,
3374 3666 3578 3734 ἔλεγον,
3611 3665 3729 3721 ἀπὸ

2136 4042 2218 4088 ret
2250 4032 2498 4088 Justinus
2522 4047 2590 4088 ne
2618 4031 2722 4087 sibi
2756 4031 3069 4102 elaberetur
3098 4032 3426 4089 inconstans
3447 4043 3501 4089 et
3529 4032 3725 4102 fugiti-

2134 4121 2233 4158 vus
2250 4103 2555 4175 Tryphonis
2572 4103 2810 4175 animus,
2831 4101 2935 4158 hac
2957 4118 3080 4175 eum
3100 4105 3472 4160 admonitione
3496 4115 3547 4159 et
3575 4101 3721 4175 leg»,

2132 4175 2299 4228 veluti
2342 4173 2577 4242 quodam
2614 4173 2777 4239 nodo,
2810 4174 3187 4242 constringere
3231 4186 3485 4239 conatur,
3525 4186 3584 4226 ut
3619 4173 3715 4229 as;

2135 4260 2356 4299 sensum
2400 4259 2555 4298 suum
2598 4243 2691 4307 iis,
2721 4258 2845 4312 qua:
2883 4242 2994 4310 jam
3043 4244 3320 4312 disputata
3372 4244 3615 4306 fuerant,
3651 4261 3725 4302 ne

2133 4318 2406 4379 retrahat,
2451 4314 2667 4367 etiamsi
2716 4314 2896 4367 minus
2936 4315 3273 4367 assentiatur
3302 4316 3366 4368 iis
3408 4329 3525 4381 qua:
3560 4315 3727 4369 dein—

2134 4399 2261 4454 ceps
2314 4386 2673 4439 disserentur.
2710 4382 2857 4437 Idem
2907 4398 3040 4451 ergo
3075 4383 3206 4436 facit
3248 4383 3529 4447 Justinus,
3566 4386 3722 4446 quod

2134 4455 2306 4509 solers
2337 4462 2394 4507 et
2423 4454 2661 4522 prudens
2685 4454 2913 4521 quisque
2946 4454 3281 4523 disputator;
3323 4470 3425 4509 nec
3457 4470 3521 4508 ea
3555 4456 3722 4522 parvi

2059 4514 2105 4571 Ι)
2132 4524 2320 4593 pendit
2347 4514 2468 4593 quae
2490 4524 2671 4577 dicere
2702 4514 2949 4591 parabat,
2979 4514 3072 4578 se'd
3099 4514 3345 4578 curat'ut
3371 4526 3423 4578 in
3455 4514 3573 4579 tuto
3600 4537 3724 4580 sint

2127 4609 2250 4663 qua:
2274 4594 2385 4662 jam
2412 4595 2646 4664 dixerat.
2684 4594 2888 4664 Eorum
2916 4604 3096 4647 autem
3133 4597 3467 4664 exemplum,
3493 4597 3589 4663 qui
3616 4594 3722 4649 Je-

2128 4679 2248 4718 sum
2284 4665 2558 4732 negabant
2581 4662 2772 4725 Deum,
2800 4663 2893 4716 sed
2917 4664 3195 4733 Christum
3225 4662 3346 4719 esse
3369 4662 3720 4733 fatebantur,

2127 4749 2234 4788 non
2268 4747 2333 4788 eo
2361 4743 2601 4803 spectat,
2624 4742 2681 4785 ut
2715 4732 3071 4803 detestabiles
3109 4734 3351 4789 lueretici
3390 4732 3719 4803 probentur,

2127 4806 2221 4859 sed
2246 4814 2305 4857 ut
2325 4801 2542 4858 constet
2574 4801 2761 4858 Jesum
2792 4818 2913 4874 esse
2936 4802 3238 4869 Christum,
3273 4801 3402 4859 cuni
3430 4805 3483 4858 id
3512 4819 3724 4874 negare

2130 4890 2239 4929 non
2275 4875 2537 4937 audeant,
2572 4874 2663 4942 qui
2699 4873 3007 4944 certissima
3048 4890 3277 4943 qumque
3309 4884 3531 4944 negant.
3570 4873 3721 4930 liota

2127 4945 2384 4998 omnibus
2412 4944 2770 5013 Scriptoribus
2805 4946 2917 4997 huic
2949 4942 3264 5013 disputandi
3300 4942 3459 4999 ratio.
3492 4944 3585 4998 Sic
3606 4946 3726 4999 No-

2130 5014 2385 5069 vatianus
2420 5015 2503 5083 (ut
2527 5011 2679 5067 alios
2715 5014 2985 5081 omittam)
3017 5011 3286 5068 Ebionitis
3313 5026 3367 5068 et
3397 5017 3721 5069 Arteinoni-

2127 5088 2199 5139 tis
2223 5086 2413 5153 objicit
2442 5083 2749 5152 exemplum
2784 5084 3017 5137 aliorum
3057 5085 3465 5146 haereticorum.
3500 5087 3595 5152 qui
3626 5102 3720 5138 ve-

2129 5156 2310 5209 ritatis
2346 5156 2466 5209 luce
2498 5153 3112 5225 pereulsidivinitatem
3151 5153 3357 5209 Christi
3401 5170 3509 5208 non
3534 5170 3717 5225 nega-

2128 5226 2278 5288 bant,
2317 5225 2652 5295 quauiv_isiin
2694 5222 2832 5295 alios
2873 5238 3091 5277 errores
3128 5226 3495 5292 nequissimos
3530 5222 3718 5295 impe-

2127 5292 2356 5365 gissent}
2397 5294 2473 5348 De
2501 5292 2650 5365 Trin.
2680 5309 2730 5348 c.
2771 5294 2857 5365 18.

2200 5367 2313 5437 (12)
2346 5363 2603 5433 Ἐκλογὴ
2642 5364 2960 5435 γενόμενος
2995 5368 3083 5431 εὶς
3113 5362 3222 5419 τὸν
3253 5364 3511 5437 Χριστὸν
3534 5363 3720 5423 εἶναι.

2129 5438 2364 5503 Quidam
2409 5448 2529 5507 post
2565 5437 2629 5492 11.
2673 5438 3211 5507 Stephanumlegunt
3247 5436 3447 5507 ἐκλογῇ
3484 5438 3726 5507 γενόμε-

2129 5525 2235 5571 νος.
2271 5512 2447 5577 Atque
2470 5509 2614 5562 hanc
2644 5508 2892 5576 equidem
2919 5508 3292 5576 conjecturam
3328 5522 3427 5579 nec
3458 5514 3719 5579 repudio,

2130 5597 2231 5634 nec
2267 5590 2445 5632 tamen
2480 5580 2705 5634 omnino
2754 5580 3121 5633 necessariam
3172 5592 3325 5645 puto.
3361 5578 3721 5647 Praecipuum

2130 5652 2292 5719 hujus
2320 5650 2425 5703 loci
2454 5649 2645 5719 vitium
2666 5649 2879 5703 videtur
2908 5650 3150 5719 residere
3177 5663 3228 5699 III
3254 5650 3341 5704 his
3359 5650 3604 5711 v0cibus,
3631 5651 3723 5713 εις

2129 5715 2219 5829 τὲψ
2251 5720 2485 5793 Χριστὸν
2518 5715 2677 5786 εἶναι,
2723 5733 2820 5788 pro
2854 5722 3053 5791 quibus
3098 5718 3217 5787 lego
3260 5721 3340 5783 et;
3378 5719 3436 5773 10
3478 5720 3726 5789 Χριστὸν

2130 5808 2287 5846 ειναι.
