3962 6262
437 368 542 427 585

1321 358 1334 375 ’
1369 364 1426 421 S.
1462 364 1726 422 JUSTINI
1762 363 2173 421 PHILOSOPIII
2208 365 2296 421 ΕΤ
2330 362 2688 420 ΜΑΠΤἚΒΙΞ

3573 367 3672 424 εει

432 487 715 556 Scriptura
745 498 840 553 per
870 481 1192 537 Zachariam
1220 481 1351 535 dicit
1380 482 1553 535 Eliam
1585 494 1711 536 ante
1744 499 1997 553 maguum

2108 486 2130 537 δ
2162 484 2319 552 λόγος
2350 484 2437 537 διὰ
2483 486 2750 554 Ζαχαρίου
2788 482 2897 553 (17)
2927 481 3238 537 ἐλεύσεσθαι
3272 481 3376 553 πρὸ
3407 482 3503 554 τῆς
3534 484 3671 556 ήμέ.

434 578 583 632 illum
616 584 669 631 et
700 576 1000 630 terribilem
1032 574 1244 627 Domini
1277 573 1421 626 diem
1450 588 1571 627 esse
1603 575 1933 627 venturum?

503 666 799 734 Respondit
826 666 913 718 ille
948 683 962 719 :
996 664 1240 718 Maxime.

505 758 563 813 Si
589 760 752 827 igitur
772 757 1050 827 Scriptura
1074 754 1324 810 conﬁteri
1345 753 1490 822 cogit
1511 754 1778 823 duplicem
1797 752 2000 808 Christi

433 851 722 903 adventum
755 863 877 903 esse
904 849 1219 916 praedictum
1254 865 1267 901 :
1304 847 1530 900 alterum
1562 847 1615 899 in
1648 861 1753 914 quo
1783 860 2004 915 perpes-

432 941 676 994 sionibus
705 940 976 993 obnoxius
1006 946 1062 991 et
1108 936 1372 1005 inglorius
1403 946 1456 988 et
1489 936 1741 990 informis
1773 951 2005 1004 appare-

433 1030 548 1091 bit;
576 1030 806 1083 alterum
840 1031 890 1082 in
918 1044 1028 1097 quo
1061 1026 1443 1081 circumﬂuens
1470 1026 1641 1095 gloria
1679 1034 1733 1080 et
1761 1027 2001 1079 omnium

426 1120 592 1187 judex
627 1121 899 1183 adveniet,
938 1117 1395 1186 quemadmodum
1443 1128 1499 1171 et
1548 1131 1712 1185 supra
1756 1116 2006 1183 plurimis

432 1212 870 1266 demonstratum
926 1219 1010 1264 est
1050 1209 1127 1274 "°;
1171 1224 1238 1261 an
1302 1222 1407 1260 non
1456 1209 1507 1261 id
1558 1224 1588 1260 a
1630 1206 1811 1261 divino
1839 1210 2004 1260 verbo

433 1306 785 1372 prmdicatum
817 1303 1205 1372 intelligemus,
1239 1302 1412 1355 Eliam
1446 1300 1702 1355 terribilis
1736 1308 1791 1353 et
1823 1301 2002 1368 magni

430 1394 561 1459 diei,
611 1395 662 1449 id
714 1404 799 1449 est
849 1394 1078 1449 secundi
1132 1394 1248 1463 ejus
1297 1392 1563 1447 adventus
1605 1406 2001 1462 praecursorem

428 1484 721 1542 futurum?

500 1621 752 1689 Maxime,
787 1623 1064 1691 respondit
1094 1621 1205 1675 ille.

500 1737 681 1804 Atque
714 1736 814 1787 hoc
846 1734 1044 1802 ipsnm,
1077 1733 1312 1797 aiebam,
1348 1732 1610 1787 Dominus
1642 1741 1833 1786 noster
1862 1733 2005 1788 inter
2032 1710 2042 1721 ⁸

2108 589 2207 645 ρας
2241 573 2339 643 τῆς
2371 572 2616 643 μεγάλης
2650 572 2745 626 καὶ
2781 573 3017 643 φοϐερᾶς
3050 573 3141 625 τοῦ
3178 573 3417 644 Κυρίους

2178 666 2443 729 Κάκεῖνος
2475 664 2838 735 ἀπεκρίνατο·
2875 666 3146 719 Μάλιστα.
3290 650 3295 655 ’

2194 757 2316 809 Ἐὰν
2333 753 2424 810 οὖν
2444 759 2470 809 ὁ
2486 756 2642 825 λόγος
2662 757 2945 830 ἀναγκάζῃ
2967 756 3267 826 ὁμολογεῖν,
3301 757 3382 810 ὃτι
3412 756 3505 810 δύο
3538 775 3674 830 παρα

2105 848 2284 901 ουσίαι
2337 848 2429 901 τοῦ
2478 848 2714 919 Χριστοῦ
2787 849 3220 921 προεφητεύοντο
3277 852 3670 922 γενησόμεναι,

2111 939 2211 1009 μία
2246 938 2345 1009 μὲν
2393 942 2450 993 ἐν
2566 940 2807 1011 παθητὸς
2853 941 2951 994 καὶ
2984 941 3179 1011 ἄτιμος
3224 942 3319 994 καὶ
3354 943 3538 1014 ἀειδής
3571 962 3673 1011 φα-

2109 1030 2367 1099 νήσεται·
2404 1032 2437 1101 ή
2470 1030 2526 1083 δὲ
2573 1031 2770 1103 ἑτέρα,
2813 1033 2872 1084 ἐν
2984 1031 3081 1084 καὶ¹
3113 1030 3323 1096 ἔνδοξος
3357 1033 3451 1086 καὶ
3487 1034 3675 1103 κριτὴς

2107 1123 2363 1175 ἁπάντων
2398 1122 2694 1187 ἐλεύσεται,
2726 1122 2804 1189 ὡς
2850 1122 2945 1176 καὶ
2980 1126 3038 1176 ὲν
3084 1124 3296 1188 πολλοῖς
3343 1128 3455 1189 τοῖς
3488 1125 3677 1197 προλε-

2107 1211 2391 1282 λεγμένοις
2413 1212 2804 1275 ἀποδέδεικται,
2831 1213 2951 1282 οὐχ).
2971 1214 3066 1284 τῆς
3089 1213 3349 1285 δευτέρας
3380 1215 3673 1287 παρουσίας

2109 1302 2271 1357 αὑτοῦ
2319 1303 2543 1375 πρόοδον
2587 1302 2912 1375 γενήσεσθαι
2946 1303 3036 1357 τὸν
3070 1304 3253 1359 Ἠλίαν
3288 1308 3554 1378 νοήσομεν
3587 1308 3673 1361 τὸν

2106 1393 2261 1465 λόγον
2293 1396 2386 1449 τοῦ
2420 1396 2553 1449 Θεοῦ
2589 1396 2989 1468 κεκηρυκέναι;

2176 1597 2448 1661 Μάλιστα,
2483 1599 2832 1669 ἀπεκρίνατο.

2176 1712 2288 1765 Καὶ
2319 1714 2347 1766 ὁ
2380 1712 2646 1783 ἡμέτερος
2678 1708 2771 1766 οὖν
2802 1713 3027 1785 Κύριος,
3062 1714 3229 1787 ἔφην,
3259 1715 3416 1769 τοῦτο
3449 1716 3579 1771 αὐτὸ
3621 1719 3674 1770 ὲν

430 1843 493 1882 ea
525 1843 645 1897 quze
676 1828 876 1890 docuit,
924 1824 1162 1879 futurum
1210 1840 1333 1878 esse
1380 1825 1625 1888 tradidit,
1658 1841 1783 1878 cunt
1832 1826 1997 1879 Eliam

2108 1805 2217 1866 τοῖς
2260 1803 2584 1873 διδάγμασιν
2635 1804 2798 1857 αὑτοῦ
2834 1804 3118 1877 παρέδωκε
3165 1807 3564 1878 γενησόμενον,
3598 1811 3673 1861 εί-

429 1933 648 1987 quoque
678 1920 817 1972 dixit
843 1933 967 1983 esse
1006 1926 1321 1971 venturum.
1362 1916 1512 1982 Quod
1542 1919 1760 1986 quidem
1794 1934 1893 1973 nos
1920 1918 2005 1971 fu-

432 2021 610 2064 turum
642 2025 763 2063 esse
799 2011 1003 2063 scimus
1044 2024 1167 2063 cum
1211 2023 1241 2063 e
1272 2008 1426 2063 cmlis
1468 2008 1704 2078 gloriose
1740 2009 2005 2066 Dominus

431 2113 616 2155 noster
654 2099 811 2154 .lcsus
841 2100 1091 2155 Christus
1130 2110 1393 2153 venturus
1422 2111 1539 2164 est;
1590 2101 1744 2169 cujus
1780 2102 2002 2169 quidem

430 2193 590 2261 primi
637 2193 802 2246 etiam
856 2192 1121 2246 adventus
1165 2191 1405 2260 Spiritus
1460 2192 1589 2253 Dei,
1641 2194 1731 2260 qui
1785 2193 1837 2247 in
1885 2195 2001 2248 Elia

429 2285 631 2347 fuerat,
663 2300 840 2353 przeco
885 2285 1165 2354 przucessit
1213 2285 1266 2337 in
1312 2283 1523 2338 Joanne
1570 2286 1738 2340 vestri
1787 2289 2003 2356 generis

430 2379 715 2444 propheta,
742 2386 864 2445 post
892 2391 1051 2443 quem
1077 2375 1255 2428 nullus
1282 2376 1420 2428 alius
1450 2376 1707 2446 deinceps
1743 2380 2003 2446 propheta

431 2468 573 2536 apud
607 2483 701 2521 vos
728 2467 961 2521 exstitit.
986 2466 1032 2520 ls
1058 2467 1123 2519 ad
1157 2483 1371 2520 amnem
1404 2465 1691 2521 Jordanem
1715 2468 2005 2523 considens

428 2559 746 2615 clamabat:
783 2577 801 2610 ι
838 2559 948 2628 Ego
976 2560 1195 2626 quidem
1232 2559 1448 2627 baptizo
1478 2559 1530 2614 in
1571 2575 1707 2628 aqua
1742 2560 1794 2613 in
1831 2561 2005 2629 poeni-

430 2653 656 2707 tentiam
686 2668 700 2703 :
734 2651 917 2704 veniet
949 2661 1134 2703 autem
1168 2649 1366 2703 fortior
1413 2665 1520 2716 me,
1550 2650 1707 2718 cujus
1734 2667 1837 2705 non
1882 2668 2004 2706 sum

428 2742 627 2811 dignus
663 2740 1039 2795 calceamenta
1071 2750 1312 2808 portare.
1341 2738 1460 2808 ipse
1491 2754 1588 2793 vos
1616 2741 1918 2810 baptizabit
1951 2742 2003 2795 in

430 2833 639 2902 Spiritu
676 2840 866 2885 sancto
896 2842 951 2885 et
981 2830 1089 2899 igni
1118 2848 1133 2885 :
1170 2830 1331 2898 cujus
1361 2831 1726 2887 ventilabrum
1756 2839 1808 2886 in
1840 2848 2003 2886 manu

426 2924 566 2993 ejus,
596 2932 653 2979 et
692 2921 1072 2993 permundabit
1114 2938 1294 2975 aream
1356 2938 1533 2986 suam,
1571 2932 1627 2976 et
1654 2925 2001 2994 congregabit

430 3018 673 3071 triticum
712 3017 767 3069 in
813 3016 1095 3077 horreum,
1120 3013 1329 3082 paleam
1363 3024 1544 3067 autem
1575 3014 1860 3069 comburct
1889 3016 1997 3085 igni

429 3110 859 3180 inexstiuguibili
894 3107 961 3162 ιι.
1012 3127 1031 3161 ι
1069 3109 1243 3178 Atque
1277 3110 1422 3163 hunc
1454 3109 1629 3177 ipsum
1676 3111 1994 3179 pr0phetam

2108 1894 2225 1949 πὼν
2270 1897 2364 1949 καὶ
2411 1897 2597 1951 Ἠλίαν
2632 1897 2947 1952 ἐλεύσεσθαι
2973 1914 2985 1926 ·
3023 1900 3117 1952 καὶ
3161 1901 3327 1970 ἡμεῖς
3372 1900 3530 1953 τοῦτο
3563 1902 3675 1954 ἐπι-

2108 1986 2355 2058 στάμεθα
2386 1987 2771 2059 γενησόμενον,
2806 1989 2933 2043 ὅταν
2969 1990 3137 2063 μέλλῃ
3174 1993 3232 2044 ὲν
3264 1990 3393 2063 δόξῃ
3429 1991 3490 2056 ἐξ
3520 1992 3675 2063 ούρα-

2111 2077 2218 2131 νῶν
2253 2079 2649 2149 παραγίνεσθαι
2681 2080 2710 2131 ὁ
2743 2079 3010 2152 ἡμέτερος
3057 2080 3261 2152 Κύριος
3293 2082 3505 2153 Ἰησοῦς
3548 2083 3675 2153 Χρι-

2108 2169 2265 2232 στὸς,
2313 2162 2373 2221 οῦ
2438 2169 2533 2223 καὶ
2596 2170 2695 2241 τῆς
2772 2170 2995 2244 πρώτης
3077 2172 3445 2244 φανερώσεως
3508 2175 3674 2247 κῆρυξ

2107 2259 2345 2330 προῆλθε
2391 2261 2451 2314 τὸ
2500 2263 2558 2314 ὲν
2590 2261 2748 2333 Ἠλίᾳ
2795 2263 3087 2335 γενόμενον
3120 2266 3347 2336 Πνεῦμα
3391 2267 3487 2321 τοῦ
3520 2269 3671 2333 Θεοῦ,

2107 2353 2165 2405 ὲν
2187 2351 2406 2424 Ἰωάννῃ
2435 2351 2511 2423 τῷ
2543 2354 2824 2426 γενομένῳ
2847 2356 2904 2409 ὲν
2936 2355 3012 2426 τῷ
3037 2357 3184 2426 γένει
3218 2358 3371 2428 ὑμῶν
3401 2362 3672 2433 προφήτῃ,

2109 2445 2227 2516 μεθ’
2261 2444 2319 2498 ὃν
2353 2445 2528 2508 οὐδεὶς
2573 2447 2761 2518 ἕτερος
2794 2448 2978 2513 λοιπὸς
3030 2449 3140 2521 (18)
3176 2452 3305 2522 παρ’
3341 2452 3474 2522 ὑμῖν
3509 2455 3671 2524 ἐφάνη

2107 2539 2393 2610 προφήτης
2413 2578 2427 2602 ,
2464 2539 2613 2603 ὅστις
2638 2540 2731 2593 ἐπὶ
2763 2541 2853 2594 τὸν
2880 2542 3151 2614 Ἰορδάνην
3185 2546 3432 2615 ποταμὸν
3465 2546 3675 2610 καθεζό-

2109 2646 2268 2699 μενος
2303 2629 2467 2684 ἐϐόα·
2506 2647 2524 2680 ι
2562 2629 2705 2700 Ἐγὼ
2731 2632 2828 2703 μὲν
2863 2633 3008 2704 ὑμᾶς
3045 2633 3289 2704 βαπτίζω
3323 2640 3380 2690 ὲν
3415 2636 3565 2691 ῦδατι
3598 2641 3673 2703 εἰς

2109 2720 2396 2790 μετάνοιαν
2418 2737 2430 2751 '
2465 2720 2585 2792 ἥξει
2620 2722 2675 2775 δὲ
2703 2724 2732 2775 ὁ
2782 2725 3128 2797 ἰσχυρότερός
3165 2745 3267 2796 μου
3288 2768 3301 2792 ,
3337 2721 3396 2781 οὗ
3433 2730 3532 2783 ούκ
3562 2731 3673 2800 είμ)⁸

2107 2814 2287 2876 ἱκανὸς
2309 2814 2376 2868 τὰ
2402 2813 2723 2887 ὑποδήματα
2750 2815 3047 2885 βαστάσαι·
3079 2820 3237 2884 αὐτὸς
3262 2821 3406 2891 ὑμᾶς
3434 2821 3673 2891 βαπτίσει

2105 2905 2162 2955 ὲν
2196 2904 2475 2974 Πνεύματι
2505 2907 2648 2977 ἁγίῳ
2681 2908 2777 2962 καὶ
2823 2911 2985 2980 πυρί·
3027 2904 3088 2963 οὗ
3121 2912 3181 2964 τὸ
3221 2913 3387 2967 πτύον
3423 2916 3581 2969 αὐτοῦ
3619 2919 3672 2969 ἐν

2102 2998 2167 3065 τῇ
2203 2998 2348 3068 χειρὶ
2382 2996 2569 3062 αὑτοῦ,
2605 2999 2699 3053 καὶ
2750 3000 3099 3073 διακαθαριεῖ
3140 3003 3237 3057 τὶην
3276 3005 3462 3061 ἅλωνα
3493 3008 3669 3073 αὑτοῦ,

2100 3087 2197 3140 καὶ
2230 3087 2321 3141 τὸν
2355 3091 2500 3142 σῖτον
2533 3089 2750 3156 συνάξει
2784 3094 2865 3157 είς
2898 3094 2996 3165 τὴν
3023 3095 3329 3168 ἀποθήκην,
3365 3100 3429 3151 τὸ
3461 3099 3518 3152 δὲ
3550 3102 3673 3170 ἄχυ-

426 3217 526 3255 rex
564 3212 749 3255 vester
792 3199 1035 3254 Herodes
1082 3198 1389 3265 conjet-erat
1424 3200 1474 3252 in
1508 3214 1819 3265 carcerem;
1849 3216 1997 3256 cum-

2108 3195 2198 3249 ρον
2230 3180 2570 3235 κατακαύσει
2604 3184 2737 3257 πυρὶ¹
2768 3186 3040 3258 ἀσϐέστῳ.
3084 3208 3104 3240 ι
3142 3189 3254 3242 Καὶ
3286 3191 3475 3245 τοῦτον
3520 3195 3673 3248 αὑτὸν

427 3307 534 3361 que
581 3292 826 3346 natalitia
875 3292 1318 3354 celebrarentur,
1361 3292 1597 3346 saltante
1648 3291 1838 3347 fratris
1891 3293 1999 3346 ﬁlia

425 3383 726 3438 delectatus
764 3384 928 3451 jussit
955 3399 1077 3439 eam
1113 3394 1300 3452 petere
1335 3383 1597 3452 quidquid
1647 3383 1828 3437 vellet.
1864 3383 1999 3438 Tum

424 3476 663 3546 puellam
713 3486 892 3529 mater
933 3474 1270 3539 submouuit,
1317 3485 1377 3528 ut
1421 3472 1649 3528 Joannis
1691 3475 1743 3529 in
1785 3476 1999 3529 vincula

425 3568 655 3636 conjecti
709 3583 871 3638 caput
930 3577 1176 3637 peteret;
1230 3568 1371 3635 quod
1427 3582 1551 3622 cum
1600 3567 1689 3622 illa
1746 3570 1998 3637 petisset,

424 3661 573 3714 misit
602 3676 719 3723 rex,
760 3668 816 3714 et
856 3668 1024 3727 caput
1052 3657 1283 3713 Joannis
1312 3660 1366 3713 in
1397 3658 1555 3713 lance
1591 3659 1758 3729 jussit
1790 3660 1997 3718 aﬂ‘erri.

427 3751 769 3820 Quapropter
791 3760 845 3803 et
874 3748 1127 3803 Christus
1161 3759 1369 3813 noster,
1395 3764 1517 3803 cum
1547 3753 1728 3804 adhuc
1755 3753 1808 3805 in
1834 3755 1999 3807 terris

425 3854 767 3907 versaretur,
788 3841 977 3910 bisqui
997 3851 1250 3911 Oportere
1280 3844 1598 3895 asserebant
1623 3852 1679 3895 ut
1697 3841 1845 3897 Elias
1869 3854 1998 3897 ante

422 3933 700 3989 Christum
731 3935 964 3998 veniret,
1004 3933 1117 3987 hinc
1150 3932 1287 3985 dixit
1316 3946 1330 3985 :
1365 3951 1382 3983 ι
1426 3933 1571 3988 Elias
1602 3935 1820 4003 quidem
1864 3951 1998 3988 ven-

425 4035 580 4079 turus
603 4033 687 4078 est
714 4033 768 4079 et
792 4025 1045 4079 restituet
1068 4026 1271 4077 omnia.
1298 4025 1430 4078 Dico
1457 4036 1636 4079 autem
1668 4025 1843 4095 vobis,
1869 4029 1996 4096 quia

423 4117 698 4185 Eliasjain
725 4117 894 4179 venit,
919 4126 1103 4171 etnon
1137 4126 1506 4185 cognoverunt
1534 4134 1680 4185 eum,
1720 4120 1815 4174 sed
1846 4122 1998 4176 fece-

426 4218 553 4263 runt
582 4208 632 4262 ei
661 4223 999 4277 quacunque
1028 4208 1306 4262 voluerunt
1344 4208 1410 4263 ".
1455 4227 1474 4261 ι
1509 4208 1575 4263 Ει
1602 4211 1863 4281 scriptum
1910 4222 1996 4268 est

426 4310 556 4353 tunc
586 4298 884 4368 discipulos
913 4298 1251 4354 intellexisse
1277 4316 1400 4355 eum
1430 4302 1496 4356 de
1523 4300 1736 4359 Joanne
1753 4303 1994 4375 Baptista

426 4391 479 4447 iil
511 4391 621 4448 illis
653 4392 879 4448 dixisse.

492 4634 629 4689 Tum
664 4634 898 4711 Trypho
929 4652 943 4690 :
978 4633 1201 4689 Videtur
1242 4636 1294 4691 id
1344 4652 1560 4707 quoque
1594 4639 1726 4693 mihi
1769 4640 1837 4694 ab
1873 4640 1991 4709 opi-

422 4726 586 4781 nione
628 4727 953 4791 abhorrere,
988 4729 1130 4796 quod
1158 4727 1419 4799 Spiritum
1453 4730 1829 4800 propheticum
1867 4731 1990 4799 Dei,

419 4820 510 4889 qui
543 4821 595 4874 in
629 4819 743 4874 Elia
778 4817 978 4885 fuerat,
1012 4822 1177 4876 etiam
1208 4823 1259 4876 in
1291 4819 1499 4877 Joanne
1528 4822 1664 4878 dicis
1694 4823 1881 4879 fuisse.

490 4911 571 4965 Ad
624 4911 741 4967 haec
793 4927 896 4981 ego
937 4928 952 4967 :
1008 4910 1126 4968 Non
1178 4914 1275 4969 tibi
1304 4914 1537 4980 _videtur
1585 4916 1726 4969 idem
1782 4916 1984 4972 factum

422 5001 584 5074 ιω
619 5003 783 5059 fuisse
806 5005 858 5059 in
887 5003 1017 5060 Jesu
1050 5008 1164 5063 lilio
1192 5006 1361 5070 Nave,
1386 5008 1479 5077 qui
1528 5008 1708 5078 p0puli
1753 5009 1984 5067 ducendi

416 5098 750 5163 provinciam
784 5110 910 5168 post
952 5100 1192 5171 Moysem
1218 5104 1489 5168 suscepit;
1545 5100 1655 5156 Deo
1687 5101 1834 5172 ipso,
1858 5117 1981 5157 cum

413 5189 599 5259 jussus
631 5202 715 5248 est
749 5192 962 5264 Moyses
1012 5203 1071 5248 ut
1116 5211 1309 5250 manus
1355 5193 1481 5250 Jesu
1538 5196 1858 5264 imponeret,
1898 5196 1983 5250 di-

2103 3269 2194 3321 τὺν
2227 3273 2513 3344 προφήτην
2548 3276 2946 3330 συνεκεκλείκει
2978 3281 3007 3331 ὁ
3041 3278 3293 3350 βασιλεὺς
3326 3283 3483 3354 ὑμῶν
3512 3285 3675 3358 Ἡρώ-

2100 3359 2198 3430 δης
2230 3364 2311 3425 είς
2345 3364 2611 3436 φυλακὴν,
2648 3368 2742 3420 καὶ
2777 3370 3038 3436 γενεσίων
3074 3372 3290 3445 ἡμέρας
3322 3375 3671 3448 τελουμένης,

2099 3448 2435 3524 ὀρχουμένης
2470 3454 2568 3525 τῆς
2603 3455 2900 3527 ὲξαδελφῆς
2937 3458 3098 3511 αὐτοῦ
3135 3460 3226 3512 τοῦ
3274 3461 3515 3533 Ἡρώδου
3550 3464 3671 3515 εὑ..-

2105 3548 2311 3619 ρέστως
2356 3547 2538 3613 αὐτῷ,
2576 3545 2729 3604 εἶπεν
2773 3552 2911 3624 αὐτῇ
2960 3553 3293 3624 αἰτήσασθαι
3326 3556 3355 3607 ὃ
3403 3556 3501 3610 ὲάν
3554 3556 3671 3627 βού-

2101 3638 2279 3709 ληται.
2316 3639 2484 3711 Καὶή
2524 3642 2705 3712 μήτηρ
2731 3643 2826 3714 τῆς
2861 3644 3049 3708 παιδὸς
3086 3645 3354 3700 ὑπέϐαλεν
3421 3650 3558 3721 αὐτῇ
3594 3652 3673 3703 αξ-

2099 3727 2369 3799 τήσασθαι
2404 3731 2502 3799 τὴν
2536 3731 2775 3805 κεφαλὴν
2814 3734 3064 3788 Ἰωάννου
3106 3734 3198 3789 τοῦ
3238 3739 3296 3791 ἐν
3330 3741 3397 3809 τῇ
3440 3741 3666 3811 φυλακῇ·

2100 3819 2531 3892 καὶαίτησάσης,
2556 3822 2788 3893 ἔπεμψε,
2812 3826 2906 3878 καὶ
2933 3827 3023 3879 ἐπὶ
3046 3826 3231 3882 πίνακι
3257 3830 3551 3903 ὲναχθῆναι
3569 3832 3669 3903 (l9)

2098 3910 2197 3981 τὴν
2232 3913 2473 3984 κεφαλὴν
2508 3915 2754 3969 Ἰωάννου
2789 3918 3061 3973 ἐκέλευσε.
3096 3921 3185 3973 Διὸ
3220 3922 3313 3975 καὶ
3346 3926 3374 3975 ὁ
3410 3924 3671 3997 ἡμέτερος

2099 4004 2333 4075 Χριστὸς
2379 4008 2593 4079 εἰρήκει
2636 4009 2730 4062 ἐπὶ
2761 4011 2862 4081 γῆς
2895 4013 3014 4065 τότε
3048 4017 3157 4077 τοῖς
3191 4014 3411 4084 λέγουσι
3446 4018 3552 4089 πρὸ
3583 4017 3669 4071 τοῦ

2097 4095 2331 4166 Χριστοῦ
2380 4098 2567 4153 Ἠλίαν
2612 4101 2721 4155 δεῖν
2765 4101 2957 4156 ἐλθεῖν·
3001 4124 3019 4154 ι
3044 4106 3231 4170 Ἠλίας
3268 4108 3366 4178 μὲν
3398 4108 3671 4163 ἐλεύσεται

2097 4187 2195 4239 καὶ
2227 4189 2670 4262 ἀποκαταστήσει
2703 4193 2903 4247 πάνταο
2940 4195 3080 4263 λέγω
3112 4197 3169 4249 δὲ
3210 4197 3341 4268 ὑμῖν
3373 4200 3457 4253 ὄτι
3491 4201 3670 4263 Ἠλίας

2096 4276 2196 4347 ’ήδη
2231 4273 2382 4348 ἦλθε,
2419 4282 2514 4332 καὶ
2546 4282 2645 4334 οὐκ
2690 4282 3005 4352 ἐπέγνωσαν
3045 4286 3242 4351 αὑτὸν,
3278 4287 3670 4359 ἀλλ’ὲποίησαν

2096 4367 2244 4437 αὐτῷ
2276 4371 2376 4422 ὅσα
2408 4371 2697 4444 ἠθέλησαν.
2725 4393 2743 4426 ι
2777 4376 2888 4430 Καὶ
2909 4376 3217 4449 γέγραπται
3246 4381 3327 4432 ὅτι
3361 4381 3485 4434 τότε
3514 4381 3670 4451 συνῆ-

2096 4477 2198 4514 καν
2228 4462 2274 4513 οἱ
2307 4461 2546 4534 μαθηταὶ
2577 4467 2657 4518 ὅτι
2691 4466 2820 4538 περὶ
2852 4467 3097 4522 Ἰωάννου
3130 4469 3219 4523 τοῦ
3255 4470 3562 4527 Βαπτιστοῦ
3598 4469 3669 4524 εἷ-

2025 4563 2072 4620 D
2099 4567 2200 4602 πεν
2232 4552 2433 4617 αὐτοῖς.

2168 4638 2279 4691 Καὶ
2310 4642 2338 4692 ὁ
2373 4641 2623 4713 Τρύφων⁸
2659 4646 2769 4699 Καὶ
2814 4647 2967 4703 τοῦτο
3019 4648 3315 4723 παράδοξον
3363 4652 3545 4724 λέγειν
3581 4674 3666 4725 μοι

2093 4730 2302 4797 δοκεῖς,
2333 4735 2415 4787 ὅτι
2451 4734 2511 4788 τὸ
2545 4739 2602 4790 ὲν
2645 4738 2804 4811 Ἠλίᾳ
2834 4741 2925 4795 τοῦ
2961 4742 3093 4797 Θεοῦ
3127 4745 3419 4816 γενόμενον
3460 4766 3666 4819 προπρη-

2091 4823 2240 4878 τικὸν
2273 4826 2515 4897 Πνεῦμα,
2552 4830 2647 4883 καὶ
2673 4833 2730 4885 ὲν
2752 4834 2972 4907 Ἰωάννῃ
2995 4836 3203 4904 γέγονε.

2160 4916 2331 4985 Κάγὼ
2366 4920 2502 4990 πρὸς
2543 4922 2730 4977 ταῦτα·
2766 4926 2840 4979 Ού
2886 4926 3034 4979 δοκεῖ
3076 4944 3157 4980 σοι
3202 4928 3295 4981 ἐπὶ
3336 4930 3544 5002 Ἰησοῦν
3575 4932 3665 4985 τὸν

2089 5003 2180 5058 τοῦ
2227 5007 2421 5080 Ναυῆ,
2461 5012 2551 5065 τὸν
2596 5002 2971 5086 διαδεξάμενον
3012 5018 3111 5090 τὴν
3146 5018 3477 5092 λαοηγησίαν
3528 5020 3662 5092 μετὰ

2086 5100 2357 5165 Μωῦσέα,
2392 5103 2452 5157 τὸ
2484 5104 2614 5158 αὐτὸ
2642 5108 2949 5175 γεγονέναι;
2984 5112 3072 5163 ὅτε
3106 5112 3305 5184 ἐρρέθη
3338 5113 3415 5182 τῷ
3441 5112 3663 5166 Μωῡσεῖ

2085 5194 2353 5251 ἐπιθεῖναι
2399 5196 2477 5268 τῷ
2509 5198 2681 5269 Ἰησοῦ
2714 5203 2814 5265 τὰς
2846 5205 3065 5274 χεῖρας,
3097 5206 3339 5269 εἰπόντος
3372 5204 3534 5259 αὑτοῦ
3569 5201 3657 5256 τοῦ

519 5378 566 5410 ιο
598 5395 653 5433 n.
688 5378 757 5433 ιι
783 5356 969 5437 etas.
1030 5382 1072 5413 ι·
1105 5380 1301 5436 Matth.
1326 5397 1411 5446 ιιι,
1444 5382 1502 5435 ιι
1540 5390 1595 5435 et
1623 5381 1711 5436 ιε.
1803 5381 1847 5412 ιι
1880 5380 1997 5435 Matt

2108 5397 2240 5446 xvu,
2283 5381 2366 5435 ιε.

483 5656 726 5727 (17)Διὰ
770 5658 1090 5726 Ζαχαρίου.
1144 5656 1353 5727 Monuit
1398 5655 1722 5727 Sylhurgius
1768 5653 1976 5708 Zacha-

2150 5652 2264 5723 (lS)
2312 5654 2552 5719 Λοιπός.
2609 5653 2772 5709 Forte
2814 5654 3019 5718 λοιπόν,
3078 5656 3172 5710 sed
3225 5656 3387 5711 lectio
3432 5654 3645 5724 vulgata

416 5728 551 5779 riam
579 5722 675 5780 hic
703 5722 1011 5795 Obrepsisse
1040 5742 1138 5796 pro
1170 5722 1458 5785 Malachia'.
1484 5722 1629 5797 apud
1658 5742 1817 5797 quem
1858 5727 1974 5782 haec
2076 5722 2433 5797 ferriApotest.
2467 5724 2657 5797 TntnL.

414 5797 694 5867 prophetia
730 5799 925 5866 legitur
953 5814 1074 5867 cap.
1109 5812 1180 5863 Iv,
1216 5812 1266 5850 ν.
1298 5798 1385 5850 15.

2148 5794 2263 5864 (l9)
2312 5796 2685 5863 Ἐναχθῆνατ.
2721 5796 2913 5866 Aptius
2949 5795 3252 5867 ἐνεχθῆναι.
3285 5796 3640 5852 Smcnctus.
