3962 6262
418 333 521 389 537

1356 324 1412 380 S.
1446 319 1711 379 JUSTINI
1743 319 2157 378 PHILOSOPHI
2191 321 2278 376 ET
2315 320 2674 377 MARTYRIS

3577 323 3693 379 588

417 451 599 520 pulum
622 465 635 514 ;
670 447 1008 510 sacerdotes,
1035 439 1319 512 loquimini
1346 440 1412 494 ad
1439 455 1534 494 cor
1559 438 1917 504 Hierusalem,
1944 447 1990 494 el

2103 440 2232 492 Καί·
2280 459 2296 490 ι
2329 439 2704 510 Παρακαλεῖτε
2741 438 2842 491 ’τὸν
2889 438 3037 502 λαὸν,
3076 439 3238 511 ἱερεῖς
3285 438 3555 512 λαλήσατε
3604 444 3693 505 είς

417 540 777 596 consolamini
808 553 966 602 eam;
995 536 1126 606 quia
1176 533 1379 602 repleta
1409 541 1495 588 est
1530 531 1813 586 humilitas
1850 532 1988 600 ejus.

419 634 666 689 Solutum
697 640 783 687 est
817 639 1101 700 peceatum
1134 628 1300 692 illius,
1343 626 1469 695 quia
1500 625 1705 693 recepit
1731 624 1798 678 de
1827 638 1992 676 manu

419 726 631 781 Domini
671 723 907 794 duplicia
941 729 1167 791 peccata
1205 733 1326 773 sua.
1356 717 1473 770 Vox
1499 715 1787 770 clamantis
1816 714 1868 767 in
1901 713 1994 766 de-

418 828 609 874 serto:
642 817 841 871 Parate
884 816 1002 869 vias
1050 811 1299 872 Domini;
1342 819 1521 862 rectas
1566 806 1731 860 facile
1767 803 1994 858 semitas

417 911 511 966 Dei
543 909 737 964 nostri.
763 907 953 961 Omnis
987 905 1142 958 vallis
1171 900 1506 972 implebitur,
1541 911 1594 953 et
1629 897 1808 952 omnis
1839 909 1993 949 mons

419 1013 474 1057 et
518 1002 674 1057 collis
718 998 1101 1054 humiliabitur
1143 1016 1154 1049 :
1189 1006 1244 1048 et
1284 1002 1450 1048 erunt
1485 989 1666 1044 omnia
1719 1003 1885 1057 prava
1935 988 1991 1041 in

421 1095 712 1157 directum,
739 1099 795 1143 et
837 1102 1025 1157 aspera
1091 1087 1143 1138 in
1190 1085 1308 1137 vias
1341 1082 1566 1151 planas;
1597 1087 1652 1133 et
1710 1077 1997 1148 apparebit

418 1185 588 1256 gloria
621 1181 830 1235 Domini
866 1199 879 1234 :
913 1191 966 1234 et
993 1177 1195 1232 videbit
1220 1175 1398 1228 omnis
1429 1187 1561 1226 caro
1596 1170 1834 1226 salutare
1864 1169 1988 1234 Dei;

419 1279 544 1345 quin
593 1276 850 1331 Dominus
899 1272 1111 1325 locutus
1153 1277 1255 1322 est.
1297 1266 1410 1320 Vox
1457 1264 1689 1318 dicentis
1729 1281 1741 1316 :
1785 1262 1991 1324 Clama.

418 1378 473 1422 et
508 1367 619 1420 dixi
654 1383 667 1417 :
705 1364 864 1435 147
899 1361 1036 1428 Quid
1080 1356 1370 1413 clamabo?
1418 1355 1607 1410 Omnis
1636 1368 1764 1408 caro
1809 1351 1991 1406 fenum

419 1471 475 1514 et
531 1457 707 1513 omnis
757 1455 926 1525 gloria
972 1451 1244 1512 hominis,
1303 1448 1459 1517 quasi
1511 1445 1610 1501 llos
1649 1444 1789 1499 'l'eui.
1831 1444 1994 1497 Aruit

423 1554 628 1616 fenum,
663 1559 717 1603 et
753 1547 849 1602 llos
879 1545 996 1612 ejus
1031 1542 1266 1604 cecidit;
1306 1540 1528 1593 verbum
1562 1545 1740 1591 autem
1777 1534 1991 1588 Domini

421 1655 603 1700 manet
633 1645 685 1698 in
741 1639 1156 1710 sempiternum.
1207 1635 1384 1703 Super
1435 1641 1672 1685 montem
1716 1629 1992 1683 excelsum

419 1735 672 1797 ascende,
701 1734 790 1801 qui
816 1729 1160 1800 evangelizas
1188 1723 1349 1788 Sion;
1380 1723 1563 1778 exaltu
1593 1723 1644 1774 in
1673 1720 1994 1774 fortitudine

2095 533 2194 604 τὴν
2229 533 2454 604 καρδίαν
2501 532 2872 603 Ἰερουσαλὴμ,
2911 533 3004 586 καὶ
3039 532 3453 605 παρακαλέσατε
3488 532 3689 603 αὐτὴν,

2095 624 2175 676 ὅτι
2202 623 2458 694 ’ἐπλήσθη
2503 626 2537 694 ὴ
2570 623 2894 685 ταπείνωσις
2942 622 3131 693 αὐτῆς.
3180 623 3411 679 Λέλυται
3443 625 3614 695 αὐτῆς
3647 627 3686 696 ἡ

2096 710 2362 779 ἁμαρτία·
2413 710 2496 763 ὅτι
2549 709 2766 774 ἐδέξατο
2812 711 2877 763 ἐκ
2925 709 3106 781 χειρὸς
3152 713 3358 784 Κυρίου
3404 712 3569 767 διπλᾶ
3615 713 3691 767 τὰ

2095 801 2468 873 ἁμαρτήματα
2514 801 2703 871 αὐτῆς.
2761 801 2918 871 Φωνὴ
2967 800 3196 871 βοῶντος
3243 805 3302 856 ὲν
3347 806 3413 875 τῇ
3462 805 3684 876 ἐρήμῳ⁶

2108 889 2464 960 Ἑτοιμάσατε
2497 890 2595 953 τὰς
2642 891 2792 952 ὀδοὺς
2825 890 3050 961 Κυρίουο
3089 890 3302 954 εὐθείας
3342 894 3545 944 ποιεῖτε
3580 891 3689 953 τὰς

2094 982 2313 1053 τρίϐους
2351 982 2444 1036 τοῦ
2479 981 2611 1035 Θεοῦ
2646 981 2822 1054 ἡμῶν.
2872 983 3028 1037 Πᾶσα
3074 983 3293 1055 φάραγξ
3327 982 3692 1055 πληρωθήσε-

2096 1093 2213 1139 ται,
2251 1075 2346 1129 καὶ
2379 1077 2490 1128 πᾶν
2523 1074 2648 1147 ὅρος
2693 1075 2789 1129 καὶ
2837 1074 3025 1145 βουνὸς
3057 1075 3544 1146 ταπεινωθήσεταιο
3585 1075 3694 1130 καὶ

2096 1167 2249 1222 ἔσται
2293 1168 2468 1221 πάντα
2511 1167 2579 1221 τὰ
2633 1166 2822 1220 σκολιὰ
2868 1169 2948 1230 εἰς
2995 1167 3230 1232 εὐθεῖαν,
3267 1168 3361 1221 καὶ
3394 1171 3690 1240 ἡτραχεῖα

2097 1261 2175 1322 είς
2207 1259 2358 1322 ὁδοὺς
2391 1257 2572 1322 λείας·
2610 1258 2706 1311 καὶ
2748 1256 3045 1329 ὀφθήσεται
3084 1260 3116 1328 ἡ
3152 1257 3279 1324 δόξα
3318 1259 3545 1331 Κυρίου,
3583 1260 3691 1312 καὶ

2095 1349 2282 1418 ὄψεται
2319 1349 2467 1401 πᾶσα
2502 1346 2638 1418 σὰρξ
2670 1348 2728 1399 τὸ
2765 1347 3026 1417 σωτήριον
3051 1344 3141 1398 τοῦ
3177 1345 3330 1398 Θεοῦ·
3369 1348 3448 1399 ὅτι
3473 1345 3690 1417 Κύριος

2096 1439 2342 1508 ἐλάλησε.
2380 1438 2534 1509 Φωνὴ
2568 1438 2835 1506 λέγοντος·
2861 1437 3084 1508 Βόησον·
3125 1438 3216 1490 καὶ
3252 1434 3425 1490 εἷπον·
3457 1439 3521 1490 Τί
3559 1437 3690 1507 βοή-

2099 1548 2208 1595 σω;
2245 1532 2400 1582 Πᾶσα
2445 1529 2579 1603 σὰρξ
2626 1529 2848 1601 χόρτος,
2884 1531 2978 1583 καὶ
3023 1530 3171 1583 πᾶσα
3218 1529 3346 1596 δόξα
3389 1529 3690 1601 ἀνθρώπου

2097 1621 2172 1686 ὡς
2206 1622 2363 1686 ἄνθος
2406 1622 2621 1694 χόρτου.
2673 1621 2972 1694 Ἐξηράνθη
3011 1624 3038 1674 6
3070 1622 3262 1692 χόρτος
3295 1621 3390 1675 καὶ
3423 1623 3483 1674 τὸ
3516 1622 3687 1687 ἄνθος

2099 1714 2259 1768 αὐτοῦ
2314 1715 2557 1781 ἐξέπεσε·
2611 1715 2669 1767 τὸ
2714 1714 2771 1766 δὲ
2814 1715 2961 1785 ῥῆμα
3010 1713 3217 1784 Κυρίου
3268 1713 3417 1783 μένει
3462 1715 3542 1776 εἰς
3587 1715 3688 1766 τὸν

418 1843 606 1884 vocem
638 1836 808 1887 tuam,
841 1823 934 1893 qui
957 1819 1302 1889 evangelizas
1333 1815 1688 1871 Hierusalem.
1727 1813 1989 1876 Exaltate,

2099 1809 2284 1863 αίῶνα.
2322 1807 2441 1861 Ἐπ’
2459 1807 2618 1879 ὄρους
2645 1806 2847 1877 ὑψηλοῦ
2879 1806 3112 1876 ἀνάϐηθι
3137 1809 3166 1859 6
3192 1806 3689 1877 εὐαγγελιζόμενος

419 1923 588 1976 nolite
634 1920 870 1973 timere:
904 1915 990 1968 dic
1043 1912 1352 1967 civitatibus
1396 1909 1531 1964 Juda
1577 1925 1591 1960 :
1643 1907 1783 1963 Ecce
1841 1906 1992 1960 Deus

420 2025 643 2079 vester;
696 2011 963 2064 Dominus
1003 2019 1130 2061 ecce
1180 2018 1301 2058 cum
1339 2003 1544 2055 virtute
1568 2000 1738 2066 venit,
1789 1997 1995 2052 etbra.

418 2109 605 2164 chium
649 2117 770 2159 cum
805 2098 1180 2155 dominatione
1221 2095 1394 2149 venit.
1444 2092 1584 2147 Ecce
1631 2104 1840 2145 merces
1869 2103 1991 2144 cum

417 2218 509 2267 eo,
549 2210 605 2255 et
629 2212 765 2268 opus
803 2193 859 2249 in
903 2198 1192 2260 conspectu
1225 2189 1364 2255 ejus.
1399 2185 1551 2239 Sicut
1583 2192 1772 2252 pastor
1801 2191 1992 2251 pascet

420 2305 642 2364 gregem
690 2302 873 2350 suum,
923 2294 978 2338 et
1017 2279 1240 2335 brachio
1289 2277 1640 2347 congregabit
1687 2288 1890 2344 agnos,
1939 2281 1996 2328 et

421 2389 792 2454 praegnantem
842 2374 1236 2432 consolabitur.
1274 2368 1409 2438 Quis
1454 2383 1676 2424 mensus
1717 2375 1800 2422 est
1829 2383 1992 2421 manu

418 2489 642 2546 aquam,
675 2481 733 2526 et
760 2469 957 2524 caelum
995 2465 1175 2535 palmo
1207 2471 1262 2516 et
1283 2476 1499 2515 omnem
1529 2471 1733 2514 terram
1758 2454 1994 2530 pugillo?

418 2570 541 2637 quis
565 2564 754 2620 statuit
779 2569 992 2616 montes
1015 2556 1275 2627 pondere,
1309 2563 1366 2608 et
1389 2551 1556 2608 saltus
1590 2553 1831 2607 statera?
1862 2551 1994 2619 Quis

418 2657 673 2729 Cognovit
729 2662 966 2708 mentem
1027 2645 1280 2705 Domini:
1338 2651 1431 2695 attt
1486 2642 1609 2710 quis
1650 2638 1995 2698 consiliarius

418 2752 538 2819 eius
569 2749 691 2812 fuit,
721 2745 812 2815 qui
844 2746 1040 2799 doceat
1088 2757 1213 2797 eum
1233 2742 1255 2794 ?
1279 2749 1373 2796 aut
1399 2754 1521 2794 cum
1565 2751 1674 2806 quo
1704 2735 1991 2790 consilium

417 2841 562 2904 iniit,
593 2848 654 2892 et
683 2836 944 2892 instruxit
983 2833 1171 2887 illum?
1203 2831 1299 2886 Vel
1342 2830 1466 2899 quis
1501 2825 1742 2883 ostendit
1771 2827 1818 2878 ei
1852 2824 1995 2891 judi-

418 2932 602 2990 cium?
629 2931 713 2984 vel
740 2930 882 2983 viam
913 2926 1280 2995 intelligentizr
1308 2924 1431 2992 quis
1460 2920 1698 2977 ostendit
1721 2917 1834 2973 illi?
1863 2917 1992 2972 0m-

417 3042 516 3082 nes
559 3036 775 3097 gentes,
827 3020 971 3074 sicut
1025 3018 1172 3072 stilla
1228 3018 1293 3069 de
1345 3014 1532 3077 situla,
1578 3020 1631 3067 et
1666 3011 1821 3081 quasi
1874 3025 1991 3066 mo-

401 3127 664 3174 .ntcntum
717 3122 940 3168 statera:
991 3119 1252 3177 reputatae
1301 3117 1445 3166 Sttnl,
1491 3115 1546 3158 et
1575 3103 1730 3171 quasi
1773 3111 1990 3172 sputum

415 3209 841 3278 reputabuntur.
878 3198 1121 3257 Libanus
1151 3210 1330 3253 autem
1361 3214 1467 3252 non
1506 3195 1704 3250 sulﬁcit
1740 3196 1806 3250 ad
1841 3211 1991 3250 com-

415 3299 717 3359 burendum
748 3306 838 3352 :et
864 3293 1238 3366 quadrupedia
1281 3307 1388 3345 non
1424 3288 1700 3344 sufﬁciunt
1730 3289 1797 3342 ad
1836 3288 1990 3342 holo-

418 3403 694 3456 caustum,
727 3400 783 3447 et
810 3398 1023 3444 cunctte
1053 3396 1242 3455 gentes
1280 3383 1509 3436 nihilum
1559 3392 1615 3436 et
1660 3382 1714 3435 in
1763 3380 1991 3435 nihilum

417 3492 678 3554 reputatae
704 3488 832 3536 sunt
857 3478 921 3530 ⁸⁵.
963 3496 982 3525 ι

489 3665 577 3716 51.
610 3658 879 3713 Probatur
909 3657 1044 3710 hanc
1089 3652 1420 3722 prottltetiam
1461 3667 1575 3704 esse
1624 3649 1989 3719 adimpletam.

416 3783 486 3795 —-
519 3753 810 3806 Desinente
839 3764 925 3803 me
954 3747 1094 3801 dixit
1124 3743 1346 3814 Trypho
1403 3763 1416 3797 :
1476 3744 1750 3813 Ambigua
1809 3746 1988 3800 omnia

415 3845 757 3916 prophetiaea
792 3852 844 3896 te
872 3841 1047 3894 allatae
1089 3839 1254 3893 verba
1276 3880 1290 3901 ,
1323 3852 1423 3891 nec
1468 3836 1766 3906 quidquam
1793 3837 1996 3892 habent

415 3952 524 4005 quo
559 3935 842 3989 decidatur
863 3935 916 3987 id
945 3934 1089 4002 quod
1115 3932 1497 3986 demonstrare
1525 3930 1626 3984 vis.

489 4022 642 4077 Tunc
693 4036 792 4099 ego
833 4019 1082 4089 respondi
1122 4036 1136 4072 :
1178 4018 1237 4072 Si
1286 4017 1507 4087 quidem
1544 4030 1649 4070 non
1698 4017 1991 4081 evenisset,

416 4111 656 4180 Trypho.
688 4119 749 4163 ut
779 4109 1115 4172 desinerent,
1141 4124 1203 4163 ac
1223 4109 1333 4177 jam
1363 4108 1588 4161 omnino
1639 4105 1765 4158 uttlli
1813 4117 1996 4160 essent

415 4211 540 4270 post
563 4201 706 4256 hunc
733 4199 996 4255 Joannem
1027 4201 1082 4254 in
1112 4209 1295 4255 vestro
1318 4213 1514 4269 genere
1544 4197 1849 4267 propheta;
1877 4215 1995 4269 qua:

415 4290 671 4345 videlicet
703 4306 731 4344 a
762 4307 846 4345 me
877 4292 930 4345 in
961 4291 1143 4347 Jesnm
1168 4292 1444 4347 Christum
1473 4287 1845 4360 proferuntur,
1878 4309 1995 4347 am—

411 4381 578 4451 higue
604 4381 836 4436 fortasse
865 4384 1005 4438 dicta
1029 4385 1364 4441 viderentur.
1395 4386 1501 4442 Sed
1533 4390 1576 4443 si
1608 4386 1846 4444 Joannes
1874 4388 1994 4457 qui-

2095 1899 2251 1954 Σιών·
2292 1899 2505 1968 ῦψωσον
2532 1901 2596 1969 τῇ
2625 1897 2767 1968 ἰσχύϊ
2801 1895 2898 1968 τὴν
2933 1899 3115 1968 φωνήν
3147 1914 3240 1949 σου
3277 1899 3306 1950 6
3339 1894 3690 1966 εὐαγγελιζό-

2098 2009 2256 2063 μενος
2313 1990 2688 2061 Ἱερουσαλὴμ.
2737 1987 3047 2058 ’Υψώσατε,
3089 1988 3162 2059 μὴ
3211 1988 3486 2057 φοϐεῖσθε,
3523 1984 3690 2042 εἷπον

2093 2087 2213 2151 ταῖς
2249 2086 2468 2141 πόλεσιν
2500 2086 2688 2140 Ἰούδα·
2739 2083 2866 2138 Ἰδού
2893 2088 2921 2138 6
2953 2084 3084 2148 Θεὸς
3119 2083 3292 2154 ὐμῶν,
3327 2084 3531 2156 Κύριος
3569 2084 3687 2137 ἰδοὺ

2097 2178 2212 2247 μετ’
2233 2176 2413 2247 ἰσχύος
2439 2175 2676 2247 ἔρχεται,
2715 2175 2809 2228 καὶ
2845 2177 2874 2227 6
2909 2174 3149 2245 βραχίων
3186 2175 3322 2247 μετὰ
3358 2175 3550 2245 κυρίας
3591 2175 3692 2246 ἕρ-

2093 2285 2267 2338 χεται.
2306 2266 2440 2319 Ἰδοὺ
2476 2269 2504 2319 6
2542 2265 2729 2337 μισθὸς
2772 2265 2890 2335 μετ’
2907 2263 3093 2329 αὐτοῦ,
3122 2265 3218 2318 καὶ
3252 2266 3311 2319 τὸ
3345 2265 3502 2337 ἔργον
3536 2269 3691 2320 ἐναν-

2093 2361 2205 2414 τίον
2237 2358 2421 2412 αὐτοῦ.
2468 2358 2555 2420 Ὡς
2589 2357 2791 2427 ποιμὴν
2827 2359 3082 2426 ποιμανεῖ
3113 2357 3171 2410 τὸ
3206 2358 3458 2428 ποίμνιον
3490 2358 3688 2422 αὐτοῦ,

2095 2449 2188 2503 καὶ
2230 2449 2308 2520 τῷ
2342 2448 2583 2519 βραχίονι
2629 2447 2844 2514 συνάξει
2888 2447 3085 2518 ἄρνας,
3123 2447 3216 2502 καὶ
3250 2448 3348 2519 τὴν
3391 2450 3449 2501 ἐν
3479 2451 3690 2521 γαστρὶ

2094 2539 2321 2610 ἔχουσαν
2345 2538 2737 2611 παρακαλέσει.
2767 2538 2862 2602 Τίς
2886 2539 3156 2611 ἐμέτρησε
3181 2542 3247 2610 τῇ
3275 2539 3416 2610 χειρὶ
3433 2540 3490 2593 τὸ
3511 2539 3682 2613 ὕδωρ,

2096 2630 2189 2682 καὶ
2221 2630 2311 2682 τὸν
2338 2630 2566 2701 οὐρανὸν
2601 2630 2870 2701 σπιθαμῇ,
2904 2631 2996 2684 καὶ
3029 2631 3209 2684 πᾶσαν
3233 2630 3328 2702 τὴν
3352 2633 3452 2703 γῆν
3483 2632 3686 2704 δρακί;

2095 2728 2190 2791 Τίς
2236 2728 2433 2799 ἔστησε
2471 2730 2539 2783 τὰ
2573 2730 2672 2803 ὅρη
2713 2730 2959 2801 σταθμῷ,
2997 2728 3094 2783 καὶ
3126 2730 3224 2793 τὰς
3272 2732 3447 2794 νάπας
3492 2729 3690 2801 {vo-71;);

2095 2820 2188 2882 Τίς
2237 2820 2378 2888 ἔγνω
2431 2821 2554 2874 νοῦν
2607 2809 2845 2892 Κυρίου;
2882 2823 2976 2876 καὶ
3024 2823 3107 2887 τίς
3157 2823 3320 2875 αὐτοῦ
3376 2823 3688 2894 σύμϐουλος

2093 2911 2332 2978 ἐγένετο,
2353 2911 2411 2975 δς
2440 2912 2766 2982 συμϐιϐάσει
2792 2915 2983 2979 αὐτόν;
3010 2915 3079 2967 Ἦ
3107 2914 3242 2985 πρὸς
3276 2914 3395 2968 τίνα
3429 2915 3692 2969 συνεϐου-

2093 3003 2323 3058 λεύσατο
2357 3005 2452 3058 καὶ
2488 3005 2840 3058 συνεϐίϐασεν
2873 3006 3066 3071 αὐτόν;
3097 3008 3166 3059 Ἢ
3193 3007 3276 3070 τίς
3301 3007 3498 3072 ἔδειξεν
3532 3008 3689 3079 αὐτῷ

2094 3096 2304 3168 κρίσιν;
2339 3097 2372 3167 ἢ
2402 3096 2518 3150 ὁδὸν
2554 3097 2820 3162 συνέσεως
2852 3098 2935 3162 τίς
2968 3097 3261 3169 ἐγνώρισεν
3290 3099 3465 3170 αὐτῷ;
3494 3101 3690 3154 Πάντα

2095 3189 2159 3242 τὰ
2193 3187 2318 3258 ἔθνη
2352 3187 2427 3252 ὡς
2461 3189 2672 3257 σταγὼν
2705 3191 2813 3243 ἀπὸ
2849 3190 3012 3243 κάδου
3035 3233 3048 3256 ,
3091 3191 3185 3244 καὶ
3219 3192 3294 3254 ὡς
3329 3193 3469 3264 ῥοπὴ
3506 3194 3685 3263 ζυγοῦ

2095 3280 2478 3352 ἐλογίσθησαν,
2517 3281 2609 3333 καὶ
2655 3281 2731 3344 ὡς
2779 3281 3007 3345 πτυελὺς
3051 3282 3481 3352 λογισθήσονται.
3531 3285 3589 3339 '0
3624 3287 3689 3340 δὲ

2094 3382 2325 3444 Λίϐανος
2376 3383 2473 3451 οὐχ
2517 3381 2715 3446 ἱκανῶς
2751 3382 2860 3453 (26)
2896 3385 2974 3446 είς
3009 3382 3233 3446 καῦσιν,
3269 3384 3363 3437 καὶ
3395 3384 3462 3439 τά
3493 3386 3690 3457 τετρά-

2095 3476 2231 3528 ποδα
2260 3476 2357 3545 οὐχ
2394 3475 2550 3528 ἱκανὰ
2587 3474 2666 3538 εἱς
2698 3475 3094 3545 ὁλοκάρπωσιν,
3121 3476 3212 3529 καὶ
3241 3476 3418 3530 πάντα
3450 3477 3517 3531 τὰ
3550 3477 3688 3551 ἔθνη

2092 3569 2265 3632 οὐδὲν,
2295 3569 2388 3622 καὶ
2418 3571 2498 3631 εἰς
2531 3567 2684 3621 οὐδὲν
2717 3565 3094 3636 ἐλογίσθησαν.
3124 3587 3141 3619 ›

2164 3661 2252 3714 51.
2289 3662 2398 3714 Καὶ
2433 3658 2784 3730 παυσαμένου
2812 3676 2913 3728 μου
2940 3654 3094 3711 εἶπεν
3120 3660 3148 3711 ό
3177 3658 3408 3730 Τρύφων
3429 3677 3440 3688 ·
3484 3661 3684 3730 Ἀμφί-

2096 3754 2240 3808 ϐολοι
2277 3755 2372 3824 μὲν
2422 3754 2623 3816 πάντες
2670 3755 2718 3805 οἱ
2769 3751 2915 3819 λόγοι
2949 3752 3046 3822 τῆς
3097 3752 3430 3822 προφητείας
3467 3754 3532 3824 ῆν
3571 3755 3687 3826 φῂς

2098 3847 2161 3898 σὺ
2186 3885 2199 3909 ,
2235 3839 2280 3898 ὧ
2321 3845 2608 3916 ἄνθρωπε,
2665 3845 2758 3898 καὶ
2796 3843 2947 3896 οὐδὲν
2991 3843 3258 3915 τμητικὸν
3292 3844 3370 3906 εἰς
3408 3842 3686 3911 ἀπόδειξιν

2095 3929 2266 4007 οὐπερ
2294 3931 2472 4005 βούλει
2503 3935 2780 4001 ἀποδεῖξαι
2808 3933 3040 4005 ἔχοντες.

2167 4028 2336 4098 Κάγὼ
2372 4029 2790 4099 ἀπεκρινάμηνσ
2837 4030 2900 4082 El
2952 4019 3048 4098 μὲν
3099 4028 3173 4097 μὴ
3222 4027 3534 4080 ἐπαύσαντο
3583 4028 3687 4081 καὶ

2095 4122 2274 4174 οὐκέτι
2320 4121 2566 4189 ἐγένοντο
2597 4123 2644 4173 οἱ
2687 4121 2962 4190 προφῆται
3011 4121 3068 4172 ἐν
3101 4119 3179 4188 τῷ
3211 4119 3358 4188 γένει
3393 4118 3545 4189 ὐμῶν
3567 4158 3585 4180 ,
3636 4113 3684 4172 ὦ

2098 4211 2349 4284 Τρύφων,
2380 4213 2515 4282 μετὰ
2547 4212 2733 4265 τοῦτον
2755 4212 2844 4265 τὸν
2880 4212 3148 4282 Ἰωάννην,
3177 4212 3332 4283 δῆλον
3360 4212 3442 4265 ὅτι
3470 4211 3507 4265 ἃ
3535 4210 3686 4281 λέγω

2097 4307 2175 4367 εἰς
2214 4303 2419 4374 Ἰησοῦν
2453 4304 2545 4358 τὸν
2579 4305 2832 4376 Χριστὸν,
2871 4303 3000 4367 ἴσως
3047 4304 3321 4374 ἀμφίϐολα
3345 4306 3540 4356 ὲνοείτε
3562 4302 3683 4372 (27)

2099 4397 2235 4454 εἶναι
2280 4400 2346 4453 τὰ
2379 4399 2664 4470 λεγόμενα.
2709 4401 2772 4452 Εἰ
2815 4399 2869 4452 δὲ
2915 4398 3165 4466 Ἰωάννης
3213 4397 3312 4466 μέν
3345 4395 3684 4467 προελήλυθε

414 4474 540 4528 dem
566 4478 844 4544 praecessit
879 4476 1122 4533 clamans
1175 4481 1491 4536 hominibus
1519 4492 1576 4534 ut
1609 4483 1985 4552 pcenitentiam

2099 4493 2232 4563 βοῶν
2252 4495 2362 4555 τοῖς
2388 4491 2693 4563 ἀνθρώποις
2717 4493 3013 4560 μετανοεῖν,
3042 4489 3135 4542 καὶ
3170 4489 3425 4558 Χριστὸς,
3463 4488 3542 4540 ἔτι
3575 4489 3684 4540 αὐ-

414 4577 673 4635 agerent;
706 4569 865 4636 eique
893 4570 1070 4625 adhuc
1103 4572 1170 4626 ad
1197 4570 1418 4627 ﬂuvium
1441 4573 1738 4630 Jordauem
1781 4581 1990 4633 sedenti

416 4662 810 4729 superveniens
837 4661 1086 4716 Christus
1119 4662 1278 4716 linem
1314 4667 1498 4720 attulit
1547 4668 1878 4723 vaticinandi
1937 4681 1992 4725 et

413 4749 726 4818 baptizandi
750 4769 766 4817 ;
795 4753 910 4821 ipse
941 4765 1122 4808 autem
1170 4754 1522 4826 Evangelium
1548 4773 1764 4828 quoque
1791 4761 1991 4830 prmdi-

413 4857 545 4898 care
565 4845 751 4913 erepit,
771 4860 998 4914 regnum
1025 4847 1284 4903 caalorum
1315 4851 1504 4906 dicens
1527 4853 1987 4922 appropinquare,

414 4949 580 5004 seque
606 4937 772 4990 multa
796 4953 826 4991 a
858 4937 1070 4994 Scribis
1099 4949 1156 4994 et
1181 4941 1470 4998 Pbarismis
1493 4947 1600 5014 pati
1631 4957 1905 5015 oportere,
1933 4957 1987 5001 et

413 5027 653 5099 cruciﬁgi
681 5039 736 5084 et
753 5030 929 5084 tertio
959 5031 1048 5086 die
1077 5047 1379 5100 resurgere,
1410 5050 1473 5089 ac
1505 5035 1770 5104 futurum,
1795 5047 1853 5091 ut
1884 5040 1986 5093 ite-

482 5229 527 5262 “
567 5231 669 5284 lsa.
701 5247 790 5324 χιι,
819 5230 966 5284 1-17.

504 5407 596 5476 26)
627 5410 751 5476 Οὐχ
785 5408 1020 5476 ἱκανῶς.
1047 5408 1294 5463 Erratum
1343 5421 1464 5463 esse
1517 5421 1616 5476 pro
1667 5407 1870 5471 ἱκανός,
1919 5419 1979 5463 ιιι

407 5477 680 5532 habemus
713 5481 764 5532 in
823 5480 1030 5544 Bibliis,
1061 5478 1348 5534 admonuit
1405 5478 1712 5534 Perionius.
1751 5477 1977 5549 Legitur

411 5549 593 5612 ἱκανός
625 5550 676 5602 in
708 5549 839 5602 edit.
865 5549 1039 5603 Paris.

482 5620 597 5687 (‘27)
640 5618 904 5672 Ἐνοεῖτε.
942 5619 1165 5690 Dixerat
1190 5619 1414 5690 Trypho
1434 5619 1685 5690 ambigua
1725 5619 1842 5674 'si'ni
1896 5619 1978 5673 vi-

410 5688 525 5744 deri
563 5690 864 5756 prophetia:
915 5691 1098 5745 verba.
1130 5689 1242 5745 Cur
1270 5688 1422 5757 ergo
1454 5691 1532 5744 ait
1569 5688 1818 5745 Justinus
1848 5691 1979 5754 [σως

407 5758 684 5833 ἀμφίϐολα
714 5759 914 5814 evasit:
935 5795 954 5826 ,
986 5779 1006 5812 ι
1033 5760 1457 5836 Qrtqantbigue
1477 5762 1618 5816 dicta
1648 5761 1801 5816 vobis
1827 5762 1980 5816 vide-

2093 4585 2187 4639 τοῦ
2224 4583 2591 4654 καθεζομένου
2628 4583 2720 4634 ἐπὶ
2753 4582 2846 4634 τοῦ
2888 4581 3150 4651 Ἰορδάνου
3199 4580 3475 4648 ποταμοῦ,
3515 4579 3685 4631 ἐπελ-

2096 4677 2203 4729 θὼν
2248 4677 2452 4728 ἔπαυσέ
2487 4693 2545 4728 τε
2581 4674 2742 4727 αὐτὸν
2775 4672 2869 4725 τοῦ
2907 4671 3268 4742 προφητεύειν
3297 4670 3409 4740 (28)
3444 4671 3536 4724 καὶ
3581 4670 3686 4740 βα-

2094 4766 2340 4830 πτίζειν,
2399 4768 2490 4819 καὶ
2541 4764 2924 4836 εὐηγγελίζετο
2977 4764 3072 4816 καὶ
3128 4761 3288 4824 αὐτὸς
3333 4761 3546 4828 λέγων,
3599 4762 3687 4812 δτι

2091 4861 2258 4928 ἐγγύς
2294 4863 2438 4912 ἐστιν
2473 4861 2505 4929 ἡ
2542 4857 2789 4928 βασιλεία
2833 4855 2942 4908 τῶν
2989 4854 3234 4925 οὐρανῶν
3261 4895 3274 4918 ,
3329 4853 3420 4906 καὶ
3466 4853 3549 4904 ὃτι
3600 4851 3690 4903 δεῖ

2091 4952 2255 5004 αὐτὸν
2284 4949 2450 5003 πολλὰ
2484 4949 2672 5002 παθεῖν
2707 4948 2815 5002 ἀπὸ
2841 4948 2949 5000 τῶν
2982 4947 3355 5017 γραμματέων
3389 4944 3481 4997 καὶ
3513 4943 3687 5013 Φαρι-

2097 5045 2284 5106 σαίων,
2322 5043 2414 5095 καὶ
2449 5039 2868 5112 σταυρωθῆναι,
2907 5041 3000 5092 καὶ
3031 5041 3097 5110 τῇ
3132 5039 3293 5111 τρίτῃ
3329 5036 3514 5107 ἡμέρᾳ
3546 5035 3687 5090 ἁνα-

2091 5417 2302 5464 rentur.
2338 5428 2356 5462 ι
2394 5411 2452 5466 Si
2486 5410 2731 5478 legamus
2755 5413 2974 5476 ἐνοεῖτο,
3011 5409 3188 5465 soluta
3220 5409 3323 5464 erit
3357 5406 3682 5465 diﬂlcultas.

2163 5480 2276 5548 (28)
2312 5481 2578 5535 Ἐπαυσέ
2636 5498 2699 5535 τε
2757 5482 2943 5536 αὑτὸν
2987 5481 3093 5535 τοῦ
3152 5480 3574 5549 προφητεύειν.
3620 5480 3684 5533 In

2090 5551 2336 5605 eamdem
2399 5552 2725 5607 sententiam
2785 5552 3036 5607 Justinus
3085 5549 3228 5604 infra
3269 5566 3325 5604 η.
3359 5551 3448 5613 87,
3500 5549 3684 5603 inter-

2091 5629 2338 5687 pretalur
2394 5621 2523 5674 illttd
2583 5621 2780 5676 Isaiae:
2820 5639 2839 5672 ι
2884 5621 2952 5676 Ει
2985 5622 3288 5689 requiescet
3347 5635 3510 5689 super
3547 5633 3680 5672 eum

2093 5690 2330 5759 Spiritus
2364 5691 2600 5745 Domini.
2635 5710 2653 5742 ι
2693 5690 2967 5745 Justinuut
3016 5693 3267 5746 imitatur
3301 5689 3684 5748 Tertullianus

2091 5761 2184 5815 lib.
2213 5776 2266 5816 tv
2298 5762 2352 5814 in
2387 5761 2737 5833 Marcionem,
2762 5777 2810 5817 ς.
2848 5762 2930 5817 l8.
