3962 6262
243 343 352 399 5,9.

1297 352 1644 410 DIALOGUS
1680 352 1825 410 CUM
1865 352 2243 409 TRYPHONE
2278 343 2541 410 JUDA‘IO.
2583 400 2588 405 .

3503 354 3609 410 590

248 461 432 531 στῆναι
456 503 472 525 ,
513 463 624 517 καὶ
660 466 856 522 πάλιν
900 473 1396 543 παραγενήσεσθαι
1423 475 1485 526 ἐν
1536 471 1905 543 Ἰερουσαλὴμη

2026 485 2142 523 rnm
2177 468 2612 540 Hierosolymam
2646 469 2879 535 veniret,
2906 479 3126 540 tumque
3158 486 3264 525 una
3297 485 3416 525 cum
3443 469 3605 524 diaet-

249 554 336 606 ml.
365 553 494 606 τότε
545 559 678 620 τοῖς
736 559 1042 630 μαθηταῖς
1090 563 1258 616 αὑτοῦ
1303 567 1558 634 συμπιεῖν
1610 563 1770 617 πάλιν
1820 565 1912 616 καὶ

259 650 573 717 συμφαγεῖν
598 689 614 713 ,
658 652 774 704 καὶ
814 655 882 706 ἐν
912 653 997 724 τῷ
1040 655 1246 725 μεταξὺ
1273 656 1370 725 τῆς
1399 657 1704 726 παρουσίας
1747 656 1912 708 αὑτοῦ

266 740 432 811 χρόνῳ
457 781 473 804 ,
510 743 594 806 ῶς
648 747 968 817 προέερην,
1022 747 1352 819 γενήσεσθαι
1391 749 1554 818 ἱερεῖς
1585 749 1680 800 καὶ
1720 747 1910 816 ψευδο-

277 836 554 903 προτήτας
606 834 736 907 (9.9)
778 838 885 889 ἐπὶ
938 837 1020 908 τῷ
1065 838 1290 910 ὀνόματι
1326 838 1492 892 αὑτοῦ
1527 840 1908 910 προεμήνυσε,

287 928 370 978 καὶ
398 926 546 979 οὕτω
579 928 865 995 φαίνεται
890 930 1028 985 ὄντα
1047 948 1059 960 °
1100 932 1219 995 πῶς
1251 931 1329 984 ἔτι
1356 930 1716 1002 ἀμφιϐάλλειν
1743 931 1908 993 ἐστιν,

290 1017 424 1087 ἒργῳ
477 1017 803 1088 πεισθῆναι
856 1020 1020 1091 ὑμῶν
1072 1021 1336 1092 ἐχόντων;
1394 1023 1654 1092 Είρήκειν
1693 1019 1804 1092 (50)
1855 1022 1912 1074 δὲ

297 1113 416 1183 περὶ
440 1112 534 1166 τοῦ
579 1115 800 1184 μηκέτι
834 1116 1175 1186 γενήσεσθαι
1206 1117 1262 1168 ἐν
1294 1115 1372 1186 τῷ
1404 1114 1551 1184 γένει
1586 1115 1739 1186 ὑμῶν
1775 1132 1910 1184 προ-

300 1209 486 1277 φήτην,
531 1208 634 1260 καὶ
671 1209 813 1279 περὶ
845 1208 946 1260 τοῦ
994 1208 1291 1276 ἐπιγνῶναι
1324 1210 1406 1262 ὅτι
1439 1210 1472 1280 ἡ
1509 1208 1677 1262 πάλαι
1708 1224 1913 1279 κηρυσ-

308 1298 499 1368 copi-tr,
552 1298 670 1350 ὑπὸ
719 1298 820 1352 τοῦ
854 1299 994 1353 Θεοῦ
1055 1300 1214 1370 καινὴ
1265 1300 1508 1371 Διαοήκη
1558 1299 1912 1371 διαταχθήσε-

306 1391 418 1443 σθαι
454 1391 573 1460 (51)
600 1432 616 1454 ,
665 1392 776 1462 ἥδη
825 1391 950 1445 τότε
992 1393 1210 1464 παρῆν,
1245 1393 1524 1446 τουτέστιν
1566 1393 1728 1456 αὐτὸς
1769 1393 1843 1445 ὢν
1884 1395 1912 1446 ὁ

303 1483 572 1554 Χριστὸς,
610 1483 829 1548 οῦτωςο
864 1505 881 1534 ι
933 1485 992 1536 ’0
1026 1485 1193 1556 νόμος
1221 1486 1313 1538 καὶ
1341 1487 1389 1538 οἱ
1433 1485 1711 1557 προφῆται
1749 1487 1910 1558 μέχρι

313 1576 566 1628 Ἱωάννου
599 1575 700 1629 τοῦ
727 1576 1038 1630 Βαπτιστοῦ
1061 1594 1075 1608 ’
1109 1577 1291 1642 ἐξότου
1327 1580 1358 1650 ἡ
1407 1576 1655 1647 βασιλεία
1686 1580 1793 1634 τῶν
1823 1582 1913 1634 ού-

310 1668 485 1736 ρανῶν
514 1667 810 1738 βιάζεται,
841 1671 936 1722 καὶ
960 1669 1179 1739 βιασταὶ
1209 1669 1546 1741 ἁρπάζουσιν
1581 1672 1768 1743 αὐτήν.
1803 1673 1912 1726 Καὶ

306 1764 353 1813 εἰ
404 1761 592 1814 Θέλετε
649 1761 944 1828 δέξασθαι,
992 1761 1153 1825 αὑτός
1205 1764 1350 1814 ἐστιν
1397 1763 1582 1828 Ἠλίας
1626 1767 1656 1818 ὁ
1703 1765 1910 1835 μέλλων

307 1853 592 1923 ἔρχεσθαι.
634 1853 697 1906 Ὀ
735 1852 876 1924 ἔχων
911 1846 1026 1906 ὦτα
1060 1852 1279 1906 ἀκούειν
1300 1893 1313 1916 ,
1348 1853 1611 1907 ἀκουέτω.
1658 1874 1677 1906 ι

374 1943 465 1996 52.
510 1943 629 1996 Καὶ
679 1943 769 1996 διὰ
817 1943 1011 1998 Ἰακὼό
1046 1945 1104 1999 δὲ
1147 1945 1240 1998 τοῦ
1286 1946 1622 2018 πατριάρχου
1673 1965 1914 2018 προεφη-

305 2035 473 2105 τεύθη
507 2037 596 2088 ὅτι
647 2037 746 2090 δύο
785 2037 881 2090 τοῦ
920 2038 1160 2110 Χριστοῦ
1197 2039 1492 2111 παρουσίαι
1526 2039 1772 2100 ἔσονται,
1821 2043 1915 2095 καὶ

305 2128 388 2178 ὅτι
419 2128 478 2178 ἐν
511 2129 583 2196 τῇ
614 2125 814 2199 πρώτῃ
844 2127 1088 2200 παθητὸς
1116 2127 1266 2182 ἔσται
1286 2169 1301 2192 ,
1338 2129 1431 2183 καὶ
1453 2130 1536 2183 ὅτι
1573 2129 1710 2201 μετὰ
1732 2131 1793 2184 τὸ
1818 2133 1914 2186 αὑ-

304 2219 395 2272 τὸν
430 2220 614 2274 ἐλθεῖν
650 2220 778 2274 οῦτε
809 2222 1098 2294 προφήτης
1127 2220 1249 2274 οὗτε
1284 2222 1537 2293 βασιλεὺς
1566 2225 1624 2278 ὲν
1658 2223 1736 2295 τῷ
1765 2224 1913 2292 γένει

304 2311 462 2382 ὑμῶν
486 2352 503 2375 ,
544 2310 904 2384 (ὲπήνεγκα,)
939 2310 1033 2364 καὶ
1069 2312 1152 2364 ὅτι
1183 2311 1252 2364 τὰ
1296 2311 1423 2384 ἔθνη
1459 2313 1786 2368 πιστεύοντα
1819 2313 1913 2368 ἐπὶ

302 2417 396 2453 τον
429 2402 685 2473 παθητὸν
708 2403 967 2474 Χριστὸν,
1001 2403 1165 2456 πάλιν
1199 2405 1714 2476 παραγενησόμενον
1745 2423 1913 2478 προσ-

303 2492 547 2564 ﬁxi-‘32:.
597 2495 692 2547 Ἐν
723 2493 1008 2565 παραϐολῇ
1043 2493 1099 2546 δὲ
1128 2495 1221 2547 καὶ
1246 2495 1828 2568 παρακεκαλυμμένως
1851 2498 1914 2551 τὸ

307 2585 540 2657 Πνεῦμα
587 2586 659 2638 τὸ
708 2586 862 2655 ἅγιον
894 2585 982 2639 διὰ
1018 2586 1177 2640 τοῦτο
1211 2585 1320 2659 (3‘2)
1372 2587 1510 2641 αὑτά
1559 2589 1908 2661 ἐλελαλήκει,

308 2678 447 2748 ἔτην
467 2695 480 2705 ·
522 2677 703 2741 οὕτως
735 2677 794 2730 δὲ
821 2677 1100 2748 εἰρηκέναι
1130 2677 1441 2748 ἐπήνεγκα·
1476 2698 1493 2729 ι
1547 2678 1747 2742 Ἰούδα,
1783 2679 1910 2750 ᾔνε-

312 2770 412 2823 σὰν
442 2787 504 2823 σε
539 2772 587 2823 οἱ
621 2769 843 2838 ἀδελφοί
881 2787 974 2822 σου
996 2787 1008 2800 ·
1047 2771 1103 2822 αἱ
1129 2770 1310 2841 χεῖρές
1349 2787 1443 2823 σου
1471 2773 1566 2824 ἐπὶ
1592 2769 1762 2825 νώτου
1802 2770 1912 2824 τῶν

311 2862 523 2933 ἐχθρῶν
559 2878 694 2914 σου·
734 2862 1174 2933 προσκυνήσουσί
1225 2880 1285 2916 σε
1315 2864 1364 2917 οἱ
1412 2863 1518 2917 υίοὶ
1559 2862 1654 2916 τοῦ
1705 2863 1913 2936 πατρὸς

315 2970 430 3008 σου.
465 2953 720 3024 Σκύμνος
768 2952 978 3016 λέοντος
1021 2953 1222 3006 Ἰούδαν
1259 2954 1324 3007 ὲκ
1363 2953 1626 3024 βλαστοῦ,
1664 2953 1748 3006 υἱέ
1787 2970 1909 3024 μου,

313 3045 535 3116 ἀνέεης.
587 3043 906 3097 Ἀναπεσὼν
941 3044 1210 3116 ἐκοιμήθη
1249 3043 1325 3108 ὡς
1367 3044 1500 3098 λέων
1548 3046 1640 3097 καὶ
1676 3043 1751 3107 ὡς
1778 3042 1910 3097 σκύ-

318 3154 482 3207 μνοιςι
531 3136 621 3200 τίς
683 3137 872 3208 ἐγερεῖ
926 3137 1122 3202 αύτόν;
1177 3137 1276 3190 οὐκ
1333 3136 1570 3207 ἐκλείψει
1622 3137 1802 3207 ἄρχων
1849 3135 1908 3200 ἐξ

2018 560 2166 629 pulis
2204 561 2397 614 ederet
2427 577 2489 614 ac
2525 559 2756 622 biberet,
2786 575 2850 613 ac
2881 562 3088 614 interea
3122 563 3246 613 dum
3283 560 3515 622 veniret,
3552 560 3604 611 in

2017 659 2188 727 ipsius
2217 660 2456 723 nomine,
2488 668 2547 712 ιιι
2566 659 2675 728 jam
2708 658 2817 712 dixi
2845 658 2910 722 ⁸⁸,
2950 660 3262 711 sacerdotes
3286 667 3340 710 et
3368 657 3607 725 prophe.

2017 759 2084 803 tm
2113 749 2233 802 falsi
2263 749 2571 818 prodirent,
2611 762 2730 816 qua;
2759 747 2974 816 quidem
3015 748 3085 801 ita
3111 749 3360 802 eveniSse
3392 747 3561 818 liquet
3591 764 3605 812 ;

2015 840 2290 906 quomodo
2322 840 2499 894 adhuc
2529 839 2781 894 dubitare
2822 838 2902 892 fas
2937 839 3024 899 sit.
3052 853 3172 891 cum
3205 853 3291 893 res
3320 843 3450 908 ipsa:
3504 854 3600 891 vo-

2015 929 2095 982 bis
2127 929 2459 998 persuadere
2483 927 2734 998 possint?
2763 927 2982 982 Nullum
3003 937 3182 982 autem
3217 930 3472 998 deinceps
3525 929 3612 983 fu-

2017 1029 2198 1074 turum
2248 1022 2298 1074 in
2331 1029 2511 1074 vestro
2533 1035 2731 1091 genere
2761 1021 3082 1088 prophetam
3125 1021 3360 1087 dixerat,
3422 1031 3590 1091 atque

2016 1124 2075 1168 ul
2103 1115 2358 1169 homines
2387 1122 2752 1184 agnoscerent
2783 1129 2982 1167 novum
3023 1113 3153 1168 illud
3187 1123 3598 1177 testamentum,

2012 1209 2157 1276 quod
2205 1207 2336 1261 olim
2394 1208 2538 1263 Deus
2597 1208 2907 1263 institutum
2939 1206 3003 1260 iri
3034 1209 3460 1274 prmdicaverat,
3489 1207 3603 1276 jam

2015 1311 2127 1355 tum
2160 1302 2374 1366 adesse,
2417 1302 2521 1356 hoc
2551 1311 2656 1367 est,
2699 1301 2963 1368 seipsum,
2996 1299 3199 1369 quippe
3231 1299 3323 1368 qui
3355 1299 3610 1354 Christus

2014 1401 2180 1460 esset,
2239 1394 2320 1448 sic
2374 1409 2469 1448 eos
2525 1392 2905 1461 alloquebatur
2947 1411 2961 1444 :
3005 1409 3022 1441 ι
3069 1391 3181 1445 Lex
3231 1401 3286 1444 et
3327 1393 3603 1461 prophetae

2015 1500 2187 1554 usque
2218 1485 2286 1539 ad
2315 1483 2582 1541 Joannem
2617 1485 2957 1553 Baptistam:
2992 1497 3056 1536 ex
3097 1497 3204 1551 quo
3243 1492 3482 1551 tempore
3519 1499 3604 1536 re-

2015 1593 2178 1648 gnum
2205 1576 2469 1631 caelorum
2502 1576 2608 1628 vim
2652 1575 2880 1643 patitur,
2916 1580 2972 1627 et
3001 1572 3230 1626 violenti
3294 1575 3514 1642 rapiunt
3541 1574 3604 1626 il-

2019 1668 2135 1721 Iud.
2171 1667 2238 1721 Et
2269 1666 2315 1720 si
2350 1665 2516 1721 vultis
2547 1666 2816 1734 recipere,
2871 1663 2987 1732 ipse
3020 1672 3104 1717 est
3142 1663 3312 1724 Elias.
3345 1665 3436 1732 qui
3477 1680 3606 1717 vcn-

2023 1765 2182 1813 tu‘rus
2221 1767 2360 1812 erat.
2384 1756 2485 1824 Qui
2510 1757 2676 1810 habet
2708 1769 2871 1810 aures
2903 1755 3183 1817 audiendi,
3213 1757 3396 1810 audiat
3431 1756 3531 1808 ν’.»

2088 1934 2179 1991 52.
2217 1932 2382 1987 Iacob
2408 1933 2541 1986 duos
2571 1931 2771 1986 Christi
2793 1932 3045 1985 adventus
3071 1931 3339 1999 prmdiatit.
3374 1963 3443 1971 —-
3474 1933 3603 1987 Illud

2022 2030 2187 2084 etiam
2241 2043 2271 2081 a
2306 2027 2510 2082 Jacobo
2561 2027 2874 2088 patriarcha
2941 2027 3260 2096 praadictnm
3321 2039 3426 2092 est,
3470 2031 3604 2082 duos

2015 2121 2223 2176 Christi
2257 2120 2524 2173 adventus
2557 2118 2794 2184 futuros,
2827 2131 3060 2186 eumque
3090 2118 3144 2171 in
3174 2119 3352 2186 primo
3383 2135 3606 2188 perpes-

2018 2209 2264 2264 sionibus
2314 2208 2613 2264 obnoxium
2665 2206 2805 2270 fore,
2843 2222 2908 2263 ac
2949 2219 3233 2277 postquam
3293 2211 3603 2274 advenerit,

2019 2320 2120 2362 nec
2150 2305 2472 2376 prophetam
2505 2319 2606 2360 nec
2641 2303 2804 2376 1&8
2831 2320 3012 2377 regem
3058 2306 3109 2358 in
3145 2317 3330 2361 vestro
3388 2323 3596 2378 genere

2015 2396 2256 2452 futurum
2282 2399 2378 2467 (ita
2403 2397 2546 2451 enim
2567 2397 2908 2468 pergebam),
2941 2407 3131 2466 gentes
3153 2409 3331 2454 autem
3363 2401 3415 2453 in
3441 2399 3603 2456 Chri-

2014 2499 2158 2545 stum
2193 2489 2544 2561 passionibus
2579 2489 2880 2544 obuoxium
2917 2493 3227 2557 credentes,
3258 2509 3450 2547 rursus
3473 2510 3603 2547 ven-

2017 2593 2197 2640 turum
2227 2592 2664 2651 exspectaturas.
2697 2583 2880 2653 Atque
2916 2585 3022 2639 hac
3047 2586 3116 2639 de
3139 2600 3327 2650 causa,
3362 2588 3598 2653 aiebam,

2017 2679 2070 2732 in
2103 2675 2378 2747 parabolis
2404 2683 2457 2730 et
2485 2689 2685 2731 arcane
2704 2676 2941 2746 Spiritus
2971 2687 3192 2732 sanctus
3222 2679 3335 2732 lucc
3358 2679 3600 2749 tradidit.

2017 2767 2111 2824 Sic
2147 2778 2332 2823 autem
2360 2769 2510 2824 illum
2537 2768 2779 2825 locutum
2817 2785 2940 2826 esse
2987 2771 3171 2826 addidi
3201 2788 3214 2824 :
3250 2791 3268 2822 ι
3302 2771 3457 2840 Juda,
3490 2773 3606 2852 lau-

2016 2863 2283 2918 davernnt
2318 2872 2371 2919 te
2399 2865 2602 2922 fratres
2627 2867 2726 2928 tui,
2763 2882 2960 2922 manus
3020 2877 3124 2923 tuae
3179 2884 3344 2938 super
3383 2871 3602 2932 dorsum

2015 2953 2366 3010 inimicorum
2421 2967 2674 3024 tuorum;
2733 2958 3043 3013 adorabunt
3071 2969 3122 3014 te
3153 2959 3245 3014 filii
3293 2963 3463 3030 patris
3499 2964 3599 3020 tui.

2014 3045 2238 3102 Catulus
2269 3047 2443 3101 leonis
2467 3045 2605 3101 Juda
2642 3067 2654 3100 :
2695 3063 2764 3102 ex
2793 3049 3064 3118 germine,
3097 3049 3168 3102 fili
3207 3051 3302 3113 mi,
3349 3052 3601 3106 ascendi-

2015 3138 2082 3192 sti
2118 3155 2132 3191 :
2161 3141 2485 3196 recumbens
2534 3140 2811 3205 dormivit,
2845 3150 2903 3194 ut
2943 3141 3048 3205 leo,
3083 3152 3136 3194 et
3167 3144 3322 3211 quasi
3357 3143 3597 3212 catulus.

328 3230 494 3282 Ἰούδα
518 3270 532 3291 ,
573 3231 673 3282 καὶ
712 3229 1015 3299 ἡγούμενος
1067 3231 1132 3282 ἐκ
1171 3229 1278 3282 τῶν
1327 3228 1519 3301 μηρῶν
1561 3228 1724 3282 αὐτοῦ
1747 3269 1760 3291 ,
1801 3228 1905 3291 ἕως

2018 3228 2144 3296 Quis
2169 3232 2454 3285 suscitabit
2483 3232 2650 3285 eum?
2682 3230 2796 3283 Non
2822 3231 3037 3286 deficiet
3066 3210 3321 3301 princeps
3342 3249 3408 3286 ex
3438 3210 3596 3297 Juda,

319 3321 380 3374 ἂν
417 3323 546 3396 ὓθῃ
590 3321 660 3373 τὰ
696 3320 1036 3391 ἀποκείμενα
1070 3319 1218 3392 αὐτῷ
1244 3321 1353 3392 (55)
1374 3338 1386 3350 ·
1427 3321 1522 3374 καὶ
1559 3322 1720 3384 αὐτὸς
1754 3321 1905 3374 ἔσται

320 3413 616 3486 προσδοκία
646 3413 842 3476 ἐθνῶν,
870 3413 1150 3483 δεσμεύων
1182 3413 1316 3483 πρὸς
1341 3413 1583 3488 ἄμπελον
1605 3414 1694 3467 τὸν
1729 3413 1905 3467 πῶλον

317 3508 478 3562 αὖτοῦ
502 3550 517 3571 ,
555 3508 654 3561 καὶ
680 3509 748 3576 τῇ
784 3507 926 3558 ἕλικι
959 3507 1050 3558 τὸν
1085 3505 1263 3559 πῶλον
1289 3506 1389 3576 τῆς
1414 3507 1536 3559 ὄνου
1568 3507 1734 3560 αὐτοῦ
1768 3507 1902 3580 (54).

316 3603 509 3654 Πλεινεί
553 3604 617 3654 ἐν
668 3599 800 3671 οἴνῳ
853 3599 949 3670 τὴν
995 3597 1186 3669 στολὴν
1237 3598 1400 3652 αὑτοῦ
1427 3640 1440 3663 ,
1476 3599 1569 3651 καὶ
1605 3601 1663 3653 ἐν
1711 3601 1904 3670 αἵματι

317 3695 594 3764 στααυλῆς
636 3693 741 3764 τὴν
793 3691 1085 3764 περιϐολὴν
1127 3692 1314 3748 αὑτοῦ.
1351 3695 1598 3765 Χαροποὶ
1631 3695 1678 3746 οἱ
1713 3694 1912 3763 ὀφθαλ-

317 3791 403 3859 μοὶ
430 3787 605 3842 αὐτοῦ
640 3786 754 3840 ἀπὸ
776 3786 925 3838 οἴνου
962 3785 1077 3857 (55)
1099 3825 1114 3850 ,
1144 3788 1237 3839 καὶ
1267 3786 1450 3840 λευκοὶ
1480 3788 1528 3839 οἱ
1562 3787 1776 3850 ὀδόντες
1812 3788 1913 3842 αὑ-

313 3882 403 3936 τοῦ
431 3881 511 3945 ὡς
550 3881 718 3950 γάλα.
756 3899 774 3929 ι
819 3880 939 3933 Ὅτι
973 3873 1065 3931 οὖν
1091 3879 1342 3932 οὐδέποτε
1377 3882 1435 3932 ἐν
1469 3879 1546 3950 τῷ
1577 3880 1721 3948 γένει
1757 3881 1908 3951 ὑμῶν

317 3974 597 4026 ἐπαύσατο
628 3970 758 4024 οὔτε
781 3972 1088 4041 προφήτης,
1115 3969 1235 4022 οὔτε
1265 3970 1468 4040 ἄρχων,
1501 3967 1560 4032 ἐξ
1581 3969 1700 4021 ὅτου
1735 3967 1908 4041 ἀρχὴν

314 4067 488 4128 ἔλαϐε,
513 4067 715 4136 μέχρις
729 4056 791 4116 οὗ
808 4054 1002 4125 οὗτοςὸ
1019 4060 1226 4132 Ἰησοῦς
1245 4060 1476 4132 Χριστὸς
1491 4061 1583 4113 καὶ
1604 4059 1792 4130 γέγονε
1815 4059 1908 4113 καὶ

315 4157 512 4210 ἔπαθεν
531 4200 546 4218 ,
578 4155 691 4208 οὐδ’
723 4153 1094 4225 ἀναισχύντως
1133 4152 1428 4223 τολμήσετε
1460 4154 1632 4205 εἰπεῖν
1653 4191 1667 4216 ,
1699 4152 1732 4222 ἣ
1766 4153 1903 4204 ἀπο-

773 4249 884 4301 Καὶ
937 4245 1047 4317 γὰρ
1095 4243 1338 4316 Ἡρώδην
1381 4242 1524 4315 (56),
1552 4245 1645 4313 ἀφ’
1673 4240 1732 4298 οῦ
1766 4244 1901 4298 ἔπα-

313 4249 479 4316 δεῖξαι
533 4249 714 4318 ἔχετε.

415 4408 463 4438 ⁸⁸
491 4423 550 4461 n.
576 4407 676 4460 ‘25.
749 4405 794 4435 ""
827 4403 1024 4459 Matth.
1059 4417 1138 4467 ιι,
1171 4401 1354 4457 12-15.

2010 3331 2065 3376 ct
2094 3323 2202 3376 dux
2237 3323 2302 3377 de
2334 3322 2636 3377 femoribus
2669 3322 2788 3388 eius
2811 3324 2980 3378 donec
3013 3324 3257 3390 veniant,
3283 3340 3409 3392 quae
3441 3340 3597 3400 repo-

2011 3418 2112 3472 sita
2145 3427 2273 3472 sunt
2299 3417 2381 3481 ei;
2411 3426 2464 3470 et
2503 3417 2616 3484 ipse
2649 3416 2755 3470 erit
2784 3418 3122 3486 exspectatio
3149 3399 3596 3488 gentinnyligane

2013 3510 2075 3564 ad
2102 3511 2266 3564 vitem
2301 3511 2506 3579 pullum
2539 3526 2716 3574 suum,
2753 3520 2807 3563 ct
2839 3513 2904 3562 ad
2937 3511 3160 3563 helicem
3188 3510 3388 3577 pullum
3432 3513 3599 3566 asiam

2009 3616 2138 3654 sua}.
2171 3601 2403 3654 Lavahit
2435 3601 2487 3654 in
2519 3599 2646 3654 vino
2689 3599 2881 3653 stolam
2935 3615 3110 3660 suam.
3144 3609 3200 3652 et
3247 3601 3300 3653 in
3333 3600 3596 3668 sanguine

2013 3708 2131 3745 uva:
2157 3693 2411 3746 amictum
2444 3707 2624 3746 suum.
2671 3690 2823 3744 Fulvi
2865 3691 3009 3744 oculi
3047 3691 3166 3760 ejus
3197 3707 3308 3759 prae
3361 3692 3512 3756 vino,
3541 3704 3589 3744 et

2013 3785 2234 3839 candidi
2285 3785 2480 3839 dentes
2508 3783 2628 3853 ejus
2663 3793 2722 3836 ut
2763 3783 2847 3838 lac
2884 3784 2954 3838 ⁸⁸.
2993 3803 3012 3836 ι
3051 3784 3228 3850 Porro
3281 3784 3334 3837 in
3395 3798 3596 3853 genere

2018 3887 2224 3940 vestro,
2255 3891 2322 3930 ex
2349 3891 2456 3946 quo
2488 3877 2700 3930 initium
2731 3880 2961 3950 accepit,
2988 3893 3162 3948 usque
3191 3879 3257 3930 ad
3287 3877 3436 3934 illud.
3461 3889 3597 3934 tetu-

2017 3985 2271 4040 pus,quo
2321 3971 2408 4024 hic
2462 3969 2624 4025 Jesus
2653 3970 2904 4026 Christus
2949 3980 3108 4025 natus
3167 3987 3231 4026 ac
3276 3986 3466 4040 passus
3487 3981 3594 4035 est,

2015 4062 2338 4130 prephetam
2392 4071 2488 4114 aut
2524 4062 2828 4130 principem
2885 4077 3007 4116 esse
3056 4078 3294 4130 unquam
3338 4063 3589 4119 desiisse.

2012 4166 2115 4206 nec
2139 4153 2482 4222 impudenter
2499 4153 2681 4207 dicere
2707 4152 3000 4216 audebitis,
3026 4167 3126 4206 nec
3147 4152 3360 4207 habetis
3375 4154 3596 4206 demon-

2015 4253 2213 4299 strare.
2245 4243 2380 4297 Nam
2406 4259 2528 4297 cum
2555 4241 2847 4308 Herodem,
2899 4252 3023 4312 post
3065 4258 3227 4313 quem
3262 4259 3456 4313 passus
3482 4256 3590 4306 est,

1432 4401 1476 4433 ’⁵⁸
1503 4399 1642 4456 Gen.
1675 4415 1828 4464 thx,
1859 4398 2012 4453 8-12.

383 4563 501 4633 (29)
542 4560 736 4630 Ἰερεῖς
763 4560 858 4614 καὶ
881 4555 1666 4633 ψευδοπροφήτας.’ϐοιιὶἰοί-ι·
1691 4553 1856 4633 Sylbu
1867 4571 1905 4608 r-

2024 4553 2428 4633 Nonuculpandi
2460 4554 2704 4633 librarii,
2737 4554 2881 4633 quod
2908 4553 3277 4633 hic_Jus_tin_ns
3310 4555 3468 4633 aliter
3524 4571 3588 4608 ac

317 4626 436 4700 guis
464 4626 563 4686 aut
591 4626 1236 4701 legendnm‘daawtapaiq,
1268 4637 1376 4701 aut
1418 4627 1490 4679 ita
1525 4626 1905 4701 explicandam

316 4697 520 4758 Justini
557 4697 1054 4757 scutentiamJSed
1098 4701 1142 4752 si
1189 4697 1317 4766 quid
1365 4697 1758 4750 immutandum
1811 4697 1905 4758 sit,

319 4778 502 4846 legere
519 4775 706 4826 malim
729 4765 1539 4846 αἱρέσειςεξίο-θιι..Ιιι-ειίιιιιε
1562 4782 1724 4846 supra
1744 4781 1796 4817 n.
1814 4766 1901 4826 55,

324 4837 581 4911 tanquam
627 4859 691 4895 ex
747 4837 929 4911 verbis
983 4839 1186 4911 Christi
1241 4838 1370 4911 illud
1397 4839 1606 4911 _citat:
1649 4837 1905 4911 Ἔσονται

322 4909 598 4986 σχίσματα
616 4914 711 4966 καὶ
740 4910 1057 4986 αἱρέσειςχς
1089 4910 1262 4986 Erunt
1283 4909 1602 4986 schismata
1647 4917 1702 4960 et
1735 4909 1906 4986 Inpre-

323 4976 488 5040 εδδ..)
528 4988 729 5038 Censet
766 4976 929 5036 etiam
965 4981 1049 5035 Cl.
1091 4979 1366 5034 Thirlbius
1412 4977 1700 5048 legendum
1745 4976 1902 5047 αἰρέ-

319 5074 450 5114 σεις.

387 5129 500 5197 (30)
527 5125 820 5197 Εὶίτήκειν.
849 5121 1413 5197 Ιλεςᾳρηιῐιιηιὲείρήκει,
1443 5128 1503 5197 ιιι
1530 5127 1676 5188 patet
1707 5134 1771 5173 ex
1804 5119 1904 5173 hac

316 5191 446 5252 voce
477 5191 654 5260 οὕτως
678 5211 798 5264 quae
839 5193 1076 5246 refertur
1105 5192 1176 5264 ad
1217 5191 1342 5245 illud
1373 5191 1618 5264 verbum.

387 5271 503 5336 (5|)
535 5260 1085 5336 Δίατιιὶχθήσεο-θιιι.Δ
1105 5261 1285 5336 Inepta
1317 5260 1628 5336 emendatio
1681 5263 1733 5314 in
1783 5260 1900 5336 edi_-

318 5329 556 5391 tionibus
583 5338 626 5390 (ἱ
638 5329 1015 5391 meo-Latinis
1035 5333 1127 5388 ubi
1150 5332 1345 5402 legitur
1363 5329 1900 5403 διαταχθήσεται,καὶ

314 5410 414 5479 ἥδη
599 5409 793 5480 παρῆν-

388 5471 512 5547 (52)
542 5481 646 5532 Διὰ
677 5471 869 5533 τοῦτο.
898 5476 980 5530 Ne
1009 5473 1269 5547 videlicet
1295 5471 1462 5547 Judaei
1503 5473 1783 5547 aperta‘de
1810 5487 1900 5547 eo-

319 5543 436 5604 rum
470 5543 935 5615 reprulmtione.et
965 5545 1215 5616 gentium
1244 5546 1530 5616 vocatione
1587 5543 1896 5616 testimonia

316 5611 700 5689 expungerent,
735 5631 792 5674 ut
815 5611 1029 5673 clarius
1068 5614 1309 5689 declarat
1333 5611 1576 5668 Justinus
1611 5629 1666 5664 ιι.
1702 5612 1825 5689 ιῖΟ.

387 5682 609 5758 (ΞΞῘΤὰ
626 5693 992 5760 ἀποκείμενα
1008 5682 1192 5748 αὐτῷ.
1223 5683 1463 5760 pterque
1491 5699 1596 5760 nis.
1630 5686 1796 5760 cod_e!_t
1831 5685 1897 5760 ad

323 5753 609 5829 marginem
639 5778 690 5817 et
723 5765 787 5816 ιι.
820 5753 1156 5829 Βιριιιιίιιιιιε
1171 5755 1238 5807 ad
1264 5756 1468 5829 calcem
1491 5753 1685 5829 habent
1713 5753 1741 5805 ὃ
1765 5753 1897 5829 dit/a-

322 5823 509 5885 ιιειτᾶι.
550 5833 658 5890 Vid.
696 5835 835 5888 infra
867 5823 1027 5887 num.
1063 5827 1186 5892 1‘20,
1228 5836 1283 5879 ct
1326 5825 1474 5894 Apol.
1511 5823 1561 5890 1,
1596 5840 1744 5879 nunt.
1799 5826 1889 5878 52.

2022 4626 2075 4677 in
2103 4624 2222 4678 aliis
2258 4625 2394 4678 locis
2423 4626 2573 4678 citet.
2622 4625 3074 4696 Interdumenim
3117 4629 3169 4680 in
3207 4629 3307 4679 hoc
3339 4625 3586 4696 Dialogo,

2013 4706 2071 4746 ιιι
2102 4696 2218 4762 ipse
2251 4704 2502 4755 testatur,
2530 4711 2584 4750 η.
2626 4695 2728 4748 120
2751 4706 2805 4748 et
2830 4695 2954 4752 125,
3007 4709 3112 4747 non
3161 4698 3406 4764 sequitur
3444 4695 3588 4750 LXX

2013 4765 2361 4832 interpretes,
2392 4766 2484 4819 sed
2515 4765 2892 4820 accommodat
2937 4779 2998 4817 se
3026 4767 3092 4818 ad
3130 4765 3440 4820 .Iudaeorum
3499 4768 3585 4819 in-

2013 4838 2448 4901 terpretationes.
3181 4845 3188 4850 '

2080 4907 2193 4974 (54)
2233 4905 2342 4958 Τὸν
2369 4905 2574 4959 πῶλον
2602 4905 2714 4974 τῆς
2759 4908 2902 4960 ὄνου
2950 4906 3158 4959 αὑτοῦ.
3209 4905 3584 4960 Przetermittit

2011 4977 2124 5030 hzec
2160 4980 2320 5029 verha
2345 4975 2593 5030 Justinus
2610 4978 2760 5045 Apol.
2795 4980 2848 5044 1,
2882 4993 3030 5029 ιιιιιιι.
3071 4976 3162 5041 54,
3187 4987 3350 5045 atque
3391 4978 3462 5030 ita
3500 4993 3585 5029 ra-

2009 5047 2302 5100 tiocinatur
2323 5048 2476 5114 quasi
2510 5063 2784 5112 nunquam
2819 5063 2879 5101 ea
2913 5047 3132 5116 legisset
3187 5052 3238 5102 in
3287 5049 3388 5101 hoc
3443 5049 3584 5100 scri-

2009 5127 2185 5184 pturze
2216 5116 2552 5170 testimonio.
2581 5119 2688 5171 Sed
2711 5134 2833 5172 cum
2867 5134 2926 5171 ea
2955 5133 3060 5170 non
3097 5117 3270 5170 solum
3303 5117 3388 5170 hic
3435 5131 3584 5169 cum-

2009 5195 2294 5248 memoret,
2326 5189 2418 5241 sed
2476 5189 2641 5240 etiam
2677 5189 2840 5255 paulo
2876 5195 2995 5256 post
3024 5189 3076 5239 in
3115 5189 3197 5240 eis
3239 5188 3583 5254 eitplicandis

2005 5272 2223 5324 operam
2259 5259 2516 5318 insumat,
2555 5273 2661 5311 non
2701 5258 2925 5310 dubium
2968 5258 3096 5325 quin
3145 5267 3412 5322 erratum,
3438 5263 3581 5324 quod

2005 5330 2054 5398 ei
2092 5328 2146 5379 in
2177 5329 2435 5398 Apologia
2461 5339 2555 5380 aut
2588 5330 2868 5382 memoria:
2895 5336 2986 5379 aut
3017 5327 3226 5380 codicis
3265 5327 3399 5381 vitio
3431 5331 3584 5381 exci-

2005 5396 2183 5456 derat.
2211 5396 2493 5464 Dmlogum
2523 5400 2773 5451 scrihens
2800 5398 3191 5453 emendaverit.
3595 5405 3624 5463 χ

2074 5467 2185 5537 (55)
2227 5468 2358 5520 Ἀπὸ
2391 5467 2580 5520 οἴνου.
2607 5469 2736 5521 Illud
2769 5467 2874 5520 ἀπό
2902 5470 3040 5520 idem
3074 5469 3175 5521 hoc
3202 5468 3320 5521 loco
3377 5467 3585 5538 signifi-

2002 5549 2086 5594 cat
2121 5554 2181 5592 ac
2221 5555 2348 5605 prze.
2729 5563 2736 5572 ·

2075 5611 2188 5678 (56)
2222 5609 2330 5661 Kal
2366 5607 2474 5676 γὰρ
2535 5607 2879 5675 Emam...
2934 5608 3239 5677 λέγοντες.
3291 5609 3418 5663 llaec
3463 5624 3584 5664 esse

2003 5677 2219 5734 videtur
2265 5679 2423 5744 hujus
2472 5677 2574 5732 loci
2628 5679 2920 5732 sententia.
2979 5679 3250 5732 Nimirum
3301 5679 3495 5744 Judaei,
3528 5691 3586 5732 ιιι

2002 5750 2285 5804 eluderent
2318 5751 2681 5818 prophetiam,
2708 5750 2811 5803 hac
2848 5751 3010 5801 inter'.
3045 5749 3181 5804 alias
3233 5751 3583 5803 cavillatione

2003 5824 2319 5887 utebantur,
2345 5830 2402 5876 ut
2433 5831 2704 5891 sceptrum
2736 5837 2765 5876 e
2798 5821 2937 5874 tribu
2968 5818 3142 5885 .luda,
3164 5829 3460 5890 antequam
3492 5819 3570 5878 le-
