3962 6262
413 383 509 440 50!
1342 378 1398 434 S.
1436 376 1700 433 JUSTINI
1733 374 2141 432 PlllLOSOPlll
2181 374 2266 430 ET
2305 375 2663 432 MARTYBIS

3574 382 3684 438 59?.

410 500 787 559 Ascalonitam
820 496 1002 553 dicitis
1034 496 1223 567 fuisse,
1264 511 1444 556 tamen
1494 503 1548 557 in
1578 517 1777 572 genere
1811 514 1987 560 vestro

2104 503 2195 556 θεν
2222 503 2354 576 (57),
2398 503 2793 575 Ἀσκαλωνίτην
2827 502 3104 572 γεγονέναι
3139 503 3415 573 λέγοντες,
3439 506 3587 577 ὅμως
3623 510 3683 561 ιν

411 593 715 662 principem
775 591 1120 645 sacerdotum
1175 590 1423 646 fatemini
1469 595 1787 649 exstitisse:
1822 612 1995 665 quare

411 701 534 740 cum
570 684 735 739 etiam
780 695 891 735 tttm
950 684 1276 747 habueritis,
1308 684 1402 753 qui
1464 685 1762 739 secundmn
1818 688 1992 758 legem

410 776 613 848 Moysis
650 786 704 831 et
736 776 877 829 dona
939 774 1186 843 oﬂ‘erret,
1230 785 1284 829 et
1314 788 1510 831 caatera
1567 778 1701 847 legis
1746 780 1991 835 instituta

411 876 681 928 servaret.
704 882 939 936 cumque
966 869 1247 938 propheta:
1275 869 1570 924 secundum
1591 872 1992 926 successionem

409 976 583 1031 usque
614 961 681 1015 ad
734 960 997 1016 Joannem
1055 962 1409 1016 exstiterint:
1454 963 1907 1030 quemadmodum
1940 973 1993 1018 et

410 1061 541 1105 tunc
577 1053 862 1116 exstitere,
896 1068 1018 1107 cum
1053 1054 1284 1122 populus
1331 1062 1532 1115 vester,
1575 1065 1784 1107 vastata
1847 1064 1992 1109 terra

410 1156 466 1199 et
491 1146 670 1199 sacris
694 1144 843 1200 vasis
873 1146 1126 1208 sublatis,
1184 1144 1510 1215 Babylonem
1567 1144 1832 1200 abductus
1870 1157 1989 1214 est;

409 1252 517 1291 non
549 1235 719 1290 defuit
758 1234 898 1304 apud
930 1251 1024 1289 vos
1057 1238 1347 1305 pr0pbeta,
1381 1235 1470 1303 qui
1506 1234 1756 1289 dominus
1795 1245 1849 1288 et
1884 1237 1991 1289 dux

410 1339 466 1383 ct
496 1328 749 1396 princeps
775 1327 959 1396 populi
1004 1328 1169 1380 vestri
1203 1334 1366 1380 esset.
1411 1328 1649 1396 Spiritus
1696 1327 1864 1393 enim,
1898 1329 1990 1396 qui

408 1426 528 1472 crat
552 1418 604 1471 in
637 1418 937 1486 prepbetis,
975 1433 1128 1486 reges
1155 1419 1307 1471 vobis
1348 1418 1583 1488 tingebat
1608 1427 1663 1471 et
1693 1418 1992 1472 constitue-

410 1514 526 1565 bat.
560 1512 936 1578 Atpostquatn
969 1507 1131 1563 Jesus
1160 1509 1413 1564 Christus
1463 1522 1645 1564 noster
1702 1512 1754 1564 in
1809 1521 1992 1566 vestro

408 1616 611 1673 genere
644 1604 898 1673 apparuit
922 1612 976 1655 et
1010 1603 1169 1656 morti
1201 1603 1436 1656 traditus
1457 1612 1539 1656 est
1564 1646 1577 1668 ,
1603 1619 1867 1673 nusquam
1898 1620 1993 1659 ex-

409 1698 548 1751 stitit
579 1707 672 1750 aut
704 1706 887 1751 exstat
918 1696 1214 1765 propheta;
1268 1698 1363 1750 sed
1390 1705 1444 1749 et
1471 1698 1689 1765 proprio
1721 1699 1834 1767 regi
1893 1714 1991 1768 pa-

404 1803 534 1842 rcre
560 1789 822 1855 desiistis,
848 1804 910 1843 ac
941 1797 1206 1858 praeterea
1246 1795 1390 1841 terra
1429 1796 1609 1842 vestra
1650 1790 1871 1858 penitus
1900 1805 1992 1842 va-

2094 594 2172 664 τῷ
2202 596 2347 664 γένει
2381 594 2535 665 ὑμῶν
2568 595 2695 647 ὄντα
2722 595 2906 663 λέγετε
2938 597 3197 667 ἀρχιερέα
3221 614 3233 625 ·
3270 595 3413 650 ὥστε
3446 597 3536 651 καὶ
3555 596 3681 653 τότε

2094 690 2245 751 ὄντος
2279 689 2405 760 ὑμῖν
2441 687 2581 741 κατὰ
2612 688 2703 741 τὸν
2731 688 2893 758 νόμον
2925 688 3019 741 τοῦ
3050 689 3293 753 Μωσέως
3318 689 3411 743 καὶ
3444 707 3684 762 προσφο-

2098 779 2195 851 ρὰς
2230 779 2662 851 προσφέροντος,
2712 780 2805 832 καὶ
2849 778 2915 832 τὰ
2960 780 3097 835 ἄλλα
3135 782 3341 851 νόμιμα
3377 784 3681 851 φυλάσσονι

2095 890 2187 936 τος
2212 912 2226 936 ,
2262 872 2355 925 καὶ
2389 872 2705 944 προφητῶν,
2742 873 2883 925 κατὰ
2914 873 3159 945 διαδοχὴν
3193 875 3385 946 μέχρις
3431 876 3680 933 Ἰωάννου

2093 965 2471 1035 γεγενημένων
2526 964 2634 1035 (ὡς
2685 964 2781 1017 καὶ
2823 964 2910 1017 ὅτε
2959 968 3037 1029 εἰς
3080 966 3369 1021 Βαϐυλῶνα
3401 969 3623 1042 ἀπήχθη
3651 973 3682 1025 ὁ

2093 1056 2220 1119 λαὸς
2254 1057 2441 1127 ὑμῶν,
2479 1056 2884 1127 πολεμηθείσης
2919 1056 3020 1127 τῆς
3065 1058 3168 1128 γῆς
3218 1060 3313 1112 καὶ
3358 1060 3469 1113 τῶν
3516 1062 3682 1134 ἱερῶν

2095 1146 2304 1201 σκευῶν
2329 1147 2628 1219 ἀρθέντων)
2652 1187 2667 1211 ,
2705 1148 2778 1219 μὴ
2806 1147 3119 1202 παύσασθαι
3140 1150 3251 1222 (58)
3275 1151 3333 1218 ἐξ
3363 1154 3517 1224 ὑμῶν
3544 1172 3682 1226 προ-

2093 1241 2306 1310 φήτην,
2361 1240 2420 1302 ὃς
2483 1239 2674 1311 κύριος
2724 1240 2819 1293 καὶ¹
2868 1239 3169 1311 ἡγούμενος
3212 1243 3305 1295 καὶ
3354 1244 3535 1315 ἄρχων
3585 1246 3680 1298 τοῦ

2093 1330 2221 1383 λαοῦ
2257 1330 2410 1401 ὑμῶν
2450 1325 2541 1400 ἦν.
2587 1330 2661 1383 Τὸ
2690 1330 2801 1401 γὰρ
2848 1333 2905 1384 έν
2949 1334 3062 1395 τοῖς
3110 1334 3417 1405 προφήταις
3451 1336 3680 1408 Πνεῦμα

2094 1424 2188 1475 καὶ
2219 1425 2355 1486 τοὺς
2389 1422 2628 1493 βασιλεῖς
2657 1424 2786 1493 ὑμῖν
2814 1423 2961 1493 ἔχριε
2986 1422 3094 1494 (59)
3122 1424 3217 1477 καὶ
3248 1424 3499 1479 καθίστα.
3523 1424 3681 1480 Μετὰ

2092 1514 2147 1567 δὲ
2194 1514 2291 1585 τὴν
2360 1513 2537 1586 Ἰησοῦ
2590 1515 2683 1567 τοῦ
2721 1516 2989 1587 ἡμετέρου
3034 1516 3272 1586 Χριστοῦ
3322 1519 3380 1569 ὲν
3416 1517 3492 1588 τῷ
3534 1518 3681 1587 γένει

2094 1605 2249 1674 ὑμῶν
2282 1606 2589 1677 φανέρωσιν
2623 1606 2718 1659 καὶ
2751 1606 2975 1660 θάνατον
3007 1607 3243 1679 οὐδαμοῦ
3279 1612 3565 1682 προφήτης
3592 1613 3683 1681 γέ-

2092 1712 2268 1764 γονεν,
2294 1696 2415 1748 οὐδέ
2442 1698 2589 1750 ἐστιν
2614 1713 2626 1725 ⁸
2666 1695 2800 1749 ἀλλὰ
2837 1696 2931 1751 καὶ
2965 1698 3025 1751 τὸ
3056 1694 3195 1751 εἶναι
3230 1700 3374 1770 ὑμᾶς
3408 1702 3514 1756 ὑπὸ
3550 1703 3681 1758 ἴδιον

2096 1787 2319 1858 βασιλέα
2343 1787 2619 1842 ἐπαύσατο
2636 1828 2650 1853 ,
2679 1790 2772 1843 καὶ
2804 1790 3027 1863 προσέτι
3049 1792 3081 1863 ἡ
3111 1792 3181 1863 γῆ
3204 1791 3233 1843 ὑ
3243 1792 3359 1864 μῶν
3383 1794 3679 1866 ἠρημώθη,

410 1890 665 1940 stata,ac
691 1880 858 1934 veluti
897 1894 1183 1950 pontorum
1230 1880 1477 1933 custodia
1511 1881 1789 1935 derelicta.
1836 1880 1987 1948 Quod

2094 1879 2189 1933 καὶ
2218 1876 2295 1943 ὼς
2327 1879 2771 1951 ὀπωροφυλάκιον
2818 1881 3256 1935 καταλέλειπται.
3305 1884 3377 1937 Τὸ
3408 1884 3464 1937 δὲ
3497 1887 3679 1939 εἰπεῖν

410 1982 590 2024 autem
646 1971 933 2039 Scriptura
990 1986 1085 2040 per
1128 1970 1296 2026 Jacolt
1343 1973 1517 2029 dicit:
1552 1971 1663 2025 th‘t
1719 1974 1833 2041 ipse
1885 1974 1992 2026 erit

408 2063 747 2131 exspectatio
802 2064 1064 2132 gentium,
1098 2082 1117 2115 ι
1176 2078 1380 2117 arcane
1430 2063 1566 2116 duos
1628 2063 1743 2117 fore
1784 2064 1990 2118 Christi

409 2162 699 2225 adventus,
731 2173 797 2213 ac
832 2170 1023 2228 gentes
1048 2159 1100 2211 in
1129 2173 1251 2212 cum
1279 2159 1589 2212 eredituras
1615 2159 1989 2229 signiﬁcabat;

408 2252 555 2318 quod
584 2251 740 2305 vobis
794 2252 1012 2304 tandem
1045 2251 1339 2319 aliquando
1388 2264 1616 2304 cernere
1671 2252 1814 2306 licet.
1860 2252 1994 2306 Nam

408 2344 500 2411 qui
530 2357 593 2395 ex
626 2343 890 2396 omnibus
923 2342 1177 2411 gentibus
1212 2357 1307 2410 per
1330 2342 1535 2395 Christi
1565 2341 1724 2396 fidem
1758 2342 1847 2396 Dei
1880 2344 1995 2397 cul-

409 2447 556 2490 tores
596 2444 650 2490 et
693 2433 824 2501 justi
866 2435 995 2489 facti
1042 2450 1253 2497 sumus,
1297 2448 1489 2487 rursus
1545 2451 1666 2488 eum
1703 2445 1992 2491 venturum

406 2537 814 2596 exspectamus.

478 2623 566 2677 55.
605 2621 869 2676 Prwdixt’t
904 2620 1071 2675 Jacob
1095 2620 1366 2676 Christum
1411 2624 1566 2675 axina
1607 2622 1868 2675 invectum
1901 2623 1991 2687 iri,

406 2715 566 2783 idque
588 2730 651 2768 ex
673 2712 940 2767 Zacharia
968 2714 1335 2782 conﬁrmatur.
1366 2742 1437 2754 -
1459 2713 1525 2767 Et
1552 2713 1677 2766 illud
1703 2730 1718 2769 :
1748 2732 1766 2764 ι
1795 2712 1994 2784 Ligans

405 2809 473 2859 ad
496 2809 658 2861 vitem
695 2806 893 2875 pullum
916 2810 1088 2861 'suum
1117 2816 1170 2860 et
1196 2808 1262 2861 ad
1286 2806 1515 2861 helicem
1540 2805 1745 2876 pullum
1770 2808 1987 2872 asime,»

407 2907 519 2951 tum
550 2914 731 2952 rerum
758 2898 809 2952 in
834 2899 1017 2969 priore
1052 2899 1286 2953 adventu
1328 2900 1398 2953 ab
1454 2914 1519 2953 eo
1542 2908 1841 2969 gestarum,
1878 2908 1992 2954 tum

405 2991 648 3061 gentium
680 3006 797 3060 qua:
820 2992 873 3044 in
906 3006 1029 3045 eum
1060 2991 1350 3047 cretliturm
1384 2991 1993 3061 erantprtcsignilicatio

407 3094 547 3138 erat.
567 3084 697 3138 Nam
722 3095 914 3154 gentes
938 3085 1103 3139 veluti
1133 3084 1312 3154 pullus
1338 3094 1613 3139 erantnec
1636 3084 1864 3139 clitellas
1892 3099 1993 3139 nec

407 3178 823 3245 cervicejugum
853 3178 1075 3241 ferens,
1123 3178 1295 3231 donec
1351 3177 1601 3231 Christus
1670 3176 1851 3230 missis
1908 3175 1991 3231 di-

2095 1971 2186 2025 τὸν
2217 1970 2375 2031 λόγον
2408 1970 2496 2023 διὰ
2526 1971 2620 2024 τοῦ
2668 1970 2863 2024 Ἰακώϐ
2882 1988 2895 2003 ·
2926 1990 2945 2023 ι
2986 1973 3093 2027 Καὶ
3130 1973 3292 2037 αὐτὸς
3323 1974 3475 2030 ἔσται
3506 1991 3680 2048 προσ-

2092 2064 2248 2119 δοκία
2310 2063 2514 2131 ἐθνῶν,
2564 2083 2583 2116 ι
2626 2065 2969 2137 συμϐολικῶς
3014 2066 3109 2120 δύο
3162 2068 3465 2139 παρουσίας
3511 2070 3678 2123 αὑτοῦ

2094 2166 2369 2235 ὲσήμανε,
2403 2166 2499 2218 καὶ
2519 2164 2590 2218 τὰ
2622 2164 2749 2235 ἔθνη
2786 2165 2999 2234 μέλλειν
3028 2163 3179 2234 αὐτῷ
3211 2163 3507 2227 πιστεύειν,
3543 2166 3680 2233 ὅπερ

2092 2254 2191 2324 ὀψέ
2227 2273 2355 2308 ποτε
2387 2254 2497 2327 (40)
2533 2256 2797 2326 πάρεστιν
2834 2256 2959 2309 ἰδεῖν
2994 2256 3141 2326 ὑμῖν.
3179 2256 3242 2308 Oi
3271 2254 3381 2327 γὰρ
3423 2254 3535 2308 ἀπὸ
3568 2256 3679 2308 τῶν

2092 2346 2264 2399 ἐθνῶν
2285 2346 2542 2400 ἁπάντων
2570 2347 2659 2400 διὰ
2684 2347 2786 2417 τῆς
2810 2348 3045 2410 πίστεως
3074 2348 3173 2418 τῆς
3192 2348 3285 2401 τοῦ
3309 2347 3548 2420 Χριστοῦ
3575 2348 3681 2401 θεο-

2096 2438 2276 2502 σεϐεῖς
2304 2439 2398 2492 καὶ
2430 2439 2627 2493 δίκαιοι
2662 2440 2942 2511 γενόμενοι
2966 2440 3129 2494 πάλιν
3156 2441 3680 2513 παραγενησὸμενον

2094 2530 2258 2584 αὐτὸν
2291 2532 2700 2604 προσδοκῶμεν.

2164 2622 2254 2676 55.
2290 2623 2402 2675 Καὶ
2427 2623 2488 2675 τό
2510 2639 2524 2652 ·
2564 2642 2583 2675 ι
2624 2623 2914 2695 Δεσμεύων
2948 2624 3083 2697 πρὸς
3111 2624 3353 2697 ἄμπελον
3377 2626 3467 2679 τὸν
3497 2626 3678 2681 πῶλον

2093 2712 2282 2778 αὐτοῦ,
2321 2713 2414 2765 καὶ
2446 2717 2511 2785 τῇ
2548 2715 2688 2767 ’ἐλικι
2718 2715 2810 2768 τὸν
2855 2715 3033 2769 πῶλον
3065 2717 3162 2787 τῆς
3199 2716 3321 2770 ὄνου
3342 2758 3355 2782 ,
3385 2737 3403 2769 ι
3440 2719 3537 2771 καὶ
3570 2718 3678 2772 τῶν

2093 2804 2271 2877 ἔργων
2316 2805 2423 2858 τῶν
2466 2806 2559 2860 ἐπὶ
2599 2806 2700 2877 τῆς
2750 2806 2975 2879 πρώτης
3025 2808 3189 2861 αὐτοῦ
3238 2811 3544 2881 παρουσίας
3582 2827 3677 2879 γε·

2094 2897 2331 2967 νομένων
2366 2897 2456 2949 ὑπ’
2492 2897 2663 2950 αὑτοῦ
2684 2936 2700 2960 ,
2735 2898 2830 2951 καὶ
2858 2898 2965 2950 τῶν
2984 2898 3154 2953 ἐθνῶν
3173 2901 3374 2970 ὁμοίως
3406 2902 3515 2953 τῶν
3554 2902 3680 2971 μελ-

2093 2992 2291 3045 λόντων
2319 2991 2595 3047 πιστεύειν
2618 2992 2789 3063 αὐτῷ,
2818 2992 3155 3063 προδήλωσις
3174 2989 3260 3063 ἦν.
3285 2988 3442 3047 Οὗτοι
3472 2992 3585 3063 γὰρ
3604 2991 3677 3055 ὡς

2095 3083 2272 3148 πῶλος
2289 3086 2518 3157 ἀσαγὴς,
2543 3087 2636 3139 καὶ
2649 3086 2808 3155 ζυγὸν
2827 3085 2921 3140 ἐπὶ
2939 3085 3138 3156 αὐχένα
3162 3086 3234 3156 μὴ
3264 3086 3399 3155 ἔχων
3427 3084 3519 3137 τὸν
3550 3086 3677 3137 ἐαυ-

2092 3176 2186 3229 τοῦ
2206 3216 2220 3240 ,
2243 3178 2433 3248 μέχρις
2465 3179 2493 3229 ὁ
2518 3178 2749 3249 Χριστὸς
2766 3173 2912 3242 οῦτοι,
2941 3177 3130 3241 ἐλθὼν,
3165 3178 3252 3231 διὰ
3286 3176 3393 3229 τῶν
3422 3175 3680 3247 μαθητῶν

407 3270 634 3340 ceipulis
662 3269 823 3342 149
854 3284 950 3324 eas
979 3270 1257 3334 edoceret,
1282 3284 1342 3321 ac
1375 3268 1562 3338 jugum
1590 3269 1706 3338 ejus
1728 3270 1985 3322 doctrinas

2091 3265 2250 3320 αὐτοῦ
2274 3266 2493 3337 πέμψας
2520 3266 2892 3338 ἐμαθήτευσεν
2908 3264 3133 3328 αὐτούς’
3162 3264 3357 3318 καὶτὸν
3393 3262 3559 3331 ζυγὸν
3588 3260 3677 3315 τοῦ

408 3361 666 3424 ferentes,
698 3365 916 3416 dorsum
943 3362 1333 3415 submitterent
1363 3361 1429 3413 ad
1457 3362 1639 3414 omnia
1663 3360 1981 3430 perferenda

408 3456 479 3509 ob
514 3464 830 3523 exspectata
870 3464 925 3508 et
970 3454 1037 3507 ab
1074 3468 1137 3507 eo
1166 3452 1430 3521 promissa
1461 3453 1615 3507 bona.
1675 3454 1751 3507 Ac
1794 3468 1982 3506 revera

408 3546 673 3601 Dominus
707 3557 896 3601 noster
924 3545 1082 3600 Jesns
1118 3546 1372 3600 Christus
1416 3544 1715 3599 Jerusalem
1772 3545 1984 3615 ingres-

406 3654 589 3705 surus,
615 3639 873 3707 przecepit
903 3638 1203 3705 discipulis,
1232 3647 1290 3689 ut
1310 3636 1515 3690 asinam
1541 3635 1988 3704 quamdam,qua‘.

406 3746 513 3784 una
548 3746 670 3784 eum
703 3729 851 3799 pullo
884 3744 981 3783 suo
1016 3729 1069 3781 in
1108 3729 1337 3782 introitu
1366 3728 1471 3781 vici
1505 3725 1822 3794 Betbpbage
1856 3726 1984 3779 dicti

408 3823 632 3891 alligata
663 3830 807 3887 erat,
846 3821 912 3873 ad
950 3834 1008 3873 se
1050 3818 1385 3872 adducerent
1406 3856 1422 3882 ,
1449 3819 1606 3885 eique
1636 3818 1878 3871 insidens
1901 3815 1991 3871 Je-

408 3915 646 3969 rusalem
679 3913 962 3981 ingressus
993 3920 1099 3968 est.
1129 3910 1282 3977 Quod
1310 3952 1323 3975 ,
1354 3911 1810 3980 quemadmodum
1856 3925 1989 3963 con-

407 4006 584 4075 ceptis
610 4004 791 4059 verbis
818 4004 1138 4073 praidictutn
1163 4002 1337 4056 fuerat
1366 4018 1395 4056 a
1424 4002 1642 4057 Christo
1671 4002 1869 4056 factum
1899 4002 1985 4065 iri,

408 4102 482 4155 ita
507 4099 577 4153 ab
610 4112 675 4153 eo
705 4099 757 4152 in
798 4098 1041 4151 omnium
1070 4096 1245 4150 oculis
1295 4095 1519 4161 factum,
1551 4096 1829 4150 Christum
1862 4110 1985 4149 cum

407 4270 503 4308 sus
548 4260 874 4309 nasceretur
926 4250 1221 4306 recessisse
1282 4251 1559 4317 dicerent;
1611 4251 1813 4319 quippe
1858 4265 1982 4304 cum

410 4325 677 4385 Herodes,
706 4323 793 4391 qui
831 4331 955 4375 ante
979 4322 1180 4376 Christi
1234 4321 1542 4391 passionem
1585 4330 1833 4375 mortuus
1876 4330 1983 4383 est,

404 4389 735 4448 Ascalonita
758 4394 941 4446 fuerit.
974 4389 1315 4445 Demonstrat
1347 4405 1477 4458 ergo
1500 4389 1744 4444 Justinus
1793 4406 1982 4445 sacer-

406 4467 562 4518 dotes
594 4473 650 4519 et
679 4463 946 4516 sacrificia
976 4474 1099 4514 tunc
1128 4462 1232 4513 illis
1257 4461 1479 4513 minime
1500 4462 1757 4513 defuisse.

478 4536 593 4604 (57)
636 4535 751 4602 Ἀφ’
783 4528 853 4588 οὗ
892 4534 1133 4585 ἔπαθεν.
1169 4534 1369 4583 Umnes
1398 4530 1620 4604 Justini_
1651 4532 1982 4604 interpretes

406 4601 727 4667 verterunt,
778 4605 881 4671 sub_
920 4620 1023 4671 quo
1080 4619 1265 4667 passus
1308 4611 1411 4665 est,
1472 4601 1622 4667 quasi
1670 4602 1983 4671 scripsisset

405 4675 671 4735 Justinus.
712 4676 796 4743 ἐφ’
830 4669 891 4725 οὒ
927 4669 1145 4727 ἔπαθεν.
1186 4671 1289 4721 Sed
1327 4686 1429 4743 non
1468 4673 1513 4724 is
1567 4680 1687 4722 erat
1735 4669 1984 4725 Justinus

406 4748 496 4811 qui
523 4746 798 4799 Christum
825 4744 926 4797 sub
957 4744 1168 4796 Herode
1200 4742 1511 4793 Ascalonita
1565 4757 1778 4808 passum
1832 4743 1984 4796 dice-

408 4827 512 4880 ret,
547 4833 643 4871 nec
678 4817 783 4869 ulla
821 4829 1044 4883 prorsus
1072 4820 1345 4866 causaest
1387 4822 1509 4883 tam
1558 4815 1711 4883 tarda:
1769 4811 1983 4879 ignora-

407 4887 571 4941 tionis
594 4897 783 4940 Sancto
822 4882 1066 4952 final-tyrj
1122 4884 1439 4935 tribueudm.
1473 4882 1747 4934 Thirlbius
1802 4883 1983 4951 legen-

406 4966 533 5009 dum
566 4958 845 5023 preponit,
881 4946 1070 5022 ἀφ”οῦ
1127 4952 1346 5021 ἔφυγεν.
1385 4952 1523 5004 Infra
1594 4952 1819 5023 legimus
1856 4946 1983 5005 νάπὸ

406 5026 505 5079 τοῦ
559 5022 726 5097 ’Ἀδάμ
771 5042 932 5080 sensu
981 5040 1083 5077 non
1118 5025 1275 5076 valde
1325 5022 1563 5076 absimili
1613 5040 1667 5075 ιι.
1707 5022 1810 5086 88;
1861 5025 1984 5076 vide

406 5113 465 5150 ιι.
499 5098 621 5152 115.

476 5166 717 5236 (ὖδὶδΜὴ
762 5168 1131 5220 παύσασθαι.
1190 5164 1543 5218 Casaubonus
1591 5162 1717 5236 adv.
1780 5161 1980 5216 Baron.

406 5234 586 5308 p.15,
620 5239 893 5291 existimat
945 5240 1132 5290 deesse
1172 5236 1259 5288 hic
1300 5236 1523 5289 verbum
1600 5234 1784 5308 λέγετε
1836 5243 1984 5308 ante

404 5304 781 5374 sitpcrioribtts
834 5311 1189 5376 repetendum
1241 5319 1382 5372 esse,
1419 5308 1512 5359 sed
1566 5306 1738 5376 miror
1769 5304 1979 5376 _virum

405 5373 573 5448 longe
598 5373 970 5432 doctissimum
1004 5392 1110 5448 non
1143 5376 1357 5448 vidisse»
1379 5376 1507 5448 illud
1570 5375 1642 5446 μὴ
1676 5373 1981 5427 παύσασθαι

404 5446 597 5503 refe—vri
630 5452 694 5499 ad
729 5451 978 5517 superius
1002 5446 1144 5499 ὥστε
1174 5447 1268 5498 καὶ
1299 5446 1420 5499 τότε
1454 5446 1604 5510 ὄντος
1624 5487 1637 5510 ,
1661 5457 1769 5500 etc.

481 5519 595 5584 (59)
630 5516 853 5587 Ἔχριέ.
891 5519 980 5572 Sic
1011 5519 1143 5587 lteg.
1182 5528 1237 5570 et
1281 5517 1736 5573 Ctaromontanus
1783 5516 1979 5569 codex.

405 5588 546 5642 Editi
579 5590 783 5660 ἔχρισε.

477 5660 590 5728 (40)
608 5655 816 5729 ’Ὅπερ
839 5659 952 5729 ὀψέ
982 5676 1147 5713 ποτε.
1178 5657 1396 5712 Profert
1416 5656 1496 5712 Cl.
1528 5656 1805 5729 Thirlbius
1827 5655 1982 5729 Asimi-

403 5726 472 5801 li.)
500 5726 633 5785 loea.
657 5747 722 5785 ex
754 5726 908 5801 Ᾰροῐ.
944 5733 994 5795 1,
1029 5746 1179 5801 num.
1207 5730 1298 5792 52,
1332 5737 1385 5783 et
1412 5728 1786 5801 Dialog._num
1820 5726 1888 5801 8'l
1925 5735 1981 5780 et

400 5799 496 5865 96,
526 5802 578 5855 it!
605 5797 809 5872 quibus
830 5802 1022 5872 legitur
1039 5799 1159 5869 ὕψει
1184 5839 1197 5865 ,
1226 5815 1322 5854 uec
1354 5809 1531 5855 tamen
1558 5797 1850 5867 quicquam
1878 5799 1977 5851 hoc

2010 4492 2062 4550 D

2090 3359 2247 3426 λόγου
2261 3358 2422 3412 αὐτοῦ
2442 3360 2809 3430 βαστάσαντες
2823 3400 2837 3424 ,
2866 3359 2956 3412 τὸν
2974 3357 3140 3411 νῶτον
3161 3357 3440 3427 ὑπέθηκαν
3461 3356 3602 3428 πρὸς
3620 3357 3678 3408 τὸ

2096 3449 2272 3502 πάντα
2306 3448 2598 3520 ὑπομένειν
2619 3450 2706 3503 διὰ
2726 3451 2795 3503 τὰ
2812 3448 3233 3520 προσδοκώμενα
3260 3451 3354 3501 καὶ
3388 3450 3480 3501 ὑπ’
3512 3446 3675 3502 αὑτοῦ

2090 3541 2507 3612 κατηγγελμένα
2546 3540 2748 3609 ἀγαθά.
2786 3541 2897 3594 Καὶ
2928 3541 3046 3593 ὄνον
3075 3540 3130 3592 δέ
3166 3556 3285 3593 τινα
3326 3538 3545 3610 ἀληθῶς
3582 3541 3678 3592 σὺν

2092 3633 2254 3703 πώλῳ
2284 3633 2453 3702 αὐτῆς
2477 3633 2729 3705 προσδεδε
2739 3632 2905 3703 μένην
2926 3632 2983 3684 εν
3002 3650 3105 3685 τινι
3123 3631 3312 3701 εἰσόδῳ
3328 3630 3523 3701 κώμης
3541 3630 3677 3700 Βηθυ

2091 3726 2272 3796 φαγῆς
2285 3725 2602 3797 λεγομένης,
2620 3727 2707 3779 ὅτε
2722 3725 2946 3797 ἔμελλεν
2962 3725 3303 3796 εἰσέρχεσθαι
3317 3728 3398 3788 εἰς
3415 3725 3481 3777 τὰ
3514 3725 3677 3797 Ἰερο-

2092 3818 2216 3871 σόλυ
2226 3834 2301 3889 μα
2332 3820 2361 3871 ὁ
2376 3818 2575 3889 Κύριος
2592 3819 2625 3887 ἡ
2635 3816 2748 3888 μῶν
2764 3816 2970 3889 Ἰησοῦς
2992 3819 3035 3869 Χ
3045 3818 3240 3889 ριστδς,
3276 3818 3530 3871 ἐκέλευσε
3552 3819 3676 3881 τοὺς

2091 3910 2338 3982 μαθητὰς
2354 3909 2516 3964 αὑτοῦ
2533 3911 2759 3979 ἀγαγεῖν
2778 3909 2924 3980 αὐτῷ
2942 3927 2954 3941 ·
2990 3910 3085 3963 καὶ
3120 3910 3466 3973 ἐπικαθίσας,
3492 3912 3677 3963 ἐπεισ-

2085 4002 2344 4074 ελήλυθεν
2388 4006 2466 4067 εἰς
2525 4004 2591 4057 τὰ
2648 4004 3030 4075 Ἰεροσόλυμα·
3093 4003 3121 4056 ὃ
3183 4003 3299 4066 πῶς
3353 4004 3673 4076 ὲπεπροφή-

2090 4112 2248 4147 τευτο
2281 4095 2392 4167 (Η)
2428 4095 2724 4166 διαρρήδην
2759 4094 3088 4167 γενήσεσθαι
3122 4096 3227 4148 ὑπὸ
3272 4095 3363 4148 τοῦ
3408 4091 3672 4166 Χριστοῦ,

2094 4250 2216 4303 loco
2249 4252 2567 4320 mutandum
2602 4260 2773 4320 putat.

2162 4322 2272 4391 (Η)
2316 4323 2376 4372 Ὃ
2399 4319 2524 4385 πῶς
2554 4319 3054 4391 ἐέεεπροφήτευτο,
3097 4319 3153 4373 Si
3191 4321 3433 4391 legamus
3461 4320 3491 4374 ὃ
3526 4321 3673 4383 ὅπως

2092 4390 2224 4445 nihil
2256 4390 2534 4459 'supererit
2586 4392 2936 4463 diﬂieultatis.
2976 4390 2993 4463 [
3030 4391 3182 4446 llunc
3218 4390 3395 4463 locum
3435 4407 3545 4445 tmn
3607 4390 3673 4444 li-

2093 4464 2284 4515 benter
2312 4462 2710 4531 emendandum
2747 4460 3042 4531 proposui;
3072 4476 3137 4515 eo
3162 4462 3305 4515 enim
3336 4460 3575 4525 ferebar,
3612 4470 3673 4515 ut

2086 4531 2218 4584 illud
2266 4530 2383 4594 πῶς
2434 4533 2573 4584 idem
2612 4525 2793 4585 valere
2843 4525 2905 4585 ac
2953 4525 3215 4600 quomodo
3268 4531 3667 4585 existimarem.

2087 4600 2195 4655 Sed
2219 4605 2348 4669 quia
2372 4603 2626 4655 carebam
2655 4603 2917 4671 exemplis
2935 4602 3130 4671 quibus
3154 4603 3379 4661 niterer.
3409 4602 3671 4655 timiditas

2085 4673 2331 4739 qumdam
2370 4672 2595 4725 adduxit
2628 4687 2711 4726 me
2747 4670 2957 4725 utillnd
2985 4672 3012 4724 ὃ
3044 4670 3181 4735 πῶς,
3220 4688 3321 4740 pro
3354 4671 3383 4723 δ
3415 4673 3567 4733 ὅπως
3596 4672 3670 4724 ir-

2086 4742 2325 4810 repsisse
2361 4742 2664 4797 crederem.
2704 4742 2809 4796 Sed
2849 4743 3069 4795 missam
3110 4742 3249 4794 fat-io
3297 4746 3438 4796 hanc
3478 4757 3670 4794 emen-

2086 4812 2364 4866 dationem
2401 4827 2465 4865 ex
2494 4828 2598 4881 qua
2636 4814 2881 4865 eruditus
2919 4813 3175 4865 defensor
3212 4812 3376 4879 [nimi
3418 4810 3557 4864 Elim
3590 4827 3671 4881 re-

2084 4883 2227 4934 ditus
2259 4883 2483 4949 protulit
2514 4880 2640 4949 pag.
2677 4882 2784 4935 270
2814 4884 2943 4933 illud
2984 4883 3392 4936 Deuteronomii
3430 4897 3526 4940 ιιι,
3565 4880 3664 4931 15:

2084 4952 2208 5014 Πῶς
2244 4952 2455 5009 ποιοῦσι
2490 4952 2555 5005 τὰ
2582 4953 2708 5022 ἔθνη
2731 4952 2903 5005 ταῦτα
2922 4956 3033 5015 τοῖς
3060 4951 3202 5014 θεοῖς
3229 4951 3428 5013 αὐτῶν,
3456 4951 3669 5019 ποιήσω

2084 5022 2259 5090 κάγώ.
2284 5024 2416 5077 Cttm
2444 5038 2540 5076 sua
2561 5035 2753 5089 sponte
2791 5024 3137 5076 manifestum
3162 5034 3244 5076 est
3284 5026 3383 5075 hoc
3414 5024 3529 5075 loco
3568 5036 3664 5072 vo-

2085 5096 2263 5146 culam
2302 5092 2418 5156 πῶς
2456 5108 2561 5145 non
2618 5094 3032 5162 interrogationi
3063 5133 3077 5155 ,
3132 5095 3227 5146 sed
3264 5091 3663 5162 comparationi

2086 5164 2375 5228 inservire,
2416 5174 2527 5215 tmn
2569 5163 2618 5217 id
2651 5166 2733 5216 vir
2763 5161 3115 5217 doctissimus
3150 5179 3217 5215 ex
3254 5176 3525 5217 consensu
3551 5161 3669 5227 plu-

2090 5235 2353 5286 rimarum
2385 5236 2694 5287 versionmn
2731 5237 3039 5286 continuat.
3076 5234 3279 5287 Eodem
3320 5234 3480 5285 modo
3528 5232 3672 5285 acci-

2084 5306 2336 5372 piendum
2376 5305 2504 5357 illttd
2543 5303 2658 5367 πῶς
2690 5303 2856 5359 Marc.
2888 5320 2965 5363 tx,
2996 5306 3082 5361 Η.
3119 5306 3163 5356 si
3197 5315 3250 5357 et
3280 5319 3405 5357 eum
3443 5316 3664 5356 sensum

2083 5377 2241 5443 sequi
2273 5377 2547 5439 volumus,
2586 5377 2675 5443 qui
2715 5380 2949 5426 maxime
2982 5375 3173 5443 obvius
3204 5383 3257 5427 et
3290 5384 3665 5443 naturtecou—

2038 5478 2053 5487 ι
2084 5442 2375 5497 sentaneus
2408 5456 2513 5508 εει,
2551 5442 2869 5499 etMarcum
2905 5459 3025 5497 cum
3062 5442 3316 5498 Mattbzeo
3348 5442 3663 5497 conciliare.

2084 5514 2217 5567 Nam
2255 5516 2508 5569 Christus
2555 5517 2694 5584 apud
2746 5514 3058 5567 Matthzeum
3118 5530 3253 5577 xvu,
3293 5515 3382 5577 15,
3420 5514 3527 5565 duo
3567 5528 3665 5584 nos

2083 5587 2279 5638 ducet:
2319 5586 2552 5653 primum
2590 5582 2812 5653 quidem
2844 5586 3014 5638 lilium
3047 5599 3341 5638 venturum
3382 5594 3439 5637 ut
3476 5582 3662 5635 omnia

2082 5657 2369 5718 restituat;
2407 5657 2600 5709 deinde
2654 5670 2782 5709 vero
2835 5671 3030 5708 munus
3070 5657 3199 5709 illud
3253 5655 3393 5722 quod
3431 5669 3554 5705 eum
3584 5654 3662 5722 ad

2080 5726 2491 5793 pravparandam
2525 5726 2735 5780 Messian
2761 5726 2902 5778 viam
2927 5727 3135 5781 Scrist
3157 5736 3213 5782 et
3250 5721 3509 5793 Pharisaei
3539 5721 3664 5775 ubi.

2085 5792 2267 5850 turum
2295 5797 2568 5864 dicebant,
2595 5811 2624 5850 a
2643 5795 2853 5852 Joanne
2879 5796 3127 5867 Baptista
3158 5797 3439 5869 impletum
3467 5792 3658 5848 fuisse.
