3962 6262
257 372 357 429 ηδ
1296 383 1648 442 DIALOGUS
1679 387 1825 444 CUM
1867 384 2248 442 TRYPHONE
2279 383 2543 442 JUD/EO.
3499 385 3605 440 59L

258 486 552 560 γενόμενον
589 491 698 545 ὑπ’
729 494 924 550 αὑτοῦ
964 498 1067 551 καὶ
1102 498 1365 566 γνωσθὲν,
1400 500 1490 552 τὸν
1525 502 1760 570 Χριστὸν
1792 501 1907 554 ὄντα

2025 517 2145 557 esse
2175 512 2360 570 aperte
2395 497 2730 554 declarabat.
2780 497 2844 551 Et
2882 511 3004 552 cum
3049 498 3162 552 hiec
3197 496 3378 550 omnia
3428 501 3606 553 conti-

264 583 418 638 αὑτὸν
445 585 710 656 φανερὸν
748 588 977 644 ἐποίει.
1019 590 1134 644 Καὶ
1167 591 1371 644 τούτων
1406 593 1663 646 ἁπάντων
1696 594 1907 664 γενομέ-

2023 597 2223 666 gerint,
2278 605 2332 650 et
2390 609 2456 648 ex
2519 592 2819 661 Scripturis
2872 593 3080 647 sanctis
3130 593 3602 660 demonstrentur,

269 694 387 741 νων,
418 675 519 730 καὶ
567 678 695 731 ἀπὸ
749 679 876 734 τῶν
930 681 1171 754 Γραφῶν
1218 684 1720 754 ἀποδεικνυμένων,
1764 685 1907 756 ὑμεῖς

2023 688 2202 742 adlmc
2237 696 2415 740 tamen
2446 685 2612 741 corde
2639 684 2998 740 obduruistis.
3028 682 3160 738 Rem
3191 686 3264 738 ita
3286 694 3602 739 eventuram

277 767 349 822 ἒτι
381 768 847 843 σήηφκάρδιοξ
884 775 1042 828 ἐστε.
1081 775 1473 848 Προεφητεύθη
1508 777 1564 830 δὲ
1597 778 1704 830 ὑπὸ
1745 779 1907 848 Ζαχα-

2022 778 2318 833 Zacharias
2372 793 2514 832 unus
2558 793 2624 832 ex
2656 777 2942 831 duodecim
2977 777 3226 846 praedixit
3255 776 3340 829 his
3377 775 3601 831 verbis:

289 862 416 932 ρίου,
452 864 575 927 ἑνὸς
609 864 736 918 τῶν
772 866 1026 934 δώδεκα,
1061 868 1217 922 τοῦτο
1253 869 1469 941 μέλλειν
1513 870 1759 939 γίνεσθαι
1780 912 1794 936 ,
1829 871 1921 925 οὖ-

295 973 417 1019 τως·
465 977 484 1010 ι
507 958 701 1030 Χαῖρε
745 960 997 1033 σφόδρα,
1031 961 1270 1032 θύγατερ
1292 961 1450 1017 Σιών·
1498 963 1784 1030 ἀλάλαξον,
1820 966 1920 1036 κή-

304 1069 490 1125 ρυσσε,
546 1051 814 1124 θύγατερ
865 1053 1261 1126 Ἰερουσαλήμ·
1299 1055 1434 1108 Ἰδοὺ
1469 1058 1498 1108 6
1533 1055 1789 1125 βασιλεύς
1823 1073 1916 1109 σου

305 1146 412 1216 ἥξει
446 1161 531 1198 σοι
565 1144 792 1209 δίκαιος
814 1186 832 1210 ,
870 1145 969 1200 καὶ
1006 1145 1196 1212 σώζων
1224 1146 1405 1214 αὐτὸς,
1441 1148 1540 1200 καὶ
1581 1148 1783 1221 πραῢς,
1821 1149 1916 1203 καὶ

306 1240 529 1309 πτωχὸς,
566 1238 942 1310 ἐπιϐεϐηκὼς
957 1240 1053 1292 ἐπὶ
1073 1240 1364 1310 ὑποζύγιον
1398 1241 1494 1294 καὶ
1521 1240 1701 1296 πῶλον
1729 1243 1909 1297 ὄνου.»

305 1331 369 1383 Τὸ
397 1330 454 1383 δὲ
489 1330 592 1383 καὶ
625 1330 758 1384 ὄνον
800 1330 1098 1401 ὑποζύγιον
1129 1331 1228 1405 ήδη
1269 1333 1407 1404 μετὰ
1428 1332 1517 1387 τοῦ
1535 1333 1715 1389 πώλου
1744 1336 1916 1408 αὐτῆς

302 1421 588 1493 ἑνομιὶζειν
623 1423 690 1476 τὸ
726 1424 1077 1496 προφητικὸν
1111 1424 1327 1496 πνεῦμα
1353 1427 1492 1497 μετὰ
1524 1426 1618 1480 τοῦ
1643 1429 1917 1501 πατριάρ-

303 1533 394 1586 χου
426 1515 660 1581 Ἰακὼϐ,
698 1519 761 1571 ὲν
796 1521 864 1589 τῇ
895 1517 1072 1571 κτίσει
1108 1517 1220 1590 (42)
1245 1520 1410 1573 αὑτὸν
1443 1520 1614 1590 ἔχειν,
1649 1520 1785 1576 ἀλλὰ
1819 1523 1914 1576 καὶ

302 1608 464 1661 αὑτὸν
497 1612 618 1672 τοῖς
667 1609 947 1681 μαθηταῖς
980 1608 1169 1676 αὑτοῦ,
1203 1610 1277 1674 ὼς
1311 1613 1585 1684 προέφην,
1625 1614 1914 1686 ἀμφότερα

303 1701 406 1771 γὰρ
440 1700 510 1753 τὰ
557 1699 685 1764 ζῶα
743 1700 1000 1756 κελεῦσαι
1035 1704 1301 1772 ἀγαγεῖν,
1347 1703 1685 1775 προαγγελία
1714 1701 1784 1779 ἦν
1817 1708 1912 1761 καὶ

301 1791 405 1844 τῶν
437 1791 557 1862 (45)
594 1792 712 1846 ἀπὸ
749 1793 851 1864 τῆς
904 1795 1233 1865 συναγωγῆς
1277 1795 1432 1867 ὑμῶν
1473 1798 1589 1868 ’ἅμα
1639 1801 1750 1862 τοῖς
1803 1800 1912 1854 ἀπὸ

303 1881 404 1934 τῶν
437 1881 618 1934 seum
652 1883 939 1938 πιστεύειν
973 1885 1062 1938 ἐπ’
1102 1885 1264 1940 αὑτὸν
1321 1885 1622 1956 μέλλουσιν.
1677 1889 1762 1953 Ὡς
1801 1889 1910 1963 γὰρ

303 1980 410 2037 τοῖς
433 1977 548 2029 ἀπὸ
583 1975 698 2028 τῶν
732 1976 907 2031 ἐθνῶν
947 1975 1216 2048 σύμϐολον
1258 1973 1327 2049 ἦν
1368 1978 1397 2029 ό
1447 1979 1662 2050 ὰσαγὴς
1710 1978 1908 2047 πῶλος,

302 2068 473 2132 οὕτως
508 2069 610 2122 καὶ
638 2072 756 2133 τοῖς
795 2069 904 2124 ἀπὸ
936 2069 1031 2122 τοῦ
1073 2070 1342 2142 ὑμετέρου
1377 2069 1507 2124 λαοῦ
1562 2072 1595 2142 ἡ
1629 2072 1910 2145 ὑποσαγὴς

301 2160 437 2224 δνος.
463 2161 575 2214 Τὸν
609 2161 724 2231 γὰρ
751 2159 840 2215 διὰ
881 2159 990 2215 τῶν
1025 2162 1319 2234 προφητῶν
1351 2163 1518 2235 νόμον
1563 2166 1910 2237 ἐπικείμενον

305 2255 480 2323 ἔχετε.
515 2253 690 2309 Ἀλλὰ
724 2254 822 2308 καὶ
853 2254 943 2308 διὰ
964 2255 1057 2308 τοῦ
1083 2257 1360 2328 προφήτου
1387 2259 1661 2330 Ζαχαρίου
1693 2259 1773 2312 ὅτι
1808 2277 1912 2313 πα-

299 2347 643 2418 ταχθήσεται
675 2347 842 2411 αὐτὸς
891 2340 1048 2413 οὗτος
1079 2351 1108 2403 6
1142 2351 1374 2422 Χριστὸς
1396 2392 1410 2416 ,
1449 2351 1544 2405 καὶ¹
1593 2351 1910 2425 διασκορπι-

301 2438 600 2508 σθήσονται
635 2441 685 2492 οί
713 2439 958 2511 μαθηταὶ
992 2440 1180 2507 αὑτοῦ,
1208 2442 1588 2517 προεφήτεύθη
1607 2462 1620 2474 '
1656 2445 1794 2519 ὅπερ
1813 2448 1909 2502 καὶ

300 2530 512 2597 γέγονε.
573 2530 743 2584 Μετὰ
789 2531 906 2603 γὰρ
956 2532 1018 2585 τὸ
1063 2534 1447 2607 σταυρωθῆναι
1481 2537 1681 2604 αὑτὸν,
1725 2543 1774 2594 οῖ
1810 2542 1910 2596 σὺν

299 2622 450 2692 αὐτῷ
495 2623 658 2687 ὅντες
696 2623 945 2696 μαθηταὶ
995 2624 1161 2679 αὑτοῦ
1204 2626 1664 2702 διεσκεδάσθησαν
1715 2632 1908 2706 μέχρις

301 2715 388 2767 δτε
420 2716 628 2787 ἀνέστη
666 2716 782 2787 (44)
817 2719 882 2771 ἐκ
915 2715 1152 2790 νεκρῶν,
1187 2719 1280 2772 καὶ
1316 2721 1580 2777 πέπεικεν
1613 2725 1811 2790 αὑτοὺς
1825 2727 1906 2780 ὅτι

301 2808 472 2872 οὕτως
506 2812 971 2880 προεπεφήτευτο
1007 2810 1138 2882 περὶ
1169 2811 1331 2865 αὑτοῦ
1360 2814 1555 2868 παθεῖν
1587 2817 1752 2870 αὑτόν
1771 2835 1783 2848 ο
1811 2818 1908 2871 καὶ

299 2899 440 2954 οὕτω
473 2901 822 2966 πεισθέντες,
841 2902 936 2956 καὶ⁵
959 2904 1042 2966 εις
1074 2903 1172 2976 τὴν
1200 2907 1380 2960 πᾶσαν
1399 2907 1728 2980 οἰκουμένην
1759 2908 1908 2976 ἐξελ-

302 2993 507 3057 θόντες,
544 2992 729 3047 ταῦτα
762 2993 1036 3060 ἐδίδαξαν.
1082 2996 1243 3051 Ὅθεν
1269 2998 1364 3052 καὶ
1411 3000 1572 3070 ήμεῖς
1607 2999 1817 3070 βέϐαιοι
1846 3004 1906 3056 ὲν

302 3087 364 3155 τῇ
392 3085 578 3138 πίστει
615 3085 713 3138 καὶ
752 3084 1024 3158 μαθητείᾳ
1047 3087 1210 3141 αὑτοῦ
1244 3091 1434 3162 ἐσμεν,
1460 3090 1648 3163 ἐπειδὴ
1681 3093 1776 3148 καὶ
1799 3093 1906 3149 ἀπὸ

2026 889 2046 922 ι
2084 869 2294 924 Laetare
2323 870 2701 934 vehementer,
2741 867 2849 922 ﬁlia
2883 866 3047 922 Sion:
3081 867 3280 938 jubila,
3315 868 3602 935 aunnutia,

2022 962 2131 1017 filia
2169 961 2542 1016 Hierusalem:
2578 961 2721 1015 Ecce
2753 960 2869 1014 Rex
2895 969 3021 1014 tuus
3051 958 3233 1014 veniet
3277 960 3373 1014 tibi
3421 960 3604 1030 justus

2020 1065 2078 1112 et
2106 1055 2324 1110 salvans
2353 1054 2490 1122 ipse,
2515 1062 2571 1107 et
2601 1053 2748 1106 mitis
2771 1061 2827 1108 et
2856 1067 3084 1122 pauper,
3121 1062 3308 1106 vectus
3335 1051 3603 1121 subjugali

2020 1154 2076 1201 et
2097 1145 2247 1215 pullo
2276 1145 2444 1198 asinze
2472 1142 2538 1198 ".
2564 1165 2581 1195 ι
2617 1142 2772 1208 Quod
2801 1151 2984 1197 autem
3010 1142 3238 1212 Spiritus
3254 1143 3604 1212 propheticus

2021 1253 2145 1293 cum
2179 1237 2491 1307 patriarcha
2536 1235 2706 1291 Jacob
2738 1235 3060 1290 nominatim
3122 1235 3330 1289 asinam
3385 1250 3604 1304 quoque

2012 1331 2256 1401 jugalem
2293 1345 2416 1385 cum
2449 1329 2620 1398 ipsius
2651 1327 2796 1398 pullo
2843 1328 2909 1382 ad
2934 1342 3066 1383 usus
3097 1342 3226 1382 suos
3255 1327 3410 1400 abeo
3439 1327 3602 1382 adhi—

2017 1423 2188 1478 bitam
2215 1422 2378 1487 dicit;
2408 1421 2604 1477 deinde
2633 1421 2801 1475 etiam
2827 1422 2974 1490 quod
3015 1421 3133 1491 ipse
3178 1419 3462 1490 discipulis
3485 1459 3500 1485 ,
3544 1429 3604 1474 ιιι

2011 1515 2124 1585 jam
2153 1514 2288 1581 dixi,
2315 1515 2594 1584 prmcepit,
2625 1523 2684 1567 ut
2707 1524 2998 1584 utrumque
3019 1513 3217 1566 animal
3244 1512 3599 1576 adducerent,

2017 1609 2070 1665 id
2097 1608 2540 1680 przesigniiicatio
2571 1617 2688 1663 erat
2732 1622 2922 1662 eorum
2974 1605 3137 1659 etiam
3165 1644 3180 1670 ,
3227 1605 3319 1674 qui
3355 1620 3422 1659 ex
3463 1604 3602 1674 Syn-

2015 1717 2186 1772 aguga
2218 1711 2399 1756 vestra
2436 1699 2605 1756 simul
2633 1715 2754 1754 cum
2789 1699 2877 1764 iis,
2913 1698 3007 1766 qui
3033 1713 3098 1752 ex
3127 1699 3376 1768 gentibus
3423 1697 3602 1751 credi-

2017 1795 2124 1848 turi
2157 1795 2208 1847 in
2235 1809 2360 1849 eum
2384 1803 2562 1848 erant.
2595 1792 3063 1860 Quemadmodum
3097 1791 3241 1846 enim
3284 1791 3370 1856 iis,
3398 1789 3492 1860 qui
3531 1805 3601 1844 ex

2014 1887 2283 1958 gentibus,
2325 1886 2539 1956 signum
2569 1894 2687 1940 erat
2715 1884 2913 1954 pullus,
2946 1882 3188 1938 nondum
3221 1883 3378 1939 oneri
3411 1897 3602 1938 assue-

2016 1989 2134 2045 tus;
2174 1978 2250 2032 ita
2291 1985 2347 2032 et
2377 1977 2476 2044 iis,
2507 1976 2598 2046 qui
2638 1991 2702 2031 ex
2738 1985 2918 2030 vestro
2954 1977 3175 2046 populo,
3210 1976 3366 2030 asina
3417 1975 3619 2030 clitel--

2012 2069 2171 2126 Iaria.
2204 2071 2340 2126 Nam
2368 2084 2512 2135 eam,
2536 2085 2658 2138 quae
2683 2084 2779 2138 per
2803 2067 3096 2138 prophetas
3122 2068 3464 2139 promulgata
3493 2078 3604 2130 est,

2013 2163 2327 2231 impositam
2363 2161 2536 2232 legem
2565 2160 2804 2216 habetis.
2840 2161 2948 2218 Sed
2993 2170 3049 2216 et
3103 2176 3134 2216 a
3165 2160 3435 2215 Zacharia
3471 2175 3608 2229 pru‘

2011 2257 2173 2326 pheta
2207 2254 2530 2324 prmdictum
2561 2253 2680 2308 fore
2708 2263 2766 2308 ut
2799 2254 2916 2322 ipse
2947 2251 3038 2308 hic
3063 2252 3318 2308 Christus
3349 2262 3596 2321 percute-

2012 2355 2182 2411 retur,
2205 2343 2432 2414 ejusque
2458 2344 2706 2414 discipuli
2725 2345 3174 2414 dispergerentur
3193 2359 3209 2410 ;
3227 2343 3373 2413 quod
3399 2351 3456 2397 et
3477 2357 3614 2396 eve»

2011 2439 2110 2493 nit.
2149 2437 2440 2507 Postquam
2475 2437 2623 2491 enim
2653 2435 2804 2491 cruci
2831 2433 3021 2490 aﬂlxus
3053 2445 3157 2503 est,
3189 2435 3421 2504 dispersi
3473 2444 3600 2490 sunt

2011 2530 2102 2601 qui
2133 2545 2254 2585 cum
2287 2545 2352 2586 co
2380 2537 2539 2585 crant
2569 2528 2824 2598 discipuli
2853 2527 2992 2598 ejus,
3019 2528 3198 2596 quoad
3231 2526 3531 2582 resurrexit
3565 2541 3598 2580 a

2011 2623 2274 2688 mortuis,
2323 2622 2512 2693 eisque
2547 2621 2828 2691 persuasit
2879 2621 3202 2690 praedictum
3249 2623 3316 2674 de
3345 2634 3405 2673 se
3431 2633 3555 2673 esse
3579 2659 3595 2683 ,

2009 2714 2128 2771 [ore
2151 2724 2209 2771 ut
2238 2717 2313 2770 ita
2345 2724 2664 2784 pateretur;
2716 2724 2883 2785 atque
2915 2713 2992 2768 illi
3023 2713 3168 2768 hunc
3198 2711 3252 2765 in
3284 2711 3503 2765 modum
3527 2711 3598 2766 ad

2006 2807 2338 2863 credendum
2372 2808 2628 2872 adducti,
2684 2816 2739 2861 et
2765 2807 2820 2860 in
2861 2816 3037 2860 totum
3098 2803 3288 2861 orbem
3325 2817 3597 2860 terrarum

2006 2898 2239 2970 profecti
2272 2899 2387 2954 haec
2421 2899 2750 2954 docuerunt.
2781 2897 2916 2954 ilinc
2957 2907 3015 2952 et
3046 2912 3148 2953 nos
3179 2899 3233 2952 in
3270 2897 3376 2952 [ide
3421 2908 3476 2952 et
3509 2897 3596 2954 di-

2005 2992 2233 3062 sciplina
2268 2991 2414 3047 illius
2447 2994 2868 3059 conlirmamur;
2903 2991 3108 3062 quippe
3134 3007 3260 3048 cum
3297 3002 3351 3046 et
3373 3005 3439 3046 ex
3473 3007 3600 3060 pro-.-

2006 3084 2209 3153 phetis,
2241 3094 2296 3138 et
2323 3099 2392 3139 ex
2421 3084 2509 3146 iis.
2547 3099 2688 3153 quos
2721 3084 2777 3138 in
2809 3098 3006 3140 nomen
3045 3083 3194 3140 illius
3220 3083 3472 3140 crucilixi
3500 3097 3598 3152 per

301 3176 406 3229 τῶν
430 3176 740 3248 προφητῶν
760 3218 776 3243 ,
812 3178 909 3232 καὶ
943 3179 1054 3234 ἀπὺ
1100 3179 1209 3236 τῶν
1242 3181 1386 3236 κατὰ
1431 3182 1529 3254 τὴν
1575 3185 1904 3257 οἰκουμένην

2015 3177 2196 3232 urbem
2228 3187 2500 3231 terrarum
2548 3177 2641 3232 Dei
2676 3177 2920 3234 cultores
2950 3177 3128 3234 factos
3159 3178 3426 3243 videmus,
3467 3191 3594 3231 cre-

302 3269 378 3331 εξς
409 3268 588 3339 ὄνομα
622 3267 718 3322 τοῦ
773 3270 1196 3342 ἐσταυρωμένου
1238 3273 1452 3328 ἐκείνου
1485 3274 1784 3346 ὁρωμένων
1809 3277 1903 3332 καὶ

2015 3269 2166 3324 dendi
2197 3278 2477 3324 momenta
2515 3271 2801 3325 ducamus.
2838 3269 2970 3337 Qua:
3013 3278 3193 3325 autem
3245 3284 3276 3323 a
3329 3268 3592 3326 Zacharia

302 3363 611 3432 γενομένων
642 3362 938 3429 θεοσεϐῶν,
973 3364 1072 3436 τὴν
1107 3365 1278 3420 πειθὼ
1310 3367 1527 3440 ἔχομεν.
1566 3370 1723 3423 Ἔστι
1747 3369 1804 3423 δὲ
1835 3370 1905 3426 τὰ

2015 3362 2150 3417 dicta
2195 3370 2341 3426 sunt,
2370 3362 2445 3416 ita
2475 3377 2537 3418 se
2571 3363 2810 3416 habent:
2832 3382 2850 3415 ι
2872 3361 3132 3428 Framea,
3159 3363 3402 3416 excitare
3429 3378 3594 3432 sqper

301 3454 556 3524 λεχθέντα
572 3455 683 3508 ὑπο
703 3455 798 3510 τοῦ
823 3455 1095 3529 Ζαχαρίου
1111 3457 1300 3514 ταῦτα·
1329 3477 1348 3512 ι
1373 3460 1664 3532 Ῥομφαία,
1684 3459 1905 3535 ἐξεγέρ-

2015 3464 2280 3526 pastorem
2319 3469 2520 3519 meum,
2555 3465 2612 3510 et
2657 3470 2824 3524 super
2855 3457 3034 3512 virum
3069 3457 3251 3526 p0puti
3287 3458 3414 3524 mei,
3455 3457 3589 3510 dicit

301 3545 418 3617 θητι
451 3548 549 3600 ἐπὶ
584 3549 678 3601 τὸν
715 3548 953 3619 ποιμένα
988 3567 1091 3622 μου
1116 3591 1131 3619 ,
1182 3552 1278 3605 καὶ
1311 3552 1400 3606 ἐπ’
1429 3553 1602 3626 ἄνδρα
1633 3553 1726 3608 τοῦ
1771 3555 1900 3610 λαοῦ

2015 3549 2267 3604 Dominus
2293 3550 2655 3604 exercituum.
2696 3547 2930 3604 Percute
2959 3559 3236 3619 pastorem
3281 3560 3333 3604 ct
3375 3550 3590 3618 disper-

303 3657 430 3708 μου·
466 3640 623 3707 λέγει
667 3639 878 3711 Κύριος
918 3641 1028 3697 τῶν
1059 3641 1364 3714 δυνάμεων.
1388 3644 1636 3711 Πάταξον
1667 3647 1760 3701 τὸν
1791 3666 1904 3702 ποι-

2015 3650 2200 3711 ιοιιιιιτ
2241 3657 2370 3698 oves
2402 3641 2521 3712 ejus
2559 3642 2630 3698 ⁵ο.
2665 3660 2686 3695 ι

303 3734 456 3801 μένα,
493 3733 597 3787 καὶ
629 3733 1221 3807 διασκορπισθήσονται
1253 3738 1322 3792 τὰ
1357 3738 1602 3810 πρόϐατα
1633 3740 1819 3796 αὑτοῦ.
1847 3761 1866 3794 ι

367 3828 459 3883 54.
495 3829 614 3881 Καὶ
645 3829 710 3881 τὸ
751 3828 859 3882 ὑπὸ
908 3829 1158 3895 Μωσέως
1189 3830 1245 3884 δὲ
1288 3831 1753 3904 ἀνιστορημένον,
1806 3834 1902 3888 καὶ

2075 3825 2165 3881 54.
2209 3824 2444 3896 Sanguis
2493 3841 2606 3879 utne
2652 3825 2778 3895 quid
2821 3825 3102 3895 signiﬁcet.
3139 3855 3211 3868 --
3239 3824 3311 3882 Et
3353 3827 3500 3896 quod
3555 3843 3587 3882 a

300 3917 400 3971 ὑπὸ
431 3918 526 3972 τοῦ
577 3919 925 3992 πατριάρχου
976 3919 1175 3975 Ἰακὼϐ
1207 3925 1731 3996 προπεφητευμένον
1758 3965 1775 3990 ,
1819 3925 1900 3992 τὸ,

2015 3915 2190 3988 Moyse
2213 3918 2417 3972 litteris
2445 3917 2764 3972 mandatum
2809 3926 2914 3983 est,
2933 3927 2989 3975 et
3011 3935 3040 3971 a
3063 3915 3233 3974 Jacob
3273 3918 3590 3988 patriarcha

305 4031 324 4061 ι
353 4013 556 4066 Illusz
588 4017 649 4068 ὲν
700 4012 832 4084 οἴνῳ
866 4013 965 4086 τὴν
1022 4015 1216 4087 στολὴν
1263 4015 1451 4080 αὑτοῦ,
1497 4017 1590 4072 καὶ
1615 4019 1674 4073 έν
1709 4020 1901 4092 αἵματι

2015 4009 2365 4078 prmdictum:
2412 4025 2434 4059 ι
2465 4007 2694 4062 Lavabit
2737 4007 2788 4062 in
2823 4009 2950 4064 vino
2977 4007 3176 4064 stolam
3220 4023 3400 4074 suam,
3434 4019 3491 4064 et
3533 4010 3586 4064 in

303 4106 579 4176 σταφυλῆς
605 4105 706 4178 τὴν
730 4105 1027 4178 περιϐολὴν
1048 4106 1211 4162 αὑτοῦ
1232 4125 1244 4138 ·
1278 4127 1297 4159 ι
1336 4108 1396 4162 τὸ
1417 4108 1494 4180 τῷ
1517 4109 1711 4181 αἵματι
1734 4110 1900 4166 αὑτοῦ

2015 4100 2268 4172 sanguine
2298 4115 2417 4154 uva:
2453 4101 2712 4154 amictum
2745 4117 2928 4166 suum,
2954 4117 2974 4152 ι
3024 4099 3266 4156 futurum
3307 4101 3590 4172 signiﬁca-

301 4199 640 4252 ἀποπλύνειν
681 4198 898 4270 μέλλειν
949 4200 1078 4264 τοὺς
1103 4199 1462 4266 πιστεύοντας
1495 4201 1642 4272 αὑτῷ
1686 4201 1897 4276 ἐδήλου.

2015 4196 2118 4260 bat,
2151 4203 2209 4248 ut
2253 4195 2518 4265 sanguine
2552 4209 2651 4249 suo
2683 4207 2778 4250 eos
2808 4193 2902 4264 qui
2927 4194 2982 4248 iu
3012 4208 3073 4250 se
3108 4194 3362 4262 credunt,
3397 4194 3588 4250 ablue-

299 4290 501 4362 Στολὴν
536 4291 648 4363 γὰρ
683 4288 851 4344 αὑτοῦ
887 4290 1117 4344 ἐκάλεσε
1152 4291 1212 4345 τὸ
1245 4292 1398 4361 ἆγιον
1433 4291 1658 4364 Πνεῦμα
1692 4295 1816 4358 τοὺς
1832 4295 1900 4348 δι’

2015 4298 2107 4342 ret.
2166 4288 2374 4343 Stnlain
2423 4288 2570 4343 enim
2612 4285 2732 4357 ejus
2788 4286 3027 4359 Spiritus
3066 4295 3290 4342 sanctus
3337 4301 3435 4342 eos
3485 4303 3588 4342 vo-

299 4383 466 4437 αὺτοῦ
491 4385 695 4452 ἄφεσιν
727 4382 1016 4455 ἁμαρτιῶν
1035 4383 1300 4448 λαϐόντας
1320 4402 1334 4416 ο
1356 4387 1415 4438 ἐν
1447 4379 1527 4450 οἷς
1551 4387 1640 4441 ἀεὶ
1670 4385 1900 4457 δυνάμει

2015 4383 2171 4447 cavit,
2220 4383 2311 4452 qui
2345 4397 2442 4452 per
2478 4397 2602 4436 eum
2628 4391 2980 4450 peccatorum
3007 4382 3387 4436 remissionem
3428 4395 3590 4436 acce-

301 4476 404 4546 μὲν
437 4477 701 4546 πάρεστι,
719 4475 815 4529 καί
835 4475 1153 4546 ἐναργῶςδὲ
1186 4477 1454 4549 παρέσται
1485 4479 1544 4531 ὲν
1575 4481 1641 4550 τῇ
1674 4480 1902 4552 δευτέρᾳ

2015 4485 2230 4548 perunt,
2279 4477 2332 4533 in
2373 4477 2576 4547 quibus
2618 4477 2827 4532 virtute
2871 4477 3093 4548 quidem
3138 4489 3358 4547 semper
3393 4476 3584 4542 adest,

296 4567 463 4622 aii-.06
502 4569 800 4639 παρουσίᾳ.
856 4567 930 4621 Τὸ
961 4569 1020 4622 δὲ
1063 4562 1204 4641 αἷμα
1249 4569 1350 4640 τῆς
1399 4569 1678 4640 σταφυλῆς
1724 4575 1901 4626 εἰπεῖν

299 4663 395 4715 τὸν
425 4661 612 4729 λόγον,
648 4661 737 4715 διὰ
771 4661 870 4732 τῆς
915 4663 1110 4734 τέχνης
1142 4663 1477 4734 δεδήλωκεν,
1511 4665 1594 4718 ὅτι
1617 4659 1760 4738 αἷμα
1801 4668 1899 4737 μὲν

300 4754 412 4823 ἔχει
446 4756 478 4807 ό
527 4753 766 4824 Χριστὸς
813 4754 914 4808 οὑκ
961 4754 1022 4821 ἐξ
1055 4753 1342 4828 ἀνθρώπου
1396 4755 1507 4828 (45)
1559 4757 1894 4830 σπέρματος,

301 4845 417 4897 ἀλλ’
455 4846 524 4897 ὲκ
556 4845 657 4915 τῆς
689 4844 783 4898 τοῦ
816 4845 950 4899 Θεοῦ
984 4845 1289 4918 δυνάμεως.
1318 4849 1416 4903 ’ον
1448 4849 1558 4922 γὰρ
1604 4851 1804 4922 τρόπον
1837 4854 1896 4907 τὸ

301 4937 398 5007 τῆς
433 4935 685 5007 ἀμπέλου
733 4931 878 5007 αἷμα
925 4938 1025 4991 οὑκ
1074 4937 1359 5011 ἄνθρωπος
1397 4941 1720 5012 ἐγέννησεν,
1757 4943 1894 5000 ἀλλὰ

378 5119 424 5148 δ’
460 5115 632 5172 Zach.
674 5132 751 5185 ix,
783 5118 836 5172 9.
918 5117 966 5149 '°
991 5117 1161 5172 Zillh.
1201 5135 1322 5184 xm,
1353 5120 1406 5174 7.

301 5324 358 5378 In
395 5322 486 5377 his
519 5336 654 5394 ergo
689 5321 878 5394 verbis
903 5319 1072 5374 Marc.
1111 5322 1268 5394 ιιι-1
1299 5339 1311 5374 :
1348 5321 1536 5394 Ἠλίας
1565 5320 1734 5376 ἐλθὼν
1749 5320 1900 5394 πρῶ-

299 5413 393 5447 τον
427 5391 777 5463 ἀποκαθιστᾷ
809 5391 1008 5453 πάντα,
1047 5390 1156 5463 κα)-
1176 5391 1300 5463 πῶς
1320 5392 1638 5463 ’γέγραπται
1685 5390 1898 5447 ἔπιτον

301 5465 418 5517 υἱὸν
443 5461 540 5516 τοῦ
575 5449 888 5534 ἀνθριὲἱπου,
927 5449 1016 5515 ἵνα
1043 5460 1214 5515 πολλὰ
1232 5449 1382 5534 πᾶθξ]
1408 5449 1510 5534 ’καὶ
1545 5463 1896 5534 ὲξουδενωθῇ,
1920 5476 1944 5500 δ

301 5534 658 5605 agnoscenda
695 5533 823 5587 Elia:
880 5534 1156 5605 adventus
1203 5533 1499 5605 pra:d_icti9_
1541 5546 1600 5586 ut
1643 5533 1900 5588 restituat

298 5602 518 5661 omnia.
567 5613 621 5657 et
666 5607 926 5673 quomodo
956 5602 1219 5670 scriptum
1239 5613 1314 5654 cst
1342 5602 1403 5673 in
1441 5603 1617 5673 ﬁlium
1644 5605 1896 5669 hominis,

305 5685 364 5729 ut
393 5675 563 5728 multa
593 5670 832 5742 patiatur
871 5685 924 5732 et
962 5681 1359 5728 contemnatur.
1385 5670 1406 5743 ]
1429 5703 1499 5714 --
1519 5672 1606 5727 Ea:
1634 5673 1904 5728 Addendis

305 5756 354 5800 ιι
387 5745 774 5800 Emendnndis.

375 5814 494 5888 (62)
527 5814 636 5871 ἐν
658 5812 734 5884 τῇ
753 5816 962 5888 κτίσει.
1017 5811 1185 5888 Sylhu
1197 5815 1349 5888 rgius
1369 5814 1536 5888 et_al_i_i
1565 5821 1904 5868 monuerunt

310 5883 605 5961 legendum
639 5903 757 5945 esse
787 5886 1009 5963 χρήσει,
1045 5887 1132 5940 vel
1165 5885 1374 5956 κτήσει.
1401 5883 1614 5953 Melius,
1637 5897 1754 5941 mea
1780 5897 1906 5940 sen-

2011 4566 2300 4623 manii‘este
2349 4579 2528 4623 autem
2563 4568 2740 4623 aderit
2785 4568 2839 4621 in
2881 4569 3125 4624 secundo
3172 4582 3272 4623 suo
3321 4568 3583 4624 adventu.

2008 4667 2162 4734 Quod
2201 4675 2380 4722 autem
2429 4667 2755 4737 sanguinem
2796 4683 2916 4722 uvae
2947 4668 3082 4724 dicit
3129 4665 3434 4735 Scriptura,
3484 4667 3587 4722 hac

2007 4759 2174 4815 veluti
2227 4771 2346 4814 arte
2408 4759 2649 4813 declarat
2703 4761 3024 4828 sanguinein
3081 4758 3306 4828 quidem
3375 4758 3586 4815 habere

2003 4851 2305 4916 Christum,
2338 4867 2683 4921 nequaquam
2713 4862 2894 4906 autem
2926 4865 2995 4906 ex
3045 4852 3290 4906 humano
3332 4851 3540 4905 semine
3566 4891 3582 4914 ,

2002 4944 2096 4998 sed
2126 4958 2194 4998 cx
2251 4944 2342 5000 Dei
2375 4945 2598 5001 virtute.
2632 4943 3100 5010 Quemadmodum
3145 4944 3292 4997 enim
3317 4941 3433 4996 avie
3455 4958 3586 4997 san-

2008 5321 2174 5394 tentia
2200 5359 2217 5384 ,
2254 5321 2469 5394 χρήσει.
2511 5320 2633 5394 Mox
2668 5319 2934 5394 particula
2970 5322 3078 5393 γάρ
3111 5325 3492 5394 expungenda.

2081 5392 2194 5460 (45)
2211 5389 2320 5445 καὶ
2348 5389 2487 5462 τῶν.
2523 5389 2676 5444 llunc
2701 5389 2990 5447 articulum
3013 5389 3382 5462 suppeditavit
3407 5395 3584 5452 codex

2009 5471 2240 5531 uterque
2277 5476 2380 5514 ms.
2436 5460 2672 5515 Necesse
2721 5475 2852 5526 ergo
2905 5478 3010 5516 non
3051 5460 3137 5518 est
3171 5464 3348 5532 legere
3380 5465 3454 5529 ὡς
3491 5467 3586 5520 καὶ

2007 5532 2117 5607 όιπὸ
2148 5531 2269 5607 τῆς,
2312 5530 2686 5587 subaudiendo
2742 5531 2922 5597 τινές,
2967 5542 3028 5588 ut
3072 5533 3400 5604 conjiciebat
3454 5536 3587 5607 Syl-

2008 5604 2458 5742 ὺυὶἕιῖἲελᾱέχρις
2511 5670 2610 5724 ὅτε
2657 5671 2904 5739 ἀνέστη.
2939 5673 3169 5731 Codices
3200 5693 3332 5732 mss.
3382 5676 3586 5732 habent

2009 5742 2077 5796 ad
2094 5741 2097 5742 ⁷
2114 5743 2414 5820 marginem
2443 5741 2634 5812 μέχρις
2655 5743 2776 5796 ὅτου
2799 5744 3020 5818 ἀνέστη.
3054 5747 3148 5802 Sic
3169 5759 3228 5803 et
3249 5749 3316 5803 Β.
3345 5747 3585 5820 Stepha-

2007 5828 2110 5869 nus
2143 5813 2211 5865 ad
2243 5813 2468 5868 calcem.

2079 5881 2196 5955 (45)
2249 5884 2369 5939 Οὐκ
2387 5881 2456 5950 ἐξ
2479 5884 2817 5953 ἀνθρώπου.
2837 5885 2992 5960 Legit
3023 5887 3299 5951 Thirlbius
3323 5889 3438 5946 ἀλλ’
3459 5890 3580 5946 οὐκ.
