3962 6262
425 429 533 484 595

1349 429 1405 487 S.
1445 422 1708 487 IUSTINI
1748 427 2155 488 PHILOSOPHI
2193 426 2279 483 ET
2315 427 2673 484 MARTYRlS

3573 430 3677 484 595

425 549 644 612 guinem
697 564 802 604 non
853 547 1137 618 generavit
1181 548 1388 616 homo,
1443 549 1537 604 sed
1592 548 1777 614 Deus;
1829 549 1904 601 ita
1941 555 1995 602 et

2109 548 2251 611 Θεὸς,
2287 547 2460 609 οὕτως
2494 546 2588 599 καὶ
2623 545 2682 598 τὸ
2714 543 2803 595 τοῦ
2823 541 3056 614 Χριστοῦ
3086 537 3224 614 αἷμα
3257 543 3356 597 οὐκ
3385 540 3445 610 ἐξ
3469 545 3679 617 ἀνορωα

425 639 626 693 Christi
648 639 969 708 sanguinem
990 654 1096 693 non
1121 653 1187 694 ex
1213 638 1454 692 humano
1476 639 1704 706 semine,
1731 638 1823 693 sed
1847 635 2005 706 150

425 747 491 784 ex
543 733 632 786 Dei
679 733 882 788 virtute
925 731 1165 785 futurum
1198 731 1467 799 praedixit.
1500 727 1626 784 Haac
1675 739 1857 784 autem
1886 731 2001 799 ipsa

428 823 737 892 prophetia,
766 838 926 891 quam
957 822 1134 886 attuli,
1157 839 1190 877 ο
1213 823 1339 888 viri,
1365 817 1640 874 Christum
1666 820 2004 875 demonstrat

427 929 533 968 non
567 931 688 969 esse
725 915 999 968 hominem
1038 930 1105 968 ex
1156 913 1471 968 hominibus
1515 913 1789 966 communi
1820 912 2000 966 homi-

423 1020 553 1060 num
582 1021 732 1060 more
767 1007 1031 1075 genitum.

495 1095 584 1150 55.
621 1095 796 1166 Rogat
840 1095 1043 1166 Trypho
1073 1107 1127 1149 ut
1163 1094 1404 1151 Christus
1427 1096 1569 1152 Deus
1607 1097 1881 1166 probetur,
1910 1096 2000 1150 sed

424 1189 562 1241 citra
621 1190 1007 1256 metaphoram.
1080 1185 1355 1242 Promittit
1413 1189 1678 1242 Justinus.
1741 1219 1813 1230 —
1861 1188 1998 1242 Tum

433 1277 650 1350 Trypho
685 1280 1001 1348 respondit:
1062 1279 1391 1335 Habebimus
1419 1281 1584 1335 etiam
1639 1283 1693 1334 in
1734 1281 1999 1336 memoria

429 1381 578 1424 tuam
613 1371 760 1423 illam
789 1372 1322 1439 interpretationem,
1347 1373 1392 1426 si
1430 1382 1484 1427 et
1515 1372 1637 1427 aliis
1669 1375 2001 1444 argumentis

430 1463 572 1518 hanc
604 1477 818 1532 quoque
864 1467 1216 1531 quaestionem
1255 1465 1578 1519 lirmaveris.
1611 1465 1766 1519 Nunc
1795 1476 1996 1533 autem,

425 1563 680 1608 revocata
732 1554 874 1607 unde
927 1554 1168 1622 digressa
1217 1564 1300 1609 est
1344 1557 1626 1620 oratione,
1683 1557 1998 1610 demonstra

423 1643 578 1696 nobis
623 1643 788 1696 alium
844 1643 1011 1698 Deum
1073 1661 1103 1698 a
1163 1644 1372 1714 Spiritu
1431 1645 1749 1716 prophetico
1803 1657 2000 1716 praeter

425 1740 728 1789 creatorem
756 1735 1138 1791 universorum
1165 1737 1428 1807 agnosci;
1472 1753 1675 1792 cavens
1702 1746 1881 1793 tamen
1931 1755 2000 1795 ne

421 1825 589 1880 solem
630 1837 685 1883 et
717 1829 896 1880 lunatn
931 1829 1081 1883 dicas
1105 1869 1118 1889 .
1169 1845 1288 1898 quae
1322 1831 1583 1899 scriptum
1633 1841 1716 1886 est
1745 1832 1997 1900 gentibus

2106 641 2257 695 πείου
2289 639 2477 708 γένους
2511 636 2746 699 ἔσεσθαι,
2776 635 2888 690 ἀλλ’
2923 639 2986 688 ὲκ
3016 633 3148 687 Θεοῦ
3182 635 3479 706 δυνάμεως,
3518 653 3680 708 προς

2109 735 2368 805 μήνυσεν.
2417 730 2480 782 Ἡ
2513 729 2569 782 δὲ
2604 727 2906 800 προφητεία
2940 726 3099 798 αῦτη,
3135 721 3178 779 ᾧ
3212 727 3431 798 ἄνδρες,
3466 727 3535 797 ἢν
3568 727 3681 780 ἕλεα

2104 843 2223 894 γον,
2258 821 2601 877 ἀποδεικνύει
2638 820 2744 890 (46)
2793 820 2874 871 ὅτι
2925 819 3022 872 οὐκ
3064 818 3210 871 ἔστιν
3257 819 3285 869 6
3318 818 3551 890 Χριστὸς
3588 819 3681 871 ἀν-
3765 845 3768 848 ν

2104 918 2319 990 Θρωπος
2349 914 2411 980 ἐξ
2441 912 2762 984 ἀνθρώπων,
2787 911 2926 964 κατὰ
2940 911 3000 962 τὸ
3033 909 3207 964 κοινὸν
3237 910 3346 963 τῶν
3379 909 3682 982 ἀνθρώπων

2102 1009 2399 1082 γεννηθείς.

2173 1103 2262 1157 55.
2298 1101 2407 1154 Καὶ
2439 1101 2467 1152 6
2499 1098 2731 1170 Τρύφων
2757 1094 3087 1168 ἀπεκρίνατο
3106 1112 3119 1124 ·
3147 1093 3552 1166 Μεμνησόμεοα
3588 1094 3681 1146 καὶ

2101 1195 2308 1264 ταύτης
2340 1192 2440 1263 τῆς
2474 1190 2787 1262 ἐξηγήσεως
2821 1207 2936 1255 σου,
2971 1190 3062 1242 ἐὰν
3101 1189 3191 1242 καὶ
3236 1187 3301 1241 δι’
3335 1186 3506 1240 ἄλλων
3542 1203 3678 1256 κρα-

2101 1287 2266 1358 τύνῃς
2299 1285 2391 1338 καὶ
2423 1283 2578 1336 τοῦτο
2608 1283 2669 1334 τὸ
2700 1283 2962 1354 ἀπόρημα
2983 1299 2995 1310 ο
3032 1281 3098 1334 τὰ
3131 1281 3224 1334 νῦν
3259 1279 3314 1332 δὲ
3348 1279 3448 1350 ἤδη
3483 1278 3677 1330 ἀναλα-

2104 1377 2212 1430 ϐὼν
2247 1377 2335 1429 τὸν
2367 1375 2554 1444 λόγον,
2590 1373 2872 1440 ἀπόδειξον
2903 1375 3032 1444 ἡμῖν
3059 1373 3344 1444 aus-.2590;
3366 1371 3497 1434 Θεὸς
3533 1371 3680 1441 παρὰ

2099 1469 2191 1522 τὸν
2226 1465 2452 1538 ποιητὴν
2485 1466 2591 1519 τῶν
2627 1465 2762 1519 ὅλων
2795 1464 2899 1517 ὑπὸ
2934 1464 3023 1517 τοῦ
3062 1461 3394 1535 προφητικοῦ
3430 1462 3679 1532 Πνεύμα-

2101 1579 2191 1624 τος
2223 1560 2568 1632 ὡμολόγηται
2602 1554 2762 1622 εἶναι,
2797 1558 3171 1628 φυλαξάμενος
3201 1556 3377 1624 λέγειν
3407 1555 3497 1608 τὸν
3531 1555 3678 1625 ἥλιον

2103 1653 2195 1706 καὶ
2228 1652 2328 1722 τὴν
2363 1650 2610 1722 σελήνην,
2642 1650 2678 1704 δι
2709 1651 3017 1722 γέγραπται
3049 1652 3162 1713 τοῖς
3195 1648 3369 1700 ἔθνεσι
3399 1665 3678 1716 συγκεχω-

2103 1742 2329 1812 ρηκέναι
2391 1740 2498 1811 (47)
2546 1739 2636 1792 τὸν
2681 1740 2812 1793 Θεὸν
2856 1741 2932 1804 ὼς
2969 1739 3124 1801 Οεοὺς
3180 1740 3539 1809 προσκυνεῖψ
3590 1737 3680 1790 καὶ

2099 1833 2274 1904 τούτῳ
2304 1831 2383 1902 τῷ
2408 1831 2552 1902 λόγῳ
2583 1830 2770 1905 ὥσπερ
2803 1830 3074 1903 χρώμενοι
3111 1829 3220 1900 (48)
3258 1829 3532 1900 προφῆται
3567 1828 3686 1881 πολ-

423 1931 685 1972 concessa
717 1934 747 1972 a
793 1919 900 1973 Deo
939 1917 1110 1975 fuisse
1134 1960 1149 1984 ,
1188 1931 1246 1973 ut
1276 1936 1338 1975 ea
1387 1931 1644 1991 tanquam
1679 1924 1810 1977 deos
1849 1923 1995 1978 cole-

2109 1926 2257 1990 λάκις
2301 1927 2547 1996 λέγουσιν
2572 1965 2586 1990 ,
2633 1926 2718 1978 ὅτι
2769 1943 2786 1976 t
2825 1924 2883 1976 '0
2930 1923 3060 1986 Θεός
3099 1939 3192 1974 σου
3226 1921 3357 1983 Θεὸς
3387 1919 3498 1972 τῶν
3546 1920 3682 1973 θεῶν

421 2020 565 2065 rent.
629 2011 806 2080 Atque
873 2013 976 2066 hoc
1031 2015 1286 2082 loquendi
1344 2029 1543 2085 genere
1603 2016 1999 2084 quodammodo

423 2109 640 2154 utentes
666 2100 943 2167 prophetae
990 2115 1134 2170 sa:pe
1185 2103 1410 2156 dicunt:
1453 2121 1471 2152 ι
1507 2102 1646 2157 Deus
1703 2114 1826 2158 tuus
1858 2105 1999 2159 Deus

422 2193 653 2246 deorum
686 2202 804 2255 est,
860 2203 913 2246 et
938 2192 1200 2248 Dominus
1237 2195 1603 2260 dominorum,
1647 2215 1664 2246 ι
1707 2210 1850 2266 saepe
1904 2196 2000 2250 ad-

420 2282 611 2335 dentes
643 2298 662 2330 ι
697 2295 922 2350 magnus
955 2289 1010 2335 et
1052 2279 1210 2336 fortis
1255 2293 1309 2338 et
1341 2281 1603 2336 terribilis
1645 2281 1710 2335 σι.
1752 2301 1769 2332 ι
1815 2280 2002 2351 Neque

420 2373 565 2425 enim
601 2373 716 2427 haec
748 2387 812 2426 eo
842 2373 1120 2436 dicuntur,
1153 2375 1295 2441 quod
1324 2374 1412 2428 isti
1443 2375 1551 2429 sint
1580 2374 1692 2439 dii;
1732 2376 1825 2430 sed
1855 2376 2000 2445 quod

422 2463 708 2530 Scriptura
762 2478 863 2517 nos
901 2464 1097 2516 doceat
1133 2479 1196 2516 ex
1231 2464 1337 2525 his,
1383 2467 1476 2534 qui
1508 2467 1895 2520 existimantur
1925 2465 2000 2520 dii

420 2565 476 2609 et
522 2548 750 2620 domini,
780 2571 966 2610 verum
998 2555 1146 2608 illum
1179 2555 1344 2609 Deum
1374 2598 1388 2620 ,
1415 2558 1507 2627 qui
1540 2559 1724 2612 omnia
1771 2560 1997 2625 creavit,

418 2652 594 2707 solum
639 2666 758 2707 esse
796 2651 1100 2706 Dominum.
1132 2651 1286 2718 Quod
1340 2653 1566 2722 quidem
1615 2663 1674 2708 ut
1727 2655 2004 2710 evinceret

421 2743 659 2812 Spiritus
704 2755 928 2798 sanctus
959 2784 972 2806 ,
1023 2759 1121 2811 per
1149 2743 1410 2798 Davidem
1444 2744 1614 2799 dixit:
1674 2765 1693 2797 ι
1734 2746 1814 2799 Dii
1864 2761 1999 2814 geu-

421 2841 556 2894 tium
589 2842 703 2910 (qui
746 2839 1137 2894 existimantur
1165 2839 1262 2908 dii)
1293 2837 1582 2892 simulacra
1611 2837 2000 2892 daemoniorum

417 2939 585 2996 sunt,
639 2944 744 2984 non
787 2929 860 2985 dii
915 2932 983 2984 ".
1021 2949 1040 2982 ι
1092 2929 1398 2996 Quinetiam
1461 2929 1578 2983 dira
1637 2929 2001 2984 detestatione

418 3039 514 3082 eos
543 3024 912 3094 prosequitur,
937 3023 1027 3095 qui
1089 3024 1205 3077 haec
1237 3022 1445 3076 faciunt
1474 3031 1528 3076 et
1554 3020 1767 3076 colunt.

487 3115 628 3172 Tum
650 3130 780 3186 ego:
810 3114 928 3170 Non
955 3130 1128 3178 erant,
1163 3115 1413 3182 inquam,
1440 3112 1730 3178 allaturus,
1756 3110 1997 3182 Trypho,

420 3210 521 3264 has
557 3208 1073 3274 demonstrationes,
1107 3207 1303 3276 quibus
1329 3221 1424 3260 eos
1474 3205 1825 3260 condemnari
1858 3205 1994 3272 scio,

2102 2022 2237 2084 ἐστι,
2273 2019 2368 2072 καὶ
2400 2019 2602 2090 Κύριος
2634 2016 2742 2069 τῶν
2777 2015 3002 2086 κυρίων,
3040 2033 3057 2064 ι
3097 2012 3475 2086 προστιθέντες
3497 2053 3512 2076 ,
3554 2033 3571 2064 t
3626 2015 3684 2066 Ὀ

2106 2112 2278 2183 μέγας
2305 2112 2398 2165 καὶ
2435 2112 2650 2184 ἰσχυρὸς
2681 2111 2774 2163 καὶ
2804 2107 3049 2180 φοϐερὸς,
3078 2126 3095 2157 ι
3152 2105 3429 2170 πολλάκις.
3467 2105 3544 2158 Ού
3578 2104 3683 2177 γὰρ

2100 2205 2175 2266 ὼς
2221 2205 2388 2257 ὅντων
2435 2201 2572 2256 θεῶν
2618 2201 2790 2255 ταῦτα
2841 2200 3088 2268 λέγεται,
3123 2198 3237 2252 ἀλλ’
3273 2199 3347 2260 ὼς
3395 2197 3488 2250 τοῦ
3526 2197 3683 2265 λόγου

2101 2297 2440 2359 διδάσκοντος
2491 2295 2670 2366 ἡμᾶς,
2719 2295 2801 2347 ὅτι
2833 2292 2940 2346 τῶν
2988 2289 3355 2362 νομιζομένων
3405 2289 3548 2343 Θεῶν
3595 2289 3685 2343 καὶ

2103 2388 2304 2462 κυρίων
2337 2390 2365 2441 6
2397 2386 2473 2458 τῷ
2505 2386 2619 2439 ὄντι
2648 2385 2780 2448 Θεὸς
2811 2388 2839 2437 6
2871 2385 2937 2438 τὰ
2971 2383 3153 2436 πάντα
3187 2384 3450 2452 ποιήσας,
3484 2382 3685 2453 Κύριος

2105 2481 2264 2551 μόνος
2302 2479 2470 2532 ἐστίν.
2526 2480 2644 2532 Ἵνα
2689 2479 2799 2549 γὰρ
2847 2478 2940 2532 καὶ
2985 2475 3140 2530 τοῦτο
3186 2475 3378 2548 ἐλέγξῃ
3429 2475 3490 2527 τὸ
3536 2476 3684 2544 ἆγιον

2101 2569 2324 2641 Πνεῦμα
2347 2614 2361 2637 ,
2403 2570 2491 2623 διὰ
2527 2569 2617 2622 τοῦ
2647 2571 2805 2639 ἁγίου
2847 2569 3010 2622 Δαυὶδ
3035 2565 3186 2621 εἶπεν
3205 2585 3217 2597 ·
3277 2587 3293 2617 t
3321 2569 3382 2620 Οἱ
3431 2566 3548 2619 Θεοί
3579 2565 3685 2618 τῶν

2101 2662 2289 2727 ὲθνῶν,
2327 2661 2670 2733 νομιζόμενοι
2696 2661 2829 2725 θεοὶ,
2859 2662 3052 2715 εἴδωλα
3070 2660 3358 2731 δαιμονίων
3385 2659 3546 2720 εἰσὶν,
3572 2656 3684 2710 ἀλλ’

2100 2754 2160 2806 ού
2196 2752 2340 2806 θεοί·
2380 2770 2399 2803 ›
2439 2751 2533 2805 καὶ
2585 2752 2780 2820 ἐπάγει
2826 2750 3066 2822 κατάραν
3098 2751 3208 2812 τοῖς
3257 2745 3504 2801 ποιοῦσιν
3549 2745 3684 2798 αῦτά

2103 2843 2196 2897 καὶ
2233 2841 2614 2914 προσκυνοῦσι.

2173 3129 2376 3198 Κάγώ·
2414 3130 2487 3184 Ού
2520 3127 2718 3192 ταύτας
2758 3127 2854 3198 μὲν
2873 3126 2971 3191 τὰς
2994 3125 3295 3191 ἀποδείξεις
3328 3124 3556 3196 ἔμελλον
3589 3125 3684 3195 φέ-

2107 3241 2238 3295 ρειν,
2275 3219 2446 3288 εἷπον,
2481 3217 2526 3276 ὦ
2560 3221 2816 3294 Τρύφων,
2850 3220 2917 3274 δι’
2951 3213 3028 3274 ὧν
3069 3217 3530 3284 καταδικάζεσθαι
3561 3219 3686 3281 τοὺς

416 3301 510 3370 qui
561 3301 675 3356 haec
699 3307 756 3355 et
803 3299 1004 3353 similia
1051 3297 1276 3364 colunt;
1330 3298 1424 3353 sed
1471 3311 1567 3353 eas
1609 3312 1745 3365 quas
1799 3306 1994 3351 contra

2109 3314 2272 3368 ταῦτα
2322 3314 2414 3366 καὶ
2462 3311 2531 3365 τά
2575 3309 2798 3365 τοιαῦτα
2863 3308 3300 3384 προσκυνοῦντας
3352 3307 3684 3377 ἐπίσταμαι,

418 3409 582 3448 nemo
615 3393 802 3447 dicere
842 3391 1063 3461 poterit.
1110 3389 1274 3445 Nova:
1304 3401 1484 3445 autem
1521 3390 1616 3443 tibi
1647 3388 1996 3454 videbuntur,

418 3485 670 3555 quamvis
701 3483 943 3552 quotidie
982 3498 1010 3535 a
1044 3481 1198 3536 vobis
1227 3483 1513 3551 legantur,
1559 3491 1619 3534 ut
1651 3481 1740 3535 vel
1796 3495 1862 3536 ex
1897 3481 2000 3535 hoc

416 3587 762 3647 perspectum
795 3575 1097 3630 habeamus
1125 3574 1300 3638 vobis,
1327 3573 1396 3628 oh
1419 3581 1655 3628 vestram
1681 3572 1997 3642 nequitiam,

416 3687 447 3723 a
479 3665 592 3725 Deo
624 3680 946 3740 potestatem
972 3669 1274 3738 sapientiae,
1311 3683 1431 3738 qua:
1454 3669 1598 3724 illius
1621 3669 1802 3725 verbis
1834 3669 1992 3734 inest,

419 3767 786 3835 intelligenda:
822 3763 1198 3820 absconditam
1225 3762 1415 3829 fuisse,
1435 3763 1708 3818 nonnullis
1731 3764 1996 3832 exceptis,

419 3857 618 3926 quibus
637 3857 936 3910 secundum
958 3868 1184 3908 summae
1203 3868 1314 3906 sua:
1337 3853 1720 3906 misericordiae
1740 3853 1997 3922 gratiam,

421 3951 579 4002 utait
611 3949 782 4003 Isaias
803 3945 872 4014 ⁸³,
901 3961 1088 4001 semen
1121 3945 1188 3999 ad
1237 3945 1469 3999 salutem
1524 3945 1778 4014 reliquit,
1831 3960 1898 4000 ne
1941 3956 2000 3999 ut

427 4041 833 4095 Sodomitarum
869 4051 924 4095 et
952 4039 1434 4095 Gomorrhzeorum
1463 4078 1480 4102 ,
1513 4035 1588 4092 ita
1623 4048 1679 4093 et
1707 4053 1877 4108 genus
1909 4053 2000 4092 ve-

419 4143 596 4187 strum
631 4130 854 4202 periret.
891 4133 1146 4187 Animum
1184 4133 1350 4203 igitur
1381 4132 1445 4185 ad
1470 4146 1532 4185 ea
1561 4133 1852 4196 advertite,
1877 4147 2000 4200 quae

419 4241 487 4278 ex
537 4221 837 4291 Scripturis
869 4222 1074 4278 sanctis
1101 4232 1638 4278 commemoraturus
1672 4238 1815 4290 sum,
1857 4238 1997 4292 quas

419 4317 640 4386 quidem
681 4313 940 4384 explicari
993 4315 1218 4371 minime
1266 4331 1404 4386 Opus
1433 4316 1580 4381 erit,
1639 4316 1734 4371 sed
1787 4324 1997 4369 tantum

421 4410 624 4464 audiri.

493 4503 584 4558 56.
607 4501 742 4556 Deus
767 4501 988 4555 Abrahae
1011 4501 1151 4555 visus
1169 4517 1200 4552 a
1224 4499 1333 4553 Deo
1361 4497 1522 4553 Patre
1549 4500 1913 4570 distinguitur.
1929 4528 2000 4540 -—

420 4596 633 4666 Moyses
666 4596 854 4664 igitur,
906 4596 1099 4648 beatus
1146 4593 1237 4646 ille
1281 4602 1336 4646 et
1367 4593 1544 4647 ﬁdelis
1593 4593 1684 4646 Dei
1737 4592 1995 4658 famulus,

2101 3407 2236 3460 ἀλλὰ
2269 3409 2524 3468 τοιαύτας
2550 3405 2687 3476 πρὸς
2716 3403 2784 3467 ἃς
2810 3404 3085 3456 ἀντειπεῖν
3119 3402 3216 3472 μὲν
3245 3401 3419 3464 οὐδεὶς
3455 3400 3687 3470 δυνήσε-

2100 3517 2209 3553 ται.
2246 3497 2402 3551 Ξέναι
2433 3497 2489 3552 δέ
2524 3514 2606 3550 σοι
2637 3496 2880 3562 δόξουσιν
2912 3490 3070 3559 εἶναι,
3090 3494 3288 3567 καίπερ
3324 3492 3444 3546 καθ’
3471 3492 3687 3564 ἡμέραν

2102 3588 2605 3658 ἀναγινωσκόμεναι
2637 3588 2729 3656 ὑφ’
2763 3585 2917 3656 ὑμῶν
2938 3603 2950 3616 ·
2989 3585 3064 3648 ὡς
3112 3583 3203 3638 καὶ
3237 3587 3300 3636 ὲκ
3331 3582 3524 3635 τούτου
3567 3599 3689 3635 συν-

2101 3685 2240 3735 εῖναι
2273 3682 2418 3752 ὑμᾶς
2451 3680 2582 3750 (49),
2617 3681 2698 3733 ὅτι
2729 3679 2818 3732 διὰ
2849 3679 2948 3749 τὴν
2991 3676 3262 3747 ὑμετέραν
3305 3673 3508 3727 κακίαν
3553 3671 3689 3725 ἀπέ-

2102 3774 2309 3848 κρυψεν
2332 3775 2360 3826 6
2391 3772 2522 3835 Θεὸς
2543 3773 2634 3842 ἀφ’
2665 3769 2818 3842 ὑμῶν
2839 3770 2899 3822 τὸ
2923 3769 3180 3822 δύνασθαι
3201 3770 3340 3820 νοεῖν
3370 3765 3470 3836 τὴν
3499 3765 3687 3834 σοφίαν

2100 3867 2201 3938 τὴν
2233 3867 2291 3918 ὲν
2323 3866 2434 3927 τοῖς
2465 3863 2644 3932 λόγοις
2678 3860 2866 3925 αὑτοῦ,
2902 3857 3041 3931 πλὴν
3075 3877 3231 3912 τινων
3249 3853 3330 3921 οἷς
3363 3855 3505 3910 κατὰ
3529 3857 3688 3927 χάριν

2101 3956 2198 4026 τῆς
2234 3953 2711 4025 πολυσπλαγχνίας
2744 3951 2930 4016 αὑτοῦ,
2966 3951 3040 4016 ὡς
3075 3950 3178 4022 ἔφη
3231 3949 3490 4011 Ἡσαΐας,
3525 3950 3690 4014 ἐγκα-

2101 4048 2287 4101 τέλιπε
2322 4045 2544 4116 σπέρμα
2580 4047 2659 4108 εἰς
2699 4043 2972 4114 σωτηρίαν
2997 4081 3012 4106 ,
3047 4043 3133 4094 ἵνα
3167 4040 3241 4110 μὴ
3272 4040 3348 4103 ὡς
3381 4035 3690 4108 Σοδομιτῶν

2103 4141 2194 4192 καὶ
2227 4138 2578 4210 Γομορῤαίων
2612 4137 2794 4189 τέλεον
2834 4135 2926 4188 καὶ
2956 4135 3016 4186 τὸ
3050 4132 3312 4204 ὑμέτερον
3358 4131 3516 4199 γένος
3550 4129 3688 4182 ἀπό-

2101 4229 2277 4302 ληται.
2313 4229 2615 4299 Προσέχετε
2641 4225 2925 4300 τοιγαροῦν
2958 4220 3150 4296 οἷσπερ
3174 4222 3350 4293 μέλλω
3382 4221 3692 4292 ἀναμιμνή-

2105 4339 2253 4374 σκειν
2287 4321 2393 4375 ἀπὸ
2426 4319 2533 4373 τῶν
2568 4319 2736 4388 ἁγίων
2766 4317 2999 4391 Γραφῶν
3031 4317 3150 4370 οὐδὲ
3194 4315 3524 4385 ἐξηγηθῆναι
3570 4312 3689 4365 δεο-

2107 4409 2282 4479 μένων
2311 4408 2442 4480 (50),
2475 4408 2611 4462 ἀλλά
2648 4408 2806 4479 μόνον
2840 4407 3188 4478 ἀκουσθῆναι.

2173 4501 2260 4555 56.
2299 4501 2506 4571 Μωσῆς
2539 4497 2631 4554 οῦν
2680 4504 2708 4554 6
2744 4501 3010 4572 μακάριος
3057 4501 3150 4553 καὶ
3196 4499 3387 4561 πιστὸς
3431 4497 3692 4570 Θεράπων

2103 4593 2260 4657 Θεοῦ,
2300 4593 2516 4664 μηνύων
2550 4594 2630 4646 ὅτι
2663 4594 2691 4644 6
2719 4592 2905 4660 ὀφθεὶς
2927 4592 3005 4662 τῷ
3033 4591 3283 4662 Ἀϐραὰμ
3310 4590 3446 4660 πρὸς
3478 4592 3546 4660 τῇ
3571 4587 3692 4659 δρυῒ

424 4688 597 4743 Deum
628 4703 751 4744 esse
785 4688 1028 4742 declarat
1051 4702 1196 4751 eum,
1229 4685 1322 4754 qui
1368 4684 1600 4739 Abraha:
1632 4685 1698 4740 ad
1731 4701 1993 4754 quercum

2109 4690 2173 4758 τῇ
2211 4659 2450 4760 Μαμέρῇ
2485 4688 2748 4753 Θεὸς,σὺν
2764 4659 2875 4750 τοῖς
2908 4659 3022 4756 ἅμα
3037 4659 3290 4754 α’)τῷὲπὶ
3320 4659 3418 4754 τὴν
3440 4659 3692 4752 Σοδόμων

421 4783 668 4836 Mamhre
696 4781 846 4834 visus
877 4791 961 4834 est
990 4796 1114 4834 eum
1148 4779 1361 4833 duobus
1383 4779 1616 4846 angelis.
1662 4794 1799 4846 quos
1832 4778 1995 4832 simul

421 4891 544 4929 cum
572 4889 636 4928 eo
666 4873 734 4928 ad
755 4871 1023 4940 judicium
1057 4871 1422 4926 Sodomorum
1477 4871 1623 4923 misit
1649 4871 1788 4924 alius
1819 4871 1868 4923 in
1900 4887 1992 4925 su-

399 5087 408 5100 ,
491 5029 535 5060 ⁸¹
568 5029 722 5084 Deut.
751 5043 808 5095 κ,
838 5027 925 5084 17.
1003 5027 1048 5057 ³⁸
1074 5023 1225 5081 Psal.
1255 5040 1380 5092 xcv,
1407 5023 1462 5079 5.
1539 5025 1586 5056 ⁵³
1630 5039 1753 5094 cap.
1789 5041 1827 5090 ι,
1860 5025 1914 5080 9.

495 5184 608 5256 (46)
643 5181 1061 5256 Ἀποδεικζύερ
1101 5181 1325 5256 Legitur
1357 5180 1730 5234 ἀποδεικνύειν
1759 5181 1998 5256 inAutro-

421 5251 527 5326 que
553 5251 653 5308 nis.
679 5265 738 5308 et
767 5254 908 5326 apud
933 5251 999 5305 Β.
1025 5251 1388 5326 Stephanum,
1413 5267 1518 5326 nec
1539 5251 1999 5326 punctumﬁgitur

423 5321 542 5393 post
579 5325 982 5396 ⁴ιιιροεμιίινυσεν.
1023 5321 1129 5377 Sed
1149 5331 1364 5396 _tanten
1413 5322 1911 5396 intet'pmictionem
1943 5331 2001 5396 et

423 5391 759 5463 scripturatii
788 5391 1096 5450 editionum
1149 5392 1318 5444 Paris.
1356 5407 1582 5446 servare
1615 5392 1817 5463 malui,
1869 5391 1999 5460 quia

424 5461 652 5535 legendo
685 5463 1059 5518 ἀποδεικνύειν
1084 5463 1403 5535 vertendum
1440 5471 1618 5516 esset:
1663 5481 1682 5514 ι
1713 5461 1887 5535 Quam
1922 5463 2004 5515 di-
2052 5467 2076 5489 ’

423 5532 616 5593 ce'bam
651 5535 1032 5588 demonstrare
1083 5532 1364 5586 Chrisutm
1404 5549 1513 5587 non
1565 5547 1688 5587 esse
1724 5534 2000 5588 hominem

424 5622 489 5660 ex
529 5606 862 5660 howinihus.
901 5623 917 5655 ι
959 5604 1028 5657 At
1063 5603 1117 5657 id
1151 5603 1305 5671 sequi
1338 5620 1408 5659 ex
1441 5603 1544 5658 hoc
1593 5603 1814 5658 oraculo
1859 5617 2001 5657 non-

421 5677 551 5730 dum
590 5676 724 5728 dixit
750 5673 1021 5728 Justinus.

493 5745 608 5815 (47)
644 5743 1188 5815 Συγχεχωικηξεέναι.
1211 5743 1470 5815 Αῐῖθδβίρίι
1504 5745 1570 5797 ad
1605 5759 1724 5812 cap.
1757 5758 1808 5796 Iv
1861 5741 1999 5796 Deu-

427 5813 721 5877 lerunutn.,
762 5832 810 5867 v.
849 5815 936 5866 19.
976 5813 1109 5866 Vide
1147 5813 1283 5866 infra
1312 5832 1366 5868 ll.
1405 5815 1528 5867 1‘27.

498 5886 612 5957 (63)
651 5887 872 5954 ’Ὠσπερ
895 5883 1202 5954 γχώμεγοι.
1238 5885 1388 5954 Sylb.
1420 5885 1705 5956 legendum
1738 5884 1995 5957 coniecit,

2104 4781 2284 4851 κρίσιν
2319 4779 2613 4850 πεμφθεῖσι
2645 4779 2737 4833 δύο
2768 4779 3018 4847 ἀγγέλοις
3042 4777 3145 4829 ὑπὸ
3177 4775 3335 4829 ἄλλου
3362 4774 3454 4828 τοῦ
3487 4777 3546 4827 ἐν
3577 4777 3690 4836 τοῖς

2103 4873 2516 4942 ύπερουρανίοις
2564 4873 2651 4924 ἀεὶ
2699 4871 2948 4942 μένοντος
2968 4911 2981 4934 ,
3019 4869 3110 4923 καὶ⁵
3136 4868 3310 4921 οὐδενὶ
3341 4865 3621 4936 ὀφθέντος,
3654 4864 3689 4935 ἢ

2104 5181 2179 5246 ὡς
2214 5199 2287 5254 πα
2298 5180 2661 5254 ραχρῴμενοι.

2176 5252 2308 5324 (49)
2337 5252 2546 5324 mag;
2578 5253 2892 5324 Legendum
2927 5255 3095 5324 ἡμᾶς,
3145 5260 3218 5324 ut_
3237 5264 3333 5319 per
3367 5263 3426 5303 se
3460 5257 3640 5324 patet.

2177 5321 2291 5394 (50)
2332 5321 2650 5394 Δεομένων.
2667 5321 2876 5378 Melius
2911 5321 3041 5378 sane
3064 5321 3476 5394 6eopév0tg,_sed
3505 5328 3690 5394 tamen

2106 5390 2236 5448 ferri
2273 5390 2604 5464 potestjilud
2632 5393 2939 5464 δεομένων;
2973 5390 3410 5464 ιιειιιιεοιιὶιιιιιις
3432 5390 3694 5464 omnibus

2106 5459 2412 5534 generatim
2447 5459 2748 5534 Scriptuiris
2773 5465 2998 5534 intelligi
3020 5459 3334 5534 debet,_se_d
3359 5461 3444 5534 _de
3476 5459 3544 5534 iis
3574 5459 3694 5534 qui-

2107 5529 2209 5590 bus
2247 5536 2324 5588 uti
2355 5529 2897 5589 StatueratJustinus
2930 5529 2997 5588 a'd
3019 5532 3224 5588 Christi
3261 5529 3566 5585 divinitatis
3598 5530 3692 5581 de-

2109 5603 2436 5658 fensionem.
2466 5601 2632 5659 Paulo
2657 5614 2784 5658 ante
2819 5623 2874 5658 n.
2909 5604 2998 5670 55,
3032 5605 3264 5657 similem
3302 5602 3569 5654 habemus
3606 5597 3693 5652 vel

2108 5673 2482 5735 librariorum,
2499 5675 2582 5727 vel
2602 5675 2994 5742 potiusJustini
3015 5670 3358 5742 properantis
3378 5671 3646 5742 incuriam
3671 5685 3686 5720 :

2107 5743 2453 5816 Προαγγελία
2467 5742 2534 5816 ἦν
2551 5736 2648 5816 καὶ
2663 5744 2770 5797 τῶν
2794 5744 2909 5816 ἀπὸ
2929 5736 3031 5814 τῆς
3052 5736 3373 5816 συναγωγῆς
3395 5738 3548 5816 μῶν
3569 5736 3690 5807 ἅμα

2106 5809 2212 5879 τοῖς
2247 5809 2352 5870 απὸ
2385 5809 2502 5869 τῶν
2526 5814 2692 5870 ἐθνῶν
2727 5809 3003 5869 πιστεύειν
3036 5815 3121 5868 ἐπ’
3157 5809 3651 5882 αὖτὸνήμέλλουσιν.
