  <div class='ocr_page' id='page_1' title='image "/cluster/home/n/w/nwhite01/storage/ocr_20150623/6/mdp.39015004289917/310.png"; bbox 0 0 3962 6262; ppageno 0'>
   <div class='ocr_carea' id='block_1_1' title="bbox 272 380 369 437">
    <p class='ocr_par' dir='ltr' id='par_1_1' title="bbox 272 380 369 437">
     <span class='ocr_line' id='line_1_1' title="bbox 272 380 369 437; baseline -0.021 0"><span class='ocrx_word' id='word_1_1' title='bbox 272 380 369 437; x_wconf 73' lang='lat'><strong>597</strong></span> 
     </span>
    </p>
   </div>
   <div class='ocr_carea' id='block_1_2' title="bbox 1286 380 2512 441">
    <p class='ocr_par' dir='ltr' id='par_1_2' title="bbox 1286 380 2512 441">
     <span class='ocr_line' id='line_1_2' title="bbox 1286 380 2512 441; baseline 0.001 -1"><span class='ocrx_word' id='word_1_2' title='bbox 1286 381 1627 441; x_wconf 54' lang='lat' dir='ltr'><strong>DLALOGUS</strong></span> <span class='ocrx_word' id='word_1_3' title='bbox 1659 383 1824 440; x_wconf 83' lang='lat' dir='ltr'><strong>CUM&#39;</strong></span> <span class='ocrx_word' id='word_1_4' title='bbox 1845 380 2218 439; x_wconf 74' lang='lat' dir='ltr'><strong>TRYPHONE</strong></span> <span class='ocrx_word' id='word_1_5' title='bbox 2249 384 2512 441; x_wconf 63' lang='lat' dir='ltr'><strong>JUDIEO.</strong></span> 
     </span>
    </p>
   </div>
   <div class='ocr_carea' id='block_1_3' title="bbox 3469 383 3573 440">
    <p class='ocr_par' dir='ltr' id='par_1_3' title="bbox 3469 383 3573 440">
     <span class='ocr_line' id='line_1_3' title="bbox 3469 383 3573 440; baseline 0.019 -2"><span class='ocrx_word' id='word_1_6' title='bbox 3469 383 3573 440; x_wconf 75' lang='lat'><strong>598</strong></span> 
     </span>
    </p>
   </div>
   <div class='ocr_carea' id='block_1_4' title="bbox 266 495 1905 572">
    <p class='ocr_par' dir='ltr' id='par_1_4' title="bbox 266 495 1904 572">
     <span class='ocr_line' id='line_1_4' title="bbox 266 495 1904 572; baseline 0.001 -24"><span class='ocrx_word' id='word_1_7' title='bbox 266 495 612 567; x_wconf 71' lang='grc' dir='ltr'><strong>ὁμιλήσαντος</strong></span> <span class='ocrx_word' id='word_1_8' title='bbox 659 495 731 550; x_wconf 77' lang='grc' dir='ltr'><strong>δι’</strong></span> <span class='ocrx_word' id='word_1_9' title='bbox 778 498 1008 553; x_wconf 80' lang='grc' dir='ltr'>ἑαυτοῦ</span> <span class='ocrx_word' id='word_1_10' title='bbox 1066 517 1203 554; x_wconf 85' lang='grc' dir='ltr'>ποτε</span> <span class='ocrx_word' id='word_1_11' title='bbox 1226 540 1239 564; x_wconf 89' lang='grc'><strong>,</strong></span> <span class='ocrx_word' id='word_1_12' title='bbox 1271 500 1328 553; x_wconf 77' lang='grc' dir='ltr'>ὃν</span> <span class='ocrx_word' id='word_1_13' title='bbox 1361 501 1588 572; x_wconf 83' lang='grc' dir='ltr'>ποιητὴν</span> <span class='ocrx_word' id='word_1_14' title='bbox 1629 498 1738 554; x_wconf 88' lang='grc' dir='ltr'><strong>τῶν</strong></span> <span class='ocrx_word' id='word_1_15' title='bbox 1768 498 1904 552; x_wconf 82' lang='grc' dir='ltr'>ὅλων</span> 
     </span>
    </p>
   </div>
   <div class='ocr_carea' id='block_1_5' title="bbox 2017 495 3573 572">
    <p class='ocr_par' dir='ltr' id='par_1_5' title="bbox 2017 497 3573 570">
     <span class='ocr_line' id='line_1_5' title="bbox 2017 497 3573 570; baseline -0.001 -17"><span class='ocrx_word' id='word_1_16' title='bbox 2017 499 2422 568; x_wconf 72' lang='grc' dir='ltr'>μετοωΙεειίιιιιε</span> <span class='ocrx_word' id='word_1_17' title='bbox 2463 513 2676 570; x_wconf 81' lang='lat' dir='ltr'><strong>semper</strong></span> <span class='ocrx_word' id='word_1_18' title='bbox 2710 512 2957 561; x_wconf 87' lang='lat' dir='ltr'><strong>manens,</strong></span> <span class='ocrx_word' id='word_1_19' title='bbox 3008 512 3070 552; x_wconf 87' lang='lat' dir='ltr'><strong>ac</strong></span> <span class='ocrx_word' id='word_1_20' title='bbox 3097 497 3300 552; x_wconf 82' lang='lat' dir='ltr'><strong>nemini</strong></span> <span class='ocrx_word' id='word_1_21' title='bbox 3335 514 3573 568; x_wconf 88' lang='lat' dir='ltr'><strong>unquam</strong></span> 
     </span>
    </p>
   </div>
   <div class='ocr_carea' id='block_1_6' title="bbox 272 587 1900 664">
    <p class='ocr_par' dir='ltr' id='par_1_6' title="bbox 272 587 1900 664">
     <span class='ocr_line' id='line_1_6' title="bbox 272 587 1900 664; baseline 0.002 -24"><span class='ocrx_word' id='word_1_22' title='bbox 272 588 356 641; x_wconf 77' lang='grc' dir='ltr'><strong>καὶ</strong></span> <span class='ocrx_word' id='word_1_23' title='bbox 385 589 597 660; x_wconf 78' lang='grc' dir='ltr'>πατέρα</span> <span class='ocrx_word' id='word_1_24' title='bbox 624 587 888 662; x_wconf 74' lang='grc' dir='ltr'>νοοῦμεν</span> <span class='ocrx_word' id='word_1_25' title='bbox 911 609 928 623; x_wconf 72' lang='grc' dir='ltr'><strong>ο</strong></span> <span class='ocrx_word' id='word_1_26' title='bbox 968 592 1124 647; x_wconf 72' lang='grc' dir='ltr'>οὕτω</span> <span class='ocrx_word' id='word_1_27' title='bbox 1161 593 1268 664; x_wconf 84' lang='grc' dir='ltr'>γάρ</span> <span class='ocrx_word' id='word_1_28' title='bbox 1289 592 1396 663; x_wconf 84' lang='grc'><strong>(51)</strong></span> <span class='ocrx_word' id='word_1_29' title='bbox 1433 610 1600 664; x_wconf 83' lang='grc' dir='ltr'>φησιν</span> <span class='ocrx_word' id='word_1_30' title='bbox 1622 609 1636 623; x_wconf 76' lang='grc' dir='ltr'><strong>ο</strong></span> <span class='ocrx_word' id='word_1_31' title='bbox 1673 612 1691 644; x_wconf 73' lang='grc' dir='ltr'><strong>ι</strong></span> <span class='ocrx_word' id='word_1_32' title='bbox 1724 590 1900 661; x_wconf 68' lang='lat' dir='ltr'><strong>&quot;(lqu</strong></span> 
     </span>
    </p>
   </div>
   <div class='ocr_carea' id='block_1_7' title="bbox 272 681 1900 760">
    <p class='ocr_par' dir='ltr' id='par_1_7' title="bbox 272 681 1900 760">
     <span class='ocr_line' id='line_1_7' title="bbox 272 681 1900 760; baseline 0.001 -25"><span class='ocrx_word' id='word_1_33' title='bbox 272 683 323 735; x_wconf 73' lang='grc' dir='ltr'>δὲ</span> <span class='ocrx_word' id='word_1_34' title='bbox 357 681 503 753; x_wconf 79' lang='grc' dir='ltr'>αὐτῷ</span> <span class='ocrx_word' id='word_1_35' title='bbox 527 685 559 736; x_wconf 99' lang='lat'><strong>6</strong></span> <span class='ocrx_word' id='word_1_36' title='bbox 590 683 740 747; x_wconf 83' lang='grc' dir='ltr'>Θεὸς</span> <span class='ocrx_word' id='word_1_37' title='bbox 765 686 925 756; x_wconf 81' lang='grc' dir='ltr'>πρὸς</span> <span class='ocrx_word' id='word_1_38' title='bbox 1049 687 1175 759; x_wconf 74' lang='grc' dir='ltr'>δρυῒ</span> <span class='ocrx_word' id='word_1_39' title='bbox 1205 691 1268 758; x_wconf 83' lang='grc' dir='ltr'>τῇ</span> <span class='ocrx_word' id='word_1_40' title='bbox 1294 688 1558 760; x_wconf 82' lang='grc' dir='ltr'>Μαμϐρῇ,</span> <span class='ocrx_word' id='word_1_41' title='bbox 1593 685 1900 757; x_wconf 79' lang='grc' dir='ltr'><strong>καθημένου</strong></span> 
     </span>
    </p>
   </div>
   <div class='ocr_carea' id='block_1_8' title="bbox 276 775 1904 854">
    <p class='ocr_par' dir='ltr' id='par_1_8' title="bbox 276 775 1904 854">
     <span class='ocr_line' id='line_1_8' title="bbox 276 775 1904 854; baseline 0.002 -26"><span class='ocrx_word' id='word_1_42' title='bbox 276 775 424 831; x_wconf 73' lang='grc' dir='ltr'>αὑτοῦ</span> <span class='ocrx_word' id='word_1_43' title='bbox 458 777 555 828; x_wconf 71' lang='grc' dir='ltr'>ἐπὶ</span> <span class='ocrx_word' id='word_1_44' title='bbox 589 780 664 848; x_wconf 76' lang='grc' dir='ltr'>τῇ</span> <span class='ocrx_word' id='word_1_45' title='bbox 697 777 865 850; x_wconf 70' lang='grc' dir='ltr'>Θύρᾳ.</span> <span class='ocrx_word' id='word_1_46' title='bbox 893 781 1004 852; x_wconf 79' lang='grc' dir='ltr'><strong>τῆς</strong></span> <span class='ocrx_word' id='word_1_47' title='bbox 1037 782 1244 852; x_wconf 82' lang='grc' dir='ltr'>σκηνῆς</span> <span class='ocrx_word' id='word_1_48' title='bbox 1263 783 1624 854; x_wconf 89' lang='grc' dir='ltr'>μεσημϐρίας.</span> <span class='ocrx_word' id='word_1_49' title='bbox 1651 779 1904 835; x_wconf 82' lang='grc' dir='ltr'>Ἀναϐλὲ-</span> 
     </span>
    </p>
   </div>
   <div class='ocr_carea' id='block_1_9' title="bbox 275 868 1903 947">
    <p class='ocr_par' dir='ltr' id='par_1_9' title="bbox 275 868 1903 947">
     <span class='ocr_line' id='line_1_9' title="bbox 275 868 1903 947; baseline 0.004 -26"><span class='ocrx_word' id='word_1_50' title='bbox 275 869 375 939; x_wconf 66' lang='grc' dir='ltr'><strong>ψας</strong></span> <span class='ocrx_word' id='word_1_51' title='bbox 402 868 460 922; x_wconf 81' lang='grc' dir='ltr'><strong>δὲ</strong></span> <span class='ocrx_word' id='word_1_52' title='bbox 489 873 610 933; x_wconf 84' lang='grc' dir='ltr'>τοῖς</span> <span class='ocrx_word' id='word_1_53' title='bbox 644 871 981 944; x_wconf 73' lang='grc' dir='ltr'><strong>ὀφθαλμοῖς</strong></span> <span class='ocrx_word' id='word_1_54' title='bbox 1026 869 1170 928; x_wconf 73' lang='grc' dir='ltr'>εῒδεο</span> <span class='ocrx_word' id='word_1_55' title='bbox 1221 876 1313 928; x_wconf 75' lang='grc' dir='ltr'><strong>καὶ</strong></span> <span class='ocrx_word' id='word_1_56' title='bbox 1359 875 1467 929; x_wconf 81' lang='grc' dir='ltr'>ἰδοὺ</span> <span class='ocrx_word' id='word_1_57' title='bbox 1517 879 1667 945; x_wconf 81' lang='grc' dir='ltr'>τρεῖς</span> <span class='ocrx_word' id='word_1_58' title='bbox 1712 875 1903 947; x_wconf 82' lang='grc' dir='ltr'>ἄνδρες</span> 
     </span>
    </p>
   </div>
   <div class='ocr_carea' id='block_1_10' title="bbox 283 963 1903 1039">
    <p class='ocr_par' dir='ltr' id='par_1_10' title="bbox 283 963 1903 1039">
     <span class='ocr_line' id='line_1_10' title="bbox 283 963 1903 1039; baseline 0.004 -25"><span class='ocrx_word' id='word_1_59' title='bbox 283 963 628 1034; x_wconf 75' lang='grc' dir='ltr'>εἱπήκεισαν</span> <span class='ocrx_word' id='word_1_60' title='bbox 667 963 884 1019; x_wconf 77' lang='grc' dir='ltr'>ἐπάνω</span> <span class='ocrx_word' id='word_1_61' title='bbox 922 966 1125 1020; x_wconf 79' lang='grc' dir='ltr'>αὑτοῦ·</span> <span class='ocrx_word' id='word_1_62' title='bbox 1162 967 1254 1020; x_wconf 73' lang='grc' dir='ltr'><strong>καὶ</strong></span> <span class='ocrx_word' id='word_1_63' title='bbox 1293 965 1415 1021; x_wconf 80' lang='grc' dir='ltr'>ἰδὼν</span> <span class='ocrx_word' id='word_1_64' title='bbox 1461 967 1793 1039; x_wconf 75' lang='grc' dir='ltr'>συνέδραμεν</span> <span class='ocrx_word' id='word_1_65' title='bbox 1823 968 1903 1030; x_wconf 84' lang='grc' dir='ltr'><strong>είς</strong></span> 
     </span>
    </p>
   </div>
   <div class='ocr_carea' id='block_1_11' title="bbox 290 1055 1896 1130">
    <p class='ocr_par' dir='ltr' id='par_1_11' title="bbox 290 1055 1896 1130">
     <span class='ocr_line' id='line_1_11' title="bbox 290 1055 1896 1130; baseline 0.002 -23"><span class='ocrx_word' id='word_1_66' title='bbox 290 1055 609 1124; x_wconf 73' lang='grc' dir='ltr'>συνάντησιν</span> <span class='ocrx_word' id='word_1_67' title='bbox 644 1057 853 1120; x_wconf 79' lang='grc' dir='ltr'>αὐτοῖς</span> <span class='ocrx_word' id='word_1_68' title='bbox 887 1058 1002 1111; x_wconf 84' lang='grc' dir='ltr'><strong>ἀπὸ</strong></span> <span class='ocrx_word' id='word_1_69' title='bbox 1028 1059 1129 1129; x_wconf 82' lang='grc' dir='ltr'><strong>τῆς</strong></span> <span class='ocrx_word' id='word_1_70' title='bbox 1155 1058 1323 1130; x_wconf 85' lang='grc' dir='ltr'>θύρας</span> <span class='ocrx_word' id='word_1_71' title='bbox 1353 1059 1453 1130; x_wconf 81' lang='grc' dir='ltr'><strong>τῆς</strong></span> <span class='ocrx_word' id='word_1_72' title='bbox 1475 1059 1680 1130; x_wconf 85' lang='grc' dir='ltr'>σκηνῆς</span> <span class='ocrx_word' id='word_1_73' title='bbox 1712 1057 1896 1111; x_wconf 79' lang='grc' dir='ltr'>αὐτοῦ·</span> 
     </span>
    </p>
   </div>
   <div class='ocr_carea' id='block_1_12' title="bbox 293 1147 1904 1222">
    <p class='ocr_par' dir='ltr' id='par_1_12' title="bbox 293 1147 1904 1222">
     <span class='ocr_line' id='line_1_12' title="bbox 293 1147 1904 1222; baseline 0.002 -23"><span class='ocrx_word' id='word_1_74' title='bbox 293 1147 376 1199; x_wconf 80' lang='grc' dir='ltr'><strong>καὶ</strong></span> <span class='ocrx_word' id='word_1_75' title='bbox 407 1147 848 1220; x_wconf 78' lang='grc' dir='ltr'>προσεκύνησεν</span> <span class='ocrx_word' id='word_1_76' title='bbox 903 1151 1000 1203; x_wconf 71' lang='grc' dir='ltr'><strong>ἐπὶ</strong></span> <span class='ocrx_word' id='word_1_77' title='bbox 1044 1150 1141 1222; x_wconf 83' lang='grc' dir='ltr'><strong>τὴν</strong></span> <span class='ocrx_word' id='word_1_78' title='bbox 1173 1151 1277 1221; x_wconf 80' lang='grc' dir='ltr'><strong>γῆν</strong></span> <span class='ocrx_word' id='word_1_79' title='bbox 1299 1192 1313 1216; x_wconf 89' lang='grc'>,</span> <span class='ocrx_word' id='word_1_80' title='bbox 1348 1152 1442 1205; x_wconf 74' lang='grc' dir='ltr'>καὶ</span> <span class='ocrx_word' id='word_1_81' title='bbox 1465 1147 1586 1204; x_wconf 75' lang='grc' dir='ltr'>εἷπε</span> <span class='ocrx_word' id='word_1_82' title='bbox 1611 1169 1623 1180; x_wconf 83' lang='grc'><em>’</em></span> <span class='ocrx_word' id='word_1_83' title='bbox 1652 1171 1670 1202; x_wconf 79' lang='grc' dir='ltr'><strong>ι</strong></span> <span class='ocrx_word' id='word_1_84' title='bbox 1711 1150 1803 1203; x_wconf 73' lang='grc' dir='ltr'><strong>καὶ</strong></span> <span class='ocrx_word' id='word_1_85' title='bbox 1834 1150 1904 1203; x_wconf 88' lang='grc' dir='ltr'><strong>τά</strong></span> 
     </span>
    </p>
   </div>
   <div class='ocr_carea' id='block_1_13' title="bbox 293 1239 1902 1316">
    <p class='ocr_par' dir='ltr' id='par_1_13' title="bbox 293 1239 1902 1316">
     <span class='ocr_line' id='line_1_13' title="bbox 293 1239 1902 1316; baseline 0.002 -25"><span class='ocrx_word' id='word_1_86' title='bbox 293 1239 444 1292; x_wconf 78' lang='grc' dir='ltr'>λοιπὰ</span> <span class='ocrx_word' id='word_1_87' title='bbox 496 1239 616 1310; x_wconf 73' lang='grc'><strong>(52)</strong></span> <span class='ocrx_word' id='word_1_88' title='bbox 676 1241 855 1313; x_wconf 78' lang='grc' dir='ltr'>μέχρι</span> <span class='ocrx_word' id='word_1_89' title='bbox 902 1242 998 1295; x_wconf 77' lang='grc' dir='ltr'>τοῦ</span> <span class='ocrx_word' id='word_1_90' title='bbox 1025 1260 1039 1274; x_wconf 90' lang='grc'><strong>·</strong></span> <span class='ocrx_word' id='word_1_91' title='bbox 1081 1263 1098 1295; x_wconf 79' lang='grc' dir='ltr'><strong>ι</strong></span> <span class='ocrx_word' id='word_1_92' title='bbox 1135 1244 1392 1316; x_wconf 84' lang='grc' dir='ltr'>Ὠρθρισε</span> <span class='ocrx_word' id='word_1_93' title='bbox 1435 1244 1492 1297; x_wconf 78' lang='grc' dir='ltr'><strong>δὲ</strong></span> <span class='ocrx_word' id='word_1_94' title='bbox 1541 1243 1793 1315; x_wconf 79' lang='grc' dir='ltr'>Ἀϐραὰμ</span> <span class='ocrx_word' id='word_1_95' title='bbox 1825 1242 1902 1313; x_wconf 79' lang='grc' dir='ltr'><strong>τῷ</strong></span> 
     </span>
    </p>
   </div>
   <div class='ocr_carea' id='block_1_14' title="bbox 297 1330 1903 1408">
    <p class='ocr_par' dir='ltr' id='par_1_14' title="bbox 297 1330 1903 1408">
     <span class='ocr_line' id='line_1_14' title="bbox 297 1330 1903 1408; baseline 0.004 -26"><span class='ocrx_word' id='word_1_96' title='bbox 297 1330 432 1402; x_wconf 70' lang='grc' dir='ltr'>πρωϊ</span> <span class='ocrx_word' id='word_1_97' title='bbox 468 1335 550 1396; x_wconf 77' lang='grc' dir='ltr'><strong>εἰς</strong></span> <span class='ocrx_word' id='word_1_98' title='bbox 579 1335 679 1387; x_wconf 84' lang='grc' dir='ltr'><strong>τὸν</strong></span> <span class='ocrx_word' id='word_1_99' title='bbox 715 1336 896 1388; x_wconf 85' lang='grc' dir='ltr'>τόπον</span> <span class='ocrx_word' id='word_1_100' title='bbox 927 1331 990 1390; x_wconf 75' lang='grc' dir='ltr'><strong>οὗ</strong></span> <span class='ocrx_word' id='word_1_101' title='bbox 1023 1337 1263 1408; x_wconf 78' lang='grc' dir='ltr'>εἱστήκει</span> <span class='ocrx_word' id='word_1_102' title='bbox 1308 1336 1488 1390; x_wconf 77' lang='grc' dir='ltr'>ἔναντι</span> <span class='ocrx_word' id='word_1_103' title='bbox 1532 1335 1772 1408; x_wconf 81' lang='grc' dir='ltr'>Κυρίου,</span> <span class='ocrx_word' id='word_1_104' title='bbox 1809 1336 1903 1389; x_wconf 79' lang='grc' dir='ltr'>καὶ</span> 
     </span>
    </p>
   </div>
   <div class='ocr_carea' id='block_1_15' title="bbox 297 1423 1902 1500">
    <p class='ocr_par' dir='ltr' id='par_1_15' title="bbox 297 1423 1902 1500">
     <span class='ocr_line' id='line_1_15' title="bbox 297 1423 1902 1500; baseline 0.002 -26"><span class='ocrx_word' id='word_1_105' title='bbox 297 1423 593 1493; x_wconf 71' lang='grc' dir='ltr'>ἐπέϐλεψεν</span> <span class='ocrx_word' id='word_1_106' title='bbox 629 1427 733 1481; x_wconf 76' lang='grc' dir='ltr'><strong>ἐπὶ</strong></span> <span class='ocrx_word' id='word_1_107' title='bbox 763 1428 1066 1497; x_wconf 86' lang='grc' dir='ltr'>πρόσωπον</span> <span class='ocrx_word' id='word_1_108' title='bbox 1088 1429 1334 1499; x_wconf 81' lang='grc' dir='ltr'><strong>Σοδόμων</strong></span> <span class='ocrx_word' id='word_1_109' title='bbox 1369 1429 1463 1482; x_wconf 70' lang='grc' dir='ltr'><strong>καλ⁸</strong></span> <span class='ocrx_word' id='word_1_110' title='bbox 1482 1428 1783 1500; x_wconf 73' lang='grc' dir='ltr'>Γομόρρας,</span> <span class='ocrx_word' id='word_1_111' title='bbox 1809 1427 1902 1481; x_wconf 76' lang='grc' dir='ltr'><strong>καὶ</strong></span> 
     </span>
    </p>
   </div>
   <div class='ocr_carea' id='block_1_16' title="bbox 299 1516 1902 1594">
    <p class='ocr_par' dir='ltr' id='par_1_16' title="bbox 299 1516 1902 1594">
     <span class='ocr_line' id='line_1_16' title="bbox 299 1516 1902 1594; baseline 0.002 -25"><span class='ocrx_word' id='word_1_112' title='bbox 299 1516 387 1569; x_wconf 76' lang='grc' dir='ltr'><strong>ἐπὶ</strong></span> <span class='ocrx_word' id='word_1_113' title='bbox 408 1517 718 1587; x_wconf 77' lang='grc' dir='ltr'>πρόσωπον</span> <span class='ocrx_word' id='word_1_114' title='bbox 753 1519 861 1589; x_wconf 81' lang='grc' dir='ltr'>τῆς</span> <span class='ocrx_word' id='word_1_115' title='bbox 895 1520 1000 1591; x_wconf 84' lang='grc' dir='ltr'><strong>γῆς</strong></span> <span class='ocrx_word' id='word_1_116' title='bbox 1032 1521 1132 1592; x_wconf 85' lang='grc' dir='ltr'><strong>τῆς</strong></span> <span class='ocrx_word' id='word_1_117' title='bbox 1164 1520 1492 1594; x_wconf 80' lang='grc' dir='ltr'>περιχώρου,</span> <span class='ocrx_word' id='word_1_118' title='bbox 1517 1522 1611 1575; x_wconf 72' lang='grc' dir='ltr'><strong>καὶ</strong></span> <span class='ocrx_word' id='word_1_119' title='bbox 1643 1517 1749 1573; x_wconf 76' lang='grc' dir='ltr'>εἶδε</span> <span class='ocrx_word' id='word_1_120' title='bbox 1769 1536 1782 1551; x_wconf 88' lang='grc'><strong>·</strong></span> <span class='ocrx_word' id='word_1_121' title='bbox 1808 1522 1902 1574; x_wconf 73' lang='grc' dir='ltr'><strong>καὶ</strong></span> 
     </span>
    </p>
   </div>
   <div class='ocr_carea' id='block_1_17' title="bbox 305 1607 1896 1684">
    <p class='ocr_par' dir='ltr' id='par_1_17' title="bbox 305 1607 1896 1684">
     <span class='ocr_line' id='line_1_17' title="bbox 305 1607 1896 1684; baseline 0.003 -24"><span class='ocrx_word' id='word_1_122' title='bbox 305 1607 407 1660; x_wconf 79' lang='grc' dir='ltr'>ἰδοὺ</span> <span class='ocrx_word' id='word_1_123' title='bbox 428 1608 694 1662; x_wconf 78' lang='grc' dir='ltr'>ἀνέϐαινε</span> <span class='ocrx_word' id='word_1_124' title='bbox 733 1611 873 1681; x_wconf 76' lang='grc' dir='ltr'>φλὸξ</span> <span class='ocrx_word' id='word_1_125' title='bbox 906 1613 973 1665; x_wconf 85' lang='grc' dir='ltr'>ὲκ</span> <span class='ocrx_word' id='word_1_126' title='bbox 1005 1613 1103 1684; x_wconf 82' lang='grc' dir='ltr'>τῆς</span> <span class='ocrx_word' id='word_1_127' title='bbox 1121 1612 1226 1684; x_wconf 82' lang='grc' dir='ltr'><strong>γῆς</strong></span> <span class='ocrx_word' id='word_1_128' title='bbox 1256 1612 1389 1667; x_wconf 73' lang='grc' dir='ltr'>ὼσε),</span> <span class='ocrx_word' id='word_1_129' title='bbox 1422 1613 1586 1683; x_wconf 74' lang='grc' dir='ltr'>ἀτμὶς</span> <span class='ocrx_word' id='word_1_130' title='bbox 1612 1612 1896 1683; x_wconf 77' lang='grc' dir='ltr'>καμίνου.»</span> 
     </span>
    </p>
   </div>
   <div class='ocr_carea' id='block_1_18' title="bbox 304 1701 1902 1777">
    <p class='ocr_par' dir='ltr' id='par_1_18' title="bbox 304 1701 1902 1777">
     <span class='ocr_line' id='line_1_18' title="bbox 304 1701 1902 1777; baseline 0.005 -25"><span class='ocrx_word' id='word_1_131' title='bbox 304 1730 367 1740; x_wconf 89' lang='grc'><strong>--</strong></span> <span class='ocrx_word' id='word_1_132' title='bbox 384 1701 494 1753; x_wconf 70' lang='grc' dir='ltr'>Καὶ</span> <span class='ocrx_word' id='word_1_133' title='bbox 509 1703 882 1773; x_wconf 80' lang='grc' dir='ltr'>παυσάμενος</span> <span class='ocrx_word' id='word_1_134' title='bbox 901 1702 1086 1758; x_wconf 82' lang='grc' dir='ltr'>λοιπὸν</span> <span class='ocrx_word' id='word_1_135' title='bbox 1105 1704 1196 1759; x_wconf 79' lang='grc' dir='ltr'>τοῦ</span> <span class='ocrx_word' id='word_1_136' title='bbox 1219 1705 1415 1775; x_wconf 85' lang='grc' dir='ltr'>λέγειν,</span> <span class='ocrx_word' id='word_1_137' title='bbox 1428 1705 1708 1777; x_wconf 75' lang='grc' dir='ltr'>ἐπυθόμην</span> <span class='ocrx_word' id='word_1_138' title='bbox 1725 1705 1902 1760; x_wconf 82' lang='grc' dir='ltr'>αὐτῶν</span> 
     </span>
    </p>
   </div>
   <div class='ocr_carea' id='block_1_19' title="bbox 305 1793 1184 1871">
    <p class='ocr_par' dir='ltr' id='par_1_19' title="bbox 305 1793 1184 1871">
     <span class='ocr_line' id='line_1_19' title="bbox 305 1793 1184 1871; baseline 0.007 -26"><span class='ocrx_word' id='word_1_139' title='bbox 305 1793 351 1845; x_wconf 84' lang='grc' dir='ltr'><strong>εί</strong></span> <span class='ocrx_word' id='word_1_140' title='bbox 373 1793 770 1866; x_wconf 83' lang='grc' dir='ltr'>ἐνενοήκεισαν</span> <span class='ocrx_word' id='word_1_141' title='bbox 794 1795 868 1849; x_wconf 78' lang='grc' dir='ltr'>τὰ</span> <span class='ocrx_word' id='word_1_142' title='bbox 899 1797 1184 1871; x_wconf 76' lang='grc' dir='ltr'>εἰρημένα.</span> 
     </span>
    </p>
   </div>
   <div class='ocr_carea' id='block_1_20' title="bbox 375 1993 1902 2071">
    <p class='ocr_par' dir='ltr' id='par_1_20' title="bbox 375 1993 1902 2071">
     <span class='ocr_line' id='line_1_20' title="bbox 375 1993 1902 2071; baseline 0.002 -24"><span class='ocrx_word' id='word_1_143' title='bbox 375 1994 436 2047; x_wconf 78' lang='lat' dir='ltr'><strong>Ol</strong></span> <span class='ocrx_word' id='word_1_144' title='bbox 463 1993 521 2046; x_wconf 86' lang='grc' dir='ltr'><strong>δέ</strong></span> <span class='ocrx_word' id='word_1_145' title='bbox 559 1993 782 2063; x_wconf 60' lang='grc' dir='ltr'>ἔφασαν</span> <span class='ocrx_word' id='word_1_146' title='bbox 813 1998 1128 2067; x_wconf 83' lang='grc' dir='ltr'>νενοηκέναι</span> <span class='ocrx_word' id='word_1_147' title='bbox 1172 1999 1302 2070; x_wconf 89' lang='grc' dir='ltr'>μέν,</span> <span class='ocrx_word' id='word_1_148' title='bbox 1337 1999 1500 2071; x_wconf 82' lang='grc' dir='ltr'>μηδὲν</span> <span class='ocrx_word' id='word_1_149' title='bbox 1540 2000 1597 2053; x_wconf 82' lang='grc' dir='ltr'>δὲ</span> <span class='ocrx_word' id='word_1_150' title='bbox 1634 1999 1778 2070; x_wconf 82' lang='grc' dir='ltr'>ἔχειν</span> <span class='ocrx_word' id='word_1_151' title='bbox 1823 1999 1902 2062; x_wconf 87' lang='grc' dir='ltr'><strong>είς</strong></span> 
     </span>
    </p>
   </div>
   <div class='ocr_carea' id='block_1_21' title="bbox 310 2083 1904 2162">
    <p class='ocr_par' dir='ltr' id='par_1_21' title="bbox 310 2083 1904 2162">
     <span class='ocr_line' id='line_1_21' title="bbox 310 2083 1904 2162; baseline 0.006 -26"><span class='ocrx_word' id='word_1_152' title='bbox 310 2083 575 2149; x_wconf 62' lang='grc' dir='ltr'>ἀπόδειξιν</span> <span class='ocrx_word' id='word_1_153' title='bbox 601 2087 738 2150; x_wconf 78' lang='grc' dir='ltr'>τοὺς</span> <span class='ocrx_word' id='word_1_154' title='bbox 772 2087 1132 2160; x_wconf 82' lang='grc' dir='ltr'>λελεγμένους</span> <span class='ocrx_word' id='word_1_155' title='bbox 1172 2090 1361 2160; x_wconf 83' lang='grc' dir='ltr'>λόγους</span> <span class='ocrx_word' id='word_1_156' title='bbox 1387 2132 1400 2154; x_wconf 91' lang='grc'>,</span> <span class='ocrx_word' id='word_1_157' title='bbox 1436 2093 1516 2145; x_wconf 78' lang='grc' dir='ltr'><strong>ὅτι</strong></span> <span class='ocrx_word' id='word_1_158' title='bbox 1562 2091 1694 2155; x_wconf 86' lang='grc' dir='ltr'>Θεὸς</span> <span class='ocrx_word' id='word_1_159' title='bbox 1725 2092 1757 2162; x_wconf 87' lang='grc' dir='ltr'>ἢ</span> <span class='ocrx_word' id='word_1_160' title='bbox 1791 2091 1904 2144; x_wconf 86' lang='grc' dir='ltr'><strong>Κύ-</strong></span> 
     </span>
    </p>
   </div>
   <div class='ocr_carea' id='block_1_22' title="bbox 315 2176 1905 2250">
    <p class='ocr_par' dir='ltr' id='par_1_22' title="bbox 315 2176 1905 2250">
     <span class='ocr_line' id='line_1_22' title="bbox 315 2176 1905 2250; baseline 0.005 -24"><span class='ocrx_word' id='word_1_161' title='bbox 315 2192 420 2246; x_wconf 83' lang='grc' dir='ltr'>ριος</span> <span class='ocrx_word' id='word_1_162' title='bbox 449 2176 615 2240; x_wconf 77' lang='grc' dir='ltr'>ἄλλος</span> <span class='ocrx_word' id='word_1_163' title='bbox 644 2178 733 2240; x_wconf 83' lang='grc' dir='ltr'><strong>τίς</strong></span> <span class='ocrx_word' id='word_1_164' title='bbox 762 2180 932 2245; x_wconf 80' lang='grc' dir='ltr'>ἐστιν,</span> <span class='ocrx_word' id='word_1_165' title='bbox 959 2178 990 2248; x_wconf 85' lang='grc' dir='ltr'>ἣ</span> <span class='ocrx_word' id='word_1_166' title='bbox 1024 2179 1272 2234; x_wconf 82' lang='grc' dir='ltr'>λέλεκται</span> <span class='ocrx_word' id='word_1_167' title='bbox 1294 2182 1401 2234; x_wconf 86' lang='grc' dir='ltr'><strong>ἀπὸ</strong></span> <span class='ocrx_word' id='word_1_168' title='bbox 1425 2181 1518 2234; x_wconf 75' lang='grc' dir='ltr'><strong>τοῦ</strong></span> <span class='ocrx_word' id='word_1_169' title='bbox 1552 2181 1706 2250; x_wconf 81' lang='grc' dir='ltr'>ἁγίου</span> <span class='ocrx_word' id='word_1_170' title='bbox 1737 2181 1905 2236; x_wconf 84' lang='grc' dir='ltr'>Πνεύ-</span> 
     </span>
    </p>
   </div>
   <div class='ocr_carea' id='block_1_23' title="bbox 315 2269 1521 2344">
    <p class='ocr_par' dir='ltr' id='par_1_23' title="bbox 315 2269 1521 2344">
     <span class='ocr_line' id='line_1_23' title="bbox 315 2269 1521 2344; baseline 0.007 -25"><span class='ocrx_word' id='word_1_171' title='bbox 315 2286 476 2338; x_wconf 79' lang='grc' dir='ltr'>ματος</span> <span class='ocrx_word' id='word_1_172' title='bbox 663 2270 824 2340; x_wconf 83' lang='grc' dir='ltr'><strong>παρὰ</strong></span> <span class='ocrx_word' id='word_1_173' title='bbox 847 2271 939 2325; x_wconf 86' lang='grc' dir='ltr'><strong>τὸν</strong></span> <span class='ocrx_word' id='word_1_174' title='bbox 974 2273 1200 2344; x_wconf 81' lang='grc' dir='ltr'>ποιητὴν</span> <span class='ocrx_word' id='word_1_175' title='bbox 1228 2273 1335 2326; x_wconf 89' lang='grc' dir='ltr'><strong>τῶν</strong></span> <span class='ocrx_word' id='word_1_176' title='bbox 1366 2273 1521 2327; x_wconf 85' lang='grc' dir='ltr'>ὅλων.</span> 
     </span>
    </p>
   </div>
   <div class='ocr_carea' id='block_1_24' title="bbox 377 2360 1903 2437">
    <p class='ocr_par' dir='ltr' id='par_1_24' title="bbox 377 2360 1903 2437">
     <span class='ocr_line' id='line_1_24' title="bbox 377 2360 1903 2437; baseline 0.004 -23"><span class='ocrx_word' id='word_1_177' title='bbox 377 2360 553 2428; x_wconf 79' lang='grc' dir='ltr'><strong>Κάγὼ</strong></span> <span class='ocrx_word' id='word_1_178' title='bbox 591 2361 762 2416; x_wconf 78' lang='grc' dir='ltr'>πάλιν</span> <span class='ocrx_word' id='word_1_179' title='bbox 787 2381 800 2393; x_wconf 72' lang='grc' dir='ltr'><strong>ο</strong></span> <span class='ocrx_word' id='word_1_180' title='bbox 843 2364 911 2416; x_wconf 76' lang='grc' dir='ltr'><strong>Ἀ</strong></span> <span class='ocrx_word' id='word_1_181' title='bbox 941 2363 1084 2432; x_wconf 79' lang='grc' dir='ltr'>λέγω</span> <span class='ocrx_word' id='word_1_182' title='bbox 1106 2404 1122 2429; x_wconf 91' lang='grc'>,</span> <span class='ocrx_word' id='word_1_183' title='bbox 1158 2366 1489 2437; x_wconf 85' lang='grc' dir='ltr'>πειράσομαι</span> <span class='ocrx_word' id='word_1_184' title='bbox 1528 2368 1672 2437; x_wconf 83' lang='grc' dir='ltr'>ὑμᾶς</span> <span class='ocrx_word' id='word_1_185' title='bbox 1719 2370 1903 2421; x_wconf 87' lang='grc' dir='ltr'>πεῖσαι</span> 
     </span>
    </p>
   </div>
   <div class='ocr_carea' id='block_1_25' title="bbox 311 2455 1905 2528">
    <p class='ocr_par' dir='ltr' id='par_1_25' title="bbox 311 2455 1905 2528">
     <span class='ocr_line' id='line_1_25' title="bbox 311 2455 1905 2528; baseline 0.005 -23"><span class='ocrx_word' id='word_1_186' title='bbox 311 2455 612 2525; x_wconf 70' lang='grc' dir='ltr'>νοήσαντας</span> <span class='ocrx_word' id='word_1_187' title='bbox 657 2455 762 2518; x_wconf 70' lang='grc' dir='ltr'>τὰς</span> <span class='ocrx_word' id='word_1_188' title='bbox 805 2456 1063 2527; x_wconf 71' lang='grc' dir='ltr'>Γραφάς,</span> <span class='ocrx_word' id='word_1_189' title='bbox 1107 2458 1187 2511; x_wconf 83' lang='grc' dir='ltr'><strong>ὅτι</strong></span> <span class='ocrx_word' id='word_1_190' title='bbox 1241 2459 1358 2512; x_wconf 80' lang='grc' dir='ltr'>ἐστὶ</span> <span class='ocrx_word' id='word_1_191' title='bbox 1392 2459 1485 2512; x_wconf 73' lang='grc' dir='ltr'><strong>κα)¹</strong></span> <span class='ocrx_word' id='word_1_192' title='bbox 1517 2459 1730 2528; x_wconf 80' lang='grc' dir='ltr'>λέγεται</span> <span class='ocrx_word' id='word_1_193' title='bbox 1773 2461 1905 2524; x_wconf 84' lang='grc' dir='ltr'>Θεὸς</span> 
     </span>
    </p>
   </div>
   <div class='ocr_carea' id='block_1_26' title="bbox 315 2547 1902 2625">
    <p class='ocr_par' dir='ltr' id='par_1_26' title="bbox 315 2547 1902 2625">
     <span class='ocr_line' id='line_1_26' title="bbox 315 2547 1902 2625; baseline 0.005 -26"><span class='ocrx_word' id='word_1_194' title='bbox 315 2547 403 2599; x_wconf 75' lang='grc' dir='ltr'><strong>καὶ</strong></span> <span class='ocrx_word' id='word_1_195' title='bbox 446 2548 660 2619; x_wconf 77' lang='grc' dir='ltr'>Κύριος</span> <span class='ocrx_word' id='word_1_196' title='bbox 706 2549 898 2620; x_wconf 82' lang='grc' dir='ltr'>ἕτερος</span> <span class='ocrx_word' id='word_1_197' title='bbox 933 2550 1040 2602; x_wconf 86' lang='grc' dir='ltr'>ὑπὸ</span> <span class='ocrx_word' id='word_1_198' title='bbox 1083 2551 1173 2603; x_wconf 84' lang='grc' dir='ltr'><strong>τὸν</strong></span> <span class='ocrx_word' id='word_1_199' title='bbox 1205 2552 1435 2623; x_wconf 85' lang='grc' dir='ltr'>ποιητὴν</span> <span class='ocrx_word' id='word_1_200' title='bbox 1609 2553 1716 2606; x_wconf 90' lang='grc' dir='ltr'><strong>τῶν</strong></span> <span class='ocrx_word' id='word_1_201' title='bbox 1745 2554 1902 2618; x_wconf 83' lang='grc' dir='ltr'>ὅλων,</span> 
     </span>
    </p>
   </div>
   <div class='ocr_carea' id='block_1_27' title="bbox 315 2636 1904 2709">
    <p class='ocr_par' dir='ltr' id='par_1_27' title="bbox 315 2636 1904 2709">
     <span class='ocr_line' id='line_1_27' title="bbox 315 2636 1904 2709; baseline 0.003 -20"><span class='ocrx_word' id='word_1_202' title='bbox 315 2636 372 2700; x_wconf 76' lang='grc' dir='ltr'>ὃς</span> <span class='ocrx_word' id='word_1_203' title='bbox 399 2639 494 2690; x_wconf 73' lang='grc' dir='ltr'><strong>καὶ</strong></span> <span class='ocrx_word' id='word_1_204' title='bbox 520 2637 763 2707; x_wconf 74' lang='grc' dir='ltr'>ἄγγελος</span> <span class='ocrx_word' id='word_1_205' title='bbox 803 2638 1083 2702; x_wconf 84' lang='grc' dir='ltr'>καλεῖται,</span> <span class='ocrx_word' id='word_1_206' title='bbox 1130 2639 1218 2693; x_wconf 84' lang='grc' dir='ltr'>διὰ</span> <span class='ocrx_word' id='word_1_207' title='bbox 1246 2640 1308 2693; x_wconf 88' lang='grc' dir='ltr'><strong>τὸ</strong></span> <span class='ocrx_word' id='word_1_208' title='bbox 1336 2640 1618 2709; x_wconf 82' lang='grc' dir='ltr'>ἀγγέλλειν</span> <span class='ocrx_word' id='word_1_209' title='bbox 1649 2644 1763 2704; x_wconf 84' lang='grc' dir='ltr'>τοῖς</span> <span class='ocrx_word' id='word_1_210' title='bbox 1809 2641 1904 2694; x_wconf 84' lang='grc' dir='ltr'>ἀν-</span> 
     </span>
    </p>
   </div>
   <div class='ocr_carea' id='block_1_28' title="bbox 321 2728 1905 2802">
    <p class='ocr_par' dir='ltr' id='par_1_28' title="bbox 321 2728 1905 2802">
     <span class='ocr_line' id='line_1_28' title="bbox 321 2728 1905 2802; baseline 0.003 -20"><span class='ocrx_word' id='word_1_211' title='bbox 321 2728 554 2800; x_wconf 78' lang='grc' dir='ltr'>Θρὼποις</span> <span class='ocrx_word' id='word_1_212' title='bbox 579 2731 799 2802; x_wconf 78' lang='grc' dir='ltr'>ὅσαπερ</span> <span class='ocrx_word' id='word_1_213' title='bbox 835 2731 1080 2802; x_wconf 80' lang='grc' dir='ltr'>βούλεται</span> <span class='ocrx_word' id='word_1_214' title='bbox 1109 2734 1289 2796; x_wconf 79' lang='grc' dir='ltr'>αὐτοῖς</span> <span class='ocrx_word' id='word_1_215' title='bbox 1317 2732 1564 2802; x_wconf 86' lang='grc' dir='ltr'>ἀγγεῖλαι</span> <span class='ocrx_word' id='word_1_216' title='bbox 1587 2735 1614 2786; x_wconf 87' lang='lat'><strong>6</strong></span> <span class='ocrx_word' id='word_1_217' title='bbox 1636 2733 1742 2788; x_wconf 88' lang='grc' dir='ltr'><strong>τῶν</strong></span> <span class='ocrx_word' id='word_1_218' title='bbox 1769 2734 1905 2787; x_wconf 83' lang='grc' dir='ltr'>ὅλων</span> 
     </span>
    </p>
   </div>
   <div class='ocr_carea' id='block_1_29' title="bbox 323 2825 1905 2895">
    <p class='ocr_par' dir='ltr' id='par_1_29' title="bbox 323 2825 1905 2895">
     <span class='ocr_line' id='line_1_29' title="bbox 323 2825 1905 2895; baseline 0.001 -17"><span class='ocrx_word' id='word_1_219' title='bbox 323 2825 566 2895; x_wconf 75' lang='grc' dir='ltr'>ποιητὴς,</span> <span class='ocrx_word' id='word_1_220' title='bbox 602 2825 830 2895; x_wconf 69' lang='grc' dir='ltr'>ὑπέρὸν</span> <span class='ocrx_word' id='word_1_221' title='bbox 850 2825 1007 2890; x_wconf 82' lang='grc' dir='ltr'>ἄλλος</span> <span class='ocrx_word' id='word_1_222' title='bbox 1025 2826 1157 2890; x_wconf 84' lang='grc' dir='ltr'>Θεὸς</span> <span class='ocrx_word' id='word_1_223' title='bbox 1180 2828 1280 2880; x_wconf 74' lang='grc' dir='ltr'><strong>οὐκ</strong></span> <span class='ocrx_word' id='word_1_224' title='bbox 1313 2827 1447 2880; x_wconf 78' lang='grc' dir='ltr'>ἔστι.</span> <span class='ocrx_word' id='word_1_225' title='bbox 1468 2858 1540 2867; x_wconf 90' lang='grc'><strong><em>-</em></strong></span> <span class='ocrx_word' id='word_1_226' title='bbox 1560 2827 1670 2880; x_wconf 76' lang='grc' dir='ltr'><strong>Καὶ</strong></span> <span class='ocrx_word' id='word_1_227' title='bbox 1692 2828 1905 2880; x_wconf 86' lang='grc' dir='ltr'>ἀνιστο-</span> 
     </span>
    </p>
   </div>
   <div class='ocr_carea' id='block_1_30' title="bbox 325 2917 1902 2991">
    <p class='ocr_par' dir='ltr' id='par_1_30' title="bbox 325 2917 1902 2991">
     <span class='ocr_line' id='line_1_30' title="bbox 325 2917 1902 2991; baseline 0.002 -21"><span class='ocrx_word' id='word_1_228' title='bbox 325 2917 430 2988; x_wconf 75' lang='grc' dir='ltr'>ρῶν</span> <span class='ocrx_word' id='word_1_229' title='bbox 449 2917 616 2971; x_wconf 81' lang='grc' dir='ltr'>πάλιν</span> <span class='ocrx_word' id='word_1_230' title='bbox 641 2917 715 2970; x_wconf 76' lang='grc' dir='ltr'>τὰ</span> <span class='ocrx_word' id='word_1_231' title='bbox 744 2918 1133 2990; x_wconf 83' lang='grc' dir='ltr'>προλεχϐέντα,</span> <span class='ocrx_word' id='word_1_232' title='bbox 1155 2919 1434 2991; x_wconf 76' lang='grc' dir='ltr'>ἐπυθόμην</span> <span class='ocrx_word' id='word_1_233' title='bbox 1461 2919 1557 2973; x_wconf 81' lang='grc' dir='ltr'>τοῦ</span> <span class='ocrx_word' id='word_1_234' title='bbox 1581 2919 1873 2991; x_wconf 84' lang='grc' dir='ltr'>Τρύφωνος</span> <span class='ocrx_word' id='word_1_235' title='bbox 1888 2937 1902 2951; x_wconf 76' lang='grc' dir='ltr'><strong>ο</strong></span> 
     </span>
    </p>
   </div>
   <div class='ocr_carea' id='block_1_31' title="bbox 326 3010 1908 3084">
    <p class='ocr_par' dir='ltr' id='par_1_31' title="bbox 326 3010 1908 3084">
     <span class='ocr_line' id='line_1_31' title="bbox 326 3010 1908 3084; baseline 0.001 -21"><span class='ocrx_word' id='word_1_236' title='bbox 326 3012 472 3063; x_wconf 67' lang='grc' dir='ltr'>Δοκεῖ</span> <span class='ocrx_word' id='word_1_237' title='bbox 500 3028 585 3064; x_wconf 89' lang='grc' dir='ltr'><strong>σοι</strong></span> <span class='ocrx_word' id='word_1_238' title='bbox 618 3010 858 3080; x_wconf 83' lang='grc' dir='ltr'>ὀφθῆναι</span> <span class='ocrx_word' id='word_1_239' title='bbox 891 3011 998 3064; x_wconf 84' lang='grc' dir='ltr'>ὑπὸ</span> <span class='ocrx_word' id='word_1_240' title='bbox 1021 3012 1120 3083; x_wconf 82' lang='grc' dir='ltr'><strong>τὴν</strong></span> <span class='ocrx_word' id='word_1_241' title='bbox 1152 3011 1282 3084; x_wconf 76' lang='grc' dir='ltr'>δρῦν</span> <span class='ocrx_word' id='word_1_242' title='bbox 1313 3013 1412 3084; x_wconf 81' lang='grc' dir='ltr'><strong>τὴν</strong></span> <span class='ocrx_word' id='word_1_243' title='bbox 1441 3011 1689 3084; x_wconf 86' lang='grc' dir='ltr'>Μαμϐρῆ</span> <span class='ocrx_word' id='word_1_244' title='bbox 1717 3014 1746 3066; x_wconf 89' lang='grc' dir='ltr'><strong>ὸ</strong></span> <span class='ocrx_word' id='word_1_245' title='bbox 1777 3011 1908 3076; x_wconf 86' lang='grc' dir='ltr'>Θεὸς</span> 
     </span>
    </p>
   </div>
   <div class='ocr_carea' id='block_1_32' title="bbox 322 3101 1294 3174">
    <p class='ocr_par' dir='ltr' id='par_1_32' title="bbox 322 3101 1294 3174">
     <span class='ocr_line' id='line_1_32' title="bbox 322 3101 1294 3174; baseline 0.003 -21"><span class='ocrx_word' id='word_1_246' title='bbox 322 3101 395 3172; x_wconf 81' lang='grc' dir='ltr'>τῷ</span> <span class='ocrx_word' id='word_1_247' title='bbox 438 3102 699 3174; x_wconf 72' lang='grc' dir='ltr'>Ἀϐραὰμ</span> <span class='ocrx_word' id='word_1_248' title='bbox 724 3142 739 3167; x_wconf 85' lang='grc'><strong><em>,</em></strong></span> <span class='ocrx_word' id='word_1_249' title='bbox 767 3103 844 3166; x_wconf 80' lang='grc' dir='ltr'><strong>ὡς</strong></span> <span class='ocrx_word' id='word_1_250' title='bbox 876 3105 905 3156; x_wconf 90' lang='lat'><strong>6</strong></span> <span class='ocrx_word' id='word_1_251' title='bbox 933 3103 1090 3172; x_wconf 80' lang='grc' dir='ltr'>λόγος</span> <span class='ocrx_word' id='word_1_252' title='bbox 1117 3104 1294 3173; x_wconf 75' lang='grc' dir='ltr'>λέγεις</span> 
     </span>
    </p>
   </div>
   <div class='ocr_carea' id='block_1_33' title="bbox 386 3279 1000 3343">
    <p class='ocr_par' dir='ltr' id='par_1_33' title="bbox 386 3279 1000 3343">
     <span class='ocr_line' id='line_1_33' title="bbox 386 3279 1000 3343; baseline 0 -11"><span class='ocrx_word' id='word_1_253' title='bbox 386 3279 658 3343; x_wconf 75' lang='grc' dir='ltr'>Κάκεῖνος</span> <span class='ocrx_word' id='word_1_254' title='bbox 676 3296 694 3313; x_wconf 73' lang='grc' dir='ltr'><strong><em>ο</em></strong></span> <span class='ocrx_word' id='word_1_255' title='bbox 728 3279 1000 3333; x_wconf 77' lang='grc' dir='ltr'><strong>Μάλιστα.</strong></span> 
     </span>
    </p>
   </div>
   <div class='ocr_carea' id='block_1_34' title="bbox 385 3368 1907 3451">
    <p class='ocr_par' dir='ltr' id='par_1_34' title="bbox 385 3368 1907 3451">
     <span class='ocr_line' id='line_1_34' title="bbox 385 3368 1907 3451; baseline 0.005 -26"><span class='ocrx_word' id='word_1_256' title='bbox 385 3373 494 3425; x_wconf 75' lang='grc' dir='ltr'>Καὶ</span> <span class='ocrx_word' id='word_1_257' title='bbox 522 3369 608 3438; x_wconf 76' lang='grc' dir='ltr'>εἷς</span> <span class='ocrx_word' id='word_1_258' title='bbox 632 3414 647 3438; x_wconf 86' lang='grc'><strong>,</strong></span> <span class='ocrx_word' id='word_1_259' title='bbox 685 3373 848 3444; x_wconf 76' lang='grc' dir='ltr'>ἔφην,</span> <span class='ocrx_word' id='word_1_260' title='bbox 895 3372 1119 3426; x_wconf 77' lang='grc' dir='ltr'>ἐκείνων</span> <span class='ocrx_word' id='word_1_261' title='bbox 1145 3368 1212 3444; x_wconf 81' lang='grc' dir='ltr'>ἦν</span> <span class='ocrx_word' id='word_1_262' title='bbox 1245 3373 1354 3426; x_wconf 90' lang='grc' dir='ltr'><strong>τῶν</strong></span> <span class='ocrx_word' id='word_1_263' title='bbox 1385 3376 1554 3447; x_wconf 86' lang='grc' dir='ltr'>τριῶν</span> <span class='ocrx_word' id='word_1_264' title='bbox 1582 3377 1673 3442; x_wconf 83' lang='grc' dir='ltr'><strong>οὒς</strong></span> <span class='ocrx_word' id='word_1_265' title='bbox 1705 3377 1907 3451; x_wconf 82' lang='grc' dir='ltr'>ἄνδρας</span> 
     </span>
    </p>
   </div>
   <div class='ocr_carea' id='block_1_35' title="bbox 322 3465 1906 3542">
    <p class='ocr_par' dir='ltr' id='par_1_35' title="bbox 322 3465 1906 3542">
     <span class='ocr_line' id='line_1_35' title="bbox 322 3465 1906 3542; baseline 0.005 -25"><span class='ocrx_word' id='word_1_266' title='bbox 322 3465 590 3536; x_wconf 71' lang='grc' dir='ltr'>ἑωρᾶσθαι</span> <span class='ocrx_word' id='word_1_267' title='bbox 620 3467 704 3538; x_wconf 82' lang='grc' dir='ltr'>τῷ</span> <span class='ocrx_word' id='word_1_268' title='bbox 751 3466 1002 3538; x_wconf 81' lang='grc' dir='ltr'>Ἀϐραὰμ</span> <span class='ocrx_word' id='word_1_269' title='bbox 1032 3467 1095 3520; x_wconf 91' lang='grc' dir='ltr'><strong>τὸ</strong></span> <span class='ocrx_word' id='word_1_270' title='bbox 1138 3467 1290 3535; x_wconf 77' lang='grc' dir='ltr'>ἅγιον</span> <span class='ocrx_word' id='word_1_271' title='bbox 1319 3469 1652 3540; x_wconf 78' lang='grc' dir='ltr'>προφητικὸν</span> <span class='ocrx_word' id='word_1_272' title='bbox 1684 3471 1906 3542; x_wconf 79' lang='grc' dir='ltr'>Πνεῦμα</span> 
     </span>
    </p>
   </div>
   <div class='ocr_carea' id='block_1_36' title="bbox 320 3573 500 3626">
    <p class='ocr_par' dir='ltr' id='par_1_36' title="bbox 320 3573 500 3626">
     <span class='ocr_line' id='line_1_36' title="bbox 320 3573 500 3626; baseline 0.006 -17"><span class='ocrx_word' id='word_1_273' title='bbox 320 3573 459 3626; x_wconf 66' lang='grc' dir='ltr'>Αεγει</span> <span class='ocrx_word' id='word_1_274' title='bbox 484 3575 500 3624; x_wconf 90' lang='lat'><strong>;</strong></span> 
     </span>
    </p>
   </div>
   <div class='ocr_carea' id='block_1_37' title="bbox 387 3650 1907 3729">
    <p class='ocr_par' dir='ltr' id='par_1_37' title="bbox 387 3650 1907 3729">
     <span class='ocr_line' id='line_1_37' title="bbox 387 3650 1907 3729; baseline 0.005 -27"><span class='ocrx_word' id='word_1_275' title='bbox 387 3650 662 3716; x_wconf 80' lang='grc' dir='ltr'>Κάκεῖνος</span> <span class='ocrx_word' id='word_1_276' title='bbox 685 3670 701 3682; x_wconf 73' lang='grc' dir='ltr'><strong>ο</strong></span> <span class='ocrx_word' id='word_1_277' title='bbox 737 3652 815 3706; x_wconf 76' lang='grc' dir='ltr'><strong>Οὔ</strong></span> <span class='ocrx_word' id='word_1_278' title='bbox 841 3670 855 3682; x_wconf 71' lang='grc' dir='ltr'><strong>ο</strong></span> <span class='ocrx_word' id='word_1_279' title='bbox 890 3651 1028 3706; x_wconf 82' lang='grc' dir='ltr'>ἀλλὰ</span> <span class='ocrx_word' id='word_1_280' title='bbox 1062 3650 1209 3712; x_wconf 83' lang='grc' dir='ltr'>ὧπτο</span> <span class='ocrx_word' id='word_1_281' title='bbox 1244 3655 1342 3726; x_wconf 88' lang='grc' dir='ltr'><strong>μέν</strong></span> <span class='ocrx_word' id='word_1_282' title='bbox 1375 3655 1523 3724; x_wconf 80' lang='grc' dir='ltr'>αὐτῷ</span> <span class='ocrx_word' id='word_1_283' title='bbox 1555 3656 1583 3707; x_wconf 90' lang='lat'><strong>6</strong></span> <span class='ocrx_word' id='word_1_284' title='bbox 1625 3655 1757 3721; x_wconf 86' lang='grc' dir='ltr'>Θεὸς</span> <span class='ocrx_word' id='word_1_285' title='bbox 1801 3657 1907 3729; x_wconf 79' lang='grc' dir='ltr'><strong>πρὸ</strong></span> 
     </span>
    </p>
   </div>
   <div class='ocr_carea' id='block_1_38' title="bbox 316 3743 1908 3818">
    <p class='ocr_par' dir='ltr' id='par_1_38' title="bbox 316 3743 1908 3818">
     <span class='ocr_line' id='line_1_38' title="bbox 316 3743 1908 3818; baseline 0.006 -25"><span class='ocrx_word' id='word_1_286' title='bbox 316 3743 411 3813; x_wconf 72' lang='grc' dir='ltr'>τῆς</span> <span class='ocrx_word' id='word_1_287' title='bbox 437 3744 548 3797; x_wconf 85' lang='grc' dir='ltr'><strong>τῶν</strong></span> <span class='ocrx_word' id='word_1_288' title='bbox 581 3745 752 3817; x_wconf 88' lang='grc' dir='ltr'>τριῶν</span> <span class='ocrx_word' id='word_1_289' title='bbox 785 3746 1083 3809; x_wconf 77' lang='grc' dir='ltr'>όπτασίας’</span> <span class='ocrx_word' id='word_1_290' title='bbox 1112 3743 1252 3800; x_wconf 78' lang='grc' dir='ltr'>ἐἷτα</span> <span class='ocrx_word' id='word_1_291' title='bbox 1285 3748 1335 3800; x_wconf 80' lang='grc' dir='ltr'>οἱ</span> <span class='ocrx_word' id='word_1_292' title='bbox 1367 3751 1519 3818; x_wconf 86' lang='grc' dir='ltr'>τρεῖς</span> <span class='ocrx_word' id='word_1_293' title='bbox 1564 3748 1790 3813; x_wconf 85' lang='grc' dir='ltr'>ἐκεῖνοι,</span> <span class='ocrx_word' id='word_1_294' title='bbox 1815 3747 1908 3812; x_wconf 85' lang='grc' dir='ltr'><strong>οὒς</strong></span> 
     </span>
    </p>
   </div>
   <div class='ocr_carea' id='block_1_39' title="bbox 317 3837 1907 3912">
    <p class='ocr_par' dir='ltr' id='par_1_39' title="bbox 317 3837 1907 3912">
     <span class='ocr_line' id='line_1_39' title="bbox 317 3837 1907 3912; baseline 0.004 -24"><span class='ocrx_word' id='word_1_295' title='bbox 317 3837 516 3908; x_wconf 70' lang='grc' dir='ltr'>ἄνδρας</span> <span class='ocrx_word' id='word_1_296' title='bbox 569 3839 598 3890; x_wconf 85' lang='lat'><strong>6</strong></span> <span class='ocrx_word' id='word_1_297' title='bbox 639 3839 804 3906; x_wconf 83' lang='grc' dir='ltr'>λόγος</span> <span class='ocrx_word' id='word_1_298' title='bbox 834 3839 1088 3910; x_wconf 79' lang='grc' dir='ltr'>ὀνομάζει</span> <span class='ocrx_word' id='word_1_299' title='bbox 1113 3879 1127 3905; x_wconf 90' lang='grc'><em>,</em></span> <span class='ocrx_word' id='word_1_300' title='bbox 1197 3839 1413 3909; x_wconf 81' lang='grc' dir='ltr'>ἄγγελοι</span> <span class='ocrx_word' id='word_1_301' title='bbox 1459 3837 1633 3912; x_wconf 76' lang='grc' dir='ltr'>ἦσαν’</span> <span class='ocrx_word' id='word_1_302' title='bbox 1670 3841 1761 3894; x_wconf 89' lang='grc' dir='ltr'><strong>δύο</strong></span> <span class='ocrx_word' id='word_1_303' title='bbox 1811 3842 1907 3912; x_wconf 85' lang='grc' dir='ltr'><strong>μὲν</strong></span> 
     </span>
    </p>
   </div>
   <div class='ocr_carea' id='block_1_40' title="bbox 322 3927 1907 4004">
    <p class='ocr_par' dir='ltr' id='par_1_40' title="bbox 322 3927 1907 4004">
     <span class='ocr_line' id='line_1_40' title="bbox 322 3927 1907 4004; baseline 0.002 -23"><span class='ocrx_word' id='word_1_304' title='bbox 322 3929 497 3983; x_wconf 68' lang='grc' dir='ltr'>αὑτῶν</span> <span class='ocrx_word' id='word_1_305' title='bbox 511 3931 861 4001; x_wconf 74' lang='grc' dir='ltr'>πεμφθέντες</span> <span class='ocrx_word' id='word_1_306' title='bbox 887 3932 980 3984; x_wconf 77' lang='grc' dir='ltr'><strong>ἐπὶ</strong></span> <span class='ocrx_word' id='word_1_307' title='bbox 1001 3933 1101 4003; x_wconf 82' lang='grc' dir='ltr'><strong>τὴν</strong></span> <span class='ocrx_word' id='word_1_308' title='bbox 1134 3932 1383 4004; x_wconf 84' lang='grc' dir='ltr'>Σοδόμων</span> <span class='ocrx_word' id='word_1_309' title='bbox 1413 3932 1706 3997; x_wconf 82' lang='grc' dir='ltr'>ἀπώλειαν,</span> <span class='ocrx_word' id='word_1_310' title='bbox 1742 3927 1822 3996; x_wconf 75' lang='grc' dir='ltr'>εἷς</span> <span class='ocrx_word' id='word_1_311' title='bbox 1850 3933 1907 3985; x_wconf 82' lang='grc' dir='ltr'>δὲ</span> 
     </span>
    </p>
   </div>
   <div class='ocr_carea' id='block_1_41' title="bbox 325 4019 1908 4096">
    <p class='ocr_par' dir='ltr' id='par_1_41' title="bbox 325 4019 1908 4096">
     <span class='ocr_line' id='line_1_41' title="bbox 325 4019 1908 4096; baseline 0.005 -25"><span class='ocrx_word' id='word_1_312' title='bbox 325 4021 819 4095; x_wconf 76' lang='grc' dir='ltr'>εὐαγγελιζόμενος</span> <span class='ocrx_word' id='word_1_313' title='bbox 865 4026 932 4094; x_wconf 81' lang='grc' dir='ltr'>τῇ</span> <span class='ocrx_word' id='word_1_314' title='bbox 976 4025 1161 4096; x_wconf 78' lang='grc' dir='ltr'><strong>Σάρρᾳ</strong></span> <span class='ocrx_word' id='word_1_315' title='bbox 1207 4026 1289 4078; x_wconf 83' lang='grc' dir='ltr'><strong>ὅτι</strong></span> <span class='ocrx_word' id='word_1_316' title='bbox 1327 4025 1517 4080; x_wconf 86' lang='grc' dir='ltr'>τέκνον</span> <span class='ocrx_word' id='word_1_317' title='bbox 1554 4025 1694 4090; x_wconf 74' lang='grc' dir='ltr'>ἕξει,</span> <span class='ocrx_word' id='word_1_318' title='bbox 1739 4027 1825 4094; x_wconf 82' lang='grc' dir='ltr'><strong>ἐφ’</strong></span> <span class='ocrx_word' id='word_1_319' title='bbox 1863 4019 1908 4092; x_wconf 85' lang='grc' dir='ltr'>ᾧ</span> 
     </span>
    </p>
   </div>
   <div class='ocr_carea' id='block_1_42' title="bbox 322 4110 1704 4190">
    <p class='ocr_par' dir='ltr' id='par_1_42' title="bbox 322 4110 1704 4190">
     <span class='ocr_line' id='line_1_42' title="bbox 322 4110 1704 4190; baseline 0.004 -25"><span class='ocrx_word' id='word_1_320' title='bbox 322 4115 648 4186; x_wconf 75' lang='grc' dir='ltr'>ἐπέπεμπτο</span> <span class='ocrx_word' id='word_1_321' title='bbox 668 4156 684 4181; x_wconf 88' lang='grc'><em>,</em></span> <span class='ocrx_word' id='word_1_322' title='bbox 714 4117 809 4170; x_wconf 79' lang='grc' dir='ltr'><strong>καὶ</strong></span> <span class='ocrx_word' id='word_1_323' title='bbox 835 4118 1160 4189; x_wconf 83' lang='grc' dir='ltr'>ἀπαρτήσας</span> <span class='ocrx_word' id='word_1_324' title='bbox 1195 4116 1306 4190; x_wconf 83' lang='grc'><strong>(55)</strong></span> <span class='ocrx_word' id='word_1_325' title='bbox 1341 4118 1672 4189; x_wconf 81' lang='grc' dir='ltr'>ἀπήλλακτο.</span> <span class='ocrx_word' id='word_1_326' title='bbox 1697 4110 1704 4118; x_wconf 81' lang='grc'><strong>’</strong></span> 
     </span>
    </p>
   </div>
   <div class='ocr_carea' id='block_1_43' title="bbox 389 4205 1906 4283">
    <p class='ocr_par' dir='ltr' id='par_1_43' title="bbox 389 4205 1906 4283">
     <span class='ocr_line' id='line_1_43' title="bbox 389 4205 1906 4283; baseline 0.001 -22"><span class='ocrx_word' id='word_1_327' title='bbox 389 4208 515 4272; x_wconf 85' lang='grc' dir='ltr'>Πῶς</span> <span class='ocrx_word' id='word_1_328' title='bbox 540 4205 659 4273; x_wconf 71' lang='grc' dir='ltr'>οὖν,</span> <span class='ocrx_word' id='word_1_329' title='bbox 705 4205 880 4273; x_wconf 77' lang='grc' dir='ltr'>εἷπον,</span> <span class='ocrx_word' id='word_1_330' title='bbox 913 4213 942 4264; x_wconf 90' lang='lat'><strong>6</strong></span> <span class='ocrx_word' id='word_1_331' title='bbox 973 4205 1055 4274; x_wconf 83' lang='grc' dir='ltr'><strong>εἷς</strong></span> <span class='ocrx_word' id='word_1_332' title='bbox 1086 4210 1195 4264; x_wconf 88' lang='grc' dir='ltr'><strong>τῶν</strong></span> <span class='ocrx_word' id='word_1_333' title='bbox 1223 4210 1391 4283; x_wconf 86' lang='grc' dir='ltr'>τριῶν</span> <span class='ocrx_word' id='word_1_334' title='bbox 1422 4211 1711 4282; x_wconf 87' lang='grc' dir='ltr'>γενόμενος</span> <span class='ocrx_word' id='word_1_335' title='bbox 1749 4214 1807 4264; x_wconf 85' lang='grc' dir='ltr'><strong>ἐν</strong></span> <span class='ocrx_word' id='word_1_336' title='bbox 1839 4213 1906 4281; x_wconf 82' lang='grc' dir='ltr'>τῇ</span> 
     </span>
    </p>
   </div>
   <div class='ocr_carea' id='block_1_44' title="bbox 321 4302 1906 4375">
    <p class='ocr_par' dir='ltr' id='par_1_44' title="bbox 321 4302 1906 4375">
     <span class='ocr_line' id='line_1_44' title="bbox 321 4302 1906 4375; baseline 0.003 -23"><span class='ocrx_word' id='word_1_337' title='bbox 321 4304 491 4371; x_wconf 82' lang='grc' dir='ltr'>σκηνῇ</span> <span class='ocrx_word' id='word_1_338' title='bbox 514 4341 529 4361; x_wconf 84' lang='grc'>,</span> <span class='ocrx_word' id='word_1_339' title='bbox 554 4303 584 4354; x_wconf 81' lang='grc' dir='ltr'><strong>ὁ</strong></span> <span class='ocrx_word' id='word_1_340' title='bbox 617 4303 714 4355; x_wconf 78' lang='grc' dir='ltr'><strong>καὶ</strong></span> <span class='ocrx_word' id='word_1_341' title='bbox 744 4302 934 4368; x_wconf 70' lang='grc' dir='ltr'>εἰπὼν,</span> <span class='ocrx_word' id='word_1_342' title='bbox 971 4320 989 4353; x_wconf 75' lang='grc' dir='ltr'><strong>ι</strong></span> <span class='ocrx_word' id='word_1_343' title='bbox 1027 4303 1122 4366; x_wconf 81' lang='grc' dir='ltr'><strong>Εἰς</strong></span> <span class='ocrx_word' id='word_1_344' title='bbox 1143 4302 1292 4375; x_wconf 84' lang='grc' dir='ltr'>ὥρας</span> <span class='ocrx_word' id='word_1_345' title='bbox 1320 4303 1626 4375; x_wconf 74' lang='grc' dir='ltr'>ἀνακάμψω</span> <span class='ocrx_word' id='word_1_346' title='bbox 1656 4304 1794 4375; x_wconf 84' lang='grc' dir='ltr'>πρὸς</span> <span class='ocrx_word' id='word_1_347' title='bbox 1826 4305 1906 4367; x_wconf 84' lang='grc' dir='ltr'>σὲ,</span> 
     </span>
    </p>
   </div>
   <div class='ocr_carea' id='block_1_45' title="bbox 319 4394 1908 4468">
    <p class='ocr_par' dir='ltr' id='par_1_45' title="bbox 319 4394 1908 4468">
     <span class='ocr_line' id='line_1_45' title="bbox 319 4394 1908 4468; baseline 0.002 -22"><span class='ocrx_word' id='word_1_348' title='bbox 319 4396 413 4447; x_wconf 76' lang='grc' dir='ltr'><strong>καὶ</strong></span> <span class='ocrx_word' id='word_1_349' title='bbox 441 4399 510 4466; x_wconf 75' lang='grc' dir='ltr'>τῇ</span> <span class='ocrx_word' id='word_1_350' title='bbox 548 4396 736 4468; x_wconf 68' lang='grc' dir='ltr'>Σάρρα</span> <span class='ocrx_word' id='word_1_351' title='bbox 762 4397 877 4460; x_wconf 84' lang='grc' dir='ltr'>υἱὸς</span> <span class='ocrx_word' id='word_1_352' title='bbox 905 4396 1231 4465; x_wconf 87' lang='grc' dir='ltr'>γενήσεται,</span> <span class='ocrx_word' id='word_1_353' title='bbox 1269 4415 1288 4449; x_wconf 79' lang='grc' dir='ltr'><strong>ι</strong></span> <span class='ocrx_word' id='word_1_354' title='bbox 1322 4395 1569 4466; x_wconf 82' lang='grc' dir='ltr'>φαίνεται</span> <span class='ocrx_word' id='word_1_355' title='bbox 1601 4394 1908 4449; x_wconf 87' lang='grc' dir='ltr'>ἐπανελθὼν</span> 
     </span>
    </p>
   </div>
   <div class='ocr_carea' id='block_1_46' title="bbox 319 4487 1986 4586">
    <p class='ocr_par' dir='ltr' id='par_1_46' title="bbox 319 4487 1986 4586">
     <span class='ocr_line' id='line_1_46' title="bbox 319 4487 1986 4586; baseline 0.001 -46"><span class='ocrx_word' id='word_1_356' title='bbox 319 4489 616 4559; x_wconf 79' lang='grc' dir='ltr'>γενομένου</span> <span class='ocrx_word' id='word_1_357' title='bbox 663 4492 729 4560; x_wconf 81' lang='grc' dir='ltr'>τῇ</span> <span class='ocrx_word' id='word_1_358' title='bbox 770 4490 962 4560; x_wconf 74' lang='grc' dir='ltr'>Σάρρα</span> <span class='ocrx_word' id='word_1_359' title='bbox 1004 4487 1124 4542; x_wconf 76' lang='grc' dir='ltr'>υίοῧ</span> <span class='ocrx_word' id='word_1_360' title='bbox 1167 4488 1263 4543; x_wconf 77' lang='grc' dir='ltr'>καὶ</span> <span class='ocrx_word' id='word_1_361' title='bbox 1313 4488 1444 4542; x_wconf 88' lang='grc' dir='ltr'>Θεὸν</span> <span class='ocrx_word' id='word_1_362' title='bbox 1499 4488 1660 4542; x_wconf 85' lang='grc' dir='ltr'>αὐτὸν</span> <span class='ocrx_word' id='word_1_363' title='bbox 1715 4489 1843 4543; x_wconf 75' lang='grc' dir='ltr'>ὄντα</span> <span class='ocrx_word' id='word_1_364' title='bbox 1879 4490 1907 4542; x_wconf 89' lang='lat'><strong>6</strong></span> <span class='ocrx_word' id='word_1_365' title='bbox 1941 4530 1986 4586; x_wconf 66' lang='grc' dir='ltr'>Β</span> 
     </span>
    </p>
   </div>
   <div class='ocr_carea' id='block_1_47' title="bbox 320 4580 1911 4652">
    <p class='ocr_par' dir='ltr' id='par_1_47' title="bbox 320 4580 1911 4652">
     <span class='ocr_line' id='line_1_47' title="bbox 320 4580 1911 4652; baseline 0.001 -20"><span class='ocrx_word' id='word_1_366' title='bbox 320 4581 663 4650; x_wconf 61' lang='grc' dir='ltr'>προφητικὸς</span> <span class='ocrx_word' id='word_1_367' title='bbox 707 4581 863 4650; x_wconf 85' lang='grc' dir='ltr'>λόγος</span> <span class='ocrx_word' id='word_1_368' title='bbox 896 4581 1056 4634; x_wconf 86' lang='grc' dir='ltr'>κάκεῖ</span> <span class='ocrx_word' id='word_1_369' title='bbox 1088 4581 1370 4652; x_wconf 88' lang='grc' dir='ltr'>σημαίνει;</span> <span class='ocrx_word' id='word_1_370' title='bbox 1414 4582 1529 4634; x_wconf 83' lang='grc' dir='ltr'>Ἵνα</span> <span class='ocrx_word' id='word_1_371' title='bbox 1574 4580 1630 4633; x_wconf 82' lang='grc' dir='ltr'><strong>δὲ</strong></span> <span class='ocrx_word' id='word_1_372' title='bbox 1678 4581 1911 4652; x_wconf 84' lang='grc' dir='ltr'>φανερὸν</span> 
     </span>
    </p>
   </div>
   <div class='ocr_carea' id='block_1_48' title="bbox 323 4673 1907 4744">
    <p class='ocr_par' dir='ltr' id='par_1_48' title="bbox 323 4673 1907 4744">
     <span class='ocr_line' id='line_1_48' title="bbox 323 4673 1907 4744; baseline 0.003 -21"><span class='ocrx_word' id='word_1_373' title='bbox 323 4673 454 4743; x_wconf 68' lang='grc' dir='ltr'>ὑμῖν</span> <span class='ocrx_word' id='word_1_374' title='bbox 480 4673 710 4744; x_wconf 78' lang='grc' dir='ltr'>γένηται</span> <span class='ocrx_word' id='word_1_375' title='bbox 740 4675 770 4728; x_wconf 87' lang='grc' dir='ltr'><strong>ὅ</strong></span> <span class='ocrx_word' id='word_1_376' title='bbox 815 4675 960 4744; x_wconf 83' lang='grc' dir='ltr'>λέγω</span> <span class='ocrx_word' id='word_1_377' title='bbox 982 4715 998 4739; x_wconf 84' lang='grc'><strong><em>,</em></strong></span> <span class='ocrx_word' id='word_1_378' title='bbox 1047 4674 1317 4728; x_wconf 87' lang='grc' dir='ltr'>ἀκούσατε</span> <span class='ocrx_word' id='word_1_379' title='bbox 1363 4673 1472 4727; x_wconf 87' lang='grc' dir='ltr'><strong>τῶν</strong></span> <span class='ocrx_word' id='word_1_380' title='bbox 1514 4673 1618 4727; x_wconf 87' lang='grc' dir='ltr'><strong>ὑπὸ</strong></span> <span class='ocrx_word' id='word_1_381' title='bbox 1662 4676 1907 4738; x_wconf 80' lang='grc' dir='ltr'>Μωσέως</span> 
     </span>
    </p>
   </div>
   <div class='ocr_carea' id='block_1_49' title="bbox 392 4850 1669 4921">
    <p class='ocr_par' dir='ltr' id='par_1_49' title="bbox 392 4850 1669 4921">
     <span class='ocr_line' id='line_1_49' title="bbox 392 4850 1669 4921; baseline -0.002 -15"><span class='ocrx_word' id='word_1_382' title='bbox 392 4859 440 4883; x_wconf 74' lang='grc'><strong>⁸*</strong></span> <span class='ocrx_word' id='word_1_383' title='bbox 471 4850 614 4908; x_wconf 86' lang='lat' dir='ltr'><strong>Gen.</strong></span> <span class='ocrx_word' id='word_1_384' title='bbox 647 4867 802 4921; x_wconf 81' lang='lat' dir='ltr'><strong>mu,</strong></span> <span class='ocrx_word' id='word_1_385' title='bbox 837 4853 886 4915; x_wconf 79' lang='lat' dir='ltr'><strong>l,</strong></span> <span class='ocrx_word' id='word_1_386' title='bbox 921 4852 975 4906; x_wconf 77' lang='lat'><strong>2.</strong></span> <span class='ocrx_word' id='word_1_387' title='bbox 1085 4853 1129 4883; x_wconf 78' lang='grc'><strong>⁵⁸</strong></span> <span class='ocrx_word' id='word_1_388' title='bbox 1157 4851 1293 4907; x_wconf 87' lang='lat' dir='ltr'><strong>Gen.</strong></span> <span class='ocrx_word' id='word_1_389' title='bbox 1324 4867 1439 4916; x_wconf 72' lang='grc' dir='ltr'>χιιι,</span> <span class='ocrx_word' id='word_1_390' title='bbox 1463 4851 1669 4918; x_wconf 73' lang='grc'><strong>27,28.</strong></span> 
     </span>
    </p>
   </div>
   <div class='ocr_carea' id='block_1_50' title="bbox 392 5005 1702 5079">
    <p class='ocr_par' dir='ltr' id='par_1_50' title="bbox 392 5005 1702 5079">
     <span class='ocr_line' id='line_1_50' title="bbox 392 5005 1702 5079; baseline -0.002 -17"><span class='ocrx_word' id='word_1_391' title='bbox 392 5007 511 5079; x_wconf 67' lang='grc'><strong>(51)</strong></span> <span class='ocrx_word' id='word_1_392' title='bbox 550 5009 713 5062; x_wconf 83' lang='grc' dir='ltr'>Οὕτω</span> <span class='ocrx_word' id='word_1_393' title='bbox 737 5008 868 5077; x_wconf 75' lang='grc' dir='ltr'>γάρ.</span> <span class='ocrx_word' id='word_1_394' title='bbox 909 5007 1050 5079; x_wconf 55' lang='grc' dir='ltr'><strong>ΒςΙε</strong></span> <span class='ocrx_word' id='word_1_395' title='bbox 1070 5007 1200 5079; x_wconf 86' lang='grc' dir='ltr'>γάρ,</span> <span class='ocrx_word' id='word_1_396' title='bbox 1223 5007 1310 5079; x_wconf 76' lang='lat' dir='ltr'><strong>vel</strong></span> <span class='ocrx_word' id='word_1_397' title='bbox 1345 5005 1460 5079; x_wconf 76' lang='lat' dir='ltr'><strong>lege</strong></span> <span class='ocrx_word' id='word_1_398' title='bbox 1490 5005 1702 5079; x_wconf 81' lang='grc' dir='ltr'>μηνύει.</span> 
     </span>
    </p>
   </div>
   <div class='ocr_carea' id='block_1_51' title="bbox 395 5076 1901 5150">
    <p class='ocr_par' dir='ltr' id='par_1_51' title="bbox 395 5076 1901 5150">
     <span class='ocr_line' id='line_1_51' title="bbox 395 5076 1901 5150; baseline -0.004 -16"><span class='ocrx_word' id='word_1_399' title='bbox 395 5076 515 5150; x_wconf 69' lang='grc'><strong>(52)</strong></span> <span class='ocrx_word' id='word_1_400' title='bbox 556 5079 666 5133; x_wconf 76' lang='grc' dir='ltr'><strong>Καὶ</strong></span> <span class='ocrx_word' id='word_1_401' title='bbox 689 5076 762 5133; x_wconf 81' lang='grc' dir='ltr'>τὰ</span> <span class='ocrx_word' id='word_1_402' title='bbox 787 5077 992 5133; x_wconf 80' lang='grc' dir='ltr'>λοιπά.</span> <span class='ocrx_word' id='word_1_403' title='bbox 1034 5076 1160 5132; x_wconf 59' lang='lat' dir='ltr'><strong>nam</strong></span> <span class='ocrx_word' id='word_1_404' title='bbox 1188 5093 1217 5150; x_wconf 64' lang='grc' dir='ltr'><strong>ιι</strong></span> <span class='ocrx_word' id='word_1_405' title='bbox 1246 5076 1710 5150; x_wconf 75' lang='lat' dir='ltr'><strong>librariisoinissa</strong></span> <span class='ocrx_word' id='word_1_406' title='bbox 1746 5083 1901 5144; x_wconf 88' lang='lat' dir='ltr'><strong>putat</strong></span> 
     </span>
    </p>
   </div>
   <div class='ocr_carea' id='block_1_52' title="bbox 327 5146 1905 5219">
    <p class='ocr_par' dir='ltr' id='par_1_52' title="bbox 327 5146 1905 5219">
     <span class='ocr_line' id='line_1_52' title="bbox 327 5146 1905 5219; baseline -0.006 -14"><span class='ocrx_word' id='word_1_407' title='bbox 327 5146 592 5213; x_wconf 77' lang='lat' dir='ltr'><strong>Grabius,</strong></span> <span class='ocrx_word' id='word_1_408' title='bbox 629 5151 794 5218; x_wconf 87' lang='lat' dir='ltr'><strong>idque</strong></span> <span class='ocrx_word' id='word_1_409' title='bbox 834 5152 1028 5219; x_wconf 87' lang='lat' dir='ltr'><strong>probat</strong></span> <span class='ocrx_word' id='word_1_410' title='bbox 1081 5165 1147 5202; x_wconf 80' lang='lat' dir='ltr'><strong>ex</strong></span> <span class='ocrx_word' id='word_1_411' title='bbox 1184 5149 1251 5201; x_wconf 91' lang='lat' dir='ltr'><strong>iis</strong></span> <span class='ocrx_word' id='word_1_412' title='bbox 1282 5162 1400 5214; x_wconf 75' lang='lat' dir='ltr'><strong>qua:</strong></span> <span class='ocrx_word' id='word_1_413' title='bbox 1430 5146 1599 5219; x_wconf 75' lang='lat' dir='ltr'><strong>infra</strong></span> <span class='ocrx_word' id='word_1_414' title='bbox 1642 5148 1905 5219; x_wconf 85' lang='lat' dir='ltr'><strong>leguntur</strong></span> 
     </span>
    </p>
   </div>
   <div class='ocr_carea' id='block_1_53' title="bbox 329 5218 1906 5285">
    <p class='ocr_par' dir='ltr' id='par_1_53' title="bbox 329 5218 1906 5285">
     <span class='ocr_line' id='line_1_53' title="bbox 329 5218 1906 5285; baseline -0.004 -11"><span class='ocrx_word' id='word_1_415' title='bbox 329 5237 482 5274; x_wconf 82' lang='lat' dir='ltr'><strong>num.</strong></span> <span class='ocrx_word' id='word_1_416' title='bbox 516 5220 609 5285; x_wconf 82' lang='lat'><strong>56,</strong></span> <span class='ocrx_word' id='word_1_417' title='bbox 649 5221 738 5274; x_wconf 89' lang='lat' dir='ltr'><strong>ubi</strong></span> <span class='ocrx_word' id='word_1_418' title='bbox 775 5218 1021 5274; x_wconf 73' lang='lat' dir='ltr'><strong>Justinus</strong></span> <span class='ocrx_word' id='word_1_419' title='bbox 1056 5220 1169 5272; x_wconf 79' lang='lat' dir='ltr'><strong>hzec</strong></span> <span class='ocrx_word' id='word_1_420' title='bbox 1204 5233 1232 5269; x_wconf 76' lang='grc' dir='ltr'>ει</span> <span class='ocrx_word' id='word_1_421' title='bbox 1269 5233 1328 5270; x_wconf 90' lang='lat' dir='ltr'><strong>se</strong></span> <span class='ocrx_word' id='word_1_422' title='bbox 1362 5218 1511 5284; x_wconf 88' lang='lat' dir='ltr'><strong>prius</strong></span> <span class='ocrx_word' id='word_1_423' title='bbox 1545 5218 1750 5285; x_wconf 90' lang='lat' dir='ltr'><strong>scripta</strong></span> <span class='ocrx_word' id='word_1_424' title='bbox 1784 5231 1906 5270; x_wconf 76' lang='lat' dir='ltr'><strong>esse</strong></span> 
     </span>
    </p>
   </div>
   <div class='ocr_carea' id='block_1_54' title="bbox 328 5287 1904 5352">
    <p class='ocr_par' dir='ltr' id='par_1_54' title="bbox 328 5287 1904 5352">
     <span class='ocr_line' id='line_1_54' title="bbox 328 5287 1904 5352; baseline -0.006 -7"><span class='ocrx_word' id='word_1_425' title='bbox 328 5291 594 5346; x_wconf 74' lang='lat' dir='ltr'><strong>declarat.</strong></span> <span class='ocrx_word' id='word_1_426' title='bbox 634 5321 707 5330; x_wconf 89' lang='lat'><strong>-—</strong></span> <span class='ocrx_word' id='word_1_427' title='bbox 767 5289 895 5344; x_wconf 66' lang='lat' dir='ltr'><strong>Haac</strong></span> <span class='ocrx_word' id='word_1_428' title='bbox 930 5306 1039 5344; x_wconf 91' lang='lat' dir='ltr'><strong>non</strong></span> <span class='ocrx_word' id='word_1_429' title='bbox 1078 5287 1302 5352; x_wconf 83' lang='lat' dir='ltr'><strong>Justini,</strong></span> <span class='ocrx_word' id='word_1_430' title='bbox 1341 5291 1434 5341; x_wconf 81' lang='lat' dir='ltr'><strong>sed</strong></span> <span class='ocrx_word' id='word_1_431' title='bbox 1490 5287 1702 5341; x_wconf 80' lang='lat' dir='ltr'><strong>librarii</strong></span> <span class='ocrx_word' id='word_1_432' title='bbox 1739 5287 1904 5340; x_wconf 82' lang='lat' dir='ltr'><strong>Verba</strong></span> 
     </span>
    </p>
   </div>
   <div class='ocr_carea' id='block_1_55' title="bbox 328 5355 1907 5428">
    <p class='ocr_par' dir='ltr' id='par_1_55' title="bbox 328 5355 1907 5428">
     <span class='ocr_line' id='line_1_55' title="bbox 328 5355 1907 5428; baseline -0.005 -14"><span class='ocrx_word' id='word_1_433' title='bbox 328 5377 480 5424; x_wconf 80' lang='lat' dir='ltr'><strong>esse,</strong></span> <span class='ocrx_word' id='word_1_434' title='bbox 520 5361 906 5428; x_wconf 82' lang='lat' dir='ltr'><strong>compendium</strong></span> <span class='ocrx_word' id='word_1_435' title='bbox 947 5359 1036 5413; x_wconf 92' lang='lat' dir='ltr'><strong>hic</strong></span> <span class='ocrx_word' id='word_1_436' title='bbox 1069 5358 1346 5419; x_wconf 75' lang='lat' dir='ltr'><strong>facientis,</strong></span> <span class='ocrx_word' id='word_1_437' title='bbox 1383 5357 1555 5428; x_wconf 86' lang='lat' dir='ltr'><strong>liquet</strong></span> <span class='ocrx_word' id='word_1_438' title='bbox 1577 5373 1643 5412; x_wconf 80' lang='lat' dir='ltr'><strong>ex</strong></span> <span class='ocrx_word' id='word_1_439' title='bbox 1673 5372 1738 5428; x_wconf 88' lang='lat' dir='ltr'><strong>eo</strong></span> <span class='ocrx_word' id='word_1_440' title='bbox 1764 5355 1907 5428; x_wconf 82' lang='lat' dir='ltr'><strong>quod</strong></span> 
     </span>
    </p>
   </div>
   <div class='ocr_carea' id='block_1_56' title="bbox 329 5425 1909 5502">
    <p class='ocr_par' dir='ltr' id='par_1_56' title="bbox 329 5425 1909 5502">
     <span class='ocr_line' id='line_1_56' title="bbox 329 5425 1909 5502; baseline -0.004 -19"><span class='ocrx_word' id='word_1_441' title='bbox 329 5449 484 5484; x_wconf 87' lang='lat' dir='ltr'><strong>num.</strong></span> <span class='ocrx_word' id='word_1_442' title='bbox 646 5425 879 5485; x_wconf 84' lang='lat' dir='ltr'><strong>dicitur:</strong></span> <span class='ocrx_word' id='word_1_443' title='bbox 917 5429 998 5500; x_wconf 81' lang='grc' dir='ltr'><strong>Οὐ¹</strong></span> <span class='ocrx_word' id='word_1_444' title='bbox 1031 5429 1160 5502; x_wconf 36' lang='grc' dir='ltr'>γὰρ-</span> <span class='ocrx_word' id='word_1_445' title='bbox 1185 5428 1419 5502; x_wconf 76' lang='grc' dir='ltr'>γράφειν</span> <span class='ocrx_word' id='word_1_446' title='bbox 1453 5427 1616 5502; x_wconf 74' lang='grc' dir='ltr'>πάλιν</span> <span class='ocrx_word' id='word_1_447' title='bbox 1647 5427 1715 5502; x_wconf 70' lang='grc' dir='ltr'><strong>τά</strong></span> <span class='ocrx_word' id='word_1_448' title='bbox 1749 5425 1909 5488; x_wconf 78' lang='grc' dir='ltr'>αὐτὰ,</span> 
     </span>
    </p>
   </div>
   <div class='ocr_carea' id='block_1_57' title="bbox 326 5497 1917 5636">
    <p class='ocr_par' dir='ltr' id='par_1_57' title="bbox 326 5497 1917 5636">
     <span class='ocr_line' id='line_1_57' title="bbox 326 5497 1917 5621; baseline -0.005 -65"><span class='ocrx_word' id='word_1_449' title='bbox 326 5503 436 5556; x_wconf 78' lang='grc' dir='ltr'><strong>τῶν</strong></span> <span class='ocrx_word' id='word_1_450' title='bbox 470 5500 719 5555; x_wconf 75' lang='grc' dir='ltr'>πάντων</span> <span class='ocrx_word' id='word_1_451' title='bbox 751 5497 1306 5571; x_wconf 62' lang='grc' dir='ltr'>προγεπὸαμιὶένών,</span> <span class='ocrx_word' id='word_1_452' title='bbox 1338 5498 1484 5550; x_wconf 86' lang='grc' dir='ltr'>δοκεῖ</span> <span class='ocrx_word' id='word_1_453' title='bbox 1486 5514 1629 5621; x_wconf 47' lang='lat' dir='ltr'><strong>bitat.</strong></span> <span class='ocrx_word' id='word_1_454' title='bbox 1667 5497 1917 5561; x_wconf 62' lang='lat' dir='ltr'><strong>O&#39;r&#39;ro..._</strong></span> 
     </span>
     <span class='ocr_line' id='line_1_58' title="bbox 399 5567 1916 5636; baseline -0.003 -10"><span class='ocrx_word' id='word_1_455' title='bbox 399 5573 519 5636; x_wconf 80' lang='lat'><strong>(55)</strong></span> <span class='ocrx_word' id='word_1_456' title='bbox 568 5571 714 5625; x_wconf 77' lang='grc' dir='ltr'><strong>Ἀπὸ</strong></span> <span class='ocrx_word' id='word_1_457' title='bbox 749 5571 855 5626; x_wconf 86' lang='grc' dir='ltr'>τοῦ</span> <span class='ocrx_word' id='word_1_458' title='bbox 881 5573 1057 5636; x_wconf 76' lang='grc' dir='ltr'>ἁγίου</span> <span class='ocrx_word' id='word_1_459' title='bbox 1092 5569 1454 5636; x_wconf 82' lang='grc' dir='ltr'>Πνεύματος.</span> <span class='ocrx_word' id='word_1_460' title='bbox 1541 5569 1680 5624; x_wconf 89' lang='lat' dir='ltr'><strong>elius</strong></span> <span class='ocrx_word' id='word_1_461' title='bbox 1706 5567 1916 5636; x_wconf 85' lang='lat' dir='ltr'><strong>legere-</strong></span> 
     </span>
    </p>
   </div>
   <div class='ocr_carea' id='block_1_58' title="bbox 1541 5581 1916 5624">
    <p class='ocr_par' dir='ltr' id='par_1_58' title="bbox 1541 5581 1916 5624">
     <span class='ocr_line' id='line_1_59' title="bbox 1541 5581 1916 5624; baseline -0.008 0"><span class='ocrx_word' id='word_1_462' title='bbox 1541 5581 1680 5624; x_wconf 90' lang='lat' dir='ltr'><strong>enus</strong></span> <span class='ocrx_word' id='word_1_463' title='bbox 1707 5581 1916 5624; x_wconf 69' lang='lat' dir='ltr'><strong>tegere-</strong></span> 
     </span>
    </p>
   </div>
   <div class='ocr_carea' id='block_1_59' title="bbox 399 5569 1454 5642">
    <p class='ocr_par' dir='ltr' id='par_1_59' title="bbox 399 5569 1454 5642">
     <span class='ocr_line' id='line_1_60' title="bbox 399 5569 1454 5642; baseline -0.007 -16"><span class='ocrx_word' id='word_1_464' title='bbox 399 5573 519 5640; x_wconf 81' lang='grc'><strong>(55)</strong></span> <span class='ocrx_word' id='word_1_465' title='bbox 568 5571 714 5625; x_wconf 77' lang='grc' dir='ltr'><strong>Ἀπὸ</strong></span> <span class='ocrx_word' id='word_1_466' title='bbox 749 5571 855 5626; x_wconf 86' lang='grc' dir='ltr'>τοῦ</span> <span class='ocrx_word' id='word_1_467' title='bbox 878 5569 1057 5642; x_wconf 76' lang='grc' dir='ltr'>ἁγίου</span> <span class='ocrx_word' id='word_1_468' title='bbox 1092 5569 1454 5637; x_wconf 82' lang='grc' dir='ltr'>Πνεύματος.</span> 
     </span>
    </p>
   </div>
   <div class='ocr_carea' id='block_1_60' title="bbox 326 5643 1028 5698">
    <p class='ocr_par' dir='ltr' id='par_1_60' title="bbox 326 5643 1028 5698">
     <span class='ocr_line' id='line_1_61' title="bbox 326 5643 1028 5698; baseline -0.004 -1"><span class='ocrx_word' id='word_1_469' title='bbox 326 5655 416 5698; x_wconf 75' lang='lat' dir='ltr'><strong>tur</strong></span> <span class='ocrx_word' id='word_1_470' title='bbox 445 5643 574 5696; x_wconf 75' lang='grc' dir='ltr'>ὑπό.</span> <span class='ocrx_word' id='word_1_471' title='bbox 1019 5643 1028 5653; x_wconf 90' lang='grc'><em>’</em></span> 
     </span>
    </p>
   </div>
   <div class='ocr_carea' id='block_1_61' title="bbox 397 5705 1913 5781">
    <p class='ocr_par' dir='ltr' id='par_1_61' title="bbox 397 5705 1913 5781">
     <span class='ocr_line' id='line_1_62' title="bbox 397 5705 1913 5781; baseline -0.006 -14"><span class='ocrx_word' id='word_1_472' title='bbox 397 5713 518 5781; x_wconf 71' lang='grc'><strong>(54)</strong></span> <span class='ocrx_word' id='word_1_473' title='bbox 551 5711 688 5766; x_wconf 68' lang='grc' dir='ltr'>Ὑπὸ</span> <span class='ocrx_word' id='word_1_474' title='bbox 722 5710 830 5764; x_wconf 76' lang='grc' dir='ltr'>τὸν</span> <span class='ocrx_word' id='word_1_475' title='bbox 861 5709 1140 5778; x_wconf 79' lang='grc' dir='ltr'>ποιητήν.</span> <span class='ocrx_word' id='word_1_476' title='bbox 1173 5711 1328 5767; x_wconf 84' lang='lat' dir='ltr'><strong>Hunc</strong></span> <span class='ocrx_word' id='word_1_477' title='bbox 1353 5710 1530 5765; x_wconf 85' lang='lat' dir='ltr'><strong>locum</strong></span> <span class='ocrx_word' id='word_1_478' title='bbox 1565 5709 1638 5762; x_wconf 87' lang='lat' dir='ltr'><strong>ita</strong></span> <span class='ocrx_word' id='word_1_479' title='bbox 1670 5705 1913 5781; x_wconf 80' lang='lat' dir='ltr'><strong>restitui,</strong></span> 
     </span>
    </p>
   </div>
   <div class='ocr_carea' id='block_1_62' title="bbox 2004 589 3576 662">
    <p class='ocr_par' dir='ltr' id='par_1_62' title="bbox 2004 589 3576 662">
     <span class='ocr_line' id='line_1_63' title="bbox 2004 589 3576 662; baseline 0.002 -19"><span class='ocrx_word' id='word_1_480' title='bbox 2004 592 2170 651; x_wconf 88' lang='lat' dir='ltr'><strong>visus,</strong></span> <span class='ocrx_word' id='word_1_481' title='bbox 2203 601 2296 645; x_wconf 89' lang='lat' dir='ltr'><strong>aut</strong></span> <span class='ocrx_word' id='word_1_482' title='bbox 2322 607 2419 662; x_wconf 90' lang='lat' dir='ltr'><strong>per</strong></span> <span class='ocrx_word' id='word_1_483' title='bbox 2446 606 2506 647; x_wconf 90' lang='lat' dir='ltr'><strong>se</strong></span> <span class='ocrx_word' id='word_1_484' title='bbox 2533 605 2860 660; x_wconf 87' lang='lat' dir='ltr'><strong>quemquam</strong></span> <span class='ocrx_word' id='word_1_485' title='bbox 2903 589 3195 656; x_wconf 78' lang='lat' dir='ltr'><strong>allocutus,</strong></span> <span class='ocrx_word' id='word_1_486' title='bbox 3224 606 3387 660; x_wconf 88' lang='lat' dir='ltr'><strong>quem</strong></span> <span class='ocrx_word' id='word_1_487' title='bbox 3421 607 3576 646; x_wconf 83' lang='lat' dir='ltr'><strong>crea-</strong></span> 
     </span>
    </p>
   </div>
   <div class='ocr_carea' id='block_1_63' title="bbox 2007 682 3575 753">
    <p class='ocr_par' dir='ltr' id='par_1_63' title="bbox 2007 682 3575 753">
     <span class='ocr_line' id='line_1_64' title="bbox 2007 682 3575 753; baseline 0.002 -16"><span class='ocrx_word' id='word_1_488' title='bbox 2007 691 2184 738; x_wconf 90' lang='lat' dir='ltr'><strong>torem</strong></span> <span class='ocrx_word' id='word_1_489' title='bbox 2219 683 2601 738; x_wconf 86' lang='lat' dir='ltr'><strong>universorum</strong></span> <span class='ocrx_word' id='word_1_490' title='bbox 2644 693 2697 737; x_wconf 90' lang='lat' dir='ltr'><strong>et</strong></span> <span class='ocrx_word' id='word_1_491' title='bbox 2739 691 3023 750; x_wconf 90' lang='lat' dir='ltr'><strong>parentem</strong></span> <span class='ocrx_word' id='word_1_492' title='bbox 3063 682 3434 753; x_wconf 83' lang='lat' dir='ltr'><strong>intelligimus.</strong></span> <span class='ocrx_word' id='word_1_493' title='bbox 3483 685 3575 740; x_wconf 82' lang='lat' dir='ltr'><strong>Sic</strong></span> 
     </span>
    </p>
   </div>
   <div class='ocr_carea' id='block_1_64' title="bbox 2002 758 3572 846">
    <p class='ocr_par' dir='ltr' id='par_1_64' title="bbox 2002 758 3572 846">
     <span class='ocr_line' id='line_1_65' title="bbox 2002 758 3572 846; baseline 0.001 -16"><span class='ocrx_word' id='word_1_494' title='bbox 2002 775 2148 830; x_wconf 91' lang='lat' dir='ltr'><strong>enim</strong></span> <span class='ocrx_word' id='word_1_495' title='bbox 2178 775 2455 846; x_wconf 85' lang='lat' dir='ltr'><strong>loquitur:</strong></span> <span class='ocrx_word' id='word_1_496' title='bbox 2490 795 2509 828; x_wconf 77' lang='grc' dir='ltr'><strong>ι</strong></span> <span class='ocrx_word' id='word_1_497' title='bbox 2544 776 2812 846; x_wconf 88' lang='lat' dir='ltr'><strong>Apparuit</strong></span> <span class='ocrx_word' id='word_1_498' title='bbox 2840 758 3022 831; x_wconf 77' lang='lat' dir='ltr'><strong>autem</strong></span> <span class='ocrx_word' id='word_1_499' title='bbox 3056 776 3103 830; x_wconf 90' lang='lat' dir='ltr'><strong>ei</strong></span> <span class='ocrx_word' id='word_1_500' title='bbox 3141 776 3280 831; x_wconf 91' lang='lat' dir='ltr'><strong>Deus</strong></span> <span class='ocrx_word' id='word_1_501' title='bbox 3315 779 3380 832; x_wconf 90' lang='lat' dir='ltr'><strong>ad</strong></span> <span class='ocrx_word' id='word_1_502' title='bbox 3408 795 3572 846; x_wconf 87' lang='lat' dir='ltr'><strong>qner-</strong></span> 
     </span>
    </p>
   </div>
   <div class='ocr_carea' id='block_1_65' title="bbox 2005 869 3575 938">
    <p class='ocr_par' dir='ltr' id='par_1_65' title="bbox 2005 869 3575 938">
     <span class='ocr_line' id='line_1_66' title="bbox 2005 869 3575 938; baseline 0 -14"><span class='ocrx_word' id='word_1_503' title='bbox 2005 884 2127 924; x_wconf 93' lang='lat' dir='ltr'><strong>cum</strong></span> <span class='ocrx_word' id='word_1_504' title='bbox 2167 869 2430 938; x_wconf 83' lang='lat' dir='ltr'><strong>Mambre,</strong></span> <span class='ocrx_word' id='word_1_505' title='bbox 2469 870 2596 924; x_wconf 81' lang='lat' dir='ltr'><strong>cum’</strong></span> <span class='ocrx_word' id='word_1_506' title='bbox 2615 869 2705 925; x_wconf 81' lang='lat' dir='ltr'><strong>ille</strong></span> <span class='ocrx_word' id='word_1_507' title='bbox 2735 869 2953 925; x_wconf 78' lang='lat' dir='ltr'><strong>sederet</strong></span> <span class='ocrx_word' id='word_1_508' title='bbox 2988 869 3042 924; x_wconf 90' lang='lat' dir='ltr'><strong>in</strong></span> <span class='ocrx_word' id='word_1_509' title='bbox 3068 869 3210 924; x_wconf 91' lang='lat' dir='ltr'><strong>ostio</strong></span> <span class='ocrx_word' id='word_1_510' title='bbox 3236 870 3575 925; x_wconf 87' lang='lat' dir='ltr'><strong>tabernaculi</strong></span> 
     </span>
    </p>
   </div>
   <div class='ocr_carea' id='block_1_66' title="bbox 2004 961 3578 1032">
    <p class='ocr_par' dir='ltr' id='par_1_66' title="bbox 2004 961 3578 1032">
     <span class='ocr_line' id='line_1_67' title="bbox 2004 961 3578 1032; baseline 0.001 -17"><span class='ocrx_word' id='word_1_511' title='bbox 2004 961 2059 1015; x_wconf 91' lang='lat' dir='ltr'><strong>in</strong></span> <span class='ocrx_word' id='word_1_512' title='bbox 2090 962 2338 1017; x_wconf 89' lang='lat' dir='ltr'><strong>meridie.</strong></span> <span class='ocrx_word' id='word_1_513' title='bbox 2367 961 2474 1018; x_wconf 86' lang='lat' dir='ltr'><strong>Sed</strong></span> <span class='ocrx_word' id='word_1_514' title='bbox 2499 963 2799 1032; x_wconf 88' lang='lat' dir='ltr'><strong>respiciens</strong></span> <span class='ocrx_word' id='word_1_515' title='bbox 2822 961 3018 1027; x_wconf 90' lang='lat' dir='ltr'><strong>oculis,</strong></span> <span class='ocrx_word' id='word_1_516' title='bbox 3047 961 3212 1016; x_wconf 86' lang='lat' dir='ltr'><strong>vidit:</strong></span> <span class='ocrx_word' id='word_1_517' title='bbox 3238 972 3294 1018; x_wconf 88' lang='lat' dir='ltr'><strong>et</strong></span> <span class='ocrx_word' id='word_1_518' title='bbox 3318 978 3446 1018; x_wconf 86' lang='lat' dir='ltr'><strong>ecce</strong></span> <span class='ocrx_word' id='word_1_519' title='bbox 3466 972 3578 1017; x_wconf 83' lang='lat' dir='ltr'><strong>tres</strong></span> 
     </span>
    </p>
   </div>
   <div class='ocr_carea' id='block_1_67' title="bbox 2002 1053 3576 1124">
    <p class='ocr_par' dir='ltr' id='par_1_67' title="bbox 2002 1053 3576 1124">
     <span class='ocr_line' id='line_1_68' title="bbox 2002 1053 3576 1124; baseline 0.001 -17"><span class='ocrx_word' id='word_1_520' title='bbox 2002 1055 2108 1108; x_wconf 89' lang='lat' dir='ltr'><strong>viri</strong></span> <span class='ocrx_word' id='word_1_521' title='bbox 2140 1055 2360 1110; x_wconf 87' lang='lat' dir='ltr'><strong>stabant</strong></span> <span class='ocrx_word' id='word_1_522' title='bbox 2393 1069 2554 1124; x_wconf 89' lang='lat' dir='ltr'><strong>supra</strong></span> <span class='ocrx_word' id='word_1_523' title='bbox 2585 1069 2742 1121; x_wconf 88' lang='lat' dir='ltr'><strong>eum;</strong></span> <span class='ocrx_word' id='word_1_524' title='bbox 2792 1063 2848 1108; x_wconf 89' lang='lat' dir='ltr'><strong>et</strong></span> <span class='ocrx_word' id='word_1_525' title='bbox 2873 1055 3066 1110; x_wconf 90' lang='lat' dir='ltr'><strong>videns</strong></span> <span class='ocrx_word' id='word_1_526' title='bbox 3084 1053 3337 1109; x_wconf 89' lang='lat' dir='ltr'><strong>occurrit</strong></span> <span class='ocrx_word' id='word_1_527' title='bbox 3358 1053 3576 1108; x_wconf 88' lang='lat' dir='ltr'><strong>obviam</strong></span> 
     </span>
    </p>
   </div>
   <div class='ocr_carea' id='block_1_68' title="bbox 2004 1146 3577 1221">
    <p class='ocr_par' dir='ltr' id='par_1_68' title="bbox 2004 1146 3577 1221">
     <span class='ocr_line' id='line_1_69' title="bbox 2004 1146 3577 1221; baseline 0 -18"><span class='ocrx_word' id='word_1_528' title='bbox 2004 1149 2113 1204; x_wconf 91' lang='lat' dir='ltr'><strong>illis</strong></span> <span class='ocrx_word' id='word_1_529' title='bbox 2157 1149 2225 1204; x_wconf 90' lang='lat' dir='ltr'><strong>ab</strong></span> <span class='ocrx_word' id='word_1_530' title='bbox 2266 1150 2410 1204; x_wconf 90' lang='lat' dir='ltr'><strong>ostio</strong></span> <span class='ocrx_word' id='word_1_531' title='bbox 2447 1148 2783 1203; x_wconf 83' lang='lat' dir='ltr'><strong>tabernaculi</strong></span> <span class='ocrx_word' id='word_1_532' title='bbox 2839 1148 2959 1211; x_wconf 88' lang='lat' dir='ltr'><strong>sui,</strong></span> <span class='ocrx_word' id='word_1_533' title='bbox 3005 1155 3062 1201; x_wconf 91' lang='lat' dir='ltr'><strong>et</strong></span> <span class='ocrx_word' id='word_1_534' title='bbox 3112 1146 3363 1201; x_wconf 85' lang='lat' dir='ltr'><strong>adoravit</strong></span> <span class='ocrx_word' id='word_1_535' title='bbox 3416 1161 3577 1221; x_wconf 76' lang='lat' dir='ltr'><strong>super</strong></span> 
     </span>
    </p>
   </div>
   <div class='ocr_carea' id='block_1_69' title="bbox 2007 1237 3578 1309">
    <p class='ocr_par' dir='ltr' id='par_1_69' title="bbox 2007 1237 3578 1309">
     <span class='ocr_line' id='line_1_70' title="bbox 2007 1237 3578 1309; baseline -0.003 -12"><span class='ocrx_word' id='word_1_536' title='bbox 2007 1251 2233 1308; x_wconf 90' lang='lat' dir='ltr'><strong>terram,</strong></span> <span class='ocrx_word' id='word_1_537' title='bbox 2279 1251 2335 1297; x_wconf 89' lang='lat' dir='ltr'><strong>et</strong></span> <span class='ocrx_word' id='word_1_538' title='bbox 2365 1241 2603 1306; x_wconf 67' lang='lat' dir='ltr'><strong>dixit“,</strong></span> <span class='ocrx_word' id='word_1_539' title='bbox 2640 1261 2658 1292; x_wconf 77' lang='grc' dir='ltr'><strong>ι</strong></span> <span class='ocrx_word' id='word_1_540' title='bbox 2692 1250 2746 1296; x_wconf 92' lang='lat' dir='ltr'><strong>et</strong></span> <span class='ocrx_word' id='word_1_541' title='bbox 2775 1248 2974 1294; x_wconf 70' lang='lat' dir='ltr'><strong>caetera</strong></span> <span class='ocrx_word' id='word_1_542' title='bbox 3005 1253 3177 1309; x_wconf 90' lang='lat' dir='ltr'><strong>usque</strong></span> <span class='ocrx_word' id='word_1_543' title='bbox 3223 1239 3328 1293; x_wconf 90' lang='lat' dir='ltr'><strong>ad:</strong></span> <span class='ocrx_word' id='word_1_544' title='bbox 3370 1256 3390 1290; x_wconf 74' lang='grc' dir='ltr'><strong>ι</strong></span> <span class='ocrx_word' id='word_1_545' title='bbox 3422 1237 3578 1293; x_wconf 84' lang='lat' dir='ltr'><strong>Mane</strong></span> 
     </span>
    </p>
   </div>
   <div class='ocr_carea' id='block_1_70' title="bbox 2005 1328 3573 1404">
    <p class='ocr_par' dir='ltr' id='par_1_70' title="bbox 2005 1328 3573 1404">
     <span class='ocr_line' id='line_1_71' title="bbox 2005 1328 3573 1404; baseline -0.005 -16"><span class='ocrx_word' id='word_1_546' title='bbox 2005 1343 2187 1390; x_wconf 88' lang='lat' dir='ltr'><strong>autem</strong></span> <span class='ocrx_word' id='word_1_547' title='bbox 2221 1346 2448 1404; x_wconf 78' lang='lat' dir='ltr'><strong>surgens</strong></span> <span class='ocrx_word' id='word_1_548' title='bbox 2475 1332 2748 1386; x_wconf 86' lang='lat' dir='ltr'><strong>Abraham</strong></span> <span class='ocrx_word' id='word_1_549' title='bbox 2773 1371 2786 1393; x_wconf 91' lang='lat'><strong>,</strong></span> <span class='ocrx_word' id='word_1_550' title='bbox 2843 1329 3083 1386; x_wconf 91' lang='lat' dir='ltr'><strong>diluculo</strong></span> <span class='ocrx_word' id='word_1_551' title='bbox 3125 1329 3224 1384; x_wconf 88' lang='lat' dir='ltr'><strong>ivit</strong></span> <span class='ocrx_word' id='word_1_552' title='bbox 3256 1334 3323 1383; x_wconf 89' lang='lat' dir='ltr'><strong>ad</strong></span> <span class='ocrx_word' id='word_1_553' title='bbox 3360 1328 3536 1384; x_wconf 87' lang='lat' dir='ltr'><strong>locum</strong></span> <span class='ocrx_word' id='word_1_554' title='bbox 3558 1369 3573 1392; x_wconf 90' lang='lat'><strong>,</strong></span> 
     </span>
    </p>
   </div>
   <div class='ocr_carea' id='block_1_71' title="bbox 2004 1419 3580 1496">
    <p class='ocr_par' dir='ltr' id='par_1_71' title="bbox 2004 1419 3580 1496">
     <span class='ocr_line' id='line_1_72' title="bbox 2004 1419 3580 1496; baseline -0.005 -14"><span class='ocrx_word' id='word_1_555' title='bbox 2004 1428 2058 1482; x_wconf 90' lang='lat' dir='ltr'><strong>in</strong></span> <span class='ocrx_word' id='word_1_556' title='bbox 2113 1442 2220 1496; x_wconf 92' lang='lat' dir='ltr'><strong>quo</strong></span> <span class='ocrx_word' id='word_1_557' title='bbox 2254 1433 2484 1480; x_wconf 87' lang='lat' dir='ltr'><strong>steterat</strong></span> <span class='ocrx_word' id='word_1_558' title='bbox 2520 1440 2707 1479; x_wconf 89' lang='lat' dir='ltr'><strong>coram</strong></span> <span class='ocrx_word' id='word_1_559' title='bbox 2746 1423 3010 1488; x_wconf 90' lang='lat' dir='ltr'><strong>Domino;</strong></span> <span class='ocrx_word' id='word_1_560' title='bbox 3049 1431 3104 1478; x_wconf 90' lang='lat' dir='ltr'><strong>et</strong></span> <span class='ocrx_word' id='word_1_561' title='bbox 3139 1422 3376 1492; x_wconf 76' lang='lat' dir='ltr'><strong>inspexit</strong></span> <span class='ocrx_word' id='word_1_562' title='bbox 3410 1422 3460 1476; x_wconf 90' lang='lat' dir='ltr'><strong>in</strong></span> <span class='ocrx_word' id='word_1_563' title='bbox 3496 1419 3580 1485; x_wconf 79' lang='lat' dir='ltr'><strong>fa-</strong></span> 
     </span>
    </p>
   </div>
   <div class='ocr_carea' id='block_1_72' title="bbox 2003 1515 3579 1583">
    <p class='ocr_par' dir='ltr' id='par_1_72' title="bbox 2003 1515 3579 1583">
     <span class='ocr_line' id='line_1_73' title="bbox 2003 1515 3579 1583; baseline -0.004 -10"><span class='ocrx_word' id='word_1_564' title='bbox 2003 1518 2142 1574; x_wconf 91' lang='lat' dir='ltr'><strong>ciem</strong></span> <span class='ocrx_word' id='word_1_565' title='bbox 2179 1517 2540 1573; x_wconf 82' lang='lat' dir='ltr'><strong>Sodomorum</strong></span> <span class='ocrx_word' id='word_1_566' title='bbox 2575 1525 2630 1570; x_wconf 91' lang='lat' dir='ltr'><strong>et</strong></span> <span class='ocrx_word' id='word_1_567' title='bbox 2651 1515 2992 1580; x_wconf 64' lang='lat' dir='ltr'><strong>Gomorrhm,</strong></span> <span class='ocrx_word' id='word_1_568' title='bbox 3027 1523 3082 1569; x_wconf 91' lang='lat' dir='ltr'><strong>et</strong></span> <span class='ocrx_word' id='word_1_569' title='bbox 3112 1517 3164 1583; x_wconf 87' lang='lat' dir='ltr'><strong>in</strong></span> <span class='ocrx_word' id='word_1_570' title='bbox 3192 1515 3382 1569; x_wconf 83' lang='lat' dir='ltr'><strong>faciem</strong></span> <span class='ocrx_word' id='word_1_571' title='bbox 3421 1523 3579 1568; x_wconf 66' lang='lat' dir='ltr'><strong>terrae</strong></span> 
     </span>
    </p>
   </div>
   <div class='ocr_carea' id='block_1_73' title="bbox 2004 1603 3580 1676">
    <p class='ocr_par' dir='ltr' id='par_1_73' title="bbox 2004 1603 3580 1676">
     <span class='ocr_line' id='line_1_74' title="bbox 2004 1603 3580 1676; baseline -0.004 -10"><span class='ocrx_word' id='word_1_572' title='bbox 2004 1608 2528 1676; x_wconf 78' lang='lat' dir='ltr'><strong>circumjacentis,et</strong></span> <span class='ocrx_word' id='word_1_573' title='bbox 2553 1607 2720 1660; x_wconf 85' lang='lat' dir='ltr'><strong>vidit:</strong></span> <span class='ocrx_word' id='word_1_574' title='bbox 2747 1615 2970 1670; x_wconf 88' lang='lat' dir='ltr'><strong>eteece,</strong></span> <span class='ocrx_word' id='word_1_575' title='bbox 2995 1605 3326 1661; x_wconf 85' lang='lat' dir='ltr'><strong>ascendebat</strong></span> <span class='ocrx_word' id='word_1_576' title='bbox 3359 1603 3580 1660; x_wconf 83' lang='lat' dir='ltr'><strong>flamma</strong></span> 
     </span>
    </p>
   </div>
   <div class='ocr_carea' id='block_1_74' title="bbox 2005 1699 3578 1776">
    <p class='ocr_par' dir='ltr' id='par_1_74' title="bbox 2005 1699 3578 1776">
     <span class='ocr_line' id='line_1_75' title="bbox 2005 1699 3578 1776; baseline -0.006 -15"><span class='ocrx_word' id='word_1_577' title='bbox 2005 1706 2072 1761; x_wconf 87' lang='lat' dir='ltr'><strong>de</strong></span> <span class='ocrx_word' id='word_1_578' title='bbox 2120 1704 2274 1776; x_wconf 77' lang='lat'><strong>151</strong></span> <span class='ocrx_word' id='word_1_579' title='bbox 2324 1713 2488 1770; x_wconf 89' lang='lat' dir='ltr'><strong>terra,</strong></span> <span class='ocrx_word' id='word_1_580' title='bbox 2528 1703 2679 1771; x_wconf 88' lang='lat' dir='ltr'><strong>quasi</strong></span> <span class='ocrx_word' id='word_1_581' title='bbox 2716 1717 2886 1772; x_wconf 85' lang='lat' dir='ltr'><strong>vapor</strong></span> <span class='ocrx_word' id='word_1_582' title='bbox 2923 1701 3156 1756; x_wconf 84' lang='lat' dir='ltr'><strong>fornacis</strong></span> <span class='ocrx_word' id='word_1_583' title='bbox 3203 1702 3269 1754; x_wconf 72' lang='grc'><strong>⁵⁵.</strong></span> <span class='ocrx_word' id='word_1_584' title='bbox 3316 1719 3413 1752; x_wconf 85' lang='grc' dir='ltr'>ι-</span> <span class='ocrx_word' id='word_1_585' title='bbox 3441 1699 3578 1755; x_wconf 90' lang='lat' dir='ltr'><strong>Cum</strong></span> 
     </span>
    </p>
   </div>
   <div class='ocr_carea' id='block_1_75' title="bbox 2005 1792 3578 1865">
    <p class='ocr_par' dir='ltr' id='par_1_75' title="bbox 2005 1792 3578 1865">
     <span class='ocr_line' id='line_1_76' title="bbox 2005 1792 3578 1865; baseline -0.003 -14"><span class='ocrx_word' id='word_1_586' title='bbox 2005 1797 2305 1852; x_wconf 84' lang='lat' dir='ltr'><strong>referendae</strong></span> <span class='ocrx_word' id='word_1_587' title='bbox 2357 1795 2657 1865; x_wconf 69' lang='lat' dir='ltr'><strong>Scripturas</strong></span> <span class='ocrx_word' id='word_1_588' title='bbox 2701 1793 2860 1847; x_wconf 81' lang='lat' dir='ltr'><strong>finem</strong></span> <span class='ocrx_word' id='word_1_589' title='bbox 2915 1793 3206 1860; x_wconf 89' lang='lat' dir='ltr'><strong>fecissem,</strong></span> <span class='ocrx_word' id='word_1_590' title='bbox 3270 1792 3578 1861; x_wconf 66' lang='lat' dir='ltr'><strong>quaerebam</strong></span> 
     </span>
    </p>
   </div>
   <div class='ocr_carea' id='block_1_76' title="bbox 2005 1882 2918 1940">
    <p class='ocr_par' dir='ltr' id='par_1_76' title="bbox 2005 1882 2918 1940">
     <span class='ocr_line' id='line_1_77' title="bbox 2005 1882 2918 1940; baseline -0.004 0"><span class='ocrx_word' id='word_1_591' title='bbox 2005 1900 2072 1940; x_wconf 84' lang='lat' dir='ltr'><strong>ex</strong></span> <span class='ocrx_word' id='word_1_592' title='bbox 2117 1885 2197 1940; x_wconf 85' lang='lat' dir='ltr'><strong>eis</strong></span> <span class='ocrx_word' id='word_1_593' title='bbox 2229 1899 2296 1938; x_wconf 88' lang='lat' dir='ltr'><strong>an</strong></span> <span class='ocrx_word' id='word_1_594' title='bbox 2333 1884 2476 1940; x_wconf 90' lang='lat' dir='ltr'><strong>dicta</strong></span> <span class='ocrx_word' id='word_1_595' title='bbox 2507 1882 2918 1939; x_wconf 80' lang='lat' dir='ltr'><strong>intellexissent.</strong></span> 
     </span>
    </p>
   </div>
   <div class='ocr_carea' id='block_1_77' title="bbox 2073 1975 3572 2046">
    <p class='ocr_par' dir='ltr' id='par_1_77' title="bbox 2073 1975 3572 2046">
     <span class='ocr_line' id='line_1_78' title="bbox 2073 1975 3572 2046; baseline -0.001 -14"><span class='ocrx_word' id='word_1_596' title='bbox 2073 1978 2153 2034; x_wconf 87' lang='lat' dir='ltr'><strong>Illi</strong></span> <span class='ocrx_word' id='word_1_597' title='bbox 2184 1987 2362 2033; x_wconf 89' lang='lat' dir='ltr'><strong>autem</strong></span> <span class='ocrx_word' id='word_1_598' title='bbox 2389 1976 2722 2033; x_wconf 82' lang='lat' dir='ltr'><strong>intellexisse</strong></span> <span class='ocrx_word' id='word_1_599' title='bbox 2755 1993 2812 2031; x_wconf 91' lang='lat' dir='ltr'><strong>se</strong></span> <span class='ocrx_word' id='word_1_600' title='bbox 2838 1977 3254 2046; x_wconf 82' lang='lat' dir='ltr'><strong>responderunt,</strong></span> <span class='ocrx_word' id='word_1_601' title='bbox 3285 1978 3379 2030; x_wconf 90' lang='lat' dir='ltr'><strong>sed</strong></span> <span class='ocrx_word' id='word_1_602' title='bbox 3405 1975 3572 2030; x_wconf 87' lang='lat' dir='ltr'><strong>allata</strong></span> 
     </span>
    </p>
   </div>
   <div class='ocr_carea' id='block_1_78' title="bbox 2006 2065 3582 2138">
    <p class='ocr_par' dir='ltr' id='par_1_78' title="bbox 2006 2065 3582 2138">
     <span class='ocr_line' id='line_1_79' title="bbox 2006 2065 3582 2138; baseline -0.004 -13"><span class='ocrx_word' id='word_1_603' title='bbox 2006 2072 2171 2125; x_wconf 86' lang='lat' dir='ltr'><strong>verba</strong></span> <span class='ocrx_word' id='word_1_604' title='bbox 2207 2069 2341 2124; x_wconf 84' lang='lat' dir='ltr'><strong>nihil</strong></span> <span class='ocrx_word' id='word_1_605' title='bbox 2367 2069 2588 2131; x_wconf 88' lang='lat' dir='ltr'><strong>habere,</strong></span> <span class='ocrx_word' id='word_1_606' title='bbox 2611 2066 2756 2138; x_wconf 89' lang='lat' dir='ltr'><strong>quod</strong></span> <span class='ocrx_word' id='word_1_607' title='bbox 2783 2067 2946 2121; x_wconf 91' lang='lat' dir='ltr'><strong>alium</strong></span> <span class='ocrx_word' id='word_1_608' title='bbox 2981 2065 3269 2136; x_wconf 86' lang='lat' dir='ltr'><strong>quemdam</strong></span> <span class='ocrx_word' id='word_1_609' title='bbox 3293 2066 3458 2119; x_wconf 89' lang='lat' dir='ltr'><strong>Deum</strong></span> <span class='ocrx_word' id='word_1_610' title='bbox 3487 2072 3582 2118; x_wconf 88' lang='lat' dir='ltr'><strong>aut</strong></span> 
     </span>
    </p>
   </div>
   <div class='ocr_carea' id='block_1_79' title="bbox 2005 2159 3582 2229">
    <p class='ocr_par' dir='ltr' id='par_1_79' title="bbox 2005 2159 3582 2229">
     <span class='ocr_line' id='line_1_80' title="bbox 2005 2159 3582 2229; baseline -0.004 -11"><span class='ocrx_word' id='word_1_611' title='bbox 2005 2163 2295 2219; x_wconf 90' lang='lat' dir='ltr'><strong>Dominum</strong></span> <span class='ocrx_word' id='word_1_612' title='bbox 2340 2176 2483 2226; x_wconf 87' lang='lat' dir='ltr'><strong>esse,</strong></span> <span class='ocrx_word' id='word_1_613' title='bbox 2509 2170 2602 2214; x_wconf 87' lang='lat' dir='ltr'><strong>aut</strong></span> <span class='ocrx_word' id='word_1_614' title='bbox 2643 2176 2672 2213; x_wconf 92' lang='lat' dir='ltr'><strong>a</strong></span> <span class='ocrx_word' id='word_1_615' title='bbox 2731 2160 2936 2229; x_wconf 87' lang='lat' dir='ltr'><strong>Spiritu</strong></span> <span class='ocrx_word' id='word_1_616' title='bbox 2996 2167 3190 2214; x_wconf 89' lang='lat' dir='ltr'><strong>sancto</strong></span> <span class='ocrx_word' id='word_1_617' title='bbox 3219 2159 3423 2213; x_wconf 89' lang='lat' dir='ltr'><strong>dictum</strong></span> <span class='ocrx_word' id='word_1_618' title='bbox 3456 2172 3582 2212; x_wconf 88' lang='lat' dir='ltr'><strong>esse</strong></span> 
     </span>
    </p>
   </div>
   <div class='ocr_carea' id='block_1_80' title="bbox 2007 2251 3342 2322">
    <p class='ocr_par' dir='ltr' id='par_1_80' title="bbox 2007 2251 3342 2322">
     <span class='ocr_line' id='line_1_81' title="bbox 2007 2251 3342 2322; baseline -0.004 -12"><span class='ocrx_word' id='word_1_619' title='bbox 2007 2256 2347 2311; x_wconf 86' lang='lat' dir='ltr'><strong>demonstret</strong></span> <span class='ocrx_word' id='word_1_620' title='bbox 2377 2265 2575 2322; x_wconf 80' lang='lat' dir='ltr'><strong>praeter</strong></span> <span class='ocrx_word' id='word_1_621' title='bbox 2605 2261 2911 2309; x_wconf 82' lang='lat' dir='ltr'><strong>creatorem</strong></span> <span class='ocrx_word' id='word_1_622' title='bbox 2939 2251 3342 2306; x_wconf 88' lang='lat' dir='ltr'><strong>universorum.</strong></span> 
     </span>
    </p>
   </div>
   <div class='ocr_carea' id='block_1_81' title="bbox 2079 2343 3581 2418">
    <p class='ocr_par' dir='ltr' id='par_1_81' title="bbox 2079 2343 3581 2418">
     <span class='ocr_line' id='line_1_82' title="bbox 2079 2343 3581 2418; baseline -0.004 -16"><span class='ocrx_word' id='word_1_623' title='bbox 2079 2347 2215 2402; x_wconf 91' lang='lat' dir='ltr'><strong>Tum</strong></span> <span class='ocrx_word' id='word_1_624' title='bbox 2249 2362 2349 2418; x_wconf 84' lang='lat' dir='ltr'><strong>ego</strong></span> <span class='ocrx_word' id='word_1_625' title='bbox 2387 2362 2604 2401; x_wconf 91' lang='lat' dir='ltr'><strong>rursum</strong></span> <span class='ocrx_word' id='word_1_626' title='bbox 2641 2363 2660 2401; x_wconf 83' lang='lat'><strong>:</strong></span> <span class='ocrx_word' id='word_1_627' title='bbox 2683 2345 2874 2399; x_wconf 88' lang='lat' dir='ltr'><strong>Enitar</strong></span> <span class='ocrx_word' id='word_1_628' title='bbox 2907 2343 3083 2407; x_wconf 89' lang='lat' dir='ltr'><strong>vobis,</strong></span> <span class='ocrx_word' id='word_1_629' title='bbox 3130 2343 3377 2413; x_wconf 89' lang='lat' dir='ltr'><strong>inquam,</strong></span> <span class='ocrx_word' id='word_1_630' title='bbox 3411 2359 3581 2412; x_wconf 83' lang='lat' dir='ltr'><strong>quatt-</strong></span> 
     </span>
    </p>
   </div>
   <div class='ocr_carea' id='block_1_82' title="bbox 2006 2433 3582 2510">
    <p class='ocr_par' dir='ltr' id='par_1_82' title="bbox 2006 2433 3582 2510">
     <span class='ocr_line' id='line_1_83' title="bbox 2006 2433 3582 2510; baseline -0.005 -15"><span class='ocrx_word' id='word_1_631' title='bbox 2006 2440 2295 2510; x_wconf 89' lang='lat' dir='ltr'><strong>doquidem</strong></span> <span class='ocrx_word' id='word_1_632' title='bbox 2328 2438 2641 2508; x_wconf 90' lang='lat' dir='ltr'><strong>Scripturas</strong></span> <span class='ocrx_word' id='word_1_633' title='bbox 2689 2435 3016 2504; x_wconf 83' lang='lat' dir='ltr'><strong>intelligitis,</strong></span> <span class='ocrx_word' id='word_1_634' title='bbox 3045 2449 3110 2488; x_wconf 89' lang='lat' dir='ltr'><strong>ea</strong></span> <span class='ocrx_word' id='word_1_635' title='bbox 3141 2448 3262 2504; x_wconf 73' lang='lat' dir='ltr'><strong>qua:</strong></span> <span class='ocrx_word' id='word_1_636' title='bbox 3311 2433 3434 2488; x_wconf 92' lang='lat' dir='ltr'><strong>dico</strong></span> <span class='ocrx_word' id='word_1_637' title='bbox 3459 2448 3582 2502; x_wconf 66' lang='grc' dir='ltr'>ροισι</span> 
     </span>
    </p>
   </div>
   <div class='ocr_carea' id='block_1_83' title="bbox 2010 2523 3584 2599">
    <p class='ocr_par' dir='ltr' id='par_1_83' title="bbox 2010 2523 3584 2599">
     <span class='ocr_line' id='line_1_84' title="bbox 2010 2523 3584 2599; baseline -0.008 -12"><span class='ocrx_word' id='word_1_638' title='bbox 2010 2533 2267 2599; x_wconf 86' lang='lat' dir='ltr'><strong>suadere,</strong></span> <span class='ocrx_word' id='word_1_639' title='bbox 2305 2531 2565 2586; x_wconf 91' lang='lat' dir='ltr'><strong>nimirum</strong></span> <span class='ocrx_word' id='word_1_640' title='bbox 2600 2529 2766 2583; x_wconf 78' lang='lat' dir='ltr'><strong>alium</strong></span> <span class='ocrx_word' id='word_1_641' title='bbox 2792 2543 2916 2582; x_wconf 81' lang='lat' dir='ltr'><strong>esse</strong></span> <span class='ocrx_word' id='word_1_642' title='bbox 2946 2533 3001 2580; x_wconf 90' lang='lat' dir='ltr'><strong>et</strong></span> <span class='ocrx_word' id='word_1_643' title='bbox 3032 2524 3136 2579; x_wconf 90' lang='lat' dir='ltr'><strong>dici</strong></span> <span class='ocrx_word' id='word_1_644' title='bbox 3197 2523 3297 2580; x_wconf 92' lang='lat' dir='ltr'><strong>sub</strong></span> <span class='ocrx_word' id='word_1_645' title='bbox 3334 2533 3584 2576; x_wconf 87' lang='lat' dir='ltr'><strong>creatore</strong></span> 
     </span>
    </p>
   </div>
   <div class='ocr_carea' id='block_1_84' title="bbox 2009 2621 3584 2695">
    <p class='ocr_par' dir='ltr' id='par_1_84' title="bbox 2009 2621 3584 2695">
     <span class='ocr_line' id='line_1_85' title="bbox 2009 2621 3584 2695; baseline -0.005 -12"><span class='ocrx_word' id='word_1_646' title='bbox 2009 2631 2415 2692; x_wconf 85' lang='lat' dir='ltr'><strong>universorum,</strong></span> <span class='ocrx_word' id='word_1_647' title='bbox 2477 2626 2644 2680; x_wconf 86' lang='lat' dir='ltr'><strong>Deum</strong></span> <span class='ocrx_word' id='word_1_648' title='bbox 2686 2637 2741 2681; x_wconf 91' lang='lat' dir='ltr'><strong>et</strong></span> <span class='ocrx_word' id='word_1_649' title='bbox 2791 2625 3098 2690; x_wconf 90' lang='lat' dir='ltr'><strong>Dominum,</strong></span> <span class='ocrx_word' id='word_1_650' title='bbox 3152 2624 3329 2695; x_wconf 88' lang='lat' dir='ltr'><strong>quiet</strong></span> <span class='ocrx_word' id='word_1_651' title='bbox 3359 2621 3584 2692; x_wconf 78' lang='lat' dir='ltr'><strong>angelus</strong></span> 
     </span>
    </p>
   </div>
   <div class='ocr_carea' id='block_1_85' title="bbox 2008 2714 3583 2789">
    <p class='ocr_par' dir='ltr' id='par_1_85' title="bbox 2008 2714 3583 2789">
     <span class='ocr_line' id='line_1_86' title="bbox 2008 2714 3583 2789; baseline -0.005 -14"><span class='ocrx_word' id='word_1_652' title='bbox 2008 2730 2254 2785; x_wconf 85' lang='lat' dir='ltr'><strong>vocatur,</strong></span> <span class='ocrx_word' id='word_1_653' title='bbox 2289 2721 2414 2789; x_wconf 89' lang='lat' dir='ltr'><strong>quia</strong></span> <span class='ocrx_word' id='word_1_654' title='bbox 2465 2719 2676 2774; x_wconf 88' lang='lat' dir='ltr'><strong>nuntiat</strong></span> <span class='ocrx_word' id='word_1_655' title='bbox 2726 2719 3040 2773; x_wconf 86' lang='lat' dir='ltr'><strong>hominibus</strong></span> <span class='ocrx_word' id='word_1_656' title='bbox 3097 2732 3432 2786; x_wconf 72' lang='lat' dir='ltr'><strong>qumcunqne</strong></span> <span class='ocrx_word' id='word_1_657' title='bbox 3475 2714 3583 2767; x_wconf 87' lang='lat' dir='ltr'><strong>illis</strong></span> 
     </span>
    </p>
   </div>
   <div class='ocr_carea' id='block_1_86' title="bbox 2011 2811 3582 2877">
    <p class='ocr_par' dir='ltr' id='par_1_86' title="bbox 2011 2811 3582 2877">
     <span class='ocr_line' id='line_1_87' title="bbox 2011 2811 3582 2877; baseline -0.006 -9"><span class='ocrx_word' id='word_1_658' title='bbox 2011 2815 2263 2870; x_wconf 88' lang='lat' dir='ltr'><strong>nuntiare</strong></span> <span class='ocrx_word' id='word_1_659' title='bbox 2314 2813 2430 2867; x_wconf 93' lang='lat' dir='ltr'><strong>vult</strong></span> <span class='ocrx_word' id='word_1_660' title='bbox 2490 2814 2871 2868; x_wconf 89' lang='lat' dir='ltr'><strong>universorum</strong></span> <span class='ocrx_word' id='word_1_661' title='bbox 2924 2811 3174 2875; x_wconf 88' lang='lat' dir='ltr'><strong>Creator,</strong></span> <span class='ocrx_word' id='word_1_662' title='bbox 3231 2823 3391 2876; x_wconf 88' lang='lat' dir='ltr'><strong>supra</strong></span> <span class='ocrx_word' id='word_1_663' title='bbox 3421 2822 3582 2877; x_wconf 87' lang='lat' dir='ltr'><strong>quem</strong></span> 
     </span>
    </p>
   </div>
   <div class='ocr_carea' id='block_1_87' title="bbox 2010 2901 3584 2976">
    <p class='ocr_par' dir='ltr' id='par_1_87' title="bbox 2010 2901 3584 2976">
     <span class='ocr_line' id='line_1_88' title="bbox 2010 2901 3584 2976; baseline -0.008 -13"><span class='ocrx_word' id='word_1_664' title='bbox 2010 2909 2283 2964; x_wconf 89' lang='lat' dir='ltr'><strong>aliusnon</strong></span> <span class='ocrx_word' id='word_1_665' title='bbox 2313 2919 2395 2965; x_wconf 89' lang='lat' dir='ltr'><strong>est</strong></span> <span class='ocrx_word' id='word_1_666' title='bbox 2429 2907 2592 2962; x_wconf 88' lang='lat' dir='ltr'><strong>Deus.</strong></span> <span class='ocrx_word' id='word_1_667' title='bbox 2620 2906 2865 2976; x_wconf 87' lang='lat' dir='ltr'><strong>Cumque</strong></span> <span class='ocrx_word' id='word_1_668' title='bbox 2896 2905 3060 2960; x_wconf 87' lang='lat' dir='ltr'><strong>verba</strong></span> <span class='ocrx_word' id='word_1_669' title='bbox 3105 2901 3218 2971; x_wconf 87' lang='lat' dir='ltr'><strong>jam</strong></span> <span class='ocrx_word' id='word_1_670' title='bbox 3262 2901 3423 2954; x_wconf 87' lang='lat' dir='ltr'><strong>allata</strong></span> <span class='ocrx_word' id='word_1_671' title='bbox 3484 2901 3584 2952; x_wconf 58' lang='lat' dir='ltr'><strong>ile.</strong></span> 
     </span>
    </p>
   </div>
   <div class='ocr_carea' id='block_1_88' title="bbox 2009 2990 3584 3067">
    <p class='ocr_par' dir='ltr' id='par_1_88' title="bbox 2009 2990 3584 3067">
     <span class='ocr_line' id='line_1_89' title="bbox 2009 2990 3584 3067; baseline -0.006 -11"><span class='ocrx_word' id='word_1_672' title='bbox 2009 3017 2128 3056; x_wconf 90' lang='lat' dir='ltr'><strong>rum</strong></span> <span class='ocrx_word' id='word_1_673' title='bbox 2177 2998 2464 3066; x_wconf 82' lang='lat' dir='ltr'><strong>referrem,</strong></span> <span class='ocrx_word' id='word_1_674' title='bbox 2520 2997 2866 3067; x_wconf 87' lang='lat' dir='ltr'><strong>Tryphonem</strong></span> <span class='ocrx_word' id='word_1_675' title='bbox 2930 2995 3331 3064; x_wconf 81' lang='lat' dir='ltr'><strong>interrogabam</strong></span> <span class='ocrx_word' id='word_1_676' title='bbox 3382 3009 3395 3044; x_wconf 92' lang='lat'><strong>:</strong></span> <span class='ocrx_word' id='word_1_677' title='bbox 3444 2990 3584 3046; x_wconf 83' lang='lat' dir='ltr'><strong>Num</strong></span> 
     </span>
    </p>
   </div>
   <div class='ocr_carea' id='block_1_89' title="bbox 2011 3069 3587 3158">
    <p class='ocr_par' dir='ltr' id='par_1_89' title="bbox 2011 3069 3587 3158">
     <span class='ocr_line' id='line_1_90' title="bbox 2011 3069 3587 3158; baseline -0.006 -12"><span class='ocrx_word' id='word_1_678' title='bbox 2011 3091 2178 3146; x_wconf 91' lang='lat' dir='ltr'><strong>Deum</strong></span> <span class='ocrx_word' id='word_1_679' title='bbox 2220 3091 2508 3146; x_wconf 79' lang='lat' dir='ltr'><strong>existimas</strong></span> <span class='ocrx_word' id='word_1_680' title='bbox 2562 3089 2664 3143; x_wconf 90' lang='lat' dir='ltr'><strong>sub</strong></span> <span class='ocrx_word' id='word_1_681' title='bbox 2698 3103 2900 3158; x_wconf 83' lang='lat' dir='ltr'><strong>quercu</strong></span> <span class='ocrx_word' id='word_1_682' title='bbox 2949 3086 3191 3141; x_wconf 81' lang='lat' dir='ltr'><strong>Mambre</strong></span> <span class='ocrx_word' id='word_1_683' title='bbox 3238 3069 3491 3150; x_wconf 62' lang='lat' dir='ltr'><strong>Abrahae,</strong></span> <span class='ocrx_word' id='word_1_684' title='bbox 3528 3091 3587 3136; x_wconf 89' lang='lat' dir='ltr'><strong>ut</strong></span> 
     </span>
    </p>
   </div>
   <div class='ocr_carea' id='block_1_90' title="bbox 1934 3180 2881 3254">
    <p class='ocr_par' dir='ltr' id='par_1_90' title="bbox 1934 3180 2881 3254">
     <span class='ocr_line' id='line_1_91' title="bbox 1934 3180 2881 3254; baseline -0.006 -14"><span class='ocrx_word' id='word_1_685' title='bbox 1934 3183 1976 3240; x_wconf 87' lang='lat' dir='ltr'><strong>C</strong></span> <span class='ocrx_word' id='word_1_686' title='bbox 2012 3185 2146 3240; x_wconf 81' lang='lat' dir='ltr'><strong>dicit</strong></span> <span class='ocrx_word' id='word_1_687' title='bbox 2179 3184 2482 3254; x_wconf 87' lang='lat' dir='ltr'><strong>Scriptura,</strong></span> <span class='ocrx_word' id='word_1_688' title='bbox 2519 3185 2692 3236; x_wconf 81' lang='lat' dir='ltr'><strong>visum</strong></span> <span class='ocrx_word' id='word_1_689' title='bbox 2721 3180 2881 3238; x_wconf 85' lang='lat' dir='ltr'><strong>esse?</strong></span> 
     </span>
    </p>
   </div>
   <div class='ocr_carea' id='block_1_91' title="bbox 2081 3275 2701 3344">
    <p class='ocr_par' dir='ltr' id='par_1_91' title="bbox 2081 3275 2701 3344">
     <span class='ocr_line' id='line_1_92' title="bbox 2081 3275 2701 3344; baseline -0.006 -12"><span class='ocrx_word' id='word_1_690' title='bbox 2081 3277 2357 3344; x_wconf 84' lang='lat' dir='ltr'><strong>Profecto,</strong></span> <span class='ocrx_word' id='word_1_691' title='bbox 2392 3276 2564 3344; x_wconf 87' lang='lat' dir='ltr'><strong>inquit</strong></span> <span class='ocrx_word' id='word_1_692' title='bbox 2591 3275 2701 3330; x_wconf 89' lang='lat' dir='ltr'><strong>ille.</strong></span> 
     </span>
    </p>
   </div>
   <div class='ocr_carea' id='block_1_92' title="bbox 2082 3364 3586 3438">
    <p class='ocr_par' dir='ltr' id='par_1_92' title="bbox 2082 3364 3586 3438">
     <span class='ocr_line' id='line_1_93' title="bbox 2082 3364 3586 3438; baseline -0.009 -12"><span class='ocrx_word' id='word_1_693' title='bbox 2082 3370 2220 3426; x_wconf 88' lang='lat' dir='ltr'><strong>Num</strong></span> <span class='ocrx_word' id='word_1_694' title='bbox 2247 3386 2406 3434; x_wconf 89' lang='lat' dir='ltr'><strong>unus,</strong></span> <span class='ocrx_word' id='word_1_695' title='bbox 2436 3369 2676 3438; x_wconf 89' lang='lat' dir='ltr'><strong>inquam,</strong></span> <span class='ocrx_word' id='word_1_696' title='bbox 2710 3381 2774 3421; x_wconf 85' lang='lat' dir='ltr'><strong>ex</strong></span> <span class='ocrx_word' id='word_1_697' title='bbox 2811 3365 2988 3418; x_wconf 87' lang='lat' dir='ltr'><strong>tribus</strong></span> <span class='ocrx_word' id='word_1_698' title='bbox 3011 3364 3117 3416; x_wconf 90' lang='lat' dir='ltr'><strong>illis</strong></span> <span class='ocrx_word' id='word_1_699' title='bbox 3143 3372 3280 3427; x_wconf 89' lang='lat' dir='ltr'><strong>erat,</strong></span> <span class='ocrx_word' id='word_1_700' title='bbox 3299 3376 3437 3432; x_wconf 87' lang='lat' dir='ltr'><strong>quos</strong></span> <span class='ocrx_word' id='word_1_701' title='bbox 3461 3376 3586 3430; x_wconf 86' lang='lat' dir='ltr'><strong>pro-</strong></span> 
     </span>
    </p>
   </div>
   <div class='ocr_carea' id='block_1_93' title="bbox 2010 3455 3587 3535">
    <p class='ocr_par' dir='ltr' id='par_1_93' title="bbox 2010 3455 3587 3535">
     <span class='ocr_line' id='line_1_94' title="bbox 2010 3455 3587 3535; baseline -0.008 -15"><span class='ocrx_word' id='word_1_702' title='bbox 2010 3465 2257 3535; x_wconf 85' lang='lat' dir='ltr'><strong>pheticus</strong></span> <span class='ocrx_word' id='word_1_703' title='bbox 2278 3462 2500 3533; x_wconf 89' lang='lat' dir='ltr'><strong>spiritus</strong></span> <span class='ocrx_word' id='word_1_704' title='bbox 2523 3461 2667 3515; x_wconf 89' lang='lat' dir='ltr'><strong>viros</strong></span> <span class='ocrx_word' id='word_1_705' title='bbox 2688 3457 2942 3529; x_wconf 89' lang='lat' dir='ltr'><strong>appellat,</strong></span> <span class='ocrx_word' id='word_1_706' title='bbox 2963 3467 3018 3512; x_wconf 92' lang='lat' dir='ltr'><strong>et</strong></span> <span class='ocrx_word' id='word_1_707' title='bbox 3041 3455 3273 3512; x_wconf 81' lang='lat' dir='ltr'><strong>Abrahae</strong></span> <span class='ocrx_word' id='word_1_708' title='bbox 3296 3455 3443 3509; x_wconf 87' lang='lat' dir='ltr'><strong>visos</strong></span> <span class='ocrx_word' id='word_1_709' title='bbox 3468 3468 3587 3509; x_wconf 83' lang='lat' dir='ltr'><strong>esse</strong></span> 
     </span>
    </p>
   </div>
   <div class='ocr_carea' id='block_1_94' title="bbox 2010 3555 2235 3611">
    <p class='ocr_par' dir='ltr' id='par_1_94' title="bbox 2010 3555 2235 3611">
     <span class='ocr_line' id='line_1_95' title="bbox 2010 3555 2235 3611; baseline -0.013 0"><span class='ocrx_word' id='word_1_710' title='bbox 2010 3555 2235 3611; x_wconf 85' lang='lat' dir='ltr'><strong>narrat?</strong></span> 
     </span>
    </p>
   </div>
   <div class='ocr_carea' id='block_1_95' title="bbox 2079 3640 3586 3720">
    <p class='ocr_par' dir='ltr' id='par_1_95' title="bbox 2079 3640 3586 3720">
     <span class='ocr_line' id='line_1_96' title="bbox 2079 3640 3586 3720; baseline -0.008 -16"><span class='ocrx_word' id='word_1_711' title='bbox 2079 3649 2462 3720; x_wconf 85' lang='lat' dir='ltr'><strong>Nequaquam,</strong></span> <span class='ocrx_word' id='word_1_712' title='bbox 2497 3648 2672 3718; x_wconf 89' lang='lat' dir='ltr'><strong>inquit</strong></span> <span class='ocrx_word' id='word_1_713' title='bbox 2701 3647 2819 3714; x_wconf 87' lang='lat' dir='ltr'><strong>ille;</strong></span> <span class='ocrx_word' id='word_1_714' title='bbox 2868 3645 2963 3702; x_wconf 89' lang='lat' dir='ltr'><strong>sed</strong></span> <span class='ocrx_word' id='word_1_715' title='bbox 2994 3644 3140 3699; x_wconf 91' lang='lat' dir='ltr'><strong>visus</strong></span> <span class='ocrx_word' id='word_1_716' title='bbox 3183 3653 3269 3700; x_wconf 91' lang='lat' dir='ltr'><strong>est</strong></span> <span class='ocrx_word' id='word_1_717' title='bbox 3324 3641 3372 3696; x_wconf 90' lang='lat' dir='ltr'><strong>ei</strong></span> <span class='ocrx_word' id='word_1_718' title='bbox 3421 3640 3586 3701; x_wconf 79' lang='lat' dir='ltr'><strong>Deus,</strong></span> 
     </span>
    </p>
   </div>
   <div class='ocr_carea' id='block_1_96' title="bbox 2012 3734 3588 3815">
    <p class='ocr_par' dir='ltr' id='par_1_96' title="bbox 2012 3734 3588 3815">
     <span class='ocr_line' id='line_1_97' title="bbox 2012 3734 3588 3815; baseline -0.01 -15"><span class='ocrx_word' id='word_1_719' title='bbox 2012 3756 2306 3815; x_wconf 88' lang='lat' dir='ltr'><strong>antequam</strong></span> <span class='ocrx_word' id='word_1_720' title='bbox 2343 3754 2453 3798; x_wconf 90' lang='lat' dir='ltr'><strong>tres</strong></span> <span class='ocrx_word' id='word_1_721' title='bbox 2496 3749 2845 3812; x_wconf 86' lang='lat' dir='ltr'><strong>apparerent.</strong></span> <span class='ocrx_word' id='word_1_722' title='bbox 2877 3740 3014 3796; x_wconf 85' lang='lat' dir='ltr'><strong>Tres</strong></span> <span class='ocrx_word' id='word_1_723' title='bbox 3070 3749 3248 3793; x_wconf 82' lang='lat' dir='ltr'><strong>autem</strong></span> <span class='ocrx_word' id='word_1_724' title='bbox 3287 3734 3393 3799; x_wconf 91' lang='lat' dir='ltr'><strong>illi,</strong></span> <span class='ocrx_word' id='word_1_725' title='bbox 3449 3746 3588 3803; x_wconf 84' lang='lat' dir='ltr'><strong>quos</strong></span> 
     </span>
    </p>
   </div>
   <div class='ocr_carea' id='block_1_97' title="bbox 2013 3828 3588 3906">
    <p class='ocr_par' dir='ltr' id='par_1_97' title="bbox 2013 3828 3588 3906">
     <span class='ocr_line' id='line_1_98' title="bbox 2013 3828 3588 3906; baseline -0.009 -13"><span class='ocrx_word' id='word_1_726' title='bbox 2013 3837 2296 3906; x_wconf 86' lang='lat' dir='ltr'><strong>Scriptura</strong></span> <span class='ocrx_word' id='word_1_727' title='bbox 2321 3837 2470 3890; x_wconf 90' lang='lat' dir='ltr'><strong>viros</strong></span> <span class='ocrx_word' id='word_1_728' title='bbox 2498 3833 2756 3904; x_wconf 87' lang='lat' dir='ltr'><strong>appellat,</strong></span> <span class='ocrx_word' id='word_1_729' title='bbox 2800 3832 2975 3902; x_wconf 80' lang='lat' dir='ltr'><strong>angeli</strong></span> <span class='ocrx_word' id='word_1_730' title='bbox 3000 3840 3177 3894; x_wconf 89' lang='lat' dir='ltr'><strong>erant,</strong></span> <span class='ocrx_word' id='word_1_731' title='bbox 3211 3829 3318 3883; x_wconf 91' lang='lat' dir='ltr'><strong>duo</strong></span> <span class='ocrx_word' id='word_1_732' title='bbox 3367 3828 3588 3897; x_wconf 82' lang='lat' dir='ltr'><strong>quidem</strong></span> 
     </span>
    </p>
   </div>
   <div class='ocr_carea' id='block_1_98' title="bbox 2011 3917 3584 3987">
    <p class='ocr_par' dir='ltr' id='par_1_98' title="bbox 2011 3917 3584 3987">
     <span class='ocr_line' id='line_1_99' title="bbox 2011 3917 3584 3987; baseline -0.009 -3"><span class='ocrx_word' id='word_1_733' title='bbox 2011 3931 2159 3984; x_wconf 89' lang='lat' dir='ltr'><strong>missi</strong></span> <span class='ocrx_word' id='word_1_734' title='bbox 2197 3929 2263 3981; x_wconf 86' lang='lat' dir='ltr'><strong>ad</strong></span> <span class='ocrx_word' id='word_1_735' title='bbox 2292 3926 2566 3982; x_wconf 85' lang='lat' dir='ltr'><strong>excidium</strong></span> <span class='ocrx_word' id='word_1_736' title='bbox 2598 3923 2994 3987; x_wconf 88' lang='lat' dir='ltr'><strong>Sodomorum;</strong></span> <span class='ocrx_word' id='word_1_737' title='bbox 3033 3935 3170 3975; x_wconf 90' lang='lat' dir='ltr'><strong>unus</strong></span> <span class='ocrx_word' id='word_1_738' title='bbox 3217 3925 3399 3972; x_wconf 87' lang='lat' dir='ltr'><strong>autem</strong></span> <span class='ocrx_word' id='word_1_739' title='bbox 3433 3917 3584 3971; x_wconf 76' lang='lat' dir='ltr'><strong>Sarzc</strong></span> 
     </span>
    </p>
   </div>
   <div class='ocr_carea' id='block_1_99' title="bbox 2011 4011 3592 4086">
    <p class='ocr_par' dir='ltr' id='par_1_99' title="bbox 2011 4011 3592 4086">
     <span class='ocr_line' id='line_1_100' title="bbox 2011 4011 3592 4086; baseline -0.009 -10"><span class='ocrx_word' id='word_1_740' title='bbox 2011 4023 2270 4076; x_wconf 87' lang='lat' dir='ltr'><strong>nuntians</strong></span> <span class='ocrx_word' id='word_1_741' title='bbox 2300 4019 2541 4075; x_wconf 88' lang='lat' dir='ltr'><strong>futurum</strong></span> <span class='ocrx_word' id='word_1_742' title='bbox 2577 4021 2627 4074; x_wconf 92' lang='lat' dir='ltr'><strong>ei</strong></span> <span class='ocrx_word' id='word_1_743' title='bbox 2657 4019 2826 4071; x_wconf 86' lang='lat' dir='ltr'><strong>lilium</strong></span> <span class='ocrx_word' id='word_1_744' title='bbox 2851 4034 2866 4084; x_wconf 87' lang='lat'><strong>;</strong></span> <span class='ocrx_word' id='word_1_745' title='bbox 2892 4014 3051 4086; x_wconf 86' lang='lat' dir='ltr'><strong>cujus</strong></span> <span class='ocrx_word' id='word_1_746' title='bbox 3078 4013 3158 4068; x_wconf 89' lang='lat' dir='ltr'><strong>rei</strong></span> <span class='ocrx_word' id='word_1_747' title='bbox 3195 4026 3363 4068; x_wconf 87' lang='lat' dir='ltr'><strong>causa</strong></span> <span class='ocrx_word' id='word_1_748' title='bbox 3391 4011 3592 4066; x_wconf 79' lang='lat' dir='ltr'><strong>missus</strong></span> 
     </span>
    </p>
   </div>
   <div class='ocr_carea' id='block_1_100' title="bbox 2010 4109 2821 4177">
    <p class='ocr_par' dir='ltr' id='par_1_100' title="bbox 2010 4109 2821 4177">
     <span class='ocr_line' id='line_1_101' title="bbox 2010 4109 2821 4177; baseline -0.005 -9"><span class='ocrx_word' id='word_1_749' title='bbox 2010 4113 2212 4177; x_wconf 88' lang='lat' dir='ltr'><strong>fuerat,</strong></span> <span class='ocrx_word' id='word_1_750' title='bbox 2239 4129 2302 4168; x_wconf 90' lang='lat' dir='ltr'><strong>ac</strong></span> <span class='ocrx_word' id='word_1_751' title='bbox 2331 4113 2520 4167; x_wconf 89' lang='lat' dir='ltr'><strong>abiens</strong></span> <span class='ocrx_word' id='word_1_752' title='bbox 2555 4109 2821 4165; x_wconf 85' lang='lat' dir='ltr'><strong>discessit.</strong></span> 
     </span>
    </p>
   </div>
   <div class='ocr_carea' id='block_1_101' title="bbox 2081 4197 3584 4277">
    <p class='ocr_par' dir='ltr' id='par_1_101' title="bbox 2081 4197 3584 4277">
     <span class='ocr_line' id='line_1_102' title="bbox 2081 4197 3584 4277; baseline -0.009 -16"><span class='ocrx_word' id='word_1_753' title='bbox 2081 4206 2365 4273; x_wconf 85' lang='lat' dir='ltr'><strong>Quomodo</strong></span> <span class='ocrx_word' id='word_1_754' title='bbox 2391 4207 2577 4277; x_wconf 78' lang='lat' dir='ltr'><strong>igitur,</strong></span> <span class='ocrx_word' id='word_1_755' title='bbox 2611 4204 2852 4270; x_wconf 87' lang='lat' dir='ltr'><strong>inquam,</strong></span> <span class='ocrx_word' id='word_1_756' title='bbox 2908 4214 3072 4252; x_wconf 91' lang='lat' dir='ltr'><strong>unum</strong></span> <span class='ocrx_word' id='word_1_757' title='bbox 3102 4197 3252 4252; x_wconf 88' lang='lat' dir='ltr'><strong>illum</strong></span> <span class='ocrx_word' id='word_1_758' title='bbox 3286 4211 3350 4252; x_wconf 81' lang='lat' dir='ltr'><strong>ex</strong></span> <span class='ocrx_word' id='word_1_759' title='bbox 3395 4197 3584 4257; x_wconf 85' lang='lat' dir='ltr'><strong>tribus,</strong></span> 
     </span>
    </p>
   </div>
   <div class='ocr_carea' id='block_1_102' title="bbox 2011 4289 3592 4370">
    <p class='ocr_par' dir='ltr' id='par_1_102' title="bbox 2011 4289 3592 4370">
     <span class='ocr_line' id='line_1_103' title="bbox 2011 4289 3592 4370; baseline -0.009 -17"><span class='ocrx_word' id='word_1_760' title='bbox 2011 4301 2103 4370; x_wconf 91' lang='lat' dir='ltr'><strong>qui</strong></span> <span class='ocrx_word' id='word_1_761' title='bbox 2136 4301 2188 4354; x_wconf 90' lang='lat' dir='ltr'><strong>in</strong></span> <span class='ocrx_word' id='word_1_762' title='bbox 2213 4297 2561 4354; x_wconf 87' lang='lat' dir='ltr'><strong>tabernaculo</strong></span> <span class='ocrx_word' id='word_1_763' title='bbox 2590 4295 2804 4349; x_wconf 80' lang='lat' dir='ltr'><strong>dixerat</strong></span> <span class='ocrx_word' id='word_1_764' title='bbox 2837 4308 2851 4342; x_wconf 88' lang='lat'>:</span> <span class='ocrx_word' id='word_1_765' title='bbox 2897 4311 2915 4343; x_wconf 76' lang='grc' dir='ltr'><strong>ι</strong></span> <span class='ocrx_word' id='word_1_766' title='bbox 2953 4292 3007 4344; x_wconf 93' lang='lat' dir='ltr'><strong>lu</strong></span> <span class='ocrx_word' id='word_1_767' title='bbox 3035 4291 3196 4346; x_wconf 86' lang='lat' dir='ltr'><strong>horas</strong></span> <span class='ocrx_word' id='word_1_768' title='bbox 3224 4297 3472 4344; x_wconf 89' lang='lat' dir='ltr'><strong>revertar</strong></span> <span class='ocrx_word' id='word_1_769' title='bbox 3524 4289 3592 4340; x_wconf 90' lang='lat' dir='ltr'><strong>ad</strong></span> 
     </span>
    </p>
   </div>
   <div class='ocr_carea' id='block_1_103' title="bbox 2015 4385 3596 4458">
    <p class='ocr_par' dir='ltr' id='par_1_103' title="bbox 2015 4385 3596 4458">
     <span class='ocr_line' id='line_1_104' title="bbox 2015 4385 3596 4458; baseline -0.013 -8"><span class='ocrx_word' id='word_1_770' title='bbox 2015 4406 2090 4458; x_wconf 89' lang='lat' dir='ltr'><strong>te,</strong></span> <span class='ocrx_word' id='word_1_771' title='bbox 2119 4405 2172 4448; x_wconf 92' lang='lat' dir='ltr'><strong>et</strong></span> <span class='ocrx_word' id='word_1_772' title='bbox 2199 4393 2349 4447; x_wconf 74' lang='lat' dir='ltr'><strong>Sara:</strong></span> <span class='ocrx_word' id='word_1_773' title='bbox 2377 4391 2518 4444; x_wconf 82' lang='lat' dir='ltr'><strong>filius</strong></span> <span class='ocrx_word' id='word_1_774' title='bbox 2542 4395 2797 4443; x_wconf 85' lang='lat' dir='ltr'><strong>nascetur</strong></span> <span class='ocrx_word' id='word_1_775' title='bbox 2824 4385 2892 4451; x_wconf 76' lang='grc'><strong>³⁸,</strong></span> <span class='ocrx_word' id='word_1_776' title='bbox 2939 4396 3221 4438; x_wconf 89' lang='lat' dir='ltr'><strong>reversum</strong></span> <span class='ocrx_word' id='word_1_777' title='bbox 3261 4395 3386 4435; x_wconf 88' lang='lat' dir='ltr'><strong>esse</strong></span> <span class='ocrx_word' id='word_1_778' title='bbox 3431 4393 3596 4446; x_wconf 88' lang='lat' dir='ltr'><strong>appa-</strong></span> 
     </span>
    </p>
   </div>
   <div class='ocr_carea' id='block_1_104' title="bbox 2016 4472 3595 4558">
    <p class='ocr_par' dir='ltr' id='par_1_104' title="bbox 2016 4472 3595 4558">
     <span class='ocr_line' id='line_1_105' title="bbox 2016 4472 3595 4558; baseline -0.014 -15"><span class='ocrx_word' id='word_1_779' title='bbox 2016 4497 2097 4543; x_wconf 92' lang='lat' dir='ltr'><strong>ret</strong></span> <span class='ocrx_word' id='word_1_780' title='bbox 2121 4497 2239 4558; x_wconf 91' lang='lat' dir='ltr'><strong>post</strong></span> <span class='ocrx_word' id='word_1_781' title='bbox 2266 4496 2450 4538; x_wconf 86' lang='lat' dir='ltr'><strong>natum</strong></span> <span class='ocrx_word' id='word_1_782' title='bbox 2480 4481 2631 4537; x_wconf 74' lang='lat' dir='ltr'><strong>Sane</strong></span> <span class='ocrx_word' id='word_1_783' title='bbox 2664 4480 2830 4533; x_wconf 89' lang='lat' dir='ltr'><strong>lilium</strong></span> <span class='ocrx_word' id='word_1_784' title='bbox 2853 4495 2868 4542; x_wconf 90' lang='lat'>;</span> <span class='ocrx_word' id='word_1_785' title='bbox 2901 4490 3134 4550; x_wconf 87' lang='lat' dir='ltr'><strong>eumque</strong></span> <span class='ocrx_word' id='word_1_786' title='bbox 3158 4475 3324 4528; x_wconf 87' lang='lat' dir='ltr'><strong>Deum</strong></span> <span class='ocrx_word' id='word_1_787' title='bbox 3345 4486 3466 4525; x_wconf 87' lang='lat' dir='ltr'><strong>esse</strong></span> <span class='ocrx_word' id='word_1_788' title='bbox 3494 4472 3595 4523; x_wconf 87' lang='lat' dir='ltr'><strong>hoc</strong></span> 
     </span>
    </p>
   </div>
   <div class='ocr_carea' id='block_1_105' title="bbox 2017 4558 3597 4644">
    <p class='ocr_par' dir='ltr' id='par_1_105' title="bbox 2017 4558 3597 4644">
     <span class='ocr_line' id='line_1_106' title="bbox 2017 4558 3597 4644; baseline -0.016 -8"><span class='ocrx_word' id='word_1_789' title='bbox 2017 4581 2181 4636; x_wconf 88' lang='lat' dir='ltr'><strong>etiam</strong></span> <span class='ocrx_word' id='word_1_790' title='bbox 2208 4579 2260 4631; x_wconf 94' lang='lat' dir='ltr'><strong>in</strong></span> <span class='ocrx_word' id='word_1_791' title='bbox 2308 4577 2430 4630; x_wconf 92' lang='lat' dir='ltr'><strong>loco</strong></span> <span class='ocrx_word' id='word_1_792' title='bbox 2473 4571 2828 4644; x_wconf 87' lang='lat' dir='ltr'><strong>propheticus</strong></span> <span class='ocrx_word' id='word_1_793' title='bbox 2870 4581 3050 4622; x_wconf 88' lang='lat' dir='ltr'><strong>sermo</strong></span> <span class='ocrx_word' id='word_1_794' title='bbox 3083 4558 3507 4618; x_wconf 45' lang='lat' dir='ltr'><strong>declarat‘B&#39;Sed</strong></span> <span class='ocrx_word' id='word_1_795' title='bbox 3537 4566 3597 4611; x_wconf 91' lang='lat' dir='ltr'><strong>ut</strong></span> 
     </span>
    </p>
   </div>
   <div class='ocr_carea' id='block_1_106' title="bbox 2018 4649 3594 4740">
    <p class='ocr_par' dir='ltr' id='par_1_106' title="bbox 2018 4649 3594 4740">
     <span class='ocr_line' id='line_1_107' title="bbox 2018 4649 3594 4740; baseline -0.018 -13"><span class='ocrx_word' id='word_1_796' title='bbox 2018 4673 2070 4727; x_wconf 88' lang='lat' dir='ltr'><strong>id</strong></span> <span class='ocrx_word' id='word_1_797' title='bbox 2101 4671 2242 4740; x_wconf 89' lang='lat' dir='ltr'><strong>quod</strong></span> <span class='ocrx_word' id='word_1_798' title='bbox 2269 4669 2393 4722; x_wconf 88' lang='lat' dir='ltr'><strong>dico</strong></span> <span class='ocrx_word' id='word_1_799' title='bbox 2427 4666 2774 4735; x_wconf 85' lang='lat' dir='ltr'><strong>perspicuum</strong></span> <span class='ocrx_word' id='word_1_800' title='bbox 2821 4658 2971 4713; x_wconf 87' lang='lat' dir='ltr'><strong>vobis</strong></span> <span class='ocrx_word' id='word_1_801' title='bbox 3003 4665 3057 4710; x_wconf 90' lang='lat' dir='ltr'><strong>et</strong></span> <span class='ocrx_word' id='word_1_802' title='bbox 3086 4652 3432 4709; x_wconf 83' lang='lat' dir='ltr'><strong>manifestqu</strong></span> <span class='ocrx_word' id='word_1_803' title='bbox 3483 4649 3594 4711; x_wconf 89' lang='lat' dir='ltr'><strong>sit,</strong></span> 
     </span>
    </p>
   </div>
   <div class='ocr_carea' id='block_1_107' title="bbox 1782 4846 2318 4913">
    <p class='ocr_par' dir='ltr' id='par_1_107' title="bbox 1782 4846 2318 4913">
     <span class='ocr_line' id='line_1_108' title="bbox 1782 4846 2318 4913; baseline -0.013 -6"><span class='ocrx_word' id='word_1_804' title='bbox 1782 4851 1828 4882; x_wconf 74' lang='grc'><strong>⁵⁸</strong></span> <span class='ocrx_word' id='word_1_805' title='bbox 1856 4850 1992 4906; x_wconf 84' lang='lat' dir='ltr'><strong>Gen.</strong></span> <span class='ocrx_word' id='word_1_806' title='bbox 2034 4864 2194 4913; x_wconf 81' lang='lat' dir='ltr'><strong>xvnl,</strong></span> <span class='ocrx_word' id='word_1_807' title='bbox 2229 4846 2318 4901; x_wconf 83' lang='lat' dir='ltr'><strong>l0.</strong></span> 
     </span>
    </p>
   </div>
   <div class='ocr_carea' id='block_1_108' title="bbox 2006 4989 3598 5064">
    <p class='ocr_par' dir='ltr' id='par_1_108' title="bbox 2006 4989 3598 5064">
     <span class='ocr_line' id='line_1_109' title="bbox 2006 4989 3598 5064; baseline -0.011 -5"><span class='ocrx_word' id='word_1_808' title='bbox 2006 5007 2060 5059; x_wconf 93' lang='lat' dir='ltr'><strong>in</strong></span> <span class='ocrx_word' id='word_1_809' title='bbox 2090 5014 2317 5064; x_wconf 85' lang='lat' dir='ltr'><strong>textum,</strong></span> <span class='ocrx_word' id='word_1_810' title='bbox 2346 5001 2501 5055; x_wconf 88' lang='lat' dir='ltr'><strong>valde</strong></span> <span class='ocrx_word' id='word_1_811' title='bbox 2523 5000 2798 5061; x_wconf 85' lang='lat' dir='ltr'><strong>vitiosam,</strong></span> <span class='ocrx_word' id='word_1_812' title='bbox 2833 4989 3472 5064; x_wconf 56' lang='lat' dir='ltr'><strong>imluxit.__nempeorrtp</strong></span> <span class='ocrx_word' id='word_1_813' title='bbox 3504 4989 3598 5045; x_wconf 84' lang='grc' dir='ltr'><strong>τὸν</strong></span> 
     </span>
    </p>
   </div>
   <div class='ocr_carea' id='block_1_109' title="bbox 2007 5059 3600 5146">
    <p class='ocr_par' dir='ltr' id='par_1_109' title="bbox 2007 5059 3600 5146">
     <span class='ocr_line' id='line_1_110' title="bbox 2007 5059 3600 5146; baseline -0.009 -18"><span class='ocrx_word' id='word_1_814' title='bbox 2007 5077 2254 5146; x_wconf 86' lang='grc' dir='ltr'>ποιητήν.</span> <span class='ocrx_word' id='word_1_815' title='bbox 2286 5059 2445 5146; x_wconf 75' lang='lat' dir='ltr'><strong>Quod</strong></span> <span class='ocrx_word' id='word_1_816' title='bbox 2471 5069 2690 5146; x_wconf 82' lang='lat' dir='ltr'><strong>quidem</strong></span> <span class='ocrx_word' id='word_1_817' title='bbox 2719 5059 2793 5120; x_wconf 87' lang='lat' dir='ltr'><strong>eo</strong></span> <span class='ocrx_word' id='word_1_818' title='bbox 2816 5067 2989 5146; x_wconf 73' lang='lat' dir='ltr'><strong>magis</strong></span> <span class='ocrx_word' id='word_1_819' title='bbox 3010 5061 3140 5146; x_wconf 79' lang='lat' dir='ltr'><strong>mihi</strong></span> <span class='ocrx_word' id='word_1_820' title='bbox 3173 5059 3600 5146; x_wconf 45' lang='lat' dir='ltr'><strong>d‘isplicet&#39;ipiorl</strong></span> 
     </span>
    </p>
   </div>
   <div class='ocr_carea' id='block_1_110' title="bbox 2007 5129 3598 5209">
    <p class='ocr_par' dir='ltr' id='par_1_110' title="bbox 2007 5129 3598 5209">
     <span class='ocr_line' id='line_1_111' title="bbox 2007 5129 3598 5209; baseline -0.011 -9"><span class='ocrx_word' id='word_1_821' title='bbox 2007 5129 2251 5200; x_wconf 72' lang='lat' dir='ltr'><strong>Justinus</strong></span> <span class='ocrx_word' id='word_1_822' title='bbox 2284 5129 2387 5196; x_wconf 59' lang='lat' dir='ltr'><strong>hoc</strong></span> <span class='ocrx_word' id='word_1_823' title='bbox 2415 5129 2531 5209; x_wconf 49' lang='lat' dir='ltr'><strong>ips-0</strong></span> <span class='ocrx_word' id='word_1_824' title='bbox 2565 5141 2616 5192; x_wconf 93' lang='lat' dir='ltr'><strong>in</strong></span> <span class='ocrx_word' id='word_1_825' title='bbox 2665 5139 2782 5192; x_wconf 84' lang='lat' dir='ltr'><strong>loco</strong></span> <span class='ocrx_word' id='word_1_826' title='bbox 2818 5129 2982 5194; x_wconf 73' lang='lat' dir='ltr'><strong>dicat,</strong></span> <span class='ocrx_word' id='word_1_827' title='bbox 3019 5133 3158 5202; x_wconf 80' lang='grc' dir='ltr'>ὑπὲρ</span> <span class='ocrx_word' id='word_1_828' title='bbox 3190 5129 3433 5209; x_wconf 60' lang='grc' dir='ltr'>ὃνάλλος</span> <span class='ocrx_word' id='word_1_829' title='bbox 3465 5129 3598 5209; x_wconf 69' lang='grc' dir='ltr'>Θεὸς</span> 
     </span>
    </p>
   </div>
   <div class='ocr_carea' id='block_1_111' title="bbox 2009 5201 3596 5268">
    <p class='ocr_par' dir='ltr' id='par_1_111' title="bbox 2009 5201 3596 5268">
     <span class='ocr_line' id='line_1_112' title="bbox 2009 5201 3596 5268; baseline -0.008 0"><span class='ocrx_word' id='word_1_830' title='bbox 2009 5217 2108 5268; x_wconf 84' lang='grc' dir='ltr'><strong>οὐκ</strong></span> <span class='ocrx_word' id='word_1_831' title='bbox 2140 5215 2274 5268; x_wconf 74' lang='grc' dir='ltr'>ἔστι.</span> <span class='ocrx_word' id='word_1_832' title='bbox 2313 5201 2594 5266; x_wconf 78' lang='lat' dir='ltr'><strong>Molestum</strong></span> <span class='ocrx_word' id='word_1_833' title='bbox 2638 5219 2819 5262; x_wconf 84' lang='lat' dir='ltr'><strong>autem</strong></span> <span class='ocrx_word' id='word_1_834' title='bbox 2873 5220 2994 5258; x_wconf 83' lang='lat' dir='ltr'><strong>esse</strong></span> <span class='ocrx_word' id='word_1_835' title='bbox 3060 5201 3168 5258; x_wconf 83' lang='lat' dir='ltr'><strong>non</strong></span> <span class='ocrx_word' id='word_1_836' title='bbox 3201 5201 3411 5263; x_wconf 85' lang='lat' dir='ltr'><strong>‘debet,</strong></span> <span class='ocrx_word' id='word_1_837' title='bbox 3453 5202 3596 5266; x_wconf 86' lang='lat' dir='ltr'><strong>quod</strong></span> 
     </span>
    </p>
   </div>
   <div class='ocr_carea' id='block_1_112' title="bbox 2012 5270 3594 5341">
    <p class='ocr_par' dir='ltr' id='par_1_112' title="bbox 2012 5270 3594 5341">
     <span class='ocr_line' id='line_1_113' title="bbox 2012 5270 3594 5341; baseline -0.01 -1"><span class='ocrx_word' id='word_1_838' title='bbox 2012 5287 2206 5341; x_wconf 86' lang='lat' dir='ltr'><strong>Filium</strong></span> <span class='ocrx_word' id='word_1_839' title='bbox 2262 5283 2518 5338; x_wconf 86' lang='lat' dir='ltr'><strong>Justinus</strong></span> <span class='ocrx_word' id='word_1_840' title='bbox 2566 5278 2713 5332; x_wconf 87' lang='lat' dir='ltr'><strong>Patri</strong></span> <span class='ocrx_word' id='word_1_841' title='bbox 2758 5275 3066 5330; x_wconf 79' lang='lat' dir='ltr'><strong>submittat.</strong></span> <span class='ocrx_word' id='word_1_842' title='bbox 3105 5273 3240 5326; x_wconf 75' lang='lat' dir='ltr'><strong>Nam</strong></span> <span class='ocrx_word' id='word_1_843' title='bbox 3283 5279 3341 5322; x_wconf 90' lang='lat' dir='ltr'><strong>ut</strong></span> <span class='ocrx_word' id='word_1_844' title='bbox 3393 5270 3594 5324; x_wconf 87' lang='lat' dir='ltr'><strong>Filium</strong></span> 
     </span>
    </p>
   </div>
   <div class='ocr_carea' id='block_1_113' title="bbox 2015 5345 3595 5422">
    <p class='ocr_par' dir='ltr' id='par_1_113' title="bbox 2015 5345 3595 5422">
     <span class='ocr_line' id='line_1_114' title="bbox 2015 5345 3595 5422; baseline -0.009 -14"><span class='ocrx_word' id='word_1_845' title='bbox 2015 5357 2151 5408; x_wconf 81' lang='lat' dir='ltr'><strong>fonti</strong></span> <span class='ocrx_word' id='word_1_846' title='bbox 2190 5369 2253 5407; x_wconf 88' lang='lat' dir='ltr'><strong>ac</strong></span> <span class='ocrx_word' id='word_1_847' title='bbox 2283 5353 2481 5422; x_wconf 83' lang='lat' dir='ltr'><strong>origini</strong></span> <span class='ocrx_word' id='word_1_848' title='bbox 2517 5352 2707 5422; x_wconf 78' lang='lat' dir='ltr'><strong>totius</strong></span> <span class='ocrx_word' id='word_1_849' title='bbox 2734 5345 3064 5422; x_wconf 74' lang='lat' dir='ltr'><strong>i&#39;livinitatis,</strong></span> <span class='ocrx_word' id='word_1_850' title='bbox 3115 5350 3325 5422; x_wconf 57' lang='lat' dir='ltr'><strong>nonut</strong></span> <span class='ocrx_word' id='word_1_851' title='bbox 3375 5353 3595 5421; x_wconf 69' lang='lat' dir='ltr'><strong>servum</strong></span> 
     </span>
    </p>
   </div>
   <div class='ocr_carea' id='block_1_114' title="bbox 2011 5411 3595 5492">
    <p class='ocr_par' dir='ltr' id='par_1_114' title="bbox 2011 5411 3595 5492">
     <span class='ocr_line' id='line_1_115' title="bbox 2011 5411 3595 5492; baseline -0.011 -11"><span class='ocrx_word' id='word_1_852' title='bbox 2011 5426 2263 5481; x_wconf 86' lang='lat' dir='ltr'><strong>Creatori</strong></span> <span class='ocrx_word' id='word_1_853' title='bbox 2314 5411 2822 5492; x_wconf 50' lang='lat' dir='ltr'><strong>suulnnittit:idque</strong></span> <span class='ocrx_word' id='word_1_854' title='bbox 2853 5415 2989 5492; x_wconf 67' lang='lat' dir='ltr'><strong>satis</strong></span> <span class='ocrx_word' id='word_1_855' title='bbox 3029 5411 3358 5492; x_wconf 74' lang='lat' dir='ltr'><strong>perspicitur</strong></span> <span class='ocrx_word' id='word_1_856' title='bbox 3398 5427 3464 5492; x_wconf 81' lang='lat' dir='ltr'><strong>ex</strong></span> <span class='ocrx_word' id='word_1_857' title='bbox 3504 5412 3595 5492; x_wconf 88' lang='lat' dir='ltr'><strong>iis,</strong></span> 
     </span>
    </p>
   </div>
   <div class='ocr_carea' id='block_1_115' title="bbox 2013 5484 3596 5566">
    <p class='ocr_par' dir='ltr' id='par_1_115' title="bbox 2013 5484 3596 5566">
     <span class='ocr_line' id='line_1_116' title="bbox 2013 5484 3596 5566; baseline -0.009 -16"><span class='ocrx_word' id='word_1_858' title='bbox 2013 5511 2132 5566; x_wconf 67' lang='lat' dir='ltr'><strong>qua:</strong></span> <span class='ocrx_word' id='word_1_859' title='bbox 2161 5496 2227 5566; x_wconf 84' lang='lat' dir='ltr'><strong>de</strong></span> <span class='ocrx_word' id='word_1_860' title='bbox 2279 5493 2486 5566; x_wconf 82' lang='lat' dir='ltr'><strong>Christi</strong></span> <span class='ocrx_word' id='word_1_861' title='bbox 2544 5484 2828 5566; x_wconf 78' lang='lat' dir='ltr'><strong>divinitate</strong></span> <span class='ocrx_word' id='word_1_862' title='bbox 2875 5500 2903 5538; x_wconf 89' lang='lat' dir='ltr'><strong>a</strong></span> <span class='ocrx_word' id='word_1_863' title='bbox 2931 5484 3146 5566; x_wconf 69' lang='lat' dir='ltr'><strong>Iustino</strong></span> <span class='ocrx_word' id='word_1_864' title='bbox 3185 5484 3461 5566; x_wconf 71' lang='lat' dir='ltr'><strong>disputata</strong></span> <span class='ocrx_word' id='word_1_865' title='bbox 3503 5491 3596 5535; x_wconf 83' lang='lat' dir='ltr'><strong>aut</strong></span> 
     </span>
    </p>
   </div>
   <div class='ocr_carea' id='block_1_116' title="bbox 2006 5553 3462 5639">
    <p class='ocr_par' dir='ltr' id='par_1_116' title="bbox 2006 5553 3462 5639">
     <span class='ocr_line' id='line_1_117' title="bbox 2006 5553 3462 5639; baseline -0.013 -18"><span class='ocrx_word' id='word_1_866' title='bbox 2006 5553 2570 5639; x_wconf 22' lang='lat' dir='ltr'><strong>jantobs‘ervavimus,</strong></span> <span class='ocrx_word' id='word_1_867' title='bbox 2611 5567 2707 5639; x_wconf 81' lang='lat' dir='ltr'><strong>au_t</strong></span> <span class='ocrx_word' id='word_1_868' title='bbox 2734 5558 2991 5639; x_wconf 80' lang='lat' dir='ltr'><strong>deinceps</strong></span> <span class='ocrx_word' id='word_1_869' title='bbox 3025 5553 3462 5638; x_wconf 71' lang='lat' dir='ltr'><strong>observabimus.</strong></span> 
     </span>
    </p>
   </div>
   <div class='ocr_carea' id='block_1_117' title="bbox 2085 5623 3597 5707">
    <p class='ocr_par' dir='ltr' id='par_1_117' title="bbox 2085 5623 3597 5707">
     <span class='ocr_line' id='line_1_118' title="bbox 2085 5623 3597 5707; baseline -0.011 -16"><span class='ocrx_word' id='word_1_870' title='bbox 2085 5636 2200 5707; x_wconf 84' lang='grc'><strong>(55)</strong></span> <span class='ocrx_word' id='word_1_871' title='bbox 2231 5623 2626 5707; x_wconf 71' lang='grc' dir='ltr'>Ἀπαρτήσάς.</span> <span class='ocrx_word' id='word_1_872' title='bbox 2655 5629 2800 5707; x_wconf 77' lang='lat' dir='ltr'><strong>_Legi</strong></span> <span class='ocrx_word' id='word_1_873' title='bbox 2853 5623 3040 5696; x_wconf 83' lang='lat' dir='ltr'><strong>posset</strong></span> <span class='ocrx_word' id='word_1_874' title='bbox 3091 5623 3446 5707; x_wconf 66' lang='grc' dir='ltr'><strong>ςΞιποιριῖίςςειιςἸ</strong></span> <span class='ocrx_word' id='word_1_875' title='bbox 3481 5641 3498 5707; x_wconf 73' lang='grc' dir='ltr'><strong>ι</strong></span> <span class='ocrx_word' id='word_1_876' title='bbox 3542 5636 3597 5675; x_wconf 89' lang='lat' dir='ltr'><strong>re</strong></span> 
     </span>
    </p>
   </div>
   <div class='ocr_carea' id='block_1_118' title="bbox 2014 5694 3594 5773">
    <p class='ocr_par' dir='ltr' id='par_1_118' title="bbox 2014 5694 3594 5773">
     <span class='ocr_line' id='line_1_119' title="bbox 2014 5694 3594 5773; baseline -0.011 -11"><span class='ocrx_word' id='word_1_877' title='bbox 2014 5694 2280 5773; x_wconf 75' lang='lat' dir='ltr'><strong>perfecta.</strong></span> <span class='ocrx_word' id='word_1_878' title='bbox 2317 5724 2334 5757; x_wconf 79' lang='grc' dir='ltr'><strong>ι</strong></span> <span class='ocrx_word' id='word_1_879' title='bbox 2370 5694 2484 5758; x_wconf 76' lang='lat' dir='ltr'><strong>Sed</strong></span> <span class='ocrx_word' id='word_1_880' title='bbox 2537 5694 2773 5773; x_wconf 61' lang='lat' dir='ltr'><strong>minime</strong></span> <span class='ocrx_word' id='word_1_881' title='bbox 2828 5694 3210 5773; x_wconf 40' lang='lat' dir='ltr'><strong>necessarium.</strong></span> <span class='ocrx_word' id='word_1_882' title='bbox 3260 5694 3311 5746; x_wconf 90' lang='lat' dir='ltr'><strong>id</strong></span> <span class='ocrx_word' id='word_1_883' title='bbox 3362 5695 3594 5747; x_wconf 74' lang='lat' dir='ltr'><strong>videtur.</strong></span> 
     </span>
    </p>
   </div>
   <div class='ocr_carea' id='block_1_119' title="bbox 329 5764 1905 5850">
    <p class='ocr_par' dir='ltr' id='par_1_119' title="bbox 329 5764 1905 5850">
     <span class='ocr_line' id='line_1_120' title="bbox 329 5764 1905 5850; baseline -0.007 -12"><span class='ocrx_word' id='word_1_884' title='bbox 329 5764 670 5838; x_wconf 52' lang='lat' dir='ltr'><strong>It‘habefur</strong></span> <span class='ocrx_word' id='word_1_885' title='bbox 699 5783 752 5836; x_wconf 90' lang='lat' dir='ltr'><strong>in</strong></span> <span class='ocrx_word' id='word_1_886' title='bbox 801 5798 934 5838; x_wconf 88' lang='lat' dir='ltr'><strong>mss.</strong></span> <span class='ocrx_word' id='word_1_887' title='bbox 986 5764 1578 5850; x_wconf 34' lang='lat' dir='ltr'><strong>&#39;coilicihus,‘quorum</strong></span> <span class='ocrx_word' id='word_1_888' title='bbox 1637 5764 1905 5850; x_wconf 78' lang='lat' dir='ltr'><strong>scriptura</strong></span> 
     </span>
    </p>
   </div>
   <div class='ocr_carea' id='block_1_120' title="bbox 2017 5764 3345 5850">
    <p class='ocr_par' dir='ltr' id='par_1_120' title="bbox 2017 5764 3345 5840">
     <span class='ocr_line' id='line_1_121' title="bbox 2017 5764 3345 5840; baseline -0.012 -5"><span class='ocrx_word' id='word_1_889' title='bbox 2017 5764 2135 5836; x_wconf 75' lang='lat' dir='ltr'><strong>Mox</strong></span> <span class='ocrx_word' id='word_1_890' title='bbox 2163 5774 2246 5832; x_wconf 85' lang='lat' dir='ltr'><strong>Cl.</strong></span> <span class='ocrx_word' id='word_1_891' title='bbox 2273 5773 2546 5832; x_wconf 84' lang='lat' dir='ltr'><strong>Thirlbius</strong></span> <span class='ocrx_word' id='word_1_892' title='bbox 2571 5766 2650 5836; x_wconf 76' lang='grc' dir='ltr'>εἷς</span> <span class='ocrx_word' id='word_1_893' title='bbox 2683 5767 2790 5825; x_wconf 81' lang='grc' dir='ltr'><strong>τῶν</strong></span> <span class='ocrx_word' id='word_1_894' title='bbox 2826 5767 2990 5840; x_wconf 80' lang='grc' dir='ltr'>τριῶν</span> <span class='ocrx_word' id='word_1_895' title='bbox 3018 5764 3345 5839; x_wconf 80' lang='grc' dir='ltr'>γενομένων.</span> 
     </span>
    </p>
   </div>
   <div class='ocr_carea' id='block_1_121' title="bbox 321 5847 1913 5926">
    <p class='ocr_par' dir='ltr' id='par_1_121' title="bbox 321 5847 1913 5926">
     <span class='ocr_line' id='line_1_122' title="bbox 321 5847 1913 5926; baseline -0.008 -14"><span class='ocrx_word' id='word_1_896' title='bbox 321 5869 457 5926; x_wconf 59' lang='lat' dir='ltr'><strong>cum</strong></span> <span class='ocrx_word' id='word_1_897' title='bbox 483 5853 758 5912; x_wconf 78' lang='lat' dir='ltr'><strong>rideretur</strong></span> <span class='ocrx_word' id='word_1_898' title='bbox 790 5854 1052 5910; x_wconf 86' lang='lat' dir='ltr'><strong>mendosa</strong></span> <span class='ocrx_word' id='word_1_899' title='bbox 1109 5847 1379 5909; x_wconf 54' lang='lat' dir='ltr'><strong>Roberto&#39;</strong></span> <span class='ocrx_word' id='word_1_900' title='bbox 1409 5849 1712 5920; x_wconf 88' lang='lat' dir='ltr'><strong>Stephano,</strong></span> <span class='ocrx_word' id='word_1_901' title='bbox 1751 5847 1913 5903; x_wconf 83' lang='lat' dir='ltr'><strong>aliam</strong></span> 
     </span>
    </p>
   </div>
  </div>
