3962 6262
384 328 489 386 5‘39

1310 330 1370 392 S.
1403 334 1673 391 JUSTIN]
1708 334 2122 393 PHILOSOPHI
2154 336 2242 393 ET
2279 334 2640 393 MARTYBIS

3532 336 3641 393 οοο

385 448 571 503 audite
605 461 727 516 quae
776 446 1056 517 conceptis
1082 448 1265 505 verbis
1304 464 1335 504 ιι
1382 450 1569 522 Moyse
1610 452 1755 508 dicta
1794 462 1961 518 sunt;

2106 453 2361 526 ιαρρήδην
2393 454 2729 527 εἰρημένωνο
2773 452 2887 506 εστι
2930 452 2987 505 δὲ
3020 450 3195 504 ταῦτα
3217 470 3231 483 ο
3273 469 3292 503 ι
3344 452 3546 506 ’ἰδοῦσα
3582 455 3639 509 δὲ

384 542 467 595 sic
497 552 676 595 autem
706 542 957 597 habent:
995 560 1015 593 ι
1054 542 1190 599 Cum
1221 545 1453 601 vidisset
1490 554 1669 601 autem
1711 546 1847 603 Sara
1896 548 1963 601 tl-

387 634 520 687 lium
553 636 713 704 Agar,
773 636 989 693 ancilla;
1047 637 1339 710 Egyptiaz,
1401 641 1495 709 qui
1548 642 1764 709 genitus
1789 641 1967 696 fuerat

394 725 957 790 Ahrahaa,‘ludentem
990 744 1111 784 cum
1138 728 1294 785 Isaac
1332 730 1443 784 filio
1478 747 1600 799 suo,
1627 733 1763 786 dixit
1787 732 1965 786 Abra-

390 817 505 871 hae:
536 818 687 886 Ejice
716 820 970 875 ancillam
1014 822 1159 875 hanc
1198 832 1254 877 et
1294 824 1463 878 filium
1500 824 1652 895 ejus;
1685 839 1791 879 non
1823 825 1968 879 enim

392 910 570 966 haeres
597 911 743 965 (ilius
770 914 985 968 ancillae
1015 915 1177 983 hujus
1214 931 1336 971 cum
1370 917 1483 970 tilio
1514 932 1638 973 meo
1659 917 1830 973 Isaac.
1861 919 1970 973 Du-

394 1018 515 1057 rum
550 1013 731 1057 autem
772 1005 947 1059 visunt
978 1017 1061 1061 est
1086 1008 1312 1061 verbum
1344 1008 1504 1064 valde
1554 1024 1736 1064 coram
1792 1009 1969 1065 Abra-

392 1095 516 1151 ham
557 1096 623 1150 de
650 1096 759 1150 lilio
806 1114 926 1153 suo.
964 1099 1111 1153 Dixit
1141 1110 1322 1155 autem
1352 1101 1495 1156 Deus
1528 1101 1593 1155 ad
1638 1102 1915 1157 Abraham
1952 1118 1968 1156 :

393 1189 472 1245 Ne
498 1190 569 1245 sit
593 1192 787 1246 durum
819 1208 1003 1247 coram
1040 1203 1091 1248 te
1113 1194 1178 1247 de
1207 1210 1374 1265 puero
1397 1207 1452 1251 et
1473 1196 1541 1252 de
1593 1196 1787 1252 ancilla
1814 1213 1828 1260 ;
1856 1211 1975 1252 om-

393 1283 481 1336 nia
509 1298 848 1354 quaecunque
878 1286 1080 1340 dixerit
1120 1288 1217 1341 tibi
1255 1287 1391 1342 Sara
1420 1329 1434 1354 ,
1464 1290 1588 1343 andi
1614 1304 1802 1344 vocem
1826 1287 1971 1357 ejus;

393 1376 649 1442 quoniam
695 1376 749 1430 in
810 1376 959 1430 Isaae
1003 1378 1290 1433 vocabitur
1348 1381 1442 1434 tibi
1469 1395 1654 1435 semen
1681 1382 1751 1437 ".
1783 1400 1803 1435 ι
1836 1379 1974 1435 Num

395 1466 560 1535 igitur
591 1468 938 1525 intellexistis
975 1486 1124 1534 eum,
1153 1474 1243 1541 qui
1270 1481 1383 1527 tum
1414 1472 1516 1529 sub
1541 1489 1744 1543 quercu
1765 1474 1978 1529 dixerat

395 1575 455 1615 se
483 1575 1038 1634 reversurum,prout
1087 1568 1462 1623 necessarium
1494 1580 1615 1622 esse
1664 1582 1979 1637 prmnosce-

395 1654 489 1708 bat
515 1672 580 1710 ea
618 1657 849 1712 Ahrahm
876 1659 1133 1724 suadere,
1155 1673 1277 1728 quae
1306 1660 1372 1714 ab
1396 1659 1522 1728 ipso
1563 1658 1700 1714 Sara
1751 1668 1979 1715 conten-

397 1746 595 1815 debat,
646 1764 927 1804 reversum
981 1764 1126 1815 esse,
1157 1761 1215 1804 ut
1254 1752 1516 1820 scriptum
1564 1762 1667 1819 est,
1708 1761 1765 1806 et
1811 1752 1977 1807 Deum

399 1855 548 1906 esse,
583 1849 640 1895 ut
665 1842 782 1897 ιιωο
827 1844 993 1897 verba
1024 1843 1303 1899 declarant
1336 1860 1350 1897 :
1391 1863 1409 1897 ι
1446 1844 1597 1899 Dixit
1624 1855 1805 1899 autem
1834 1844 1979 1901 Deus

399 1935 633 1992 Abrahae
665 1952 679 1989 :
706 1934 783 1991 Ne
834 1938 1032 1992 durum
1079 1939 1149 1993 sit
1194 1954 1379 1993 coram
1416 1950 1467 1993 te
1500 1954 1664 2008 super
1722 1954 1888 2009 puere
1925 1950 1981 1995 et

401 2044 563 2099 super
586 2029 821 2083 ancilla?
852 2048 869 2081 ι
900 2028 976 2083 lta
1009 2045 1104 2085 eos
1128 2028 1550 2099 interrogabam.

472 2206 1017 2281 ResponditTrypho
1052 2227 1066 2262 :
1099 2208 1365 2278 Maxime;
1396 2226 1583 2266 verum
1635 2226 1702 2267 ex
1751 2212 1834 2267 his
1884 2214 1986 2267 mi»

412 2303 561 2357 nilne
591 2303 979 2359 demonstrasti
1003 2304 1168 2359 alium
1197 2320 1318 2360 esse
1346 2307 1535 2371 Deum,
1570 2320 1766 2377 praeter
1820 2308 1985 2372 hunc,

403 2399 497 2464 qui
552 2400 791 2455 Abrahae
844 2402 1168 2469 caeterisque
1222 2403 1557 2471 patriarchis
1610 2414 1662 2458 et
1708 2406 1990 2474 prophetis

403 2493 554 2545 visus
582 2500 685 2555 est,
718 2494 810 2547 sed
838 2509 936 2547 nos
964 2495 1205 2563 probasti
1240 2495 1422 2549 minus
1456 2505 1603 2549 recte
1642 2496 1991 2552 existimasse

406 2593 516 2638 tres
544 2584 685 2648 illos,
714 2587 804 2653 qui
825 2587 878 2639 in
897 2586 1252 2641 tabernaculo
1277 2587 1422 2656 apud
1449 2587 1726 2643 Abraham
1751 2588 1990 2654 fuerunt,

405 2677 633 2746 angelos
667 2693 857 2732 omnes
882 2679 1072 2734 fuisse.

480 2770 711 2824 Rursum
739 2786 841 2840 ego
867 2789 881 2826 :
909 2771 1191 2842 Siquidem
1215 2789 1281 2828 ex
1296 2773 1597 2844 Seripturis
1626 2774 1758 2844 ipsis
1777 2775 1997 2829 demon-

409 2870 587 2914 strare
616 2876 721 2915 non
752 2876 986 2932 possem,
1023 2880 1191 2919 unum
1226 2881 1290 2921 ex
1340 2866 1513 2920 tribus
1564 2865 1673 2920 illis
1733 2864 1892 2936 152
1943 2876 2000 2921 et

410 2953 579 3008 Deum
607 2969 749 3020 esse,
783 2966 837 3011 et
866 2957 1011 3024 ideo,
1039 2967 1095 3010 ut
1119 2956 1232 3025 jam
1285 2959 1420 3023 dixi,
1475 2961 1729 3029 angelum
1782 2960 1996 3019 vocari,

410 3039 554 3108 quod
579 3040 827 3097 nuntium
851 3042 918 3096 iis
949 3041 1211 3112 perferat,
1245 3045 1445 3113 quibus
1470 3045 1725 3099 mandata
1751 3060 1844 3099 sua
1876 3060 2001 3115 per-

2067 547 2253 617 Σάρρα
2275 545 2367 598 τὸν
2395 546 2508 598 υἱὸν
2537 547 2714 617 ’Ἀγαρ
2737 546 2834 616 τῆς
2866 544 3157 615 παιδίσκης
3184 544 3286 613 τῆς
3314 545 3639 613 Αἰγυπτίας,

2066 638 2126 703 ὃς
2158 638 2373 707 ἐγένετο
2402 638 2481 710 τῷ
2521 638 2769 710 Ἀϐραάμ
2792 678 2805 701 ,
2841 636 3101 701 παίζοντα
3142 636 3279 708 μετὰ
3326 635 3510 690 Ἰσαὰκ
3550 637 3642 690 τοῦ

2070 730 2186 783 υἱοῦ
2222 731 2429 801 αὐτῆς,
2476 728 2595 785 εἶπε
2638 730 2717 801 τῷ
2758 730 3042 801 Ἀϐραάμ·
3085 729 3281 783 ἔκϐαλε
3323 730 3423 801 τὴν
3468 730 3645 782 παιδί-

2075 845 2212 899 σκην
2242 828 2449 898 ταύτην
2494 828 2589 881 καὶ
2632 827 2723 880 τὸν
2767 827 2881 878 υἱὸν
2915 823 3081 893 αὐτῆς
3109 840 3122 852 °
3158 823 3220 876 οὐ
3249 821 3359 893 γὰρ
3393 821 3651 893 κληρονο-

2076 924 2239 994 μήσει
2270 920 2380 993 (56)
2420 923 2449 977 0
2497 920 2611 984 υἱὸς
2655 919 2757 990 τῆς
2799 916 3091 988 παιδίσκης
3132 915 3337 987 ταύτης
3379 913 3517 986 μετὰ
3557 913 3650 967 τοῦ

2072 1015 2189 1069 υἱοῦ
2227 1032 2327 1086 μου
2371 1014 2575 1068 Ἰσαάκ.
2611 1011 2850 1082 Σκληρὸν
2887 1010 2943 1063 δὲ
2973 1009 3147 1080 ὲφάνη
3176 1007 3237 1061 τὸ
3269 1009 3418 1078 ῥῆμα
3452 1006 3654 1078 σφόδρα

2073 1108 2312 1161 ἐναντίον
2359 1104 2608 1176 Ἀϐραὰμ
2651 1105 2778 1174 περὶ
2823 1102 2916 1156 τοῦ
2966 1101 3085 1155 υἱοῦ
3130 1098 3317 1153 αὐτοῦ.
3370 1094 3506 1152 Εῐπε
3539 1098 3597 1151 δὲ
3627 1098 3657 1149 0

2073 1200 2204 1265 Θεὸς
2244 1200 2323 1272 τῷ
2384 1198 2632 1269 Ἀϐραάμ
2654 1214 2668 1228 ⁸
2702 1197 2792 1268 Μὴ
2830 1195 3060 1267 σκληρὸν
3107 1194 3247 1247 ἔστω
3281 1191 3522 1246 ἐναντίον
3563 1207 3656 1244 σου

2077 1294 2203 1364 περὶ
2232 1292 2333 1346 τοῦ
2360 1292 2570 1344 παιδίου
2604 1291 2702 1342 καὶ
2720 1288 2963 1360 περὶτῆς
2997 1286 3309 1357 παιδίσκης.
3342 1284 3529 1339 Πάντα
3560 1284 3663 1335 ὅσα

2078 1388 2146 1440 ἂν
2178 1387 2309 1460 εἴπῃ
2339 1403 2420 1439 σοι
2454 1385 2638 1456 Σάρρα
2660 1423 2673 1447 ,
2710 1382 2873 1436 ἄκουε
2898 1382 2997 1451 τῆς
3034 1380 3218 1450 φωνῆς
3241 1377 3413 1447 αὐτῆς
3435 1394 3449 1407 ·
3486 1377 3568 1429 ὅτι
3602 1376 3659 1428 ὲν

2091 1480 2275 1533 Ἰσαάκ
2314 1475 2643 1549 κληθήσεταί
2685 1492 2766 1528 σοι
2799 1473 3039 1545 σπέρμα,
3065 1491 3083 1523 ι
3121 1472 3432 1543 Νενοήκατε
3459 1464 3553 1521 οὖν
3580 1469 3661 1520 ὅτι

2077 1574 2107 1625 0
2143 1570 2313 1625 εἰπὼν
2345 1570 2466 1623 τότε
2500 1567 2604 1621 ὑπὸ
2646 1567 2745 1639 τὴν
2777 1565 2909 1639 δρῦν
2949 1562 3353 1634 ἐπαναστρέψαι
3378 1603 3393 1628 ,
3422 1561 3501 1623 ὡς
3534 1576 3668 1629 προ-

2081 1665 2346 1738 ηπίστατο
2378 1664 2675 1732 ἀναγκαῖον
2703 1656 2841 1713 εῖναι
2864 1656 2943 1729 τῷ
2979 1656 3228 1728 Ἀϐραὰμ
3264 1651 3665 1724 συμϐουλεῦσαι

2085 1759 2227 1829 ἅπερ
2260 1755 2507 1810 ἐϐούλετο
2542 1753 2705 1808 αὑτὸν
2750 1753 2938 1823 Σάρρα
2960 1790 2975 1814 ,
3011 1746 3407 1818 ἐπανελήλυθεν
3448 1744 3527 1807 ὡς
3574 1742 3669 1811 γέ-

2082 1867 2362 1923 γραπται,
2393 1846 2487 1901 καὶ
2528 1846 2660 1909 Θεός
2692 1847 2860 1910 ἐστιν,
2895 1844 2971 1906 ὡς
3002 1843 3052 1894 οί
3084 1840 3229 1907 λύγοι
3280 1836 3668 1908 σημαίνουσιν,

2082 1942 2255 2005 οὕτως
2301 1939 2617 2011 εἰρημένοι·
2669 1956 2687 1989 ι
2728 1932 2867 1990 Εῐπε
2922 1933 2979 1988 δὲ
3013 1936 3041 1988 0
3073 1931 3205 1994 Θεὸς
3258 1928 3339 1999 τῷ
3386 1926 3668 1999 Ἀϐραάμ·

2084 2037 2177 2109 Μὴ
2211 2033 2444 2106 σκληρὸν
2479 2032 2619 2086 ἔστω
2656 2028 2895 2085 ἐναντίον
2928 2043 3021 2079 σου
3050 2024 3179 2095 περὶ
3207 2020 3301 2075 τοῦ
3337 2017 3555 2073 παιδίου
3580 2014 3674 2067 καὶ

2089 2130 2217 2201 περὶ
2247 2129 2345 2198 τῆς
2378 2125 2713 2196 παιδίσκηςςν
2741 2141 2759 2174 ›
2850 2118 3244 2189 ἐπυνθανόμην.

2160 2198 2268 2274 Καὶ
2297 2217 2585 2289 όιΤρύφων
2629 2215 2732 2287 ἔφη
2758 2231 2773 2243 ⁸
2809 2214 3061 2268 Μάλιστα
3084 2227 3097 2240 ·
3143 2210 3243 2263 ούκ
3276 2208 3342 2261 ὲκ
3390 2202 3589 2258 τούτου

2091 2309 2379 2376 ἀπέδειξας
2407 2288 2508 2361 νότι
2556 2307 2712 2369 ἄλλος
2757 2305 2905 2359 ἐστὶν
2934 2306 2962 2357 0
2994 2302 3125 2364 Θεὸς
3171 2296 3318 2369 παρὰ
3354 2294 3549 2348 τοῦτον
3589 2288 3687 2341 τὸν

2090 2405 2324 2475 ὀφθέντα
2355 2402 2432 2474 τῷ
2479 2399 2762 2472 Ἀϐραὰμ,
2798 2398 2858 2461 ὃς
2890 2378 2986 2450 καὶ
3027 2396 3139 2456 τοῖς
3179 2390 3359 2453 ἄλλοις
3407 2383 3682 2475 πατριάρ-

2093 2473 2215 2571 χαις
2246 2500 2338 2553 καὶ
2364 2473 2669 2566 προφήταις
2698 2487 2849 2547 (hmo
2873 2529 2887 2555 ,
2920 2488 3032 2542 ἀλλ’
3075 2487 3219 2557 ἡμᾶς
3258 2478 3550 2545 ἀπέδειξας
3583 2473 3685 2571 οὐκ

2095 2567 2269 2661 δροῶς
2301 2585 2625 2657 νενοηκύτας
2655 2624 2667 2648 ,
2712 2583 2792 2635 ὅτι
2844 2582 2892 2633 οἱ
2945 2581 3131 2651 τρεῖς,
3179 2577 3229 2628 οἱ
3274 2577 3333 2628 ὲν
3381 2574 3449 2661 τῇ
3502 2567 3679 2636 σκηνῇ

2098 2657 2246 2750 παρὰ
2274 2675 2352 2747 τῷ
2394 2673 2645 2745 Ἀϐραὰμ
2677 2671 2988 2742 γενόμενοι,
3021 2668 3131 2723 ὅλοι
3170 2663 3389 2734 ἄγγελοι
3418 2657 3583 2731 ἦσαν.

2170 2773 2281 2826 Kal
2313 2770 2472 2825 πάλιν
2507 2768 2618 2838 ἐγώ
2641 2786 2653 2797 ·
2692 2769 2757 2821 Εἰ
2798 2762 2891 2821 οῦν
2924 2765 3017 2819 καὶ
3054 2762 3161 2815 ἀπὸ
3196 2760 3305 2813 τῶν
3340 2754 3574 2828 Γραφῶν
3610 2750 3684 2823 μὴ

2101 2863 2244 2939 εἶχον
2277 2863 2555 2928 ἀποδεῖξαι
2584 2863 2733 2933 ὑμῖν,
2768 2862 2851 2914 ὅτι
2879 2854 2957 2922 εἷς
2991 2857 3099 2911 τῶν
3133 2853 3301 2927 τριῶν
3326 2851 3550 2939 ἐκείνων
3592 2845 3688 2899 καὶ

2102 2962 2130 3013 0
2156 2938 2293 3023 Θεός
2327 2958 2435 3029 (57)
2471 2958 2587 3009 ἐστι
2608 2995 2622 3021 ,
2658 2955 2751 3007 καὶ
2784 2950 3012 3019 ἄγγελος
3050 2947 3327 3009 καλεῖται,
3364 2943 3428 2994 ἐκ
3458 2938 3555 2992 τοῦ
3590 2939 3692 3005 ἁγ-

2103 3052 2311 3122 γέλλειν
2333 3090 2347 3114 ,
2382 3051 2457 3113 ὡς
2500 3048 2775 3119 προέερην,
2811 3040 3005 3114 οἷσπερ
3042 3038 3287 3113 βούλεται
3316 3034 3385 3088 τά
3418 3034 3548 3103 παρ’
3592 3030 3691 3122 αῦ-

414 3133 544 3188 lerri
576 3135 693 3187 vult
731 3134 1113 3191 universorum
1164 3145 1381 3192 creator
1412 3137 1577 3202 Deus,
1617 3138 1813 3193 merito
1862 3152 1993 3191 sane

2106 3144 2192 3198 τοῦ
2225 3145 2253 3196 0
2286 3142 2395 3195 τῶν
2435 3142 2571 3195 ὅλων
2606 3138 2836 3208 ποιητὴς
2876 3134 3043 3199 Θεὸς,
3082 3130 3270 3185 τοῦτον
3310 3127 3402 3181 τὸν
3448 3124 3541 3178 ἐπὶ
3589 3138 3690 3190 της

416 3232 485 3285 de
513 3232 630 3299 ipso
668 3230 766 3286 illo
791 3234 882 3301 qui
909 3233 964 3288 in
1000 3234 1162 3289 terris
1205 3235 1260 3289 in
1289 3236 1392 3289 viri
1426 3234 1631 3304 specie,
1684 3248 1793 3288 non
1839 3246 1998 3286 secus

416 3342 481 3381 ac
503 3326 610 3383 duo
636 3327 865 3383 comites
908 3329 1107 3399 angeli,
1158 3329 1307 3384 visus
1358 3338 1444 3384 est
1467 3327 1745 3394 ,Ahrahaa,
1798 3326 2001 3395 quique

416 3428 541 3473 ante
569 3421 830 3474 mundum
869 3420 1148 3474 conditum
1173 3420 1316 3477 Deus
1348 3431 1489 3487 erat,
1526 3419 1668 3474 idem
1697 3417 1997 3480 sentiretis,

414 3510 559 3579 quod
584 3520 694 3566 tota
718 3526 850 3582 gens
878 3520 1064 3567 vestra
1099 3513 1285 3567 sentit.

486 3603 743 3669 Omnino,
790 3606 970 3675 inquit
1030 3604 1151 3671 ille;
1200 3606 1275 3661 ita
1329 3606 1474 3660 enim
1536 3606 1801 3661 hactenus
1825 3604 2004 3659 tenui-

418 3710 555 3749 tuus.
670 3706 679 3717 ‘
768 3710 779 3717 ‘

480 3787 619 3843 Tum
641 3794 742 3859 ego
760 3804 972 3844 rursum
1007 3804 1021 3841 :
1055 3787 1132 3841 Ad
1162 3787 1501 3858 Scripturas,
1522 3788 1769 3857 inquam,
1803 3802 1889 3840 me
1919 3800 2007 3839 re-

419 3881 607 3935 ferens
648 3879 983 3949 persuadere
1013 3879 1167 3933 vobis
1196 3880 1435 3935 conabor
1467 3880 1615 3935 hunc
1662 3880 1862 3947 ipsum,
1912 3877 2005 3947 qui

427 3970 664 4026 Abrahae
693 3981 750 4026 et
780 3970 948 4025 Jacob
989 3981 1043 4024 et
1080 3970 1251 4040 Moysi
1303 3973 1456 4026 visus
1511 3986 1633 4026 esse
1678 3971 1903 4037 dicitur,
1946 3984 2009 4024 ac

421 4066 564 4118 Deus
594 4079 623 4117 a
649 4063 936 4132 Scriptura
995 4071 1251 4127 vocatur,
1308 4064 1476 4116 alium
1517 4078 1641 4118 esse
1684 4063 1753 4117 ab
1792 4077 1858 4117 eo
1912 4061 2006 4131 qui

419 4153 602 4209 omnia
658 4154 867 4207 creavit
919 4152 1052 4218 Deo,
1086 4154 1274 4221 alium,
1323 4155 1564 4224 inquam,
1615 4170 1865 4219 numero,
1900 4170 2008 4210 non

418 4247 714 4303 sententia.
748 4246 890 4301 Nihil
918 4248 1063 4301 enim
1095 4262 1219 4301 eum
1258 4262 1503 4317 unquam
1535 4247 1739 4305 fecisse
1774 4250 2005 4317 afﬁrmo,

421 4339 527 4393 nisi
554 4340 699 4406 quod
722 4352 848 4393 eum
880 4341 1067 4393 mundi
1094 4348 1330 4406 creator,
1363 4356 1526 4409 supra
1545 4356 1705 4410 quem
1739 4341 1875 4397 alius
1900 4359 2007 4398 nou

419 4439 503 4481 est
541 4429 704 4494 Deus,
733 4430 913 4484 facere
942 4429 1113 4483 voluit
1138 4438 1191 4483 et
1219 4433 1422 4486 dicere.

2103 3238 2205 3308 γῆς
2235 3240 2291 3290 ὲν
2328 3236 2440 3306 ίδέᾳ
2471 3233 2663 3303 ἀνδρὸς
2694 3231 2894 3303 ὁμοίως
2927 3231 3039 3289 τοῖς
3076 3227 3172 3279 σὺν
3197 3221 3346 3293 αύτῷ
3382 3234 3692 3290 παραγενο-

2105 3332 2286 3403 μένοις
2329 3330 2481 3383 δυσὶν
2516 3326 2764 3396 ἀγγέλοις
2813 3322 3133 3394 φαινόμενον
3162 3317 3240 3389 τῷ
3276 3313 3525 3386 Ἀϐραὰμ
3548 3352 3564 3376 ,
3599 3311 3692 3403 τὸν

2102 3401 2197 3476 καὶ
2232 3421 2336 3493 πρὸ
2376 3420 2644 3492 ποιήσεως
2689 3416 2896 3487 κόσμου
2953 3413 3081 3465 ὄντα
3124 3408 3293 3471 Θεὸν,
3343 3403 3504 3457 τοῦτο
3549 3401 3699 3453 νοεῖν

2104 3517 2249 3586 ὑμᾶς
2282 3513 2500 3582 εῦλογον
2530 3506 2599 3583 ἦν
2622 3528 2635 3540 ·
2671 3510 2809 3580 ὅπερ
2835 3507 2895 3561 τὸ
2930 3506 3038 3559 πᾶν
3066 3503 3216 3566 ἔθνος
3252 3497 3405 3570 ὑμῶν
3434 3497 3569 3549 νοεῖ.

2176 3608 2288 3661 Καὶ
2320 3606 2462 3660 πάνυ
2484 3644 2499 3668 ,
2533 3604 2638 3673 ἔφη
2662 3620 2676 3634 ’
2712 3600 2885 3663 οὕτως
2908 3599 3020 3669 γὰρ
3057 3596 3151 3649 καὶ
3192 3593 3352 3665 μέχρι
3376 3589 3472 3644 τοῦ
3505 3584 3698 3640 δευτέ-

2111 3716 2204 3770 ρου
2384 3696 2499 3768 εῐχο
2507 3714 2625 3768 μεν.

2177 3769 2346 3855 Κάγὼ
2379 3786 2540 3840 πάλιν
2569 3780 2722 3837 εἶπον
2748 3800 2759 3813 ’
2811 3782 2935 3836 Ἐπὶ
2963 3780 3061 3845 τὰς
3088 3775 3309 3850 Γραφάς
3341 3769 3659 3827 ἐπανελθὼν
3677 3808 3701 3833 ,

2109 3879 2443 3951 πειράσομαι
2466 3879 2655 3929 πεῖσαι
2691 3875 2855 3945 ὑμᾶς,
2879 3874 2961 3926 ὅτι
2982 3866 3134 3933 οὗτος
3158 3870 3186 3922 0
3207 3884 3268 3920 τε
3300 3864 3379 3935 τῷ
3416 3860 3695 3933 Ἀϐραὰμ,

2109 3975 2203 4027 καὶ
2232 3972 2312 4043 τῷ
2347 3969 2539 4025 Ἰακὼϐ
2565 4009 2579 4035 ,
2615 3970 2709 4022 καὶ
2741 3966 2819 4038 τῷ
2850 3968 3041 4021 Μωσεῖ
3072 3957 3252 4033 ὦφθαι
3277 3959 3569 4029 λεγόμενος
3601 3952 3706 4007 καὶ

2110 4062 2492 4135 γεγραμμένος
2525 4059 2658 4125 Θεὸς
2678 4098 2692 4122 ,
2726 4056 2912 4128 ἕτερός
2941 4058 3057 4108 ἐστι
3095 4052 3189 4106 τοῦ
3225 4051 3401 4105 πάντα
3431 4045 3700 4116 ποιήσαν-

2108 4175 2197 4221 τος
2234 4154 2391 4218 Θεοῦ,
2426 4152 2647 4226 ἀριθμῷ
2678 4152 2841 4221 λέγω,
2875 4149 3011 4203 ἀλλὰ
3044 4148 3104 4200 ού
3134 4144 3349 4217 γνώμῃ.
3386 4139 3551 4193 Οὐδὲν
3587 4136 3708 4205 γάρ

2111 4266 2254 4320 φημι
2276 4247 2438 4301 αὐτὸν
2473 4245 2816 4318 πεπραχέναι
2842 4244 2973 4295 ποτὲ
3003 4242 3133 4313 (59),
3159 4239 3192 4309 ἦ
3220 4239 3366 4307 ἅπερ
3391 4232 3555 4286 αὑτὸν
3582 4230 3709 4300 (60)

2112 4346 2142 4396 0
2174 4344 2265 4397 τὸν
2298 4342 2501 4412 κόσμον
2537 4341 2789 4411 ποιήσας,
2826 4336 2965 4407 ὑπὲρ
2991 4336 3049 4387 ὃν
3082 4332 3239 4394 ἄλλος
3263 4329 3365 4383 οὐκ
3398 4326 3512 4380 ἐστι
3536 4322 3705 4385 Θεὸς,

2115 4436 2433 4508 βεϐούληται
2467 4436 2560 4488 καὶ
2593 4432 2797 4504 πρᾶξαι
2826 4433 2918 4486 καὶ
2946 4428 3221 4501 ὁμιλῆσαι.

492 4520 630 4576 Tum
657 4512 912 4594 Trypho:
942 4522 1052 4577 Fac
1088 4523 1256 4592 igitur
1284 4524 1432 4577 hunc
1469 4538 1590 4578 esse
1639 4525 1993 4593 demonstres,

2185 4532 2294 4584 Kal
2316 4533 2343 4583 0
2370 4528 2601 4599 Τρύφων
2624 4544 2636 4557 ·
2678 4528 2799 4579 Ὅτι
2830 4521 2923 4578 οὖν
2957 4524 3050 4578 καὶ
3074 4522 3221 4575 ἔστιν
3254 4513 3537 4581 ἀπόδειξον
3572 4512 3709 4583 ήδη.

423 4623 481 4666 ιιι
514 4613 567 4668 id
596 4628 815 4682 quoque
861 4614 958 4668 tibi
992 4616 1381 4668 assentiamur.
1418 4612 1605 4685 Neque
1639 4616 1785 4669 enim
1846 4617 1898 4671 id
1955 4628 2007 4673 te

423 4706 606 4759 dicere
636 4706 1008 4775 suspicamur,
1050 4706 1257 4775 aliquid
1287 4722 1409 4761 eum
1440 4717 1643 4774 praeter
1671 4713 2003 4767 sententiam

423 4798 690 4852 creatoris
720 4799 1097 4853 universorum
1124 4811 1218 4853 aut
1256 4798 1453 4853 fecisse
1477 4808 1572 4852 aut
1599 4798 1837 4855 locutum
1860 4817 2002 4861 esse.

498 4914 544 4947 "’
566 4913 705 4971 Gen.
734 4930 845 4979 xm,
874 4915 1025 4971 9-12.

494 5071 1086 5148 (§§)K.lnporowj0£i.
1104 5074 1497 5148 Regitis‘codcx
1520 5076 1913 5148 κληρονομήσει
1933 5093 2013 5148 σε.

496 5143 630 5216 (57),
654 5144 705 5216 Ὀ
742 5145 904 5209 Θεός.
941 5144 1261 5198 Sexcenties
1289 5145 1563 5210 Christus,
1595 5143 1637 5199 δ·
1652 5143 1843 5216 Λόγος,
1876 5147 2016 5202 aJu-

425 5218 574 5269 saino
600 5213 753 5279 Θεός,
791 5218 997 5286 omisso
1044 5217 1300 5281 articulo,
1350 5219 1668 5286 appellatur,
1720 5213 1826 5286 qua
1872 5220 1925 5272 in
1957 5234 2014 5273 re

426 5287 855 5357 Alexandrinam
910 5285 1165 5354 loquendi
1217 5285 1669 5341 consuetudinem
1737 5285 2009 5357 Sequitur,

423 5357 576 5428 thd
611 5356 657 5411 si
685 5356 786 5410 huc
822 5357 941 5411 loco
974 5358 1238 5412 articulus
1262 5371 1341 5412 ρει
1369 5360 1620 5423 praxlixus
1653 5360 1756 5428 (sic
1787 5356 2012 5428 printer-

424 5444 489 5500 ea
528 5427 611 5479 his
662 5437 875 5480 tantum
915 5444 929 5481 :
966 5445 1115 5482 num.
1161 5429 1230 5482 75
1262 5441 1316 5483 el
1352 5430 1503 5500 115),
1540 5431 1591 5483 id
1638 5427 1843 5483 librarii
1906 5446 2013 5483 non

424 5498 722 5571 admodum
777 5502 972 5571 attenti
1006 5515 1269 5571 errorem
1302 5498 1466 5567 sapit.
1502 5500 1800 5571 Supremus
1833 5511 2013 5554 autem

429 5568 572 5641 Deus
636 5570 666 5619 0
698 5568 867 5631 ὅντως
896 5568 1069 5641 Θεὸς,
1107 5586 1136 5622 a
1172 5582 1417 5641 martyre
1462 5568 1597 5625 mox
1650 5572 1677 5623 0
1703 5569 1856 5633 Θεὸς,
1889 5586 2017 5627 mox

424 5636 555 5701 Θεός
594 5652 845 5694 vocatur.
880 5639 1058 5694 Οττο.

2114 4624 2201 4675 ἵνα
2225 4623 2319 4676 καὶ
2349 4621 2524 4692 τούτῳ
2554 4617 2894 4688 συνθώμεθα.
2930 4616 3006 4669 Οὐ
3035 4614 3144 4685 γὰρ
3167 4610 3317 4683 παρὰ
3342 4606 3569 4678 γνώμην
3602 4603 3707 4657 τοῦ

2116 4712 2339 4784 ποιητοῦ
2373 4712 2481 4765 τῶν
2514 4712 2652 4765 ὅλων
2687 4711 2915 4781 φάσκειν
2946 4725 2998 4760 τι
3034 4708 3067 4778 ἦ
3109 4702 3469 4773 πεποιηκέναι
3502 4698 3711 4762 αὑτὸν,

2115 4808 2148 4877 ἢ
2184 4804 2539 4875 λελαληκέναι
2566 4844 2581 4869 ,
2614 4802 2794 4871 λέγειν
2824 4819 2885 4856 σε
2914 4798 3390 4870 ὑπολαμϐάνομεν.

2194 5076 2309 5146 (59)
2331 5078 2709 5146 Πεπραχέναι
2744 5074 2907 5128 ποτέ.
2959 5072 3127 5146 Addit
3163 5071 3417 5146 Clericus
3434 5069 3466 5141 ἢ
3502 5071 3703 5146 εἰπεῖν.

2121 5141 2421 5227 υ-Ϋὶἆθιυι-
2452 5141 2970 5227 adigendunresse‘ﬁ
3004 5143 3359 5227 ὡμιληκέναι.
3388 5141 3554 5195 Paulo
3581 5151 3706 5227 post

2119 5222 2287 5282 enim,
2329 5219 2423 5271 καὶ
2456 5237 2497 5271 π
2535 5216 2658 5283 ἄξαι
2690 5218 2784 5270 καὶ
2816 5211 3073 5287 ὁμιλῆσαι
3112 5211 3273 5285 (iiilra
3301 5231 3315 5267 :
3345 5211 3709 5282 πεποιηκέναι

2119 5290 2278 5339 αὐτὸν
2308 5290 2339 5339 ἢ
2372 5236 2769 5339 λελαεηκέναιι-
2817 5288 3049 5339 Errandi
3079 5302 3269 5339 ansam
3298 5284 3524 5337 librario
3552 5284 3708 5335 dedit

2118 5290 2278 5342 αὑτὸν
2308 5290 2340 5360 ἢ
2372 5284 2769 5362 λελαληκέναι).
2817 5284 3049 5341 Errandi
3079 5302 3278 5362 ansam
3298 5284 3524 5362 librario
3552 5284 3708 5362 dedit

2118 5356 2409 5430 repetitum
2452 5360 2508 5430 ή.
2540 5356 2842 5421 Tltirlhius,
2897 5367 3171 5428 prxeunle
3223 5356 3454 5420 Clericu,
3515 5356 3709 5407 minus

2122 5445 2271 5503 recte
2295 5431 2466 5485 voluit
2495 5433 2528 5503 ἢ
2564 5434 2758 5503 εἰπεῖν,
2796 5430 3005 5503 O'r'ro._
3176 5497 3187 5503 _
3234 5497 3242 5503 η
3273 5498 3283 5503 _
3648 5494 3662 5501 ι

2195 5502 2309 5571 (60)
2342 5497 2558 5556 mm;
2585 5502 2866 5575 Neminem
2891 5500 3140 5575 arbitror.
3159 5497 3537 5575 dubitaturum
3570 5497 3710 5575 quin

2125 5567 2682 5637 recte'restituerim,
2737 5587 2837 5640 pro
2893 5571 3041 5639 vulg.
3083 5567 3265 5640 αὐτός,
3303 5569 3471 5636 quod,
3532 5576 3592 5619 ut
3647 5567 3708 5619 in

2125 5646 2310 5712 aprico
2327 5654 2432 5709 εει,
2464 5637 2915 5712 originenfduxit
2941 5656 2970 5692 a
2994 5637 3135 5712 casu
3168 5637 3263 5708 qui
3309 5640 3565 5707 sequitur
3605 5652 3711 5692 no-

499 5708 614 5783 (58)
637 5709 825 5783 Μέχρι
848 5710 954 5763 τοῦ
969 5709 1273 5783 δευτέρου.
1300 5710 1462 5767 Multo
1490 5712 1681 5783 melius
1699 5711 1988 5783 Sylburgiu

2129 5708 2423 5783 niinativo,
2477 5716 2505 5768 ὁ
2536 5708 2585 5769 σέ.
2618 5731 2671 5769 κ.
2710 5712 2959 5783 ποιήσας.
3010 5711 3185 5767 Οττο.

429 5787 482 5832 ct
529 5782 750 5849 Langus
806 5780 1089 5848 legendum
1152 5794 1474 5839 monuerunt
1513 5782 1671 5853 μέχρι
1700 5780 1792 5836 τοῦ
1844 5780 2018 5851 δεῦρο.
