3962 6262
330 323 418 378 σοι

314 530 439 601 ἐμοῦ
470 531 627 584 τοῦτο
658 537 946 608 φανερὸν
1009 541 1148 610 ὑμῖν
1194 543 1426 612 ποιήσει.
1466 543 1621 594 Ἔστι
1652 542 1708 595 δὲ
1744 541 1948 594 ταῦτα·

316 641 338 676 ι
384 624 437 676 '0
468 622 619 692 ἣλιος
652 623 927 695 ἐξῆλθεν
973 632 1078 683 ἐπὶ
1105 631 1204 702 τὴν
1236 633 1334 701 γῆν
1354 671 1369 696 ,
1401 633 1496 686 καὶ
1533 630 1656 684 Λὼτ
1708 632 1953 702 εἰσῆλθεν

309 713 384 776 εις
411 713 633 785 Σηγὼρ,
671 717 785 770 καὶ
823 721 860 771 ὁ
901 721 1130 792 Κύριος
1177 722 1392 794 ἔϐρεξεν
1426 723 1519 775 ἐπὶ
1569 722 1779 794 Σόδομα
1812 723 1954 778 θεῖον

307 805 395 856 καὶ
443 803 556 876 πῦρ
605 807 780 878 παρὰ
840 811 1080 883 Κυρίου
1126 815 1190 866 ὲκ
1231 814 1324 866 τοῦ
1374 813 1640 884 οὐρανοῦ,
1688 815 1783 868 καὶ
1817 833 1951 868 κατ-

307 895 529 966 έστρεψε
580 896 693 962 τὰς
761 900 983 966 πόλεις
1034 903 1240 966 ταύτας
1288 904 1383 957 καὶ
1437 906 1617 958 πᾶσαν
1661 903 1760 976 τὴν
1793 905 1952 974 περί-

306 1003 468 1041 οικον.
510 1007 533 1041 ι

378 1079 490 1132 Καὶ
520 1082 553 1133 ὁ
586 1080 890 1154 τέταρτος
922 1085 1041 1137 τῶν
1077 1087 1174 1139 σὺν
1206 1086 1459 1158 Τρύφωνι
1499 1087 1950 1159 παραμεινάντων

319 1171 419 1242 εφη
441 1189 455 1201 ·
499 1175 604 1225 Ὃν
637 1171 744 1228 οὖν
781 1176 814 1227 ὁ
843 1176 1018 1245 λόγος
1049 1177 1137 1230 διὰ
1171 1178 1414 1243 Μωσέως
1441 1177 1548 1232 τῶν
1573 1179 1665 1232 δύο
1703 1180 1948 1248 ἀγγέλων

325 1262 701 1316 κατελθόντων
741 1264 867 1338 (61)
918 1269 1004 1330 εἰς
1048 1267 1254 1337 Σόδομα
1279 1308 1293 1332 ,
1328 1269 1421 1320 καὶ
1453 1268 1658 1340 Κύριον
1705 1269 1801 1320 ἕνα
1836 1268 1946 1338 (62)

331 1353 606 1425 ὠνόμασε,
633 1357 807 1428 παρὰ
832 1357 1056 1424 τοῦτον,
1087 1360 1182 1412 καὶ
1210 1361 1300 1413 τὸν
1312 1359 1443 1413 Θεὸν
1465 1359 1624 1414 αὐτὸν
1649 1360 1761 1433 [τὸν
1789 1360 1946 1433 (6⁸2⁸)]

337 1447 565 1516 ὸςθὲντα
598 1449 683 1519 τῷ
735 1450 1008 1523 Ἀϐραὰμ
1039 1452 1220 1522 λέγειν
1249 1453 1483 1525 ἀνάγκη.

408 1541 479 1594 Οὐ
513 1541 604 1595 διὰ
638 1543 815 1598 τοῦτο
840 1585 856 1608 ,
895 1544 1031 1616 ἔφην
1053 1585 1067 1610 ,
1105 1546 1297 1618 μόνον,
1337 1547 1474 1617 ὅπερ
1505 1541 1606 1616 ἦν,
1643 1547 1706 1598 ὲκ
1750 1546 1948 1610 παντὸς

341 1635 535 1705 τρόπου
568 1634 874 1706 ὁμολογεῖν
918 1637 1178 1701 ἔδει,.ὄτι
1211 1637 1306 1691 καὶ
1353 1637 1504 1708 παρὰ
1534 1636 1626 1690 τὸν
1659 1637 1946 1708 νοούμενον

346 1726 566 1797 ποιητὴν
619 1727 739 1780 τῶν
776 1727 918 1782 ὅλων
972 1728 1132 1793 ἄλλος
1163 1747 1247 1792 τις
1279 1729 1676 1801 κυριολογεῖται
1710 1730 1814 1783 ὑπὸ
1850 1731 1945 1784 τοῦ

1339 331 1689 390 DIALOGUS
1723 332 1868 388 CUM
1903 329 2279 386 TRYPHONE
2314 330 2580 388 JUDIEO.

389 439 542 507 Κάγὼ
573 433 722 493 εἶπον
751 457 768 470 ⁸
834 443 918 497 Ἦ
963 447 1174 519 Γραφὴ
1206 444 1295 502 οὖν
1324 452 1356 520 ἡ
1390 450 1794 521 προλελεγμένη
1826 448 1954 520 παρ’
1986 454 2026 509 Α

3530 326 3640 382 θθξ

2131 448 2244 518 Ego
2275 457 2458 502 autem
2497 468 2511 502 :
2543 446 2852 514 Scriptura,
2885 444 3130 512 inquam,
3170 460 3198 499 a
3231 443 3444 512 mejam
3471 442 3639 496 allata

2058 538 2110 591 id
2144 537 2296 591 vobis
2327 546 2455 591 ante
2501 536 2690 590 oculos
2741 545 2925 604 ponet.
2972 535 3064 588 Sic
3112 544 3292 588 autem
3328 548 3387 587 se
3428 531 3632 586 habet:
3699 529 3703 533 ’

2061 645 2078 678 ι
2116 627 2208 682 Sol
2236 642 2490 697 egressus
2521 636 2605 680 est
2634 639 2796 696 super
2829 635 3053 690 terram,
3086 634 3144 678 et-
3194 623 3295 678 Lot
3361 624 3644 692 ingressus

2053 731 2138 774 est
2173 720 2378 790 Segor;
2420 728 2473 773 et
2506 719 2771 772 Dominus
2799 717 2934 786 pluit
2963 730 3127 786 super
3180 715 3473 770 Sodomam
3526 712 3639 768 sul-

2052 812 2194 883 phur
2224 822 2278 868 et
2317 813 2498 884 ignem
2518 828 2546 865 a
2578 812 2811 866 Domino
2841 813 2907 865 de
2939 810 3101 877 cmlo,
3127 820 3183 864 et
3212 809 3480 864 subvertit
3507 808 3638 864 civi-

2053 915 2196 962 tates
2225 905 2345 970 has,
2365 914 2422 960 et
2444 919 2663 960 onmem
2689 904 2836 959 circa
2856 903 3136 974 regionem
3159 901 3230 955 ⁵⁸.
3262 919 3282 954 ι

2121 1082 2224 1138 Hic
2256 1081 2498 1152 quicum
2526 1079 2819 1151 Tryphone
2846 1087 3076 1148 quartus
3116 1085 3460 1132 remanserat
3491 1094 3506 1130 :
3535 1074 3644 1142 Qui-

2051 1179 2240 1249 igitur,
2284 1178 2481 1247 inquit,
2526 1190 2591 1230 ex
2624 1175 2838 1228 duobus
2876 1173 3084 1242 angelis
3123 1171 3358 1227 Sodoma
3407 1169 3644 1240 petenti-

2052 1275 2152 1328 bus
2182 1276 2330 1326 solus
2374 1287 2402 1324 a
2435 1270 2729 1340 Scriptura
2761 1283 2862 1338 per
2901 1267 3144 1339 Moysem
3181 1267 3346 1320 etiam
3379 1264 3648 1320 Dominus

2050 1362 2380 1433 appellatur,
2402 1371 2598 1426 prmter
2621 1375 2746 1414 eum
2777 1361 2896 1428 ipse
2937 1360 3103 1414 etiam
3138 1357 3303 1423 Deus,
3327 1357 3420 1427 qui
3460 1357 3637 1412 Abra-

2049 1457 2132 1510 ha:
2155 1455 2428 1524 apparuit,
2462 1452 2781 1510 necessario
2811 1452 3076 1506 dicendus
3097 1460 3201 1505 est.

2119 1547 2243 1602 Non
2293 1547 2436 1600 hanc
2464 1555 2677 1598 tantum
2709 1543 2780 1598 ob
2829 1558 3083 1607 causam,
3125 1543 3370 1612 inquam,
3406 1541 3460 1598 id
3493 1539 3647 1610 quod

2051 1652 2136 1692 res
2159 1645 2262 1700 est,
2294 1633 2516 1690 omnino
2539 1633 2790 1688 conﬁteri
2820 1635 3109 1702 oportebat
3136 1632 3305 1688 alium
3324 1633 3639 1703 quemdam,

2050 1738 2251 1796 prater
2271 1742 2419 1790 eum,
2452 1743 2614 1796 quem
2647 1733 2952 1780 creatorem
2983 1725 3363 1778 universorum
3390 1725 3643 1793 agnosci—

349 1819 495 1886 ἁγίου
529 1819 871 1891 Πνεύματος
899 1839 912 1850 ·
949 1821 1010 1875 ού
1049 1823 1209 1893 μόνον
1255 1821 1310 1874 δὲ
1357 1821 1446 1876 διὰ
1497 1823 1772 1887 Μωσέως,
1821 1822 1940 1876 ἀλλά

2059 1833 2201 1881 mus,
2225 1833 2254 1870 a
2288 1817 2494 1887 Spiritu
2555 1827 2746 1870 sancto
2789 1814 3083 1868 Dominum
3135 1815 3422 1885 appellari.
3452 1814 3642 1883 Neque

350 1912 437 1962 καὶ
479 1910 571 1962 διὰ
632 1910 824 1965 Δαυξδ.
884 1912 997 1963 Καὶ
1047 1912 1158 1982 γὰρ
1207 1913 1300 1965 καὶ
1332 1912 1400 1965 δι’
1441 1913 1650 1965 ἐκείνου
1693 1914 1943 1984 εἴρηται·

353 2020 369 2051 ι
409 2001 569 2070 Λέγει
600 2004 632 2054 ὁ
665 2001 880 2073 Κύριος
913 2001 991 2073 τῷ
1023 2003 1213 2075 Κυρίῳ
1262 2021 1361 2075 μου
1383 2021 1394 2033 ·
1448 2004 1632 2059 Κάθου
1663 2008 1727 2058 ἐκ
1758 2003 1949 2069 δεξιῶν

352 2109 444 2161 μου
465 2132 482 2157 ,
527 2091 641 2156 ’ἐως
688 2091 760 2145 ἂν
795 2091 874 2144 θῶ
893 2093 1018 2156 τοὺς
1041 2092 1266 2164 ἐχθρούς
1290 2111 1382 2147 σου
1403 2095 1690 2149 ὑποπόδιον
1714 2097 1822 2149 τῶν
1854 2115 1950 2152 πο-

350 2187 451 2239 δῶν
464 2205 582 2250 σου,
609 2207 628 2238 ι
651 2187 730 2250 ὡς
772 2187 1104 2260 προείρηκα.
1131 2189 1239 2240 Καὶ
1265 2188 1428 2242 πάλιν
1451 2191 1509 2242 ἐν
1534 2190 1713 2255 ἄλλοις
1741 2191 1938 2260 λόγοιςσ

355 2297 372 2327 ι
395 2277 451 2331 Ὀ
468 2278 663 2349 θρόνος
682 2295 802 2342 σου,
818 2279 1016 2343 όΘεδς,
1049 2281 1128 2344 εἰς
1150 2280 1241 2333 τὸν
1262 2280 1434 2336 αἰῶνα
1470 2282 1563 2335 τοῦ
1587 2281 1800 2346 αἰῶνος.
1822 2280 1947 2336 Ῥά-

351 2372 466 2437 εδος
495 2371 802 2443 εὐθύτητος
827 2375 862 2443 ἡ
889 2372 1083 2444 ῥάϐδος
1116 2372 1216 2442 τῆς
1251 2373 1528 2445 βασιλείας
1564 2392 1656 2428 σου
1681 2393 1694 2406 θ
1725 2376 1945 2447 ἠγάπη-

353 2481 447 2527 σας
478 2463 844 2534 δικαιοσύνην
867 2505 882 2528 ,
920 2464 1014 2517 καὶ
1048 2465 1318 2536 ἐμίσησας
1355 2467 1583 2538 ἀνομίαν
1610 2485 1620 2495 ·
1653 2469 1741 2523 διὰ
1784 2468 1945 2522 τοῦτο

349 2555 526 2624 ἔχρισέ
575 2570 638 2606 σε
671 2555 702 2606 ὁ
729 2553 894 2619 Θεὸς,
931 2556 960 2607 ὁ
992 2553 1125 2620 Θεός
1174 2573 1266 2608 σου
1296 2596 1310 2621 ,
1349 2556 1527 2609 ἔλαιον
1570 2557 1943 2626 ἀγαλλιάσεως

349 2648 492 2719 παρᾶ
536 2648 668 2711 τοὺς
720 2648 990 2720 μετόχους
1027 2665 1140 2701 σου.
1182 2668 1200 2700 ι
1240 2650 1303 2702 Εἰ
1349 2646 1440 2702 οὖν
1488 2651 1583 2704 καὶ
1634 2650 1790 2705 ἄλλον
1821 2652 1942 2706 τινὰ

350 2737 616 2808 θεολογεῖν
649 2739 748 2792 καὶ
783 2738 1122 2811 κυριολογεῑν
1151 2739 1212 2793 τὸ
1245 2740 1469 2812 Πνεῦμα.
1511 2741 1570 2794 τὸ
1615 2741 1770 2811 ἆγιόν
1805 2759 1942 2811 φατε

349 2830 499 2900 ὑμεῖς
533 2831 690 2902 παρὰ
733 2830 827 2884 τὸν
855 2831 1077 2901 Πατέρα
1113 2831 1204 2884 τὸν
1236 2831 1372 2888 ὅλων
1400 2830 1509 2902 (65)
1545 2833 1639 2884 καὶ
1676 2831 1766 2884 τὸν
1807 2832 1942 2903 Χρι-

351 2923 468 2974 στὸν
501 2922 673 2976 αὐτοῦ
699 2963 715 2986 ,
753 2922 1126 2994 ἀποκρίνασθέ
1163 2940 1281 2994 μοι,
1321 2923 1456 2994 ἐμοῦ
1493 2923 1768 2998 ᾀποδεῖξαι
1813 2925 1940 2994 ὑμῖν

347 3014 783 3085 ὑπισχνουμένου
818 3014 914 3067 ἀπ’
948 3013 1129 3068 αὐτῶν
1171 3014 1278 3068 τῶν
1324 3016 1577 3087 Γραφῶν,
1611 3017 1692 3069 ὅτι
1725 3018 1822 3088 οὐχ
1860 3011 1939 3082 εἷς

344 3105 447 3156 τῶν
479 3105 575 3157 δύο
607 3105 864 3173 ἀγγέλων
905 3105 1014 3159 τῶν
1041 3105 1410 3160 κατελθόντων
1445 3110 1524 3171 εἰς
1557 3109 1766 3179 Σόδομὰ
1793 3113 1937 3163 ἐστιν

2051 1910 2108 1965 id
2136 1909 2308 1964 solum
2341 1924 2439 1978 per
2467 1907 2728 1978 Moysen],
2748 1907 2842 1962 sed
2875 1907 3039 1962 etiam
3072 1921 3168 1974 per
3193 1907 3470 1961 Davidem.
3502 1903 3638 1960 Nam

2049 2012 2104 2059 et
2127 2017 2223 2072 per
2253 2017 2376 2057 eum
2418 2002 2622 2055 dictum
2676 2010 2759 2054 est
2794 2017 2807 2053 :
2843 2017 2861 2050 ι
2903 1997 3048 2052 Dixit
3096 1998 3360 2053 Dominus
3407 1998 3642 2052 Domino

2051 2109 2172 2149 meo
2200 2111 2214 2146 :
2244 2092 2384 2148 Sede
2409 2107 2439 2146 a
2480 2091 2694 2147 dextris
2725 2091 2883 2156 meis,
2909 2089 3086 2144 donec
3129 2105 3329 2159 ponam
3383 2090 3640 2145 inimicos

2051 2197 2173 2242 tuos
2221 2185 2522 2241 scabellum
2569 2185 2766 2255 pedum
2812 2193 3035 2238 tuorum
3067 2183 3138 2248 ⁸⁵,
3173 2202 3192 2236 ι
3230 2193 3290 2238 ιιι
3335 2182 3449 2251 jam
3499 2183 3639 2237 reci-

2050 2278 2156 2332 tavi
2191 2277 2258 2332 ⁶⁰.
2293 2277 2361 2331 Et
2409 2292 2601 2330 rursus
2655 2275 2765 2329 alio
2796 2275 2850 2329 in
2899 2274 3066 2329 loco:
3117 2293 3135 2328 ι
3178 2273 3433 2330 Thronus
3493 2283 3636 2340 tuus,

2049 2371 2212 2436 Deus,
2245 2371 2298 2425 in
2329 2369 2593 2424 saaculum
2649 2366 2859 2423 saeculi.
2916 2367 3080 2436 Virga
3119 2365 3440 2422 directiouis
3485 2367 3642 2435 virga

2048 2464 2197 2534 regni
2235 2464 2336 2517 tui.
2370 2461 2622 2517 Dilexisti
2649 2462 2923 2533 justitiam
2959 2471 3013 2516 et
3055 2460 3220 2515 odisti
3256 2458 3636 2528 iniquitatem;

2045 2569 2332 2630 propterea
2368 2559 2526 2614 unxit
2558 2569 2610 2614 te
2663 2559 2821 2618 Deus,
2856 2557 2995 2612 Deus
3021 2567 3145 2612 tuus
3172 2554 3291 2611 oleo
3315 2553 3646 2611 exsultatio-

2043 2654 2129 2707 nis
2171 2669 2281 2724 prie
2309 2654 2657 2708 consortibus
2698 2653 2804 2706 tuis
2850 2652 2918 2708 ⁶¹.
2954 2671 2974 2704 ι
3016 2649 3212 2705 Utrum
3262 2650 3427 2721 igitur
3471 2649 3646 2702 alium-

2044 2747 2334 2816 quemdam
2361 2761 2397 2799 ra
2423 2746 2632 2814 Spiritu
2667 2752 2880 2808 sancto,
2911 2754 3111 2820 praeter
3165 2744 3481 2798 Creatorem
3515 2743 3641 2796 uni-

2043 2853 2329 2892 versorum
2358 2847 2413 2892 et
2442 2838 2722 2892 Christum
2758 2839 2900 2907 ejus,
2939 2837 3106 2890 Deunt
3140 2845 3195 2889 et
3221 2834 3508 2890 Dominum
3537 2850 3635 2888 vo-

2043 2928 2153 2983 cari
2183 2929 2400 2992 dicatis,
2425 2928 2747 2997 respondete
2768 2928 2897 2981 mihi
2921 2944 2935 2990 ;
2963 2941 3087 2980 nam
3119 2925 3276 2979 vobis
3309 2920 3514 2994 recipio
3541 2926 3638 2979 de-

2042 3029 2478 3074 monstraturum
2529 3035 2614 3072 tue
2637 3035 2706 3074 ex
2737 3019 2868 3088 ipsis
2907 3016 3212 3087 Scripturis
3245 3032 3354 3070 non
3400 3015 3648 3080 alterum

2044 3111 2275 3166 duorum
2303 3110 2645 3177 angelorum,
2686 3111 2778 3180 qui
2824 3109 3060 3164 Sodoma
3106 3108 3386 3178 petebant,
3417 3122 3448 3161 a
3478 3108 3634 3162 Seri-

343 3197 399 3248 ὃν
426 3198 530 3268 ἔφη
559 3199 596 3269 ἡ
631 3197 830 3268 Γραςρὴ
858 3198 1088 3270 Κύριον,
1126 3199 1242 3252 ἀλλ’
1266 3203 1473 3254 ἐκεῖνον
1503 3201 1594 3254 τὸν
1633 3203 1728 3254 σὺν
1757 3202 1939 3266 αὐτοῖς

2052 3214 2203 3274 ptura
2247 3172 2532 3258 Dominum
2565 3172 2846 3273 appellari,
2892 3201 2986 3255 sed
3033 3172 3156 3255 enin
3203 3200 3298 3268 qui
3347 3214 3472 3266 euut
3518 3199 3638 3255 illis

345 3293 434 3344 καὶ
466 3293 600 3344 Θεὸν
639 3292 940 3362 λεγόμενον
972 3290 1205 3360 ὀφθέντα
1236 3293 1314 3364 τῷ
1356 3290 1626 3364 Ἀϐραάμ.

411 3384 519 3437 Καὶ
551 3384 874 3454 ὁΤρύιρων·
926 3384 1304 3438 Ἀποδείκνυε·
1343 3385 1437 3438 καὶ
1484 3385 1614 3458 γὰρ,
1662 3385 1738 3450 ὡς
1782 3387 1936 3458 ὁρᾷς,

341 3477 375 3547 ἦ
407 3486 462 3529 τε
495 3475 689 3549 ἡμέρα
736 3479 1062 3550 προκόπτει,
1099 3479 1196 3532 καὶ
1243 3479 1406 3548 ἡμεῖς
1453 3479 1589 3550 πρὸς
1623 3477 1720 3542 τὰς
1765 3477 1940 3542 οὕτως

343 3568 717 3632 ἐπικινδύνους
763 3571 1092 3641 ἀποκρίσεις
1135 3569 1235 3622 οὔκ
1270 3572 1438 3640 ἐσμεν
1471 3570 1710 3640 ἕτοιμοι·
1751 3571 1938 3643 ἐπειδὴ

340 3661 548 3725 οὐδενὸς
592 3661 861 3715 οὐδέποτε
923 3661 1094 3715 ταῦτα
1140 3660 1487 3733 ὲρευνῶντος,
1536 3661 1568 3732 ἢ
1618 3660 1939 3734 ζητοῦντος,

343 3751 376 3821 ἢ
406 3751 828 3816 ἀποδεικνύντος
861 3753 1183 3824 ἀκηκόαμεν
1233 3752 1341 3825 (64)
1364 3771 1376 3783 ·
1417 3754 1509 3807 καὶ
1543 3752 1637 3806 σοῦ
1686 3754 1938 3823 λέγοντος

406 3915 453 3946 ⁸³
489 3914 634 3970 Gen.
672 3915 912 3980 x1x,23.
989 3917 1035 3949 ”
1072 3915 1213 3971 Psal.
1245 3917 1435 3982 etx,1.

407 4051 517 4120 (ιιι)
547 4049 846 4119 Ἀγγέλων
861 4050 1294 4114 κατελθόντων,
1316 4060 1425 4104 etc.
1445 4050 1587 4104 Nihil
1617 4051 1934 4106 mutandum

342 4121 392 4175 in
428 4123 512 4175 his
537 4121 724 4176 verbis
751 4122 916 4173 unius
939 4135 1004 4174 ex
1045 4120 1355 4190 Tryphonis
1399 4122 1709 4182 comitibus,
1741 4137 1935 4190 quam-

343 4196 418 4245 vis
441 4193 609 4245 varia:
639 4192 959 4246 exstiterint
982 4192 1034 4244 in
1074 4191 1176 4244 hoc
1228 4193 1345 4244 loco
1403 4193 1741 4244 immntando
1797 4207 1932 4245 coa-

336 4264 581 4331 jeeturae.
617 4262 691 4317 Ut
732 4261 1024 4315 sententia:
1048 4262 1219 4314 series
1245 4264 1625 4331 perspiciatur,
1655 4263 1762 4315 duo
1811 4261 1932 4314 ani-

339 4333 729 4387 madvertenda
784 4341 931 4386 sunt.
963 4333 1019 4384 ‘l°
1043 4331 1267 4386 Fatetur
1290 4330 1608 4401 Tryphonis
1637 4346 1848 4395 comes,
1875 4331 1927 4385 id

337 4405 475 4471 quod
510 4402 770 4456 Justinus
841 4411 1124 4471 tantopere
1186 4403 1574 4462 contendebat,
1637 4402 1774 4456 duas
1807 4417 1929 4455 esse

337 4488 624 4540 personas,
657 4474 861 4542 quibus
885 4488 1082 4525 nomen
1112 4471 1320 4524 Domini
1351 4473 1587 4525 dandum
1623 4474 1712 4525 sit.
1739 4473 1797 4524 2°
1827 4473 1931 4524 Sed

339 4552 502 4596 totam
541 4558 661 4597 rem
685 4544 768 4596 sic
795 4543 1212 4611 interpretatur,
1250 4543 1406 4609 quasi
1462 4543 1803 4612 angelorum,
1837 4543 1929 4610 qui

337 4613 572 4667 Sodoma
607 4613 914 4682 petierunt,
935 4614 1076 4666 alter
1105 4613 1408 4682 appelletur
1447 4613 1712 4666 Dominus
1739 4623 1936 4680 praeter

339 4685 510 4752 ipsum
535 4683 783 4738 Abrahze
813 4693 1170 4752 conspectum
1215 4685 1404 4737 Deum.
1457 4682 1572 4737 Duo
1599 4684 1810 4750 pariter
1840 4684 1936 4737 oh-

337 4758 605 4806 servanda
646 4752 913 4806 inJustini
945 4754 1327 4821 responsione;
1361 4754 1623 4807 lattdatet
1646 4752 1938 4805 conﬁrmat

339 4824 409 4888 id,
446 4827 599 4893 quod
636 4823 954 4894 Tryphonis
1010 4825 1194 4894 socius
1252 4827 1556 4878 concedere
1617 4822 1932 4889 videbatur,

339 4894 502 4947 alium
547 4893 727 4958 esse,’
761 4905 959 4962 praeter
999 4893 1323 4948 Creatorem
1374 4895 1760 4948 universorum
1790 4933 1804 4954 ,
1833 4894 1930 4960 qui

341 4965 604 5018 Detninus
644 4981 674 5016 ιι
707 4963 994 5032 Scriptura
1022 4965 1268 5031 dicatur;
1305 4964 1503 5019 deinde
1557 4963 1828 5032 promittit
1873 4978 1935 5016 se

337 5035 870 5096 demonstraturum,
933 5051 1041 5089 nou
1078 5035 1306 5088 alterum
1344 5051 1411 5089 ex
1439 5035 1647 5088 duobus
1703 5032 1934 5102 angelis,

334 5106 420 5172 qui
454 5106 700 5158 Sodoma
759 5106 1065 5173 petierunt,
1102 5120 1133 5157 a
1165 5103 1452 5174 Scriptura
1502 5105 1792 5174 Dominum
1848 5117 1938 5159 v0-

337 5177 471 5243 cari,
495 5177 596 5228 sed
632 5191 759 5228 eum
789 5176 880 5244 qui
914 5190 1037 5228 cum
1066 5175 1173 5230 illis
1189 5173 1333 5239 erat,
1356 5176 1556 5244 quique
1587 5173 1730 5228 Deus
1769 5175 1940 5226 Abra-

335 5245 415 5298 hae
445 5249 599 5298 visus
626 5243 852 5301 dicitur.
886 5245 1113 5300 Summa
1146 5261 1280 5314 ergo
1320 5247 1467 5301 inter
1496 5243 1696 5299 Justini
1729 5253 1784 5297 et
1816 5244 1938 5314 ejus

334 5319 561 5369 adversa
573 5318 779 5367 riorum
808 5318 951 5370 dieta
978 5319 1290 5372 consensio.

407 5387 522 5455 (62)
584 5385 692 5438 Καὶ
727 5387 949 5453 Κύριον
1007 5386 1136 5440 ἕνα.
1207 5387 1433 5442 Frustra
1493 5385 1934 5456 conjunctionem

335 5469 652 5527 espungunt
693 5457 1042 5525 interpretes.
1088 5457 1375 5527 Signiﬁcat
1398 5460 1541 5512 enim
1567 5460 1805 5521 eutn,de
1829 5470 1937 5523 quo

338 5526 424 5579 hic
449 5539 659 5591 agitur,
685 5543 792 5580 non
823 5527 998 5581 solum
1026 5526 1301 5596 angelum,
1332 5531 1424 5582 sed
1449 5529 1611 5581 etiam
1644 5527 1934 5596 Dominum

337 5609 461 5667 voca
471 5599 538 5651 ri.
561 5596 871 5667 Legendum
893 5595 1400 5667 putatb‘ylburgius,
1415 5599 1610 5667 Τρίτον
1627 5595 1721 5650 καὶ
1735 5595 1936 5667 Κύριον

341 5662 595 5738 {Epopeus
629 5662 782 5738 τὶαρὰ
812 5662 906 5720 τὸν
937 5667 1035 5720 ἕνα
1055 5708 1070 5732 ,
1102 5662 1290 5722 τοῦτον
1323 5671 1416 5722 καὶ
1446 5662 1579 5722 Θεὸν
1611 5667 1798 5738 αὐτόν,
1825 5662 1934 5738 etc.

349 5733 461 5810 _Vel’
485 5739 595 5810 hoc
650 5733 815 5810 modo
863 5757 877 5792 :
915 5739 1030 5810 Kal.
1061 5738 1264 5810 Κύριον
1314 5738 1565 5810 ὠνόμασε
1590 5779 1606 5803 ,
1664 5734 1936 5810 παρὰ-τὸν

344 5804 467 5875 ἱνα,
504 5809 602 5862 καὶ
630 5809 783 5878 Θεὸν,
818 5810 914 5865 τὸν
955 5808 1118 5864 αὐτὸν
1147 5804 1238 5864 τὸν
1271 5804 1521 5880 ὀφθέντα,
1546 5819 1650 5866 etc.
1680 5804 1790 5864 Sed
1822 5807 1934 5862 haec

2035 4262 2177 4318 Iren.
2207 4262 2347 4331 pag.
2386 4262 2512 4326 208,
2539 4262 2648 4314 τῶν
2669 4262 2828 4315 ὅλων.
2889 4262 2998 4316 Sed
3035 4262 3293 4314 observat
3347 4262 3624 4314 Tbirlbius

2034 4332 2138 4402 legi
2161 4333 2255 4387 τὸν
2285 4333 2423 4386 ὅλων
2459 4332 2599 4386 infra
2627 4350 2680 4387 ιι.
2712 4333 2803 4397 61,
2832 4342 2886 4386 et
2915 4331 3158 4402 Aponi.
3194 4348 3248 4384 ιι.
3288 4331 3376 4384 15.
3408 4330 3634 4384 Fatetur

2033 4401 2220 4457 tamen
2251 4405 2395 4457 hanc
2417 4404 2882 4457 constructionem
2915 4402 2969 4454 in
3004 4401 3128 4454 aliis
3152 4402 3374 4454 casibus
3403 4417 3511 4454 non
3540 4418 3622 4455 re-

2039 3305 2183 3357 erat,
2207 3295 2408 3364 quique
2435 3293 2574 3347 Deus
2600 3293 2834 3348 Abrahae
2861 3293 3010 3346 visus
3039 3291 3264 3345 dicitur.

2117 3386 2274 3458 153
2311 3386 2447 3441 Tum
2473 3386 2692 3456 Trypho
2725 3403 2738 3440 :
2777 3388 3116 3446 Demonstra,
3161 3382 3527 3458 inquinatam
3561 3391 3620 3436 ut

2039 3479 2220 3545 vides,
2256 3480 2374 3533 dies
2405 3480 2676 3548 procedit,
2727 3493 2826 3532 nec
2866 3475 2933 3530 ad
2966 3474 3352 3545 responsiones
3385 3475 3466 3546 ita,
3487 3475 3647 3544 peri-

2041 3571 2254 3628 culosas
2285 3573 2462 3643 parati
2493 3587 2682 3626 sumus
2707 3587 2723 3624 ι
2761 3579 3049 3642 propterea
3067 3570 3209 3640 quod
3229 3572 3505 3625 neminem
3534 3567 3649 3624 ut.-.

2040 3679 2202 3732 quam
2237 3664 2340 3719 ista
2374 3663 2823 3741 investigantem,
2871 3671 2966 3716 aut
3011 3671 3371 3730 quaerentem,
3409 3667 3500 3714 aut
3535 3659 3636 3714 de-

2037 3765 2431 3812 monstrantem
2477 3756 2819 3821 audivimus;
2858 3767 3036 3823 neque
3083 3762 3134 3808 te
3160 3754 3523 3826 disserentem
3553 3761 3645 3806 tu-

1526 3917 1571 3948 “
1601 3930 1658 3969 ιι.
1691 3915 1785 3973 35.
1860 3916 1904 3951 “
1935 3914 2079 3971 Psal.
2116 3933 2260 3986 xuv,
2287 3918 2341 3985 7,
2374 3917 2429 3975 8.

2040 4066 2070 4106 ιι
2108 4051 2376 4121 sententia
2411 4051 2572 4121 hujus
2607 4051 2709 4106 loci
2735 4051 2895 4121 longe
2924 4050 3205 4105 aberrant.

2137 4120 2250 4192 62')
2278 4120 2684 4192 Omisiterrore
2707 4120 2979 4192 Maranus.
3008 4121 3188 4192 Οττο.

2133 4188 2797 4263 65)’Τὸνί11ατέραίτὸν
2843 4191 3022 4263 ὅλων.
3072 4191 3232 4263 Legit
3282 4188 3638 4263 Grabiusao

2223 4279 2347 4331 pag.
2386 4262 2512 4326 208,
2539 4262 2648 4314 τῶν
2669 4261 2828 4315 ὅλων.
2889 4261 2998 4316 Sed
3035 4261 3293 4314 observat
3347 4259 3624 4331 Tbirlbius

2037 4475 2202 4541 periri
2228 4476 2370 4542 apud
2417 4473 2714 4537 Justinum,
2759 4488 2823 4526 ac
2864 4474 2987 4526 inde
3016 4469 3205 4526 Grahii
3255 4470 3625 4537 conjecturam

2039 4545 2380 4598 conﬁrmari.

2111 4615 2225 4685 (64)
2261 4613 2521 4680 οὐδενὸς
2533 4611 2894 4685 οὐδέποτε...
2916 4613 3278 4685 ἀκηκόαμεν.
3297 4610 3628 4685 RecensSO-

2038 4681 2310 4746 ciuianus,
2336 4685 2429 4755 qui
2475 4687 2578 4738 sibi
2619 4684 2920 4737 Artemonii
2964 4698 3156 4737 nomen
3194 4681 3481 4755 imposuit,
3507 4682 3627 4755 haec

2040 4749 2806 4826 'l‘ryphonis'verliaarripuit
2837 4757 2997 4826 (part.
3033 4769 3092 4816 ιι,
3129 4769 3179 4807 c.
3212 4751 3337 4826 18)._
3359 4761 3415 4805 ut
3454 4749 3626 4826 Justi-

2041 4821 2168 4879 nuiti
2197 4826 2392 4893 probet
2431 4841 2462 4879 e
2499 4825 2743 4878 Platonis
2787 4823 2973 4878 schola
3005 4838 3199 4877 novatn
3245 4821 3624 4893 c't'inauditatn

2038 4889 2350 4966 opinionem
2389 4896 2441 4966 in
2474 4895 2775 4949 Ecclesiam
2805 4893 3110 4966 induxisse.
3144 4892 3456 4966 Quinetiam
3476 4889 3620 4959 quod

2039 4961 2118 5020 ait
2163 4981 2325 5034 supra
2380 4965 2628 5034 Justinus
2677 4968 2755 5034 (ιι.
2801 4962 2892 5031 55)
2945 4963 3250 5034 testimonia
3300 4961 3620 5034 Scripturae,

2037 5051 2159 5106 quae
2187 5031 2426 5104 objicere
2460 5033 2656 5090 ludatis
2687 5031 2981 5106 statuerat,
3016 5032 3496 5106 nova_illis_visi_tm
3533 5031 3622 5095 iri,

2039 5097 2168 5161 inde
2202 5097 2407 5178 colligit
2423 5104 2773 5178 Artemonius
2794 5097 3064 5158 Justinunt
3081 5104 3182 5178 sibi
3201 5101 3461 5178 novitatis
3477 5114 3622 5178 con-

2039 5179 2210 5232 scium
2251 5171 2442 5231 t'uisse.
2483 5176 2709 5243 lmpiam
2762 5178 2900 5228 hanc
2942 5174 3311 5226 temeritatem
3360 5171 3616 5243 refellunt

2039 5262 2147 5306 non
2177 5248 2353 5301 solum
2379 5242 2674 5314 scriptores
2709 5244 2924 5299 Justino
2965 5243 3329 5310 antiquiores,
3364 5243 3458 5294 sed
3505 5242 3624 5308 ipse

2038 5319 2205 5374 etiam
2235 5313 2504 5380 Justinus,
2537 5319 2626 5384 qui
2656 5317 2922 5373 declarat,
2966 5329 3017 5363 ιι.
3045 5313 3136 5378 48,
3166 5315 3458 5384 maximam
3491 5326 3631 5384 par-I

2040 5399 2149 5443 tem
2189 5381 2651 5450 Christianorum,
2677 5388 2726 5439 id
2755 5391 2839 5440 est
2877 5383 3178 5436 catholicos
3207 5381 3399 5436 omnes
3425 5393 3478 5434 et
3507 5382 3619 5448 plu-

2039 5460 2209 5514 rimas
2234 5469 2416 5513 sectas
2459 5459 2525 5511 de
2548 5457 2752 5512 Christi
2788 5454 3078 5507 divinitate
3107 5454 3441 5507 consentite.
3477 5453 3621 5516 Quo-

2039 5530 2200 5583 modo
2225 5544 2354 5599 ergo
2407 5536 2577 5581 totum
2617 5528 2829 5599 orbem
2864 5534 3133 5599 terrarum
3186 5522 3436 5599 Justinus
3475 5522 3620 5572 intra

2038 5614 2243 5669 paucos
2276 5593 2449 5652 minus
2494 5612 2633 5653 nova
2660 5593 3204 5669 dOetrina‘imbu‘ere‘
3240 5593 3526 5669 potuisset,
3559 5608 3622 5642 ac

2039 5661 2351 5726 iraditionis
2384 5670 2702 5737 apostolica
2736 5665 2968 5737 vestigia
2997 5664 3052 5720 in
3087 5664 3344 5719 Ecclus-tis
3376 5661 3508 5718 etin
3543 5671 3620 5713 ιυι

2040 5741 2207 5799 sectis
2235 5739 2454 5797 delere?
