3962 6262
357 372 464 427 605

1290 375 1348 432 S.
1388 376 1654 435 JUSTINI
1689 380 2100 443 PHILOSOPHI
2135 386 2225 444 ET
2262 389 2618 449 MARTYRIS

3520 400 3626 454 654

358 490 635 554 lissemus,
671 491 772 544 nisi
797 491 864 545 ad
894 490 1212 562 Scripturas
1248 497 1433 550 omnia
1464 499 1736 562 referres;
1771 518 1835 555 ex
1867 501 1934 556 iis

2050 504 2136 559 ›ύκ
2169 509 2522 579 ἠνειχόμεθα,
2559 513 2606 563 εί
2645 511 2719 584 μὴ
2769 512 2947 565 πάντα
2981 513 3076 567 ἐπὶ
3110 514 3204 579 τὰς
3237 516 3460 587 Γραφάς
3492 517 3627 585 ἀνῆ-

357 581 503 634 enim
528 581 934 638 demonstrandi
969 585 1234 639 rationem
1280 588 1553 644 deducere
1593 593 1803 661 studes,
1838 609 1939 648 nec

360 673 551 738 alium,
595 689 761 744 supra
825 675 1206 732 universorum
1264 679 1466 747 Deum,
1513 697 1633 738 esse
1694 701 1939 754 pronun-

362 766 489 819 tias.

431 856 569 912 Tum
600 874 700 929 ego
735 879 748 914 :
781 859 947 916 Scitis
967 863 1149 931 igitur,
1195 863 1438 932 inquam,
1469 864 1810 937 Scripturam
1859 869 1942 924 di-

359 969 525 1009 cere:
563 972 582 1004 ι
624 955 1120 1011 EtdixitDominus
1150 958 1215 1011 ad
1253 961 1529 1014 Abraham
1559 979 1571 1015 :
1602 963 1763 1029 Quid,
1793 966 1939 1034 quod

361 1045 482 1100 risit
513 1046 678 1110 Sara,
731 1047 924 1104 dicens
960 1063 974 1102 :
1010 1049 1147 1104 Num
1177 1053 1364 1120 utique
1388 1067 1515 1109 vere
1545 1056 1795 1124 pariam?
1825 1056 1940 1126 Ego

359 1149 542 1193 autem
576 1140 752 1194 senui.
788 1138 1042 1209 Nunquid
1080 1143 1220 1212 apud
1270 1145 1437 1198 Deum
1501 1147 1833 1214 impossibile
1859 1162 1942 1205 est

360 1230 631 1283 verbum?
673 1230 728 1283 ln
772 1238 1016 1299 tempore
1042 1233 1142 1286 hoc
1187 1245 1434 1289 revertar
1464 1237 1529 1291 ad
1562 1247 1613 1291 te
1646 1238 1698 1290 in
1728 1239 1890 1294 horas
1921 1257 1938 1294 :

360 1331 417 1376 et
453 1323 559 1376 erit
613 1321 761 1375 Sarae
796 1323 936 1377 filius
960 1324 1026 1376 ⁸³.
1055 1343 1073 1375 ι
1099 1323 1164 1377 Ει
1193 1327 1354 1393 paulo
1377 1337 1498 1395 post
1529 1346 1541 1381 :
1570 1328 1940 1400 Exsurgentes

361 1422 540 1466 autem
570 1413 697 1467 inde
730 1414 830 1466 viri
858 1426 1264 1483 conspexerunt
1286 1416 1339 1469 in
1362 1419 1557 1472 faciem
1580 1420 1940 1477 Sodomorum

361 1514 418 1557 et
443 1504 763 1561 Gomorrhre
800 1507 1115 1561 :Abraham
1184 1520 1364 1564 autem
1417 1513 1577 1566 simul
1625 1515 1940 1572 ambulabat

361 1612 485 1650 cum
517 1597 596 1650 eis
624 1599 894 1650 comitans
936 1613 1053 1653 eos.
1089 1601 1352 1656 Dominus
1391 1615 1572 1657 autem
1599 1605 1736 1659 dixit
1776 1625 1788 1660 :
1824 1606 1938 1662 Non

362 1688 690 1742 abscondam
723 1704 822 1758 ego
851 1688 918 1742 ab
949 1690 1242 1755 Abraham,
1289 1708 1460 1762 puero
1513 1711 1656 1760 meo,
1691 1703 1810 1765 qua:
1839 1715 1942 1767 ego

363 1778 503 1832 facio
527 1779 592 1830 ⁸³.
641 1799 659 1830 ι
699 1777 762 1831 Ει
805 1795 1021 1834 rursum
1087 1793 1208 1850 post
1259 1800 1428 1853 pauca
1477 1787 1554 1840 sic
1591 1789 1706 1841 ait:
1743 1807 1761 1839 ι
1798 1790 1943 1845 Dixit

361 1871 625 1926 Dominus
657 1871 912 1926 :Clamor
951 1873 1313 1930 Sodomorum
1362 1887 1416 1931 et
1457 1878 1775 1935 Gomorrhae
1802 1885 1940 1936 mul-
1976 1861 2014 1914 Β

364 1962 655 2032 tiplicatus,
683 1975 737 2019 et
769 1977 992 2034 peccata
1024 1983 1214 2021 eorum
1249 1985 1442 2039 magna
1488 1972 1666 2027 valde.
1707 1976 1942 2028 Descen-

361 2057 501 2111 dens
533 2074 662 2128 ergo
693 2059 910 2122 videbo,
943 2060 987 2112 si
1037 2062 1333 2116 secundum
1375 2063 1668 2118 clamorem
1700 2066 1939 2134 ipsorum

362 2150 671 2203 venientem
704 2153 768 2204 ad
817 2167 904 2207 me
947 2164 1430 2219 consummantur;
1479 2157 1559 2209 sin
1594 2167 1776 2211 autem
1811 2177 1941 2226 non,

364 2251 416 2294 ut
454 2246 646 2297 sciam.
678 2245 743 2297 Et
775 2247 1092 2300 recedentes
1133 2247 1259 2300 inde
1283 2247 1385 2299 viri
1421 2259 1688 2303 venerunt
1736 2251 1789 2303 in
1844 2250 1944 2305 So-

363 2337 547 2390 doma.
577 2338 853 2392 Abraham
875 2349 1056 2392 autem
1093 2349 1212 2394 erat
1243 2349 1395 2393 stans
1420 2340 1472 2393 in
1510 2353 1808 2411 conspectu
1842 2347 1944 2400 Do-

367 2428 526 2491 mini,
580 2437 636 2480 et
681 2428 1128 2498 appropinquans
1176 2429 1450 2482 Abraham
1478 2432 1654 2488 dixit:
1688 2434 1940 2505 Nunquid

366 2518 528 2571 simul
561 2522 759 2588 perdes
807 2521 1015 2588 justum
1068 2537 1190 2574 Clltll
1230 2521 1394 2591 impio
1421 2522 1508 2576 ⁸⁵⁸2
1551 2544 1570 2576 ›
1605 2535 1659 2579 et
1703 2543 1823 2596 qua:
1859 2546 1945 2584 se-

366 2619 644 2677 quuntur;
695 2627 801 2666 non
853 2613 1000 2665 enim
1032 2613 1220 2666 eadem
1275 2629 1468 2667 rursus
1511 2615 1767 2672 videntur
1804 2623 1944 2676 scri-

367 2703 564 2765 benda,
603 2718 724 2756 cum
763 2705 946 2757 omnia
987 2706 1136 2774 prius
1190 2707 1548 2774 scripserim;
1603 2712 1698 2765 sed
1749 2728 1839 2779 ea,
1874 2731 1941 2770 ex

367 2793 566 2862 quibus
627 2794 1151 2849 demonstrationem
1197 2797 1476 2866 Tryphoni
1533 2809 1587 2853 et
1629 2804 1794 2858 sociis
1828 2804 1945 2873 ejus

369 2884 607 2950 confeci,
642 2902 867 2941 necesse
923 2897 1006 2942 est
1053 2888 1257 2942 dicere.
1293 2888 1428 2942 Tum
1458 2906 1588 2962 ergo
1624 2896 1744 2947 veni
1777 2897 1843 2949 ad
1881 2913 1943 2952 ea

371 2993 492 3044 qua:
521 2988 863 3045 sequuntur:
895 2995 914 3029 ι
952 2977 1101 3032 Abiit
1131 2989 1312 3033 autem
1350 2979 1632 3048 Dominus,
1657 2995 1943 3055 postquam

367 3070 600 3124 cessavit
632 3071 856 3140 loquens
895 3071 961 3125 ad
1007 3072 1306 3126 Abraham.
1339 3072 1402 3126 Et
1429 3073 1546 3143 ipse
1577 3090 1826 3134 reversus
1861 3092 1944 3136 est

378 3162 430 3215 in
465 3163 643 3217 locum
688 3179 867 3218 suum.
909 3162 1186 3218 Venerunt
1212 3174 1394 3219 autem
1422 3169 1600 3237 angeli
1627 3169 1733 3223 duo
1757 3173 1809 3225 in
1842 3172 1944 3226 So-

370 3257 529 3309 doma
557 3256 796 3324 vesperi,
835 3255 936 3311 Lot
982 3267 1160 3310 autem
1195 3255 1418 3309 sedebat
1462 3260 1528 3311 ad
1583 3273 1800 3328 portam
1839 3266 1942 3320 So-

368 3347 654 3402 domorum
684 3347 752 3414 “,
781 3369 798 3401 ι
833 3359 886 3403 et
922 3364 1040 3418 qua:
1063 3360 1389 3419 sequuntur,
1438 3366 1608 3419 usque
1634 3355 1701 3408 ad
1731 3372 1745 3409 :
1780 3371 1800 3406 ε
1835 3358 1946 3413 Ex-

374 3441 656 3495 tendentes
702 3452 880 3496 autem
917 3443 1022 3497 viri
1079 3461 1274 3498 manus
1325 3455 1679 3502 attraxerunt
1726 3449 1828 3505 Lot
1879 3453 1945 3505 ad

371 3532 581 3600 seipsos
611 3534 664 3584 in
694 3533 950 3587 domum:
975 3537 1246 3592 etostium
1270 3539 1465 3592 domus
1489 3540 1806 3597 clauserunt
1830 3544 1875 3575 ⁸⁸
1895 3559 1940 3595 ς»

372 3635 426 3676 ct
457 3625 739 3694 sequentia
781 3641 952 3693 usque
977 3628 1044 3680 ad
1077 3646 1089 3680 :
1131 3645 1150 3677 ι
1181 3627 1247 3681 Ει
1281 3639 1572 3688 tenuerunt
1616 3635 1792 3704 angeli
1828 3651 1946 3688 ma-

373 3730 500 3766 nnm
529 3714 668 3781 ejus,
705 3728 758 3769 et
789 3733 1008 3770 manum
1038 3721 1225 3774 uxoris
1255 3723 1392 3792 ejus,
1424 3735 1479 3778 et
1499 3738 1690 3777 manus
1709 3726 1946 3780 ﬁliarum

373 3803 512 3870 ejus,
551 3807 708 3872 ineo,
734 3810 876 3876 quod
917 3821 1165 3876 parceret
1227 3812 1488 3869 Dominus
1537 3815 1608 3870 ei.
1646 3817 1712 3869 Et
1745 3817 1945 3871 factum

374 3908 457 3949 est
485 3912 630 3960 mox,
660 3899 1041 3954 uteduxerunt
1067 3919 1161 3957 eos
1180 3903 1343 3971 foras,
1376 3908 1733 3963 utdicerent:
1763 3907 1946 3975 Salva,

375 3988 527 4042 salva
565 3991 800 4043 animam
837 4002 1022 4061 tuam;
1058 4013 1124 4052 ne
1151 4000 1458 4069 respexeris
1501 4009 1820 4067 retrorsum,
1851 4017 1950 4057 nec

375 4086 594 4136 steteris
647 4083 698 4136 in
733 4087 877 4138 omni
911 4087 1056 4141 circa
1085 4091 1338 4160 regione;
1378 4092 1429 4144 in
1470 4101 1704 4145 montem
1737 4093 1947 4146 salvum

377 4183 431 4226 te
453 4171 570 4238 fac,
599 4192 665 4230 ne
692 4176 830 4231 forte
860 4180 1018 4233 simul
1048 4185 1545 4251 comprehendaris.
1582 4185 1726 4239 Dixit
1771 4196 1950 4240 antem

376 4264 478 4319 Lot
511 4269 577 4320 ad
614 4267 772 4322 illos:
807 4269 936 4337 Oro,
985 4273 1228 4337 Domine,
1253 4275 1380 4343 quia
1437 4277 1634 4330 invenit
1670 4291 1804 4345 puer
1830 4287 1951 4330 tuus

379 4359 810 4415 misericordiam
861 4373 985 4418 ante
1043 4376 1114 4432 te,
1164 4377 1219 4420 et
1267 4367 1632 4437 magnificasti
1677 4369 1948 4437 justitiam

381 4467 547 4523 tuam,
574 4459 716 4526 quod
743 4459 876 4515 facis
905 4463 957 4514 in
1000 4476 1104 4523 me,
1149 4473 1210 4516 ut
1255 4465 1400 4517 vivat
1437 4465 1620 4519 anima
1666 4482 1816 4532 mea,
1851 4482 1950 4537 ego

2041 615 2170 666 γες·
2209 599 2268 666 ἐξ
2301 601 2478 654 αὐτῶν
2523 603 2630 674 γὰρ
2663 603 2760 667 τὰς
2793 605 3096 670 ἀποδείξεις
3143 607 3412 661 ποιεῖσθαι
3449 625 3625 661 σπου-

2040 691 2241 758 δάζεις,
2292 694 2385 747 καὶ
2435 695 2640 766 μηδένα
2686 696 2827 768 ὑπὲρ
2883 699 2974 751 τὸν
3029 700 3256 772 ποιητὴν
3314 701 3422 756 τῶν
3483 701 3629 756 ὅλων

2041 779 2179 840 εἶναι
2213 786 2345 839 Θεὸν
2377 787 2670 861 ἀποφαίνῃ.

2110 886 2302 956 Κάγὼ,
2351 888 2671 941 Ἐπίστασθε
2704 885 2816 954 οὖν,
2837 889 2988 961 ἔφην,
3024 892 3106 945 ὅτι
3138 894 3170 964 ή
3207 891 3398 964 Γραφὴ
3431 891 3626 962 λέγει’

2046 979 2199 1032 (Καὶ
2246 978 2367 1032 εἷπε
2402 979 2608 1050 Κύριος
2656 981 2791 1052 πρὸς
2837 983 3117 1055 Ἀϐραάμ·
3172 986 3234 1037 Τί
3279 987 3361 1038 ὅτι
3396 985 3628 1053 ἐγέλασε

2043 1071 2246 1142 Eappa,
2271 1070 2506 1140 λέγουσα
2525 1089 2538 1102 ⁸
2574 1068 2722 1144 Ἀρά
2750 1091 2813 1142 γε
2839 1074 3052 1145 ἀληθῶς
3086 1075 3343 1146 τέξομαι;
3391 1075 3534 1146 Ἐγὼ
3565 1077 3630 1129 δὲ

2041 1163 2343 1233 γεγήρακα.
2394 1162 2488 1234 Μὴ
2534 1163 2784 1218 ἀδυνατεῖ
2830 1168 2979 1238 παρά
3024 1167 3100 1238 τῷ
3145 1168 3262 1239 Θεῷ
3310 1170 3492 1241 ῥῆμα;
3529 1170 3632 1233 Εἰς

2041 1255 2133 1308 τὸν
2166 1257 2358 1326 καιρὸν
2390 1256 2576 1309 τοῦτον
2610 1259 2945 1330 ἀναστρέφων
2968 1263 3103 1332 πρὸς
3137 1263 3195 1314 σὲ
3230 1264 3311 1325 είς
3343 1261 3629 1332 ὥρας,καὶ

2041 1350 2107 1417 τῇ
2155 1348 2339 1420 map;
2372 1350 2486 1414 υἱὺς
2519 1349 2689 1404 ἔσται.
2731 1370 2749 1402 ι
2807 1353 2916 1405 Καὶ
2965 1354 3104 1423 μετὰ
3153 1354 3370 1424 μικρόν³
3409 1373 3426 1405 ι
3469 1353 3632 1418 Ἐξα-

2042 1440 2336 1504 ναστάντες
2379 1442 2436 1494 δὲ
2500 1444 2710 1497 ἐκεῖθεν
2768 1447 2817 1497 οἱ
2865 1446 3076 1516 ἄνδρες,
3129 1446 3467 1515 κατέϐλεψαν
3529 1446 3630 1499 ἐπὶ

2042 1531 2332 1604 πρόσωπον
2359 1532 2612 1604 Σοδόμων
2645 1534 2738 1586 καὶ
2770 1535 3055 1606 Γομόρρας
3075 1553 3087 1563 ·
3122 1534 3370 1606 Ἀϐραὰμ
3403 1535 3458 1588 δὲ
3496 1553 3628 1588 συν-

2041 1623 2331 1694 επορεύετο
2375 1627 2493 1694 μετ’
2537 1625 2752 1691 αὐτῶν,
2805 1627 3155 1697 συμπέμπων
3201 1627 3416 1690 αύτούς.
3465 1627 3523 1680 Ὁ
3570 1625 3632 1679 δὲ

2043 1716 2246 1789 Κύριος
2281 1715 2467 1772 εἷπεψ
2505 1719 2579 1772 Ού
2619 1718 2692 1790 μὴ
2725 1719 2918 1790 κρύψω
2957 1718 3067 1788 ἐγὼ
3100 1722 3208 1774 ἀπὸ
3254 1721 3504 1793 Ἀϐραὰμ
3531 1722 3630 1776 τοῦ

2045 1809 2232 1873 παιδός
2285 1828 2384 1881 μου
2431 1810 2467 1865 ἃ.
2515 1812 2624 1881 ἐγὼ
2674 1813 2828 1868 ποιῶ.
2871 1833 2889 1865 ›
2928 1815 3036 1867 Καὶ
3099 1816 3218 1885 μετ’
3251 1814 3428 1883 ὀλίγον
3463 1813 3642 1868 πάλιν

2044 1897 2216 1961 οὕτως
2251 1901 2444 1971 φησίν·
2488 1921 2506 1953 ι
2546 1899 2680 1954 Εϊπε
2713 1903 2947 1975 Κύριος·
2984 1904 3216 1976 Κραυγὴ
3251 1904 3499 1973 Σοδόμων
3533 1905 3635 1958 καὶ

2045 1991 2330 2063 Γομόρρας
2364 1993 2754 2065 πεπλὴθυνται,
2788 1995 2884 2048 καὶ
2917 1997 2972 2049 ai
3019 1996 3287 2067 ἁμαρτίαι
3322 1995 3501 2048 αὐτῶν
3539 2012 3638 2066 με·

2044 2082 2206 2151 γάλαι
2272 2084 2498 2154 σφόδρα.
2569 2085 2828 2149 Καταϐὰς
2875 2081 2972 2138 οὖν
3016 2085 3215 2156 ὄψομαι
3263 2087 3310 2140 εί
3358 2086 3499 2140 κατά
3531 2086 3638 2159 τὴν

2045 2177 2292 2248 κραυγὴν
2308 2175 2484 2230 αὐτῶν
2517 2175 2614 2247 τὴν
2641 2177 2944 2249 ἐρχομένην
2963 2179 3097 2250 πρὸς
3124 2179 3191 2249 μὲ
3214 2179 3596 2233 συντελούνται
3617 2195 3634 2212 ⁸

2046 2269 2091 2320 εί
2126 2267 2182 2320 δὲ
2220 2268 2330 2338 μὴ,
2366 2268 2454 2321 ἵνα
2498 2267 2631 2336 γνῶ.
2684 2270 2794 2322 Kal
2856 2269 3300 2340 ἀποστρέψαντες
3350 2272 3398 2324 οἱ
3434 2270 3638 2341 ἄνδρες

2047 2356 2274 2422 ἐκεῖθεν,
2309 2353 2470 2428 ἦλθον
2505 2357 2584 2419 είς
2618 2357 2843 2427 Σόδομα.
2898 2358 3146 2429 ’Λϐραὰμ
3190 2358 3245 2410 δὲ
3277 2353 3347 2429 ἦν
3381 2357 3638 2430 ἑστηκὼς

2045 2447 2222 2501 ἔναντι
2268 2445 2493 2516 Κυρίου,
2546 2447 2639 2498 καὶ
2701 2447 2926 2516 ἐγγίσας
2985 2447 3254 2519 Ἀϐραάμ,
3303 2445 3487 2501 εἶπεν·
3537 2449 3639 2520 Μὴ

2049 2539 2423 2610 συναπολέσῃς
2455 2538 2664 2593 δίκαιον
2713 2539 2851 2609 μετά
2892 2538 3160 2603 ἀσεϐοὖς;
3188 2558 3206 2590 ι
3235 2541 3330 2592 καὶ
3361 2540 3426 2593 τά
3461 2539 3596 2610 ἑξῆς
3616 2556 3634 2572 ⁸

2043 2629 2103 2682 ού
2139 2629 2247 2699 γὰρ
2293 2629 2531 2700 γράφειν
2578 2627 2741 2682 πάλιν
2788 2629 2854 2681 τά
2899 2629 3056 2692 αύτά,
3093 2627 3201 2680 τῶν
3236 2630 3453 2682 πάντων
3488 2647 3635 2702 προ-

2045 2719 2471 2792 γεγραμμένων,
2506 2720 2652 2774 δοκεί
2687 2737 2801 2791 μοι,
2836 2720 2949 2773 ἀλλ’
2986 2722 3165 2773 ἐκεῖνα
3200 2719 3266 2772 δι’
3299 2714 3375 2774 ὧν
3407 2721 3502 2774 καὶ
3534 2721 3641 2794 τὴν

2047 2812 2322 2879 ἀπόδειξιν
2354 2812 2430 2884 τῷ
2464 2813 2717 2884 Τρύφωνι
2740 2813 2958 2876 καὶτοῖς
2993 2815 3088 2866 σὺν
3121 2811 3266 2883 αὐτῷ
3301 2811 3637 2881 πεποίημαι,

2046 2906 2227 2973 λέγειν
2273 2906 2588 2974 ἀναγκαῖον.
2639 2906 2772 2958 Τότε
2818 2902 2912 2959 οὖν
2954 2901 3115 2975 ἦλθον
3164 2904 3256 2958 ἐπὶ
3287 2903 3354 2957 τὰ
3386 2902 3535 2974 ἑξῆς,
3575 2906 3638 2956 ὲν

2046 2990 2128 3060 οἷς
2159 2995 2411 3050 λέλεκται
2443 2996 2650 3050 ταῦτα’
2693 3016 2711 3047 ι
2756 2995 2992 3067 Ἀπῆλθε
3034 2996 3092 3051 δὲ
3125 2995 3328 3068 Κύριος
3357 2995 3433 3059 ὡς
3468 2995 3642 3048 ἐπαύ-

2051 3106 2180 3141 σατο
2212 3087 2388 3156 λέγων
2433 3087 2511 3160 τῷ
2557 3088 2839 3161 Ἀϐραάμ·
2875 3087 2972 3141 καὶ
3005 3087 3244 3159 ἀπῆλθεν
3281 3086 3391 3159 (65)
3426 3087 3508 3150 είς
3541 3086 3643 3141 τὸν

2047 3179 2210 3232 τόπον
2254 3178 2440 3232 αὐτοῦ.
2490 3174 2692 3232 Ἦλθον
2739 3178 2794 3232 δὲ
2840 3179 2888 3232 οἱ
2932 3176 3024 3230 δύο
3056 3177 3276 3246 ἄγγελοι
3309 3177 3390 3239 είς
3421 3175 3644 3247 Σόδομα

2049 3273 2310 3342 ἑσπέρας.
2335 3271 2461 3325 Λὼτ
2484 3272 2540 3326 δὲ
2563 3269 2796 3343 ἐκάθητο
2824 3270 2972 3342 παρά
3002 3269 3099 3342 τὴν
3134 3268 3308 3341 πύλην
3324 3269 3598 3339 Σοδόμων⁸
3615 3290 3637 3322 ι

2051 3366 2245 3418 καὶτὰ
2291 3363 2418 3435 ἑξῆς
2464 3363 2666 3434 ὁμοίως
2716 3362 2879 3434 μέχρι
2914 3362 3039 3415 τοῦθ
3082 3382 3101 3414 ‹
3152 3362 3517 3426 Ἐκτείναντες
3580 3363 3642 3418 δδ

2049 3457 2098 3508 οἱ
2145 3455 2334 3525 ἄνδρες
2381 3454 2477 3517 τὰς
2523 3455 2728 3524 χεῖρας,
2777 3452 3008 3504 ἐπίασαν
3053 3452 3144 3504 τὸν
3189 3450 3314 3504 Λὼτ
3346 3453 3483 3524 πρὸς
3514 3453 3647 3507 ἑαυ-

2051 3549 2174 3610 τοὺς
2192 3542 2270 3609 είς
2303 3547 2394 3600 τὸν
2439 3541 2607 3611 οἷκον,
2657 3547 2749 3598 καὶ
2781 3545 2880 3616 τὴν
2925 3545 3098 3618 θύραν
3129 3545 3222 3600 τοῦ
3257 3546 3408 3599 οἴκου
3430 3547 3643 3619 προσέ-

2053 3638 2290 3692 κλεισαν·
2336 3659 2354 3690 ι
2389 3638 2486 3691 καὶ
2527 3638 2594 3691 τὰ
2627 3639 2870 3708 ἑπόμενα
2906 3636 3070 3708 μέχρι
3102 3637 3194 3689 τοῦ
3217 3655 3230 3668 ο
3272 3657 3290 3688 ι
3328 3639 3437 3691 Kal
3472 3639 3649 3710 ἐκρά-

2050 3741 2222 3795 τησαν
2259 3727 2308 3777 οἱ
2354 3725 2573 3794 ἄγγελοι
2605 3726 2702 3796 τῆς
2747 3726 2928 3795 χειρὸς
2961 3724 3147 3790 αὑτοῦ,
3183 3727 3280 3780 καὶ
3324 3728 3421 3798 τῆς
3453 3728 3646 3799 χειρὸς

2051 3817 2148 3886 τῆς
2180 3817 2436 3884 γυναικὸς
2469 3817 2652 3881 αὑτοῦ,
2690 3819 2782 3870 καὶ
2815 3817 2922 3870 τῶν
2956 3818 3154 3890 χειρῶν
3185 3819 3291 3874 τῶν
3321 3819 3646 3892 θυγατέρων

2053 3910 2215 3963 αὐτοῦ
2253 3912 2310 3962 ὲν
2344 3909 2419 3980 τῷ
2453 3909 2740 3979 φείσασθαι
2788 3911 2990 3983 Κύριον
3036 3912 3224 3967 αὐτοῦ.
3273 3915 3382 3967 Kal
3416 3914 3648 3983 ἐγένετο

2053 4001 2213 4071 ἡνίκα
2247 4001 2510 4072 ἐξήγαγον
2545 4003 2742 4066 αὐτοὺς
2769 4002 2891 4066 ἔξω,
2928 4005 3021 4056 καὶ
3056 3999 3210 4058 εἶπον
3233 4022 3244 4034 ·
3285 4005 3452 4070 Σῶζε,
3491 4006 3641 4072 σῶζε

2053 4095 2150 4165 τὴν
2187 4094 2416 4148 σεαυτοῦ
2468 4094 2664 4166 ψυχήν.
2718 4095 2809 4166 Μὴ
2858 4096 3160 4170 περιϐλέψῃ
3221 4099 3300 4160 είς
3345 4099 3411 4152 τὰ
3441 4099 3644 4165 ὀπίσω,

2057 4185 2187 4256 μηδὲ
2222 4188 2355 4256 στῇς
2389 4188 2446 4237 ἐν
2481 4186 2626 4256 πάσῃ
2644 4189 2708 4256 τῇ
2740 4185 3061 4258 περιχώρῳ·
3098 4190 3179 4250 εἰς
3193 4188 3254 4240 τὸ
3282 4188 3405 4259 ὅρος
3440 4188 3642 4257 σώζου,

2057 4279 2268 4348 μήποτε
2303 4277 2796 4350 συμπαραληφθῇς.
2822 4274 2956 4331 Εἷπε
2989 4279 3046 4332 δὲ
3078 4279 3203 4333 Λὼτ
3237 4281 3372 4351 πρὸς
3418 4281 3641 4346 αὐτούς’

2053 4369 2276 4439 Δέομαι,
2308 4368 2499 4440 Κύριε,
2538 4369 2723 4439 ἐπειδὴ
2757 4362 2915 4440 εὗρεν
2952 4370 2988 4422 ὁ
3026 4373 3154 4432 παῖς
3190 4387 3283 4423 σου
3317 4370 3465 4434 ἕλεος
3489 4373 3649 4425 ἐναν-

2054 4460 2166 4514 τίον
2213 4477 2330 4523 σου,
2381 4459 2476 4513 καὶ
2524 4461 2865 4530 ὲμεγάλυνας
2911 4461 3008 4531 τὴν
3053 4460 3400 4534 δικαιοσύνην
3451 4480 3568 4528 σου,
3616 4465 3650 4517 ὃ

377 4561 560 4605 autem
590 4568 696 4606 non
725 4568 940 4622 possum
973 4555 1159 4610 salvus
1194 4558 1309 4609 fieri
1339 4558 1389 4609 in
1417 4569 1687 4623 montem;
1718 4574 1786 4612 ne
1814 4558 1945 4612 forte

2057 4556 2228 4616 ποιεῖς
2263 4552 2348 4605 ἐπ’
2384 4553 2482 4622 ἐμὲ
2513 4552 2604 4606 τοῦ
2641 4553 2736 4623 ζῇν
2782 4553 2879 4624 τὴν
2911 4551 3090 4624 ψυχήν
3141 4570 3274 4625 μου·
3313 4554 3426 4622 ἐγὼ
3471 4553 3531 4608 δὲ
3580 4555 3647 4609 οὐ

377 4646 844 4713 comprehendant
886 4649 970 4701 me
1023 4650 1183 4712 mala,
1207 4659 1262 4703 et
1306 4651 1530 4703 moriar.
1566 4651 1702 4705 Ecce
1738 4653 1850 4705 haec
1876 4654 1954 4705 ci-

378 4739 521 4792 vitas
550 4755 714 4808 prope
735 4752 840 4804 est,
873 4758 980 4810 quo
999 4743 1331 4812 confugiam,
1360 4743 1519 4795 isthic
1545 4743 1760 4810 exigua.
1794 4743 1955 4798 lsthic

379 4831 564 4884 salvus
593 4848 708 4895 ero,
739 4850 899 4903 quam
931 4836 1138 4890 modica
1184 4848 1284 4898 est,
1314 4848 1368 4891 et
1405 4837 1550 4890 vivet
1584 4838 1763 4888 anima
1811 4851 1951 4889 mea.

378 4923 445 4976 Et
502 4924 643 4978 dixit
691 4925 781 4978 ei:
823 4925 968 4981 Ecce
1012 4929 1315 4982 admiratus
1357 4944 1475 4982 sum
1519 4929 1714 4982 faciem
1783 4937 1950 4990 tuam,

380 5015 545 5068 etiam
573 5015 624 5068 in
648 5019 815 5069 verbo
845 5017 968 5082 hoc,
997 5027 1056 5072 ut
1098 5034 1203 5071 non
1259 5028 1500 5072 evertam
1537 5019 1838 5082 civitatem,
1885 5020 1950 5072 de

381 5125 488 5178 qua
514 5109 723 5164 loculus
750 5126 829 5165 es.
864 5109 1084 5164 Festina
1115 5111 1279 5181 igitur
1312 5112 1378 5164 ad
1408 5111 1750 5164 evadendum
1777 5111 1906 5164 illuc
1933 5127 1948 5176 ;

382 5220 489 5257 non
521 5205 664 5257 enim
699 5214 887 5272 potero
914 5204 1097 5258 facere
1123 5219 1260 5268 rem,
1298 5205 1474 5258 donec
1503 5215 1556 5257 tu
1587 5205 1774 5258 venias
1804 5205 1952 5259 illuc.

379 5295 674 5365 Propterea
699 5298 915 5349 vocavit
941 5311 1134 5350 nomen
1161 5297 1396 5350 civitatis
1429 5296 1618 5366 Segor.
1656 5295 1746 5350 Sol
1773 5312 1957 5366 egres-

386 5405 478 5440 sus
507 5397 590 5440 est
616 5404 778 5456 super
799 5399 1029 5452 terram;
1071 5398 1125 5442 et
1146 5387 1248 5442 Lot
1273 5389 1545 5458 ingressus
1567 5397 1649 5443 est
1674 5390 1726 5441 in
1758 5387 1951 5456 chor.

383 5480 448 5534 Et
485 5479 746 5534 Dominus
763 5481 897 5550 pluit
921 5497 1084 5551 super
1116 5479 1274 5552 154
1301 5479 1534 5535 Sodoma
1557 5491 1613 5535 et
1651 5479 1958 5536 Gomorrha

455 5663 499 5692 “
523 5661 660 5718 Gen.
704 5677 858 5725 xrm,
905 5661 989 5726 1'5,
1023 5660 1112 5716 14.
1187 5659 1527 5727 6'lbid.,16,
1562 5658 1649 5714 17.
1726 5658 1954 5722 “lbid.,
1981 5655 2166 5712 ’ΞΟ-25.

2052 4645 2285 4716 δύναμαι
2317 4645 2644 4714 διασωθῆναι
2675 4647 2755 4707 εἰς
2788 4645 2848 4697 τὸ
2871 4644 3016 4715 ὄρος,
3052 4645 3125 4717 μὴ
3160 4645 3444 4719 καταλάϐῃ
3480 4653 3640 4716 μετά

2053 4738 2199 4791 κακά
2245 4737 2338 4790 καὶ
2386 4737 2658 4790 ἀποθάνω.
2721 4738 2852 4790 Ἰδοὺ
2889 4741 2920 4809 ἡ
2970 4739 3124 4802 πόλις
3158 4739 3294 4811 αὕτη
3334 4741 3503 4808 ἐγγὺς
3548 4740 3647 4794 τοῦ

2053 4831 2385 4896 καταφυγεῖν
2435 4830 2581 4880 ἐστιν
2629 4829 2744 4880 ἐκεῖ
2791 4829 2993 4898 μικρά·
3033 4832 3148 4882 ἐκεῖ
3195 4829 3534 4901 σωθήσομαι,
3567 4831 3651 4896 ὡς

2055 4918 2228 4990 μικρά
2253 4921 2368 4970 ἐστι
2387 4935 2401 4948 ο
2431 4919 2523 4970 καὶ
2539 4920 2761 4990 ζήσεται
2777 4922 2810 4989 ἡ
2827 4918 2970 4990 ψυχή
3005 4937 3127 4990 μου.
3147 4921 3256 4973 Kal
3288 4917 3440 4974 εἷπεν
3457 4923 3610 4992 αύτῷ
3629 4941 3646 4956 ο

2068 5010 2196 5063 Ἰδοὺ
2235 5008 2522 5080 ἐθαύμασά
2568 5027 2658 5062 σου
2705 5010 2766 5061 τὸ
2813 5010 3126 5080 πρόσωπον,
3175 5011 3271 5067 καὶ
3306 5013 3398 5064 ἐπὶ
3431 5013 3508 5084 τῷ
3544 5017 3647 5085 ρή-

2060 5127 2189 5180 ματι
2223 5108 2396 5178 τούτῳ
2442 5107 2532 5162 τού
2609 5106 2682 5178 μὴ
2729 5106 3102 5178 καταστρέψαι
3162 5108 3258 5177 τὴν
3327 5109 3483 5161 πόλιν
3517 5111 3651 5182 περὶ

2054 5199 2122 5273 ἧς
2171 5201 2458 5272 ἐλάλησας.
2507 5199 2746 5252 Σπεῦσον
2792 5198 2883 5252 τοῦ
2935 5198 3173 5268 σωθῆναι
3232 5201 3378 5252 ἐκεῖ·
3429 5201 3490 5254 οὐ
3538 5202 3651 5273 γὰρ

2057 5295 2353 5364 δυνήσομαι
2414 5292 2634 5360 ποιῆσαι
2702 5292 2936 5362 πρᾶγμα
2979 5290 3085 5352 ἓως
3133 5290 3224 5342 τοῦ
3275 5289 3541 5344 εἰσελθεῖν
3588 5309 3650 5344 σε

2060 5391 2195 5442 ἐκεῖ.
2237 5388 2335 5442 Διά
2367 5387 2526 5441 τοῦτο
2569 5385 2794 5442 ἐκάλεσε
2842 5386 2900 5438 τὸ
2946 5383 3119 5454 ὄνομα
3149 5385 3247 5455 τῆς
3297 5386 3505 5449 πόλεως
3543 5387 3616 5456 Si;

2062 5478 2200 5550 γώρ.
2249 5480 2306 5532 Ὁ
2338 5477 2489 5549 ἥλιος
2507 5475 2729 5548 ἐξῆλθεν
2764 5476 2856 5530 ἐπὶ
2889 5476 2985 5546 τὴν
3018 5476 3122 5545 γῆν
3142 5492 3155 5504 ·
3180 5476 3276 5528 καλ⁹
3314 5475 3439 5528 Λὼτ
3473 5477 3657 5547 εἰσῆλ-

2243 5656 2287 5689 ⁶⁵
2311 5655 2473 5722 lbid.,
2499 5656 2568 5711 55
2585 5665 2638 5710 et
2667 5671 2781 5719 xix,
2814 5655 2865 5708 1.
2944 5652 2987 5686 ⁸⁸
3015 5652 3154 5709 Gen.
3185 5667 3302 5716 nx,
3342 5652 3431 5707 10.

457 5817 571 5890 (65)
623 5818 729 5872 Καὶ
788 5813 1082 5885 ἀπῆλθεν.
1143 5814 1482 5874 Manifestum
1542 5823 1624 5872 est
1682 5813 1940 5871 subaudir

2050 5812 2276 5884 L6paap,
2307 5824 2366 5870 ut
2387 5811 2581 5884 legitur
2605 5810 2660 5866 in
2697 5808 2905 5866 Bibliis.
