3962 6262
310 345 399 400 605
1306 347 1554 405 DIALOG
1566 347 1657 404 US
1691 349 1840 405 CUM
1876 349 1918 404 Τ

2036 347 2254 406 ΡΗΟΝΕ
2287 346 2550 405 ΙΠΒᾹΞΟ.

3521 352 3626 408 eos
3696 324 3700 327 ’

306 458 382 509 θεν
409 457 481 519 εἰς
500 453 712 526 Σηγὼρ.
739 458 879 511 Καὶ
915 463 951 513 ὁ
988 461 1218 535 Κύριος
1251 461 1471 534 έὸρεξεν
1506 465 1586 527 εἰς
1620 464 1827 535 Σόδομα
1844 465 1920 518 κα“

2041 465 2267 534 sulphnr
2291 472 2345 518 et
2384 464 2564 534 ignem
2591 478 2620 516 a
2661 463 2891 519 Domino
2921 463 2989 520 de
3019 464 3161 520 caelo
3197 482 3212 518 :
3241 476 3297 520 et
3325 465 3526 520 evertit
3552 467 3630 519 ci-

301 549 526 621 Γόμορρα
557 547 701 601 θεῖον
740 551 862 604 καὶ
923 555 1060 626 πῦρ
1097 554 1251 626 παρὰ
1284 554 1488 626 Κυρίου
1542 557 1608 609 ὲκ
1655 555 1747 609 τοῦ
1783 557 1942 628 ούρα-

295 637 410 694 νθῦ⁸
441 639 530 692 καὶ
562 638 960 710 κατέστρεψε
1003 644 1113 707 τὰς
1149 644 1332 707 πόλεις
1364 644 1584 710 ταύτας,
1631 645 1725 698 καὶ
1759 647 1940 698 πᾶσαν

291 732 378 802 τὴν
407 731 708 802 περίοικον.
742 752 763 784 ›
813 735 955 787 Καὶ
1014 738 1185 792 πάλιν
1230 737 1580 808 παυσάμενος
1629 739 1934 809 ἐπέφερον*

287 824 387 878 Καὶ
418 824 512 878 νῦν
544 825 608 878 οὺ
659 829 1037 898 νενοήκατε,
1077 830 1246 899 φίλοι,
1281 831 1362 882 ὅτι
1395 831 1422 881 6
1456 825 1536 893 εἷς
1582 829 1690 882 τῶν
1723 830 1887 900 τριῶν
1909 834 1937 884 6

284 916 371 970 καὶ
400 915 532 980 Θεὸς
566 917 670 970 καὶ
705 917 956 990 Κύριος
995 920 1078 991 τῷ
1115 922 1171 975 ὲν
1203 923 1312 984 τοῖς
1345 922 1593 992 οὐρανοῖς
1625 921 1932 993 ὑπηρετῶν,

286 1008 464 1079 κύριος
524 1009 644 1063 τῶν
680 1010 793 1065 δύο
847 1013 1162 1083 ἀγγέλων;
1216 1013 1623 1086 προσελθόντων
1670 1013 1778 1084 (66)
1828 1013 1936 1086 γὰρ

287 1101 454 1155 αύτιῖιν
488 1103 574 1166 εἰς
602 1103 875 1175 Σόδομα,
915 1106 1092 1169 αὐτὸς
1120 1105 1460 1175 ὑπολειφθεὶς
1491 1105 1825 1176 προσωμίλει
1858 1105 1935 1176 τῷ

302 1192 554 1264 Ἀϐραὰμ
601 1193 678 1246 τὰ
725 1195 1236 1266 ἀναγεγραμμένα
1282 1195 1386 1248 ὑπὸ
1420 1195 1700 1258 Μωσέως·
1750 1188 1810 1248 οὗ
1841 1195 1936 1246 καὶ

297 1286 451 1340 αὐτοῦ
476 1286 847 1352 ἀπελθόντος
890 1289 1039 1358 μετά
1062 1289 1160 1352 τὰς
1191 1287 1476 1357 optatam
1523 1287 1771 1358 Ἀϐραὰμ
1801 1287 1936 1340 ὑπέ-

301 1379 526 1451 στρεψεν
553 1381 642 1443 εἰς
668 1381 772 1432 τὸν
810 1381 990 1434 τόπον
1018 1379 1208 1434 αὑτοῦ.
1233 1373 1306 1432 Οἵ)
1332 1379 1596 1444 ἐλθόντος,
1631 1379 1815 1432 οὐκέτι
1843 1378 1934 1434 δύο

304 1471 522 1537 ἀγγελοι
561 1470 846 1541 ὁμιλοῦσι
907 1471 991 1542 τῷ
1035 1471 1180 1536 Λὼτ,
1230 1471 1343 1524 ἀλλ’
1386 1471 1568 1535 αὐτὸς,
1605 1471 1679 1533 ὼς
1710 1473 1739 1524 6
1775 1471 1934 1539 λόγος

309 1561 471 1634 δηλοῖ,
503 1562 602 1615 καὶ
643 1562 876 1633 Κύριός
917 1564 1056 1626 ἐστι,
1094 1562 1247 1634 παρά
1281 1562 1490 1632 Κυρίου
1518 1562 1610 1616 τοῦ
1652 1565 1709 1615 ἐν
1735 1561 1811 1632 τῷ
1845 1563 1934 1615 ού-

320 1654 475 1727 ρανῷ,
493 1655 762 1709 τουτέστι
788 1656 887 1709 τοῦ
908 1656 1135 1727 ποιητοῦ
1162 1656 1267 1709 τῶν
1290 1657 1452 1722 ὅλων,
1469 1655 1649 1710 λαϐὼν
1676 1656 1736 1708 τὸ
1763 1655 1932 1708 ταῦτα

317 1748 645 1814 ἀπενεγκεῖν
702 1747 976 1816 Σοδόμοις
1017 1749 1114 1801 καὶ
1151 1749 1472 1821 Γομόῤῥοις,
1518 1749 1662 1819 ἅπερ
1703 1749 1732 1800 6
1773 1747 1931 1816 λόγος

2042 554 2238 607 vitales
2265 553 2381 618 has,
2406 561 2462 606 et
2500 568 2716 607 onmem
2770 555 3010 610 vicinam
3068 556 3122 610 in
3167 557 3400 611 circuitu
3449 558 3628 627 regio-

2043 660 2170 700 nem'
2190 645 2256 697 ⁸⁷.
2287 663 2309 696 ι
2343 642 2468 698 Haec
2499 645 2590 699 ubi
2634 646 2797 709 desii,
2843 662 3036 702 rursus
3062 649 3237 717 adjeci
3266 667 3278 703 :
3306 647 3463 704 Anne
3485 664 3629 702 tltlttc

2040 738 2282 808 quidem,
2307 737 2492 804 amici,
2544 737 2905 793 intellexistis
2942 755 3106 793 unttm
3137 756 3204 794 ex
3237 743 3434 806 tribus,
3460 743 3551 810 qui
3574 752 3629 795 et

2040 828 2184 884 Deus
2207 839 2262 884 et
2283 828 2548 884 Dominus
2565 839 2670 894 est,
2697 832 2768 895 ei,
2793 831 2887 899 qui
2915 831 2968 884 in
2991 832 3130 886 caelo
3153 841 3256 898 est,
3281 833 3624 898 ministrans,

2038 922 2270 976 duorum
2297 921 2616 992 angelorum
2634 937 2755 977 esse
2781 921 3108 976 dominum?
3137 923 3230 977 llis
3259 924 3405 976 enim
3451 924 3626 978 Sodo-

2039 1028 2183 1067 mam
2209 1012 2496 1082 profectis,
2523 1014 2746 1069 relictus
2775 1014 2892 1083 ipse
2932 1029 3056 1068 cum
3087 1015 3405 1068 Abrahamo
3433 1029 3496 1069 ea
3543 1015 3624 1069 lo~

2039 1105 2243 1173 quitur,
2281 1121 2402 1175 quae
2438 1121 2469 1160 a
2511 1105 2698 1177 Moyse
2749 1115 3074 1162 narrantur.
3115 1105 3216 1173 Qui
3257 1121 3378 1160 cum
3416 1115 3473 1161 et
3507 1107 3625 1174 ipse

2039 1196 2381 1252 discessisset
2415 1205 2536 1267 post
2563 1197 2918 1266 colloquium,
2953 1213 3208 1253 reversus
3236 1207 3321 1254 est
3346 1199 3620 1254 Abraham

2038 1292 2104 1343 ad
2140 1289 2316 1344 locum
2341 1305 2522 1344 suum.
2555 1289 2605 1344 ls
2633 1297 2816 1342 autem
2858 1289 2946 1342 ubi
2981 1290 3226 1354 advenit,
3248 1304 3352 1343 non
3377 1291 3489 1359 jam
3516 1291 3625 1344 duo

2036 1380 2240 1447 angeli,
2275 1381 2368 1434 sed
2416 1381 2532 1449 ipse
2584 1396 2706 1435 cum
2750 1381 2870 1444 Lot,
2923 1390 2980 1433 ut
3027 1380 3273 1434 declarat
3309 1380 3616 1450 Scriptura,

2036 1472 2385 1542 colloquitur,
2417 1490 2481 1528 ac
2509 1475 2773 1528 Dominus
2813 1481 2915 1535 est,
2942 1473 3011 1526 ab
3057 1487 3124 1527 eo
3154 1473 3246 1542 qui
3280 1474 3330 1528 in
3357 1473 3514 1528 caelis
3535 1483 3621 1528 est

2037 1567 2288 1633 Domino,
2318 1568 2368 1620 id
2405 1579 2515 1634 est,
2553 1582 2582 1621 a
2610 1567 2876 1622 Creatore
2909 1567 3290 1621 universorum
3323 1565 3618 1634 accipiens,

2033 1669 2094 1714 ut
2129 1661 2245 1714 haec
2303 1659 2510 1728 infligat
2559 1657 2814 1715 Sodomis
2843 1667 2897 1715 et
2926 1659 3272 1722 Gomorrhis,
3317 1673 3437 1728 quae
3469 1658 3622 1713 Scri-

2033 1762 2193 1820 ptura
2217 1761 2506 1806 enumerat
2536 1751 2620 1806 his
2655 1751 2839 1806 verbis
2874 1766 2890 1804 :
2927 1769 2944 1802 ι
2980 1752 3243 1805 Dominus
3279 1749 3416 1819 pluit
3448 1763 3618 1818 super

320 1837 692 1909 καταριθμεῖ,
744 1840 922 1903 οὕτως
989 1839 1193 1894 εἰπών’
1238 1860 1257 1893 ι
1303 1842 1506 1914 Κύριος
1572 1840 1792 1912 ἔϐρεξεν
1838 1841 1920 1893 ἐπὶ

2036 1818 2326 1898 Sodomam
2359 1853 2414 1897 et
2459 1843 2828 1900 Gomorrham
2879 1843 3113 1915 sulphur
3139 1852 3196 1899 et
3231 1818 3412 1913 ignem
3442 1857 3474 1898 a
3507 1842 3617 1899 Do-

320 1931 522 2000 Σόδομα
547 1932 648 1984 καὶ
676 1933 946 2003 Γόμορρα
980 1932 1126 1988 θεῖον
1153 1935 1246 1987 καὶ
1289 1935 1401 2006 πῦρ
1433 1935 1586 2007 παρὰ
1624 1933 1833 2005 Κυρίου
1863 1936 1927 1986 ἐκ

323 2023 410 2075 τοῦ
436 2023 496 2076 ού
507 2023 704 2092 ρανοῦ.
734 2044 754 2076 ι

425 2113 477 2168 7.
511 2115 630 2167 Καὶ¹
664 2118 695 2168 6
747 2113 1004 2186 Τρύφων,
1044 2117 1371 2188 σιγήσαντός
1415 2134 1541 2187 μου,
1582 2112 1738 2170 εἶπεν
1760 2135 1773 2147 ·
1809 2117 1929 2170 Ὅτι

331 2205 427 2274 μὲν
458 2208 491 2275 ὴ
530 2205 738 2276 Γραφὴ
776 2206 936 2260 τοῦτο
964 2206 1265 2274 ἀναγκάζει
1301 2206 1587 2276 ὁμολογεῖν
1615 2208 1784 2278 ἡμᾶς,
1811 2206 1930 2275 φαί-

328 2311 469 2346 νεται
487 2312 501 2324 ’
537 2296 627 2349 ὅτι
652 2295 713 2348 δὲ
738 2297 1014 2367 ἀπορῆσαι
1032 2296 1181 2362 ἄξιόν
1201 2299 1318 2349 ἐστι
1344 2297 1579 2367 περὶτοῦ
1606 2298 1924 2368 λεγομένου,

326 2385 406 2437 ὅτι
437 2386 612 2455 ἔφαγε
644 2387 717 2441 τὰ
741 2387 847 2440 ὑπὸ
864 2387 957 2441 τοῦ
1009 2388 1259 2459 Ἀϐραὰμ
1291 2389 1806 2443 κατασκευασθέντα
1833 2391 1927 2444 καὶ

333 2478 733 2549 παρατεθέντα,
768 2480 865 2532 καὶ
889 2482 955 2534 σὺ
990 2480 1057 2534 ἂν
1092 2481 1504 2554 ὁμολογήσειας.

396 2659 567 2730 Κάγὼ
607 2661 1036 2732 ἀπεκρινάμην·
1078 2661 1199 2715 Ὅτι
1241 2662 1336 2733 μὲν
1368 2661 1679 2733 βεϐρώκασι
1713 2663 1909 2734 γέγρα-

332 2770 487 2805 πται⁶
520 2754 570 2806 εἰ
607 2753 665 2806 δὲ
699 2754 828 2817 τοὺς
852 2756 1000 2822 τρεῖς
1017 2753 1352 2824 ἀκούσαιμεν
1377 2753 1628 2824 λελέχθαι
1648 2754 1925 2825 βεϐρωκέ-

331 2863 436 2909 ναι,
467 2845 565 2900 καὶ
603 2846 680 2916 μὴ
707 2847 839 2908 τοὺς
859 2845 955 2899 δύο
983 2845 1199 2916 μόνους,
1236 2847 1430 2910 οἵτινες
1459 2845 1682 2914 ἄγγελοι
1715 2846 1792 2917 τῷ
1811 2847 1923 2901 ὄντι

338 2931 491 3005 ἦσαν,
535 2937 634 2990 καὶ
675 2939 736 2989 ἐν
757 2939 871 3000 τοῖς
916 2937 1191 3007 οὐρανοῖς,
1251 2936 1326 3002 ὡς
1367 2937 1526 3006 δῆλόν
1568 2939 1717 2990 ἐστιν
1753 2940 1885 3009 ἡμῖν
1905 2980 1920 3004 ,

332 3030 680 3101 τρεφόμενοι,
716 3028 820 3082 κᾶν
841 3029 916 3100 μὴ
939 3028 1138 3099 ὁμοίαν
1162 3028 1366 3100 τροφὴν
1393 3023 1536 3102 ⁴ᾗπερ
1566 3032 1617 3082 οἱ
1647 3029 1742 3082 ἄνθ
1752 3048 1922 3101 ρωποι

327 3121 608 3192 χρώμεθα,
627 3122 926 3194 τρέφονται
947 3139 959 3151 ·
997 3122 1126 3191 περὶ
1150 3121 1258 3193 γὰρ
1274 3122 1373 3191 τῆς
1403 3123 1608 3195 τροφῆς
1632 3123 1724 3176 τοῦ
1746 3124 1921 3193 μάννα

2033 1938 2184 1990 mino
2219 1937 2288 1991 de
2303 1935 2465 1992 caalo.
2494 1952 2514 1986 ›

2104 2089 2193 2144 57.
2226 2086 2419 2158 Objicit
2443 2091 2668 2143 Judwus
2694 2105 2790 2141 cur
2825 2089 3114 2142 comedisse
3152 2090 3370 2144 dicatur
3400 2093 3446 2144 si
3474 2089 3614 2146 Deus

2031 2193 2126 2237 at.
2154 2182 2442 2250 Responsio
2465 2182 2696 2236 Justini.
2730 2212 2800 2220 —
2831 2182 2931 2237 llic
2967 2181 3206 2253 Trypho,
3241 2192 3454 2239 tacente
3481 2199 3566 2238 tne
3593 2201 3610 2239 :

2027 2279 2203 2344 Atque
2229 2275 2281 2328 id
2300 2275 2518 2344 quidem
2544 2284 2602 2329 ut
2628 2274 2916 2337 fateantur,
2935 2275 3135 2344 inquit,
3154 2291 3182 2328 a
3209 2274 3489 2344 Scriptura
3518 2291 3619 2331 nos

2033 2368 2146 2436 ουεᾶ
2181 2366 2532 2421 manifestum
2551 2376 2664 2432 est;
2695 2367 2791 2422 sed
2817 2364 2963 2436 quod
2989 2376 3176 2436 parata
3207 2368 3276 2422 ab
3302 2367 3615 2424 Abrahamo

2030 2471 2084 2514 et
2113 2461 2363 2530 apposita
2409 2461 2720 2516 comedisse
2763 2460 2988 2526 dicitur,
3031 2459 3082 2514 id
3117 2459 3340 2529 dignum
3380 2475 3502 2516 esse
3549 2461 3616 2516 de

2028 2569 2135 2622 quo
2168 2552 2494 2622 ambigatur,
2529 2566 2597 2606 ne
2625 2553 2742 2621 ipse
2763 2551 2988 2622 quidem
3029 2554 3334 2622 negaveris.

2101 2648 2238 2700 Tum
2268 2662 2371 2717 ego
2403 2663 2417 2701 :
2453 2647 2730 2714 Scriptum
2765 2647 2818 2701 id
2843 2647 3064 2715 quidem
3095 2657 3201 2712 est,
3243 2647 3488 2714 inquam,
3516 2659 3613 2701 eos

2026 2741 2354 2795 comedisse.
2379 2739 2536 2805 Quod
2555 2739 2772 2808 quidem
2807 2740 2853 2794 si
2886 2739 2955 2794 de
2992 2738 3168 2794 tribus
3204 2739 3413 2794 dictum
3439 2739 3609 2793 inter—

2027 2841 2329 2901 pretemur,
2359 2845 2426 2885 ac
2450 2845 2561 2886 non
2596 2831 2664 2886 de
2711 2829 2820 2884 illis
2863 2830 3038 2885 solum
3091 2830 3327 2892 duobus,
3359 2830 3451 2897 qui
3485 2843 3613 2883 vere

2025 2923 2199 2995 διειδειί
2239 2933 2418 2989 erant,
2458 2936 2515 2978 et
2547 2925 2599 2978 in
2629 2922 2792 2988 caelo,
2820 2932 2881 2976 ut
2931 2922 3090 2976 nobis
3125 2922 3316 2987 liquet,
3351 2919 3611 2973 nutriun-

2028 3029 2135 3082 tur,
2162 3017 2415 3086 quamvis
2449 3032 2558 3071 non
2594 3016 2813 3081 eadem,
2849 3029 2913 3068 ac
2946 3029 3046 3068 nos
3079 3014 3349 3074 homines,
3384 3021 3609 3064 utantur

2027 3109 2287 3163 alimonia
2315 3109 2464 3178 (nam
2486 3110 2554 3162 de
2571 3108 2664 3162 illo
2699 3106 3086 3173 manner-cibo,
3107 3121 3215 3174 quo
3240 3113 3422 3174 patres
3441 3103 3608 3157 vestri

328 3217 389 3284 ἦν
410 3217 730 3287 ἐτράφησαν
750 3217 799 3268 οξ
831 3214 1070 3286 πατέρες
1091 3213 1243 3284 ὑμῶν
1270 3217 1326 3267 ἐν
1340 3218 1403 3285 τῇ
1426 3215 1523 3286 ὲρή
1535 3231 1640 3284 μῳ,
1667 3217 1700 3286 ἡ
1735 3217 1920 3289 Γραφὴ

2036 3203 2082 3256 in
2111 3204 2332 3256 deserto
2373 3202 2652 3264 vixerunt,
2690 3199 2983 3268 Scriptura
3017 3198 3098 3251 sic
3118 3196 3382 3266 loquitur,
3422 3206 3479 3250 ut
3513 3209 3610 3251 eos

327 3308 464 3362 οὕτω
500 3309 679 3378 λέγει,
729 3309 814 3361 ὅτι
856 3307 1024 3379 ἄρτον
1067 3306 1317 3374 ἀγγέλων
1350 3307 1585 3376 ἔφαγον·
1621 3310 1827 3380 εἴποιμ’
1856 3309 1921 3362 ἂν

322 3403 402 3455 ὅτι
434 3402 463 3453 6
493 3401 659 3469 λόγος
686 3400 715 3452 6
737 3399 915 3468 λέγων
946 3399 1304 3471 βεϐρωκέναι,
1338 3398 1508 3463 οὕτως
1552 3401 1617 3453 ἀν
1651 3400 1822 3470 λέγοι,
1846 3400 1922 3463 ὡς

325 3494 388 3547 ἂν
419 3495 514 3546 καὶ
551 3493 713 3546 αὐτοὶ
761 3494 1014 3564 εἴποιμεν
1063 3493 1156 3545 ἐπὶ
1197 3493 1389 3562 πυρὸς,
1425 3494 1506 3545 ὅτι
1554 3493 1727 3546 πάντα
1761 3493 1921 3546 κατέ-

321 3604 490 3656 φαγεν
509 3604 523 3616 ⁸
555 3585 700 3640 ἀλλὰ
723 3585 800 3656 μὴ
826 3585 1045 3648 πάντως
1084 3583 1239 3638 τοῦτο
1287 3581 1587 3646 ἐξακούειν,
1627 3586 1706 3637 ὅτι
1740 3585 1918 3639 ὀδοῦσι

324 3680 415 3732 καὶ
445 3677 678 3747 γνάθοις
720 3675 1038 3748 μασώμενοι
1084 3677 1440 3751 βεϐρώκασιν.
1481 3680 1640 3732 Ὥστε
1679 3679 1797 3732 οὐδὲ
1833 3680 1919 3732 έν-

322 3770 493 3824 ταῦθα
516 3770 913 3841 ἀπορήσαιμεν
946 3768 1012 3822 ἂν
1045 3771 1174 3842 περὶ
1211 3771 1444 3835 οὐδενὸς,
1476 3773 1524 3824 εἰ
1557 3771 1915 3844 τροπολογίας

325 3867 573 3936 ἔμπειροι
611 3864 722 3917 κᾶν
759 3864 952 3934 μικρὸν
985 3865 1368 3936 ὑπερέχωμεν.

388 3957 498 4010 Καὶ
516 3959 547 4008 ὁ
575 3955 818 4027 Τρύφων
839 3973 852 3985 ·
885 3957 1117 4009 Δυνατὺν
1159 3957 1252 4010 καὶ
1275 3957 1445 4010 ταῦτα
1487 3956 1628 4010 οὕτω
1651 3955 1918 4026 θεραπευ-

324 4048 473 4118 θῆναι
497 4048 632 4119 περὶ
656 4048 862 4120 τρόπου
896 4045 1172 4118 βρώσεως.
1200 4049 1330 4118 παρ’
1359 4048 1416 4101 ὃν
1442 4046 1824 4110 ἀναλώσαντας
1851 4045 1918 4098 τὰ

324 4139 854 4209 παρασκευασθέντα
881 4139 985 4191 ὑπὸ
1025 4139 1116 4192 τοῦ
1163 4139 1429 4211 Ἀϐραὰμ,
1466 4140 1806 4211 βεϐρωκέναι
1831 4157 1917 4208 γε-

323 4234 642 4305 γραμμένον
689 4234 872 4286 ἐστίν·
916 4232 1057 4286 ὥστε
1095 4233 1255 4305 ἔρχου
1301 4234 1400 4304 ἤδη
1445 4234 1742 4288 ἀποδώσων
1782 4237 1916 4305 ἡμῖν

323 4321 406 4372 τὸν
428 4321 610 4388 λόγον,
645 4319 764 4383 πῶς
793 4317 949 4385 οὗτος
975 4321 1094 4392 ὁτῷ
1133 4322 1382 4392 Ἀϐραὰμ
1407 4322 1599 4391 ὀφθεὶς
1631 4324 1783 4388 Θεὸς,
1820 4325 1914 4377 καὶ

321 4410 602 4484 ὑπηρέτης
639 4412 714 4464 ὢν
759 4411 852 4464 τοῦ
895 4413 1120 4483 ποιητοῦ
1165 4413 1272 4466 τῶν
1317 4414 1455 4467 ὅλων
1494 4414 1653 4478 Θεοῦ,
1684 4415 1772 4468 διὰ
1817 4417 1914 4487 τῆς

325 4503 601 4573 Παρθένου
638 4501 947 4573 γεννηθεὶς,
992 4503 1277 4575 ἄνθρωπος
1329 4506 1665 4577 ὁμοιοπαθὴς
1710 4509 1910 4572 πᾶσιν,

323 4596 392 4660 ὡς
727 4595 977 4663 γέγονεν-

393 4687 588 4754 Κάγὼ,
617 4687 924 4757 ΣυΥχὼρει,
946 4681 990 4739 ὦ
1016 4687 1270 4758 Τρύφων,
1297 4689 1582 4760 πρότερον,
1618 4684 1790 4754 εἷπον,
1815 4691 1909 4744 καὶ

331 4781 484 4846 ἄλλας
516 4784 670 4846 τινας
693 4782 1011 4847 ἀποδείξεις·
1044 4783 1121 4853 τῷ
1157 4785 1437 4856 κεφαλαίῳ
1469 4785 1644 4856 τούτῳ
1675 4803 1909 4854 συναγα-

330 4875 437 4937 γεῖν
467 4871 556 4925 διὰ
587 4871 821 4934 πολλῶν,
857 4872 946 4925 ἵνα
975 4871 1069 4924 καὶ
1096 4873 1252 4943 ὑμεῖς
1282 4875 1638 4944 πεπεισμένοι
1660 4875 1754 4926 καὶ
1780 4876 1906 4946 περὶ

330 4965 507 5018 τούτου
541 4961 665 5035 ἦτε,
688 4965 788 5018 καὶ
827 4964 964 5034 μετά
1005 4964 1162 5018 τοῦτο
1198 4966 1258 5018 ὃν
1295 4968 1548 5031 ἀπαιτεῖς
1585 4966 1743 5036 λόγον
1771 4969 1906 5022 ἁπο-

393 5150 675 5211 Κάκεῖνος·
695 5149 795 5213 Ὦς
826 5165 911 5202 σοι
941 5148 1106 5212 δοκεῖ,
1123 5148 1246 5221 ἔφη,
1263 5153 1468 5222 πρᾶττε
1487 5169 1501 5181 ⁸
1530 5152 1624 5204 καὶ
1651 5153 1774 5223 ἐμοὶ
1800 5154 1904 5225 γὰρ

331 5241 461 5291 πάνυ
494 5239 736 5310 ποθητὺν
765 5240 1004 5310 πρᾶγμα
1035 5240 1284 5311 πράξεις.

395 5330 483 5386 58.
515 5331 689 5399 Κάγὼ
716 5327 872 5386 εἶπον
893 5349 906 5361 ·
941 5333 1161 5404 Γραφὰς
1202 5335 1331 5404 ὑμῖν
1367 5336 1667 5406 ἀνιστορεῖν
1709 5334 1907 5404 μέλλω,

330 5421 384 5472 οὗ
407 5422 746 5493 κατασκευὴν
795 5421 972 5490 λόγων
1013 5425 1072 5476 ὲν
1105 5424 1241 5496 μόνῃ
1289 5423 1454 5496 τέχνῃ
1504 5424 1908 5481 ἐπιδείκνυσθαι

330 5512 532 5565 σπεύδω
555 5529 571 5542 ·
601 5513 721 5567 οὐδὲ
761 5513 876 5586 γὰρ
912 5512 1142 5586 δύναμις
1173 5516 1310 5587 ,ἐμοὶ
1356 5516 1578 5590 τοιαύτη
1614 5517 1698 5582 τίς
1737 5520 1905 5585 ἐστιν,

429 5691 622 5748 "Gen.
662 5709 753 5746 ιιι
781 5731 796 5758 ,
833 5691 1026 5747 -16-25.

2027 3312 2218 3367 panem
2247 3297 2560 3367 angelorum
2580 3298 2939 3350 manducasse
2960 3294 3152 3365 dicat),
3180 3293 3434 3357 equidem
3460 3293 3609 3347 exis-

2027 3389 2358 3456 timaverim,
2409 3390 2554 3460 quod
2595 3387 2884 3456 Scriptura
2919 3403 3015 3442 eos
3052 3387 3417 3440 manducasse
3451 3385 3606 3452 dicit,

2025 3481 2167 3535 idem
2193 3480 2379 3535 valere
2408 3496 2472 3534 ac
2500 3480 2548 3535 si
2580 3481 2647 3534 de
2669 3480 2793 3550 igne
2833 3479 3103 3543 dicamus,
3137 3479 3321 3532 omnia
3361 3493 3485 3532 eum
3510 3478 3607 3533 de-

2024 3586 2283 3638 vorasse;
2309 3573 2538 3627 minime
2572 3588 2702 3628 vero
2737 3573 2810 3626 ita
2845 3586 2968 3626 esse
2995 3571 3399 3639 accipiendum,
3436 3580 3607 3625 uteus

2022 3664 2282 3719 dentibus
2316 3674 2372 3719 et
2416 3664 2656 3718 maxillis
2719 3663 3048 3718 mandentes
3111 3663 3292 3717 edisse
3336 3663 3632 3717 dicamus.‘

2021 3758 2202 3824 Quare
2236 3773 2304 3812 ne
2321 3758 2410 3812 hic
2443 3757 2665 3826 quidem
2702 3757 2806 3810 ulla
2834 3756 2901 3810 de
2938 3773 2995 3810 re
3030 3755 3379 3823 haerebimus,
3416 3755 3464 3810 si
3493 3766 3606 3809 tro-

2019 3851 2249 3921 pologiae
2277 3851 2548 3904 vellevem
2584 3865 2742 3904 usum
2768 3849 3092 3902 habeamus.

2093 3944 2161 3997 Et
2195 3943 2413 4012 Trypho
2457 3957 2472 3996 :
2506 3941 2632 3997 Haec
2678 3941 2898 4010 quidem
2939 3941 3020 3993 sic
3067 3938 3224 3992 leniri
3270 3946 3326 3993 et
3361 3938 3605 4008 expediri

2021 4044 2270 4103 possunt,
2315 4033 2360 4086 si
2412 4032 2779 4102 distinguatur
2825 4031 3018 4084 edendi
3059 4031 3290 4094 modus,
3331 4040 3606 4100 quatenus

2019 4127 2362 4194 consumptis
2405 4141 2526 4192 qua:
2577 4125 2643 4178 ab
2678 4123 3322 4192 Abrahamopraeparata
3362 4123 3600 4184 fuerant,

2018 4235 2112 4273 eos
2149 4219 2330 4273 edisse
2355 4220 2621 4288 scriptum
2659 4227 2766 4271 est.
2789 4219 2972 4284 Quare
2991 4217 3100 4285 jam
3129 4217 3425 4286 aggredere
3453 4215 3517 4268 ad
3547 4213 3602 4267 id

2019 4311 2177 4364 nobis
2201 4310 2604 4379 explicandum,
2629 4308 2901 4376 quomodo
2929 4307 3068 4360 Deus
3101 4305 3210 4368 ille,
3240 4305 3330 4374 qui
3368 4303 3602 4355 Abraha:

2018 4404 2288 4473 apparuit,
2335 4411 2389 4456 et
2441 4403 2704 4455 creatoris
2749 4403 3129 4454 universorum
3197 4399 3288 4452 Dei
3352 4399 3600 4450 minister

2018 4507 2121 4566 est,
2143 4512 2210 4551 ex
2235 4495 2721 4566 Virgine-genitus,
2753 4494 2914 4548 homo
2969 4491 3167 4547 similia
3202 4491 3454 4546 omnibus
3479 4506 3601 4560 per-

2019 4591 2222 4658 ferens,
2247 4600 2304 4643 ut
2329 4589 2440 4656 jam
2477 4590 2688 4654 dixisti,
2719 4589 2901 4642 factus
2926 4588 3014 4641 sit.

2089 4687 2160 4738 At
2189 4698 2324 4753 ego:
2353 4683 2515 4737 Prius
2562 4697 2658 4750 per
2699 4692 2750 4734 te
2813 4680 2944 4732 mihi
2977 4681 3164 4744 liceat,
3210 4677 3458 4748 Trypho,
3492 4675 3598 4730 alia
3669 4715 3674 4720 .

2017 4778 2268 4848 quaedam
2305 4783 2626 4846 argumenta
2664 4775 2730 4828 ad
2777 4774 2880 4828 hoc
2909 4783 3072 4840 caput
3108 4771 3354 4840 pluribus
3379 4769 3599 4821 demon-

2017 4871 2303 4926 strandum
2333 4868 2619 4937 colligere,
2658 4875 2786 4919 utet
2809 4867 2962 4920 vobis
2996 4865 3046 4918 id
3097 4878 3314 4932 quoque
3344 4860 3598 4930 explora—

2019 4973 2131 5018 tum
2169 4962 2241 5018 sit
2265 4978 2281 5030 ;
2310 4977 2372 5016 ac
2391 4972 2576 5031 postea
2607 4961 2836 5030 petitum
2864 4973 2894 5010 a
2928 4968 2978 5011 te
3011 4970 3319 5011 sermonem
3351 4953 3594 5007 reddam.

2091 5146 2227 5200 Tum
2263 5145 2351 5199 ille
2375 5163 2389 5200 :
2411 5144 2542 5208 Fac,
2570 5145 2767 5214 inquit,
2804 5152 2862 5197 ut
2888 5143 2981 5196 tibi
3013 5143 3255 5207 videtur;
3289 5140 3419 5194 mihi
3448 5141 3593 5196 enim

2019 5255 2132 5294 rem
2163 5247 2403 5307 optatam
2429 5239 2619 5291 facies.

2086 5328 2176 5386 58.
2213 5329 2365 5383 Idem
2403 5328 2657 5398 probatur
2679 5342 2744 5380 ex
2772 5325 3052 5380 uisionibus
3083 5325 3249 5378 Jacob
3299 5323 3594 5377 oblatis.—

2020 5425 2087 5478 Ει
2116 5439 2219 5494 ego
2253 5424 2363 5478 dixi
2399 5440 2412 5476 :
2450 5420 2762 5489 Scripturas
2797 5420 2946 5474 vobis
2988 5418 3247 5486 referam,
3286 5435 3385 5472 nec
3422 5432 3592 5487 appa-

2016 5525 2200 5570 ratum
2232 5515 2527 5571 verborum
2579 5514 2646 5568 ad
2694 5513 2863 5567 solam
2903 5522 3075 5567 artem
3121 5521 3394 5568 ostentare
3433 5513 3588 5578 volo;

394 5849 1016 5920 (66)llpoce.wdrtwr.
1046 5847 1366 5921 Sylburgius
1392 5848 1676 5922 legendum
1720 5859 1874 5922 putat
1915 5869 1920 5882 α

2036 5849 2385 5907 ιπελθόντων.
2428 5849 2706 5912 Thirlbius
2744 5855 3124 5926 προελθόντων.
