3962 6262
380 343 487 397 607

1301 345 1358 401 8.
1401 344 1670 402 JUSTINI
1707 347 2122 405 PHILOSOPHI
2156 352 2254 406 ET
2279 351 2641 411 MARTYRIS

3546 354 3667 411 eos
3692 338 3709 354 ‘

384 462 726 530 nequeenim
754 462 885 518 mihi
924 471 1009 517 est
1032 461 1297 531 ejusmodi
1323 462 1582 529 facultas,
1615 466 1708 521 sed
1747 474 1958 520 tantmn

2075 468 2198 521 Ξιλλά
2234 471 2392 539 χάρις
2421 469 2572 540 παρά
2603 465 2738 521 Θεοῦ
2771 464 2908 536 μόνη
2924 466 3005 528 είς
3028 464 3088 518 τὸ
3123 463 3362 519 συνιέναι
3390 467 3489 530 τάς
3516 465 3666 537 Γρα-

383 552 566 621 grati-2
594 553 728 608 mihi
777 568 805 606 a
850 553 959 608 Deo
983 567 1272 620 concessa,
1314 564 1373 608 ut
1401 555 1518 623 ejus
1550 556 1861 625 Scripturas
1885 560 1967 611 in-

384 644 672 713 telligam;
718 644 873 711 cujus
915 646 1108 714 gratiae
1154 660 1344 701 omnes
1376 649 1641 704 adhortor
1686 658 1744 703 ut
1794 648 1966 720 gratis

379 745 436 790 et
469 739 689 807 copiose
718 738 1013 808 participes
1040 737 1193 801 ﬁant,
1224 753 1292 792 ne
1311 739 1391 793 vel
1423 739 1525 793 hac
1551 741 1617 795 de
1637 755 1803 796 causa
1835 757 1966 796 con-

382 829 610 885 demner
634 832 687 884 in
711 831 953 901 judicio,
982 831 1123 898 quod
1160 839 1375 883 creator
1402 831 1779 886 universorum
1820 833 1964 888 Deus

379 935 477 991 per
502 922 791 976 Dominum
822 936 1001 974 meum
1031 919 1215 975 Jesunt
1244 919 1521 975 Christum
1570 924 1811 978 facturus
1853 934 1958 978 est.

457 1009 615 1081 155
646 1010 745 1065 Hic
770 1010 1025 1082 Trypho:
1062 1012 1238 1080 Digne
1291 1012 1509 1081 quidem
1542 1014 1805 1083 religione
1857 1016 1963 1072 boc

378 1099 543 1154 etiam
574 1098 746 1166 facis;
783 1102 878 1155 sed
939 1101 1081 1155 mihi
1119 1102 1562 1157 dissimulatione
1610 1105 1685 1158 uti
1733 1105 1961 1175 videris,

380 1204 502 1245 cum
538 1201 589 1245 te
616 1194 885 1249 orationis
914 1193 1148 1248 artificio
1171 1194 1442 1250 distinctae
1465 1196 1780 1252 facultatem
1809 1214 1963 1255 asse-

377 1295 567 1337 cutum
609 1300 793 1351 negas.

448 1374 659 1431 Rursus
681 1393 824 1447 ego:
873 1378 1165 1447 Quoniam,
1203 1383 1446 1450 inquam,
1481 1384 1600 1441 hazc
1650 1385 1723 1440 ita
1772 1401 1831 1441 se
1860 1388 1960 1441 ha-

375 1466 510 1522 bere
549 1469 645 1523 tibi
675 1470 947 1534 videntur,
979 1475 1053 1528 ita
1109 1489 1243 1530 sane
1287 1477 1558 1542 habeant;
1604 1479 1737 1532 mihi
1778 1490 1961 1534 autem

375 1575 697 1626 persuasum
733 1574 817 1618 est
860 1580 1046 1619 verum
1096 1582 1219 1623 esse
1245 1569 1389 1638 quod
1437 1570 1704 1625 dixeram.
1760 1570 1867 1627 Sed
1904 1581 1962 1626 ut

370 1654 484 1723 jam
527 1656 767 1725 reliquas
818 1658 1004 1725 potius
1070 1662 1575 1719 demonstrationes
1638 1679 1956 1736 persequar,

376 1747 614 1799 animum
653 1747 899 1804 adverte.

448 1838 721 1907 Loquere,
754 1840 935 1911 inquit
961 1842 1070 1897 ille.

447 1931 581 1986 Tum
607 1948 710 2001 ego
738 1953 750 1988 :
780 1935 992 1991 Rursus
1021 1952 1052 1991 a
1077 1936 1287 2009 Moyse,
1316 1938 1561 2009 inquam,
1582 1940 1809 2012 fratres,
1823 1945 1960 1999 scri-

376 2031 527 2090 ptum
567 2035 653 2078 est
688 2026 862 2093 ipsum
913 2026 1089 2089 illum,
1116 2029 1208 2096 qui
1254 2029 1401 2084 visus
1454 2032 1789 2099 patriarchis
1819 2035 1959 2089 Deus

374 2113 597 2182 dicitur,
657 2115 926 2184 Angelum
974 2128 1027 2172 et
1066 2119 1351 2175 Dominum
1392 2125 1598 2185 vocari.
1637 2134 1694 2180 ut
1748 2141 1812 2181 ex
1874 2128 1960 2181 his

374 2207 537 2260 etiam
569 2210 916 2277 cognoscatis
951 2225 1075 2265 eum
1128 2214 1343 2281 parenti
1380 2214 1762 2271 universorum
1801 2220 1962 2273 mini-

375 2305 573 2364 strare,
605 2299 1071 2366 quemadmodum
1117 2301 1227 2370 jam
1270 2304 1483 2357 assensi
1519 2305 1678 2371 estis,
1715 2314 1772 2359 et
1823 2320 1960 2361 con-

373 2396 585 2443 stanter
617 2390 864 2460 pluribus
888 2397 1226 2463 argumentis
1248 2410 1570 2464 persuasum
1601 2397 1803 2452 habere
1838 2415 1961 2469 per-

373 2480 533 2551 getis.
571 2480 835 2539 Referens
890 2487 1057 2556 igitur
1111 2504 1208 2556 per
1240 2489 1478 2560 Moysem
1534 2491 1749 2545 divinus
1780 2506 1961 2547 sermo

371 2586 435 2628 ea
496 2587 619 2641 qua:
677 2573 844 2630 Jacob
907 2577 1141 2632 Abrahae
1208 2590 1458 2648 nepotem
1522 2591 1814 2651 spectant,
1886 2585 1960 2637 ita

375 2663 661 2733 loquitur:
725 2685 743 2717 ι
779 2667 844 2721 Ει
888 2667 1098 2721 factum
1137 2679 1245 2734 est,
1290 2675 1510 2741 quando
1574 2675 1961 2744 concipiehant

373 2771 506 2811 oves
541 2758 594 2812 in
629 2768 786 2813 utero
838 2763 1207 2830 accipientes,
1256 2774 1313 2817 et
1373 2766 1483 2820 vidi
1526 2780 1621 2821 eas
1678 2768 1852 2823 oculis
1906 2770 1957 2822 in

373 2851 606 2905 somnis.
646 2851 712 2905 Et
744 2868 876 2907 ecce
913 2855 1077 2918 hirci,
1104 2864 1159 2909 et
1183 2857 1386 2910 arietes
1409 2860 1767 2914 ascendentes
1797 2875 1963 2929 super

374 2963 504 3002 oves
535 2956 592 3003 et
617 2964 835 3018 capras,
879 2950 1113 3015 subalbi,
1141 2960 1197 3006 et
1219 2954 1378 3017 varii,
1415 2962 1469 3007 et
1501 2952 1957 3024 cineritiisparsi.

375 3039 443 3093 Et
483 3041 621 3096 dixit
664 3042 798 3096 mihi
857 3041 1087 3112 angelus
1146 3043 1245 3097 Dei
1297 3059 1393 3113 per
1444 3059 1735 3100 somnum:
1770 3044 1957 3113 Jacob,

2068 560 2173 628 φάς
2210 559 2373 613 αὐτοῦ
2405 559 2562 629 ἐδόθη
2604 575 2725 629 μοι·
2751 549 2820 627 ἧς
2849 556 3075 627 χάριτος
3107 556 3203 610 καὶ
3234 558 3442 622 πάντας
3466 574 3666 611 κοινω-

2066 651 2190 714 νοὺς
2216 649 2491 721 ἀμισθωτὶ
2521 649 2614 703 καὶ
2634 648 2881 718 ἀφθόνως
2897 646 3200 717 παρακαλῶ
3217 647 3484 716 γίνεσθαι,
3505 650 3665 713 ὅπως

2069 742 2143 813 μὴ
2177 745 2270 796 καὶ
2294 743 2484 795 τούτου
2520 742 2680 814 χάριν
2702 740 2885 813 κρίσιν
2923 739 3178 810 ὀφλήσω,
3208 741 3266 792 ὲν
3300 732 3447 813 ᾗπερ
3473 739 3665 811 μέλλει

2066 834 2243 905 κρίσει
2415 836 2500 890 διά
2527 835 2618 890 τοῦ
2637 835 2842 907 Κυρίου
2871 853 2970 907 μου
2997 835 3171 908 Ἰησοῦ
3193 836 3432 908 Χριστοῦ
3452 838 3483 892 6
3502 852 3666 906 ποιη-

2064 927 2163 999 τὴς
2191 927 2300 981 τῶν
2320 928 2457 981 ὅλων
2491 929 2622 993 Θεὸς
2657 929 2949 985 ποιεῖσθαι.

2135 1020 2245 1074 Καὶ
2278 1023 2306 1074 6
2332 1021 2592 1092 Τρύφων-
2645 1020 2836 1085 Ἀξίως
2875 1022 2971 1092 μὲν
3019 1021 3331 1086 θεοσεϐείας
3373 1022 3467 1075 καὶ
3497 1020 3668 1076 τοῦτο

2065 1113 2343 1184 πράττεις-ο
2378 1111 2759 1183 εἰρωνεύεσθαι
2780 1112 2837 1164 δέ
2875 1131 2962 1183 μοι
2994 1115 3198 1181 δοκεῖς,
3226 1114 3401 1183 λέγων
3426 1113 3665 1185 δύναμιν

2063 1201 2237 1273 λόγων
2269 1205 2531 1275 τεχνικῶν
2569 1203 2643 1275 μὴ
2678 1204 2996 1275 κεκτῆσθαι.

2134 1403 2305 1473 Κάγὼ
2355 1404 2516 1459 πάλιν
2546 1407 2950 1479 ἀπεκρινάμηνε
3011 1406 3163 1460 Ἐπεί
3198 1424 3279 1459 σοι
3310 1406 3459 1460 δοκεῖ
3482 1406 3669 1459 ταῦτα.

2062 1494 2238 1560 οὕτως
2290 1496 2454 1567 ἔχειν,
2511 1500 2715 1569 ἐχέτω⁸
2752 1501 2864 1569 ἐγὼ
2895 1501 2952 1554 δὲ
2984 1500 3287 1570 πέπεισμαι
3333 1498 3550 1570 ἀληθῶς
3581 1495 3665 1552 εἷ-

2062 1601 2150 1639 ναι
2170 1586 2303 1657 (67).
2343 1588 2480 1641 Ἀλλ’
2517 1589 2604 1644 ἵνα
2640 1591 2839 1661 μᾶλλον
2871 1592 2968 1655 τάς
2992 1590 3298 1657 ἀποδείξεις
3328 1589 3431 1654 τὰς
3461 1589 3665 1653 λοιπὰς

2064 1675 2164 1747 ἤδη
2202 1678 2539 1749 ποιήσωμαι,
2576 1681 2812 1752 πρόσεχε
2840 1682 2931 1735 τὸν
2963 1682 3107 1735 νοῦν.

1989 1823 2034 1878 Β
2135 1853 2424 1918 Κάκεῖνος·
2462 1856 2623 1923 Λέγε.

2132 1944 2322 2014 Κάγώ⁸
2355 1946 2491 1999 ’Υπὸ
2522 1948 2787 2012 Μωσέως,
2808 1941 2854 2003 ὦ
2873 1948 3109 2017 ἀδελφοὶ,
3136 1948 3296 2001 πάλιν
3319 1949 3661 2019 γέγραπται,

2063 2038 2267 2107 ἔλεγον,
2302 2038 2383 2091 ὅτι
2415 2033 2568 2103 οὗτος
2600 2042 2628 2092 6
2661 2039 2848 2109 ὀφθεὶς
2878 2042 2990 2103 τοῖς
3024 2039 3392 2111 πατριάρχαις
3423 2037 3671 2109 λεγόμε-

2061 2148 2151 2193 νος
2181 2130 2315 2193 Θεὸς
2349 2130 2483 2200 (68),
2538 2131 2633 2184 καὶ
2666 2131 2895 2199 ἄγγελος
2926 2132 3020 2184 καὶ
3054 2131 3260 2202 Κύριος
3292 2131 3532 2198 λέγεται,
3568 2132 3664 2184 ἵνα

2065 2222 2160 2275 κα).
2193 2224 2257 2274 ἐκ
2288 2221 2497 2275 τούτων
2544 2222 2811 2291 ὲπιγνῶτε
2849 2222 3011 2278 αὐτὸν
3045 2221 3425 2293 ὑπηρετοῦντα
3444 2221 3523 2293 τῷ
3549 2222 3679 2275 τῶν.

2061 2312 2199 2366 ὅλων
2233 2313 2430 2383 Πατρὶ,
2492 2312 2568 2376 ὡς
2617 2313 2717 2384 ήδη
2777 2312 3095 2379 συνέθεσθε,
3150 2314 3245 2366 καὶ
3275 2311 3361 2365 διὰ
3397 2312 3679 2365 πλειόνων»

2059 2405 2418 2475 πεπεισμένοι
2454 2404 2686 2474 βεϐαίως
2722 2408 2953 2476 μενεῖτε.
3006 2404 3400 2476 Ἐξηγούμενος
3442 2400 3537 2458 οῦν
3569 2404 3673 2459 διὰ

2062 2497 2306 2560 Μωσέως
2339 2498 2367 2548 6
2399 2497 2554 2565 λόγος
2587 2496 2681 2550 τοῦ
2730 2497 2865 2551 Θεοῦ
2898 2497 2968 2551 τά
3000 2497 3127 2570 περὶ
3176 2497 3373 2551 Ἰακὼϐ
3398 2497 3492 2551 τοῦ
3527 2499 3665 2551 υίω-

2062 2588 2154 2641 νοῦ
2188 2588 2282 2641 τοῦ
2312 2589 2589 2661 ’Λϐραάνμ,
2630 2590 2803 2653 οὔτως
2838 2590 3003 2661 φησί·
3048 2610 3066 2641 ι
3091 2591 3204 2644 Καὶ
3237 2591 3457 2659 ἐγένετο
3489 2591 3664 2662 ἡνίκα

2061 2680 2296 2734 ἐκίσσων
2344 2682 2413 2734 τά
2443 2681 2691 2753 πρόϐατα
2715 2683 2773 2733 ἐν
2806 2683 3007 2753 γαστρὶ
3043 2682 3413 2752 λαμϐάνοντα,
3450 2683 3546 2735 καὶ
3579 2677 3667 2735 el-

2061 2772 2149 2826 δον
2180 2776 2292 2836 τοῖς
2321 2773 2621 2844 ὀφθαλμοῖς
2680 2773 2819 2825 αύτά
2862 2774 2921 2825 ὲν
2969 2772 3046 2844 τῷ
3091 2773 3264 2843 ὕπνῳ.
3303 2775 3413 2827 Καὶ
3444 2773 3577 2835 ἰδοὺ,
3610 2774 3680 2827 οἱ-

2061 2865 2259 2935 τράγοι
2292 2865 2385 2917 καὶ
2417 2866 2466 2917 οἱ
2498 2865 2642 2935 κριοὶ
2666 2864 3050 2929 ἀναϐαίνοντες
3082 2865 3176 2918 ἐπὶ
3197 2865 3268 2919 τά
3295 2864 3544 2936 πρόϐατα
3565 2865 3675 2918 καὶ

2061 2957 2161 3020 τὰς
2206 2953 2388 3027 αἶγας,
2423 2958 2697 3011 διάλευκοι
2750 2958 2847 3010 καλ⁵
2898 2958 3132 3011 ποικίλοι
3185 2959 3277 3011 καὶ
3334 2958 3667 3021 σποδοειδεῖς

2065 3048 2267 3119 ραντοί.
2291 3050 2402 3103 Καὶ
2431 3046 2551 3102 εῖπέ
2589 3067 2678 3120 μοι
2696 3053 2724 3103 6
2754 3049 2982 3119 ἄγγελος
3011 3049 3106 3102 τοῦ
3128 3049 3263 3103 Θεοῦ
3291 3050 3413 3103 καθ’
3432 3050 3675 3114 ὓπνουςκ

374 3131 564 3188 Jacob.
607 3133 721 3203 Ego
753 3142 934 3189 autem
966 3136 1081 3189 dixi
1109 3152 1122 3187 :
1160 3134 1300 3200 Quid
1364 3128 1471 3201 est,
1504 3137 1769 3192 Domine?
1796 3148 1851 3192 ct
1880 3138 1961 3192 di-

2075 3139 2282 3205 Ἰακὼϐ,
2319 3140 2534 3196 Ἰακώϐ.
2568 3141 2711 3211 Ἐγὼ
2744 3143 2801 3195 δὲ
2840 3138 3017 3195 εἷπον·
3051 3144 3115 3196 Τί
3162 3147 3299 3208 ἐστι,
3325 3144 3681 3215 ΚύριεςΚαὶ

377 3226 494 3280 xit:
524 3225 756 3297 Respice
809 3226 982 3282 oculis
1024 3228 1151 3290 tuis,
1188 3236 1245 3282 et
1306 3230 1431 3283 vide
1462 3230 1645 3285 hircos
1676 3240 1729 3285 et
1761 3231 1960 3286 arietes

376 3319 739 3373 ascendentes
767 3334 934 3389 super
966 3335 1096 3376 oves
1119 3332 1174 3377 et
1206 3338 1435 3391 capras,
1474 3324 1763 3388 subalbos,
1789 3333 1844 3377 et
1868 3338 1963 3377 va-

377 3410 510 3475 rios,
562 3419 619 3465 et
650 3411 935 3466 cineritios
983 3429 1224 3481 sparsos.
1264 3416 1385 3471 Vidi
1435 3416 1580 3469 enim
1625 3431 1964 3486 qtuecunque

379 3501 474 3555 tibi
507 3500 690 3556 Laban
731 3501 883 3557 facit.
921 3502 1035 3574 Ego
1075 3519 1196 3559 sum
1251 3507 1421 3571 Deus,
1454 3507 1545 3575 qui
1582 3508 1811 3578 apparui
1865 3509 1963 3564 tibi

377 3595 430 3647 iu
462 3594 583 3648 loco
613 3595 744 3649 Dei:
787 3595 877 3649 ubi
938 3598 1148 3651 unxisti
1185 3598 1318 3652 Inibi
1381 3599 1453 3653 ibi
1492 3599 1731 3664 titulum,
1782 3610 1837 3655 et
1870 3616 1967 3655 vo-

376 3687 505 3741 visti
566 3688 640 3742 ibi
680 3698 892 3741 votum.
928 3687 1083 3743 Nune
1124 3690 1295 3760 igitur
1324 3692 1438 3756 exi,
1495 3701 1550 3745 et
1602 3706 1868 3763 consurge
1899 3694 1965 3747 de

380 3793 520 3835 terra
547 3780 668 3846 hac,
708 3791 763 3835 et
826 3781 913 3835 abi
955 3781 1007 3834 iu
1054 3790 1260 3837 terram
1315 3786 1696 3855 generationis
1733 3797 1876 3853 tum;
1911 3796 1965 3842 et

377 3888 473 3926 ero
518 3882 693 3926 tecum
730 3873 826 3925 ⁸⁸.»
875 3874 1057 3942 Atque
1118 3874 1314 3928 iterum
1341 3876 1449 3930 alio
1499 3876 1619 3930 loco
1676 3878 1743 3933 de
1792 3876 1967 3935 Jacob

378 3964 628 4035 loquens,
673 3965 747 4019 ita
795 3966 967 4020 dicit:
1012 3984 1031 4017 ι
1069 3964 1311 4035 Surgcns
1336 3979 1517 4023 autem
1550 3978 1711 4024 nocte
1751 3969 1837 4023 illa
1871 3987 1964 4027 ac-

380 4060 526 4127 cepit
553 4059 687 4112 duas
730 4074 951 4121 uxores,
995 4070 1049 4112 et
1111 4059 1246 4114 duas
1287 4060 1535 4125 ancillas,
1591 4073 1646 4117 et
1710 4063 1963 4117 undecim

380 4153 638 4223 parvulos
664 4169 827 4220 suos,
862 4165 918 4207 et
951 4155 1209 4209 transivit
1236 4156 1529 4210 transitum
1556 4155 1746 4218 Jaboc.
1776 4166 1830 4211 et
1877 4174 1965 4212 ac-

379 4248 523 4315 cepit
558 4262 671 4310 eos,
713 4257 768 4301 et
798 4248 1059 4301 transivit
1108 4258 1433 4314 torrentem,
1462 4257 1521 4302 et
1570 4249 1811 4304 traduxit
1841 4265 1956 4304 om-

383 4342 473 4395 nia
500 4356 618 4395 sua.
655 4341 939 4394 Remausit
995 4349 1176 4395 autem
1206 4340 1373 4395 Jacob
1407 4342 1592 4408 solus;
1627 4352 1678 4395 et
1716 4342 1962 4398 luctaba-

384 4442 472 4486 tur
496 4432 720 4499 angelus
754 4446 876 4485 eum
908 4447 973 4485 eo
1011 4447 1183 4500 usque
1224 4448 1403 4486 mane.
1435 4431 1578 4485 Vidit
1607 4442 1807 4501 autem,
1836 4435 1962 4505 quia

384 4542 493 4581 non
518 4526 658 4580 valet
698 4541 824 4595 erga
867 4540 990 4578 eum
1020 4542 1033 4577 :
1067 4534 1121 4579 et
1156 4525 1333 4594 tetigit
1362 4524 1705 4580 latitudinem
1740 4524 1966 4583 feruoris
2001 4508 2043 4562 θ

381 4620 525 4690 ejus,
556 4629 610 4673 et
636 4618 909 4687 obtorpuit
946 4617 1180 4671 latitudo
1212 4618 1440 4673 femoris
1485 4616 1676 4683 Jacoh,
1717 4619 1843 4673 dum
1884 4620 1968 4673 lu-

383 4722 564 4767 ctatur
594 4712 708 4781 ipse
774 4726 899 4764 cum
968 4726 1055 4766 eo.
1110 4710 1179 4763 Et
1239 4710 1381 4763 dixit
1428 4709 1518 4763 ei:
1586 4710 1806 4764 Dimitte
1857 4727 1963 4776 me,

384 4806 634 4862 ascendit
662 4807 806 4859 enim
840 4804 1162 4859 diluculum.
1213 4805 1283 4857 At
1317 4804 1409 4857 ille
1439 4803 1613 4857 dixit:
1645 4802 1763 4858 Non
1807 4813 1859 4859 te
1886 4804 1965 4857 di~

385 4900 594 4954 mittam
617 4942 630 4965 ,
662 4899 763 4951 nisi
799 4913 882 4950 me
913 4896 1276 4950 henedixeris.
1311 4895 1464 4949 Dixit
1492 4906 1673 4949 autem
1701 4897 1784 4950 ei:
1808 4897 1965 4963 Quod

383 5003 468 5047 est
498 5007 693 5046 nomen
734 4991 920 5044 tttmn?
958 4991 1030 5043 At
1061 4989 1147 5043 ille
1172 4989 1311 5043 dixit
1336 5007 1351 5043 :
1376 4988 1569 5047 Jacob.
1604 4990 1670 5046 Et
1698 4992 1836 5046 dixit
1866 4993 1913 5048 ei
1942 5011 1957 5047 :

387 5084 504 5138 Non
536 5084 822 5138 vocabitur
852 5082 992 5136 ultra
1028 5096 1224 5136 nomen
1259 5091 1407 5135 tuum
1446 5080 1636 5149 Jacob,
1667 5084 1760 5139 sed
1796 5084 1962 5140 Israel

493 5222 536 5253 ⁸⁸
555 5221 696 5276 Gen.
729 5236 883 5284 xui,
912 5219 1106 5274 10-13.

458 5333 587 5411 (66⁸)
786 5333 937 5437 ᾖᾷερ
955 5336 1167 5437 magis:
1206 5336 1415 5404 κρίσει.
1447 5334 1511 5389 ll.
1536 5350 1587 5389 e.
1619 5335 1679 5388 ἐν
1700 5337 1763 5405 τῇ
1794 5335 1973 5407 κρίσει

386 5407 574 5493 ἥνπερ
601 5407 993 5486 μέλλειζὲΕυιτ.
1024 5407 1261 5489 Pnttoh.
1388 5479 1399 5490 ι

459 5480 572 5559 (ϐλ)
609 5482 889 5559 Ἀληᾷως-
902 5475 1072 5559 circa.
1121 5479 1275 5559 Legit
1300 5477 1578 5559 Thtrlbius
1609 5472 1784 5539 ἄλλως
1802 5471 1965 5559 εἶναι,

388 5550 471 5602 vel
501 5549 713 5619 ἀληθῶς
747 5552 938 5601 εἰπεῖν.
971 5549 1070 5601 Cui
1110 5549 1323 5619 quidem
1357 5549 1685 5617 conjecturae
1709 5557 1967 5617 quantum

395 5618 742 5672 tribuendum
777 5622 868 5682 sit,
904 5621 1135 5672 aliorum
1166 5618 1592 5686 estujudicium.

466 5689 580 5760 (68)
618 5687 689 5769 '_0_
716 5689 986 5769 ὀφθεὶς...
1013 5689 1336 5769 λεγόμενος
1369 5690 1533 5755 Θεός.
1571 5688 1864 5769 Respicere
1892 5687 1973 5740 vi-

394 5758 646 5812 deturad
678 5759 848 5830 ipsius
883 5760 973 5812 Dei
1022 5760 1210 5830 verba,
1239 5775 1380 5830 qute
1405 5775 1513 5830 non
1546 5761 1715 5817 multo
1743 5767 1862 5830 post
1888 5774 1974 5815 se-

394 5836 655 5899 quuntur.
702 5826 843 5896 Ἐγώ
869 5830 983 5898 εἰμι
1012 5829 1040 5882 ό
1070 5828 1202 5893 Θεὸς
1231 5826 1273 5881 6’
1291 5828 1475 5898 ὀφθείς
1516 5846 1616 5883 σοι.

2067 3228 2237 3285 εἶπεψ
2288 3233 2618 3303 Ἀνάϐλεψον
2656 3237 2769 3298 τοῖς
2799 3234 3098 3306 ὀφθαλμοῖς
3143 3252 3257 3303 σου,
3303 3238 3395 3289 καὶ
3431 3237 3505 3289 ίδε
3530 3238 3666 3300 τοὺς

2065 3325 2300 3396 τράγους
2327 3329 2421 3380 καὶ
2472 3330 2599 3391 τοὺς
2630 3330 2819 3399 κριοὺς
2857 3328 3249 3392 ἀναϐαίνοντας
3291 3329 3385 3383 ἐπὶ
3416 3329 3485 3383 τά
3524 3331 3669 3401 πρό-

2068 3414 2208 3469 ϐατα
2231 3415 2456 3479 καὶτὰς
2504 3413 2687 3485 αἶγας,
2722 3416 3038 3480 διαλεύκους
3099 3417 3193 3469 καὶ
3242 3416 3520 3479 ποικίλους
3565 3418 3679 3472 καὶ

2068 3508 2395 3572 σποδοειδεῖς
2442 3508 2695 3581 ραν-τούς.
2738 3507 2992 3579 Ἑώρακα
3037 3507 3147 3578 γὰρ
3198 3508 3299 3560 ὅσα
3334 3524 3414 3561 σοι
3466 3508 3671 3563 Λάϐαν

2067 3604 2228 3655 ποιεῖ.
2271 3600 2413 3670 Ἐγώ
2476 3603 2590 3672 εἰμι
2617 3603 2645 3653 6
2674 3600 2807 3664 Θεὸς
2865 3603 2893 3654 6
2942 3599 3127 3669 ὀφθείς
3177 3618 3259 3654 σοι
3312 3603 3370 3654 ὲν
3404 3600 3481 3670 τῷ
3507 3601 3675 3672 τόπῳ

2067 3693 2222 3759 Θεοῦ,
2264 3688 2324 3747 οὗ
2356 3692 2582 3764 ἡλειψάς
2613 3710 2703 3764 μοι
2722 3694 2838 3746 ἐκεῖ
2870 3692 3089 3763 στήλην,
3124 3695 3219 3746 καὶ
3251 3692 3401 3764 ηὔξω
3432 3694 3549 3746 ἐκεῖ
3579 3695 3676 3746 εύς

2067 3788 2191 3857 χήν.
2222 3786 2336 3839 Νῦν
2369 3782 2462 3840 σῦν
2498 3785 2677 3851 ἔξελθε
2710 3786 2806 3839 καὶ
2837 3784 3105 3857 ἀνάστηθι
3163 3785 3273 3857 (69)
3307 3787 3372 3839 ὲκ
3425 3786 3524 3856 τῆς
3556 3786 3677 3857 γῆς

2065 3876 2290 3946 ταύτης,
2326 3876 2421 3929 καὶ
2466 3874 2666 3932 ἄπελθε
2710 3876 2790 3938 είς
2820 3874 2919 3947 τὴν
2950 3875 3054 3945 γῆν
3099 3876 3198 3947 τῆς
3229 3875 3497 3944 γενέσεώς
3541 3891 3666 3943 σου,

2068 3968 2162 4022 καὶ
2194 3967 2386 4039 ἔσομαι
2423 3966 2563 4038 μετά
2597 3966 2744 4021 σοῦ.»
2778 3968 2889 4022 Καὶ
2950 3967 3113 4021 πάλιν
3159 3968 3218 4021 ὲν
3259 3967 3439 4030 ἄλλοις
3476 3966 3669 4036 λόγοις

2068 4062 2195 4131 περὶ
2217 4059 2381 4114 αὑτοῦ
2404 4059 2499 4113 τοῦ
2534 4059 2731 4115 Ἰακὼϐ
2784 4059 2978 4129 λέγων,
3033 4058 3208 4124 οὕτως
3243 4058 3426 4131 φησίν·
3459 4079 3478 4111 ι
3499 4060 3669 4115 Ἀνα-

2068 4153 2200 4217 στάς
2240 4153 2297 4205 δὲ
2323 4152 2422 4223 τὴν
2456 4153 2627 4207 νύκτα
2656 4155 2890 4225 ἐκείνην,
2926 4153 3083 4207 ἔλαϐε
3114 4154 3213 4216 τὰς
3242 4153 3336 4206 δύο
3367 4156 3671 4221 γυναῖκας,

2066 4248 2160 4300 καὶ
2187 4246 2286 4309 τάς
2314 4246 2407 4299 δύο
2441 4246 2753 4311 παιδίσκας,
2798 4247 2892 4299 καὶ¹
2922 4245 2992 4299 τὰ
3023 4245 3214 4299 ἕνδεκα
3244 4246 3433 4298 παιδία
3465 4245 3662 4307 αὑτοῦ,

2068 4339 2160 4393 καὶ
2191 4337 2341 4409 διέϐη
2380 4336 2477 4408 τὴν
2510 4337 2759 4391 διάϐασιν
2792 4336 2885 4390 τοῦ
2922 4335 3133 4408 Ἰαϐώχ·
3188 4337 3280 4389 καὶ
3330 4335 3521 4389 ἐλαϐεν
3558 4338 3664 4389 αύ-

2067 4429 2213 4492 τοὺς,
2243 4428 2337 4480 καὶ
2355 4426 2506 4499 διέϐη
2537 4428 2630 4481 τὸν
2663 4428 3021 4499 χειμάρρουν,
3056 4428 3149 4479 καὶ
3179 4426 3450 4480 διεϐίϐασε
3478 4427 3667 4480 πάντα

2071 4522 2141 4576 τά
2173 4521 2359 4576 αὐτοῦ.
2399 4522 2728 4593 ’Υπελείφθη
2759 4523 2817 4576 δὲ
2837 4520 3033 4575 Ἰακὼϐ
3067 4522 3243 4593 μόνοςο
3276 4523 3370 4575 καὶ
3398 4521 3665 4574 ὲπάλαιεν

2072 4616 2303 4685 ἄγγελος
2340 4617 2450 4688 (70)
2479 4618 2595 4688 μετ’
2629 4615 2796 4670 αὐτοῦ
2830 4614 2935 4678 ἕως
2981 4616 3145 4685 πρωϊ.
3200 4610 3321 4667 Εἷδε
3363 4613 3441 4678 δὲ,
3483 4614 3569 4666 ὅτι
3598 4614 3662 4666 ού

2072 4709 2293 4762 δύναται
2325 4710 2462 4781 πρὸς
2490 4709 2672 4774 αὑτὸν,
2694 4710 2789 4762 καὶ
2814 4708 2991 4779 ἥψατο
3021 4708 3115 4761 τοῦ
3153 4707 3390 4769 πλάτους
3420 4704 3511 4759 τοῦ
3551 4724 3630 4775 μη
3648 4736 3664 4745 -

2076 4803 2169 4874 ροῦ
2204 4803 2391 4868 αὑτοῦ,
2428 4805 2521 4857 καὶ
2552 4804 2821 4875 ἐνάρκησε
2866 4803 2928 4856 τὸ
2962 4802 3161 4866 πλάτος
3190 4799 3285 4853 τοῦ
3324 4798 3500 4870 μηροῦ
3556 4802 3666 4852 Ἰα-

2072 4896 2190 4950 κὼϐ
2243 4900 2300 4951 ὲν
2333 4896 2411 4968 τῷ
2443 4896 2695 4951 παλαίειν
2728 4895 2890 4949 αὑτὸν
2947 4896 3064 4965 μετ’
3097 4891 3285 4946 αὑτοῦ.
3350 4892 3461 4945 Καὶ
3505 4887 3669 4944 εἶπεν

2072 4990 2241 5061 αὐτῷ·
2285 4990 2633 5043 Ἀπόστειλόν
2679 5007 2765 5061 με·
2804 4986 2973 5057 ἀνέϐη
3018 4986 3128 5058 γὰρ
3176 4988 3205 5039 6
3250 4984 3464 5057 ὄρθρος.
3512 4985 3571 5038 '0
3602 4984 3664 5037 δὲ

2074 5079 2244 5138 εἶπεν
2282 5085 2354 5139 Ού
2384 5084 2458 5155 μή
2512 5101 2572 5137 σε
2604 5082 2929 5147 ἀποστείλω,
2974 5080 3070 5135 ἐὰν
3118 5081 3193 5151 μή
3230 5096 3297 5151 με
3334 5078 3662 5150 εύλογήσῃς.

2153 5334 2263 5406 (69)
2290 5335 2535 5400 Ἔξελοε
2575 5335 2673 5389 καὶ
2718 5336 3034 5403 ἀνάστηθι.
3060 5334 3290 5406 Schema
3324 5343 3409 5406 est
3438 5331 3664 5406 prothy-

2076 5401 2297 5473 sterori;
2330 5410 2464 5461 ordo
2503 5406 2648 5460 enim
2686 5421 2847 5460 verus
2872 5401 2956 5461 est
3012 5404 3278 5477 ἀνάστηθι
3318 5404 3412 5457 καὶ
3441 5401 3661 5470 ἔξελθε.

2077 5478 2233 5532 Sne.

2149 5546 2262 5619 (70)
2300 5548 2594 5617 Ἄγγελος.
2621 5544 2842 5619 Legitur
2874 5547 2927 5619 in
2954 5545 3142 5601 Bibliis
3162 5546 3467 5619 ἄνθρωπος,
3498 5552 3664 5619 atque

2080 5616 2168 5672 ita'
2221 5616 2506 5687 legendum
2554 5618 2696 5685 apud
2747 5616 3019 5671 Justinum
3070 5618 3362 5687 contendit
3408 5617 3661 5687 eruditus

2081 5685 2444 5742 Londiriensis
2468 5689 2664 5751 editor,
2696 5699 2753 5741 ut
2779 5687 2920 5741 infra
2953 5704 3009 5741 η.
3036 5687 3159 5741 126.
3192 5686 3457 5755 Equidem
3484 5685 3535 5738 ei
3566 5698 3664 5737 as-

2081 5759 2340 5824 sentirer,
2371 5758 2415 5811 si
2454 5756 2701 5812 Justinus
2735 5772 2953 5825 semper
3004 5772 3127 5810 cum
3164 5757 3351 5812 Bibliis
3380 5755 3661 5810 consenti-

2084 5837 2195 5896 ret,
2223 5838 2316 5892 aut
2349 5828 2665 5899 Scripturas
2687 5841 2902 5899 semper
2927 5830 3118 5884 eodem
3145 5827 3305 5883 modo
3332 5825 3581 5884 referret.
