3962 6262
280 359 368 414 609
1258 362 1606 423 DIA'LOGUS
1643 365 1792 422 CUM
1831 365 2211 425 TRYPHONE
2248 371 2514 431 JUDASO.
3481 387 3594 444 630

275 471 390 527 Eine
417 472 471 526 δέ
496 469 661 543 αὐτῷ’
695 472 781 527 Τί
826 476 908 530 τὸ
944 478 1141 549 ὄνομα
1176 496 1268 533 σου
1302 482 1487 548 tactv;
1534 482 1591 534 ὐ
1626 482 1683 534 δὲ
1728 478 1892 535 εἶπενι

2006 484 2113 539 erit
2142 500 2341 543 nomen
2381 499 2532 543 tuum
2553 529 2568 555 ,
2598 489 2690 560 qui
2744 490 3019 549 invaluisti
3041 510 3173 550 eum
3231 496 3366 565 Deo,
3392 507 3449 555 et
3471 514 3597 555 cum

273 564 465 620 Ἰακώϐ.
494 562 633 618 Εῐτεε
660 564 723 618 δὲ
756 568 976 641 αὐτῷ’
1032 573 1111 625 Οὐ
1161 572 1492 645 κληθήσεται
1536 573 1617 626 ἔτι
1644 574 1706 626 τὸ
1732 573 1892 645 ὄνομά

2010 576 2327 637 hominibus
2355 592 2552 652 potens
2589 583 2719 638 eris.
2761 580 2935 639 Jacob
2987 594 3171 642 autem
3215 562 3595 661 interrogavit,

273 678 357 716 σου
380 657 597 724 Ἰακὼϐ,
650 659 810 713 ἀλλὰ
865 662 1112 735 Ἰσραὴλ
1145 663 1297 718 ἔσται
1354 666 1416 718 τὸ
1447 665 1622 737 ὄνομά
1676 667 1892 719 σουοὸτι

2012 678 2070 722 et
2103 670 2286 726 dixit:
2320 672 2599 729 Annuntia
2636 674 2771 728 mihi
2800 690 2997 731 nomen
3021 687 3197 733 tuum.
3224 681 3289 735 Et
3324 657 3497 737 dixit:
3532 685 3598 738 Ut

272 755 543 823 ὲνὶσχνσας
573 752 719 823 μετὰ
755 755 871 809 τοῦ
908 756 1082 823 Θεοῦ,
1117 758 1210 811 καὶ
1244 756 1381 828 μετὰ
1412 757 1720 830 ἀνθρώπων
1752 758 1892 813 δυναμ

2002 762 2131 829 quid
2163 763 2267 819 hoe
2299 766 2605 836 interrogas
2635 776 2686 820 tu
2726 783 2922 823 nomen
2976 774 3198 827 meum?
3225 775 3294 829 Et
3316 774 3598 831 benedixit

278 847 359 910 τὶς
387 847 502 917 ἔσῃ.
530 842 853 919 Ἦρώτησε
889 850 954 903 δὲ
990 850 1214 915 Ἰακὼϐ,
1239 851 1333 905 καὶ
1360 846 1530 905 εἶπεν·
1556 851 1892 920 Ἀνάγγειλόι

2002 867 2127 907 eum
2152 856 2254 911 ibi.
2280 857 2348 911 Et
2387 863 2619 915 vocavlt-
2646 859 2818 915 Jacob
2847 877 3043 917 nomen
3082 864 3184 919 loci
3236 867 3401 935 illius,
3440 870 3596 925 Visio

280 959 364 1012 μοι
382 941 438 993 τὸ
456 940 639 1011 δνομά
670 957 800 995 σου.
840 943 969 996 Καὶ
995 940 1168 998 εἶπενο
1189 944 1304 998 Ἵνα
1334 944 1387 997 τί
1415 942 1576 997 τοῦτο
1602 946 1813 1015 ἐρωτᾷς
1839 943 1892 997 τὲ

2004 944 2121 999 Dei.
2168 943 2284 1001 Vidi
2309 948 2453 1002 enim
2500 948 2669 1004 Deum
2722 950 2864 1007 faeie
2894 954 2962 1006 ad
3020 953 3251 1023 faciem;
3288 968 3343 1013 et
3397 960 3592 1028 gavisa

277 1035 438 1103 δνομά
472 1051 619 1104 μου;
653 1035 781 1088 Καὶ
831 1036 1139 1109 εὐλόγησεν
1172 1037 1332 1091 αὑτὸν
1374 1038 1509 1091 ἐκεῖ.
1545 1037 1657 1090 Καὶ
1706 1036 1892 1090 ὲκάλε·

2003 1044 2089 1089 est
2122 1037 2307 1092 anima
2334 1055 2451 1094 mea
2490 1042 2590 1095 ⁸⁸.»
2626 1042 2695 1096 Et
2737 1042 2867 1098 item
2897 1043 3028 1099 alibi
3083 1046 3150 1101 de
3173 1049 3367 1103 eodem
3419 1050 3593 1108 Jacob

279 1143 363 1178 σεν
391 1123 595 1178 Ἰακὼϐ
629 1126 697 1178 τὸ
724 1125 912 1197 ὄνομα
933 1128 1034 1181 τοῦ
1066 1128 1233 1182 τόπου
1267 1129 1502 1194 ἐκείνου,
1539 1126 1694 1193 Εἶδος
1724 1127 1860 1183 Θεοῦ
1880 1144 1892 1160 ·

2002 1130 2171 1183 verba
2199 1129 2431 1197 faciens,
2493 1135 2611 1189 hate
2644 1135 2775 1190 dicit
2804 1155 2817 1190 :
2875 1155 2894 1188 ‹
2930 1138 3088 1193 Venit
3122 1153 3307 1196 autem
3337 1142 3509 1200 Jacob
3540 1147 3593 1201 iu

279 1215 408 1272 εἶδον
435 1218 550 1291 γὰρ
585 1218 731 1272 Θεὸν
763 1221 1070 1292 πρόσωπον
1099 1222 1237 1293 πρὸς
1257 1222 1571 1294 πρόσωπον,
1595 1223 1691 1275 καὶ
1724 1223 1892 1295 ἐχάρη

2001 1217 2170 1284 Luca,
2201 1235 2320 1289 qua:
2348 1232 2436 1278 est
2487 1225 2541 1278 in
2574 1234 2715 1280 terra
2761 1225 3049 1295 Chanaan,
3082 1246 3209 1299 qua:
3242 1242 3329 1287 est
3383 1234 3592 1303 Bethel,

279 1313 313 1382 ἡ
340 1311 485 1383 ψυχή
524 1328 698 1381 μου.)
736 1314 855 1366 Καὶ
887 1313 1051 1367 πάλιν
1090 1316 1146 1368 ἐν
1181 1314 1389 1387 ἑτέροις
1422 1314 1554 1386 περὶ
1606 1314 1700 1368 τοῦ
1732 1314 1892 1368 αὐτοῦ

2000 1322 2055 1366 et
2111 1314 2248 1382 ipse,
2282 1323 2341 1369 et
2395 1317 2575 1372 omnis
2612 1317 2868 1387 populus,
2909 1322 3004 1389 qui
3066 1335 3188 1377 erat
3244 1340 3369 1379 cum
3400 1342 3507 1392 eo;
3540 1339 3597 1384 et

280 1404 473 1458 Ἰακὼϐ
505 1404 894 1473 ἐξαγγέλλων,
930 1405 1107 1459 ταῦτά
1140 1424 1321 1477 φησιν’
1362 1425 1383 1458 ‹
1412 1402 1583 1460 Ἦλθε
1617 1408 1673 1461 δὲ
1702 1408 1892 1462 Ἰακὼϐ

1998 1408 2291 1462 :rdificavit
2320 1410 2395 1465 ibi
2426 1426 2581 1465 aram
2604 1452 2618 1476 ,
2661 1422 2717 1466 et
2752 1414 2971 1469 vocavit
3004 1432 3207 1471 nomen
3234 1418 3335 1475 loci
3367 1420 3590 1489 Betliel;

280 1499 360 1560 εἰς
388 1496 595 1562 Λουζᾶ,
633 1498 672 1567 ἦ
709 1500 864 1550 ἐστιν
898 1499 978 1561 εἰς
1008 1499 1110 1569 γῆν
1138 1500 1383 1561 Χαναὰν,
1430 1500 1466 1570 ἦ
1496 1501 1620 1553 ἐστι
1670 1500 1892 1573 autem,

2001 1500 2113 1555 illic
2140 1500 2288 1556 enim
2345 1504 2603 1572 apparuit
2643 1506 2691 1559 ei
2743 1506 2907 1573 Deus,
2962 1524 3086 1563 cum
3148 1510 3267 1579 ipse
3320 1512 3590 1582 fugereta

284 1591 466 1654 αὐτὸς,
502 1592 603 1643 καὶ
647 1592 763 1654 πᾶς
792 1594 821 1644 6
852 1590 981 1654 λαὸς
1006 1589 1069 1655 ὃς
1094 1587 1162 1661 ἦν
1200 1594 1314 1661 μετ’
1343 1592 1530 1645 αὐτοῦ’
1569 1593 1667 1646 καὶ
1693 1593 1892 1664 ᾠκοδό-

1996 1590 2143 1647 facie
2173 1593 2315 1647 Esau
2344 1593 2534 1650 fratris
2570 1595 2678 1651 sui.
2713 1596 2926 1652 Mortua
2962 1608 3049 1653 est
3098 1611 3284 1656 autem
3319 1602 3588 1672 Deborra,

291 1699 456 1752 μησεν
490 1683 620 1734 ἐκεῖ
662 1682 1083 1754 θυσιαστήριον,
1121 1684 1215 1735 καὶ
1255 1683 1484 1736 ἐκάλεσε
1504 1684 1563 1737 τὸ
1595 1684 1765 1756 ὄνομα
1797 1685 1892 1739 τοῦ

1998 1685 2187 1739 nutrix
2228 1685 2513 1752 Rebeccm,
2553 1697 2607 1742 et
2668 1691 2878 1759 sepulta
2936 1701 3019 1746 est
3067 1693 3209 1748 infra
3245 1694 3435 1751 Bethel
3489 1701 3590 1755 sub

287 1774 445 1826 τόπου
487 1774 714 1827 ἐκείνου
750 1774 973 1847 Βαιθήλο
1012 1776 1131 1828 ἐκεῖ
1161 1775 1269 1848 γὰρ
1321 1776 1493 1849 ἐφάνη
1524 1776 1672 1848 αὐτῷ
1704 1781 1731 1831 6
1761 1778 1892 1843 Θεὸς

1998 1792 2241 1846 quercu;
2294 1786 2349 1832 et
2384 1779 2605 1835 vocavit
2639 1778 2816 1837 Jacob
2866 1797 3064 1839 nomen
3121 1785 3259 1854 ejus,
3316 1787 3589 1855 Quercum

289 1866 343 1918 ἐν
368 1865 445 1937 τῷ
479 1866 913 1938 ἀποδιδράσκειν
942 1866 1051 1921 ἀπὶ
1080 1868 1373 1940 προσώπου
1408 1868 1503 1923 τοῦ
1544 1870 1773 1940 ἀδελφοῦ
1808 1872 1892 1925 αὑ-

2000 1870 2207 1925 1uctus.
2241 1869 2403 1943 156
2430 1871 2700 1942 Apparuit
2736 1884 2918 1930 autem
2964 1877 3105 1931 Deus
3138 1879 3237 1945 ipsi
3271 1878 3445 1936 Jacob
3486 1882 3587 1935 ad-

289 1957 377 2012 τοῦ
422 1959 630 2013 Ἡσαῦ.
668 1959 940 2013 Ἀπέθανε
973 1960 1030 2014 δὲ
1062 1961 1306 2034 Δεϐόρῤα
1338 1964 1372 2033 ἠ
1411 1961 1613 2033 τροφὸς
1682 1963 1899 2017 Ῥεϐέκ-

292 2069 408 2114 κας,
431 2052 529 2104 καὶ
559 2053 745 2123 ἐτάφη
783 2052 1081 2123 κατωτέρω
1125 2052 1329 2124 Βαιθὴλ
1370 2053 1477 2107 ὑπὸ
1518 2053 1613 2108 τὸν
1647 2054 1894 2125 βάλανονο

292 2146 379 2197 καὶ
398 2145 665 2198 ἐκάλεσεν
685 2144 885 2198 Ἰακὼϐ
911 2146 974 2197 τὸ
1003 2146 1174 2216 ὄνομα
1196 2146 1368 2217 αὐτῆς
1390 2145 1629 2201 Βάλανον
1646 2147 1894 2213 πένθους.

298 2239 468 2309 Ὠφθη
498 2240 559 2291 δὲ
594 2241 625 2291 6
649 2237 787 2302 Θεὸς
812 2238 893 2309 τῷ
939 2238 1136 2292 Ἰακὼϐ
1166 2239 1247 2292 ἐτι
1292 2242 1351 2292 ἐν
1378 2240 1578 2311 Λουζᾷ,
1613 2240 1701 2293 ὅτε
1728 2257 1898 2313 παρε-

292 2331 473 2399 γένετο
502 2333 574 2384 ἐκ
608 2330 1043 2402 Μεσοποταμίας
1071 2331 1170 2401 τῆς
1210 2328 1430 2402 Συρίας,
1466 2331 1562 2385 καὶ
1605 2332 1896 2404 εὐλόγησεν

293 2423 466 2474 αὐτόν’
500 2422 605 2475 καὶ
628 2418 785 2475 εἶπεν
815 2421 967 2493 αὖτῷ
993 2424 1022 2475 6
1068 2423 1222 2487 Θεός’
1251 2422 1325 2475 Τὸ
1356 2422 1529 2494 ὄνομα
1558 2442 1652 2478 σου
1698 2424 1896 2480 Ἰακὼϐ

291 2513 349 2565 οὗ
376 2513 724 2585 κληθήσεται
754 2512 857 2577 ἔτι,
878 2514 1021 2567 ἀλλὰ
1038 2514 1258 2585 Ἰσραὴλ
1288 2514 1443 2569 ἔσται
1459 2514 1519 2569 τὸ
1541 2515 1716 2571 ὅνοιιά
1739 2534 1855 2572 σου.
1870 2536 1890 2571 ι

291 2606 417 2670 Θεὸς
444 2608 729 2671 καλεῖται,
760 2608 856 2660 καὶ
882 2607 1017 2670 Θεός
1042 2610 1182 2671 ἐστι,
1206 2609 1301 2661 καὶ
1323 2608 1497 2664 ἔσται.
1532 2610 1643 2663 Καὶ
1675 2626 1897 2663 συννευ-

292 2700 495 2753 σέντων
521 2702 650 2763 ταῖς
684 2700 955 2768 κεφαλαῖς
991 2700 1268 2765 ἁπάντων,
1293 2700 1429 2773 ἔφην
1459 2700 1587 2770 ἐγώ·
1627 2701 1738 2754 Καὶ
1768 2703 1895 2765 τοὺς

291 2791 474 2859 λόγους
526 2792 582 2845 οἳ
618 2791 952 2860 ἀγγέλλουσι
1006 2792 1125 2855 πῶς
1153 2791 1310 2862 ὤφθη
1338 2793 1489 2864 αὑτῷ
1522 2794 1774 2862 φεύγοντι
1802 2794 1895 2847 τὸν

289 2883 511 2951 ἀδελφὸν
544 2882 754 2948 Ἠσαῦ,
811 2876 970 2946 οὗτος
1017 2884 1113 2937 καὶ
1155 2884 1403 2952 ἄγγελος,
1448 2887 1543 2939 καὶ
1587 2886 1744 2951 Θεὸς,
1796 2888 1895 2942 καὶ

289 2976 512 3046 Κύριος,
547 2977 649 3029 καὶ
684 2977 745 3028 ἐν
799 2976 915 3048 ἰδέᾳ
948 2976 1141 3047 ἀνδρὸς
1163 2976 1240 3047 τῷ
1263 2976 1519 3049 Ἀϐραὰμ
1549 2979 1759 3049 φανεὶς,
1799 2980 1895 3034 καὶ

287 3070 343 3121 έν
372 3070 485 3141 ἰδέᾳ
505 3068 813 3139 ἀνθρώπου
843 3067 993 3138 αὐτῷ
1030 3067 1107 3139 τῷ
1145 3068 1339 3121 Ἰακὼϐ
1388 3070 1681 3137 παλαίσας,
1720 3073 1892 3141 ἀναγ-

286 3165 433 3215 καῖον
457 3158 603 3215 εἶναι
634 3163 815 3213 εἰπεῖν
846 3162 975 3231 ὑμῖν
1004 3159 1350 3231 λογιζόμενος
1387 3161 1548 3231 λέγω·
1584 3165 1692 3217 εἰσί
1715 3164 1773 3217 δὲ
1797 3159 1891 3219 οὗ..

284 3271 381 3306 τοι·
420 3274 437 3305 ι
458 3253 577 3306 Καὶ
617 3250 847 3323 ἐξῆλθεν
897 3251 1096 3306 Ἰακὼϐ
1127 3252 1235 3305 ἀπὸ
1268 3252 1363 3305 τοῦ
1405 3254 1641 3326 φρέατος
1668 3256 1763 3309 τοῦ
1799 3257 1893 3329 ὄρ-

284 3363 398 3409 κου,
434 3346 534 3399 καὶ
566 3344 846 3416 ἐπορεύθη
882 3346 961 3408 εἰς
1006 3343 1251 3415 Χαρρὰν,
1287 3346 1383 3399 καὶ
1406 3347 1695 3418 ἀπήντησε
1718 3348 1890 3420 τόπῳ,

284 3439 375 3492 καὶ
426 3437 708 3509 ἐκοιμήθη
761 3439 917 3500 ἐκεῖ,
958 3436 1049 3489 ἔδυ
1107 3436 1214 3508 γὰρ
1263 3439 1291 3491 6
1330 3437 1499 3509 ἥλιος,
1543 3440 1639 3493 καὶ
1700 3440 1893 3495 ἔλαϐεν

281 3534 387 3585 ἀπὸ
408 3532 523 3585 τῶν
563 3532 736 3584 λίθων
775 3529 869 3583 τοῦ
908 3530 1097 3594 τόπου,
1141 3529 1234 3583 καὶ
1263 3529 1428 3601 ἔθηκε
1469 3533 1608 3604 πρὸς
1647 3535 1894 3605 κεφαλῆς

283 3626 471 3687 αὐτοῦ,
503 3626 603 3677 καὶ
633 3622 911 3693 ἐκοιμήθη
933 3625 991 3675 ἐν
1011 3621 1090 3693 τῷ
1112 3621 1263 3693 τόπῳ
1293 3624 1508 3694 ἐκείνῳ,
1534 3625 1896 3680 καιὲνυπνιά-

282 3717 401 3787 σθη.
444 3717 563 3770 ttat
606 3716 722 3769 ἰδοὺ
754 3714 961 3786 κλίμαξ
989 3715 1364 3787 ἐστηριγμένη
1418 3716 1477 3769 ὲν
1525 3719 1592 3788 τῇ
1623 3720 1716 3787 γῇ,
1759 3711 1825 3788 ἧς
1855 3720 1889 3790 ἠ

283 3809 492 3879 κεφαλὴ
518 3808 808 3877 ἀφικνεῖτο
845 3809 924 3871 είς
948 3808 1039 3860 τὸν
1056 3806 1305 3879 οὐρανόν·
1337 3807 1434 3861 καὶ
1463 3809 1511 3861 οί
1539 3808 1761 3876 ἄγγελοι
1792 3808 1885 3861 τοῦ

283 3900 413 3954 Θεοῦ
459 3900 759 3954 ἀνέϐαινον
806 3900 904 3953 καὶ
960 3900 1282 3955 κατέϐαινον
1333 3902 1421 3955 ἐπ’
1477 3902 1667 3971 αὐτῆς.
1736 3903 1795 3955 Ὀ
1834 3902 1892 3955 δὲ

284 3994 489 4065 Κύριος
512 3996 818 4065 ἐστήρικτο
848 3995 936 4045 ἐπ’
971 3994 1161 4066 αὐτήν.
1208 3996 1266 4048 Ὀ
1294 3995 1350 4048 δὲ
1386 3991 1559 4048 εἶπενο
1601 3994 1743 4063 Ἑγώ
1778 3996 1893 4066 εἰμι

284 4087 489 4158 Κύριος
523 4088 553 4139 6
579 4086 716 4150 Θεὸς
745 4087 1004 4157 Ἀϐραὰμ
1044 4085 1139 4138 τοῦ
1170 4087 1379 4158 πατρός
1420 4104 1515 4140 σου
1551 4088 1647 4140 καὶ
1680 4086 1889 4140 Ἰσαάκ·

287 4180 360 4247 μὴ
385 4177 579 4245 φοϐοὖσ
610 4180 645 4248 ἡ
691 4178 765 4247 γῆ
812 4174 985 4249 ἐφ’ἦς
1024 4178 1088 4230 σὺ
1120 4177 1406 4242 καθεύδεις
1457 4179 1547 4230 ἐπ’
1572 4177 1765 4247 αὐτῆς,
1810 4176 1894 4230 σοὶ

282 4269 438 4322 ﬂint»
461 4269 641 4341 αὖτὴν
679 4268 778 4321 καὶ
831 4268 908 4338 τῷ
966 4269 1244 4341 σπέρματί
1310 4286 1434 4322 σουσ
1496 4269 1589 4323 καὶ
1648 4268 1802 4323 ἔσται
1832 4269 1894 4322 τὸ

286 4361 514 4433 σπέρμα
550 4378 649 4414 σου
688 4361 825 4431 ὡςὴ
857 4360 1042 4431 ἄμμος
1077 4362 1177 4432 τῆς
1213 4361 1340 4431 γῆς,
1390 4360 1487 4413 καὶ¹
1523 4361 1894 4432 πλατυνθήσε-

283 4469 372 4504 ται
412 4455 499 4515 εἰς
538 4450 850 4515 θάλασσαν,
876 4449 970 4502 καὶ
1005 4450 1177 4514 νότον,
1218 4449 1314 4502 καὶ
1360 4449 1585 4520 βορρᾶν,
1618 4448 1714 4503 καὶ
1754 4448 1890 4502 ἀνα-

2001 1964 2107 2018 huc
2137 1964 2190 2018 in
2227 1962 2409 2030 Luza,
2442 1966 2662 2034 quando
2725 1967 2946 2021 advenit
2970 1968 3036 2023 de
3066 1969 3464 2041 Mesopotamia
3490 1974 3590 2044 Sy-

2000 2052 2118 2106 riae.
2154 2052 2221 2107 Et
2270 2054 2550 2109 benedixit
2603 2070 2761 2118 eum,
2794 2066 2848 2111 et
2908 2058 3045 2111 dixit
3084 2059 3133 2112 ei
3172 2059 3347 2116 Deus:
3380 2060 3588 2117 Nomen

2000 2151 2151 2197 tuum
2172 2141 2289 2213 jam
2324 2160 2431 2198 non
2464 2146 2755 2200 vocabitur
2777 2145 2952 2203 Jacoh
2978 2188 2993 2214 ,
3022 2149 3117 2203 sed
3152 2150 3319 2206 Israel
3343 2154 3450 2207 erit
3493 2170 3590 2209 no-

2000 2248 2124 2288 rncn
2169 2244 2320 2291 tuum
2355 2237 2459 2292 ⁷ο.»
2499 2238 2644 2291 Deus
2673 2249 2925 2303 vocatur,
2954 2249 3010 2295 et
3078 2242 3221 2297 Deus
3248 2255 3335 2299 est
3359 2255 3414 2299 et
3441 2249 3586 2312 erit;

1999 2336 2053 2380 et
2105 2340 2228 2381 cum
2283 2330 2465 2399 capite
2523 2346 2718 2386 omnes
2766 2333 3109 2399 annuissent,
3159 2335 3273 2389 dixi
3300 2351 3447 2407 ego:
3494 2338 3588 2392 Illa

1997 2420 2165 2474 etiam
2224 2420 2531 2492 Scriptura:
2587 2424 2923 2489 testimonia,
2975 2425 3027 2480 in
3088 2428 3288 2496 quibus
3331 2440 3591 2485 narratur

1997 2514 2270 2583 quomodo
2310 2514 2359 2568 ei
2414 2514 2645 2571 fratrem
2692 2517 2833 2571 Esau
2875 2517 3096 2588 fugienti
3137 2524 3458 2591 apparuerit
3499 2523 3590 2579 ille

1996 2614 2051 2659 et
2085 2606 2312 2675 angelus
2351 2616 2407 2663 et
2450 2609 2593 2663 Deus
2626 2618 2683 2663 et
2745 2610 3026 2675 Dominus,
3061 2611 3157 2681 qui
3188 2620 3246 2666 et
3278 2615 3333 2667 in
3392 2616 3583 2683 specie

1997 2697 2099 2752 viri
2136 2698 2372 2753 Abrahae
2398 2700 2550 2755 visus
2575 2709 2627 2754 et
2664 2701 2716 2755 in
2753 2702 2937 2771 specie
2981 2702 3221 2758 hominis
3261 2719 3387 2759 cum
3417 2704 3589 2761 Jacob

1995 2790 2255 2854 luctatus,
2298 2806 2525 2846 necesse
2566 2806 2689 2848 esse
2721 2794 2876 2848 vobis
2912 2793 3119 2849 referre
3141 2796 3425 2864 arbitror;
3462 2807 3590 2851 sunt

1997 2892 2181 2938 autem
2242 2882 2555 2953 ejusmodi:
2604 2901 2623 2936 ‹
2652 2884 2719 2939 Ει
2777 2886 2913 2939 exiit
2965 2884 3135 2944 Jacob
3171 2901 3200 2939 a
3233 2896 3397 2956 puteo
3423 2885 3588 2942 ,ιω-α-

1996 2974 2202 3040 menti,
2245 2985 2301 3030 et
2338 2975 2620 3045 profectus
2645 2985 2731 3031 est
2770 2977 2824 3031 iu
2877 2976 3169 3045 Charran;
3218 2989 3275 3033 et
3338 2980 3489 3034 venit
3518 2981 3586 3035 ad

1994 3068 2282 3136 quemdam
2335 3067 2536 3133 locum,
2593 3077 2649 3124 et
2688 3069 2951 3123 dormivit
2992 3070 3087 3133 ibi,
3126 3071 3585 3127 occideratenim

1997 3158 2107 3224 sol;
2138 3169 2193 3213 et
2226 3160 2463 3230 sumpsit
2514 3175 2584 3214 ex
2624 3160 2894 3230 lapidibus
2934 3160 3061 3227 loci,
3088 3171 3144 3216 et
3173 3163 3358 3231 posuit
3385 3164 3451 3217 ad
3482 3179 3578 3219 ca-

1995 3260 2093 3319 put
2135 3266 2320 3318 suum,
2351 3261 2408 3304 et
2445 3250 2705 3306 dormivit
2764 3252 2817 3305 in
2855 3250 2975 3305 loco
3021 3251 3137 3318 illo,
3173 3260 3229 3306 et
3265 3254 3578 3309 somniavit.

1996 3341 2065 3396 Et
2090 3356 2225 3396 ecce
2274 3341 2419 3396 scala
2473 3342 2718 3396 stabilita
2778 3358 2945 3412 super
2976 3352 3203 3409 terram,
3228 3344 3384 3413 cujus
3422 3357 3587 3414 caput

1997 3434 2342 3505 pertingehat
2377 3436 2443 3489 ad
2467 3434 2692 3501 coelum,
2717 3445 2772 3489 et
2831 3435 3010 3505 angeli
3042 3437 3140 3491 Dei
3186 3438 3579 3501 ascendebant,

1997 3533 2051 3579 et
2080 3524 2489 3581 descendebant
2515 3526 2567 3578 in
2593 3539 2680 3580 ea.
2714 3525 2779 3579 Et
2810 3526 3074 3581 Dominus
3107 3526 3465 3583 incumbebat
3492 3544 3585 3584 su-

1997 3630 2094 3685 per
2130 3628 2286 3679 eam;
2320 3624 2377 3669 et
2408 3616 2587 3670 dixit:
2624 3615 2738 3687 Ego
2785 3630 2904 3671 sum
2937 3618 3199 3673 Dominus
3232 3620 3377 3675 Deus
3407 3620 3586 3676 Abra-

1997 3710 2122 3762 ham
2162 3710 2335 3777 patris
2368 3709 2446 3764 tui
2474 3718 2529 3762 et
2579 3708 2753 3774 Isaac,
2791 3709 2900 3763 noli
2938 3711 3174 3779 timere;
3211 3721 3379 3778 terra,
3420 3728 3585 3783 super

1993 3817 2158 3873 quam
2187 3802 2397 3858 dormis
2427 3817 2594 3872 super
2624 3818 2769 3868 eam,
2804 3802 2904 3857 tibi
2940 3804 3083 3858 dabo
3105 3803 3273 3871 illam,
3302 3814 3358 3861 et
3388 3807 3581 3861 semini

1999 3904 2092 3949 tuo
2120 3912 2135 3960 ;
2163 3905 2219 3949 et
2252 3896 2359 3951 erit
2388 3910 2576 3951 semen
2609 3904 2760 3950 tuum
2795 3899 2939 3952 sicut
2990 3912 3162 3953 arena
3198 3908 3379 3967 terra,
3410 3907 3467 3954 et
3499 3900 3586 3953 di-

1996 3985 2261 4041 latabitur
2297 3986 2365 4040 ad
2401 4000 2577 4049 mare,
2607 3992 2665 4038 et
2697 3995 2911 4050 notum,
2948 3996 3003 4039 et
3047 3986 3389 4057 aquilonem,
3421 3997 3477 4041 et
3516 3989 3583 4041 ad

1994 4076 2297 4140 orientem;
2350 4085 2405 4131 et
2461 4075 2853 4131 benedicentur
2916 4076 2969 4129 in
3039 4086 3092 4131 te
3153 4091 3346 4133 omnes
3406 4078 3583 4132 tribus

1999 4177 2179 4233 terrae,
2210 4176 2267 4221 et
2296 4168 2351 4221 in
2387 4168 2599 4223 semine
2658 4176 2771 4221 tuo.
2807 4166 2875 4221 Et
2918 4182 3046 4223 ecce
3074 4183 3175 4239 ego
3206 4183 3325 4224 sum
3381 4179 3581 4236 tecum,

1995 4258 2310 4313 custodiens
2344 4266 2396 4312 te
2451 4258 2510 4312 in
2547 4256 2694 4312 omni
2731 4256 2841 4321 via,
2876 4272 3207 4330 quacunque
3243 4261 3369 4327 ibis,
3414 4270 3471 4316 et
3496 4277 3584 4317 re-

1995 4352 2193 4405 ducam
2258 4358 2311 4403 te
2363 4349 2417 4404 in
2455 4358 2659 4404 terram
2697 4349 2880 4417 hanc;
2913 4352 3044 4421 quia
3091 4362 3143 4407 te
3200 4368 3308 4409 non
3340 4348 3583 4408 derelin-

1992 4456 2179 4511 quam,
2229 4440 2403 4495 donec
2473 4440 2671 4493 faciam
2735 4443 2947 4509 omnia,
3001 4458 3122 4512 qua:
3183 4443 3400 4499 locutus
3458 4460 3579 4499 sum

285 4544 474 4607 τολάςο
517 4542 619 4595 καί
663 4538 1186 4611 ἐνευλογηθήσονται
1216 4541 1275 4592 ἐν
1324 4540 1407 4592 σοὶ
1436 4540 1608 4592 πᾶσαι
1632 4540 1686 4591 αί
1728 4539 1891 4608 φυλαὶ

1997 4535 2116 4589 tibi.
2182 4534 2251 4587 Et
2302 4532 2738 4589 surrexitJacob
2777 4535 2846 4590 de
2883 4552 3080 4591 somno
3126 4552 3249 4605 suo,
3298 4547 3353 4592 et
3400 4538 3577 4594 dixit:

286 4637 387 4705 τῆς
424 4636 552 4705 γῆς,
609 4636 707 4688 καὶ
756 4636 814 4687 ἐν
859 4631 938 4703 τῷ
994 4633 1277 4705 σπέρματί
1312 4650 1426 4686 σου.
1480 4633 1590 4685 Καὶ
1624 4632 1733 4685 ἰδοὺ
1781 4630 1892 4701 ἐγὼ

294 4728 430 4797 μετὰ
462 4726 582 4789 σοῦ,
610 4725 995 4793 διαφυλάσσων
1028 4742 1085 4777 σε
1131 4726 1190 4777 ἐν
1216 4723 1324 4794 ὀδῷ
1353 4724 1503 4795 πάσῃ
1605 4723 1673 4777 ἂν
1693 4740 1894 4795 πορευ-

291 4821 408 4889 θῇς⁴
448 4820 547 4872 καὶ
580 4815 915 4887 ἀποστρέψω
972 4832 1033 4867 σε
1080 4817 1161 4878 είς
1182 4814 1281 4885 τὴν
1318 4814 1424 4883 γῆν
1462 4813 1687 4883 ταύτην,
1715 4813 1799 4867 ὅτι
1829 4814 1890 4865 οὐ

297 4914 371 4982 μή
399 4928 459 4964 σε
503 4909 867 4979 ἐγκαταλίπω
900 4908 1005 4971 ἓως
1035 4906 1127 4959 τοῦ
1173 4906 1398 4977 ποιῆσαί
1453 4924 1522 4977 με
1561 4904 1738 4959 πάντα
1790 4906 1893 4958 ὅσα

296 5004 538 5073 ἐλάλησα
568 5019 670 5054 σοι.
712 5001 825 5054 Καὶ
857 5000 1128 5071 ἐξηγέρθη
1150 4996 1347 5052 Ἰακὼϐ
1378 5001 1442 5050 ἐκ
1471 4997 1567 5050 τοῦ
1600 4996 1767 5050 ὕπνου
1792 4997 1891 5049 αὑ-

294 5094 405 5157 τοῦ,
440 5093 537 5147 καὶ
566 5088 743 5146 εἶπεν·
778 5094 902 5144 Ὂτι
949 5090 1070 5144 ἐστὶ
1089 5088 1293 5159 Κύριος
1313 5091 1370 5141 ἐν
1394 5088 1470 5158 τῷ
1499 5086 1648 5159 τόπῳ
1682 5088 1879 5159 τούτῳ,

297 5185 403 5253 ἐγὼ
436 5185 493 5238 δὲ
521 5185 622 5238 οὐκ
652 5184 819 5255 ᾔδειψ
852 5183 946 5235 καὶ
972 5180 1212 5253 ἐφοϐήθη
1240 5220 1254 5244 ,
1296 5179 1390 5233 καὶ
1423 5176 1608 5233 εἶπεν·
1658 5180 1745 5243 Ὠς
1785 5196 1885 5249 φο-

295 5279 453 5350 ϐερὸς
500 5280 531 5331 ὁ
562 5279 728 5342 τόπος
760 5269 937 5339 οὗτος
973 5276 1073 5328 οὐκ
1099 5274 1213 5327 ἔστι
1233 5272 1390 5327 τοῦτο
1414 5272 1581 5343 ἀλλ’ἢ
1623 5268 1769 5337 οἶκος
1792 5270 1884 5325 τοῦ

1999 4625 2132 4692 Quia
2160 4624 2424 4681 Dominus
2467 4634 2553 4680 est
2595 4626 2648 4679 iu
2682 4624 2805 4680 loco
2838 4627 2981 4694 hoc;
3016 4642 3120 4698 ego
3154 4638 3336 4682 autem
3371 4626 3581 4682 nescie-

1994 4720 2157 4784 bam;
2193 4730 2243 4772 et
2280 4719 2480 4784 timuit,
2506 4728 2563 4774 et
2592 4719 2771 4773 dixit:
2803 4719 2978 4786 Quam
3026 4721 3296 4775 terribilis
3323 4732 3405 4775 est
3426 4720 3580 4775 locus

1994 4811 2122 4875 hic;
2158 4826 2263 4864 non
2312 4819 2399 4865 est
2456 4810 2547 4864 hic
2602 4810 2705 4864 uisi
2748 4810 2943 4867 domus
2992 4812 3122 4877 Dei,
3172 4822 3228 4868 et
3274 4813 3386 4868 haec
3420 4822 3578 4882 porta

1993 4904 2142 4959 coali.
2179 4903 2246 4956 Et
2277 4904 2521 4958 surrexit
2556 4900 2729 4957 Jacob
2767 4920 2951 4971 mane,
2980 4912 3035 4959 et
3065 4906 3293 4973 sumpsit
3320 4905 3577 4975 lapidem,

1993 5013 2154 5066 quem
2188 5006 2551 5065 supposuerat
2582 4996 2656 5050 ibi
2691 4996 2755 5049 ad
2784 5008 2946 5065 caput
2975 5012 3166 5061 suum,
3207 5007 3262 5051 et
3288 4997 3482 5051 statuit
3512 4998 3578 5050 il-

1997 5088 2108 5140 lum
2144 5087 2387 5149 titulum,
2416 5096 2473 5141 et
2510 5088 3018 5157 superfuditoleum
3046 5090 3098 5141 iu
3130 5102 3395 5142 cacumen
3426 5087 3577 5156 ejus;

1996 5185 2052 5227 et
2102 5175 2397 5244 appellavit
2456 5174 2630 5232 Jacob
2682 5191 2878 5231 nomen
2923 5176 3048 5243 loci,
3083 5177 3285 5232 Dmnus
3350 5178 3483 5245 Dei;
3521 5188 3581 5235 et

2000 5267 2324 5323 Ulamrnaus
2344 5278 2465 5322 erat
2497 5285 2695 5324 nomen
2737 5269 2973 5323 civitatis
3005 5280 3163 5324 antea
3188 5271 3289 5324 ⁷¹.-›

295 5370 448 5431 9:06,
488 5369 589 5423 καὶ
650 5368 852 5439 αὖτηή
912 5366 1056 5435 πύλη
1094 5364 1186 5418 τοῦ
1224 5362 1474 5436 οὐρανοῦ.
1522 5363 1634 5416 Καὶ
1677 5364 1875 5433 ἀνέστη
1939 5357 2134 5414 Ἰακὼϐ
2189 5358 2265 5430 τῷ
2317 5359 2484 5432 πρωϊ,
2530 5360 2627 5414 καὶ
2673 5358 2833 5412 ἔλαϐε
2870 5359 2962 5413 τὸν
3017 5361 3163 5413 λίθον
3203 5363 3262 5415 ὃν
3304 5362 3581 5419 ὑπέθηκεν

299 5462 411 5514 ἐκεῖ
464 5459 607 5533 πρὸς
649 5460 894 5529 κεφαλῆς
949 5456 1134 5510 αὑτοῦ·
1170 5456 1265 5509 καὶ
1319 5455 1545 5526 ἔστησεν
1582 5455 1743 5507 αὐτὸν
1793 5453 2014 5525 στήλην,
2055 5454 2151 5507 καὶ
2205 5454 2400 5523 ἐπέχεε
2424 5453 2485 5505 τὸ
2510 5454 2687 5507 ἔλαιον
2737 5456 2832 5507 ἐπὶ
2894 5456 2957 5508 τὸ
3006 5455 3176 5527 ἄκρον
3218 5457 3385 5511 αὑτοῦ
3440 5459 3579 5531 (71),

297 5560 390 5613 καὶ
410 5559 670 5614 ἐκᾶλεσεν
692 5556 894 5613 Ἰακὼϐ
938 5555 1002 5609 τὺ
1029 5554 1201 5625 όνομα
1227 5554 1321 5607 τοῦ
1349 5554 1539 5616 τόπου,
1576 5549 1737 5617 Οἶκος
1770 5550 1923 5605 Θεοῦ·
1957 5552 2053 5605 καὶ⁵
2081 5551 2447 5622 Οὑλαμμάους
2471 5548 2539 5624 ἦν
2571 5552 2632 5604 τὸ
2677 5552 2848 5624 ὄνομα
2874 5556 2940 5625 τῇ
2970 5553 3122 5607 πόλει
3148 5555 3209 5608 τὺ
3230 5557 3518 5628 πρότερον.
3557 5577 3574 5608 ι

372 5717 415 5752 ι’
442 5716 579 5770 Gen.
607 5710 1005 5780 xxxrr,‘22o'50.
1082 5710 1129 5742 '°
1169 5709 1307 5765 Gen.
1344 5725 1512 5776 xxxv,
1547 5709 1704 5764 6-10.
1781 5710 1825 5741 “
1864 5708 2003 5765 Gen.
2041 5723 2237 5775 xxvui,
2260 5708 2437 5764 10-19.

367 5870 476 5933 (7|)
534 5869 656 5923 ἐπὶ
711 5869 775 5923 τύ
812 5868 1009 5936 ἀκρον
1045 5860 1249 5920 αὐτοῦ.
1304 5862 1395 5923 Sic
1446 5863 1610 5921 habet
1657 5875 1884 5936 uterque

1996 5882 2022 5922 ε.
2051 5865 2245 5921 codex.
2291 5865 2453 5935 Editi,
2489 5866 2581 5919 ἐπὶ
2608 5866 2669 5919 τὸ
2708 5864 2874 5937 ἄκρον
2904 5866 3095 5939 αὐτῆς,
