3962 6262
382 347 481 402 6-H

1337 336 1396 393 S.
1436 329 1704 392 JUSTINI
1739 325 2159 387 PHILOSOPHI
2197 325 2285 381 ET
2320 323 2683 382 MARTYRIS
2721 354 2726 356 -

3556 326 3677 381 (iii

459 466 549 521 59.
582 465 719 519 Deus
771 482 802 517 a
833 461 1001 517 Patre
1029 456 1311 510 distinctus
1348 469 1466 506 cum
1523 449 1708 521 Moyse
1737 448 1971 503 collocu—

2147 443 2235 498 59.
2267 436 2378 496 Καὶ
2407 443 2580 495 ταῦτα
2611 439 2800 502 εἰπὼν,
2830 440 3175 524 ἰλδινὰσχεσθέ⁸
3191 457 3312 511 μου,
3342 439 3550 508 ἔλεγον,
3574 441 3681 494 καὶ

386 571 494 614 lus.
525 589 594 599 -—
621 557 746 611 Hice
783 571 904 609 cum
957 554 1240 612 dixissem,
1273 546 1552 600 Sustinete
1579 558 1691 607 me,
1733 539 1968 601 aiebam,

387 667 453 707 ex
489 652 632 705 libro
658 663 876 718 quoque
895 644 1066 700 Exodi
1103 641 1259 696 vobis
1295 639 1789 697 demonstrantem,
1836 645 1974 699 quo-

389 745 552 798 modo
577 744 692 811 ipse
717 741 805 794 ille
831 749 884 792 et
907 737 1132 804 angelus
1158 743 1211 787 et
1251 733 1395 785 Deus
1433 737 1492 781 et
1521 727 1782 781 Dominus
1803 731 1859 776 et
1889 721 1975 773 vir

388 844 444 888 et
484 835 669 896 homo,
713 831 805 898 qui
851 828 1085 882 Abrahae
1133 834 1190 878 et
1237 823 1390 876 Isaac
1425 820 1580 873 visus
1625 825 1730 881 est,
1764 815 1816 868 in
1847 814 1974 883 igne

387 924 621 978 ﬂammae
673 938 738 977 ex
789 923 924 976 rubo
953 915 1268 987 apparuerit
1318 922 1378 967 et
1418 910 1720 966 collocutus
1745 907 1816 961 sit
1848 920 1972 960 cum

387 1019 592 1088 Moyse.
627 1016 721 1069 His
774 1021 953 1067 autem
1003 1010 1243 1065 libenter
1292 1015 1347 1061 et
1395 1006 1534 1060 citra
1569 1000 1881 1055 molestiam
1916 1007 1974 1053 et

397 1110 651 1164 alacriter
677 1108 866 1161 audire
907 1119 965 1158 se
999 1101 1375 1158 asserentibns
1415 1117 1428 1153 :
1472 1097 1673 1150 Extant
1714 1094 1849 1156 tunc,
1898 1091 1976 1144 in-

397 1219 581 1273 quam,
610 1203 662 1254 in
704 1215 772 1254 eo
816 1199 953 1252 libro
981 1197 1075 1265 qui
1126 1193 1446 1248 inscribitur
1497 1189 1761 1242 Exodus:
1815 1203 1834 1235 ‹
1866 1183 1973 1238 Sed

387 1297 534 1349 cnim
565 1302 687 1364 post
713 1292 830 1345 dies
881 1289 1078 1342 multos
1108 1286 1229 1340 illos
1273 1292 1524 1337 morlnus
1566 1288 1651 1333 est
1683 1294 1775 1332 rex
1807 1276 1976 1346 [Egy-

388 1389 488 1458 pti,
517 1399 572 1442 et
614 1388 1004 1454 ingemuerunt
1040 1379 1136 1432 lilii
1192 1377 1361 1431 Israel
1394 1376 1462 1428 ab
1494 1373 1753 1444 operibus
1787 1372 1886 1436 ",i
1921 1379 1975 1422 et

389 1481 600 1548 reliqua
632 1491 803 1545 usque
834 1475 898 1528 ad
927 1473 1056 1526 illud
1081 1490 1094 1525 :
1125 1488 1145 1522 ι
1170 1469 1394 1524 Vadens
1422 1479 1698 1534 congrega
1723 1472 1972 1518 senatum

387 1571 633 1634 lsraelis,
678 1579 733 1624 et
764 1568 914 1621 diccs
961 1565 1027 1618 ad
1067 1579 1202 1618 eos:
1257 1562 1520 1615 Dominus
1566 1559 1707 1611 Deus
1752 1565 1972 1625 patrum

389 1675 695 1718 vestrorum
729 1660 981 1729 apparuit
1025 1656 1182 1720 mihi,
1222 1654 1366 1707 Dens
1393 1651 1696 1710 Abraham,
1723 1656 1777 1702 ct
1834 1647 1976 1700 Deus

390 1754 544 1807 Isaac
567 1763 622 1807 et
649 1754 790 1806 Deus
810 1749 1004 1811 Jacob,
1034 1749 1265 1801 dicens:
1309 1742 1636 1795 Visilationc
1662 1739 1825 1791 visito
1853 1750 1972 1798 vos,

2076 535 2183 590 ἀπὸ
2204 536 2303 606 τῆς
2336 534 2519 605 βίϐλου
2553 534 2654 604 τῆς
2683 533 2892 599 Ἐξὸὃου
2912 532 3353 595 ἀπώεικνύοντος
3378 534 3529 603 ὑμῖν,
3552 533 3680 596 πῶς

2074 628 2102 679 6
2130 627 2293 689 αὐτὸς
2325 621 2478 689 οὗτος
2518 625 2614 679 xui
2658 622 2908 690 ἅγγελος,
2963 624 3058 678 xui
3104 624 3258 687 Θεὸς,
3303 623 3394 675 xui
3440 622 3674 694 Κύριος,

2075 719 2169 771 xui
2198 718 2359 789 ἀνὴρ,
2391 717 2484 771 xui
2522 717 2808 789 ἄνθρωπος
2854 714 3108 786 Ἀϐραὰμ
3161 714 3256 768 xui
3313 713 3502 778 ’,Ισαὰκ
3552 713 3676 784 (72)

2077 810 2287 880 φανεὶς,
2323 811 2380 863 ἐν
2401 808 2535 880 πυρὶ
2573 808 2771 877 φλογὸς
2804 810 2869 861 ὲκ
2894 807 3056 877 βάτου
3090 807 3364 876 πέφανται
3389 805 3486 858 xui
3521 802 3677 874 ὼμίο

2075 902 2208 973 λησε
2252 902 2329 973 τῷ
2383 903 2628 956 Μωῡσεῖ.
2678 899 2962 954 Κὰκείνων
3015 900 3190 970 ἡδέως
3237 898 3334 951 xui
3365 899 3677 970 ἀκαμάτως

2076 995 2175 1047 xui
2206 993 2511 1066 προθύμως
2543 994 2760 1046 ἀκούειν
2804 992 3092 1060 λεγόντων,
3127 991 3420 1062 ἐπέφερον·
3481 991 3678 1047 Ταῦτα.

2077 1085 2134 1139 δέ
2159 1087 2304 1138 ἐστιν
2337 1087 2393 1138 ὲν
2432 1089 2498 1156 τῇ
2534 1085 2700 1155 βίϐλῳ
2724 1085 2758 1155 ἦ
2792 1083 3156 1154 ἐπιγράφεται
3184 1084 3423 1147 Ἕξοδοςο
3466 1102 3485 1135 ι
3512 1084 3676 1138 Μετᾶ

2075 1177 2131 1230 δὲ
2181 1177 2278 1240 τὰς
2313 1177 2528 1248 ἡμέρας
2586 1178 2684 1242 τὰς
2727 1175 2926 1240 πολλὰς
2987 1177 3204 1240 ὲκείνας
3260 1175 3615 1246 ἐτελεύτησεν
3643 1182 3675 1232 6

2079 1269 2331 1339 βασιλεὺς
2359 1269 2656 1337 Αἰγύπτου,
2690 1269 2786 1322 xui
2812 1267 3211 1332 κατεστέναξαν
3237 1271 3285 1320 οἱ
3319 1269 3425 1321 υἱοὶ
3450 1269 3675 1340 Ἰσραὴλ

2076 1362 2183 1416 ἀπὸ
2214 1361 2324 1414 τῶν
2349 1361 2546 1432 ἔργων,
2564 1380 2581 1411 ι
2615 1361 2711 1414 xui
2738 1359 2806 1412 τὰ
2833 1357 2996 1414 λοιπὰ
3047 1359 3211 1431 μέχρι
3245 1360 3356 1413 τοῦ·
3419 1379 3436 1411 ι
3461 1360 3672 1413 Ἐλθὼν

2079 1453 2350 1522 συνάγαγε
2381 1452 2479 1524 τὴν
2517 1451 2806 1522 γερουσίαν
2870 1451 3084 1523 Ἰσραὴλ
3110 1491 3126 1516 ,
3187 1451 3281 1504 xui
3331 1451 3478 1522 ἐρεῖς
3527 1449 3669 1521 πρὸς

2076 1545 2293 1608 αύτούς·
2320 1543 2524 1615 Κύριος
2552 1546 2581 1596 6
2605 1543 2737 1606 Θεὸς
2760 1542 2870 1594 τῶν
2903 1543 3154 1613 πατέρων
3179 1542 3330 1612 ὑμῶν
3367 1540 3524 1611 ὤφθη
3551 1559 3666 1612 μοι,

2075 1637 2103 1687 6
2136 1636 2266 1700 Θεὸς
2298 1634 2568 1706 Ἀϐραὰμ,
2611 1635 2707 1688 xui
2739 1637 2767 1688 6
2803 1634 2935 1698 Θεὸς
2966 1633 3176 1698 Ἰσαὰκ,
3218 1634 3312 1687 xui
3337 1635 3365 1686 6
3397 1633 3531 1697 Θεὸς
3556 1635 3666 1686 Ἰα-

2077 1728 2213 1792 κὼϐ,
2248 1728 2444 1797 λέγων,
2476 1729 2774 1797 Ἐπισκοπῇ
2807 1726 3212 1796 ὲπισκέπτομαι
3245 1726 3409 1796 ὑμᾶς,
3447 1723 3544 1778 xui
3563 1725 3667 1777 ὅσα

387 1854 446 1898 et
474 1855 818 1912 quaecunque
867 1839 1125 1892 accidere
1185 1834 1340 1889 vobis
1388 1833 1440 1884 in
1474 1829 1709 1899 ASgypto
1746 1828 1846 1882 ⁷³.ι
1893 1827 1971 1881 Ad

2082 1820 2423 1892 συμϐέϐηκεν
2474 1820 2604 1890 ὑμῖν
2642 1821 2700 1872 ἐν
2749 1818 3066 1887 Αἰγύπτῳ.»
3137 1818 3250 1871 Καὶ
3301 1817 3394 1870 ἐπὶ
3450 1816 3666 1879 τούτοις

393 1935 508 1988 ha:e
537 1932 707 2000 adieci
738 1945 752 1984 :
783 1927 1106 1997 lutelligitis,
1143 1941 1176 1979 ο
1211 1923 1344 1984 viri,
1374 1935 1533 1990 quem
1562 1915 1979 1988 angclanoy--

391 2041 480 2081 ses
513 2040 698 2080 secum
731 2025 782 2078 in
843 2023 967 2091 igne
1005 2019 1237 2074 ﬂamma:
1295 2014 1626 2069 collocutum
1664 2011 1818 2075 dicit,
1851 2023 1973 2063 eum

393 2118 595 2186 ipsum,
616 2132 738 2170 eum
766 2114 908 2168 Deus
935 2113 1028 2175 sit,
1053 2108 1334 2164 declarare
1360 2103 1555 2174 Moysi,
1583 2101 1754 2155 Deum
1781 2115 1840 2156 se
1858 2113 1977 2155 esse

392 2210 674 2262 Abraham
702 2217 757 2261 et
786 2206 937 2260 Isaae
963 2211 1017 2256 et
1037 2199 1250 2254 Jacob?

465 2302 556 2357 60.
616 2299 904 2369 Opinione:
927 2295 1242 2348 Judworum
1282 2290 1348 2344 de
1388 2305 1447 2343 eo
1470 2288 1558 2358 qui
1585 2287 1640 2340 in
1676 2284 1804 2339 rubo
1836 2284 1978 2337 visus

391 2393 492 2454 est.
521 2424 591 2434 —
623 2393 690 2447 Et
723 2389 986 2461 Trypho:
1037 2387 1154 2441 Non
1203 2386 1326 2449 hoc,
1373 2381 1569 2451 inquit,
1621 2377 1978 2447 intelligimus

387 2506 454 2545 ex
501 2486 686 2543 verbis
713 2500 744 2538 a
770 2493 821 2537 te
848 2481 1117 2546 recitatis,
1153 2479 1246 2533 sed
1272 2475 1522 2546 angelum
1563 2472 1781 2542 quidem
1807 2471 1978 2525 fuisse

388 2596 539 2646 eum,
566 2580 661 2649 qui
690 2579 841 2633 visus
887 2583 972 2630 est
1008 2574 1062 2628 in
1111 2573 1235 2643 igne
1271 2570 1538 2632 ﬂammae,
1580 2567 1748 2620 Deum
1799 2573 1977 2618 autem

390 2690 516 2728 cum
558 2673 744 2742 Moyse
802 2668 1174 2729 collocutum;
1240 2663 1315 2717 ita
1356 2669 1416 2715 ut
1450 2662 1557 2715 duo
1620 2656 1823 2724 simul,
1873 2670 1976 2709 an-

389 2766 541 2838 gelus
573 2775 629 2818 et
656 2767 818 2827 Deus,
853 2762 907 2815 in
945 2761 1046 2815 hac
1080 2769 1196 2812 tum
1221 2755 1434 2810 visione
1461 2751 1794 2809 exstiterint.

465 2857 623 2928 157
661 2857 797 2910 Τιιιιι
850 2868 949 2924 ego
1001 2863 1195 2905 rursus
1239 2847 1494 2916 respondi
1534 2863 1548 2900 :
1585 2840 1854 2904 Etiamsi,
1889 2841 1975 2895 in-

388 2967 577 3022 quam,
631 2950 683 3003 id
721 2958 857 3011 tum,
905 2943 1091 3008 amici,
1127 2940 1332 2995 factum
1369 2945 1540 3002 esset,
1563 2944 1622 2990 ut
1654 2934 1877 3006 angelus
1921 2940 1979 2987 et.

393 3044 534 3096 Deus
558 3039 725 3094 simul
757 3039 810 3091 in
846 3036 1055 3090 visione
1077 3031 1246 3101 Moysi
1281 3029 1449 3084 oblati
1490 3024 1976 3096 essent;prol‘ecto

2078 1913 2367 1984 ἐπέφερον,
2390 1906 2461 1964 Ὦ
2489 1910 2700 1982 ἄνδρες,
2739 1912 3061 1981 νενοήκατε,
3097 1909 3291 1978 λέγων,
3321 1909 3404 1962 ὃτι
3426 1909 3485 1962 ὃν
3511 1909 3666 1976 λέγει

2074 2005 2280 2076 Μωσῆς
2305 2003 2531 2073 ἄγγελον
2569 2005 2626 2056 ὲν
2673 2002 2805 2075 πυρὶ
2852 2002 3046 2072 φλογὸς
3100 2000 3456 2071 λελαληκέναι
3491 1999 3667 2070 αὐτῷ,

2074 2092 2230 2160 οὗτος
2277 2096 2439 2159 αὐτὸς
2483 2095 2617 2159 Θεὸς
2670 2094 2766 2159 ὢν,
2824 2093 3080 2166 σημαίνει
3109 2091 3187 2162 τῷ
3215 2094 3424 2157 Μωσεῖ,
3459 2093 3544 2146 ὅτι
3572 2093 3677 2146 αὐ-

2074 2190 2165 2253 τὸς
2191 2192 2336 2242 ἐστιν
2359 2191 2388 2242 6
2416 2189 2547 2252 Θεὸς
2571 2188 2845 2259 Ἀϐραὰμ,
2873 2188 2968 2241 xui
2995 2187 3205 2249 Ἰσαὰκ,
3233 2186 3329 2240 xui
3363 2183 3594 2253 ‘luxtb6;

2145 2280 2233 2336 60.
2271 2281 2381 2334 Kui
2413 2280 2441 2332 6
2465 2278 2715 2351 Τρύφων·
2753 2280 2826 2332 Ού
2873 2278 3030 2332 τοῦτο
3057 2278 3284 2349 νοοῦμεν
3325 2275 3433 2332 ἀπὸ
3455 2275 3565 2329 τῶν
3583 2277 3676 2330 16-

2075 2388 2187 2442 γων
2219 2371 2328 2424 τῶν
2372 2370 2837 2442 προλελεγμένων,
2876 2371 3080 2440 ἔλεγεν,
3136 2369 3251 2424 ἀλλ’
3298 2369 3380 2423 ὅτι
3434 2369 3674 2436 ἄγγελος

2079 2464 2179 2535 μὲν
2201 2459 2268 2534 ἦν
2306 2466 2334 2517 6
2363 2463 2554 2533 ὀφθεὶς
2580 2465 2636 2516 έν
2666 2462 2827 2532 φλογὶ
2851 2463 3042 2534 πυρὸς,
3057 2461 3192 2526 Θεὸς
3210 2461 3267 2516 δὲ
3301 2461 3330 2513 6
3351 2460 3558 2531 ὁμιλῶν
3588 2461 3673 2530 τῷ

2074 2557 2285 2610 Μωσεῖ·
2317 2555 2459 2609 ὥστε
2491 2555 2587 2609 καὶ
2619 2555 2846 2624 ἄγγελον
2879 2554 2975 2608 xui
3011 2555 3163 2620 Θεὸν,
3202 2552 3297 2608 δύο
3329 2550 3464 2624 ὁμοῦ
3495 2551 3667 2616 ὄντας

2076 2648 2135 2701 ὲν
2153 2650 2219 2719 τῇ
2243 2648 2364 2702 τότε
2385 2647 2620 2719 ὀπτασίᾳ
2647 2647 2997 2720 γεγενῆσθαι.

2151 2847 2320 2917 Κάγὼ
2351 2847 2511 2902 πάλιν
2549 2848 2965 2920 ἁπεκρινάμηνξ·
3016 2848 3079 2901 El
3130 2848 3226 2901 xui
3267 2847 3426 2901 τοῦτο
3472 2847 3672 2916 γέγονε

2075 2939 2194 2992 τότε
2218 2980 2233 3006 ,
2267 2934 2312 2994 ὦ
2342 2939 2485 3008 φίλοι
2510 2979 2523 3003 ,
2559 2940 2634 3003 ὡς
2667 2941 2760 2993 xui
2792 2939 3020 3008 ἄγγελον
3050 2941 3144 2993 xui
3174 2939 3306 2992 Θεὸν
3337 2939 3472 3010 ὁμοῦ
3514 2941 3572 2993 ἐν
3595 2941 3671 3010 τῇ

2075 3033 2310 3105 ὀπτασίᾳ
2352 3037 2417 3105 τῇ
2467 3032 2546 3104 τῷ
2587 3034 2779 3086 Μωσεῖ
2830 3033 3099 3105 γενομένῃ
3151 3031 3413 3105 ὑπάρξαι,
3449 3032 3524 3096 ὡς
3567 3032 3672 3084 καὶ

390 3135 482 3203 qui
519 3133 656 3188 dixit
699 3129 871 3200 Moysi
922 3141 982 3181 se
1029 3125 1196 3178 Deum
1234 3136 1355 3177 esse
1398 3121 1652 3184 Abrahae,
1702 3127 1758 3171 et
1807 3116 1971 3171 Deum

2082 3123 2454 3180 ἀποδέδεικται
2490 3125 2619 3194 ὑμῖν
2654 3123 2742 3176 διὰ
2774 3123 2882 3176 τῶν
2923 3124 3428 3194 προγεγραμμένων
3467 3122 3670 3191 λόγων,

389 3227 562 3288 Isaae,
603 3235 659 3278 et
692 3223 861 3277 Deum
897 3218 1090 3280 Jacob,
1137 3217 1204 3280 is,
1250 3225 1312 3269 ut
1345 3215 1497 3268 vobis
1535 3228 1604 3267 ex
1637 3211 1820 3266 verbis
1859 3207 1971 3277 jam

2082 3216 2174 3285 οὐχ
2201 3215 2229 3266 ὁ
2260 3214 2487 3285 ποιητὴς
2516 3213 2624 3267 τῶν
2667 3214 2804 3267 ὅλων
2848 3215 3000 3266 ἔσται
3033 3214 3163 3278 Θεὸς
3193 3215 3222 3266 6
3261 3213 3339 3284 τῷ
3371 3214 3558 3268 Μωσεί
3589 3216 3674 3266 εἰς

389 3314 680 3383 descriptis
706 3313 1137 3366 demonstratum
1166 3314 1272 3368 est,
1308 3319 1414 3357 non
1441 3311 1658 3358 creator
1690 3302 1971 3356 universo-

2082 3306 2194 3360 πὼν
2223 3307 2384 3360 αὐτὸν
2427 3303 2565 3359 εἶναι
2597 3306 2729 3359 Θεὸν
2759 3305 3034 3378 Ἀϐραὰμ,
3066 3306 3160 3359 καὶ
3183 3307 3314 3359 Θεὸν
3345 3307 3552 3365 Ἰσαὰκ.
3571 3309 3673 3360 xui

389 3424 510 3461 rum
554 3407 694 3460 Deus
727 3407 869 3467 crit,-
887 3399 981 3455 sed
1015 3399 1157 3452 idem
1195 3413 1258 3451 ac
1296 3396 1406 3458 ille,
1443 3409 1605 3466 quem
1651 3393 1887 3448 Abrahae
1919 3401 1971 3446 et

2082 3397 2206 3450 Θεὸν
2269 3396 2500 3462 Ἰακὼϐ,
2556 3397 2670 3450 ἀλλ’
2709 3399 2738 3450 6
2770 3398 3108 3468 ἀποδειχθεὶς
3163 3399 3290 3469 ὑμῖν
3345 3393 3522 3468 ὦφθαι
3586 3398 3674 3469 τῷ

389 3499 558 3555 Jacob
586 3497 923 3566 apparuisse,
972 3508 1034 3547 ac
1066 3491 1340 3546 Creatoris
1373 3489 1748 3542 universorum
1781 3484 1972 3539 volun-

351 3593 358 3602 ’
391 3593 488 3648 tati
541 3589 874 3651 ministrare,
921 3583 1148 3654 ejusque
1201 3580 1430 3635 consilio
1465 3580 1671 3648 pariter
1704 3578 1758 3631 in
1791 3576 1970 3632 Sodo-

393 3699 603 3741 morum
631 3682 836 3750 judicio
859 3680 1201 3734 ministrasse
1222 3676 1650 3729 demonstratum
1677 3671 1826 3726 vobis
1855 3681 1969 3737 est;

391 3780 466 3833 ita
501 3786 562 3831 ut
590 3776 833 3838 etiamsi,
869 3782 928 3827 ut
958 3772 1164 3833 dicitis,
1197 3771 1306 3823 duo
1334 3767 1541 3823 fuerint
1571 3776 1628 3822 et
1662 3764 1885 3833 angelus
1916 3773 1970 3818 et

394 3871 564 3931 Deus,
597 3881 757 3920 nemo
797 3875 980 3919 tamen
1019 3877 1127 3916 non
1160 3861 1389 3923 omnino
1435 3868 1619 3913 mente
1651 3866 1845 3925 captus
1873 3859 1970 3908 a'u-

392 3969 601 4013 ctorem
633 3957 1020 4010 universorum
1064 3962 1117 4007 et
1152 3959 1438 4021 parentem
1472 3949 1682 4004 relictis
1711 3947 1969 4002 omnibus

391 4048 882 4121 supercmlestibus
908 4049 961 4100 in
996 4061 1165 4116 parva
1188 4053 1354 4098 terra:
1380 4041 1649 4112 particula
1681 4040 1856 4095 visum
1886 4040 1970 4095 di-

391 4159 517 4202 cere
543 4143 759 4198 audeat.

462 4238 534 4291 At
574 4233 845 4304 Trypho:
903 4227 1357 4297 Quandoquidem
1401 4226 1836 4281 demonstratum
1882 4236 1970 4282 est

394 4343 550 4394 eum,
578 4326 671 4395 qui
701 4326 849 4380 visus
886 4323 1124 4377 Abrahae
1167 4321 1308 4373 Deus
1333 4333 1399 4373 ac
1430 4317 1696 4372 Dominus
1719 4327 1965 4385 vocatur,

394 4422 463 4475 ab
513 4433 596 4485 eo,
644 4417 751 4486 qui-
775 4417 831 4470 in
875 4416 1030 4471 caelis
1063 4425 1186 4480 est,
1228 4414 1460 4469 Domino
1498 4411 1805 4481 accepisse,
1843 4425 1966 4480 qua:

2074 3487 2326 3560 Ἀϐραὰμ
2350 3528 2364 3551 ,
2412 3490 2505 3542 xui
2533 3489 2610 3559 τῷ
2643 3489 2839 3543 Ἰακὼϐ
2860 3531 2874 3553 ,
2905 3494 2970 3562 τῇ
2999 3490 3093 3544 τοῦ
3123 3491 3346 3561 ποιητοῦ
3389 3491 3496 3544 τῶν
3525 3491 3670 3546 ὅλων

2075 3578 2286 3650 θελήσει
2320 3580 2630 3652 ὑπηρετῶν,
2667 3583 2760 3634 xui
2788 3583 2845 3635 ὲν
2877 3584 2942 3654 τῇ
2978 3583 3156 3652 κρίσει
3188 3581 3296 3634 τῶν
3329 3581 3575 3652 Σοδόμων
3596 3587 3668 3654 τῇ

2075 3671 2236 3742 βουλῇ
2269 3672 2432 3725 αὐτοῦ
2465 3673 2665 3744 ὁμοίως
2699 3675 3074 3746 ὑπηρετήσας
3107 3674 3249 3728 ὥστε
3282 3673 3412 3734 κᾶν,
3448 3674 3524 3738 ὥς
3558 3693 3672 3744 φα-

2071 3781 2152 3827 τε,
2187 3765 2306 3839 ἔχῃ,
2339 3767 2421 3818 ὅτι
2452 3765 2545 3818 δύο
2576 3763 2735 3838 ἦσαν,
2771 3767 2866 3820 xui
2909 3765 3138 3835 ἄγγελος
3165 3765 3260 3819 xui
3287 3766 3437 3830 Θεὸς,
3473 3767 3534 3818 οὐ
3570 3767 3672 3820 τὸν

2071 3857 2298 3927 ποιητὴν
2326 3857 2416 3910 τὸν
2449 3857 2586 3910 ὅλων
2616 3858 2711 3912 καὶ
2757 3857 2967 3930 πατέρα
2999 3857 3370 3910 καταλιπόντα
3404 3855 3472 3909 τὰ
3519 3857 3671 3928 ὑπὲρ

2069 3949 2298 4019 οὐρανὸν
2327 3950 2566 4010 ἅπαντα,
2601 3951 2659 4002 ὲν
2691 3949 2860 4020 ὀλίγῳ
2901 3951 3003 4022 γῆς
3039 3952 3212 4022 μορίῳ
3244 3951 3355 4022 (75)
3391 3949 3666 4019 πεφάνθαι

2071 4047 2179 4109 πᾶς
2209 4045 2457 4100 ὁστισοῦν
2480 4087 2495 4111 ,
2531 4047 2632 4101 κᾶν
2673 4048 2867 4119 μικρὸν
2911 4046 3033 4100 νοῦν
3066 4046 3204 4117 ἔχων
3225 4085 3239 4110 ,
3285 4047 3548 4118 τολμήσει
3581 4048 3663 4099 εί-

2071 4144 2213 4193 πεῖν.

2140 4233 2250 4285 Kui
2277 4234 2306 4286 6
2339 4231 2595 4304 Τρύφων·
2647 4230 2866 4302 Ἐπειδὴ
2907 4231 3006 4302 ἤδη
3055 4229 3540 4302 προαποδέδεικται
3578 4231 3668 4282 ὅτι

2068 4326 2098 4377 6
2128 4322 2312 4391 ὀφθεὶς
2338 4323 2416 4393 τῷ
2444 4322 2700 4395 Ἀϐραὰμ
2731 4323 2862 4386 Θεὸς
2897 4324 2990 4376 xui.
3020 4325 3222 4394 Κύριος
3247 4322 3665 4392 ὠνομασμένος,

2069 4418 2174 4470 ὑπὸ
2205 4419 2409 4489 Κυρίου
2442 4418 2536 4470 τοῦ
2571 4421 2628 4471 ὲν
2658 4419 2907 4488 οὐρανοῖς
2938 4417 3116 4470 λαϐὼν
3154 4416 3219 4469 τὰ
3256 4415 3565 4486 ἐπαχθέντα
3593 4419 3664 4487 τῇ

394 4521 555 4566 terra:
585 4510 950 4565 Sodomorum
985 4505 1218 4571 inﬂixit;
1256 4521 1424 4570 nunc,
1459 4506 1626 4559 etiam
1665 4504 1712 4558 si
1736 4504 1960 4574 angelus

2082 4477 2317 4580 Σοδόμων
2349 4512 2441 4581 γῇ,
2479 4477 2750 4580 ἐπήγαγε,
2795 4477 2900 4562 xui.
2929 4508 3024 4561 νῦν
3067 4510 3158 4562 xui
3190 4477 3417 4576 ἄγγελος
3449 4507 3560 4578 (74)

389 4606 658 4662 adfuisset
688 4619 812 4660 cum
847 4604 958 4657 Deo
979 4601 1076 4667 qui
1104 4599 1272 4671 Moysi
1301 4599 1597 4670 apparuit;
1635 4597 1830 4663 Deum,
1865 4597 1960 4668 qui

460 4831 506 4862 "
535 4831 709 4885 Exod.
737 4844 798 4894 ιι,
828 4827 923 4882 25.
999 4825 1046 4856 ⁷³
1071 4825 1244 4883 Exod.
1276 4839 1358 4890 ιιι,
1383 4824 1471 4878 16.

457 5071 573 5146 (72)
601 5074 710 5146 Καὶ
759 5071 986 5146 Ἰσαάκ.
1019 5069 1250 5146 Videtur
1297 5067 1489 5146 Ja_cob_
1533 5082 1740 5146 nomen
1777 5067 1859 5146 vel
1909 5067 1966 5120 in

389 5138 567 5202 locum
599 5145 772 5199 lsaaci
801 5142 1266 5204 substituendnm,
1294 5139 1378 5193 vel
1411 5139 1604 5193 saltem
1641 5138 1966 5200 addendum,

388 5231 446 5271 ιιι
485 5217 703 5285 Longus
743 5223 800 5269 et
831 5214 1109 5285 Thirlhius
1147 5211 1524 5285 videruntr—
1558 5207 1968 5285 'Iaxdi_6.V_ulgo

400 5279 712 5342 ‘luuufot
752 5299 881 5338 vero
930 5281 1096 5336 Jacob
1152 5295 1346 5334 nomen
1392 5283 1460 5332 oh
1504 5279 1880 5333 antecedentia
1915 5279 1967 5330 in

390 5359 567 5412 locum
603 5357 776 5409 lsaaci
799 5354 1240 5438 Stibstitnemliiin
1269 5351 1520 5438 esse‘jam
1555 5348 1963 5438 Itaiiigusnvidit;

385 5433 564 5497 Atque
595 5442 719 5479 mox
760 5442 810 5497 c.
861 5423 930 5497 (ὄρ
960 5424 1074 5497 εμὉ
1103 5415 1443 5497 ᾁποδειχθεὶς
1500 5419 1632 5497 ὑμῖν
1681 5415 1861 5497 diutius
1889 5415 1969 5497 ςτῷ

399 5488 800 5569 Ἀϐραὰμ-και
845 5493 939 5569 ’τῷ
985 5491 1201 5569 Ἰακὼϐ.
1243 5488 1380 5545 con.
1442 5488 1642 5569 c.1336.-
1690 5488 1971 5569 Tltirlliins

385 5557 567 5621 mallet
594 5557 623 5620 τ’
655 5565 741 5628 Ὠς
770 5557 924 5635 ἀνὴρ
959 5566 1054 5618 xui
1100 5562 1388 5635 ἄνθρωπος
1411 5633 1416 5635 _
1451 5559 1703 5635 Ἀϐραὰμ
1868 5557 1970 5635 Ἰα-

388 5637 502 5693 κὼϐ
527 5626 737 5706 φανείςξ
765 5626 936 5689 Neu-io
975 5647 1155 5688 autem
1199 5626 1338 5700 leget
1379 5626 1628 5703 Ἀϐραὰμ
1656 5626 1749 5682 xui
1784 5626 1968 5680 Ἰσαὰκ

388 5709 481 5762 xui
527 5707 739 5760 Ἰακώϐ.
778 5706 956 5762 Οττο,

387 5853 393 5858 1
455 5779 570 5851 (75)
613 5779 716 5832 Ἐν
731 5777 910 5845 ὀλίγῳ
945 5773 1272 5848 γῆςμορίῳ.
1306 5772 1440 5828 Vide
1467 5786 1585 5840 qua:
1617 5772 1683 5826 de
1707 5771 1809 5824 hac
1840 5766 1962 5822 Jus-

2073 4600 2170 4653 σὺν
2202 4599 2279 4670 τῷ
2311 4601 2531 4670 φανέντι
2563 4600 2641 4672 τῷ
2696 4602 2887 4657 Μωσεῖ
2926 4600 3058 4664 Θεὸς
3098 4599 3206 4670 (75)
3254 4599 3626 4669 γεγενημένος
3648 4639 3664 4662 ,

2075 5067 2174 5120 tini
2203 5063 2460 5134 loquendi
2487 5061 2718 5134 ratione
2736 5061 3107 5134 _observamns
3141 5058 3208 5112 ad
3235 5073 3289 5134 ιι.
3317 5057 3444 5114 127.

2141 5127 2401 5206 (74)’Καὶ
2435 5132 2555 5206 νῦν
2585 5133 2686 5186 καὶ
2719 5131 2994 5206 (in-alga
3055 5129 3365 5206 begendum
3412 5127 3510 5206 καὶ
3561 5129 3662 5206 νῦν

2072 5198 2175 5262 κᾶν
2210 5198 2462 5275 ἄγγελος.
2500 5203 2698 5270 Liquet
2731 5198 2876 5275 enim
2903 5198 3260 5275 Tryphonem
3310 5198 3397 5253 hic
3436 5198 3659 5275 Justino

2073 5269 2350 5341 assentiri,
2394 5285 2450 5330 et
2478 5275 2547 5328 ad
2587 5269 2952 5344 pracedentia
2987 5269 3132 5324 illius
3151 5275 3319 5344 verba
3357 5269 3658 5344 respicere.

2073 5349 2254 5414 Quare
2281 5347 2460 5401 dicere
2484 5341 2604 5399 non'
2635 5343 2832 5414 potuit,
2871 5360 2890 5392 ι
2934 5349 2998 5414 et
3034 5355 3177 5414 nunc
3214 5341 3392 5414 etiam
3426 5341 3660 5414 angelus

2073 5406 2194 5471 e'rat
2225 5420 2367 5470 Deus
2390 5430 2513 5468 cum
2548 5430 2615 5469 eo
2635 5406 2733 5481 qui
2775 5411 3030 5480 apparuit
3072 5408 3266 5481 Moysi.
3302 5427 3320 5459 ι
3350 5406 3469 5481 Non
3507 5406 3657 5464 enim

2076 5490 2128 5540 id
2159 5489 2375 5540 dixerat
2413 5480 2683 5546 Justinus,
2715 5485 2807 5536 sed
2851 5490 3084 5543 tantum,
3124 5501 3141 5531 ι
3169 5480 3394 5534 etiamsi
3427 5482 3659 5549 angelus

2074 5571 2127 5611 et
2168 5561 2307 5609 Deus
2335 5557 2493 5608 simul
2536 5564 2741 5608 esSent.
2777 5570 2795 5602 ι

2145 5628 2256 5694 (75)
2286 5625 2410 5680 Σὺν
2441 5623 2522 5690 τῷ
2547 5622 2794 5694 ,φανέν-τι
2813 5621 2896 5687 τῷ
2920 5619 3312 5694 Μωοζεῐβεός.
3338 5619 3654 5690 Legendnnt

2069 5690 2208 5769 Θεῷ.
2239 5690 2330 5751 Sic
2361 5697 2505 5751 enim
2531 5690 2688 5748 antea
2723 5693 2956 5760 ἄγγελον
2989 5690 3086 5744 xui
3119 5690 3272 5742 Θεόν.
