3962 6262
336 287 438 344 613

1369 287 1716 346 DlALOGUS
1744 289 1890 346 CUM
1925 283 2302 350 TRYPHONE
2332 287 2593 347 JUDIEO.

3555 293 3660 351 6εό

337 401 417 457 τὸν
455 402 582 457 Θεὸν
623 402 738 474 (76)
801 404 921 458 τὸν
988 406 1111 459 ἀπὸ
1166 406 1269 476 τῆς
1323 405 1484 476 βάτου
1527 405 1865 477 ὁμιλήσαντα
1896 405 1947 456 τί

2079 420 2143 460 ex
2175 403 2315 456 rubo
2346 403 2654 458 collocutus
2676 401 2775 458 'est
2807 415 2932 457 cum
2972 401 3178 476 Moyse,
3203 420 3312 461 non
3348 419 3656 466 creatorem

311 495 519 553 Μωσεῖ.
554 496 619 547 οὐ
660 495 764 546 τὸν
804 497 1083 568 ποιητὴν
1115 496 1228 550 τῶν
1267 496 1401 550 ὅλων
1433 496 1567 549 Θεὸν
1596 496 1860 567 νοῆσομεν
1887 511 1977 563 γε-

295 584 513 651 γονέναι
534 624 552 646 ,
609 583 735 635 ἀλλ’
795 586 1045 638 ἐκεῖνον
1087 585 1185 637 τὸν
1215 585 1307 638 καὶ
1349 583 1428 654 τῷ
1460 583 1734 654 Ἀϐραὰμ,
1769 585 1863 638 καὶ
1897 581 1977 654 τῷ

288 677 512 740 Ἰσαὰκ,
549 675 660 729 καί
692 675 788 747 τῷ
821 677 1054 732 Ἰακὼϐ
1099 676 1488 746 ἀποδειχθέντα
1532 675 1973 746 πεφανερῶσθαι·

308 773 371 836 ὸς
395 771 493 824 καὶ
522 769 783 837 ἀγγελος
818 770 935 823 τοῦ
977 758 1101 824 τῶν
1136 770 1272 823 ὅλων
1301 767 1523 839 ποιητοῦ
1557 767 1694 821 Θεοῦ
1729 769 1974 822 καλεῖται

326 866 418 918 καὶ
458 866 674 917 νοεῖται
728 859 894 916 εἷναι
915 904 932 927 ,
983 866 1053 917 ὲκ
1086 861 1181 916 τοῦ
1225 860 1559 930 διαγγέλλειν
1608 863 1721 924 τοῖς
1759 860 1971 932 ἀνθρώ-

336 973 452 1020 ποις
486 956 559 1009 τὰ
600 956 769 1026 παρὰ
805 954 916 1007 τοῦ
961 956 1173 1025 πατρὸς
1222 953 1314 1007 καὶ
1366 951 1590 1022 ποιητοῦ
1637 951 1744 1006 τῶν
1800 952 1972 1006 ἀπάν-

345 1069 465 1103 των.

412 1141 585 1209 Κάγὼ
619 1140 821 1194 πάλιν·
863 1139 1013 1210 Ἤδη
1054 1137 1268 1208 μέντοι,
1303 1136 1348 1190 ὧ
1377 1135 1645 1208 Τρύφων,
1681 1134 1966 1200 ἀποδείξω,

356 1235 431 1288 ὅτι
458 1233 596 1303 πρὸς
627 1235 701 1303 τῇ
737 1231 1002 1294 Μωσέως
1034 1231 1271 1301 ὀπτασίᾳ
1301 1229 1462 1292 αὐτὸς
1495 1220 1651 1291 οὗτος
1684 1228 1844 1298 μόνος
1872 1225 1970 1279 καὶ

359 1324 581 1392 ᾶγγελος
626 1322 1008 1393 καλούμενος,
1057 1323 1152 1376 καὶ
1181 1321 1311 1384 Θεὸς
1358 1320 1639 1391 ὑπάρχων,
1674 1317 1838 1390 ’ὤφθη
1874 1317 1969 1371 καὶ

362 1415 758 1486 προσωμίλησε
813 1413 896 1484 τῷ
940 1416 1151 1467 Μωσεί.
1196 1413 1382 1476 Οὕτως
1428 1411 1538 1482 γὰρ
1580 1410 1684 1481 ἔφη
1726 1412 1754 1463 ὀ
1786 1408 1963 1477 λόγος’

366 1529 384 1558 ι
415 1508 591 1578 Ὠφθη
624 1507 686 1561 δὲ
715 1507 876 1576 αὐτῷ
904 1507 1134 1576 ἄγγελος
1165 1506 1374 1578 Κυρίου
1403 1507 1461 1558 ἐν
1497 1504 1630 1576 πυρὶ
1673 1503 1869 1572 φλογὸς
1900 1504 1966 1555 ἐκ

365 1602 544 1672 βάτου·
574 1603 678 1655 καὶ
715 1603 825 1672 ὀρᾷ
852 1603 938 1655 ὅτι
967 1605 1000 1672 ή
1039 1602 1200 1672 βάτος
1230 1601 1442 1654 καίεται
1476 1600 1628 1670 πυρὶ,
1661 1601 1694 1669 ἡ
1725 1600 1780 1653 δὲ
1804 1599 1964 1670 βάτος

361 1696 418 1747 οὗ
445 1695 802 1748 κατεκαίετο.
837 1695 898 1747 Ὁ
931 1693 986 1746 δὲ
1016 1693 1224 1762 Μωσῆς
1244 1688 1385 1745 εἴπεο
1429 1691 1729 1763 Παρελθὼν
1763 1692 1962 1762 ὄψομαι

359 1787 418 1840 τὸ
446 1788 634 1857 ὅραμα
653 1786 823 1839 τοῦτο
847 1786 909 1838 τὸ
927 1786 1091 1856 μέγα,
1120 1784 1202 1836 ὅτι
1233 1784 1293 1836 οὐ
1321 1783 1682 1837 κατακαίεται
1708 1785 1742 1855 ἡ
1780 1783 1959 1854 βάτος.

373 1877 457 1939 ἀς
476 1877 521 1928 δ’
561 1872 676 1929 εἶδε
709 1875 919 1948 Κύριος
953 1876 1035 1928 ὃτι
1071 1874 1336 1946 προσάγει
1374 1873 1522 1937 ίδείν,
1568 1873 1824 1926 ἐκάλεσεν
1867 1873 1963 1925 αὐ-

357 1966 447 2018 τον
479 1966 691 2037 Κύριος
723 1969 792 2019 ὲκ
817 1966 918 2036 τῆς
967 1965 1148 2034 βάτου.
1176 1984 1193 2015 ι
1238 1965 1334 2018 Ὃν
1379 1960 1472 2017 οὖν
1517 1963 1720 2035 τρόπον
1761 1965 1852 2017 τὸν
1883 1963 1962 2035 τῷ

374 2056 566 2111 Ἰακὼϐ
612 2057 857 2127 ὀφθέντα
904 2058 1046 2111 κατὰ
1076 2059 1200 2120 τοὺς
1235 2056 1435 2120 ὕπνους
1484 2056 1714 2125 ἄγγελον
1745 2059 1774 2110 ὀ
1805 2056 1962 2125 λόγος

361 2149 523 2218 λέγει,
562 2146 688 2202 εἶτα
708 2150 875 2204 αὐτὸν
905 2149 1000 2202 τὸν
1030 2149 1262 2219 ὀφθέντα
1290 2148 1432 2202 κατὰ
1464 2149 1590 2212 τοὺς
1624 2148 1827 2212 ’ὕπνους
1858 2148 1960 2218 ἄγ-

361 2241 510 2308 γελον
564 2241 852 2310 εἰρηκέναι
899 2240 1090 2311 αὐτῷ,
1141 2242 1240 2294 ὅτι·
1289 2260 1307 2291 t
1336 2239 1479 2309 Ἐγώ
1515 2243 1630 2310 είμι
1676 2242 1704 2292 ὁ
1749 2241 1878 2304 Θεὸς
1932 2243 1961 2294 ὀ

353 2330 541 2398 ὀφθείς
597 2347 682 2383 σοι
719 2333 809 2384 ὅτε
858 2331 1251 2402 ἀπεδίδρασκες
1296 2331 1405 2384 ἀπὸ
1440 2331 1732 2402 προσώπου
1784 2331 1957 2385 Ἡσαῦ

357 2421 450 2473 τοῦ
481 2422 722 2492 ἀδελφοῦ
755 2439 870 2474 σουο
913 2442 932 2474 ι
971 2424 1065 2477 καὶ
1091 2423 1182 2475 ἐπὶ
1211 2423 1304 2476 τοῦ
1339 2423 1593 2496 Ἀϐραὰμ
1625 2427 1683 2477 ὲν
1719 2427 1785 2496 τῇ
1835 2426 1957 2496 κρί-

360 2529 441 2566 σει
475 2513 589 2566 τῶν
634 2514 886 2584 Σοδόμων
921 2513 1127 2586 Κύριον
1179 2514 1328 2585 παρὰ
1374 2515 1582 2586 Κυρίου
1624 2515 1719 2568 τοῦ
1755 2518 1813 2568 ἐν
1845 2519 1958 2579 τοῖς

355 2606 606 2676 οόρανοῖς
640 2606 745 2677 τὴν
777 2607 962 2678 κρίσιν
993 2606 1376 2677 ἐπενηνοχέναι
1409 2606 1534 2677 ἔφη’
1566 2607 1738 2671 οὕτως
1763 2607 1856 2661 καὶ
1881 2611 1960 2662 ἐν·

356 2697 529 2750 ταῦθα
568 2701 600 2751 ὀ
629 2698 792 2766 λόγος
817 2699 993 2766 λέγων
1028 2699 1257 2767 ἄγγελον
1283 2700 1490 2770 Κυρίου
1524 2695 1703 2770 ὦφθαι
1729 2700 1807 2771 τῷ
1829 2703 1957 2755 Μω-

357 2792 456 2854 esi,
490 2792 589 2843 καὶ
624 2790 926 2862 μετέπειτα
959 2790 1164 2863 Κύριον
1197 2793 1357 2845 αὐτὸν
1403 2793 1531 2845 ὄντα
1566 2795 1661 2847 καὶ
1694 2793 1825 2848 Θεὸν
1858 2813 1955 2866 ση-

357 2883 584 2952 μαίνων,
622 2883 722 2936 τὸν
763 2883 928 2936 αὐτὸν
960 2883 1106 2952 λέγει
1138 2884 1196 2937 ὀν
1229 2885 1322 2937 καὶ
1350 2883 1437 2937 διὰ
1482 2885 1692 2939 πολλῶν
1723 2886 1830 2941 τῶν
1869 2888 1956 2941 λε-

351 2973 632 3044 λεγμένων
658 2973 1040 3046 ὑπηρετοῦντα
1067 2975 1144 3046 τῷ
1179 2977 1316 3048 ὑπὲρ
1349 2977 1551 3049 κόσμον
1575 2977 1875 3052 Θεῷ,.ὑπὲρ
1895 2979 1954 3034 ὃν

349 3065 506 3128 ἄλλος
538 3067 645 3118 οὐκ
676 3065 818 3131 ἐστι,
852 3067 1125 3138 σημαίνει.

415 3161 504 3214 61.
561 3162 888 3234 Μαρτύριον
929 3163 987 3215 δὲ
1031 3164 1124 3216 καὶ
1171 3163 1297 3219 ἄλλο
1331 3165 1479 3237 ὑμῖν,
1516 3160 1560 3219 ὦ
1598 3167 1760 3236 φίλοι,
1794 3167 1948 3239 ἔφην,
1979 3181 2021 3237 C

346 3254 452 3306 ἀπὸ
489 3253 605 3306 τῶν
642 3253 881 3325 Γραφῶν
913 3253 1069 3308 δώσω
1091 3297 1106 3320 ,
1139 3257 1219 3309 ὅτι
1253 3257 1425 3329 ἀρχὴν
1455 3259 1560 3328 πρὸ
1589 3260 1803 3313 πάντων
1839 3262 1948 3333 (77)

345 3343 452 3395 τῶν
495 3343 823 3413 κτισμάτων
861 3347 890 3397 ὀ
921 3344 1053 3409 Θεὸς
1100 3346 1394 3417 γεγέννηκε
1441 3350 1667 3419 δύναμίν
1725 3368 1844 3404 τινα
1887 3352 1946 3418 ἐξ

345 3437 538 3490 ἑαυτοῦ
580 3437 832 3508 λογικὴν,
859 3440 982 3509 ἥτις
1005 3441 1100 3493 καὶ
1119 3439 1243 3505 δόξα
1272 3443 1478 3515 Κυρίου
1518 3445 1622 3497 ὑπὸ
1656 3444 1746 3497 τοῦ
1777 3446 1946 3499 Πνεύ-

349 3547 515 3599 ματος
543 3530 640 3583 τοῦ
679 3531 839 3597 ἁγίου
870 3531 1130 3596 καλεῖται,
1155 3535 1285 3586 ποτὲ
1316 3535 1374 3587 δὲ
1406 3536 1532 3599 Υἱὸς
1554 3576 1569 3600 ,
1604 3537 1735 3590 ποτὲ
1761 3537 1818 3590 δὲ
1850 3539 1946 3590 Σο-

344 3623 460 3690 φία,
498 3625 632 3675 ποτὲ
667 3623 726 3676 δὲ
760 3624 1046 3692 Ἄγγελος,
1079 3626 1207 3678 ποτὲ
1238 3626 1294 3678 δὲ
1323 3626 1475 3692 Θεὸς,
1512 3629 1642 3681 ποτὲ
1660 3629 1717 3682 δὲ
1738 3628 1942 3700 Κύριος

345 3714 438 3765 καὶ
463 3715 666 3781 Λόγος·
702 3715 834 3766 ποτε
866 3714 925 3766 δὲ
966 3714 1400 3786 ἀρχιστράτηγον
1437 3718 1626 3771 ἑαυτὸν
1670 3717 1849 3784 λέγει,
1882 3719 1940 3770 ὲν

346 3804 637 3876 ἀνθρώπου
699 3808 881 3876 μορφῇ
949 3805 1186 3872 φανέντα
1242 3806 1320 3876 τῷ
1374 3807 1466 3860 τοῦ
1526 3808 1685 3879 Ναυῆ
1742 3809 1936 3881 Ἰησοῦ.

352 3897 535 3967 Ἐχειν
568 3898 683 3968 γὰρ
717 3898 898 3952 πάντα
947 3898 1444 3970 προσονομάζεσθαι
1493 3901 1601 3974 (78)
1643 3902 1705 3954 ἐκ
1746 3920 1803 3955 τε
1845 3902 1938 3956 τοῦ

350 3990 648 4061 ὑπηρετεῖν
700 3989 779 4058 τῷ
825 3990 1077 4063 πατρικῷ
1127 3991 1445 4064 βουλήματι,
1477 3993 1573 4046 καὶ
1599 3997 1663 4048 ἐκ
1701 3995 1792 4048 τοῦ
1833 3996 1940 4049 ἀπὸ

348 4080 438 4133 τοῦ
458 4081 677 4152 [ἰατρὸς
694 4081 912 4153 θελήσει
949 4082 1296 4154 γεγενῆσθαι.
1316 4083 1454 4136 Ἀλλ’
1473 4085 1536 4136 οὐ
1564 4083 1802 4138 τοιοῦτον
1825 4085 1935 4158 (79)

420 4257 469 4291 ⁷⁸
506 4259 685 4314 Exod.
712 4275 798 4326 tu,
824 4259 944 4315 2-4.
1022 4261 1068 4292 ⁷⁵
1099 4260 1237 4316 Gen.
1269 4278 1440 4328 xxxv,
1477 4261 1532 4316 7.

2080 493 2459 547 universorum
2506 493 2674 546 Deum
2706 491 3072 562 intelligemus
3129 494 3322 563 fuisse,
3371 499 3468 553 sed
3523 491 3650 555 eum

2078 601 2240 654 quem
2266 593 2323 638 et
2353 584 2590 637 Abrahae
2627 591 2682 638 et
2715 584 2864 638 Isaac
2900 593 2955 639 et
2984 585 3153 642 Jacob
3188 591 3508 658 apparuisse
3547 593 3650 647 de—

2077 684 2446 730 tnonstratum
2482 683 2590 742 est,
2628 678 2719 743 qui
2752 677 2917 731 etiam
2949 680 3334 736 universorum
3383 685 3655 740 creatoris

2078 765 2174 820 Dei
2211 765 2434 835 angelus
2459 775 2685 819 vocatur
2707 776 2760 820 et
2798 781 2920 821 esse
2961 769 3304 840 intelligitur,
3346 787 3413 827 eo
3435 775 3578 843 quod
3623 791 3655 828 a

2074 866 2226 928 patre
2257 869 2312 912 et
2345 867 2593 912 creatore
2623 859 3007 914 universorum
3062 865 3320 918 mandata
3355 869 3424 921 ad
3472 867 3649 922 hom-i-

2073 965 2172 1008 nes
2206 951 2467 1022 perferat.

2143 1129 2280 1185 Tum
2313 1145 2414 1199 ego
2447 1146 2664 1186 rursum
2697 1133 2855 1188 :Jam
2887 1133 3303 1204 demonSIrabo,
3329 1136 3574 1207 inquam,
3612 1155 3646 1196 ο

2072 1218 2323 1289 Trypho,
2352 1222 2404 1274 in
2432 1219 2634 1292 Moysis
2667 1224 2876 1278 visione
2913 1225 3088 1295 ipsum
3122 1227 3292 1291 illum,
3327 1229 3418 1296 qui
3465 1240 3519 1284 et
3552 1246 3652 1284 an-

2070 1313 2226 1382 gelus
2257 1322 2487 1369 vocatur
2519 1326 2574 1370 et
2599 1317 2742 1371 Deus
2765 1327 2872 1381 est,
2909 1318 3080 1371 solum
3117 1321 3434 1388 apparuisse
3455 1321 3650 1393 Moysi,

2069 1415 2125 1458 et
2158 1420 2280 1460 cum
2308 1421 2374 1461 eo
2403 1407 2737 1462 collocutum
2771 1423 2914 1464 esse.
2936 1410 3034 1464 Sic’
3059 1414 3202 1465 enim
3226 1413 3602 1484 aitScriptura
3631 1433 3648 1470 :

2075 1512 2093 1546 ι
2123 1495 2391 1564 Apparuit
2415 1508 2596 1551 autem
2621 1498 2668 1551 ei
2697 1501 2922 1568 angelus
2951 1501 3166 1556 Domini
3192 1504 3243 1556 in
3278 1503 3400 1574 igne
3417 1503 3649 1562 ﬂammae

2067 1601 2132 1641 ex
2173 1589 2309 1642 rubo
2345 1609 2357 1642 :
2392 1599 2447 1644 et
2477 1589 2718 1656 videbat,
2767 1594 2914 1660 quod
2967 1594 3139 1650 rubus
3179 1597 3406 1652 arderet
3443 1598 3566 1668 igne
3594 1609 3649 1653 et

2069 1696 2177 1734 nou
2221 1683 2662 1739 combureretur.
2701 1685 2850 1738 Dixit
2891 1695 3070 1740 autem
3125 1687 3340 1760 Moyses
3376 1711 3387 1744 :
3423 1689 3644 1746 Vadens

1998 1763 2039 1818 Β
2062 1771 2258 1827 videbo
2287 1773 2549 1828 visionem
2582 1776 2725 1828 hanc
2761 1789 3039 1846 magnam,
3077 1778 3205 1846 quia
3233 1795 3338 1832 non
3372 1779 3647 1833 comburi-

2067 1874 2155 1918 tur
2195 1865 2385 1919 rubus.
2423 1865 2670 1922 Cernens
2700 1878 2880 1924 autem
2921 1870 3184 1924 Dominus
3217 1871 3360 1939 quod
3406 1871 3643 1926 accede-

2064 1965 2148 2009 ret
2171 1956 2237 2010 ad
2265 1957 2584 2025 videndum,
2615 1962 2832 2016 vocavit
2854 1976 2977 2015 eum
3017 1977 3085 2016 ex
3125 1964 3261 2016 rubo
3280 1962 3349 2018 ⁷⁸.
3382 1981 3400 2014 ι
3431 1961 3638 2028 Quem-

2064 2049 2351 2104 admodum
2387 2051 2550 2120 igitur
2579 2052 2863 2124 Scriptura
2887 2071 3033 2122 eum,
3058 2056 3149 2127 qui
3173 2056 3377 2111 Jacobo
3406 2058 3457 2110 itt
3487 2072 3638 2111 som-

2067 2140 2154 2195 nis
2171 2145 2446 2211 apparuit,
2468 2146 2719 2214 angelum
2746 2147 2981 2216 appellat
3005 2191 3019 2213 ,
3047 2148 3242 2203 delude
3265 2149 3439 2218 ipsum
3459 2149 3640 2212 illum,

2060 2234 2150 2300 qui
2189 2233 2241 2286 in
2277 2236 2482 2289 somnis
2516 2238 2795 2306 apparuit,
2822 2238 3083 2307 angelum
3117 2239 3220 2308 ipsi
3258 2241 3468 2295 dixisse
3502 2256 3636 2294 nar-

2056 2333 2145 2377 rat
2176 2339 2192 2379 :
2229 2341 2248 2375 r
2277 2325 2397 2393 Ego
2417 2342 2534 2380 sunt
2557 2329 2719 2392 Deus,
2740 2329 2832 2398 qui
2860 2332 3090 2400 apparui
3129 2332 3250 2398 tibi,
3273 2311 3396 2386 cum
3419 2333 3642 2402 fugeres

2060 2431 2088 2468 a
2128 2415 2267 2471 facie
2296 2417 2443 2472 Esat't
2477 2418 2660 2476 fratris
2697 2421 2872 2489 tui";
2916 2443 2936 2476 ι
2968 2436 3024 2478 et
3043 2423 3145 2479 sub
3173 2425 3450 2480 Abraham
3473 2428 3526 2480 in
3550 2427 3640 2494 ju-

2059 2507 2204 2562 dicio
2257 2508 2626 2565 Sodomorum
2687 2528 2717 2566 a
2777 2513 3008 2569 Domino
3068 2517 3123 2570 in
3163 2517 3320 2572 crelis
3366 2517 3636 2587 judicium

2059 2599 2316 2656 intulisse
2371 2602 2513 2656 dixit
2545 2618 2557 2654 :
2600 2603 2677 2657 ita
2711 2615 2769 2659 et
2805 2606 2907 2662 hoc
2937 2606 3062 2662 loco
3114 2609 3368 2678 angelum
3423 2610 3638 2666 Domini

2058 2689 2228 2762 Moysi
2266 2695 2593 2764 apparuisse
2645 2696 2936 2764 referens,
2989 2714 3053 2753 ac
3099 2711 3290 2769 postea
3341 2702 3634 2758 Dominqu

2057 2782 2208 2836 illum
2243 2794 2299 2840 et
2330 2787 2502 2841 Deum
2535 2800 2656 2842 esse
2688 2788 3000 2857 declarans,
3027 2809 3132 2848 non
3159 2793 3324 2847 alium
3360 2795 3637 2868 designat,

2055 2890 2218 2942 quam
2263 2892 2423 2947 quem
2474 2880 2726 2949 pluribus
2772 2884 3103 2940 testimoniis
3137 2885 3250 2955 jam
3284 2887 3470 2944 allatis
3525 2889 3637 2945 Deo

2053 2969 2521 3035 supermundano,
2566 2987 2732 3042 supra
2775 2989 2940 3044 quem
2975 2973 3118 3030 alius
3157 2989 3264 3031 non
3311 2986 3431 3044 est,
3465 2979 3635 3034 mini-

2053 3065 2236 3112 strare
2269 3059 2564 3128 significat.
3396 3059 3410 3076 ⁸

2129 3150 2216 3206 Gl.
2249 3149 2522 3221 Sapientia
2549 3171 2614 3209 ea:
2650 3154 2825 3210 Patre
2851 3159 3050 3226 genita,
3078 3168 3134 3212 ut
3162 3159 3298 3228 ignis
3317 3160 3543 3229 exigue.
3563 3191 3636 3202 —

2054 3242 2178 3298 Alio
2223 3245 2390 3298 etiam
2425 3247 2581 3303 vobis
2612 3263 2679 3304 ex
2711 3248 3015 3317 Scripturis
3066 3250 3402 3317 testimonio,
3445 3253 3631 3316 amici,

2054 3336 2444 3391 demonstrabo
2478 3340 2645 3394 Deum
2682 3350 2809 3395 ante
2836 3356 3028 3397 omnes
3054 3358 3141 3397 res
3159 3352 3389 3408 creatas,
3418 3344 3630 3399 initium

2052 3432 2309 3498 genuisse
2345 3449 2412 3486 ex
2437 3434 2621 3501 seipso
2646 3433 2904 3488 virtutem
2948 3436 3240 3504 quamdam
3279 3438 3630 3509 rationalem,

2052 3539 2172 3592 quae
2211 3535 2267 3580 et
2309 3527 2480 3595 gloria
2543 3527 2755 3581 Domini
2817 3543 2848 3581 a
2895 3528 3104 3596 Spiritu
3148 3537 3338 3584 sancto
3377 3542 3630 3612 vocatur,

2051 3634 2113 3672 ac
2139 3634 2283 3673 nunc
2308 3619 2504 3684 Filius,
2531 3636 2678 3675 nunc
2699 3621 3003 3690 Sapientia,
3030 3638 3175 3676 nunc
3197 3622 3458 3692 Angelus,
3486 3640 3631 3682 nunc

2052 3709 2218 3777 Deus,
2261 3711 2422 3783 158
2452 3730 2596 3767 nunc
2625 3714 2892 3769 Dominus
2934 3725 2988 3768 et
3030 3714 3312 3781 Verbum;
3355 3716 3628 3772 interdum

2048 3803 2215 3857 etiam
2245 3805 2608 3860 Arehiducem
2640 3821 2699 3860 se
2732 3808 2846 3876 ipse
2876 3807 3132 3875 appellat,
3168 3807 3296 3861 Jesu
3325 3807 3434 3863 lilio
3466 3808 3632 3866 Navae

2048 3897 2100 3951 in
2134 3883 2305 3952 forma
2339 3899 2580 3953 hominis
2619 3915 2885 3968 apparens
2911 3901 3096 3967 (habet
3127 3901 3270 3954 enim
3309 3901 3406 3956 has
3431 3916 3626 3958 omnes

2049 3993 2467 4063 appellationes,
2503 4009 2568 4047 ex
2616 4009 2684 4048 eo
2732 3993 2876 4062 quod
2925 3993 3104 4048 Patris
3152 3992 3420 4047 voluntati
3462 3995 3624 4050 mini-

2046 4095 2205 4156 stret,
2229 4097 2284 4143 et
2312 4087 2593 4143 voluntate
2626 4088 2689 4143 de
2729 4086 2895 4142 Patre
2920 4087 3140 4155 genitus
3181 4085 3296 4157 sit).
3319 4085 3492 4153 Quale
3526 4098 3614 4143 est

421 4463 536 4531 (76)
568 4465 684 4518 Τὸν
719 4465 887 4518 Θεάν.
920 4461 1049 4518 Post
1082 4466 1180 4520 has
1208 4480 1370 4521 voces
1398 4465 1689 4521 articulum
1724 4465 1937 4521 addidi-

2057 4481 2101 4516 ξι.
2136 4464 2190 4524 '5,
2235 4471 2290 4517 et
2330 4462 2587 4517 Ambros.
2635 4462 2729 4519 lib.
2761 4481 2828 4518 ill
2878 4465 2955 4518 De
2979 4466 3183 4531 fide,et
3210 4468 3264 4520 in
3298 4467 3496 4521 Psalm.
3528 4485 3618 4525 cx.

350 4549 470 4587 mus
492 4551 558 4587 ex
584 4536 799 4589 duobus
836 4550 966 4589 mss.

419 4604 535 4672 (77)
579 4605 806 4675 Ἀρχὴν
833 4604 949 4671 πρὸ
969 4605 1226 4658 πάντων.
1258 4605 1610 4661 Reddendum
1635 4621 1740 4661 non
1778 4607 1929 4671 duxi,

358 4694 376 4745 ς
403 4676 701 4730 iuitioaute
724 4679 931 4741 omnia,
964 4695 983 4726 ι
1013 4676 1105 4730 sed
1131 4694 1148 4725 ι
1179 4675 1503 4745 principium
1531 4684 1655 4729 ante
1673 4677 1877 4730 omnia.
1906 4696 1925 4728 ι

354 4743 540 4814 Neque
572 4749 722 4800 enim
756 4748 874 4801 hmc
909 4746 977 4799 de
1002 4743 1205 4816 aeterna
1247 4743 1373 4800 Filii
1403 4747 1759 4816 generatione
1785 4748 1932 4802 acci—

355 4817 549 4882 pienda
611 4827 764 4878 sunt,
805 4817 902 4870 sed
938 4831 1063 4870 eum
1104 4814 1265 4870 Pater
1307 4814 1435 4871 ante
1474 4818 1661 4870 mundi
1697 4818 1933 4871 creatio-

359 4904 479 4940 nem
507 4888 844 4955 principium
885 4889 1131 4940 omnium
1169 4887 1422 4955 genuisse
1451 4887 1672 4941 dicitur.
1701 4886 1816 4940 Non
1843 4904 1933 4941 so-

356 4959 433 5010 lus
484 4959 631 5010 hunc
674 4958 977 5026 Scriptura:
1025 4957 1203 5011 locum
1257 4959 1332 5010 ita
1397 4957 1612 5026 accepit
1659 4956 1928 5012 Jtt-sttuus.

354 5029 545 5095 Aquila
579 5044 678 5096 pro
712 5029 812 5080 hac
841 5042 975 5082 voce
1003 5029 1187 5096 posuit
1213 5027 1529 5096 κεφάλαιον.
1573 5027 1840 5096 Tatianus
1864 5030 1931 5082 de

355 5100 456 5151 hac
475 5095 601 5152 Filii
630 5114 726 5152 seu
762 5098 922 5151 Verbi
952 5095 1304 5166 generatione
1333 5097 1670 5165 sicloquitur
1698 5095 1930 5153 :To-i'cov

355 5169 511 5239 ἴσμεν
548 5169 759 5238 κόσμου
783 5168 884 5240 τὴν
917 5170 1110 5240 ἀρχήν.
1128 5169 1508 5240 Athenagoras
1542 5168 1730 5222 eodem
1767 5183 1929 5240 sensu

355 5238 492 5293 banc
527 5254 721 5293 mecm
746 5238 981 5306 accepit,
1001 5238 1153 5307 Apol.
1197 5255 1255 5291 n.
1279 5238 1365 5292 10.
1391 5239 1652 5308 Origenes
1681 5240 1735 5292 in
1763 5239 1925 5292 Joan.

355 5327 405 5378 p.
442 5311 528 5373 l7,
562 5326 628 5361 ex
682 5311 784 5364 hoc
820 5309 1138 5362 Salomonis
1163 5308 1279 5363 loco
1307 5307 1931 5378 probat’Vcrbumesse

352 5378 524 5451 ἀρχὴν
564 5379 856 5448 γενέσεως.
897 5379 1011 5433 Hoc
1042 5378 1412 5451 testimonium
1449 5381 1638 5451 eodetn
1675 5394 1740 5432 ac
1761 5377 1931 5451 Justi-

354 5447 670 5504 nus'seusu
729 5451 1000 5505 intellexit
1051 5447 1442 5511 Tertullianus,
1489 5449 1580 5516 qui
1637 5460 1692 5502 et
1734 5448 1927 5503 eodem

357 5522 514 5574 modo
543 5524 672 5573 adv.
696 5521 1082 5590 Hermogenem
1115 5535 1236 5587 cap.
1261 5519 1433 5590 18,e}_
1456 5521 1577 5572 adv.
1605 5517 1774 5575 Prax.
1804 5534 1925 5588 cap.

352 5591 403 5652 6,
437 5592 567 5645 illud
595 5595 751 5659 citat,
787 5604 843 5646 et
884 5587 938 5644 in
977 5589 1121 5643 libro
1156 5599 1340 5641 contra
1387 5587 1769 5660 Hermogenem
1805 5587 1924 5658 cap.

353 5663 436 5727 18,
471 5664 555 5716 sic
601 5663 888 5731 loquitur:
923 5680 942 5712 ι
990 5660 1267 5731 Habemus
1310 5661 1475 5713 etiam
1525 5659 1672 5731 illam
1713 5659 1925 5713 initium

354 5729 688 5801 cognoscere
726 5748 847 5804 quas
889 5732 1049 5804 dicit_
1083 5745 1098 5782 :
1128 5729 1382 5804 Dominus
1418 5730 1651 5804 condidit
1694 5745 1775 5782 me
1823 5731 1928 5804 ini-

353 5799 474 5855 tw'm
504 5804 708 5858 riurum
728 5799 975 5858 suerunt.
994 5821 1013 5856 ι
1034 5802 1110 5856 ltu
1130 5801 1290 5856 etiam
1313 5799 1548 5858 lrenmus
1575 5801 1666 5856 lib.
1688 5814 1760 5868 tv,
1782 5816 1828 5855 c.
1846 5802 1939 5868 ‘20,

2108 4531 2221 4604 (78)
2260 4534 2459 4610 ᾜχειν
2500 4535 2610 4610 γὰρ
2650 4533 2847 4610 πάντα
2868 4535 3456 4610 ἔρῳ-ὀνομάζεσθαι.
3487 4539 3620 4610 Leg.

2036 4603 2209 4676 Exi-zz,
2260 4603 2424 4676 idque
2494 4606 2810 4676 observavit
2867 4603 3219 4670 Thrirlbius,
3280 4609 3372 4676 qui
3447 4603 3618 4663 etiam

2046 4673 2384 4748 pattl0__post_
2413 4673 2700 4748 legendum
2738 4678 3019 4731 contendit
3056 4673 3472 4748 (γεγεννῆσθαι,
3518 4683 3617 4734 sed

2037 4745 2153 4812 ipse
2175 4743 2306 4816 alibi
2336 4745 2596 4816 observat
2632 4747 2761 4799 ferri
2788 4761 2947 4816 posse
2978 4743 3252 4816 vulgatam
3290 4743 3614 4804 lectionem.

2107 4814 2220 4884 (79)
2258 4813 2416 4886 ’ᾼλνϊ
2452 4817 2523 4867 οὐ
2557 4813 2847 4870 τοιοῦτον.
2886 4813 3147 4871 Vident—ur
3172 4820 3288 4872 haec
3322 4818 3520 4886 injecta
3548 4823 3618 4874 ab

2035 4885 2256 4959 indocto
2281 4884 2539 4959 librario;
2576 4903 2673 4940 uec
2705 4902 2768 4940 ea
2801 4887 3006 4959 recepit
3032 4887 3246 4958 Langus
3273 4891 3323 4942 in
3352 4884 3620 4959 interpre-

2038 4956 2318 5028 tationem.
2357 4954 2457 5028 Hic
2494 4967 2676 5028 autem
2703 4958 3127 5011 observabimus
3153 4954 3612 5028 generationem,

2035 5027 2102 5099 de
2118 5042 2222 5095 qua
2253 5026 2472 5099 disserit
2495 5025 2761 5091 Jusunus,
2791 5044 2900 5099 non
2925 5043 3044 5082 esse
3079 5025 3341 5084 aeternam
3379 5046 3617 5099 genera-

2035 5097 2262 5156 tionem,
2299 5096 2559 5163 sedeam,
2592 5112 2755 5164 quam
2790 5097 2928 5151 Filio
2958 5099 3024 5151 ad
3056 5101 3239 5151 mundi
3272 5096 3610 5154 creationem

2033 5167 2335 5238 prqdeunti
2387 5167 2690 5234 scriptores
2751 5170 2963 5238 antiqui
3025 5169 3417 5233 attribuerunt.
3474 5169 3610 5223 Nam

2033 5237 2088 5289 1ο
2115 5235 2432 5307 Exemplum
2460 5252 2528 5290 ex
2559 5239 2726 5293 verbo
2763 5235 3001 5292 humano
3033 5240 3262 5307 petitum
3289 5282 3303 5304 ,
3326 5258 3345 5290 ‹
3375 5239 3613 5295 Verbum

2031 5307 2177 5360 enim
2206 5305 2824 5378 aliquod_proferentes,
2856 5305 3085 5363 verbuiu
3121 5309 3424 5378 gignimus,
3461 5329 3480 5362 ι
3515 5325 3612 5363 ar-

2031 5389 2290 5446 gumento
2317 5388 2400 5431 est
2428 5376 2701 5431 Justiuum
2735 5392 2843 5432 non
2882 5379 2950 5432 de
2979 5376 3208 5443 aeterna,
3251 5384 3346 5435 sed
3379 5381 3445 5433 de
3471 5391 3612 5434 tem-

2032 5449 2249 5516 poraria
2279 5448 2369 5500 Dei
2402 5447 2676 5518 locutione
2706 5448 2878 5518 loqui.
2927 5449 2988 5502 2ο
3026 5449 3317 5518 Postquam
3361 5449 3613 5505 Justinus

2032 5518 2355 5575 Salomonis
2409 5517 2593 5570 locum
2664 5517 2878 5578 retulit.
2943 5537 2961 5570 ι
3028 5517 3293 5575 Dominus
3358 5520 3611 5575 condidit

2031 5605 2139 5651 nte,
2170 5608 2188 5639 ι
2221 5597 2352 5653 etc.,
2377 5588 2654 5657 subjungit
2687 5589 2816 5644 illud
2851 5588 3100 5651 Genesis,
3137 5609 3154 5640 ι
3192 5592 3482 5647 Faciamus
3510 5592 3611 5644 ho-
3690 5591 3692 5593 ’

2031 5658 2255 5723 minem,
2294 5676 2313 5708 ι
2351 5663 2494 5726 quod
2530 5677 2548 5708 ι
2581 5661 2774 5714 eodem
2815 5676 2975 5716 sensu
3029 5681 3048 5713 ι
3079 5663 3281 5715 dictum
3326 5660 3610 5718 existimat,

2028 5729 2086 5782 5ο
2130 5729 2438 5784 Salomonis
2484 5733 2855 5785 testimonium
2891 5732 3059 5786 refert
3098 5733 3164 5786 ad
3218 5733 3404 5787 mundi
3454 5747 3610 5783 crea-

2033 5796 2254 5863 tionem,
2309 5814 2373 5854 ac
2415 5791 2612 5856 Filium
2657 5817 2761 5856 non
2797 5803 3117 5872 simpliciter
3158 5807 3401 5874 genitqu
3451 5800 3605 5865 dicit,
