3962 6262
367 350 475 407 615

1347 354 1405 410 5.
1436 352 1701 411 JUSTINI
1733 352 2149 412 PHILOSOPHI
2181 354 2269 410 ET
2306 353 2667 412 MARTYRIS

3547 360 3661 417 616

366 474 513 541 quod
550 473 600 526 in
642 472 798 526 nobis
825 470 943 526 neri
979 471 1265 540 videmus;
1302 473 1538 543 aliquem
1568 475 1711 529 enim
1743 490 1941 530 sermo-

2050 475 2235 529 όποῖον
2299 476 2391 529 καὶ
2472 477 2557 545 ἐφ’
2623 475 2779 547 ἡμῶν
2836 476 3130 547 γενόμενον
3206 476 3313 548 (80)
3393 476 3613 549 όρῶμεν
3640 497 3653 507 ·

369 579 492 619 nem
526 562 896 633 prolerentes,
946 578 1257 617 sermonem
1296 566 1595 635 gignimus,
1641 582 1742 620 nec
1768 577 1948 619 tamen

366 670 490 709 cum
518 658 878 723 abscissione,
916 662 989 713 i-ta
1014 670 1072 713 ut
1100 674 1283 714 sermo
1306 660 1418 727 ille,
1443 660 1535 729 qui
1561 660 1615 713 in
1652 660 1807 713 nobis
1839 672 1948 723 est,

365 749 493 802 dum
518 765 643 805 eum
680 752 1032 821 proferimus,
1060 753 1440 807 imminuatur.
1471 751 1642 817 Quale
1673 761 1753 805 est
1782 751 1948 805 etiam

366 844 513 912 quod
552 844 805 899 videmus
839 860 904 899 ex
943 847 1064 915 igne
1092 845 1258 899 alium
1303 846 1482 911 ignem
1508 843 1681 903 nasci,
1709 857 1813 896 non
1849 842 1953 894 im-

367 934 582 989 minuto
626 949 713 1001 eo,
740 949 805 989 ex
831 950 938 1004 quo
967 935 1069 991 iste
1110 950 1378 990 accensus
1415 944 1538 1001 est;
1565 941 1619 986 et
1660 933 1754 1001 qui
1789 947 1853 986 ex
1885 947 1949 986 eo

366 1039 628 1080 accensus
665 1036 770 1091 est,
800 1037 978 1081 exstat
1023 1028 1138 1096 ipse
1165 1038 1221 1081 et
1253 1035 1506 1096 apparet,
1544 1039 1645 1079 nec
1676 1040 1800 1078 eum
1846 1024 1951 1078 im-

371 1117 596 1182 minuit,
624 1132 689 1172 ex
718 1134 825 1188 quo
852 1134 1118 1173 accensus
1141 1127 1243 1171 est.
1270 1116 1454 1171 Testis
1487 1116 1621 1170 mihi
1671 1118 1777 1171 erit
1810 1113 1946 1170 Ver-

363 1211 491 1263 bum
525 1209 843 1280 Sapientiae,
887 1213 1005 1282 ipse
1048 1212 1136 1265 ille
1179 1212 1324 1266 Deus
1358 1226 1426 1264 ex
1468 1209 1631 1263 Patre
1658 1209 1944 1265 universo-

364 1318 482 1355 rum
516 1304 750 1371 genitus,
780 1305 873 1373 qui
906 1312 965 1357 et
1004 1304 1239 1358 Verbum
1268 1313 1322 1357 et
1350 1300 1655 1371 Sapientia,
1676 1311 1731 1356 et
1759 1302 1947 1357 Virtus

360 1405 417 1447 et
441 1396 614 1464 gloria
638 1405 723 1451 est
752 1397 1039 1467 genitoris,
1072 1411 1172 1467 per
1203 1395 1553 1449 Salomonem
1581 1395 1694 1449 hmo
1730 1394 1899 1449 locuti
1927 1411 1942 1449 :

366 1505 387 1538 ι
425 1488 561 1541 Cum
592 1489 994 1543 annuntiavero
1023 1488 1181 1542 vobis
1208 1503 1332 1556 qua:
1359 1487 1605 1556 quotidie
1641 1486 1796 1550 ﬁunt,
1824 1502 1946 1555 qua:

360 1597 391 1632 a
420 1578 622 1634 saeculo
648 1588 777 1635 sunt
802 1594 1115 1634 memorans
1157 1580 1481 1633 recensebo.
1519 1579 1779 1632 Dominus
1808 1593 1944 1633 con-

361 1671 498 1723 didit
518 1684 605 1724 me
635 1670 848 1723 initium
872 1671 1082 1723 viarum
1107 1685 1330 1724 suarum
1366 1671 1431 1724 ad
1462 1684 1626 1738 opera
1657 1685 1777 1723 sua.
1804 1671 1945 1724 Ante

359 1760 620 1813 sreculum
643 1758 889 1813 fundavit
909 1774 993 1813 me
1014 1761 1065 1814 in
1090 1760 1380 1829 principio,
1401 1760 1717 1831 priusquam
1737 1770 1941 1814 terram

2052 565 2208 634 λόγον
2255 566 2364 638 γάρ
2410 582 2531 620 τινα
2580 565 3012 638 προϐάλλοντες,
3059 568 3217 635 λόγον
3250 568 3551 639 γεννῶμεν,
3588 570 3653 620 οὐ

2052 660 2193 713 κατά
2230 660 2542 731 ἀποτομὴν,
2575 660 2647 722 ὡς
2690 659 3056 730 ἐλαττωθῆναι
3100 659 3191 711 τὸν
3226 661 3281 712 ἐν
3316 660 3446 728 ἡμῖν
3492 659 3654 727 λόγον

2051 753 2497 825 προϐαλλόμενον
2545 753 2639 806 καὶ
2682 755 2863 805 ὁποῖον
2910 751 3002 804 ἐπὶ
3049 751 3221 821 τυρὸς
3269 749 3485 820 ὁρῶμεν
3518 749 3653 803 ἄλλο

2052 843 2358 915 γινόμενον,
2387 843 2487 895 οὐκ
2520 841 2910 912 ἐλαττουμένου
2942 842 3149 894 ἐκείνου
3192 839 3251 904 ἐξ
3277 833 3339 892 οῦ
3378 842 3413 911 ἡ
3446 840 3648 909 ἄναψις

2050 940 2292 1009 γέγονεν,
2323 937 2458 991 ἀλλά
2486 936 2578 990 τοῦ
2616 932 2782 988 αὑτοῦ
2821 934 3094 1005 μένοντος,
3139 934 3233 986 καὶ
3274 933 3335 985 τὸ
3384 931 3443 997 ἐξ
3476 930 3651 986 αὐτοῦ

2050 1030 2307 1100 ἀναφθὲν,
2338 1029 2431 1083 καὶ
2462 1027 2593 1082 αὐτὸ
2624 1026 2683 1080 ὃν
2711 1027 2978 1097 φαίνεται,
3026 1025 3124 1077 οὐκ
3156 1022 3466 1077 ἐλαττῶσαν
3499 1024 3651 1077 ἐκεῖ-

2049 1140 2108 1174 νο
2133 1122 2191 1188 ἐξ
2216 1113 2275 1173 οῦ
2311 1120 2547 1191 ἀνήφθη.
2577 1118 2936 1188 Μαρτυρὴσει
2971 1115 3027 1167 δέ
3058 1118 3197 1185 μοιὸ
3240 1113 3396 1181 λόγος
3428 1114 3528 1185 τῆς
3557 1131 3649 1165 σο»

2050 1217 2213 1285 φίας,
2251 1214 2411 1277 αὐτὸς
2457 1211 2531 1264 ῶν
2577 1204 2730 1274 οὗτος
2781 1211 2809 1262 ὁ
2857 1209 2989 1271 Θεὸς
3014 1209 3120 1261 ἀπὸ
3151 1207 3244 1260 τοῦ
3284 1208 3496 1279 Πατρὸς
3534 1208 3649 1261 τῶν

2048 1307 2181 1360 ὅλων
2216 1305 2495 1376 γεννηθεὶς
2530 1303 2670 1375 (81),
2707 1302 2801 1356 καὶ
2836 1301 2989 1370 λόγος
3011 1339 3024 1363 ,
3061 1300 3152 1353 καὶ
3188 1299 3348 1369 σοφία
3374 1338 3388 1361 ,
3424 1300 3519 1353 καὶ
3549 1301 3647 1353 δύ-

2048 1417 2210 1471 ναμις
2234 1439 2248 1458 ,
2296 1400 2387 1451 καὶ
2427 1396 2552 1463 δόξα
2589 1395 2681 1448 τοῦ
2711 1395 3070 1464 γεννήσαντος
3108 1394 3390 1465 ὑπάρχων,
3428 1394 3526 1447 καὶ
3555 1394 3648 1449 διὰ

2048 1491 2359 1563 Σολομῶνος
2394 1491 2664 1561 φήσαντος
2696 1487 2869 1540 ταῦτα
2920 1487 3051 1556 (82)·
3103 1504 3120 1537 ι
3164 1486 3292 1538 Ἑάν
3334 1486 3647 1554 ἀναγγείλω

2047 1587 2176 1656 ὑμῖν
2202 1584 2269 1637 τὰ
2316 1583 2437 1637 καθ’
2473 1583 2684 1653 ἡμέραν
2728 1580 3023 1651 γινόμενα,
3070 1578 3426 1649 μνημονεύσω
3472 1576 3540 1630 τά
3586 1577 3646 1643 ἐξ

2046 1677 2239 1739 αἰῶνος
2269 1674 2591 1747 ἀριθμῆσαι.
2630 1674 2833 1744 Κύριος
2868 1671 3047 1725 ἐκτισέ
3074 1689 3138 1741 με
3168 1672 3340 1741 ἀρχὴν
3379 1670 3515 1723 ὁδῶν
3547 1672 3647 1722 αῦ-

2046 1767 2139 1821 τοῦ
2171 1765 2282 1838 (85)
2318 1769 2397 1829 εἰς
2429 1765 2566 1836 ἔργα
2596 1764 2783 1818 αὑτοῦ.
2821 1764 2935 1834 Πρὸ
2969 1762 3061 1816 τοῦ
3093 1764 3286 1826 αἰῶνος
3312 1761 3646 1831 ἐθεμελίωσέ

360 1849 593 1916 faceret,
630 1860 688 1906 et
731 1852 1054 1923 priusquam
1086 1853 1313 1925 abyssos
1354 1865 1593 1919 crearet,
1624 1855 1941 1925 priusquam

2049 1876 2117 1930 με
2146 1833 2204 1911 ἐν
2236 1833 2401 1927 ἀρχῇ,
2438 1833 2544 1927 πρὸ
2590 1854 2680 1908 τοῦ
2715 1855 2812 1926 τὴν
2845 1833 2950 1924 γῆν
2986 1854 3245 1925 ποιῆσαι,
3281 1854 3373 1907 καὶ
3408 1853 3513 1924 πρὸ
3547 1851 3643 1904 τοῦ

361 1940 543 1999 fontes
574 1958 841 2012 aquarum
865 1952 1244 2013 erumperent,
1265 1946 1580 2013 priusquam
1608 1954 1822 1999 montes
1839 1955 1944 1999 sta-

363 2034 694 2102 bilirentur;
745 2046 878 2090 ante
931 2052 1125 2091 omnes
1171 2037 1338 2092 colles
1379 2047 1606 2106 generat
1655 2054 1762 2092 me.
1804 2040 1945 2093 Deus

360 2124 493 2181 fecit
522 2128 799 2197 regionem
839 2138 893 2181 et
928 2126 1299 2191 solitudinem,
1335 2137 1390 2182 et
1425 2144 1633 2182 sunnna
1676 2130 1797 2184 loca
1824 2146 1943 2200 quae

365 2220 685 2275 incoluntur
729 2223 829 2274 sub
874 2220 1036 2275 cmlo.
1085 2219 1221 2275 Cum
1268 2232 1492 2291 pararet
1524 2223 1753 2289 coelum,
1788 2239 1940 2280 eram

360 2326 485 2366 cum
513 2326 617 2377 eo;
652 2322 708 2367 et
744 2328 867 2365 cum
902 2312 1225 2381 designaret
1271 2313 1527 2367 thronum
1574 2331 1731 2369 suum
1779 2332 1943 2387 super

362 2405 579 2469 ventis;
618 2420 744 2459 cum
785 2404 973 2459 ﬁrmas
1010 2404 1220 2459 faceret
1249 2422 1495 2461 summas
1532 2408 1721 2474 nubes,
1749 2420 1942 2466 etsta-

361 2495 503 2551 biles
546 2494 780 2550 eﬂiceret
829 2494 1009 2551 fontes
1050 2497 1277 2567 abyssi;
1316 2513 1438 2551 cum
1480 2499 1699 2553 stabilia
1735 2502 1944 2556 faceret

362 2586 716 2642 fundamenta
756 2597 919 2642 terra:
946 2627 971 2653 η
1023 2603 1183 2643 eram
1238 2589 1379 2654 apud
1426 2604 1550 2643 eum
1591 2608 1940 2661 componens.

360 2681 477 2752 Ego
510 2696 662 2736 eram
705 2696 812 2751 qua
855 2697 980 2736 cum
1018 2683 1327 2749 gaudebat;
1358 2685 1603 2751 quotidie
1630 2698 1812 2741 autem
1854 2688 1945 2741 lte-

364 2775 522 2827 tabar
551 2774 605 2828 in
635 2782 933 2844 conspectu
970 2774 1089 2840 eius
1130 2776 1326 2844 quovis
1358 2786 1640 2847 tempore;
1684 2783 1941 2849 quoniam

360 2867 748 2922 delectabatur
779 2866 911 2921 orbe
958 2867 1240 2921 babitabili
1271 2882 1680 2936 consunnnato,
1702 2883 1758 2927 et
1796 2874 1944 2930 dele-

359 2960 619 3014 ctabatur
657 2958 710 3013 iu
755 2959 884 3014 ﬁliis
927 2961 1230 3015 hominum.
1262 2959 1416 3015 Nunc
1445 2962 1633 3031 igitur,
1676 2965 1774 3032 lili,
1816 2970 1943 3023 audi

364 3066 474 3107 me.
510 3049 716 3107 Beatus
751 3051 835 3105 vir
860 3051 949 3121 qui
982 3053 1239 3107 exaudiet
1284 3068 1391 3117 mc,
1431 3063 1487 3108 et
1515 3056 1677 3110 homo
1705 3060 1795 3128 qui
1826 3061 1943 3115 vias

2044 1949 2143 2014 τὰς
2172 1948 2442 2011 ἀϐύσσους
2478 1946 2723 2016 ποιῆσαι,
2758 1946 2863 2018 πρὸ
2895 1944 2985 1998 τοῦ
3012 1945 3111 2008 τὰς
3142 1944 3323 2014 πηγὰς
3357 1943 3645 2015 προελθεῖν

2042 2042 2151 2093 τῶν
2204 2039 2442 2101 ὑδάτων,
2489 2036 2595 2107 πρὸ
2635 2035 2728 2089 τοῦ
2778 2036 2845 2089 τὰ
2892 2035 2991 2106 ὅρη
3048 2032 3405 2104 ἑδρασθῆναι·
3448 2031 3553 2102 πρὸ
3584 2032 3643 2084 δὲ

2044 2132 2262 2188 πάντων
2278 2131 2385 2185 τῶν
2404 2129 2606 2201 βουνῶν
2634 2131 2797 2200 γεννᾷ
2830 2146 2915 2200 με.
2936 2130 2992 2181 '0
3017 2127 3148 2190 Θεὸς
3174 2126 3396 2194 ἐποίησε
3431 2124 3641 2196 χώραν,

2044 2226 2138 2279 καὶ
2166 2224 2439 2294 ἀοίκητον,
2474 2222 2568 2275 καὶ
2596 2222 2738 2293 ἄκρα
2770 2218 3063 2290 οἰκούμενα
3095 2217 3185 2270 ὑπ’
3217 2216 3464 2288 οὐρανόν.
3500 2216 3645 2269 Ἡνί-

2043 2336 2115 2372 κα
2149 2316 2410 2389 ἡτοίμαζε
2445 2317 2534 2369 τὸν
2557 2315 2805 2387 οὐρανὸν,
2841 2313 3215 2383 συμπαρὴμην
3238 2309 3404 2379 αὐτῷ,
3425 2309 3517 2361 καὶ
3550 2310 3643 2361 ὅτε

2044 2410 2286 2483 ἀφώριζε
2314 2412 2404 2462 τὸν
2430 2407 2592 2461 αὑτοῦ
2624 2407 2811 2479 θρόνον
2845 2407 2931 2459 ἐπ’
2961 2406 3197 2476 ἀνέμωνο
3246 2402 3406 2473 ἡνίκα
3440 2401 3644 2472 ἰσχυρὰ

2043 2501 2219 2555 ἐποίει
2249 2502 2318 2555 τά
2351 2501 2463 2555 ἄνω
2496 2498 2632 2570 νέφη
2654 2538 2668 2563 ,
2720 2498 2813 2551 καὶ
2854 2498 2929 2561 ὡς
2963 2496 3223 2565 ἀσφαλεῖς
3254 2494 3423 2547 ἐποίει
3455 2493 3642 2563 πηγὰς

2043 2592 2305 2647 ἀϐύσσουο
2341 2591 2504 2663 ἡνίκα
2556 2589 2752 2661 ἰσχυρά
2787 2587 2961 2641 ἐποίει
3002 2587 3070 2639 τὰ
3115 2585 3340 2656 θεμέλια
3364 2585 3461 2654 τῆς
3491 2582 3639 2652 γῆς,

2044 2683 2191 2757 ἡμην
2238 2683 2367 2753 παρ’
2422 2680 2570 2752 αὐτῷ
2602 2678 2937 2752 ἁρμόζουσα.
2987 2675 3129 2745 Ἐγὼ
3177 2676 3325 2745 ἡμην
3369 2668 3643 2747 ᾗπροσέ-

2042 2793 2222 2848 χαιρεο
2259 2774 2380 2828 καθ’
2414 2774 2628 2845 ἡμέραν
2666 2772 2721 2825 δὲ
2754 2769 3122 2843 εὐφραινόμην
3152 2770 3207 2820 ἐν
3236 2765 3509 2837 προσώπῳ
3542 2764 3647 2817 αὑ-

2043 2868 2135 2922 τοῦ
2171 2870 2228 2921 ἐν
2280 2865 2443 2919 παντὶ
2492 2863 2687 2935 καιρῷ,
2723 2865 2803 2916 ὅτι
2835 2862 3156 2933 εὐφραίνετο
3181 2858 3279 2929 τὴν
3312 2856 3645 2927 οἰκουμένην

2046 2960 2387 3023 συντελέσας,
2417 2961 2512 3013 καὶ
2546 2957 2869 3030 εὐφραίνετο
2900 2958 2956 3009 ἐν
2986 2956 3124 3017 υἱοῖς
3169 2949 3493 3023 ἀνθρώπων.
3522 2947 3643 3000 Νῦν

2043 3050 2163 3117 οῦν,
2197 3053 2300 3115 υἱὲ,
2333 3051 2496 3106 ἄκουέ
2528 3068 2651 3122 μου.
2689 3046 2977 3119 Μακάριος
3007 3044 3145 3116 ἀνὴρ
3176 3043 3234 3106 ὃς
3260 3040 3643 3094 εἰσακούσεταί

362 3155 513 3196 ineas
557 3143 858 3211 custodiet,
894 3142 1130 3212 vigilans
1170 3145 1237 3197 ad
1292 3144 1438 3200 fores
1484 3163 1637 3201 meas
1677 3152 1938 3218 quotidie,

2048 3162 2174 3216 μου,
2206 3144 2300 3196 κα).
2333 3142 2620 3213 ἅνθρωπος
2645 3140 2703 3202 ὃς
2728 3138 2827 3202 τὰς
2859 3137 3011 3200 ὁδούς
3047 3152 3148 3206 μου
3179 3131 3423 3202 φυλάξει,
3453 3129 3645 3182 ὑπνῶν

358 3246 594 3287 servans
634 3242 823 3301 postes
874 3232 1137 3288 introitus
1186 3234 1317 3288 mei.
1372 3234 1567 3291 Exitus
1612 3239 1757 3292 enim
1810 3244 1937 3307 mei,

362 3325 549 3379 exitus
575 3324 724 3379 vitae.
757 3325 822 3381 Et
846 3334 1152 3395 praeparata
1201 3337 1288 3382 est
1334 3329 1590 3384 voluntas
1627 3350 1655 3385 ιι
1688 3333 1937 3393 Domino.

359 3416 465 3482 Qui
499 3431 632 3471 vero
659 3417 714 3471 in
752 3433 839 3472 me
866 3419 1219 3487 delinquunt,
1244 3420 1394 3489 impii
1422 3430 1549 3476 sunt
1575 3423 1625 3476 in
1656 3427 1944 3496 suasipso-

361 3520 481 3559 rum
502 3506 715 3562 animas
737 3518 822 3565 :et
838 3510 929 3579 qui
948 3511 1299 3579 oderuntme,
1317 3512 1549 3582 diligunt
1568 3524 1803 3571 mortem
1820 3517 1889 3575 ⁷⁸.
1916 3538 1935 3570 ι

429 3680 478 3721 ⁷⁸
506 3679 671 3736 Prov.
700 3694 821 3748 vni,
844 3679 939 3745 2|,
982 3692 1162 3750 usque
1209 3680 1279 3739 ad
1321 3680 1508 3735 ﬁnem.

357 3834 453 3889 sed
488 3835 728 3905 genitum
759 3833 1086 3904 principium
1125 3843 1252 3905 ante
1280 3834 1461 3887 omnia
1496 3848 1685 3902 Opera.
1721 3852 1739 3883 ι
1776 3832 1931 3886 Prin-

358 3904 584 3973 cipidtn,
634 3906 832 3974 inquit,
880 3916 1007 3958 ante
1052 3904 1235 3959 omnia
1278 3920 1444 3969 opera
1499 3906 1615 3959 haec
1661 3906 1775 3972 ipsa
1812 3919 1922 3971 pro

359 3977 547 4043 genies
575 3990 603 4028 a
640 3976 751 4029 Deo
786 3975 969 4046 genita
1011 3984 1121 4029 est.
1164 3992 1183 4025 ι
1223 3975 1288 4028 40
1320 3974 1583 4028 Tatianns
1621 3974 1782 4029 Verbi
1814 3990 1941 4042 pro-

359 4061 613 4111 gressum
659 4046 725 4098 ad
778 4046 967 4098 mundi
1016 4047 1350 4098 creationem
1398 4059 1710 4115 exponens,
1746 4046 1940 4098 iisdem

362 4130 587 4182 prorsus
623 4116 795 4169 utitur
827 4115 1093 4182 exemplis
1132 4124 1188 4166 et
1239 4113 1530 4168 sententiis
1573 4131 1635 4168 ac
1688 4113 1939 4168 Justinus

363 4189 467 4238 hoc
498 4184 640 4238 loco.
673 4184 731 4238 Si
775 4186 896 4253 quis
926 4192 1106 4238 tamen
1155 4186 1392 4238 retineat
1438 4185 1553 4238 hinc
1596 4188 1786 4246 verba,
1818 4184 1937 4237 ἀλλ’

358 4256 420 4308 οὐ
445 4254 707 4320 τοιοῦτον,
726 4256 1011 4309 scribenda
1033 4264 1162 4308 sunt
1179 4270 1301 4307 enm
1329 4255 1771 4323 interrogationis
1790 4265 1938 4320 nota,

363 4324 502 4377 utin
534 4326 673 4379 edit.
714 4325 947 4381 Loudin.
993 4354 1062 4365 ——
1099 4326 1379 4379 Caeterum
1423 4326 1709 4393 generatio
1736 4324 1801 4378 de
1832 4340 1939 4390 qua

363 4406 585 4464 martyr
616 4395 880 4464 loquitur,
914 4396 1003 4449 hic
1027 4411 1247 4463 quoque
1278 4411 1339 4449 ea
1378 4406 1463 4449 est
1492 4411 1657 4463 quam
1696 4393 1843 4461 Logo
1872 4396 1939 4447 ad

364 4466 553 4521 mundi
584 4468 923 4520 creationem
952 4466 1241 4535 prodeunti
1286 4476 1611 4520 constanter
1638 4466 1943 4519 attribuere

362 4537 527 4591 solet.
558 4535 738 4590 ()r'ro.

432 4606 544 4678 (80)
581 4607 939 4677 Γενόμενον.
970 4605 1281 4678 Legendum
1316 4606 1624 4678 γινόμενον,
1655 4614 1713 4658 ιιι
1755 4606 1942 4660 admo-

363 4681 481 4732 ttttit
512 4676 597 4732 (LI.
630 4676 937 4747 Thirlbius.
968 4677 1088 4732 Mox
1122 4677 1304 4730 malim
1336 4676 1796 4747 προϐαλλόμενον.

435 4749 547 4819 (Si)
593 4748 645 4800 Ὀ
676 4746 820 4813 Θεὸς
854 4748 972 4801 ἀπὸ
1000 4747 1105 4800 τοῦ
1140 4746 1518 4819 Πατρός-τῷν
1541 4747 1700 4800 ὅλων
1728 4763 1942 4815 γεννη-

359 4817 505 4885 θείς.
529 4817 655 4873 Non
684 4822 814 4873 dicit
841 4819 944 4871 ὑπὸ
974 4819 1065 4872 τοῦ
1095 4818 1309 4888 Πατρός
1330 4857 1343 4881 ,
1375 4833 1404 4870 a
1436 4817 1594 4871 Patre
1622 4819 1761 4870 Deus
1788 4824 1940 4885 geni-

363 4903 472 4953 tus,
507 4894 601 4944 sed
634 4888 744 4942 ἀπὸ
768 4889 862 4943 τοῦ
902 4888 1151 4960 Πατρός,
1187 4907 1205 4938 ι
1239 4888 1526 4960 θΧήΡειιιὈ,
1561 4907 1579 4939 ι
1620 4897 1677 4940 ut
1709 4904 1945 4957 genera-

362 4964 568 5015 tionem
593 4975 661 5015 ex
697 4962 1005 5013 substantia
1029 4959 1266 5013 indicet.
1299 4959 1501 5012 Eodem
1532 4969 1786 5028 spectant.
1816 4974 1939 5011 om-

363 5034 452 5085 nia
499 5029 697 5085 Justini
729 5031 1019 5100 principia.
1060 5030 1378 5100 Exemplum
1412 5029 1552 5092 ignis
1580 5045 1646 5083 ex
1678 5029 1785 5081 alio
1816 5030 1941 5097 igne

359 5103 582 5156 accensi
616 5099 961 5155 demonstrat
992 5112 1158 5153 totant
1190 5099 1367 5153 Patris
1408 5100 1793 5161 substantiam,
1824 5116 1942 5152 ont~

359 5175 449 5225 nia
493 5173 759 5225 attributa
788 5186 853 5225 ac
884 5175 1113 5240 proinde
1160 5181 1215 5224 et
1260 5172 1433 5238 ipsam
1470 5170 1841 5223 aeternitatem
1886 5172 1939 5224 iu

359 5244 502 5297 Pilio
545 5257 687 5296 esse.
724 5242 862 5296 Hinc
898 5246 1061 5295 etiam
1099 5243 1337 5296 Verbum
1374 5241 1467 5294 Dei
1516 5256 1640 5295 cum
1697 5241 1939 5294 hominis

357 5313 501 5385 λόγῳ
519 5324 895 5382 comparatur,
912 5318 1037 5381 quia
1060 5315 1273 5385 scilicet
1304 5312 1439 5365 nihil
1461 5312 1568 5385 Deo
1589 5311 1736 5365 Patri
1769 5314 1941 5381 magis

358 5382 635 5447 intimum,
687 5399 849 5451 quam
904 5385 1077 5452 ipsius
1124 5384 1382 5447 Verbum,
1434 5382 1522 5436 cui
1569 5397 1762 5435 omnes
1811 5398 1943 5437 snas

360 5457 511 5508 ideas
544 5470 609 5507 ac
638 5464 813 5508 totatu
840 5456 1204 5509 substantiam
1264 5454 1506 5507 tradidit.
1536 5454 1798 5507 Essentize
1841 5470 1939 5512 ιιιιτ-

360 5530 566 5578 Incrica
604 5530 784 5579 unitas
811 5526 937 5578 inde
966 5530 1131 5579 etiam
1157 5526 1542 5589 continuatur,
1568 5526 1713 5593 quod
1746 5523 1936 5588 Filius,

358 5599 458 5648 etsi
489 5595 631 5649 Dens
663 5610 747 5649 est
773 5599 838 5650 de
870 5596 1002 5659 Deo,
1032 5607 1089 5647 ut
1119 5596 1205 5647 lux
1235 5597 1300 5647 de
1335 5597 1482 5656 luce,
1510 5612 1616 5648 non
1651 5604 1831 5646 tamen
1863 5610 1939 5646 se-

358 5668 538 5735 parari
587 5678 765 5736 potest
797 5682 825 5718 a
877 5666 1060 5719 Patre.
1096 5667 1184 5717 Illa
1236 5680 1369 5734 ergo
1415 5664 1727 5734 generatio,
1772 5679 1935 5736 quam

365 5736 542 5790 Verbo
582 5735 650 5790 ad
685 5737 872 5789 mundi
919 5739 1254 5789 creationem
1285 5736 1654 5805 progredienti
1687 5735 1939 5787 attribuit

361 5806 628 5873 Justinus,
672 5807 1037 5861 aeternitatem
1074 5808 1223 5861 illius
1265 5804 1479 5873 Statuit,
1516 5806 1712 5859 nedum
1740 5806 1806 5858 de
1848 5804 1935 5857 illa

2051 3235 2161 3306 (84)
2198 3236 2285 3287 ἐπ’
2318 3236 2477 3305 ἐμαῖς
2507 3232 2700 3305 θύραις
2732 3229 2854 3285 καθ’
2885 3228 3117 3300 ἡμέραν,
3150 3224 3332 3294 τηρῶν
3362 3221 3641 3291 σταθμοὺς

2047 3326 2196 3398 ἐμῶν
2224 3326 2465 3379 εἰσόδων·
2518 3326 2573 3379 αἱ
2622 3324 2732 3395 γὰρ
2771 3320 2937 3387 ἔξοδοί
2984 3335 3083 3390 μου
3132 3314 3300 3380 ἔξοδοι
3336 3313 3503 3383 ζωῆς,
3540 3315 3644 3365 καὶ

2045 3417 2371 3487 ἡτοίμασται
2425 3415 2644 3486 θέλησις
2694 3412 2847 3483 παρά
2914 3408 3139 3479 Κυρίου.
3187 3407 3249 3459 Οί
3306 3404 3365 3458 δὲ
3409 3406 3487 3468 είς
3534 3404 3643 3475 ἐμὲ

2046 3505 2473 3577 ἁμαρτάνοντες,
2506 3504 2793 3559 ἀσεϐοῦσιν
2824 3506 2903 3566 είς
2935 3500 3034 3563 τὰς
3061 3496 3272 3551 ἑαυτῶν
3310 3497 3507 3567 ψυχάςο
3540 3496 3644 3549 καὶ

2046 3600 2095 3651 οἱ
2129 3596 2412 3670 μισοῦντές
2449 3614 2516 3669 με
2548 3596 2803 3667 ἀγαπῶσι
2831 3595 3075 3649 θάνατον.
3104 3608 3123 3641 ι

2046 3834 2345 3903 quidquam
2374 3834 2652 3903 detrahat.
2689 3833 2826 3889 Vide
2850 3850 3004 3890 num.
3040 3836 3164 3890 128,

2118 3904 2235 3984 (82)
2303 3902 2621 3984 φήσαντος
2649 3904 2887 3984 ⁸ταῦταἒ
2930 3905 3135 3984 Degere
3189 3908 3404 3984 mallem
3454 3909 3642 3984 φήσας

2044 3975 2218 4029 ταῦτα
2250 3975 2538 4047 referendo
2556 3976 2622 4047 ad_
2649 3975 2827 4043 λόγος.
2857 3978 2969 4047 Sed
2990 3987 3168 4031 tamen
3194 3975 3489 4047 quominus
3516 3975 3642 4030 vul-

2044 4056 2229 4114 gatant
2266 4045 2562 4100 lectionem
2610 4045 2920 4107 immutem,
2964 4046 3065 4100 hac
3103 4045 3350 4102 retineor
3392 4050 3638 4110 ratione,

2039 4117 2183 4185 quod
2230 4116 2432 4169 similia
2463 4117 2677 4169 videam
2714 4118 2855 4187 apud
2896 4116 3171 4170 Justinutn
3214 4119 3483 4187 exenipla.
3512 4118 3636 4172 Non

2040 4187 2211 4240 multo
2232 4194 2374 4254 post,
2394 4201 2587 4251 nempe
2613 4202 2762 4238 num.
2786 4186 2876 4247 ϐξ,
2901 4188 3130 4255 legimus
3156 4188 3362 4242 εΤοῦτο
3384 4186 3513 4241 αὐτὸ
3537 4191 3637 4241 καὶ

2038 4257 2286 4327 γέννημα
2313 4255 2425 4328 imo
2455 4255 2549 4309 τοῦ
2576 4256 2708 4328 Θεοῦ
2738 4256 3173 4328 ἐγεγέννητο.γ....
3198 4262 3293 4311 καὶ
3327 4259 3391 4311 δι’
3420 4261 3641 4328 ditium-

2038 4324 2252 4397 λύψεως
2270 4326 2375 4399 ,τῆς
2408 4324 2788 4399 γεγενημένης
2825 4324 2999 4398 Ἰησοῦ
3023 4327 3100 4397 τῷ
3122 4330 3214 4381 τοῦ
3241 4329 3423 4399 Ναυῆ,
3452 4324 3635 4393 εἷπον,

2040 4396 2198 4451 τοῦτο
2221 4397 2352 4470 aut?)
2376 4396 2644 4470 εἰπόντος.
2679 4396 2919 4470 Etnuni.
2954 4399 3023 4470 65
3042 4416 3055 4450 :
3074 4396 3158 4451 ίυὺ
3186 4396 3443 4470 σημαίνει
3475 4400 3635 4469 ὑμῖν,

2043 4470 2126 4520 ὅτι
2156 4467 2361 4540 ἀνωθεν
2394 4471 2490 4540 κα).
2534 4468 2622 4520 διὰ
2654 4468 2890 4540 γαστρὸς
2928 4467 3273 4540 ἀνθρωπείας
3301 4473 3328 4523 ὁ
3352 4470 3484 4533 Θεὸς
3516 4467 3635 4522 καὶ

1976 4529 2019 4583 Ῐ)
2045 4540 2235 4611 Πατὴρ
2281 4538 2401 4611 ’τῶνΔ
2437 4538 2573 4591 ὅλων
2624 4529 2915 4611 γεννᾶσθαι
2955 4529 3117 4591 αὑτὸν
3156 4529 3384 4611 ἔμελλε;
3429 4529 3526 4593 καὶ
3569 4542 3638 4594 ἐν

2042 4608 2251 4681 ἑτέροις
2277 4608 2468 4671 εἰπών,
2497 4620 2604 4662 etc.
2640 4608 2776 4681 Vide
2808 4624 2862 4661 ιι.
2892 4611 3012 4672 H5,
3054 4610 3155 4681 sub
3181 4608 3367 4675 linem,
3409 4612 3499 4662 ubi
3534 4626 3639 4677 pa-

2043 4678 2183 4733 riter
2214 4681 2360 4733 Dens
2392 4694 2649 4733 narrasse
2674 4678 2878 4732 dicitur
2908 4680 3205 4733 secundam
3242 4682 3635 4735 circumcisio-

2043 4765 2169 4803 nem
2218 4766 2246 4802 a
2270 4750 2437 4804 Josue
2467 4766 2564 4820 per
2594 4750 2805 4817 gladios
2839 4749 3086 4820 lapideos
3118 4762 3397 4820 peractam
3431 4750 3631 4820 fuisse.

2044 4820 2123 4873 Ex
2174 4836 2285 4889 quo
2334 4829 2482 4889 patet
2514 4819 2790 4873 Jnstiuum
2835 4819 2944 4872 Deo
2991 4819 3135 4872 Patri
3182 4836 3291 4873 non
3343 4836 3405 4873 ea
3445 4819 3629 4873 solum

2044 4888 2350 4961 Scriptura}
2380 4892 2715 4951 testimonia,
2739 4891 2790 4942 in
2818 4890 3016 4959 quibus
3040 4888 3206 4961 Pater
3239 4892 3497 4957 loquitur,
3528 4894 3632 4944 sed

2043 4962 2147 5014 alia
2176 4960 2352 5015 etiam
2402 4962 2676 5013 interdum
2712 4960 3036 5015 attribuere.
3081 4960 3196 5014 Non
3242 4963 3462 5014 videtur
3491 4973 3629 5027 ergo

2044 5032 2367 5086 mutandum
2410 5032 2539 5084 illttd
2573 5031 2865 5100 φήσαντος,
2894 5045 3017 5100 cum
3062 5034 3196 5083 satis
3233 5030 3520 5083 commode
3552 5034 3627 5083 ad

2045 5100 2212 5154 Deum
2247 5101 2467 5155 Patrem
2500 5099 2689 5154 referri
2718 5102 2909 5167 possit.
2948 5099 3079 5153 Vide
3119 5119 3172 5153 ιι.
3204 5102 3294 5166 9i,
3334 5102 3509 5153 initio.

2114 5172 2226 5242 (85)
2280 5170 2503 5240 Ἀρχὴν
2523 5168 2679 5224 ὁδῶν
2701 5170 2918 5242 αὐτοῦ,
2941 5169 3068 5242 Mss.
3096 5181 3149 5226 et
3181 5171 3244 5223 ll.
3284 5172 3623 5242 Stephanus,

2040 5239 2176 5296 ὀδόν.
2208 5239 2312 5296 Vix
2343 5239 2564 5297 dubium
2592 5243 2722 5308 quin
2760 5241 2951 5308 legerit
2972 5239 3218 5295 Justinus
3245 5242 3380 5294 ὁδῶν
3412 5240 3578 5293 αὑτοῦ
3608 5283 3622 5306 ,

2044 5326 2102 5365 ιιι
2132 5315 2396 5367 habemus
2438 5315 2490 5366 itt
2526 5312 2738 5372 Bibliis,
2766 5322 2929 5379 atque
2970 5323 3027 5363 ut
3067 5315 3415 5364 emendatum
3447 5322 3532 5363 est
3562 5312 3622 5366 in

2040 5385 2173 5437 edit.
2202 5386 2383 5441 Paris.
2409 5384 2554 5437 infra
2572 5383 2717 5436 enim
2743 5400 2798 5435 ιι.
2818 5382 2942 5443 1‘29,
2962 5382 3131 5434 codex
3156 5382 3542 5450 llegiushabet
3568 5385 3623 5433 iu

2044 5465 2191 5507 textu
2222 5455 2378 5520 ὁδῶν,
2410 5466 2464 5508 et
2496 5452 2741 5508 Justinus
2768 5453 3043 5524 Christum
3073 5453 3293 5518 quidem
3326 5452 3470 5524 ctg’A
3484 5453 3627 5524 ρχὴν

2042 5536 2098 5577 et
2125 5526 2329 5594 Σοφίαν
2365 5542 2393 5578 a
2427 5526 2719 5578 Salomone
2750 5523 3013 5592 appellari
3042 5524 3322 5589 observat,
3355 5522 3631 5575 daov‘rero

2042 5599 2306 5664 appellari
2341 5612 2447 5649 non
2481 5597 2633 5648 dicit.

2114 5663 2225 5738 (84)
2277 5665 2530 5720 ’Υπνῶικ
2570 5663 2774 5717 Vitiosa
2841 5678 3066 5738 prorsus
3106 5664 3380 5738 scriptura
3416 5677 3444 5717 a
3486 5664 3633 5717 dor-

2044 5736 2247 5792 miente
2280 5740 2503 5793 librario
2533 5738 2749 5791 inducta
2782 5748 2874 5800 pro
2902 5736 3209 5805 ἀγρυπνῶν.
