3962 6262
1399 307 1460 366 5.
1497 306 1758 363 JUSTINI
1797 307 2207 366 PHILOSOPHI
2235 307 2322 363 ET
2357 307 2717 364 MARTYRIS

435 425 626 494 ipsam,
647 435 768 494 qua
802 419 1077 486 Sapientia
1112 433 1141 472 a
1178 417 1469 474 Salomone
1501 421 1726 486 dicitur,
1761 431 1818 477 et
1849 424 1994 491 prin-

2107 422 2414 493 Σολομῶνος
2449 423 2736 496 ἐδήλωσεν,
2769 424 2848 478 δτι
2886 424 2980 478 καὶ
3011 423 3154 496 ἀρχὴ
3192 425 3297 497 πρὸ
3331 426 3548 482 πάντων
3581 429 3702 502 (92)

433 516 633 583 cipium
669 523 798 568 ante
830 515 1011 567 omnia
1054 528 1218 583 opera
1251 523 1306 567 et
1339 513 1673 584 progeniem,
1711 529 1740 566 a
1777 513 1886 568 Deo
1914 528 2009 584 ge-

434 609 607 662 nitam
651 620 790 668 esse,
819 605 909 676 qui
947 606 1085 661 idem
1117 606 1280 662 etiam
1312 609 1470 663 docet
1499 621 1596 676 per
1619 607 2004 662 revetationem

429 699 608 756 Josuae
643 699 752 754 lilio
783 698 941 752 Navae
986 699 1205 752 factam.
1231 698 1301 753 Ut
1347 708 1528 754 autem
1572 713 1639 753 ex
1675 701 1760 754 his
1791 714 2007 768 quoque

428 791 778 861 perspicuum
826 791 979 843 vobis
1023 789 1114 844 ﬁat
1157 789 1206 842 id
1255 790 1448 858 quoda
1481 805 1565 844 me
1595 789 1876 856 asseritur,
1906 804 2004 842 au-

434 884 546 940 dite
576 895 632 938 et
654 884 769 938 haec
811 882 977 936 verba
1013 897 1078 936 ex
1124 881 1262 935 libro
1283 880 1461 935 Josuae
1488 882 1806 951 deprompta
1843 899 1857 934 :
1888 899 1907 931 ‹
1943 880 2009 935 Et

431 974 636 1028 factum
660 983 767 1039 est,
794 988 918 1028 cum
945 981 1089 1028 esset
1131 971 1290 1027 Jesus
1319 971 1372 1026 in
1399 971 1677 1036 Hiericho,
1712 973 2006 1042 respiciens

428 1065 600 1121 oculis
617 1065 762 1120 videt
784 1064 1056 1119 hominem
1088 1074 1321 1118 stantem
1341 1073 1527 1118 contra
1550 1079 1630 1119 se.
1647 1063 1714 1118 Et
1741 1066 2006 1119 accedens

425 1157 584 1213 Jesus
624 1157 762 1212 dixit
794 1157 887 1211 ei:
940 1154 1137 1210 Noster
1180 1171 1260 1223 es,
1297 1171 1364 1209 an
1403 1155 1898 1210 adversariorum?
1931 1156 2005 1211 At

435 1250 530 1305 ille
576 1249 712 1304 dixit
749 1250 834 1305 ei:
891 1247 1002 1318 Ego
1054 1264 1174 1304 sum
1232 1252 1485 1320 princeps
1534 1248 1739 1302 militia:
1785 1248 2005 1303 virtutis

429 1342 640 1396 Domini
674 1359 689 1406 ;
721 1357 872 1396 nunc
897 1342 1109 1395 adveni.
1161 1342 1226 1396 Et
1253 1340 1412 1397 Iesus
1451 1341 1650 1397 cecidit
1699 1341 1752 1396 in
1803 1340 2000 1397 faciem

427 1449 591 1501 super
645 1443 869 1496 terram.
913 1443 968 1487 et
1003 1432 1138 1487 dixit
1170 1434 1216 1486 ei
1245 1446 1263 1485 :
1309 1432 1559 1500 Domine,
1585 1431 1716 1502 quid
1748 1431 2002 1501 praecipis

431 1536 523 1581 tuo
550 1525 789 1580 famulo?
816 1525 883 1580 Et
917 1525 994 1578 ait
1030 1524 1284 1594 princeps
1314 1524 1522 1578 militiae
1575 1522 1787 1577 Domini
1818 1522 1884 1576 ad
1906 1519 2001 1577 Je-

437 1632 593 1672 sum:
647 1615 810 1670 Solve
869 1615 1241 1670 calceamenta
1293 1616 1358 1668 de
1407 1613 1636 1683 pedibus
1682 1613 1820 1677 tuis;
1849 1611 2002 1667 locus

425 1709 568 1762 enim
609 1707 663 1761 in
701 1723 810 1777 quo
864 1718 998 1771 stas,
1046 1716 1192 1762 terra
1246 1716 1436 1762 sancta
1481 1716 1588 1760 est.
1645 1705 1710 1759 Et
1741 1703 2000 1759 Hiericho

2109 514 2216 567 τῶν
2251 516 2570 586 ποιημάτων
2602 514 2744 568 τοῦτ’
2773 514 2904 568 αὐτὸ
2931 513 3023 567 καὶ
3050 515 3293 587 γέννημα
3314 517 3419 570 ὑπὸ
3442 517 3535 572 τοῦ
3557 518 3700 574 Θεοῦ

2109 606 2464 677 ὲγεγέννητο,
2511 606 2540 659 ὃ
2579 607 2740 675 σοφία
2782 605 2870 660 διὰ
2915 605 3227 676 Σολομῶνος
3279 609 3550 674 καλεῖται,
3603 612 3704 666 καὶ

2106 696 2174 750 δι’
2223 696 2619 766 ἀποκαλύψεως
2672 697 2773 768 τῆς
2822 697 3199 768 γεγενημένης
3231 699 3407 769 Ἰησοῦ
3468 701 3547 772 τῷ
3599 702 3699 757 τοῦ

2107 787 2285 858 Ναυῆ,
2321 783 2495 850 εἶπον,
2529 785 2686 841 τοῦτο
2731 786 2866 841 αὐτὸ
2920 787 3164 851 εἰπόντος
3207 788 3339 861 (95).
3378 791 3493 847 Ἵνα
3521 791 3702 848 δὲκαὶ

2107 881 2174 933 ἐκ
2194 878 2397 932 τούτων
2442 878 2677 949 φανερὸν
2724 867 2855 948 ὑμῖν
2890 878 3116 949 γένηται
3151 877 3180 930 ὂ
3217 878 3383 947 λέγω,
3425 881 3699 937 ἀκούσατε

2107 970 2343 1024 καὶτῶν
2387 970 2495 1024 ἀπὸ
2546 968 2639 1023 τοῦ
2696 968 2901 1040 βιϐλίου
2955 969 3128 1040 Ἰησοῦ
3158 987 3170 1000 ·
3229 970 3342 1023 ἐστι
3385 972 3442 1025 δὲ
3492 973 3698 1027 ταῦτα’

2113 1081 2131 1114 ι
2175 1063 2288 1117 Kal
2312 1061 2530 1132 ἐγένετο
2563 1061 2640 1127 ὡς
2671 1057 2740 1133 ἦν
2778 1060 2984 1132 Ἰησοῦς
3018 1065 3075 1116 ὲν
3109 1062 3338 1134 Ἱεριχὼ,
3385 1065 3702 1135 ἀναὸλέψας

2105 1157 2218 1218 τοῖς
2266 1153 2566 1224 ὀφθαλμοῖς
2615 1154 2718 1226 ὁρᾷ
2751 1152 3036 1224 ἄνθρωπον
3090 1153 3359 1224 ἑστηκότα
3400 1154 3699 1209 κατέναντι

2107 1245 2274 1300 αὐτοῦ
2303 1246 2436 1318 (94).
2494 1245 2608 1300 Kal
2661 1244 2973 1316 προσελθὼν
2999 1245 3028 1297 ὁ
3049 1244 3276 1316 Ἰησοῦς,
3321 1242 3474 1300 εἶπεν
3506 1245 3662 1318 αὐτῷ
3681 1265 3696 1277 ·

2117 1339 2416 1412 Ἦμὲτερος
2451 1334 2520 1402 εἷ,
2550 1340 2582 1412 ἦ
2619 1337 2727 1392 τῶν
2762 1339 3132 1404 ὁπεναντίων;
3165 1338 3278 1392 Kal
3318 1334 3471 1391 εἷπεν
3503 1337 3692 1409 αὐτῷ’

2107 1429 2251 1498 Ἐγὼ
2301 1431 2738 1503 ἀρχιστράτηγος
2775 1431 3057 1502 δυνάμεως
3089 1429 3321 1504 Κυρίου·
3371 1430 3464 1484 νῦν
3515 1448 3700 1503 παρα-

2105 1520 2326 1588 γέγονα.
2380 1519 2490 1573 Kal
2523 1519 2733 1592 Ἰησοῦς
2766 1519 2960 1572 ἔπεσεν
3004 1522 3096 1574 ἐπὶ
3144 1521 3432 1593 πρόσωπον
3466 1521 3557 1574 ἐπὶ
3589 1521 3697 1593 τὴν

2103 1613 2228 1684 γῆν,
2273 1612 2369 1666 καὶ
2413 1609 2564 1666 εἶπεν
2597 1612 2768 1684 αὐτῷ’
2834 1613 3098 1677 Δέσποτα,
3126 1613 3176 1666 τί
3211 1611 3580 1684 προστάσσεις
3613 1612 3697 1684 τῷ

2105 1703 2184 1775 σῷ
2215 1705 2433 1778 alitem;
2469 1704 2580 1759 Kal
2610 1703 2810 1772 λέγειὸ
2842 1705 3275 1778 ἀρχιστράτηγος
3319 1704 3519 1777 Κυρίου
3555 1704 3700 1776 πρὸς

426 1799 608 1855 clausa
635 1810 755 1854 erat
782 1799 941 1870 160
971 1814 1036 1854 ac
1064 1799 1270 1852 munita
1301 1817 1314 1852 :
1352 1807 1403 1852 et
1449 1811 1608 1851 nemo
1652 1795 1901 1864 prodibat
1929 1809 1994 1850 ex

2107 1793 2334 1865 Ἰησοῦν·
2365 1792 2536 1847 Λῦσαι
2570 1791 2638 1846 τὰ
2667 1793 2988 1865 ὑποδήματα
3018 1793 3124 1845 τῶν
3153 1792 3329 1846 ποδῶν
3356 1809 3448 1845 σου
3470 1809 3483 1821 ·
3519 1794 3548 1844 ὁ
3581 1793 3698 1864 γὰρ

425 1892 538 1946 illa.
568 1893 634 1946 Et
675 1892 812 1946 dixit
861 1892 1121 1946 Dominus
1157 1891 1223 1945 ad
1259 1889 1481 1946 Iesum:
1531 1889 1671 1942 Ecce
1705 1902 1807 1958 ego
1844 1887 1994 1943 trado

2107 1887 2267 1949 τόπος
2301 1887 2385 1956 ἐφ’
2420 1879 2480 1939 οὗ
2516 1884 2772 1955 ἕστηκας,
2809 1885 2881 1956 γῆ
2915 1884 3046 1952 ἁγία
3079 1883 3213 1939 ὲστί.
3251 1884 3361 1936 Kal
3395 1887 3428 1954 ἡ
3489 1882 3699 1956 Ἱεριχὼ

425 1984 527 2038 tibi
554 1981 891 2054 subjugatam
939 1981 1216 2045 Hiericho,
1242 1991 1298 2034 et
1330 1995 1508 2050 regem
1535 1977 1672 2046 ejus,
1713 1979 1806 2048 qui
1837 1979 1994 2034 estin

2107 1977 2575 2048 συγκεκλεισμένη
2627 1971 2696 2046 ἦν
2739 1975 2834 2030 καὶ
2873 1975 3234 2048 ὠχυρωμένη,
3291 1975 3385 2028 καὶ
3420 1976 3594 2038 οὐδεὶς
3631 1974 3696 2041 ἐξ

423 2093 508 2140 ea,
561 2085 614 2130 et
643 2085 888 2144 potentes
909 2075 1060 2127 viros
1092 2073 1408 2127 fortitudine
1446 2072 1512 2125 ⁷⁸.
1565 2089 1584 2122 i

2105 2071 2274 2142 αὐτῆς
2305 2068 2662 2142 ἐξεπορεύετο
2701 2054 2831 2140 (95).
2866 2070 2976 2122 Kal
3018 2065 3137 2121 εἷπε
3169 2068 3371 2140 Κύριος
3415 2069 3549 2142 πρὸς
3588 2068 3700 2141 Ἰηο

425 2167 584 2222 σοῦνο
643 2167 777 2221 Ἰδοὺ
830 2165 1171 2239 παραδίδωμὶ
1233 2181 1315 2218 σοι
1374 2163 1472 2234 τὴν
1529 2160 1739 2236 Ἰεριχὼ
1797 2159 2139 2232 ὑποχείριον,
2184 2163 2280 2215 καὶ
2335 2161 2425 2215 τὸν
2477 2159 2702 2231 βασιλέα
2734 2158 2906 2228 αὐτῆς
2957 2158 3046 2212 τὸν
3099 2161 3156 2211 ὲν
3209 2160 3368 2230 αὐτῇ,
3431 2155 3696 2220 δυνατοὺς

422 2263 580 2326 δντας
618 2261 777 2332 ίσχύῖ.
820 2280 838 2312 ι

495 2354 584 2408 65.
617 2351 884 2406 Probatur
909 2354 1046 2405 hunc
1079 2350 1244 2405 Deum
1272 2351 1610 2404 incantatam
1637 2347 1992 2404 esse—Tum

423 2441 642 2515 Trypho
675 2459 690 2496 :
737 2440 1059 2506 Prtevalide,
1118 2440 1314 2510 inquit,
1367 2455 1434 2496 ac
1487 2440 1759 2510 pluribus,
1795 2440 1849 2494 id
1885 2455 1912 2492 a
1947 2449 1998 2494 te

423 2535 856 2593 demonstratum
908 2542 1012 2588 est.
1047 2533 1201 2601 Quod
1257 2534 1422 2604 igitur
1469 2543 1740 2603 superest,
1773 2546 1895 2587 eum
1927 2548 1995 2587 ex

421 2626 650 2696 Nirgine
686 2625 960 2679 hominem
996 2623 1063 2678 de
1092 2623 1272 2678 Patris
1311 2622 1396 2678 sui
1437 2623 1714 2678 voluntate
1763 2623 1911 2677 nasci
1942 2629 1997 2676 et

415 2715 669 2784 erucillgi
694 2723 749 2768 et
779 2715 916 2767 mori
949 2728 1054 2767 non
1114 2710 1402 2781 refugisse,
1433 2727 1497 2766 ac
1531 2723 1714 2782 postea
1744 2713 1998 2768 videlicet

424 2806 789 2860 resurrexisse
832 2815 888 2860 et
940 2804 994 2858 in
1041 2801 1242 2858 caelum
1303 2805 1639 2868 ascendisse,
1689 2803 1778 2860 fac
1810 2813 1868 2859 ut
1899 2805 1994 2861 de-

425 2905 718 2953 ttionstres.

496 2988 603 3044 Sic.
618 3003 721 3059 ego
775 2987 1028 3058 respondi
1062 3006 1076 3042 :
1118 2987 1174 3043 ld
1215 2987 1328 3057 jam
1357 3003 1387 3042 a
1417 3004 1504 3044 me
1544 2989 1798 3045 etfectum
1827 3000 1931 3053 est,
1960 3006 1994 3046 ο

423 3082 551 3147 viri,
575 3095 640 3136 ex
664 3081 1052 3150 prophetarum
1082 3082 1286 3149 verbis,
1322 3096 1443 3152 quae
1466 3081 1580 3150 jam
1623 3085 1849 3138 recitata
1886 3084 1989 3138 ite-

423 3187 544 3226 rum
569 3181 772 3226 -vestre
803 3184 966 3226 causa
1002 3170 1243 3226 referens
1270 3180 1327 3226 et
1358 3171 1639 3241 explicans
1664 3173 1993 3242 persuadere

421 3266 578 3323 vobis
599 3266 860 3332 conabor,
886 3275 945 3318 ut
977 3264 1030 3319 in
1055 3265 1159 3319 hoc
1189 3278 1404 3333 quoque
1435 3265 1564 3320 mihi
1597 3265 1994 3322 assentiamini.

421 3359 578 3427 Quod
607 3357 775 3428 igitur
799 3356 951 3411 dicit
991 3356 1200 3412 Isaias:
1236 3375 1255 3408 ι
1289 3355 1847 3426 Generationemejus
1873 3358 1994 3426 quis
2020 3382 2068 3447 ο

417 3450 738 3506 enarrabili
763 3451 890 3519 quia
912 3451 1117 3506 tollitur
1141 3468 1170 3504 a
1202 3463 1350 3509 terra
1372 3450 1480 3504 vita
1507 3448 1626 3518 ejus
1647 3450 1716 3513 ⁸ο,
1744 3468 1763 3500 ι
1793 3465 1992 3505 annon

421 3542 520 3598 tibi
545 3557 610 3597 eo
635 3543 1108 3605 dictum-videtur,
1143 3543 1286 3612 quod
1314 3543 1406 3612 qui
1447 3543 1519 3596 ob
1542 3543 1863 3612 iniquitates
1895 3557 1991 3612 po-

417 3633 532 3703 puli
559 3635 611 3689 in
653 3642 881 3688 mortem
909 3650 936 3686 a
962 3634 1072 3687 Deo
1103 3634 1340 3688 traditus
1371 3634 1598 3699 dicitur,
1650 3635 1698 3688 is
1726 3649 1895 3705 genus
1925 3649 1993 3689 ex

419 3727 729 3782 hominibus
761 3743 867 3783 non
903 3729 1132 3795 habeat;
1171 3729 1327 3797 cujus
1351 3739 1406 3784 et
1444 3728 1512 3783 de
1551 3729 1816 3799 sanguine
1841 3725 1992 3798 Moy-

417 3833 527 3882 ses,
548 3828 614 3872 ut
644 3818 753 3887 jam
791 3820 922 3885 dixi,
954 3835 1078 3875 cum
1105 3836 1323 3877 .arcane
1345 3821 1684 3891 loqueretur,
1727 3821 1992 3892 sanguine

423 3928 547 3967 uvae
596 3929 749 3967 suam
813 3914 960 3968 illum
1011 3915 1206 3969 stolam
1273 3915 1578 3969 lavaturttm
1631 3930 1752 3970 esse
1809 3916 1988 3981 dixit;

418 4004 619 4074 quippe
647 4021 770 4060 cum
808 4006 926 4075 ejus
977 4006 1340 4076 sanguis-non
1384 4021 1450 4062 ex
1489 4007 1702 4062 semine
1752 4006 1990 4060 humano

415 4107 707 4166 generatus
730 4097 822 4164 sit,
853 4099 953 4152 sed.
972 4114 1039 4154 ex
1065 4100 1342 4154 voluntate
1369 4101 1485 4155 Dei.
1516 4101 1580 4154 Et
1599 4114 1762 4169 quaee
1789 4098 1991 4154 Davide

416 4191 562 4246 dicta
599 4199 725 4245 sunt
751 4207 818 4243 ει(
854 4191 906 4244 ln
934 4191 1650 4260 Splendoribus-sanctorum
1680 4199 1897 4244 tuorum
1921 4205 1988 4244 ex

415 4292 574 4337 utero
601 4282 1026 4337 antelucilerum
1052 4282 1211 4350 genui
1240 4293 1311 4336 te.
1347 4280 1564 4335 Juravit
1606 4282 1893 4342 Dominus,
1933 4289 1990 4336 et

415 4390 522 4430 non
537 4375 824 4445 ptenitebit
839 4391 959 4430 eum
978 4394 992 4431 :
1012 4376 1088 4429 Tu
1106 4391 1163 4430 es
1178 4376 1430 4430 sacerdos
1449 4376 1499 4428 in
1518 4385 1778 4429 aeternum
1800 4389 1988 4430 secun-

413 4466 542 4518 dum
577 4465 822 4520 ordinem
845 4465 1242 4520 Melchisedech
1267 4465 1335 4529 3E.
1380 4484 1398 4518 ι
1436 4479 1618 4519 nonne
1642 4465 1795 4519 vobis
1825 4465 1989 4535 signi.

413 4556 582 4610 licant
632 4556 935 4625 antiquitus
983 4555 1240 4610 .futurnm
1279 4557 1539 4610 fuissent
1573 4572 1698 4610 eum
1723 4558 1889 4611 etiam
1915 4573 1982 4613 ex

415 4650 652 4706 humano
682 4662 837 4704 utero
867 4649 1004 4704 Dens
1029 4659 1080 4702 et
1107 4649 1270 4704 Pater
1295 4651 1670 4704 universorum
1700 4651 1984 4719 gigneret?

501 4805 546 4839 "
569 4803 736 4860 Iosue
780 4820 835 4871 v,
863 4805 931 4860 l5
955 4818 1124 4874 usque
1159 4803 1226 4858 ad
1260 4801 1447 4868 ﬁnem,
1471 4811 1525 4858 et
1561 4818 1632 4867 γι,
1657 4804 1709 4866 1,
1734 4803 1791 4856 2.
1865 4803 1911 4835 ⁸ο
1939 4803 2042 4859 lsa.
2079 4819 2198 4872 Llll,
2227 4805 2280 4860 8.

2171 2341 2259 2396 6'5.
2296 2340 2408 2396 Kal
2438 2341 2466 2394 ό
2499 2339 2732 2413 Τρύφων
2751 2357 2764 2370 ·
2795 2337 3056 2411 ’ἰσχυρῶς
3089 2338 3186 2391 καὶ
3216 2337 3304 2390 διά
3347 2338 3554 2392 πολλῶν
3585 2340 3698 2396 δεί-

2098 2436 2289 2492 κνυταί
2325 2453 2408 2490 σοι
2441 2433 2616 2498 τοῦτο,
2655 2432 2795 2503 φίλε,
2833 2431 2956 2503 ἔφη.
2995 2431 3194 2485 Λοιπὸν
3228 2427 3319 2485 οὖν
3354 2433 3446 2486 καὶ
3478 2434 3563 2487 ὅτι
3595 2429 3693 2488 οὗ-

2097 2545 2187 2591 τος
2212 2525 2301 2581 διὰ
2332 2527 2430 2598 τῆς
2456 2525 2735 2597 Παρθένου
2757 2525 3041 2597 ἄνθρωπος
3059 2523 3383 2596 γεννηθῆναι
3410 2527 3554 2581 κατὰ
3581 2529 3688 2601 τὴν

2096 2617 2187 2672 τοῦ
2223 2617 2437 2690 Πατρὸς
2492 2615 2658 2670 αὐτοῦ
2718 2615 2970 2693 βούλησιν
3016 2616 3327 2686 ὑπέμεινεν,
3381 2619 3690 2686 ἀπόδειξον,

2095 2709 2187 2762 καὶ
2223 2706 2621 2780 σταυρωθῆναι,
2672 2707 2766 2761 καὶ
2812 2706 3135 2762 ἀποθανεῖν·
3181 2707 3340 2779 δῆλον
3373 2709 3430 2762 δὲ
3464 2712 3556 2764 καὶ
3588 2715 3681 2768 ὃτι

2099 2800 2238 2871 μετά
2291 2799 2463 2854 ταῦτα
2514 2798 2755 2864 ἀναστὰς
2805 2798 3131 2871 ἀνελήλυθεν
3176 2802 3258 2864 είς
3307 2800 3395 2855 τὸν
3427 2803 3688 2874 οὐρανὸν,

2097 2893 2400 2958 ἀπόδειξον.

2166 2985 2336 3056 Κάγὼ
2370 2985 2780 3057 ἀπεκρινάμην*
2814 2985 2952 3058 Ἤδη
2988 2985 3081 3039 καὶ
3113 2984 3268 3039 τοῦτο
3299 2986 3689 3043 ἀποδέδεικταί

2097 3098 2207 3152 μοι,
2241 3075 2287 3134 ὦ
2319 3079 2530 3152 ἄνδρες,
2558 3081 2618 3133 ὲν
2648 3081 2762 3144 τοῖς
2778 3079 3332 3152 προανιστορημένοις
3364 3079 3541 3150 λόγοις
3574 3081 3689 3138 τῶν

2102 3171 2469 3245 προφητειῶν,
2505 3170 2599 3235 οὒς
2631 3170 2700 3224 δι’
2733 3172 2877 3242 ὑμᾶς
2927 3171 3088 3226 πάλιν
3135 3174 3691 3245 ἀναμιμνησκόμενος

2105 3265 2200 3318 καὶ
2232 3262 2616 3336 ἐξηγούμενος,
2670 3263 3000 3336 πειράσομαι
3033 3263 3127 3318 καὶ
3159 3267 3239 3328 είς
3271 3267 3368 3336 τὴν
3402 3266 3530 3339 περὶ
3562 3267 3691 3322 τού-

2101 3375 2196 3411 του
2233 3355 2629 3426 συγκατάθεσιν
2685 3357 2913 3425 ἀγαγεῖν
2973 3358 3135 3426 ὑμᾶς.
3185 3358 3241 3412 Ὀ
3274 3356 3403 3427 γοῦν
3434 3358 3591 3427 λόγος
3624 3361 3689 3414 ὃν

2096 3449 2198 3521 ἔφη
2247 3449 2503 3513 Ἡσαΐας·
2547 3467 2565 3500 ι
2609 3447 2718 3519 Τὴν
2751 3447 2946 3518 γενεὰν
3004 3447 3168 3502 αὐτοῦ
3215 3450 3298 3514 τίς
3334 3449 3686 3523 διηγήσεταις

2093 3542 2175 3596 ὅτι
2207 3541 2423 3616 αἴρεται
2479 3541 2587 3596 ἀπὸ
2633 3541 2731 3612 τῆς
2793 3541 2897 3612 γῆς
2929 3541 2962 3613 ἡ
2997 3540 3112 3612 ζωὴ
3155 3541 3340 3608 αὐτοῦ,
3384 3562 3403 3595 ι
3441 3544 3504 3597 οὐ
3537 3544 3691 3598 δοκεῖ

2096 3650 2177 3687 σοι
2209 3632 2456 3704 λελέχθαι
2488 3632 2564 3696 ὡς
2602 3632 2701 3685 οὐκ
2735 3631 2794 3698 ἐξ
2826 3631 3128 3704 ἀνθρώπων
3184 3633 3399 3704 ἔχοντος
3432 3636 3494 3689 τὺ
3525 3637 3689 3704 γένος

2094 3724 2184 3778 τοῦ
2217 3724 2305 3778 διὰ
2339 3727 2435 3787 τὰς
2477 3723 2708 3795 ἀνομίας
2752 3723 2844 3776 τοῦ
2891 3724 3021 3778 λαοῦ
3056 3727 3138 3790 είς
3171 3724 3400 3780 θάνατον
3436 3728 3685 3800 παραδε-

2092 3816 2279 3871 δόσθαι
2333 3816 2625 3888 εἰρημένου
2685 3815 2790 3869 ὑπὸ
2837 3816 2927 3869 τοῦ
2962 3817 3129 3885 Θεοῦ;
3166 3819 3294 3891 περὶ
3327 3814 3387 3872 οὗ
3422 3821 3518 3874 καὶ
3550 3822 3687 3874 Μω-

2095 3910 2194 3980 σῆς
2228 3909 2318 3962 τοῦ
2353 3909 2602 3978 αἵματος,
2639 3909 2715 3972 ὡς
2741 3909 3009 3981 προέφην,
3057 3911 3249 3982 αἵματι
3285 3912 3584 3984 σταφυλῆς,
3623 3917 3686 3968 ὲν

2093 4001 2371 4074 παραϐολῇ
2407 4000 2596 4065 εἰπὼν,
2631 4000 2729 4072 τὴν
2763 4002 2954 4074 στολὴν
2985 4004 3148 4057 αὐτοῦ
3182 4004 3404 4058 πλύνειν
3423 4005 3680 4079 (96)ἐφη,

2091 4092 2166 4156 ὡς
2205 4091 2295 4145 τοῦ
2331 4093 2559 4162 αἵματος
2585 4092 2748 4146 αὐτοῦ
2779 4093 2880 4146 οὐκ
2908 4093 2968 4158 ἐξ
2991 4095 3330 4167 ἀνθρωπείου
3367 4099 3682 4170 σπέρματος

2091 4187 2512 4257 γεγεννημένου,
2541 4185 2655 4240 ἀλλ’
2692 4189 2756 4239 ὲκ
2791 4186 3095 4258 θελήματος
3129 4186 3284 4240 Θεοῦ.
3323 4188 3433 4241 Καὶ
3458 4188 3526 4242 τὰ
3571 4190 3682 4244 ὑπὸ

2089 4279 2256 4333 Δαϐὶδ
2287 4280 2584 4350 εἰρημέναο
2627 4299 2644 4329 ‹
2688 4280 2778 4332 Ἐν
2825 4284 2948 4343 ταῖς
2981 4280 3330 4352 λαμπρότησι
3363 4281 3471 4335 τῶν
3505 4283 3680 4351 ἁγίων

2093 4388 2184 4424 σου
2219 4371 2282 4424 ἐκ
2315 4370 2548 4442 γαστρὸς
2575 4371 2679 4443 πρὸ
2725 4372 3002 4444 ἑωσφόρον
3051 4374 3318 4444 ὲγέννησά
3352 4391 3431 4427 σε.
3472 4355 3680 4445 Ὠμοσε

2090 4465 2292 4536 Κύριος
2350 4465 2443 4520 καὶ
2475 4467 2534 4518 οὺ
2575 4465 3121 4537 μεταμεληθήσεται’
3163 4467 3226 4520 σὺ
3267 4470 3443 4540 ἱερεὺς
3476 4471 3556 4531 είς
3585 4470 3681 4523 τὸν

2089 4557 2260 4611 αίῶνα
2305 4557 2445 4610 κατά
2487 4559 2584 4627 τὴν
2627 4557 2778 4621 τάξιν
2831 4557 3184 4627 Μελχισεδὲκ,
3231 4579 3249 4610 ι
3301 4561 3362 4612 οὐ
3417 4562 3680 4631 σημαίνει

2090 4650 2219 4721 ὑμῖν
2252 4651 2364 4722 (97)
2397 4651 2478 4704 ὅτι
2511 4650 2714 4704 ἀνωθεν
2751 4650 2882 4722 (98),
2920 4651 3014 4704 καὶ
3062 4650 3148 4705 διά
3194 4651 3431 4724 γαστρὸς
3463 4652 3681 4724 ἀνθρω-

2383 4803 2427 4835 ³¹
2452 4803 2597 4859 Psal.
2630 4821 2740 4871 εις,
2769 4803 2826 4871 5,
2871 4805 2927 4859 4.

484 4961 597 5038 (9?)
632 4962 806 5032 Ἀρχὴ
842 4959 955 5038 πρὸ
990 4959 1253 5038 πάντων.
1287 4957 1534 5038 Grabius
1580 4970 1635 5038 et
1688 4965 1831 5038 post_
1859 4974 1981 5038 eum

2107 4959 2264 5038 ξμένη
2300 4962 2460 5038 ὲν-τῇ
2498 4959 2643 5038 χειρὶ
2676 4961 2884 5038 αὐτοῦ.
2924 4959 3381 5038 verbanomissa
3418 4977 3538 5017 esse
3595 4967 3678 5020 vi-

411 5029 803 5088 Londinenses
835 5034 1071 5086 editores
1119 5031 1401 5098 legendum
1449 5029 1768 5084 existimant
1809 5031 1984 5101 ἀρχήν
2018 5029 2054 5038 “’
2090 5029 2287 5084 dentur
2317 5046 2346 5083 a
2381 5029 2626 5101 librario,
2649 5034 2734 5083 cui
2772 5033 2996 5086 errandi
3029 5032 3176 5088 dedit
3198 5034 3548 5088 oceasionem
3583 5053 3679 5090 re-

417 5123 436 5156 c
473 5104 651 5158 initio.
683 5122 702 5155 ι
745 5102 850 5156 Sed
896 5116 990 5155 eos
1027 5102 1245 5170 egregie
1296 5101 1554 5154 refellunt
1606 5115 1768 5168 supra
1821 5104 1982 5154 allata

410 5186 657 5228 veterum
696 5172 1029 5234 testimonia,
1066 5169 1419 5240 qui’Verbum
1447 5187 1552 5224 non
1575 5171 1750 5235 initio,
1777 5173 1866 5223 scd
1893 5185 1988 5239 p0-

414 5247 527 5299 tius
578 5245 792 5297 initium
824 5252 878 5295 et
911 5243 1238 5312 principium
1273 5243 1459 5295 dicunt
1493 5251 1736 5311 genitum
1789 5240 1982 5295 fuisse.

411 5314 538 5368 Inde
560 5315 723 5368 etiam
753 5323 901 5382 patet
933 5328 1037 5365 non
1089 5312 1430 5382 recidendatn
1479 5328 1601 5366 esse
1635 5312 1984 5378 conjunctio-

413 5401 535 5439 nent
573 5395 696 5438 ante
733 5383 998 5454 γέννημα.
1028 5382 1158 5435 Nam
1207 5381 1442 5454 V_erbum
1478 5383 1698 5451 prodiit,
1733 5392 1790 5435 ut
1824 5397 1986 5437 verus

409 5455 592 5522 opifex
645 5451 1188 5523 rerutn.,"verusque
1217 5451 1410 5517 Filius,
1449 5469 1553 5508 nou
1597 5465 1653 5506 ut
1696 5455 1874 5508 inanis
1899 5468 1986 5506 so-

411 5542 536 5580 IIIIS.

480 5596 598 5666 (93)
632 5595 946 5667 Εἰπόντος.
993 5594 1334 5667 .Sylburgius
1382 5593 1511 5665 legit
1565 5593 1802 5667 εἴρηται.
1847 5593 1982 5649 Vide

407 5683 530 5739 qum
552 5665 716 5739 paulo
748 5665 1319 5739 ante_ohservavi_mus_.

478 5733 593 5808 ινι)
617 5735 831 5792 Αὐτοῦ.
870 5734 1063 5800 Bililia,
1124 5734 1308 5788 αὐτοῦ
1350 5735 1442 5788 καὶ
1477 5737 1508 5806 ἡ
1543 5733 1783 5805 ῥομφαία
1817 5735 1985 5788 ὲσπα-

2089 5102 2256 5169 petitu
2266 5117 2314 5154 ιη
2350 5099 2537 5169 αὑτοῦ.
2563 5099 2740 5155 Οττο.

2162 5171 2273 5240 (95)
2323 5170 2769 5239 Ἐξεπορεύετο.
2805 5169 3061 5226 Fortasse
3116 5171 3446 5227 interierunt
3504 5176 3675 5228 verba

2087 5241 2208 5314 οὐδὲ
2241 5241 2726 5314 εἰσεπορεύετολση
2758 5258 2921 5296 causa
2947 5258 3076 5314 esse
3103 5253 3286 5314 potest
3311 5245 3679 5310 duplex-eno-

2088 5312 2322 5382 ρεύετο),
2351 5311 2472 5377 quae
2500 5329 2585 5380 ap.
2623 5311 2984 5382 Septuaginta
3013 5313 3308 5366 adduntur.
3343 5317 3522 5369 U'r'ro.

2159 5382 2272 5453 (9(3)
2304 5383 2588 5453 Πλύνειν.
2626 5383 2810 5436 Mallet
2830 5381 3048 5436 πλυνεῖν
3083 5382 3505 5453 Sylburgius.-—
3534 5383 3682 5437 Πλυο

2086 5455 2195 5504 νεῖν
2223 5452 2351 5521 legit
2385 5451 2562 5508 Οττο.

2158 5523 2274 5592 (97)
2313 5525 2393 5576 Οὐ
2429 5524 2708 5592 σημαίνει
2742 5521 2906 5592 ὑμῖν.
2947 5521 3037 5576 Sic
3089 5523 3198 5576 duo
3239 5523 3460 5577 codices
3507 5537 3672 5592 msss,

2085 5591 2282 5663 legitur
2322 5595 2452 5664 ἡμῖν
2487 5591 2537 5647 in
2572 5591 2906 5664 editionibus
2956 5593 3382 5664 Parisiensihus.

2156 5666 2268 5732 (98)
2312 5665 2584 5718 Ἀνωθεν.
2613 5663 2788 5718 Minus
2810 5666 3096 5732 commode
3125 5664 3269 5716 hunc
3295 5663 3470 5716 locum
3499 5664 3569 5717 de
3589 5677 3680 5732 ge-

2087 5731 2371 5790 neratione
2404 5750 2470 5789 ex
2508 5732 2733 5803 Virgine
2761 5733 3019 5802 intelligit
3056 5731 3329 5788 Justinus.
3365 5734 3498 5788 Illud
3531 5731 3679 5788 άνωο
