3962 6262
442 273 550 332 825
1380 284 1438 342 S.
1476 284 1742 377 rlUSTlNl
1769 287 2177 348 PHILOSOPHI
2217 292 2304 347 ΕΤ
2334 293 2694 352 MARTYRIS
3592 317 3702 373 ω

442 397 612 463 mldo,
653 397 721 454 de
756 396 903 454 nullo
930 412 999 454 ex
1033 410 1215 456 vestro
1243 416 1444 472 genere
1477 396 1797 477 praeiudico,
1827 418 2006 464 utrum

2134 409 2309 505 γένους
2340 411 2514 505 υμῶν,
2551 414 2597 505 εἰ
2635 414 2709 486 μή
2746 432 2829 479 τις
2863 418 3010 472 ἐστὶν
3043 420 3151 473 ἀπὸ
3197 421 3305 477 τῶν
3350 426 3698 505 κατὰνχάριν

441 491 490 555 is
525 506 632 547 non
664 490 733 546 sit
763 505 835 551 ex
865 505 1056 547 eorum
1105 508 1355 559 numero,
1395 498 1487 567 qui
1538 502 1833 557 secundum
1886 517 2005 573 gra-

2421 504 2623 600 Κυρίου
2670 506 2897 600 Σαδαὼρ
2948 511 3184 584 σωθῆναι
3231 490 3560 588 δυναμενος’.
3575 490 3691 600 (λγ

439 586 570 638 tlam
598 581 814 639 Domini
851 583 1094 641 Sabaoth
1144 585 1344 642 salvari
1380 599 1625 657 possunt.
1670 592 2003 665 Quapropter

2129 591 2191 644 ῑιὸ
2218 593 2323 646 κᾶν
2354 593 2511 664 ὑμεῖς
2546 595 2941 667 πονηρεύησθε,
2992 581 3286 674 προσμενῶ
3320 581 3457 680 πρὸς

435 677 689 744 quamvis
711 693 817 732 non
844 680 1015 749 probe
1037 679 1250 748 agatis,
1278 696 1500 751 pergam
1535 693 1715 740 tamen
1742 687 1999 757 quidquid

2130 682 2463 755 τροδαλεϊσθε
2492 685 2588 739 καὶ
2630 688 2959 758 ἀντιλέγετε,
3008 677 3457 768 ἀποκρινόμενος,
3500 704 3597 757 καὶ
3628 706 3694 761 τὸ

434 781 466 821 a
512 765 669 823 vobis
713 768 1055 839 pr0positum
1106 779 1202 824 aut
1234 785 1428 827 contra
1480 773 1648 829 fuerit
1675 777 1904 842 dictum,
1939 779 1998 833 ad

2125 777 2239 830 ιύτὸ
2266 779 2360 832 καὶ
2394 779 2531 851 πρὸς
2559 781 2766 845 πάντας
2800 784 2985 850 ἁπλῶς
3018 788 3143 851 τοὺς
3160 765 3234 842 -ὲκ
3267 765 3467 859 παντὸς
3494 797 3689 865 γένους

431 858 487 913 id
523 862 883 930 respondere;
921 863 1062 932 quod
1093 862 1233 917 idem
1282 866 1446 920 etiam
1501 870 1771 924 adversus
1818 887 1995 928 omnes

2125 867 2409 939 'tvOptbmov
2442 873 2691 941 συζητεῖν
2724 874 2755 945 ἧ
2786 876 3151 933 πυνθάνεσθαί
3178 898 3282 951 μου
3321 858 3689 956 περὶτούτων

429 954 653 1010 omnino
678 968 743 1009 ex
782 957 930 1010 omni
963 956 1243 1011 hominum
1270 973 1489 1027 genere,
1539 962 1630 1029 qui
1674 962 1758 1017 bis
1806 964 1875 1017 de
1918 980 1993 1019 re-

2120 957 2463 1030 Βουλομένους
2488 964 2729 1033 πράττω.
2771 966 2892 1019 Ὅτι
2925 963 3017 1021 οὖν
3045 970 3095 1022 οἱ
3131 954 3427 1042 σωζόμενοι
3455 978 3563 1031 ἀπὸ
3587 978 3684 1033 τοῦ

429 1046 536 1103 bus
571 1055 665 1103 aut
712 1065 925 1104 mecum
961 1053 1319 1106 commentari
1358 1060 1451 1106 aut
1494 1067 1561 1107 ex
1602 1068 1688 1107 me
1730 1055 1993 1111 sciscitari

2119 1049 2293 1143 révou;
2324 1052 2417 1106 τοῦ
2453 1053 2727 1125 ὑμετέρου
2762 1055 2850 1110 διὰ
2881 1058 3071 1112 τούτου
3101 1059 3387 1129 σώσονται,
3414 1068 3505 1120 καὶ
3531 1070 3591 1122 ὲν
3612 1074 3683 1143 τῇ

426 1139 726 1206 voluerint,
766 1142 931 1196 facio.
971 1142 1027 1197 Si
1066 1144 1230 1213 igitur
1264 1144 1502 1198 animum
1554 1146 1622 1200 ad
1675 1162 1739 1201 ea
1774 1164 1896 1217 qua?
1930 1166 1990 1205 es

2116 1141 2286 1197 τούτου
2346 1144 2524 1216 μερίδι
2570 1148 2699 1211 εἰσὶ,
2752 1152 2863 1214 τοῖς
2910 1151 3363 1225 προλελεγμένοις
3405 1159 3497 1211 ὑπ’
3538 1139 3680 1233 suos

426 1229 735 1303 Seripturis
766 1235 921 1288 attuli
979 1236 1398 1305 advertissetisj,
1459 1252 1552 1293 eos
1589 1239 1754 1293 etiam
1804 1242 1897 1310 qui
1932 1256 1990 1297 ex

2119 1235 2206 1287 ιπὸ
2238 1234 2344 1289 τῶν
2376 1237 2607 1309 Γραφῶν
2641 1242 2690 1293 εἰ
2738 1246 3189 1316 προσεσχήκειτε,
3223 1229 3585 1321 ἐνενοήκειτεν
3609 1254 3683 1311 ἂν

419 1335 605 1380 vestro
645 1342 844 1395 genere
880 1327 1187 1395 salvantur,
1223 1346 1321 1400 per
1356 1331 1501 1387 hunc
1554 1333 1774 1399 salvari,
1830 1344 1983 1404 atque

2112 1325 2219 1395 ήδη,
2256 1328 2401 1398 κάμὲ
2433 1328 2677 1399 δηλονότι
2715 1334 2842 1404 περὶ
2876 1335 3063 1389 τούτου
3097 1339 3197 1392 οὐκ
3230 1339 3297 1393 ἂν
3329 1342 3676 1415 ἠρωτήσατε.

420 1416 478 1470 in
516 1417 632 1485 ejus
667 1428 821 1487 parte
852 1434 974 1473 esse
1002 1419 1412 1475 intellexissetis
1441 1422 1706 1491 profecto,
1758 1440 1857 1480 nec
1908 1442 1984 1481 me

2111 1416 2268 1469 Πάλιν
2294 1417 2348 1470 δὲ
2383 1420 2493 1491 ἐρῶ
2523 1419 2591 1473 τὰ
2625 1424 3028 1496 προλελεγμένα
3075 1447 3164 1498 μοι
3212 1430 3319 1484 ἀπὸ
3362 1432 3457 1486 τοῦ
3484 1435 3675 1499 Δαὸὶδ,

420 1508 672 1563 videlicet
700 1524 764 1564 ea
794 1512 861 1565 de
894 1526 951 1564 re
974 1511 1171 1567 essetis
1220 1515 1550 1583 percontati.
1585 1514 1784 1571 lterum
1824 1518 1984 1588 igitur

2113 1508 2187 1559 ιαὶ
2211 1507 2348 1572 ἁξιῶ
2371 1511 2515 1579 ὑμᾶς
2550 1514 2687 1583 πρὸς
2714 1514 2772 1567 τὸ
2806 1516 3067 1581 συνιέναι,
3107 1520 3180 1591 μὴ
3217 1522 3354 1591 πρὸς
3402 1523 3461 1576 τὸ
3504 1534 3677 1597 πονη-

414 1599 671 1666 referam,
700 1616 821 1670 qum
848 1616 915 1656 ex
952 1602 1157 1658 Davide
1193 1613 1351 1657 antea
1403 1605 1600 1674 protuli
1642 1607 1721 1673 ⁸³;
1779 1625 1842 1663 ac
1894 1624 1978 1666 vos

2110 1598 2371 1665 >εύεσθαι,
2391 1603 2485 1655 καὶ
2501 1604 2802 1673 ἀντιλέγειν
2834 1607 2992 1677 μόνον
3015 1610 3237 1675 ἑαυτοὺς
3256 1612 3495 1684 ὀτρῦναι.
3516 1617 3674 1673 Εἰσὶν

410 1708 512 1749 oro
548 1702 607 1746 ut
655 1696 723 1747 ad
767 1694 1199 1764 intelligendum,
1251 1712 1356 1750 non
1406 1708 1591 1753 autem
1628 1701 1696 1753 ad
1734 1700 1974 1772 improbe

2110 1684 2183 1741 r5v
2215 1692 2262 1744 οι
2296 1690 2441 1761 λόγοι
2462 1692 2554 1758 οὖς
2586 1712 2752 1766 φησιν
2772 1696 2801 1747 6
2827 1698 2991 1752 Δαϐὶδ
3011 1694 3154 1755 οὗτοι
3176 1719 3219 1753 ⁸(
3245 1704 3300 1755 ὐ
3326 1704 3528 1776 Κύριος
3548 1708 3674 1763 ἐϐα-

406 1786 678 1854 agendum
713 1794 769 1840 et
802 1794 993 1840 contra
1032 1788 1413 1840 tantummodo
1446 1787 1733 1842 dicendum
1764 1804 1859 1844 vos
1893 1790 1970 1845 in-

2108 1778 2337 1834 πίλευσεν
2377 1783 2452 1853 (5)
2475 1801 2487 1813 ·
2521 1786 2926 1855 ὀργιζέσθωσαν
2963 1789 3115 1844 λαοί·
3171 1794 3199 1845 6
3231 1794 3538 1866 καθήμενος
3572 1800 3672 1854 ἐπὶ

406 1876 613 1932 citetis.
640 1876 857 1932 Davidis
882 1887 1066 1931 autem
1107 1877 1248 1930 dicta
1290 1877 1370 1932 sic
1404 1878 1624 1933 habent.
1661 1898 1680 1931 ι
1721 1880 1970 1938 Dominus

2107 1869 2191 1924 τῶν
2249 1872 2565 1946 Χερουϐίμ·
2605 1877 2918 1950 σαλευθήτω
2955 1881 2987 1951 ἡ
3040 1880 3145 1951 γῆ”
3197 1885 3400 1957 Κύριος
3434 1891 3490 1940 ἐν
3523 1889 3671 1945 Σιὼν

404 1969 680 2037 regnavit,
719 1969 1033 2022 irascantur
1064 1969 1281 2037 pepuli;
1335 1969 1427 2038 qui
1466 1972 1617 2025 sedet
1650 1988 1814 2041 super
1845 1973 1968 2029 Che

2098 1960 2287 2030 μέγας,
2349 1965 2443 2017 καὶ
2476 1965 2677 2038 ὑψηλός
2711 1970 2858 2022 ὲστιν
2889 1970 2984 2023 ἐπὶ
3033 1972 3242 2038 πάντας
3298 1978 3424 2043 τοὺς
3475 1977 3662 2047 λαούς.

405 2060 622 2125 rubim;
652 2067 935 2113 moveatur
964 2067 1131 2112 terra.
1171 2058 1435 2113 Dominus
1468 2058 1526 2113 in
1576 2058 1709 2115 Sion
1746 2078 1969 2133 magnus

2098 2052 2709 2126 Ἐξομολογησάσθωσαν
2754 2058 2830 2132 τῷ
2880 2062 3104 2134 ὀνόματί
3155 2082 3250 2119 σου
3289 2068 3368 2138 τῷ
3415 2072 3662 2143 μεγάλῳ,

398 2163 460 2208 et
484 2152 735 2208 excelsus
766 2166 931 2221 super
954 2166 1146 2206 omnes
1171 2151 1418 2221 populos.
1454 2150 1835 2210 Conﬁteantur
1869 2170 1962 2212 n0-

2095 2147 2160 2197 ίτι
2192 2146 2422 2218 φοϐερὸν
2444 2149 2539 2201 καὶ
2572 2149 2731 2219 ἅγιόν
2763 2154 2898 2218 ἐστι,
2935 2154 3031 2207 καὶ
3068 2157 3200 2228 τιμὴ
3237 2157 3499 2228 βασιλέως
3532 2166 3659 2236 κρί-

401 2244 536 2298 mini
575 2252 667 2297 tuo
697 2258 893 2314 magno
912 2284 928 2310 ,
949 2242 1215 2312 quoniam
1246 2241 1490 2298 terribile
1513 2252 1569 2299 et
1592 2252 1839 2300 sanctum
1867 2253 1965 2312 est,

2099 2255 2161 2290 τιν
2189 2242 2400 2311 ἀγαπᾷ.
2446 2243 2519 2296 Σὺ
2585 2246 2893 2315 ἡτοίμασας
2938 2249 3273 2322 εὐθύτητας’
3330 2257 3512 2328 κρίσιν
3563 2262 3663 2317 καὶ

393 2342 452 2390 et
484 2335 661 2390 honor
717 2335 859 2406 regis
888 2334 1148 2403 judicium
1181 2333 1371 2404 diligit.
1429 2333 1513 2389 Tn
1569 2336 1775 2405 parasti
1815 2337 1957 2393 dire-

2097 2331 2414 2422 ῖικαιοσύνην
2447 2334 2504 2386 ὲν
2553 2334 2743 2389 Ἰακὼϐ
2778 2339 2842 2391 σὺ
2868 2340 3155 2411 ἐποίησας.
3192 2326 3418 2413 ⁴Υψοῦτε
3451 2349 3661 2422 Κύριον

392 2426 628 2485 ctiones.
654 2426 932 2482 Judieium
985 2436 1040 2481 et
1075 2426 1344 2497 justitiam
1385 2426 1441 2481 in
1476 2426 1648 2483 Jacob
1674 2437 1728 2482 tu
1764 2429 1956 2484 fecisti.

2096 2419 2161 2472 :6v
2191 2422 2322 2476 Θεὸν
2356 2424 2532 2494 ἡμῶν,
2569 2427 2665 2479 καὶ
2711 2432 3068 2499 προσκυνεῖτε
3108 2433 3187 2505 τῷ
3231 2436 3509 2512 ὑποποδίῳ

392 2519 649 2575 Exaltate
683 2516 973 2573 Dominum
1013 2519 1179 2572 Deum
1219 2526 1490 2582 nostrum,
1513 2527 1569 2572 et
1597 2517 1823 2573 adorate
1846 2533 1956 2574 sca-

2093 2514 2246 2569 ποδῶν
2290 2518 2475 2582 αὐτοῦ,
2512 2520 2593 2573 ὅτι
2644 2521 2799 2589 ἅγιός
2854 2523 2990 2577 ἐστι.
3027 2527 3267 2600 Μωῦσῆς
3300 2532 3405 2584 καὶ
3440 2534 3657 2607 ’Δαρὼν

391 2612 597 2669 bellum
638 2613 834 2682 pedum
867 2611 1003 2681 ejus,
1044 2611 1305 2681 quoniam
1345 2620 1570 2667 sanctus
1609 2622 1713 2667 est.
1752 2612 1955 2683 Moyses

2088 2624 2126 2659 ιν
2202 2612 2314 2673 τοῖς
2385 2611 2620 2682 ἱερεῦσιν
2672 2614 2879 2679 αὐτοῦ,
2944 2618 3037 2671 καὶ
3100 2619 3353 2692 Σαμουὴλ
3424 2625 3480 2678 ὲν
3535 2632 3652 2694 τοῖς

390 2714 447 2760 et
476 2703 657 2758 Aaron
685 2704 736 2757 in
774 2703 1150 2757 sacerdotibus
1176 2703 1313 2770 ejus,
1338 2712 1391 2758 et
1427 2702 1647 2757 Samuel
1678 2704 1821 2759 inter
1868 2719 1954 2759 eos

2090 2701 2514 2771 ,πικαλουμένοις
2556 2704 2618 2757 τὸ
2664 2704 2837 2774 ὄνομα
2891 2708 3076 2762 αὑτοῦ.
3135 2709 3525 2768 Ἐπεκαλοῦντο
3555 2718 3654 2772 τὸν

389 2795 485 2867 qui
518 2797 772 2851 invocant
804 2809 1002 2849 nomen
1029 2793 1166 2860 ejus.
1193 2794 1523 2850 lnvocabant
1562 2794 1875 2862 Dominum,
1908 2806 1953 2850 el

2089 2790 2303 2862 (opim,
2367 2792 2463 2846 καὶ
2525 2795 2685 2860 αὐτὸς
2751 2799 3035 2869 εἰσήκουεν
3095 2801 3306 2855 αὐτῶν·
3362 2807 3422 2859 ὲν
3468 2808 3653 2882 στόλῳ

385 2889 505 2961 ipse
537 2888 861 2943 exaudiebat
884 2901 1016 2951 eos;
1056 2886 1107 2939 in
1144 2886 1398 2940 columna
1441 2886 1600 2941 nubis
1637 2874 1949 2956 loquebatur

2088 2883 2289 2954 ἐφέλης
2324 2884 2503 2940 ὲλάλει
2524 2888 2662 2959 πρὸς
2690 2889 2884 2955 αὐτούς
2904 2908 2917 2921 ⁸
2955 2893 3035 2945 ὅτι
3075 2894 3377 2963 ἐφύλασσον
3407 2898 3473 2952 τὰ
3510 2874 3652 2973 μαξ-

387 2983 456 3035 ad
491 2995 618 3047 eos;
663 2979 919 3050 quoniam
956 2979 1343 3033 custodiebant
1377 2978 1685 3033 testimonia
1741 2980 1858 3045 ejus
1905 2990 1951 3034 et

2086 2974 2221 3045 ξύρια
2257 2975 2422 3030 αὐτοῦ
2457 2977 2656 3033 καὶτὰ
2703 2982 3097 3053 προστάγματα
3144 2986 3327 3052 αὑτοῦ,
3370 2988 3405 3042 ἃ
3442 2990 3650 3047 ἔδωκεν

383 3082 655 3143 praecepta
699 3072 838 3142 ejus,
876 3084 999 3140 quae
1044 3070 1189 3125 dedit
1228 3069 1335 3123 illis
1356 3069 1424 3126 ⁸⁸.
1464 3068 1603 3124 Sunt
1652 3069 1817 3125 etiam
1851 3069 1947 3124 alia

2082 3066 2262 3129 ιύτοῖς.
2308 3084 2325 3117 ι
2355 3068 2467 3121 Καὶ
2501 3069 2559 3121 ἐν
2593 3068 2774 3135 ἄλλοις
2816 3074 2926 3137 τοῖς
2959 3073 3054 3127 καὶ
3097 3075 3280 3140 αὐτοῖς
3318 3096 3646 3149 προανιστο-

378 3136 600 3227 verba,
675 3136 797 3233 qua
865 3136 910 3215 ar
959 3161 1164 3216 Davide
1244 3159 1592 3231 pronuntiata
1652 3170 1707 3215 et
1769 3174 1800 3214 a
1869 3175 1942 3214 me

2084 3158 2315 3227 ιημένοῑς
2350 3158 2436 3214 διὰ
2469 3159 2562 3213 τοῦ
2597 3161 2762 3214 Δαϐὶδ
2788 3162 3024 3233 λεχθεῖσι
3055 3136 3274 3233 λόγοις,⁷
3293 3136 3388 3233 οὓς
3415 3173 3497 3235 είς
3542 3174 3648 3229 Σο-

374 3255 489 3329 jam
530 3256 693 3311 allata
746 3256 800 3311 in
856 3253 1202 3309 Salomonem
1263 3254 1406 3309 dicta
1452 3268 1614 3321 esse,
1665 3264 1938 3324 propterea

2078 3249 2270 3318 ιομῶνα
2296 3252 2539 3323 ἀνοήτως
2574 3254 2814 3321 φάσκετε
2847 3254 3098 3327 εἰρῆσθαι
3130 3260 3642 3332 ἐπιγεγραμμένας

378 3353 523 3419 quod
579 3349 633 3402 in
702 3346 1055 3402 Salomonem
1097 3347 1361 3417 inscripta
1421 3355 1568 3410 sunt,
1635 3345 1942 3415 insipienter

2077 3343 2133 3405 ig
2168 3342 2476 3414 Σολομῶνα,
2511 3345 2571 3410 ἐξ
2615 3339 2690 3399 ὧν
2724 3346 2817 3399 καὶ
2850 3348 2910 3400 τὸ
2942 3349 3025 3402 ὅτι
3076 3352 3157 3414 εἰς
3201 3352 3490 3424 Σολομῶνα
3534 3358 3641 3414 οὐκ

375 3438 735 3503 contenditis;
781 3438 874 3492 sed
928 3452 994 3491 ex
1045 3436 1154 3491 illis
1225 3435 1636 3489 demonstratur
1706 3446 1827 3487 cum
1894 3432 1939 3485 in

2072 3436 2297 3508 ;τρηνται
2346 3436 2750 3501 ἀποδείκνυται,
2801 3440 2895 3492 καὶ
2934 3440 3016 3493 ὅτι
3057 3438 3208 3507 οὗτος
3256 3446 3347 3498 καὶ
3400 3448 3505 3520 πρὸ
3537 3451 3636 3505 τοῦ

378 3532 731 3588 Salomonem
756 3531 899 3585 dicta
926 3545 1032 3583 non
1059 3527 1246 3593 fuisse,
1275 3536 1383 3582 tum
1410 3526 1576 3581 etiam
1601 3526 1747 3580 hunc
1770 3525 1942 3593 ipsum

2072 3526 2200 3597 Non
2231 3523 2320 3599 ἦν,
2356 3530 2451 3581 καὶ
2480 3531 2528 3582 οἱ
2555 3529 2662 3582 ἀπὸ
2694 3530 2788 3584 τοῦ
2844 3531 2974 3584 λαοῦ
3019 3533 3173 3604 ὑμῶν
3223 3537 3517 3608 σωζόμενοι
3562 3541 3636 3595 δι’

374 3641 504 3686 ante
534 3631 702 3684 solem
729 3643 875 3690 esse,
909 3642 1109 3696 eosque
1130 3642 1197 3680 ex
1226 3634 1409 3680 vestro
1441 3624 1662 3693 populo,
1702 3624 1795 3693 qui
1838 3623 1938 3678 sal-

2073 3619 2209 3673 ιὺτοῦ
2246 3619 2598 3692 σωθήσονται.
2620 3623 2743 3675 Εἰσὶ
2763 3622 2818 3675 δὲ
2841 3619 2983 3679 οὗτοι
3005 3642 3019 3656 ο
3057 3645 3075 3677 ι
3102 3627 3158 3679 ὐ
3189 3628 3341 3693 Θεὸς,
3372 3631 3432 3683 τὸ
3457 3636 3637 3705 κρῖμά

371 3728 592 3779 vantur,
630 3732 726 3786 per
758 3730 879 3769 eum
915 3716 1187 3768 salvatum
1223 3714 1313 3767 iri.
1347 3712 1438 3767 Sic
1467 3723 1646 3767 autem
1688 3714 1892 3768 habent
1925 3729 1935 3767 :

2072 3729 2140 3764 ron
2173 3710 2251 3781 τῷ
2285 3712 2490 3783 βασιλεῖ
2523 3714 2631 3778 δὸς,
2668 3714 2762 3767 καὶ
2788 3715 2886 3784 τὴν
2917 3715 3263 3790 δικαιοσύνην
3288 3732 3382 3775 σου
3420 3722 3496 3792 τῷ
3528 3725 3636 3796 υἱῷ

380 3825 402 3861 ο
436 3809 602 3875 Deus,
634 3807 892 3876 judicium
921 3818 1070 3861 tuum
1102 3806 1234 3875 Regi
1267 3807 1357 3872 da,
1407 3816 1461 3861 et
1494 3806 1763 3877 justitiam
1794 3815 1941 3862 tuam

2064 3802 2137 3855 ποῦ
2174 3802 2463 3873 βασιλέως.
2498 3807 2688 3878 Κρινεῖ
2709 3804 2783 3876 (6)
2807 3806 2895 3858 τὸν
2930 3807 3055 3861 λαόν
3090 3825 3181 3861 σου
3204 3811 3628 3886 ὲνδικαιοσύνῃ,

370 3900 485 3957 ﬁlio
522 3898 706 3967 Regis.
739 3898 1018 3955 Judicabit
1048 3899 1302 3969 populum
1342 3910 1492 3955 tuum
1534 3899 1587 3954 in
1631 3900 1864 3971 justitia,
1890 3910 1934 3956 et

2066 3895 2138 3949 ιαὶ
2170 3898 2295 3960 τοὺς
2330 3898 2579 3968 πτωχούς
2613 3915 2707 3951 σου
2743 3901 2800 3951 ὲν
2832 3899 3030 3971 κρίσει.
3081 3901 3520 3958 Ἀναλαόέτωσαν
3559 3908 3630 3961 τὰ

366 4004 642 4063 pauperes
664 4000 785 4045 tuos
812 3992 865 4045 in
893 3990 1122 4059 judicio.
1152 3991 1466 4061 Suscipiant
1500 4000 1715 4047 montes
1747 4007 1930 4061 pacem

2062 3988 2141 4060 ἱρη
2177 3987 2254 4060 τῷ
2286 3988 2400 4060 λαῷ
2452 3992 2697 4062 εἰρήνην,
2759 3991 2855 4045 καὶ
2909 3994 2958 4046 οἱ
3017 3992 3196 4063 βουνοὶ
3256 3994 3626 4069 δικαιοσύνην.

363 4080 588 4154 papulo,
623 4090 677 4136 et
706 4081 875 4136 colles
911 4080 1506 4152 justitiamJudicabit
1538 4097 1800 4153 pauperes
1836 4099 1927 4154 po-

2061 4081 2234 4151 (ρινεῑ
2262 4082 2389 4141 τοὺς
2416 4084 2664 4152 πτωχοὺς
2697 4082 2788 4135 τοῦ
2816 4082 2968 4149 λαοῦ,
2995 4084 3089 4137 καὶ
3125 4084 3287 4139 σώσει
3310 4087 3435 4152 τοὺς
3470 4089 3625 4153 υἱοὺς

362 4174 501 4245 puli,
531 4184 587 4229 et
610 4176 788 4230 salvos
822 4174 988 4231 faciet
1015 4175 1153 4229 ﬁlios
1178 4188 1520 4245 pauperum;
1543 4185 1597 4230 et
1627 4176 1926 4231 humiliabit

2060 4171 2148 4225 τῶν
2181 4179 2449 4245 πενήτων,
2484 4174 2579 4227 καὶ
2605 4173 2931 4229 ταπεινώσει
2956 4176 3297 4247 συκοφάντην
3315 4193 3328 4208 ·
3357 4180 3451 4231 καὶ
3477 4196 3624 4251 συμ-

362 4268 820 4323 calumniatorem
843 4284 858 4334 ;
885 4277 940 4323 et
971 4267 1313 4339 permanebit
1352 4283 1475 4322 cum
1505 4269 1642 4335 sole,
1694 4270 1849 4340 162
1879 4278 1926 4324 el

2059 4269 2350 4338 ¹ιςαραμενεῖ
2379 4266 2454 4337 τῷ
2478 4267 2631 4339 ἡλίῳ,
2667 4268 2763 4321 καὶ
2791 4269 2897 4339 πρὸ
2922 4267 3023 4337 τῆς
3050 4267 3280 4340 σελήνης
3312 4272 3392 4336 είς
3422 4274 3623 4340 γενεὰς

359 4375 492 4422 ante
518 4364 696 4419 lunam
730 4364 783 4417 in
820 4364 1210 4433 generationes
1232 4363 1668 4431 generationum,
1704 4381 1724 4414 ι
1756 4372 1808 4416 et
1846 4378 1923 4418 re-

2056 4356 2254 4423 rsvet'bv,
2299 4377 2319 4409 ι
2356 4359 2452 4413 καὶ
2500 4359 2569 4413 τὰ
2600 4359 2762 4413 λοιπὰ
2794 4359 2921 4430 ἄχρι
2950 4358 3044 4412 τοῦ
3066 4376 3081 4389 ⁸
3118 4378 3137 4411 ι
3185 4362 3297 4433 Πρὸ
3328 4362 3423 4416 τοῦ
3462 4362 3620 4433 ἡλίου

357 4455 511 4526 liqua
561 4470 733 4526 usque
787 4456 854 4509 ad
898 4473 912 4509 :
971 4454 1115 4509 Ante
1170 4453 1342 4508 solem
1401 4463 1686 4522 permanet
1732 4468 1921 4509 nomen

2055 4455 2118 4503 ῖια
2125 4448 2278 4520 μένει
2292 4449 2352 4504 τὸ
2366 4450 2534 4521 ὄνομα
2549 4450 2733 4514 αὑτοῦ,
2749 4450 2843 4503 xui.
2862 4451 3375 4523 ὲνευλογηθήσονται
3392 4455 3449 4507 ὲν
3466 4455 3619 4527 αὑτῷ

358 4546 499 4616 ejus,
530 4557 585 4604 et
621 4547 1014 4602 benedicentur
1047 4547 1102 4600 in
1138 4546 1255 4616 ipso
1287 4560 1480 4600 omnes
1520 4546 1694 4600 tribus
1733 4555 1922 4611 terrae;

2056 4544 2209 4596 τᾶσαι
2241 4544 2296 4595 αἱ
2351 4542 2515 4612 φυλαὶ⁸
2548 4543 2646 4614 τῆς
2682 4544 2805 4613 γῆς.
2844 4543 3026 4597 Πάντα
3058 4544 3124 4597 τὰ
3158 4544 3283 4617 ἔθνη
3319 4547 3620 4617 μακαριοῦ-

356 4656 547 4696 omnes
586 4651 773 4710 gentes
800 4638 1228 4711 Inagnilicabnnl
1258 4654 1405 4692 eum.
1443 4637 1769 4693 Benedictus
1820 4638 1920 4691 Do-

2051 4652 2117 4689 τιν
2150 4636 2331 4688 αὐτόν.
2361 4634 2663 4706 Εὐλογητὸς
2690 4634 2892 4706 Κύριος
2919 4637 2948 4688 6
2970 4634 3101 4700 Θεὸς
3143 4637 3357 4708 Ἰσραὴλ
3382 4639 3411 4689 ὁ
3443 4638 3615 4691 ποιῶν

354 4734 540 4788 minus
573 4734 713 4788 Deus
745 4733 936 4796 Israel,
980 4732 1074 4800 qui
1133 4730 1267 4784 facit
1316 4728 1587 4783 mirabilia
1636 4728 1804 4784 solus.
1861 4728 1918 4783 Et

2050 4729 2309 4798 ιαυμάσια
2340 4727 2502 4797 μόνος
2522 4744 2535 4757 ⁸
2568 4727 2660 4779 καὶ
2689 4725 2979 4799 εὐλογητὸν
3014 4727 3073 4781 τὸ
3104 4726 3276 4797 ὄνομα
3308 4730 3406 4800 τῆς
3450 4728 3614 4802 δόξης

350 4824 697 4881 benedictum
740 4840 934 4879 nomen
967 4823 1154 4893 gloriae
1190 4823 1310 4893 ejus
1339 4823 1392 4875 in
1426 4820 1685 4876 saeculum
1717 4820 1914 4876 saeculi.

2048 4820 2193 4875 ιύτοῦ
2229 4822 2310 4884 εἰς
2343 4819 2434 4872 τὸν
2467 4817 2637 4872 αἰῶνα
2670 4816 2763 4871 τοῦ
2800 4816 2994 4881 αἰῶνος
3016 4835 3029 4847 ·
3066 4819 3159 4871 καὶ
3193 4818 3612 4891 πληρωθήσεται

350 4918 422 4972 Et
480 4917 782 4987 replebitur
847 4916 1018 4988 gloria
1087 4916 1205 4987 ejus
1267 4913 1449 4969 omnis
1504 4922 1708 4968 terra:
1774 4912 1914 4978 Fiat,

2048 4914 2127 4985 τῆς
2156 4911 2314 4983 δόξης
2345 4910 2507 4965 αὐτοῦ
2535 4912 2683 4963 πᾶσα
2708 4912 2743 4982 ή
2778 4911 2871 4982 γῆ.
2897 4910 3135 4978 Γένοιτο,
3170 4911 3411 4980 γένοιτοί
3452 4930 3470 4962 ι
3497 4911 3612 4966 Καὶ

420 5072 468 5106 ⁸³
499 5088 558 5131 n.
586 5073 677 5128 57‘
750 5071 797 5105 ⁸⁸⁵
822 5072 972 5127 Psal.
997 5086 1185 5139 xcvm,
1218 5071 1329 5125 1-7.

420 5232 497 5305 (4η)
529 5226 885 5305 Δυνάμειξος.
915 5226 1056 5305 Cod3
1093 5227 1327 5283 Clarom.
1369 5226 1439 5282 ad
1482 5240 1655 5294 marg.
1686 5222 1918 5296 δυναμέ-

2040 5224 2225 5305 ξιίιῑτιιη
2260 5226 2314 5305 in
2343 5223 2512 5280 Jacob
2544 5225 2800 5305 faciente,
2837 5232 2953 5280 tum
2993 5225 3157 5305 etiam
3196 5224 3294 5305 de_
3313 5222 3487 5305 Illoysi
3545 5232 3604 5279 et

347 5296 646 5374 mv,'quod
671 5296 1122 5374 quindenrrnelius
1156 5307 1259 5353 est.
1350 5364 1394 5374 __
1641 5365 1653 5374 _
1866 5366 1880 5374 _
2024 5296 2203 5374 Aaron
2240 5297 2525 5374 dicuntur,
2548 5296 2831 5374 Judaieam
2858 5297 3171 5374 superbiam
3207 5296 3442 5360 refellat,
3477 5310 3604 5374 qua

419 5364 496 5445 (5)
520 5364 609 5426 ’⁸0
646 5364 859 5440 Κύριος
889 5368 1308 5445 ἐϐασίλευσεν.
1350 5364 1806 5445 Hunchpsalmum
1834 5366 1916 5445 _de

2041 5380 2084 5419 se
2124 5365 2327 5418 Christi
2385 5366 2561 5435 gratia
2601 5367 2835 5445 negabat
2901 5364 3165 5445 indigere,
3228 5380 3438 5445 eosque
3504 5366 3605 5445 de-

347 5435 570 5500 Cb'ri'sto
601 5435 805 5498 dictum
831 5435 953 5495 esse
995 5440 1239 5494 Justinus
1286 5436 1593 5501 contendit,
1626 5438 1728 5490 hoc
1768 5437 1915 5503 prin-
2022 5444 2288 5489 monstret
2312 5451 2418 5488 nun
2445 5451 2603 5504 posse
2634 5435 2861 5501 Salvari,
2888 5436 2992 5490 nisi
3026 5436 3309 5491 Christum
3343 5437 3600 5491 adorent.

346 5516 489 5584 cipio
518 5516 710 5584 fretus,
741 5513 885 5580 quod
912 5509 1024 5584 jam
1065 5510 1310 5584 pluribus
1358 5507 1914 5584 a_rgutltentisﬂpt‘_0ba-
2092 5504 2169 5577 (6)
2195 5504 2414 5584 Κριγεῖ.
2455 5507 2543 5584 Sic
2568 5505 2761 5584 legitur
2787 5507 2839 5584 in
2865 5507 3307 5584 utroque_c_od_ice
3329 5520 3429 5559 ms.
3450 5516 3505 5558 et
3530 5505 3600 5558 ad

346 5574 520 5650 verat,
558 5600 663 5638 non
694 5574 929 5635 Pa'tretn'
962 5574 1131 5655 Moysi
1178 5574 1520 5655 apparuisse,
1556 5578 1651 5631 sed
1689 5576 1908 5655 Filium.
2022 5574 2461 5655 margaxpivew.
2484 5581 2555 5655 At
2576 5574 2644 5655 R:
2669 5576 2978 5644 Stephanus
3001 5577 3192 5630 maluit
3214 5575 3357 5655 hanc
3382 5584 3601 5655 postref

346 5656 461 5712 liae
485 5645 663 5709 autem
696 5661 874 5706 mente
901 5645 1168 5726 psalmum
1210 5649 1362 5701 illum
1386 5646 1613 5726 profert,
1639 5656 1699 5699 ut
1728 5662 1792 5700 ex
1828 5647 1911 5725 bis
2022 5662 2166 5726 mam
2209 5645 2495 5726 lectionem
2533 5648 2584 5700 in
2626 5645 2804 5726 ipsum
2858 5656 3177 5703 contextum
3232 5645 3483 5715 recipere
3535 5651 3599 5701 et

344 5744 465 5800 quae
494 5728 559 5783 de
586 5723 817 5781 Domino
836 5716 914 5776 ιη’
935 5721 1065 5777 Sion
1096 5732 1291 5789 magno
1329 5727 1385 5775 et
1423 5716 1689 5786 judicium
1729 5726 1786 5774 et
1822 5716 1910 5785 ju-
2019 5716 2249 5774 alteram
2282 5717 2349 5772 ad
2386 5717 2590 5773 calcem
2624 5716 2873 5787 rejicere.
