3962 6262
245 427 347 486 ω

1322 400 1671 489 utALocus
1701 430 1847 488 cum
1886 429 2259 489 rnrruons
2293 430 2559 489 morso.
2598 388 2613 397 ﬂ

3454 389 3591 493 ’σέο

256 552 315 606 lit
342 545 449 603 τῶν
485 546 680 602 ἄλλων
707 540 798 603 ὧν
829 553 1125 623 προεῖπον
1159 552 1357 623 ὁμοίως
1407 553 1496 607 διά
1556 553 1722 607 Δαὸὶδ
1754 552 1905 607 λελέ-

2014 552 2137 607 Fiat
2168 552 2236 605 ⁸⁸.
2272 572 2289 604 ι
2320 550 2455 606 Aliis
2494 551 2657 607 etiam
2703 564 2770 603 ex
2803 518 2987 606 verbis
3020 518 3231 622 pariter
3362 551 3591 620 Davidc,

266 641 383 715 χθαι
400 640 615 711 λόγων,
642 643 741 697 ὅτι
772 646 888 698 ἀπ’
918 645 1122 718 ἄκρων
1143 646 1250 701 τῶν
1273 647 1519 720 οὐρανῶν
1547 647 1905 720 προέρχεσθαι

2020 654 2081 698 ιιι
2110 658 2274 714 supra
2303 642 2441 709 dixi,
2487 642 2874 713 pronuntiatis,
2927 642 3170 699 futurum
3218 643 3408 711 fuisse,
3467 657 3527 705 ut
3562 663 3596 703 ε

277 734 508 807 ιμελλεν,
545 736 649 788 καὶ
685 736 874 791 πάλιν
934 742 1021 805 εἰς
1058 741 1187 805 τοὺς
1224 740 1420 804 αὐτοὺς
1472 741 1671 805 τόπους
1708 741 1913 794 ἀνιέναι

285 824 565 896 ὶμηνύετο,
601 825 1062 901 ἀναμνήσθητε,
1092 830 1181 884 ἵνα
1204 830 1298 884 καὶ
1319 830 1452 883 Θεὸν
1481 828 1689 884 ἀνωθεν
1723 830 1916 902 προελ-

287 918 461 977 θόντα.
496 918 602 971 καὶ
638 917 963 990 ἄνθρωπον
998 924 1060 975 ὲν
1089 921 1397 994 ἀνθρώποις
1434 922 1730 993 γενόμενον
1772 940 1914 991 γνω-

292 1010 467 1083 ρίσητε
486 1029 500 1041 ’
546 1012 653 1064 καὶ
678 1012 859 1066 πάλιν
900 1014 1115 1068 ἐκεῖνον
1136 1014 1669 1087 παραγενησόμενον,
1691 1013 1752 1067 δν
1783 1017 1915 1086 όρᾷν

294 1102 546 1174 μέλλουσι
597 1102 709 1157 καὶ
759 1105 1076 1161 κόπτεσθαι
1135 1109 1183 1160 οἱ
1245 1106 1671 1177 ὲκκεντήσαντες
1720 1106 1906 1159 αὐτόν.

292 1194 407 1248 Εἰσὶ
436 1193 495 1247 δὲ
526 1186 692 1250 οὗτοι
713 1212 730 1225 ·
776 1215 797 1248 ι
838 1198 905 1250 Ui
939 1197 1165 1270 ούρανοὶ
1196 1196 1508 1268 διηγοῦνται
1540 1198 1699 1264 δόξαν
1732 1199 1869 1253 Θεοῦ
1894 1215 1908 1228 ·

295 1285 511 1357 ποίησιν
547 1286 612 1341 δὲ
673 1288 893 1360 χειρῶν
924 1289 1092 1343 αὐτοῦ
1141 1290 1463 1359 ἀναγγέλλει
1507 1290 1568 1345 τὸ
1603 1290 1911 1362 στερέωμα.

308 1378 525 1451 Ἡμέρα
574 1381 649 1450 τῇ
713 1380 913 1451 ἡμέρα
970 1382 1257 1455 ἐρεύγεται
1316 1382 1489 1454 ρἧα,
1538 1382 1634 1437 καὶ
1690 1382 1787 1451 νὺξ
1839 1386 1910 1455 τῇ

296 1471 449 1524 νυκτὶ
469 1471 817 1540 ἀναγγέλλει
832 1472 1056 1541 γνῶσιν.
1078 1474 1192 1528 Ούκ
1212 1476 1317 1527 εἰσὶ
1337 1474 1519 1529 λαλιαῖ
1539 1475 1660 1529 οὐδὲ
1675 1476 1823 1548 λόγοι
1840 1472 1916 1531 ὧν

293 1564 415 1633 οὖχῖ
446 1562 761 1618 ἀκούονται
795 1567 855 1618 αῖ
895 1566 1073 1635 φωναὶ
1100 1567 1297 1621 αὐτῶν.
1330 1568 1425 1633 Είς
1466 1570 1647 1623 πᾶσαν
1678 1569 1776 1641 τὴν
1805 1568 1913 1641 γῆν

300 1653 522 1724 ὲξῆλθεν
557 1657 589 1709 6
626 1654 882 1725 φθόγγος
916 1656 1119 1721 αὐτῶν,
1170 1660 1264 1712 καλ⁹
1310 1660 1390 1723 είς
1437 1660 1505 1714 τά
1555 1660 1771 1732 πέρατα
1814 1659 1915 1730 τῆς

296 1746 637 1818 οἰκουμένης
674 1746 751 1801 τὰ
788 1749 1014 1819 ῥήματα
1047 1748 1245 1803 αὐτῶν.
1285 1750 1372 1803 Ἐν
1401 1748 1480 1821 τῷ
1512 1749 1651 1821 ἡλίῳ
1681 1749 1832 1803 ἔθετο
1857 1749 1917 1802 τὸ

305 1838 570 1908 σκήνωμα
604 1836 787 1890 αὑτοῦ
808 1853 824 1866 ·
857 1838 955 1889 καὶ
987 1838 1173 1902 αὐτὸς,
1226 1838 1301 1902 ὠς
1348 1840 1581 1911 νυμφίος
1617 1839 1916 1912 ἐκπορευό-

2017 752 2232 791 summo
2291 735 2436 790 coelo
2498 734 2945 803 progrederetur,
3008 736 3235 807 ejusque
3293 739 3347 794 in
3402 739 3593 794 eadem

2016 826 2135 883 loca
2199 827 2430 882 indicari
2487 826 2722 881 reditum
2786 828 3193 895 recordamini;
3248 838 3308 884 ut
3347 830 3496 885 illum
3537 841 3591 885 et

2020 918 2188 972 Deum
2214 933 2245 973 e
2268 917 2415 973 caelo
2449 920 2715 987 prodiisse
2745 930 2798 975 et
2841 920 3117 975 hominem
3159 921 3303 976 inter
3342 921 3596 976 homines

2017 1006 2222 1061 factum
2280 1021 2403 1062 esse
2457 1010 2789 1077 agnoscatis,
2840 1023 2907 1063 ac
2960 1024 3154 1064 rursus
3202 1010 3589 1074 adventurum,

2016 1114 2178 1168 quem
2208 1098 2427 1169 quidem
2454 1100 2718 1155 videbunt
2746 1109 2802 1155 et
2831 1101 3089 1173 plangent
3115 1102 3205 1172 qui
3239 1102 3390 1157 illum
3419 1116 3595 1171 pupu-

2015 1199 2236 1261 gerunt.
2279 1191 2560 1261 Ejusmodi
2601 1202 2732 1247 sunt
2781 1193 2897 1249 haec
2938 1196 3106 1250 verba
3149 1214 3162 1250 :
3198 1214 3216 1248 ι
3265 1194 3400 1251 ϐιοιί
3432 1210 3593 1251 enar—

2018 1291 2143 1337 rant
2178 1282 2407 1352 gloriam
2439 1282 2557 1349 Dei,
2593 1292 2649 1339 et
2679 1299 2815 1353 opus
2850 1302 3106 1340 manuum
3140 1285 3262 1355 ejus
3302 1288 3594 1361 annuntiat

2016 1376 2448 1432 firmamentum.
2477 1376 2605 1432 Dies
2653 1378 2758 1433 diei
2813 1389 3031 1434 eructat
3081 1380 3332 1445 verbum,
3390 1390 3447 1435 et
3482 1395 3587 1436 nox

2016 1468 2162 1525 nocti
2187 1468 2479 1525 annuntiat
2504 1469 2813 1523 scientiam.
2842 1468 2961 1524 Non
2983 1480 3111 1525 sunt
3137 1468 3390 1539 loquelae,
3414 1486 3592 1540 neque

2017 1575 2323 1625 sermones,
2357 1576 2588 1631 quorum
2619 1576 2726 1613 non
2764 1560 3061 1616 audiantur
3101 1576 3267 1618 voces
3295 1577 3506 1620 eorum.
3534 1561 3590 1617 In

2014 1666 2231 1707 omnem
2262 1661 2466 1707 terram
2493 1653 2665 1706 exivit
2687 1668 2853 1707 sonus
2876 1668 3089 1719 eorum,
3136 1665 3193 1710 et
3238 1655 3290 1709 in
3329 1654 3466 1709 ﬁnes
3495 1670 3590 1729 or-

2014 1740 2100 1798 bis
2132 1750 2293 1798 terra:
2318 1742 2485 1798 verba
2508 1759 2717 1799 eorum.
2746 1743 2803 1798 in
2828 1744 2946 1799 sole
2970 1746 3153 1815 posuit
3182 1745 3593 1801 tabernaculum

2014 1850 2172 1890 suum
2189 1853 2204 1890 :
2220 1846 2276 1891 et
2302 1836 2418 1906 ipse
2434 1843 2691 1905 tanquam
2707 1850 2940 1906 Sponsus
2951 1839 3255 1905 procedens
3270 1839 3338 1894 de
3355 1837 3593 1896 thalamo

309 1944 461 1997 μενος
499 1930 569 1980 ὲκ
594 1928 817 1983 παστοῦ
848 1930 1036 1993 αὐτοῦ,
1065 1930 1452 1999 ἀγαλλιάσεται
1483 1931 1561 1995 ὡς
1593 1931 1756 1999 γίγας
1775 1931 1905 2002 δρα-

2015 1925 2444 1989 suo.exsultabit
2464 1936 2521 1980 ut
2547 1926 2783 1995 gigasjad
2801 1929 3125 1982 currendam
3150 1928 3315 1995 viam;
3332 1946 3361 1984 a
3376 1946 3592 1988 summo

311 2021 424 2086 μεῖν
456 2018 582 2071 ὁδόν
607 2036 622 2049 ·
663 2020 766 2073 ἀπ’
801 2020 975 2092 ἄκρου
1010 2021 1105 2075 τοῦ
1159 2022 1386 2095 ούρανοῦ
1442 2024 1474 2093 ή
1508 2021 1684 2087 ἔξοδος
1715 2020 1901 2085 αὐτοῦ,

309 2109 400 2162 καὶ
428 2110 490 2163 τὸ
512 2110 856 2183 κατάντημα
878 2112 1045 2166 αὐτοῦ
1075 2113 1181 2176 ἕως
1207 2114 1376 2187 ἄκρου
1403 2113 1498 2167 τοῦ
1531 2114 1784 2185 ούρανοῦ,
1810 2114 1905 2168 καὶ

307 2202 402 2255 οὒκ
429 2202 579 2255 ἔστιν
614 2202 677 2267 ὃς
718 2205 1169 2276 ἀποκρυϐήσεται
1203 2207 1299 2277 τῆς
1341 2206 1553 2279 Θέρμης
1585 2207 1774 2261 αὑτοῦ.
1808 2225 1827 2259 ι

375 2293 462 2347 65.
493 2296 611 2348 Καὶ
639 2297 670 2349 6
707 2296 946 2369 Τρύφων
978 2298 1082 2369 ἔφη
1106 2316 1119 2329 ·
1158 2299 1290 2352 Ὑπὸ
1323 2298 1429 2353 τῶν
1468 2300 1734 2355 τοσούτων
1765 2301 1907 2373 Γραο

308 2384 420 2454 φῶν
443 2387 905 2457 δυσωπούμενος,
934 2390 1034 2444 οὐκ
1064 2387 1180 2445 οἶδα
1207 2392 1258 2443 τί
1288 2391 1373 2461 φῶ
1403 2393 1533 2465 περὶ
1555 2393 1654 2465 τῆς
1682 2394 1721 2445 Γ
1728 2395 1905 2466 ραφῆς

294 2472 375 2548 ’ἦν
407 2478 511 2551 ἔφη
536 2479 801 2549 Ἡσαΐας,
838 2480 960 2533 καθ’
982 2482 1048 2553 ἢν
1084 2484 1114 2535 6
1146 2482 1276 2548 Θεὸς
1310 2483 1485 2538 οὐδενὶ
1518 2484 1692 2556 ἑτέρῳ
1724 2485 1907 2539 δοῦναι

311 2571 404 2641 τὴν
434 2571 601 2638 δόξαν
638 2572 809 2625 αὐτοῦ
845 2571 1015 2641 λέγει,
1044 2574 1218 2638 οὕτως
1271 2574 1473 2628 εἰπών·
1530 2594 1549 2627 ι
1607 2576 1749 2646 Ἐγὼ
1796 2577 1909 2632 Κύ-

314 2678 423 2734 ριος
454 2667 485 2717 6
511 2663 654 2729 Θεός
673 2683 688 2696 ·
728 2664 888 2719 τοῦτό
925 2684 1025 2737 μου
1051 2667 1223 2739 δνομα
1240 2686 1253 2699 ·
1291 2668 1391 2740 τὴν
1416 2667 1573 2733 δόξαν
1597 2687 1702 2740 μου
1734 2670 1908 2744 ἑτέρῳ

310 2756 371 2810 οὐ
406 2756 482 2827 μὴ
515 2756 705 2821 δώσω,
732 2758 855 2811 οὐδὲ
890 2759 989 2824 τὰς
1021 2761 1224 2831 ἀρετάς
1260 2779 1385 2830 μου.
1432 2782 1451 2813 ι

380 2848 560 2916 Κάγώ
577 2866 592 2878 ·
628 2850 696 2902 Ei
720 2851 821 2922 μὲν
844 2850 1031 2915 ἁπλῶς
1055 2852 1150 2904 καὶ
1179 2853 1251 2925 μὴ
1281 2854 1419 2924 μετὰ
1446 2856 1643 2920 κακίας
1686 2855 1908 2923 τούτους

312 2942 435 3005 τοὺς
461 2942 664 3009 λόγους
692 2941 890 3007 είπὼν,
928 2944 1215 3016 ὲσίγησας,
1249 2938 1297 2996 ῶ
1328 2945 1584 3017 Τρύφων,
1619 2948 1758 3018 μήτε
1784 2948 1909 3012 τοὺς

314 3033 419 3104 πρὸ
452 3033 643 3087 αὐτῶν
693 3034 991 3105 προειπὼν,
1044 3036 1182 3106 μήτε
1242 3038 1368 3101 τοὺς
1411 3038 1910 3104 ἐπακολουθοῦντας

313 3125 585 3195 συνάψας,
619 3126 977 3194 συγγνωστὸς
1012 3124 1093 3180 εῐ·
1136 3129 1185 3180 εί
1214 3128 1272 3180 δὲ
1323 3129 1482 3202 χάριν
1516 3130 1610 3184 τοῦ
1667 3130 1910 3202 νομίζειν

304 3219 577 3275 δύνασθαι
610 3222 697 3285 είς
730 3220 967 3291 ἀπορίαν
988 3219 1276 3290 ἐμϐάλλειν
1313 3222 1406 3274 τὸν
1438 3221 1617 3291 λόγον,
1669 3223 1736 3276 ἵν’
1771 3224 1909 3277 εἴπω

312 3312 564 3375 ιναντίας
624 3306 771 3365 εἶναι
816 3312 916 3377 τὰς
964 3312 1187 3385 Γραφάς
1221 3312 1499 3385 ἀλλήλαις,
1540 3315 1904 3387 πεπλάνησαι.

310 3404 388 3455 οι»
420 3403 534 3473 γὰρ
564 3402 828 3474 τολμήσω
850 3404 1008 3457 τοῦτό
1034 3406 1217 3475 ποτεῆ
1245 3404 1613 3477 ἐνθυμηθῆναι
1643 3406 1676 3478 ἢ
1700 3409 1874 3461 εἰπεῖν
1891 3425 1903 3438 -

308 3494 425 3548 ἀλλ’
451 3494 555 3547 ἐὰν
582 3494 811 3565 τοιαύτη
845 3511 929 3559 τις
953 3494 1186 3549 δοκοῦσα
1213 3491 1353 3550 εἶναι
1382 3497 1573 3569 Γραφὴ
1598 3498 1902 3571 πωδληθῇ’

310 3588 406 3640 καὶ
460 3587 746 3659 πρόφασιν
783 3588 857 3657 (7)
901 3586 999 3660 ἔχῃ
1031 3585 1107 3650 ὡς
1143 3588 1362 3641 ἐναντία
1420 3586 1575 3654 οὖσα,
1613 3593 1678 3644 ὲκ
1711 3592 1909 3655 παντὸς

308 3679 711 3749 πεπεισμένος,
745 3680 828 3732 ὅτι
861 3677 1087 3750 οὐδεμία
1119 3678 1311 3751 Γραφὴ
1356 3683 1422 3753 τῇ
1475 3681 1641 3753 ἑτέρα
1686 3682 1908 3736 ἐναντία

308 3772 484 3836 ιστὶν,
522 3771 691 3835 αὐτὸς
728 3769 804 3841 μὴ
838 3773 979 3823 νοεῖν
1018 3771 1218 3841 μᾶλλον
1261 3773 1581 3843 ὁμολογήσω
1634 3773 1702 3827 τὰ
1754 3776 1907 3846 είρη-

315 3864 478 3932 μένα,
516 3863 614 3915 καὶ
648 3862 776 3923 τοὺς
824 3860 1068 3925 ἐναντίας
1107 3861 1204 3926 τὰς
1238 3863 1462 3935 Γραφάς
1495 3863 1908 3935 ὑπολαμϐάνον-

308 3970 412 4017 τας
468 3955 531 4007 τὸ
565 3954 701 4005 αὐτὸ
734 3957 951 4024 φρονεῖν
1007 3954 1207 4024 μᾶλλον
1248 3958 1373 4025 ἐμοὶ
1414 3960 1595 4010 πεῖσαι
1642 3958 1909 4026 ἀγωνίσο-

314 4062 442 4117 μαι.
476 4046 674 4107 Ὅπως
691 4042 735 4097 δ’
774 4044 839 4096 ἂν
862 4038 927 4117 ᾗς
955 4044 1319 4116 προτεθεικὼς
1345 4047 1405 4100 τὸ
1428 4046 1745 4119 πρόϐλημα,
1777 4049 1906 4112 Θεὸς

314 4136 632 4188 ἐπίσταται.
684 4132 824 4201 Ἐγὼ
855 4132 912 4186 δὲ
957 4133 1033 4197 ὡς
1078 4134 1292 4207 εἴρηται
1337 4138 1366 4189 ὁ
1403 4134 1561 4205 λόγος
1606 4138 1908 4208 ἀναμνήσω

312 4222 486 4293 ὑμᾶς,
524 4225 680 4286 ὅπως
712 4223 810 4275 καὶ
848 4220 908 4287 ἐξ
940 4222 1105 4276 αὑτοῦ
1158 4223 1347 4278 τούτου
1378 4226 1686 4299 γνωρίσητε
1732 4228 1815 4281 δτι
1877 4230 1907 4282 ό

309 4314 447 4378 Θεὸς
498 4313 578 4384 τῷ
632 4314 856 4385 Χριστῷ
902 4313 1068 4368 αὐτοῦ
1122 4316 1270 4387 μόνῳ
1321 4316 1418 4388 τὴν
1463 4316 1621 4383 δόξαν
1670 4318 1901 4373 δίδωσιν.

327 4406 709 4477 ’Δναλήψομαι
754 4406 812 4457 δὲ
865 4404 1089 4477 βραχεῖς
1142 4407 1292 4472 τινάς
1337 4407 1550 4477 λόγους,
1604 4402 1651 4462 ὧ
1691 4410 1904 4483 ἀνδρες,

308 4502 440 4563 τοὺς
469 4503 530 4552 ἐν
566 4498 835 4569 ωναφεέᾳ
868 4499 976 4553 τῶν
1005 4499 1312 4571 εἰρημένων
1337 4500 1445 4553 ὑπὸ
1472 4500 1564 4555 τοῦ
1589 4502 1902 4575 Τρύφωνος,

1936 3269 1980 3327 C

2006 2018 2145 2073 coelo
2168 2019 2411 2090 egressio
2440 2019 2580 2088 ejus.
2608 2020 2674 2074 Et
2696 2034 2959 2074 occursus
2982 2020 3099 2089 ejus
3122 2036 3293 2089 usque
3318 2022 3389 2077 ad
3442 2038 3592 2079 sum-

2006 2124 2153 2165 mum
2177 2110 2299 2165 coeli
2318 2130 2330 2165 :
2351 2124 2452 2165 nec
2477 2124 2559 2165 eSt
2578 2111 2672 2181 qui
2692 2126 2750 2165 se
2772 2111 3066 2165 abscondat
3086 2127 3115 2164 a
3135 2112 3316 2168 calore
3333 2112 3451 2181 ejus
3472 2115 3539 2168 ".
3563 2133 3584 2167 ι

2076 2200 2166 2255 65.
2197 2198 2393 2270 Objia‘t
2418 2199 2643 2254 Judwus
2669 2197 2835 2254 Deum
2866 2215 3024 2254 suum
3054 2202 3279 2268 gloriam
3302 2204 3459 2259 alteri
3486 2222 3591 2259 ut.»

2007 2293 2155 2349 dare.
2180 2292 2378 2349 Locum
2404 2293 2631 2364 explicat
2656 2292 2925 2350 Justinus.
2949 2323 3018 2335 —
3050 2296 3150 2352 llic
3195 2298 3414 2369 Trypho
3442 2319 3456 2355 :
3488 2299 3591 2355 Tot

2009 2385 2441 2456 Scripturarum,
2473 2386 2672 2457 inquit,
2702 2386 3031 2442 auctoritate
3073 2402 3377 2460 permotus,
3407 2393 3589 2450 incer-

2011 2487 2097 2533 tus
2124 2494 2244 2533 sum
2277 2480 2445 2534 animi
2478 2482 2606 2549 quid
2644 2481 2709 2533 de
2753 2478 2843 2533 illa
2904 2480 3187 2551 Scriptura
3241 2484 3447 2553 dicam,
3484 2504 3589 2558 qua

2009 2571 2152 2627 Deus
2174 2573 2314 2642 apud
2352 2570 2544 2628 Isaiam
2581 2573 2713 2628 nulli
2742 2574 2836 2629 alii
2879 2576 3113 2645 gloriam
3146 2594 3300 2633 suam
3334 2579 3590 2636 datu-rum

2009 2676 2074 2720 se
2096 2680 2222 2720 esse
2251 2666 2498 2721 declarat
2522 2668 2611 2724 his
2638 2671 2823 2724 verbis
2852 2689 2867 2724 :
2904 2689 2922 2722 ι
2955 2669 3071 2743 Ego
3112 2673 3373 2729 Dominus
3401 2673 3543 2730 Deus
3572 2693 3588 2733 :

2009 2757 2115 2813 hoc
2159 2772 2357 2813 nomen
2404 2774 2625 2816 meum:
2678 2771 2734 2816 et
2780 2762 3008 2831 gloriam
3053 2780 3229 2821 meam
3276 2767 3433 2823 alteri
3483 2784 3593 2825 non

2010 2849 2173 2914 dabo,
2199 2864 2372 2919 neque
2397 2852 2627 2907 virtutes
2667 2870 2819 2910 meas
2848 2856 2915 2910 ⁸⁷.
2945 2876 2964 2910 ι

2081 2942 2271 3014 Atego
2298 2960 2313 2999 :
2344 2943 2399 2999 Si
2426 2946 2776 3016 simpliciter,
2808 2949 3054 3017 inquam,
3083 2967 3148 3007 ac
3169 2954 3306 3008 citra
3334 2954 3591 3027 maligni-

2011 3042 2178 3091 tatem
2207 3037 2295 3091 his
2321 3038 2502 3093 verbis
2543 3039 2787 3094 recitatis
2824 3044 3159 3112 conticuisti,
3198 3044 3444 3115 Trypho,
3489 3064 3590 3102 nec

2011 3141 2073 3182 ea
2100 3129 2356 3197 prail'atus
2379 3145 2499 3199 qme
2523 3132 2855 3200 praecedunt,
2889 3148 2987 3188 nec
3014 3150 3135 3203 quae
3173 3147 3600 3205 consequuntur,

2013 3220 2383 3292 subjungens;
2412 3224 2504 3277 tibi
2538 3224 2741 3294 ignosci
2783 3234 2979 3293 potest.
3016 3226 3110 3281 Sin
3144 3236 3327 3282 autem
3364 3228 3433 3283 ob
3459 3245 3580 3284 eam

2015 3328 2261 3379 causam,
2308 3316 2453 3383 quod
2504 3325 2555 3368 te
2603 3315 3010 3371 existimaveris
3059 3318 3486 3387 disputationem
3527 3324 3626 3379 in.

2012 3412 2109 3456 eas
2168 3403 2445 3472 angustias
2520 3403 2801 3474 conjicere
2832 3421 3015 3475 posse,
3061 3416 3122 3462 ut
3152 3407 3471 3479 Scripturas
3499 3413 3586 3467 in-

2013 3502 2098 3550 ter
2126 3508 2187 3550 se
2212 3495 2451 3551 dicerem
2476 3511 2755 3567 pugnare;
2792 3498 3011 3553 errasti.
3036 3498 3092 3555 ld
3116 3501 3265 3556 enim
3304 3518 3583 3574 nunquam
3616 3556 3619 3559 λ

2010 3587 2223 3641 audebo
2244 3601 2345 3641 nec
2371 3589 2611 3658 cogitare
2643 3602 2744 3643 nec
2776 3588 2994 3657 dicere;
3037 3593 3132 3647 scd
3164 3594 3210 3648 si
3246 3610 3353 3665 qua
3388 3610 3584 3665 μνορο-

2011 3687 2173 3732 natur
2219 3679 2523 3749 Scriptura,
2556 3696 2677 3750 qua:
2725 3682 2997 3752 ejusmodi
3039 3700 3163 3741 esse
3211 3688 3487 3755 videatur,
3532 3698 3590 3745 et

2010 3780 2355 3840 praetextum,
2388 3773 2541 3842 quasi
2567 3783 2712 3827 esset
2759 3773 2918 3829 alteri
2964 3777 3265 3843 contraria,
3313 3782 3585 3850 praebeat;

2011 3878 2136 3918 cum
2160 3880 2479 3933 persuasum
2513 3867 2744 3923 habeam
2779 3869 2982 3923 nullam
3029 3870 3372 3941 Scripturam
3423 3874 3585 3929 alteri

2009 3954 2339 4009 contrariam
2365 3971 2508 4022 esse,
2537 3958 2753 4013 fatebor
2777 3960 2955 4028 potius
2999 3975 3085 4015 me
3127 3976 3234 4015 non
3278 3962 3589 4034 intelligere

2008 4060 2130 4114 qua:
2154 4045 2431 4114 dicuntur,
2475 4058 2531 4103 et
2566 4052 2652 4117 iis,
2685 4051 2778 4119 qui
2832 4051 3148 4121 Scripturas
3199 4054 3347 4108 inter
3385 4070 3447 4111 se
3491 4072 3587 4126 pu—

2008 4152 2180 4208 gnare
2207 4141 2575 4211 suSpicantur,
2606 4154 2663 4197 ut
2711 4144 2854 4198 idem
2882 4145 3064 4212 potius
3090 4160 3155 4200 ac
3183 4161 3288 4215 ego
3325 4150 3586 4213 sentiant,

2008 4233 2336 4299 persuadere
2357 4237 2623 4289 conabor.
2664 4235 2783 4304 Quo
2810 4244 2992 4291 autem
3045 4238 3229 4293 animo
3255 4238 3401 4295 hanc
3437 4255 3585 4310 qua:-

2008 4323 2237 4378 stioneni
2258 4328 2525 4394 posueris,
2543 4330 2692 4382 novit
2718 4330 2880 4383 Deus.
2906 4329 3019 4400 Ego
3041 4340 3222 4385 autem
3243 4331 3581 4404 Scripturam

2009 4417 2182 4481 vobis,
2208 4419 2282 4471 ita
2310 4428 2368 4471 nt
2407 4435 2670 4488 expressa
2707 4430 2810 4488 est,
2857 4422 2909 4476 in
2954 4424 3273 4479 memoriam
3314 4426 3582 4496 redigam,

2008 4520 2070 4563 ut
2091 4509 2257 4563 etiam
2284 4525 2350 4566 ex
2374 4510 2478 4565 hac
2507 4514 2852 4583 cognoscatis
2894 4516 3065 4569 Deum
3104 4516 3204 4571 soli
3239 4515 3461 4572 Christo
3485 4534 3585 4573 suo

312 4593 409 4643 καί
440 4592 571 4654 10-3;
590 4590 795 4660 ὁμοίως
814 4591 1194 4662 συνημμένους
1216 4592 1335 4645 κατ’
1352 4592 1803 4666 ἐπακολούθησιν.
1824 4597 1901 4649 Οὐ

2013 4599 2240 4669 gloriam
2292 4601 2448 4656 dare.
2501 4602 2797 4660 Resumam
2851 4618 3032 4662 autem
3097 4623 3265 4678 pauca
3331 4612 3582 4678 quaedam

312 4682 424 4752 γὰρ
451 4681 514 4745 ἐξ
540 4682 740 4751 ἐτέρας
774 4682 1082 4752 περικοπῆς
1097 4683 1295 4747 αὐτοὺς
1330 4684 1459 4753 ἐρῶ,
1485 4685 1711 4757 ἀλλ’ύφ’
1742 4687 1799 4740 ἓν
1833 4687 1909 4753 ὥς

312 4779 419 4830 nisi.
454 4774 841 4845 συνημμένοι·
878 4776 973 4827 καὶ
1004 4776 1163 4846 ὑμεῖς
1207 4778 1298 4830 τὸν
1336 4778 1461 4832 νοῦν
1507 4780 1748 4851 χρήσατέ
1786 4799 1900 4852 μοι.

316 4870 435 4922 Εἰσὶ
466 4869 525 4922 δὲ
549 4865 697 4922 οὗτοι
716 4886 731 4899 ο
764 4888 781 4919 ι
825 4868 982 4923 Οῦτω
1013 4870 1162 4940 λέγει
1198 4871 1400 4944 Κύριος
1421 4874 1449 4926 ό
1480 4873 1657 4937 Θεὸςό
1676 4877 1906 4947 ποιήσας

313 4963 404 5014 τὸν
418 4963 485 5015 ού
496 4962 656 5032 ρανὸν
680 4962 776 5013 καὶ
794 4962 971 5032 πήξας
996 4963 1175 5026 αὐτὸν,
1199 4966 1228 5018 ὁ
1251 4963 1556 5036 περεὼσας
1576 4966 1673 5038 τὴν
1689 4967 1792 5038 γῆν
1813 4968 1907 5020 καὶ

312 5052 380 5106 τὰ
402 5056 459 5105 ἐν
487 5054 652 5124 αὐτῇ,
668 5053 765 5106 καὶ
785 5052 959 5118 διδοὺς
983 5056 1148 5127 πνοὴν
1174 5056 1251 5128 τῷ
1269 5056 1383 5128 λαῷ
1398 5057 1476 5129 τῷ
1494 5058 1579 5110 ἐπ’
1597 5059 1787 5130 αὐτῆς,
1809 5060 1904 5117 καὶ

311 5145 540 5215 πνεῦμα
572 5149 687 5208 τοῖς
722 5147 985 5200 πατοῦσιν
1014 5149 1207 5220 αὑτήν.
1252 5149 1394 5219 Ἐγὼ
1450 5149 1654 5225 Κύριος
1709 5152 1738 5204 ό
1769 5150 1903 5217 Θεὸς

313 5236 553 5291 ἐκάλεσά
590 5253 653 5289 σε
681 5239 739 5289 έν
770 5237 1107 5312 δικαιοσύνῃ,
1150 5242 1243 5294 καὶ
1271 5241 1530 5316 κρατήσω
1574 5241 1673 5311 τῆς
1718 5242 1900 5314 χειρός

311 5346 430 5394 σου,
466 5332 562 5383 καὶ
600 5330 807 5400 ίσχύσω
841 5347 903 5383 σε
924 5348 937 5360 ·
968 5332 1063 5385 καὶ
1097 5331 1274 5387 ἔδωκά
1299 5351 1359 5387 σε
1388 5335 1466 5398 είς
1514 5332 1774 5405 διαθήκην
1802 5333 1897 5403 γέ-

310 5440 455 5486 νους,
476 5427 556 5486 εἰς
576 5424 694 5491 φῶς
722 5422 912 5489 ἐθνῶν,
946 5422 1153 5488 ἀνοῖξαι
1178 5424 1488 5495 ὀφθαλμοὺς
1517 5425 1755 5494 τυφλῶν,
1790 5426 1907 5490 ὲξαυ

311 5519 504 5583 γαγεῖν
537 5517 605 5567 ἐκ
632 5514 847 5586 δεσμῶν
883 5515 1312 5587 πεπεδημένους,
1331 5518 1424 5569 καὶ
1455 5516 1515 5580 ἐξ
1547 5515 1697 5570 οἴκου
1737 5518 1903 5587 φυλα-

2012 4693 2203 4756 verba,
2230 4709 2262 4747 ο
2284 4693 2409 4761 viri,
2437 4709 2503 4749 ex
2551 4696 2748 4766 quibus
2776 4712 2863 4763 ea,
2911 4714 3033 4771 quae
3077 4699 3301 4768 protulit
3340 4700 3580 4771 Trypho,

2010 4800 2149 4839 nexa
2177 4793 2231 4839 et
2254 4787 2572 4843 continuata
2598 4801 2764 4857 sunt;
2792 4791 2988 4846 deinde
3033 4806 3093 4846 ea
3140 4792 3412 4858 similiter,
3462 4808 3583 4865 qua:

2007 4878 2396 4933 consecutione
2438 4878 2729 4948 conjuncta
2771 4892 2921 4937 sunt.
2971 4881 3158 4953 Neque
3199 4884 3344 4938 enim
3378 4886 3485 4939 alio
3515 4902 3580 4942 cx

2009 4968 2128 5024 loco
2159 4968 2461 5040 proferam,
2490 4972 2586 5028 sed
2617 4974 2692 5029 ita
2722 4983 2781 5029 ut
2811 4990 2875 5029 se
2902 4975 3129 5043 habent,
3163 4979 3213 5030 in
3246 4994 3414 5032 unum
3442 4994 3576 5033 nexa

2007 5068 2063 5113 et
2083 5059 2443 5117 cohaerentia.
2470 5061 2548 5117 Ac
2569 5077 2666 5118 vos
2691 5063 2825 5118 mihi
2857 5065 3100 5119 animum
3127 5066 3417 5120 advertite.
3442 5065 3582 5120 Sunt

2005 5162 2187 5208 autem
2242 5152 2507 5222 ejusmodi
2574 5172 2589 5209 :
2648 5172 2667 5208 ι
2724 5155 2816 5211 Sic
2873 5157 3006 5211 dicit
3072 5142 3332 5214 Dominus
3396 5159 3577 5222 Deus,

2006 5245 2098 5316 qui
2157 5245 2283 5300 fecit
2322 5246 2549 5313 caelum,
2620 5257 2676 5303 et
2718 5248 2909 5304 detixit
2959 5251 3090 5305 illud
3119 5290 3134 5316 ,
3178 5252 3269 5320 qui
3340 5250 3580 5305 ﬁrmavit

2009 5345 2238 5402 terram,
2303 5346 2360 5391 et
2410 5354 2532 5407 qua:
2564 5338 2618 5393 in
2672 5354 2757 5405 ea.
2815 5349 2872 5395 et
2933 5342 3025 5410 qui
3061 5342 3154 5396 dat
3221 5341 3577 5411 spirationem

2006 5426 2204 5497 populo
2267 5428 2358 5501 qui
2400 5444 2564 5497 super
2614 5446 2756 5495 eam,
2818 5442 2876 5485 et
2931 5433 3183 5501 spiritum
3231 5432 3573 5489 calcantibus

2004 5534 2146 5573 eam.
2184 5520 2296 5592 Ego
2334 5523 2589 5577 Dominus
2642 5523 2783 5578 Deus
2825 5524 3013 5579 vocavi
3051 5534 3103 5581 te
3147 5524 3199 5580 in
3242 5528 3480 5597 justitia,
3520 5538 3576 5581 et

312 5606 418 5674 κῆς
442 5605 784 5675 καθημένους
812 5609 870 5661 ἐν
896 5607 1097 5659 σκότει.
1138 5606 1275 5675 Ἐγὼ
1298 5607 1500 5679 Κύριος
1515 5608 1540 5660 6
1555 5607 1686 5673 Θεός
1705 5626 1717 5637 ’
1743 5608 1901 5663 τοῦτό

2013 5611 2196 5666 Lenebo
2224 5614 2503 5668 dexteram
2533 5623 2701 5680 tuam,
2737 5623 2791 5669 et
2819 5616 3146 5672 confortabo
3185 5628 3239 5674 te
3275 5634 3287 5669 :
3322 5618 3482 5690 163
3517 5628 3572 5672 et

318 5713 421 5765 μω
493 5698 669 5768 ὄνομα
696 5715 711 5728 ο
760 5699 861 5771 τὴν
911 5698 1067 5763 δόξαν
1116 5716 1218 5773 μου
1266 5700 1438 5772 ἑτέρῳ
1481 5701 1541 5754 ού
1592 5702 1666 5772 μὴ
1719 5700 1894 5765 δώσω,

1998 5702 2122 5759 dedi
2154 5712 2205 5758 te
2235 5705 2285 5759 in
2322 5713 2705 5762 testamentum
2738 5710 2977 5779 generis,
3018 5711 3071 5766 in
3096 5710 3274 5768 lucem
3309 5715 3574 5783 gentium,
3609 5774 3614 5779 θ

385 5814 431 5843 ⁸³
466 5812 610 5872 Psal.
645 5831 769 5870 tut
793 5829 891 5885 per
924 5824 1118 5871 totum.
1195 5815 1239 5847 ⁸⁸
1266 5814 1404 5870 Psal.
1442 5832 1598 5883 xvm,
1634 5818 1761 5872 1-7.
1836 5818 1879 5849 δ’

2045 5835 2180 5884 χιιι,
2200 5819 2253 5875 8.

390 5934 466 6001 (7)
503 5934 836 6004 Πρόφασιν.
873 5937 987 5992 Duo
1014 5936 1231 5995 codices
1260 5952 1388 5994 mss.
1423 5937 1623 5995 habent
1650 5939 1718 5996 ad
1743 5942 1905 6011 marg

2013 5954 2043 5996 ιι
2087 5940 2381 6011 ύπόφασιν.
