3962 6262
462 354 568 418 337

1399 362 1454 419 S.
1489 361 1756 422 JUSTINI
1790 362 2201 420 PHILOSOPHI
2235 363 2321 419 ET
2356 362 2712 419 MARTYRIS

3596 368 3693 425 6‘18

465 482 532 535 ad
588 484 937 552 aperiendum
992 488 1180 545 oculos
1232 503 1521 554 caecorum,
1576 491 1643 563 ad
1695 492 2029 559 educendum

2138 492 2261 545 οὐδὲ
2290 491 2387 555 τὰς
2420 489 2619 562 ἀρετάς
2654 505 2756 560 μου
2801 488 2913 553 τοῖς
2948 487 3226 557 γλυπτοῖς.
3272 485 3350 545 Τὰ
3392 486 3485 540 ἀπ’
3531 488 3691 562 ἀρχῆς

466 574 535 627 de
588 577 818 633 vinculis
880 581 1121 645 vinctos,
1171 590 1225 634 et
1271 584 1338 635 de
1401 581 1560 635 domo
1616 582 1888 644 carceris,
1951 596 2039 635 se-

471 665 661 720 dentes
710 667 763 721 iu
821 669 1079 724 tenebris.
1127 671 1238 740 Ego
1275 671 1533 726 Dominus
1580 670 1745 735 Deus,
1777 671 1880 725 hoc
1942 686 2038 724 no-

467 771 591 809 men
640 772 859 813 meum:
897 759 1125 829 gloriam
1179 778 1355 816 meam
1411 761 1569 815 alteri
1626 779 1730 816 non
1757 762 1915 826 dabo,
1942 776 2039 817 ne-

464 859 576 914 que
604 847 833 904 virtutes
859 865 1007 905 meas
1034 852 1402 922 sculptilibus.
1434 852 1565 919 Quae
1600 855 1668 908 ab
1703 854 1881 918 initio,
1910 868 2039 909 ecce

463 939 729 1006 veniunt;
759 958 919 1008 nova,
951 960 1071 1014 qum
1091 960 1191 1015 ego
1217 946 1502 1010 annuntio,
1527 954 1581 999 et
1613 954 1903 1015 antequam
1940 961 2038 1000 an-

466 1032 803 1095 nnntientur,
832 1035 1176 1089 manifestata
1212 1045 1338 1090 sunt
1371 1037 1543 1093 vobis.
1580 1036 1772 1091 Canite
1808 1038 2037 1093 Domino

462 1123 739 1178 canticum
786 1140 1005 1188 novum,
1052 1129 1384 1197 principatus
1408 1127 1524 1196 ejus
1551 1143 1580 1181 a
1615 1143 1827 1184 summo
1852 1141 2032 1185 terrae.

464 1214 872 1272 Descendentcs
906 1218 959 1271 in
998 1236 1166 1283 mare,
1205 1230 1259 1274 et
1286 1223 1612 1292 navigantes
1658 1238 1898 1291 semper,
1952 1226 2041 1279 in-

471 1305 600 1359 sula:
618 1316 671 1360 et
691 1306 1027 1363 habitatores
1047 1325 1107 1363 ea
1119 1327 1257 1368 rum.
1278 1311 1509 1380 Lmtare,
1530 1315 1830 1378 desertum,
1847 1326 1902 1370 et
1931 1317 2034 1371 vici

464 1411 672 1460 eorum,
703 1410 758 1452 et
789 1400 961 1466 villae;
994 1412 1043 1454 et
1066 1402 1401 1459 habitatores
1421 1405 1596 1459 Cedar
1617 1406 2039 1472 ltetabuntur,et

468 1488 560 1555 qui
598 1489 849 1544 habitant
880 1492 931 1545 in
969 1502 1121 1560 petra
1154 1494 1220 1547 de
1261 1497 1576 1551 summitate
1619 1500 1881 1553 montium
1926 1501 2037 1555 ela-

466 1580 725 1646 mabnnt;
761 1582 967 1636 dabunt
996 1583 1104 1637 Deo
1130 1582 1395 1653 gloriam;
1428 1588 1661 1643 virtutes
1708 1590 1826 1658 ejus
1871 1590 1923 1644 in
1954 1591 2037 1643 in-

462 1673 596 1726 sulis
627 1674 975 1729 nuntiabunt.
1016 1676 1280 1732 Dominus
1316 1676 1461 1732 Deus
1496 1681 1759 1735 virtutum
1788 1683 2036 1753 egredie-

464 1774 574 1830 tur,
613 1776 863 1821 conteret
892 1768 1114 1835 bellum,
1143 1771 1405 1825 excitabit
1432 1773 1633 1837 zelum,
1679 1785 1732 1829 et
1774 1776 2036 1831 clamabit

2145 582 2252 635 ἰδοὺ
2284 582 2428 651 ήκειο
2466 580 2626 634 καινά
2647 580 2681 633 ἃ
2703 578 2812 649 ἐγὼ
2837 578 3169 648 ἀναγγέλλω,
3198 579 3289 632 καὶ
3314 579 3415 649 πρὸ
3432 579 3522 632 τοῦ
3541 581 3685 649 ἀναγ-

2138 675 2312 743 γεῖλαι
2340 673 2579 743 ἐδηλώθη
2614 674 2761 743 ὑμῖν.
2812 672 3118 743 ’Υμνήσατε
3152 670 3229 742 τῷ
3250 670 3365 742 Θεῷ
3395 671 3557 742 ὕμνον
3580 691 3692 725 και-

2138 768 2248 823 νόνο
2268 767 2408 840 ἀρχὴ
2431 765 2595 820 αὐτοῦ
2623 767 2715 819 ἀπ’
2744 766 2912 837 ἄκρου
2933 766 3029 837 τῆς
3059 765 3163 836 γῆς
3181 782 3192 794 ·
3225 765 3271 817 οἱ
3298 764 3693 829 καταϐαίνοντες

2106 844 2236 934 γτὴν
2270 860 2539 914 θάλασσαν
2584 859 2681 929 (8),
2732 858 2825 912 καὶ
2871 856 3121 920 πλέοντες
3165 857 3273 919 ἀεὶ,
3321 856 3471 926 νῆσοι
3516 856 3603 908 καὶ
3649 857 3693 910 ei

2138 954 2514 1017 κατοικοῦντες
2546 952 2733 1015 αὑτάς.
2769 949 3136 1020 Εὐφράνθητι,
3155 948 3376 1021 ἕρημος,
3395 950 3487 1002 καί
3512 951 3565 1001 αἱ
3592 948 3692 1000 κῶ-

2140 1063 2237 1115 μαι
2269 1044 2469 1107 αὐτῶν,
2505 1044 2597 1096 καὶ
2623 1045 2677 1095 αἱ
2702 1041 2975 1104 ἐπαύλεις,
2995 1041 3088 1093 καὶ
3120 1042 3167 1093 οἱ
3202 1041 3572 1103 κατοικοῦντες
3599 1040 3697 1110 Κηο

2136 1136 2240 1207 δὰρ
2287 1135 2779 1206 εὐφρανθήσονται,
2840 1132 2931 1185 καὶ
2976 1133 3023 1183 οἱ
3071 1128 3448 1193 κατοικοῦντες
3505 1130 3693 1200 πέτραν

2138 1230 2231 1283 ἀπ’
2265 1228 2434 1299 ἄκρου
2468 1227 2575 1280 τῶν
2608 1228 2779 1299 ὀρέων
2828 1225 3144 1295 βοήσονται·
3202 1222 3433 1277 δώσουσι
3470 1221 3545 1291 τῷ
3588 1220 3699 1292 Θεῷ

2136 1320 2292 1384 δόξαν
2312 1337 2323 1349 ·
2352 1319 2451 1385 τὰς
2479 1319 2679 1391 ἀρετὰς
2715 1318 2877 1372 αὐτοῦ
2900 1321 2957 1371 ἐν
2986 1319 3103 1381 ταῖς
3128 1317 3308 1385 νήσοις
3334 1313 3692 1383 ἀναγγελοῦσι.

2137 1416 2339 1484 Κύριος
2372 1415 2400 1466 ὁ
2433 1414 2564 1479 Θεὸς
2602 1411 2709 1467 τῶν
2755 1412 3035 1482 δυνάμεων
3082 1408 3443 1474 ἐξελεύσεται,
3494 1405 3692 1477 συντρί-

2135 1504 2225 1575 ψει
2259 1504 2515 1575 πόλεμον,
2550 1506 2803 1575 ἐπεγερεῖ
2834 1502 3011 1573 ζῆλον,
3050 1501 3140 1553 καὶ
3168 1500 3422 1571 βοήσεται
3464 1497 3552 1549 ἐπὶ
3581 1498 3697 1561 τοὺς

2134 1596 2361 1668 ἐχθροὺς
2398 1597 2516 1666 μετ’
2553 1596 2754 1667 ἰσχύος.
2799 1615 2817 1646 ι
2850 1597 2958 1649 Kal.
2991 1592 3162 1648 ταῦτα
3196 1589 3385 1655 εἰπὼν,
3416 1589 3547 1659 ἔφην
3572 1587 3695 1659 πρὸς

2135 1685 2331 1751 αὐτούς
2353 1703 2366 1716 ·
2404 1687 2733 1758 Νενοήκατε,
2763 1681 2806 1740 ὦ
2838 1685 2999 1755 φίλοι,
3036 1686 3115 1738 ὅτι
3140 1687 3167 1738 ὁ
3194 1683 3324 1746 Θεὸς
3352 1682 3497 1749 λέγει
3522 1678 3695 1732 δώσειν

2136 1778 2326 1849 τούτῳ,
2360 1778 2418 1831 ὃν
2451 1781 2529 1843 είς
2563 1779 2677 1861 φῶς
2712 1778 2879 1832 ἐθνῶν
2912 1778 3232 1847 κατέστησε,
3265 1774 3443 1840 δόξαν,
3478 1773 3566 1825 καὶ
3606 1772 3697 1825 οὐκ

462 1871 628 1926 super
662 1858 909 1914 inimicos
935 1876 1058 1915 cum
1112 1861 1433 1917 fortitudine
1458 1864 1524 1918 ⁸⁸.
1568 1884 1586 1917 ι
1636 1865 1731 1921 liis
1762 1868 2029 1939 recitatis,

2135 1844 2289 1941 ἄλλῳ-
2304 1871 2407 1924 τινί
2431 1888 2443 1900 ·
2476 1844 2590 1925 ἀλλξ
2623 1872 2721 1942 ούχ
2743 1872 2817 1935 ὡς
2851 1870 2954 1941 ἔφη
2983 1844 3235 1942 Τρύφων,
3269 1866 3344 1930 ὡς
3373 1863 3547 1935 ἐαυτῷ
3572 1879 3691 1918 κατ-

463 1951 535 2003 ita
559 1966 650 2005 eos
677 1954 994 2021 compellavi
1018 1972 1031 2007 :
1057 1954 1426 2023 lntellexistis,
1449 1957 1630 2020 amici,
1662 1957 1827 2012 Deum
1850 1959 2034 2014 decla-

2140 1962 2354 2034 έχοντος
2386 1963 2479 2018 τοῦ
2513 1963 2647 2017 Θεοῦ
2680 1964 2776 2035 τὴν
2803 1964 2991 2030 δόξαν;

388 2088 398 2101 .
465 2058 585 2097 rare
634 2059 755 2099 sese
804 2047 877 2110 ei,
914 2062 1075 2117 quem
1120 2049 1407 2102 constituit
1456 2050 1507 2102 iu
1535 2050 1707 2105 lucem
1730 2052 2116 2122 gentium,nec
2151 2057 2243 2111 ulli
2292 2057 2381 2111 alii
2418 2058 2644 2129 gloriam
2668 2060 2952 2125 daturum;
2991 2069 3333 2127 nequaquam
3376 2062 3557 2107 autem
3600 2048 3692 2105 sibi

463 2139 585 2206 ipsi,
612 2150 667 2191 ut
691 2141 824 2193 dixit
851 2141 1090 2212 Trypho,
1118 2143 1343 2211 gloriam
1378 2144 1547 2199 Deum
1577 2146 1855 2201 retinere?

530 2229 667 2283 Tum
699 2232 955 2303 Trypho:
1006 2234 1060 2288 ιιι
1110 2251 1357 2306 quoque,
1398 2238 1595 2306 inquit.
1643 2239 2029 2297 intelleximus.

457 2326 690 2378 Absolve
726 2327 888 2395 igitur
913 2344 1035 2397 qure
1063 2330 1290 2383 dicenda
1325 2341 1672 2398 supererant.

531 2417 622 2472 66.
663 2420 829 2474 Deum
863 2438 926 2475 ea:
959 2421 1177 2492 Virgine
1206 2424 1437 2492 genitum
1466 2428 1653 2493 probat
1679 2444 1744 2480 ex
1772 2426 2030 2486 Isaia.—

459 2508 597 2563 Tum
627 2525 726 2581 ego
761 2522 1013 2567 revocato
1056 2529 1308 2569 sermone
1332 2557 1348 2581 ,
1381 2532 1541 2585 quem
1577 2518 1731 2572 initio
1777 2520 2029 2575 intermi-

458 2616 638 2655 seram
659 2642 676 2667 ,
724 2618 846 2655 cum
876 2619 999 2657 eum
1028 2620 1091 2658 ex
1128 2605 1349 2675 Virgine
1396 2609 1637 2675 genitum
1669 2624 1792 2665 esse
1814 2652 1828 2675 ,
1862 2623 2029 2681 atque

458 2694 601 2747 hanc
646 2707 713 2747 ex
762 2693 978 2764 Virgine
1032 2700 1443 2766 generationem
1494 2715 1591 2769 per
1640 2702 1838 2756 Isaiam
1889 2720 2027 2772 prm-

456 2787 655 2840 diCIam
726 2788 894 2842 fuisse
946 2790 1421 2857 demonstrarem,
1486 2791 1660 2861 ipsum
1713 2795 2030 2851 vaticiniun.

457 2878 637 2934 denuo
665 2881 891 2935 recitavi
924 2882 977 2935 in
1005 2882 1119 2937 hazc
1147 2884 1313 2938 verba
1346 2900 1358 2937 :
1391 2904 1410 2936 ι
1449 2884 1514 2939 Ει
1547 2886 1744 2954 adjecit
1770 2887 2033 2944 Dominus

457 2972 603 3041 loqui
639 2973 705 3026 ad
736 2973 953 3039 Aehaz,
986 2975 1174 3029 dicens
1219 2994 1233 3030 :
1279 2974 1411 3032 Pete
1444 2978 1540 3033 tibi
1589 2978 1690 3047 ipsi
1744 2982 1959 3051 signum
1999 2998 2030 3037 a

458 3064 687 3119 Domino
721 3064 831 3121 Deo
870 3076 961 3121 tuo
993 3068 1044 3121 in
1076 3068 1412 3139 profundum
1434 3110 1450 3134 ,
1481 3072 1599 3125 sive
1644 3072 1698 3125 in
1728 3074 2028 3128 excelsum.

2208 2249 2317 2301 Kal
2337 2249 2365 2300 ὁ
2389 2247 2622 2319 Τρύφων
2650 2246 3001 2316 ἀπεκρίνατο·
3026 2243 3383 2314 Νενοήκαμεν
3412 2242 3504 2295 καὶ
3533 2238 3695 2294 τοῦτο’

2138 2340 2365 2412 πέραινε
2407 2339 2695 2410 τοιγαροῦν
2726 2338 2820 2392 καὶ
2851 2337 2916 2390 τὰ
2940 2337 3194 2389 ἐπίλοιπα
3223 2335 3315 2388 τοῦ
3344 2334 3529 2401 λόγου.

2207 2435 2293 2491 66.
2337 2433 2505 2503 Κάγὼ
2538 2432 2697 2486 πάλιν
2730 2430 3011 2485 ἀναλαϐὼν
3054 2430 3143 2482 τὸν
3171 2429 3350 2495 λόγον,
3387 2424 3580 2478 ὁπόθεν
3608 2421 3699 2495 τήν

2135 2529 2310 2601 ἀρχὴν
2333 2525 2656 2595 ἐπεπαύμην
2680 2522 3064 2583 ἀποδεικνύων,
3092 2522 3171 2573 ὅτι
3192 2522 3256 2572 ἐκ
3281 2516 3562 2588 Παρθένου
3584 2531 3697 2583 γέν·

2136 2624 2313 2696 νητὸς,
2334 2622 2427 2676 καὶ
2446 2621 2533 2675 διὰ
2548 2616 2825 2690 Παρθένου
2851 2613 3177 2685 γεννηθῆναι
3194 2612 3355 2665 αὑτὸν
3382 2607 3695 2663 διάἮσαῖου

2133 2716 2605 2786 ἐπεπροφήτευτο,
2665 2708 2759 2765 καὶ
2811 2707 2978 2777 αὐτὴν
3020 2707 3115 2777 τὴν
3164 2703 3500 2776 προφητείαν
3550 2698 3697 2753 πάλιι

2128 2805 2333 2874 ἔλεγον.
2378 2807 2532 2859 Ἔστι
2565 2805 2622 2857 δὲ
2652 2804 2787 2874 αὕτη
2808 2822 2819 2833 ·
2859 2822 2876 2854 ι
2902 2799 3013 2853 Καὶ
3048 2796 3348 2871 προσέθετο
3376 2793 3575 2865 Κύριος
3605 2790 3692 2841 λα-

2127 2899 2287 2969 λῆσαι
2311 2896 2387 2967 τῷ
2422 2893 2585 2966 Ἀχὰζ
2602 2894 2774 2962 λέγων
2796 2912 2807 2923 ·
2828 2891 3058 2960 Αἴτησαι
3082 2884 3293 2955 σεαυτῷ
3310 2886 3538 2983 σημεῖον

2127 2990 2333 3062 Κυρίου
2362 2988 2453 3041 τοῦ
2493 2987 2626 3040 Θεοῦ
2667 3003 2782 3047 σου,
2809 2986 2888 3045 εἰς
2924 2980 3084 3052 βάθος
3124 2980 3154 3049 ἢ
3194 2979 3273 3040 εἰς
3309 2975 3463 3044 ὕψος.
3497 2972 3601 3026 Καὶ
3624 2972 3694 3022 εἷο

2129 3103 2227 3138 πεν
2263 3082 2427 3153 Ἀχάζ
2445 3099 2457 3111 ⁸
2484 3082 2556 3134 Ού
2585 3080 2660 3150 μὴ
2679 3078 2915 3147 αἰτήσω,
2948 3074 3066 3128 οὐδὲ
3104 3071 3179 3142 μὴ
3208 3070 3460 3139 πειράσω
3483 3066 3693 3137 Κύριον.

456 3153 523 3211 Ει
554 3156 693 3211 dixit
727 3160 911 3213 Achaz
942 3176 956 3212 :
987 3160 1103 3213 Non
1134 3170 1340 3231 petam,
1391 3177 1570 3232 neque
1596 3164 1817 3220 tentabo
1847 3164 2029 3220 Domi-

2136 3178 2246 3233 Καὶ
2275 3172 2425 3228 εἶπεν
2466 3172 2692 3233 Ἡσαΐας
2718 3187 2731 3200 ·
2771 3167 3061 3221 Ἀκούσατε
3094 3164 3179 3233 δὴ,
3214 3158 3362 3223 οἶκος
3396 3156 3583 3211 Δαϐίδ·
3624 3153 3695 3224 pit

460 3266 610 3307 num.
644 3251 709 3306 Et
741 3253 881 3305 dixit
912 3252 1080 3306 Isaias
1108 3270 1123 3309 :
1154 3254 1357 3309 Audite
1388 3270 1558 3321 nunc,
1590 3257 1785 3312 domus
1820 3258 1987 3312 David
2015 3274 2028 3310 :

458 3339 711 3411 Nunquid
748 3358 939 3412 parum
974 3343 1128 3398 vobis
1156 3354 1240 3399 est
1267 3357 1542 3402 certamen
1576 3350 1822 3418 praebere
1851 3350 2029 3403 homi-

458 3434 661 3489 nibus?
715 3444 771 3489 et
809 3436 1081 3503 quomodo
1133 3437 1361 3492 Domino
1412 3439 1669 3508 praebetis
1705 3441 2035 3496 certamen?

458 3524 761 3597 Propterea
792 3527 944 3582 dabit
976 3528 1241 3583 Dominus
1274 3530 1385 3599 ipse
1420 3531 1577 3586 vobis
1611 3532 1850 3601 signum.
1892 3534 2033 3589 Ecce

462 3619 623 3689 Virgo
657 3619 711 3672 in
749 3630 905 3676 utero
935 3621 1228 3691 concipiet,
1261 3631 1317 3677 et
1343 3623 1519 3691 pariet
1553 3624 1719 3680 lilium
1740 3667 1756 3691 ,
1782 3638 1839 3681 et
1865 3640 2033 3680 voca-

455 3713 595 3767 bunt
628 3728 823 3769 nomen
873 3715 991 3782 ejus
1028 3716 1347 3771 Emmanuel
1377 3735 1390 3769 :
1422 3719 1678 3790 butyrum
1709 3728 1765 3774 et
1798 3722 1901 3776 mel
1940 3737 2033 3775 co-

458 3804 670 3869 medet;
706 3814 999 3874 antequam
1032 3808 1194 3872 sciat,
1227 3817 1321 3860 aut
1352 3808 1635 3878 praeeligat
1667 3810 1839 3877 mala,
1867 3811 2033 3883 eliget

457 3895 681 3950 bonum.
712 3894 979 3963 Quoniam
1013 3908 1307 3968 antequam
1338 3916 1637 3971 cognoscat
1667 3919 1805 3973 puer
1828 3904 2027 3959 malutn

456 3998 554 4041 aut
582 3988 811 4055 bonum,
842 3991 1100 4058 reprobat
1134 3993 1419 4060 malitiam,
1455 3994 1708 4064 eligendo
1740 3996 2025 4051 bonum".

453 4082 618 4149 Quia,
644 4090 936 4152 antequam
972 4084 1111 4139 sciat
1133 4100 1267 4153 puer
1300 4101 1497 4141 vocare
1530 4096 1739 4156 patrem
1780 4100 1873 4144 aut
1916 4104 2031 4144 ma-

456 4186 594 4231 trem
624 4214 639 4240 ,
667 4175 818 4229 tollet
850 4176 1109 4231 virtutem
1147 4178 1433 4242 Damasci,
1460 4187 1515 4232 et
1548 4179 1721 4249 spolia
1767 4180 2031 4237 Samaria:

452 4280 641 4321 coram
677 4281 804 4334 rege
831 4268 1184 4340 Assyriorum
1214 4307 1228 4331 ,
1256 4278 1312 4322 et
1347 4270 1594 4338 capietur
1628 4278 1810 4336 terra,
1862 4287 2027 4340 quam

455 4370 512 4415 tu
539 4360 754 4414 duriter
784 4359 951 4427 feres,
990 4379 1018 4415 a
1053 4360 1195 4416 facie
1227 4362 1460 4417 duorum
1494 4381 1682 4435 regum
1696 4367 1764 4418 °°.
1797 4362 1904 4419 Sed
1940 4365 2033 4419 ad-

453 4456 619 4511 ducet
666 4455 811 4509 Deus
846 4470 1010 4524 super
1046 4466 1128 4522 te,
1162 4464 1217 4510 et
1252 4472 1417 4526 super
1448 4458 1704 4527 populum
1739 4468 1923 4522 tuum,
1972 4467 2027 4512 et

454 4563 620 4617 Super
652 4548 872 4603 domum
904 4550 1075 4620 patris
1120 4550 1195 4602 tui
1224 4588 1239 4615 ,
1271 4549 1389 4604 dies
1413 4592 1427 4616 ,
1464 4549 1559 4618 qui
1603 4551 1831 4605 necdum
1863 4566 2027 4606 vene-

456 4649 584 4693 runt
616 4638 683 4692 ab
717 4653 783 4693 eo
819 4639 905 4695 die
926 4680 942 4705 ,
972 4656 1080 4711 quo
1107 4639 1336 4695 abstulit
1379 4639 1644 4708 Ephraim
1678 4659 1706 4693 a
1738 4641 1871 4697 Iuda
1894 4682 1910 4705 ,
1939 4658 2025 4697 re-

454 4749 576 4802 gem
611 4732 964 4805 Assyriorum
983 4735 1050 4787 ⁹¹.
1081 4752 1100 4786 ι
1124 4733 1329 4787 Deinde
1354 4732 1467 4787 haec
1495 4733 1666 4801 adieci
1695 4747 1709 4785 :
1742 4731 2024 4789 Neminem

452 4825 673 4894 quidem
724 4828 776 4879 in
812 4825 1045 4880 Abrahae
1092 4827 1387 4880 secundum
1437 4842 1661 4881 carnem
1698 4842 1898 4897 genere
1927 4843 2026 4881 ex-

453 4919 692 4981 Stitisse,
749 4930 945 4987 praeter
982 4920 1126 4972 hunc
1175 4917 1457 4975 Christum
1499 4930 1783 4983 nostrum,
1822 4920 1913 4988 qui
1959 4936 2023 4975 ex

526 5072 571 5103 ⁸⁸
596 5073 698 5126 lsa.
734 5087 870 5137 χιιι,
897 5071 1052 5127 5-15.
1129 5074 1173 5105 ⁸⁸
1201 5073 1303 5129 lsa.
1340 5091 1434 5143 vn,
1467 5073 1651 5129 l0-l6.

525 5251 599 5327 (8)
628 5255 1100 5321 Καταϐαἰνοντες
1118 5255 1233 5325 τῂν
1254 5255 1588 5311 θάλασσαν.
1626 5256 1765 5309 ΕιΙίιί
1804 5256 1883 5319 είς
1923 5254 2021 5327 τὴν

448 5322 760 5389 θάλασσαν,
812 5328 905 5380 sed
954 5322 1396 5395 praepositionem
1434 5343 1537 5382 non
1594 5327 1796 5381 habent
1848 5322 2020 5379 nostri

447 5396 671 5469 codices
723 5413 869 5469 mss.
900 5397 1021 5452 Mox
1064 5397 1455 5469 νιονπλέοντες
1505 5398 1621 5461 ἀεὶ,
1659 5395 2023 5469 vﬁaorplegit

452 5464 731 5540 Tltil‘lDllls
773 5466 1029 5540 πλέοντες
1061 5464 1230 5540 αὐτὴν
1265 5471 1321 5521 αἱ
1357 5468 1541 5538 νῆσοι,
1595 5479 1652 5521 ιιι
1702 5464 1753 5522 in
1804 5464 2017 5531 Btbllls,

447 5537 761 5609 velAsaltem
796 5536 1069 5609 πλέοντες,
1106 5540 1160 5590 al
1186 5536 1367 5609 νῆσοι.

516 5604 591 5675 (9)
622 5607 879 5675 Πονηρά.
916 5608 1135 5679 Legitur
1164 5609 1215 5663 in
1243 5604 1472 5677 utroque
1506 5608 1692 5662 codice
1723 5609 1788 5662 ad
1820 5609 2019 5679 margi-

447 5693 574 5735 nem
609 5679 913 5750 πονηρίαις.
947 5678 1054 5733 Sed
1090 5689 1351 5747 praeterea
1397 5682 1445 5733 in
1471 5680 1667 5750 codice
1697 5678 2019 5733 (llaromo'n-

446 5747 792 5819 tanordele't'a
834 5760 963 5819 sunt
1006 5750 1119 5801 lucc
1160 5750 1321 5804 verba
1365 5766 1377 5801 :
1423 5747 1494 5807 Τὸ
1530 5750 1738 5803 παιδίον
1778 5750 1945 5802 κακὸν
1985 5751 2015 5819 ἢ

444 5816 683 5892 ἀγαθὸν,
717 5818 929 5874 ἀπειθεῖ
961 5819 1169 5891 πονηρὰ
1202 5820 1325 5881 (τοῦ
1356 5821 1420 5876 ad
1462 5820 1666 5891 marg.)
1699 5816 2015 5886 ἐκλέξασθαι

1750 5073 1796 5105 ’⁸
1825 5071 1928 5127 Isa.
1957 5088 2073 5141 vut,
2101 5072 2153 5126 4.

2139 3270 2331 3343 μικρὸν
2373 3267 2501 3337 ὑμῖν
2547 3262 2735 3331 ἀγῶνα
2788 3260 3047 3332 παρέχειν
3090 3253 3434 3325 ἁνθρὼποις;
3470 3249 3559 3304 καὶ
3588 3245 3694 3343 πως

2135 3339 2325 3433 Κυρίῳ
2351 3358 2619 3431 παρέχετε
2649 3354 2868 3422 ἀγῶνα;
2897 3352 2994 3405 Διά
3022 3350 3177 3403 τοῦτο
3199 3345 3360 3401 δώσει
3384 3344 3582 3413 Κύριος
3608 3339 3695 3433 αύ-

2133 3431 2376 3524 τὸς-ὑμῖν
2401 3452 2622 3522 σημεῖον
2642 3465 2655 3477 ⁸
2698 3446 2826 3500 Ἰδοὺ
2857 3448 2889 3515 ή
2915 3441 3195 3514 Παρθένος
3239 3442 3296 3491 ἐν
3322 3436 3521 3507 γαστρὶ
3550 3431 3695 3500 λήψι-

2132 3564 2222 3600 ται
2246 3586 2261 3609 ,
2294 3544 2388 3598 καὶ
2421 3542 2634 3608 τέξεται
2676 3540 2789 3594 υἱόν
2809 3556 2822 3569 ·
2867 3536 2961 3591 καὶ
2994 3532 3283 3589 καλέσουσι
3316 3529 3377 3583 τὸ
3412 3529 3581 3595 ὄνομα
3606 3524 3694 3575 αύ-

2132 3637 2223 3691 τοῦ
2255 3634 2599 3706 Ἐμμανουήλ
2617 3651 2629 3664 ·
2655 3631 2909 3703 βούτυρον
2941 3627 3034 3681 καὶ
3063 3624 3187 3696 μέλι
3212 3623 3477 3693 φάγεται·
3513 3616 3633 3689 πρὶν

2133 3703 2333 3794 γνῶναι
2363 3703 2620 3794 -αύτὸντῆ
2664 3718 2988 3793 προελέσθαι
3035 3714 3280 3786 πονηρὰ,
3317 3708 3593 3774 ἐκλέξεται
3640 3703 3693 3755 τὸ

2132 3815 2357 3885 ἀγαθόν.
2382 3815 2526 3867 Δίοτι
2556 3814 2685 3884 πρὶν
2710 3812 2741 3882 ἢ
2770 3810 2971 3879 γνῶναι
2994 3810 3056 3862 τὸ
3086 3806 3297 3860 παιδίον
3319 3803 3489 3861 κακὸν
3514 3800 3546 3871 ἦ
3569 3800 3693 3865 ἁγα-

2133 3908 2222 3962 θὸν
2242 3948 2255 3973 ,
2283 3905 2497 3962 ἀπειθεῖ
2538 3903 2749 3975 πονηρὰ
2794 3901 2868 3973 (9)
2902 3900 2993 3954 τοῦ
3031 3894 3355 3963 ἐκλέξασθαι
3390 3893 3450 3946 τὸ
3480 3888 3686 3958 ἀγαθόν.

2130 3999 2277 4053 Δίοτι
2327 3997 2458 4069 πρὶν
2509 3995 2541 4066 ἢ
2589 3993 2791 4063 γνῶναι
2836 3992 2895 4045 τὸ
2930 3990 3145 4044 παιδίον
3196 3988 3381 4041 καλεῖν
3430 3977 3693 4052 πατέραή

2134 4092 2352 4164 μητέρα
2374 4132 2388 4156 ,
2424 4089 2650 4163 λήψεται
2683 4087 2907 4157 δύναμιν
2942 4080 3232 4153 Δαμασκοῦ
3254 4121 3269 4145 ,
3306 4079 3401 4133 καὶ
3434 4077 3499 4131 τὰ
3531 4072 3693 4128 σκύλα

2130 4184 2443 4255 Σαμαρείας
2491 4182 2671 4235 ἔναντι
2724 4178 2985 4250 βασιλέως
3024 4174 3321 4246 Ἀσσυρίων
3346 4212 3361 4236 ,
3410 4169 3506 4224 καὶ
3537 4180 3692 4219 κατα-

2129 4278 2524 4351 ληφθήσεταιή
2557 4276 2629 4345 γῆ
2650 4314 2664 4337 ,
2702 4271 2951 4344 σκληρῶς
2995 4270 3161 4333 οἴσεις
3197 4268 3307 4338 (10)
3343 4266 3452 4320 ἀπὸ

2131 4389 2233 4424 που
2267 4369 2374 4422 τῶν
2400 4368 2493 4422 δύο
2533 4365 2815 4437 βασιλέων.
2866 4362 3001 4416 Ἀλλ’
3039 4362 3227 4426 ἐπάξει
3261 4362 3289 4412 ὁ
3313 4358 3446 4420 Θεὸς
3480 4355 3571 4409 ἐπὶ
3604 4350 3689 4411 σὲ.

2130 4462 2224 4516 καὶ
2258 4461 2350 4515 ἐπὶ
2383 4462 2470 4514 τὸν
2505 4460 2631 4512 λαόν
2665 4475 2780 4523 σου,
2816 4457 2911 4510 καὶ
2945 4455 3037 4508 ἐπὶ
3069 4454 3158 4507 τὸν
3191 4448 3336 4506 οἷκον
3369 4450 3462 4505 τοῦ
3500 4446 3690 4518 πατρός

2132 4570 2226 4608 σου
2272 4552 2483 4625 ἡμέρας
2535 4552 2591 4604 αἳ
2641 4549 2853 4605 οὐδέπω
2884 4550 3081 4619 ἦκασιν
3114 4546 3222 4599 ἀπὸ
3256 4546 3353 4616 τῆς
3387 4542 3599 4615 ἡμέρας
3629 4535 3689 4609 ἧς

2129 4648 2346 4717 ἀφεῖλεν
2376 4646 2611 4717 Ἐφραῒμ
2630 4643 2735 4698 ἀπὸ
2764 4643 2951 4705 Ἰούδα,
2974 4642 3061 4694 τὸν
3081 4640 3305 4711 βασιλέα
3332 4636 3642 4707 Ἀσσυρίων.
3667 4651 3685 4682 t

2131 4739 2241 4793 Kal.
2275 4738 2573 4809 ἐπέφερον·
2608 4736 2727 4788 Ὅτι
2783 4735 2879 4804 μὲν
2913 4728 3005 4786 οὖν
3052 4733 3108 4783 ἐν
3141 4729 3219 4800 τῷ
3252 4731 3399 4798 γένει
3433 4726 3523 4781 τοῦ
3559 4723 3691 4779 κατά

2134 4828 2317 4898 σάρκα
2373 4827 2620 4901 Ἀϐραὰμ
2651 4824 2764 4895 (ll)
2812 4823 2987 4885 οὐδεὶς
3033 4822 3288 4876 οὐδέποτε
3322 4820 3429 4874 ἀπὸ
3489 4813 3688 4887 Παρθέ-

2132 4938 2224 4974 νου
2259 4920 2602 4990 γεγέννηται,
2649 4918 2768 4972 ούδὲ
2828 4918 3077 4971 λέλεκται
3131 4913 3546 4984 γεγεννημένος,
3581 4906 3688 4962 ἀλλ’

2251 5073 2295 5104 ⁹¹
2333 5072 2438 5126 lsa.
2472 5088 2568 5139 vn,
2606 5069 2691 5125 i7.

2128 5251 2187 5304 τὸ
2213 5250 2435 5318 ἀγαθόν.
2467 5250 2610 5301 Διότι
2642 5252 2771 5320 πρὶν
2798 5248 2829 5320 ἢ
2860 5246 3060 5316 γνῶναι
3095 5249 3173 5301 τό.

2202 5319 2312 5371 (-10l
2353 5318 2637 5371 Σκληοῶο
2668 5319 2879 5371 οἴσεις.
2937 5320 3243 5371 Leaendum
3286 5318 3403 5371 sine
3433 5317 3555 5371 dubi

2202 5316 2328 5443 (1οζ
2353 5318 2637 5403 Σξληρῶς
2668 5316 2879 5399 οἴσεις.
2937 5320 3243 5400 begendum
3286 5318 3403 5373 sine
3433 5317 3593 5372 dubio
3626 5316 3686 5385 ἢν

2128 5392 2839 5514 ἓῖιεκίὲρωῐςυρὲῗῗιῗε.8ω
2868 5406 3012 5445 enim
3062 5389 3213 5443 locus
3254 5388 3488 5445 refertur
3532 5401 3687 5453 supra

2128 5478 2278 5517 Illllll.
2310 5477 2399 5514 40.
2433 5477 2460 5513 ⁷Ι
2476 5477 2742 5515 ιιιιιιιιιυε.

2200 5532 2310 5603 (11)
2348 5530 2455 5585 Τοῦ
2486 5533 2632 5585 κατὰ
2661 5530 2856 5597 σάρκα
2894 5528 3154 5599 Ἀϐραάμ.
3181 5528 3286 5585 Pro
3311 5529 3403 5583 τοῦ
3447 5527 3686 5601 Ἀὖραὰμ

2126 5605 2267 5681 κατὰ
2293 5603 2991 5681 capita;'l‘Lanspusitionis
3024 5603 3291 5681 ejusmodi
3326 5600 3687 5681 exemplum:-

2130 5675 2321 5728 betnus
2355 5668 2410 5726 ιί.
2443 5673 2533 5726 45.
2565 5672 2728 5725 Forte
2753 5673 2917 5725 etiam
2947 5671 3232 5738 legendum
3266 5688 3390 5725 cum
3425 5668 3683 5735 Thirlbio,

2127 5754 2183 5798 ut
2221 5761 2368 5800 num.
2404 5744 2471 5797 45
2500 5761 2509 5793 :
2540 5741 2628 5813 Τῷ
2657 5741 2795 5794 κατά
2830 5741 3007 5812 σάρκα
3043 5740 3133 5795 τοῦ
3182 5741 3443 5814 Ἀϐραάμ..
