  <div class='ocr_page' id='page_1' title='image "/cluster/home/n/w/nwhite01/storage/ocr_20150623/6/mdp.39015004289917/326.png"; bbox 0 0 3962 6262; ppageno 0'>
   <div class='ocr_carea' id='block_1_1' title="bbox 278 407 372 468">
    <p class='ocr_par' dir='ltr' id='par_1_1' title="bbox 278 407 372 468">
     <span class='ocr_line' id='line_1_1' title="bbox 278 407 372 468; baseline 0 -2"><span class='ocrx_word' id='word_1_1' title='bbox 278 407 372 468; x_wconf 67' lang='lat' dir='ltr'><strong>ns</strong></span> 
     </span>
    </p>
   </div>
   <div class='ocr_carea' id='block_1_2' title="bbox 1283 415 2532 476">
    <p class='ocr_par' dir='ltr' id='par_1_2' title="bbox 1283 415 2532 476">
     <span class='ocr_line' id='line_1_2' title="bbox 1283 415 2532 476; baseline 0.002 -4"><span class='ocrx_word' id='word_1_2' title='bbox 1283 416 1633 474; x_wconf 80' lang='lat' dir='ltr'><strong>DIALOGUS</strong></span> <span class='ocrx_word' id='word_1_3' title='bbox 1670 415 1815 473; x_wconf 81' lang='lat' dir='ltr'><strong>CUM</strong></span> <span class='ocrx_word' id='word_1_4' title='bbox 1859 416 2233 476; x_wconf 80' lang='lat' dir='ltr'><strong>TRYPHONE</strong></span> <span class='ocrx_word' id='word_1_5' title='bbox 2266 418 2532 475; x_wconf 63' lang='lat' dir='ltr'><strong>JUDEO.</strong></span> 
     </span>
    </p>
   </div>
   <div class='ocr_carea' id='block_1_3' title="bbox 3470 416 3576 475">
    <p class='ocr_par' dir='ltr' id='par_1_3' title="bbox 3470 416 3576 475">
     <span class='ocr_line' id='line_1_3' title="bbox 3470 416 3576 475; baseline 0 0"><span class='ocrx_word' id='word_1_6' title='bbox 3470 416 3576 475; x_wconf 66' lang='lat'><strong>630</strong></span> 
     </span>
    </p>
   </div>
   <div class='ocr_carea' id='block_1_4' title="bbox 298 526 1898 609">
    <p class='ocr_par' dir='ltr' id='par_1_4' title="bbox 298 526 1898 609">
     <span class='ocr_line' id='line_1_4' title="bbox 298 526 1898 609; baseline 0.003 -23"><span class='ocrx_word' id='word_1_7' title='bbox 298 534 333 605; x_wconf 60' lang='grc' dir='ltr'>ἢ</span> <span class='ocrx_word' id='word_1_8' title='bbox 375 526 522 598; x_wconf 47' lang='lat' dir='ltr'><strong>sine;</strong></span> <span class='ocrx_word' id='word_1_9' title='bbox 572 534 603 587; x_wconf 83' lang='lat'><strong>6</strong></span> <span class='ocrx_word' id='word_1_10' title='bbox 661 533 961 607; x_wconf 70' lang='grc' dir='ltr'>ἡμέτερος</span> <span class='ocrx_word' id='word_1_11' title='bbox 1000 537 1277 609; x_wconf 76' lang='grc' dir='ltr'>Χριστὸς,</span> <span class='ocrx_word' id='word_1_12' title='bbox 1314 538 1446 590; x_wconf 82' lang='grc' dir='ltr'>πᾶσι</span> <span class='ocrx_word' id='word_1_13' title='bbox 1495 538 1728 609; x_wconf 80' lang='grc' dir='ltr'>φανερόν</span> <span class='ocrx_word' id='word_1_14' title='bbox 1763 539 1898 590; x_wconf 75' lang='grc' dir='ltr'>ἐστι.</span> 
     </span>
    </p>
   </div>
   <div class='ocr_carea' id='block_1_5' title="bbox 2010 526 3577 609">
    <p class='ocr_par' dir='ltr' id='par_1_5' title="bbox 2010 532 3577 604">
     <span class='ocr_line' id='line_1_5' title="bbox 2010 532 3577 604; baseline 0.004 -21"><span class='ocrx_word' id='word_1_15' title='bbox 2010 533 2231 604; x_wconf 80' lang='lat' dir='ltr'><strong>Virgine</strong></span> <span class='ocrx_word' id='word_1_16' title='bbox 2274 532 2623 588; x_wconf 80' lang='lat' dir='ltr'><strong>natusesset</strong></span> <span class='ocrx_word' id='word_1_17' title='bbox 2666 542 2760 586; x_wconf 91' lang='lat' dir='ltr'><strong>ant</strong></span> <span class='ocrx_word' id='word_1_18' title='bbox 2791 533 2955 588; x_wconf 85' lang='lat' dir='ltr'><strong>natus</strong></span> <span class='ocrx_word' id='word_1_19' title='bbox 2983 533 3577 599; x_wconf 63' lang='lat' dir='ltr'><strong>diceretur,‘omnibus</strong></span> 
     </span>
    </p>
   </div>
   <div class='ocr_carea' id='block_1_6' title="bbox 384 710 1907 786">
    <p class='ocr_par' dir='ltr' id='par_1_6' title="bbox 384 710 1907 786">
     <span class='ocr_line' id='line_1_6' title="bbox 384 710 1907 786; baseline 0.001 -21"><span class='ocrx_word' id='word_1_20' title='bbox 384 711 469 766; x_wconf 74' lang='lat'><strong>6&#39;1.</strong></span> <span class='ocrx_word' id='word_1_21' title='bbox 522 710 635 763; x_wconf 65' lang='grc' dir='ltr'>Καὶ</span> <span class='ocrx_word' id='word_1_22' title='bbox 678 712 708 763; x_wconf 88' lang='lat'><strong>6</strong></span> <span class='ocrx_word' id='word_1_23' title='bbox 760 710 1016 783; x_wconf 72' lang='grc' dir='ltr'>τρύφων</span> <span class='ocrx_word' id='word_1_24' title='bbox 1063 712 1423 785; x_wconf 85' lang='grc' dir='ltr'>ἀπεκρίνατο·</span> <span class='ocrx_word' id='word_1_25' title='bbox 1475 713 1539 766; x_wconf 83' lang='grc' dir='ltr'>Ἡ</span> <span class='ocrx_word' id='word_1_26' title='bbox 1585 714 1775 786; x_wconf 74' lang='grc' dir='ltr'>Γραφὴ</span> <span class='ocrx_word' id='word_1_27' title='bbox 1806 715 1907 767; x_wconf 79' lang='grc' dir='ltr'><strong>οὐκ</strong></span> 
     </span>
    </p>
   </div>
   <div class='ocr_carea' id='block_1_7' title="bbox 316 803 1905 877">
    <p class='ocr_par' dir='ltr' id='par_1_7' title="bbox 316 803 1905 877">
     <span class='ocr_line' id='line_1_7' title="bbox 316 803 1905 877; baseline 0.001 -21"><span class='ocrx_word' id='word_1_28' title='bbox 316 806 453 875; x_wconf 73' lang='grc' dir='ltr'>εχει·</span> <span class='ocrx_word' id='word_1_29' title='bbox 497 823 514 856; x_wconf 80' lang='grc' dir='ltr'><strong>ι</strong></span> <span class='ocrx_word' id='word_1_30' title='bbox 555 803 686 857; x_wconf 68' lang='grc' dir='ltr'>Ἰδοὺ</span> <span class='ocrx_word' id='word_1_31' title='bbox 737 806 775 875; x_wconf 77' lang='grc' dir='ltr'><strong>ἡ</strong></span> <span class='ocrx_word' id='word_1_32' title='bbox 834 803 1232 875; x_wconf 51' lang='grc' dir='ltr'>Παρθένοςμέν</span> <span class='ocrx_word' id='word_1_33' title='bbox 1264 805 1462 877; x_wconf 70' lang='grc' dir='ltr'>γαστρὶ</span> <span class='ocrx_word' id='word_1_34' title='bbox 1495 805 1756 877; x_wconf 75' lang='grc' dir='ltr'>λήψεται,</span> <span class='ocrx_word' id='word_1_35' title='bbox 1811 806 1905 860; x_wconf 72' lang='grc' dir='ltr'><strong>καὶ</strong></span> 
     </span>
    </p>
   </div>
   <div class='ocr_carea' id='block_1_8' title="bbox 321 896 1906 969">
    <p class='ocr_par' dir='ltr' id='par_1_8' title="bbox 321 896 1906 969">
     <span class='ocr_line' id='line_1_8' title="bbox 321 896 1906 969; baseline 0 -20"><span class='ocrx_word' id='word_1_36' title='bbox 321 898 528 963; x_wconf 76' lang='grc' dir='ltr'>τέξεται</span> <span class='ocrx_word' id='word_1_37' title='bbox 574 896 725 949; x_wconf 73' lang='grc' dir='ltr'>υἱόν·</span> <span class='ocrx_word' id='word_1_38' title='bbox 777 917 793 947; x_wconf 77' lang='grc' dir='ltr'><strong>ι</strong></span> <span class='ocrx_word' id='word_1_39' title='bbox 834 896 993 961; x_wconf 80' lang='grc' dir='ltr'>ἀλλ’,</span> <span class='ocrx_word' id='word_1_40' title='bbox 1049 916 1068 947; x_wconf 86' lang='grc'><strong><em>‹</em></strong></span> <span class='ocrx_word' id='word_1_41' title='bbox 1114 897 1243 950; x_wconf 76' lang='grc' dir='ltr'>Ἰδοὺ</span> <span class='ocrx_word' id='word_1_42' title='bbox 1292 898 1323 968; x_wconf 86' lang='grc' dir='ltr'><strong>ή</strong></span> <span class='ocrx_word' id='word_1_43' title='bbox 1371 899 1551 960; x_wconf 79' lang='grc' dir='ltr'>νεᾶνις</span> <span class='ocrx_word' id='word_1_44' title='bbox 1599 900 1657 950; x_wconf 84' lang='grc' dir='ltr'><strong>ἐν</strong></span> <span class='ocrx_word' id='word_1_45' title='bbox 1707 898 1906 969; x_wconf 60' lang='grc' dir='ltr'><strong>γοισιτερδ⁹</strong></span> 
     </span>
    </p>
   </div>
   <div class='ocr_carea' id='block_1_9' title="bbox 315 988 1905 1061">
    <p class='ocr_par' dir='ltr' id='par_1_9' title="bbox 315 988 1905 1061">
     <span class='ocr_line' id='line_1_9' title="bbox 315 988 1905 1061; baseline -0.002 -18"><span class='ocrx_word' id='word_1_46' title='bbox 315 991 563 1061; x_wconf 54' lang='grc' dir='ltr'>λήψεται,</span> <span class='ocrx_word' id='word_1_47' title='bbox 598 990 695 1041; x_wconf 69' lang='grc' dir='ltr'><strong>καὶ</strong></span> <span class='ocrx_word' id='word_1_48' title='bbox 729 988 950 1055; x_wconf 77' lang='grc' dir='ltr'>τέξεται</span> <span class='ocrx_word' id='word_1_49' title='bbox 985 989 1122 1052; x_wconf 82' lang='grc' dir='ltr'>υἱὸν,</span> <span class='ocrx_word' id='word_1_50' title='bbox 1153 1008 1171 1040; x_wconf 74' lang='grc' dir='ltr'><strong>ι</strong></span> <span class='ocrx_word' id='word_1_51' title='bbox 1209 990 1302 1042; x_wconf 78' lang='grc' dir='ltr'><strong>καὶ</strong></span> <span class='ocrx_word' id='word_1_52' title='bbox 1335 991 1401 1043; x_wconf 84' lang='grc' dir='ltr'>τὰ</span> <span class='ocrx_word' id='word_1_53' title='bbox 1434 989 1560 1059; x_wconf 77' lang='grc' dir='ltr'>ἑξῆς</span> <span class='ocrx_word' id='word_1_54' title='bbox 1604 989 1795 1051; x_wconf 78' lang='grc' dir='ltr'>λοιπὰ,</span> <span class='ocrx_word' id='word_1_55' title='bbox 1830 991 1905 1053; x_wconf 85' lang='grc' dir='ltr'>ὡς</span> 
     </span>
    </p>
   </div>
   <div class='ocr_carea' id='block_1_10' title="bbox 313 1081 1905 1154">
    <p class='ocr_par' dir='ltr' id='par_1_10' title="bbox 313 1081 1905 1154">
     <span class='ocr_line' id='line_1_10' title="bbox 313 1081 1905 1154; baseline -0.001 -18"><span class='ocrx_word' id='word_1_56' title='bbox 313 1085 468 1154; x_wconf 61' lang='grc' dir='ltr'><strong>ἔφης.</strong></span> <span class='ocrx_word' id='word_1_57' title='bbox 510 1084 672 1135; x_wconf 80' lang='grc' dir='ltr'>Ἔστι</span> <span class='ocrx_word' id='word_1_58' title='bbox 716 1081 775 1133; x_wconf 79' lang='grc' dir='ltr'>δὲ</span> <span class='ocrx_word' id='word_1_59' title='bbox 818 1082 853 1151; x_wconf 86' lang='grc' dir='ltr'><strong>ή</strong></span> <span class='ocrx_word' id='word_1_60' title='bbox 904 1083 1058 1136; x_wconf 75' lang='grc' dir='ltr'>πᾶσα</span> <span class='ocrx_word' id='word_1_61' title='bbox 1104 1082 1409 1154; x_wconf 77' lang='grc' dir='ltr'><strong>προφητεία</strong></span> <span class='ocrx_word' id='word_1_62' title='bbox 1468 1082 1769 1154; x_wconf 85' lang='grc' dir='ltr'>λελεγμένη</span> <span class='ocrx_word' id='word_1_63' title='bbox 1824 1085 1905 1147; x_wconf 80' lang='grc' dir='ltr'>εἰς</span> 
     </span>
    </p>
   </div>
   <div class='ocr_carea' id='block_1_11' title="bbox 323 1175 1902 1242">
    <p class='ocr_par' dir='ltr' id='par_1_11' title="bbox 323 1175 1902 1242">
     <span class='ocr_line' id='line_1_11' title="bbox 323 1175 1902 1242; baseline -0.001 -12"><span class='ocrx_word' id='word_1_64' title='bbox 323 1177 575 1242; x_wconf 76' lang='grc' dir='ltr'>Ἐζεκίαν</span> <span class='ocrx_word' id='word_1_65' title='bbox 628 1176 778 1241; x_wconf 70' lang='grc'><strong>(12),</strong></span> <span class='ocrx_word' id='word_1_66' title='bbox 834 1175 916 1238; x_wconf 83' lang='grc' dir='ltr'><strong>είς</strong></span> <span class='ocrx_word' id='word_1_67' title='bbox 949 1175 1009 1227; x_wconf 84' lang='grc' dir='ltr'>ὃν</span> <span class='ocrx_word' id='word_1_68' title='bbox 1057 1176 1151 1229; x_wconf 72' lang='grc' dir='ltr'><strong>καὶ</strong></span> <span class='ocrx_word' id='word_1_69' title='bbox 1196 1176 1574 1229; x_wconf 78' lang='grc' dir='ltr'><strong>ἀποδείκνυται</strong></span> <span class='ocrx_word' id='word_1_70' title='bbox 1622 1176 1902 1230; x_wconf 80' lang='grc' dir='ltr'>ἀποϐάντα</span> 
     </span>
    </p>
   </div>
   <div class='ocr_carea' id='block_1_12' title="bbox 301 1265 1905 1337">
    <p class='ocr_par' dir='ltr' id='par_1_12' title="bbox 301 1265 1905 1337">
     <span class='ocr_line' id='line_1_12' title="bbox 301 1265 1905 1337; baseline 0 -16"><span class='ocrx_word' id='word_1_71' title='bbox 301 1270 450 1321; x_wconf 71' lang='grc' dir='ltr'>κατὰ</span> <span class='ocrx_word' id='word_1_72' title='bbox 483 1266 583 1337; x_wconf 73' lang='grc' dir='ltr'>τὴν</span> <span class='ocrx_word' id='word_1_73' title='bbox 622 1267 961 1337; x_wconf 58' lang='grc' dir='ltr'>προφητείαν</span> <span class='ocrx_word' id='word_1_74' title='bbox 996 1265 1219 1335; x_wconf 80' lang='grc' dir='ltr'>ταύτην.</span> <span class='ocrx_word' id='word_1_75' title='bbox 1269 1267 1357 1319; x_wconf 84' lang='grc' dir='ltr'>Ἐν</span> <span class='ocrx_word' id='word_1_76' title='bbox 1381 1266 1438 1319; x_wconf 87' lang='grc' dir='ltr'>δὲ</span> <span class='ocrx_word' id='word_1_77' title='bbox 1472 1270 1585 1330; x_wconf 81' lang='grc' dir='ltr'>τοῖς</span> <span class='ocrx_word' id='word_1_78' title='bbox 1617 1267 1724 1319; x_wconf 86' lang='grc' dir='ltr'><strong>τῶν</strong></span> <span class='ocrx_word' id='word_1_79' title='bbox 1758 1267 1905 1334; x_wconf 88' lang='grc' dir='ltr'>λεγο-</span> 
     </span>
    </p>
   </div>
   <div class='ocr_carea' id='block_1_13' title="bbox 311 1360 1903 1431">
    <p class='ocr_par' dir='ltr' id='par_1_13' title="bbox 311 1360 1903 1431">
     <span class='ocr_line' id='line_1_13' title="bbox 311 1360 1903 1431; baseline -0.001 -18"><span class='ocrx_word' id='word_1_80' title='bbox 311 1361 493 1429; x_wconf 81' lang='grc' dir='ltr'>μένων</span> <span class='ocrx_word' id='word_1_81' title='bbox 539 1361 811 1431; x_wconf 81' lang='grc' dir='ltr'><strong>Ἐλλήνων</strong></span> <span class='ocrx_word' id='word_1_82' title='bbox 862 1360 1054 1431; x_wconf 80' lang='grc' dir='ltr'>μύθοις</span> <span class='ocrx_word' id='word_1_83' title='bbox 1086 1360 1369 1425; x_wconf 87' lang='grc' dir='ltr'>λέλεκται,</span> <span class='ocrx_word' id='word_1_84' title='bbox 1416 1361 1497 1414; x_wconf 83' lang='grc' dir='ltr'><strong>ὅτι</strong></span> <span class='ocrx_word' id='word_1_85' title='bbox 1544 1360 1787 1431; x_wconf 85' lang='grc' dir='ltr'>Περσεὺς</span> <span class='ocrx_word' id='word_1_86' title='bbox 1838 1363 1903 1412; x_wconf 84' lang='grc' dir='ltr'><strong>ἐκ</strong></span> 
     </span>
    </p>
   </div>
   <div class='ocr_carea' id='block_1_14' title="bbox 310 1451 1905 1524">
    <p class='ocr_par' dir='ltr' id='par_1_14' title="bbox 310 1451 1905 1524">
     <span class='ocr_line' id='line_1_14' title="bbox 310 1451 1905 1524; baseline -0.002 -18"><span class='ocrx_word' id='word_1_87' title='bbox 310 1453 524 1524; x_wconf 73' lang='grc' dir='ltr'>Δανάης</span> <span class='ocrx_word' id='word_1_88' title='bbox 567 1452 845 1523; x_wconf 80' lang='grc' dir='ltr'>παρθένου</span> <span class='ocrx_word' id='word_1_89' title='bbox 880 1451 1081 1522; x_wconf 76' lang='grc' dir='ltr'>οὔσης,</span> <span class='ocrx_word' id='word_1_90' title='bbox 1117 1454 1173 1504; x_wconf 86' lang='grc' dir='ltr'><strong>ἐν</strong></span> <span class='ocrx_word' id='word_1_91' title='bbox 1206 1452 1408 1523; x_wconf 88' lang='grc' dir='ltr'>χρυσοῦ</span> <span class='ocrx_word' id='word_1_92' title='bbox 1459 1454 1639 1524; x_wconf 81' lang='grc' dir='ltr'>μορφῇ</span> <span class='ocrx_word' id='word_1_93' title='bbox 1678 1452 1905 1522; x_wconf 77' lang='grc' dir='ltr'>ῥεύσαν-</span> 
     </span>
    </p>
   </div>
   <div class='ocr_carea' id='block_1_15' title="bbox 301 1542 1905 1615">
    <p class='ocr_par' dir='ltr' id='par_1_15' title="bbox 301 1542 1905 1615">
     <span class='ocr_line' id='line_1_15' title="bbox 301 1542 1905 1615; baseline -0.001 -18"><span class='ocrx_word' id='word_1_94' title='bbox 301 1562 398 1608; x_wconf 76' lang='grc' dir='ltr'><strong>τος</strong></span> <span class='ocrx_word' id='word_1_95' title='bbox 433 1545 521 1597; x_wconf 80' lang='grc' dir='ltr'>ἐπ’</span> <span class='ocrx_word' id='word_1_96' title='bbox 548 1543 723 1613; x_wconf 78' lang='grc' dir='ltr'>αὐτὴν</span> <span class='ocrx_word' id='word_1_97' title='bbox 756 1542 848 1595; x_wconf 74' lang='grc' dir='ltr'>τοῦ</span> <span class='ocrx_word' id='word_1_98' title='bbox 886 1546 1017 1615; x_wconf 83' lang='grc' dir='ltr'>παρ’</span> <span class='ocrx_word' id='word_1_99' title='bbox 1052 1545 1231 1608; x_wconf 84' lang='grc' dir='ltr'>αὐτοῖς</span> <span class='ocrx_word' id='word_1_100' title='bbox 1253 1545 1372 1607; x_wconf 85' lang='grc' dir='ltr'>Διὸς</span> <span class='ocrx_word' id='word_1_101' title='bbox 1405 1543 1744 1615; x_wconf 81' lang='grc' dir='ltr'>καλουμένου</span> <span class='ocrx_word' id='word_1_102' title='bbox 1764 1584 1778 1608; x_wconf 93' lang='grc'><strong>,</strong></span> <span class='ocrx_word' id='word_1_103' title='bbox 1811 1560 1905 1612; x_wconf 84' lang='grc' dir='ltr'>γε-</span> 
     </span>
    </p>
   </div>
   <div class='ocr_carea' id='block_1_16' title="bbox 308 1636 1904 1709">
    <p class='ocr_par' dir='ltr' id='par_1_16' title="bbox 308 1636 1904 1709">
     <span class='ocr_line' id='line_1_16' title="bbox 308 1636 1904 1709; baseline -0.002 -20"><span class='ocrx_word' id='word_1_104' title='bbox 308 1638 571 1709; x_wconf 75' lang='grc' dir='ltr'>γέννηται</span> <span class='ocrx_word' id='word_1_105' title='bbox 593 1655 608 1666; x_wconf 73' lang='grc' dir='ltr'><strong>ο</strong></span> <span class='ocrx_word' id='word_1_106' title='bbox 639 1638 735 1690; x_wconf 72' lang='grc' dir='ltr'>καὶ</span> <span class='ocrx_word' id='word_1_107' title='bbox 770 1639 930 1709; x_wconf 82' lang='grc' dir='ltr'>ὑμεῖς</span> <span class='ocrx_word' id='word_1_108' title='bbox 962 1636 1031 1689; x_wconf 74' lang='grc' dir='ltr'>τὰ</span> <span class='ocrx_word' id='word_1_109' title='bbox 1066 1636 1204 1689; x_wconf 80' lang='grc' dir='ltr'>αὐτὰ</span> <span class='ocrx_word' id='word_1_110' title='bbox 1236 1636 1463 1698; x_wconf 82' lang='grc' dir='ltr'>ἐκείνοις</span> <span class='ocrx_word' id='word_1_111' title='bbox 1497 1636 1750 1703; x_wconf 86' lang='grc' dir='ltr'>λέγοντες</span> <span class='ocrx_word' id='word_1_112' title='bbox 1770 1675 1785 1699; x_wconf 91' lang='grc'><strong>,</strong></span> <span class='ocrx_word' id='word_1_113' title='bbox 1820 1636 1904 1689; x_wconf 83' lang='grc' dir='ltr'><strong>αἰ-</strong></span> 
     </span>
    </p>
   </div>
   <div class='ocr_carea' id='block_1_17' title="bbox 310 1727 1903 1799">
    <p class='ocr_par' dir='ltr' id='par_1_17' title="bbox 310 1727 1903 1799">
     <span class='ocr_line' id='line_1_17' title="bbox 310 1727 1903 1799; baseline -0.002 -16"><span class='ocrx_word' id='word_1_114' title='bbox 310 1730 519 1783; x_wconf 69' lang='grc' dir='ltr'>δεῖσθαι</span> <span class='ocrx_word' id='word_1_115' title='bbox 540 1730 813 1798; x_wconf 57' lang='grc' dir='ltr'>ὀφείλετε,</span> <span class='ocrx_word' id='word_1_116' title='bbox 837 1729 934 1782; x_wconf 69' lang='grc' dir='ltr'><strong>καὶ</strong></span> <span class='ocrx_word' id='word_1_117' title='bbox 963 1728 1163 1797; x_wconf 80' lang='grc' dir='ltr'>μᾶλλον</span> <span class='ocrx_word' id='word_1_118' title='bbox 1190 1727 1475 1799; x_wconf 79' lang='grc' dir='ltr'>ἄνθρωπον</span> <span class='ocrx_word' id='word_1_119' title='bbox 1510 1727 1569 1793; x_wconf 79' lang='grc' dir='ltr'><strong>ἐξ</strong></span> <span class='ocrx_word' id='word_1_120' title='bbox 1600 1727 1903 1799; x_wconf 82' lang='grc' dir='ltr'>ἀνθρώπων</span> 
     </span>
    </p>
   </div>
   <div class='ocr_carea' id='block_1_18' title="bbox 310 1819 1903 1893">
    <p class='ocr_par' dir='ltr' id='par_1_18' title="bbox 310 1819 1903 1893">
     <span class='ocr_line' id='line_1_18' title="bbox 310 1819 1903 1893; baseline 0 -18"><span class='ocrx_word' id='word_1_121' title='bbox 310 1824 608 1893; x_wconf 71' lang='grc' dir='ltr'>γενόμενον</span> <span class='ocrx_word' id='word_1_122' title='bbox 642 1822 829 1891; x_wconf 82' lang='grc' dir='ltr'>λέγειν</span> <span class='ocrx_word' id='word_1_123' title='bbox 882 1822 972 1873; x_wconf 83' lang='grc' dir='ltr'><strong>τὸν</strong></span> <span class='ocrx_word' id='word_1_124' title='bbox 1011 1820 1215 1891; x_wconf 76' lang='grc' dir='ltr'>Ἰησοῦν</span> <span class='ocrx_word' id='word_1_125' title='bbox 1247 1821 1465 1881; x_wconf 67' lang='grc' dir='ltr'>τοῦτον·</span> <span class='ocrx_word' id='word_1_126' title='bbox 1516 1820 1608 1874; x_wconf 75' lang='grc' dir='ltr'><strong>καὶ</strong></span> <span class='ocrx_word' id='word_1_127' title='bbox 1642 1819 1737 1873; x_wconf 79' lang='grc' dir='ltr'><strong>ἐὰν</strong></span> <span class='ocrx_word' id='word_1_128' title='bbox 1769 1822 1903 1875; x_wconf 88' lang='grc' dir='ltr'>ἀπο-</span> 
     </span>
    </p>
   </div>
   <div class='ocr_carea' id='block_1_19' title="bbox 2008 626 2498 695">
    <p class='ocr_par' dir='ltr' id='par_1_19' title="bbox 2008 626 2498 695">
     <span class='ocr_line' id='line_1_19' title="bbox 2008 626 2498 695; baseline -0.002 -16"><span class='ocrx_word' id='word_1_129' title='bbox 2008 626 2359 695; x_wconf 85' lang='lat' dir='ltr'><strong>pcrspicumn</strong></span> <span class='ocrx_word' id='word_1_130' title='bbox 2395 636 2498 678; x_wconf 87' lang='lat' dir='ltr'><strong>est.</strong></span> 
     </span>
    </p>
   </div>
   <div class='ocr_carea' id='block_1_20' title="bbox 2079 714 3576 786">
    <p class='ocr_par' dir='ltr' id='par_1_20' title="bbox 2079 714 3576 786">
     <span class='ocr_line' id='line_1_20' title="bbox 2079 714 3576 786; baseline -0.001 -16"><span class='ocrx_word' id='word_1_131' title='bbox 2079 717 2168 770; x_wconf 83' lang='grc'><strong>67.</strong></span> <span class='ocrx_word' id='word_1_132' title='bbox 2213 715 2496 785; x_wconf 85' lang='lat' dir='ltr'><strong>Comparat</strong></span> <span class='ocrx_word' id='word_1_133' title='bbox 2529 716 2734 786; x_wconf 80' lang='lat' dir='ltr'><strong>Trypho</strong></span> <span class='ocrx_word' id='word_1_134' title='bbox 2759 715 2940 769; x_wconf 75' lang='lat' dir='ltr'><strong>Iesum</strong></span> <span class='ocrx_word' id='word_1_135' title='bbox 2984 733 3102 769; x_wconf 87' lang='lat' dir='ltr'><strong>cum</strong></span> <span class='ocrx_word' id='word_1_136' title='bbox 3151 716 3365 769; x_wconf 82' lang='lat' dir='ltr'><strong>Perseo.</strong></span> <span class='ocrx_word' id='word_1_137' title='bbox 3395 714 3576 768; x_wconf 71' lang='lat' dir='ltr'><strong>Mallet</strong></span> 
     </span>
    </p>
   </div>
   <div class='ocr_carea' id='block_1_21' title="bbox 2007 808 3578 877">
    <p class='ocr_par' dir='ltr' id='par_1_21' title="bbox 2007 808 3578 877">
     <span class='ocr_line' id='line_1_21' title="bbox 2007 808 3578 877; baseline -0.001 -15"><span class='ocrx_word' id='word_1_138' title='bbox 2007 825 2125 862; x_wconf 81' lang='lat' dir='ltr'><strong>eum</strong></span> <span class='ocrx_word' id='word_1_139' title='bbox 2157 811 2217 861; x_wconf 89' lang='lat' dir='ltr'><strong>ob</strong></span> <span class='ocrx_word' id='word_1_140' title='bbox 2249 809 2377 877; x_wconf 79' lang='lat' dir='ltr'><strong>legis</strong></span> <span class='ocrx_word' id='word_1_141' title='bbox 2401 809 2818 863; x_wconf 75' lang='lat' dir='ltr'><strong>observationem</strong></span> <span class='ocrx_word' id='word_1_142' title='bbox 2853 808 3073 861; x_wconf 82' lang='lat' dir='ltr'><strong>electum</strong></span> <span class='ocrx_word' id='word_1_143' title='bbox 3097 809 3223 861; x_wconf 81' lang='lat' dir='ltr'><strong>dici.</strong></span> <span class='ocrx_word' id='word_1_144' title='bbox 3247 808 3489 861; x_wconf 74' lang='lat' dir='ltr'><strong>Justinus</strong></span> <span class='ocrx_word' id='word_1_145' title='bbox 3515 808 3578 860; x_wconf 74' lang='lat' dir='ltr'><strong>de</strong></span> 
     </span>
    </p>
   </div>
   <div class='ocr_carea' id='block_1_22' title="bbox 2008 899 3575 971">
    <p class='ocr_par' dir='ltr' id='par_1_22' title="bbox 2008 899 3575 971">
     <span class='ocr_line' id='line_1_22' title="bbox 2008 899 3575 971; baseline 0.001 -17"><span class='ocrx_word' id='word_1_146' title='bbox 2008 902 2139 971; x_wconf 81' lang='lat' dir='ltr'><strong>lege,</strong></span> <span class='ocrx_word' id='word_1_147' title='bbox 2171 913 2225 954; x_wconf 85' lang='lat' dir='ltr'><strong>ul</strong></span> <span class='ocrx_word' id='word_1_148' title='bbox 2258 911 2433 964; x_wconf 84' lang='lat' dir='ltr'><strong>antea,</strong></span> <span class='ocrx_word' id='word_1_149' title='bbox 2467 902 2783 958; x_wconf 79' lang='lat' dir='ltr'><strong>disserit.——</strong></span> <span class='ocrx_word' id='word_1_150' title='bbox 2806 899 2942 954; x_wconf 88' lang='lat' dir='ltr'><strong>Tum</strong></span> <span class='ocrx_word' id='word_1_151' title='bbox 2984 902 3207 971; x_wconf 84' lang='lat' dir='ltr'><strong>Trypho</strong></span> <span class='ocrx_word' id='word_1_152' title='bbox 3245 902 3528 971; x_wconf 90' lang='lat' dir='ltr'><strong>respondit</strong></span> <span class='ocrx_word' id='word_1_153' title='bbox 3558 918 3575 957; x_wconf 90' lang='lat'><strong>:</strong></span> 
     </span>
    </p>
   </div>
   <div class='ocr_carea' id='block_1_23' title="bbox 1976 992 3580 1064">
    <p class='ocr_par' dir='ltr' id='par_1_23' title="bbox 1976 992 3580 1064">
     <span class='ocr_line' id='line_1_23' title="bbox 1976 992 3580 1064; baseline 0 -16"><span class='ocrx_word' id='word_1_154' title='bbox 1976 1016 1979 1017; x_wconf 50' lang='grc' dir='ltr'><strong>ν</strong></span> <span class='ocrx_word' id='word_1_155' title='bbox 2010 992 2289 1063; x_wconf 78' lang='lat' dir='ltr'><strong>Scriptura</strong></span> <span class='ocrx_word' id='word_1_156' title='bbox 2340 1010 2446 1047; x_wconf 90' lang='lat' dir='ltr'><strong>non</strong></span> <span class='ocrx_word' id='word_1_157' title='bbox 2482 994 2647 1048; x_wconf 89' lang='lat' dir='ltr'><strong>habet</strong></span> <span class='ocrx_word' id='word_1_158' title='bbox 2681 1011 2695 1047; x_wconf 93' lang='lat'><strong>:</strong></span> <span class='ocrx_word' id='word_1_159' title='bbox 2734 1012 2752 1045; x_wconf 80' lang='grc' dir='ltr'><strong>ι</strong></span> <span class='ocrx_word' id='word_1_160' title='bbox 2788 994 2931 1049; x_wconf 87' lang='lat' dir='ltr'><strong>Ecce</strong></span> <span class='ocrx_word' id='word_1_161' title='bbox 2966 993 3128 1064; x_wconf 82' lang='lat' dir='ltr'><strong>Virgo</strong></span> <span class='ocrx_word' id='word_1_162' title='bbox 3170 995 3224 1047; x_wconf 87' lang='lat' dir='ltr'><strong>in</strong></span> <span class='ocrx_word' id='word_1_163' title='bbox 3259 1003 3415 1048; x_wconf 91' lang='lat' dir='ltr'><strong>utero</strong></span> <span class='ocrx_word' id='word_1_164' title='bbox 3449 1009 3580 1048; x_wconf 80' lang='lat' dir='ltr'><strong>con-</strong></span> 
     </span>
    </p>
   </div>
   <div class='ocr_carea' id='block_1_24' title="bbox 2008 1084 3578 1155">
    <p class='ocr_par' dir='ltr' id='par_1_24' title="bbox 2008 1084 3578 1155">
     <span class='ocr_line' id='line_1_24' title="bbox 2008 1084 3578 1155; baseline -0.001 -14"><span class='ocrx_word' id='word_1_165' title='bbox 2008 1088 2190 1154; x_wconf 89' lang='lat' dir='ltr'><strong>cipiet,</strong></span> <span class='ocrx_word' id='word_1_166' title='bbox 2222 1094 2279 1137; x_wconf 78' lang='lat' dir='ltr'><strong>et</strong></span> <span class='ocrx_word' id='word_1_167' title='bbox 2303 1088 2482 1155; x_wconf 86' lang='lat' dir='ltr'><strong>pariet</strong></span> <span class='ocrx_word' id='word_1_168' title='bbox 2514 1086 2708 1151; x_wconf 84' lang='lat' dir='ltr'><strong>illium,</strong></span> <span class='ocrx_word' id='word_1_169' title='bbox 2734 1105 2750 1137; x_wconf 73' lang='grc' dir='ltr'><strong>ι</strong></span> <span class='ocrx_word' id='word_1_170' title='bbox 2782 1086 2877 1141; x_wconf 92' lang='lat' dir='ltr'><strong>sed</strong></span> <span class='ocrx_word' id='word_1_171' title='bbox 2906 1104 2921 1140; x_wconf 90' lang='lat'><strong>:</strong></span> <span class='ocrx_word' id='word_1_172' title='bbox 2952 1105 2971 1137; x_wconf 71' lang='grc' dir='ltr'>ί</span> <span class='ocrx_word' id='word_1_173' title='bbox 2998 1086 3141 1139; x_wconf 87' lang='lat' dir='ltr'><strong>Ecce</strong></span> <span class='ocrx_word' id='word_1_174' title='bbox 3170 1084 3578 1140; x_wconf 80' lang='lat' dir='ltr'><strong>adulescentula</strong></span> 
     </span>
    </p>
   </div>
   <div class='ocr_carea' id='block_1_25' title="bbox 2009 1178 3578 1247">
    <p class='ocr_par' dir='ltr' id='par_1_25' title="bbox 2009 1178 3578 1247">
     <span class='ocr_line' id='line_1_25' title="bbox 2009 1178 3578 1247; baseline 0 -14"><span class='ocrx_word' id='word_1_175' title='bbox 2009 1179 2061 1233; x_wconf 91' lang='lat' dir='ltr'><strong>in</strong></span> <span class='ocrx_word' id='word_1_176' title='bbox 2094 1186 2249 1231; x_wconf 89' lang='lat' dir='ltr'><strong>utero</strong></span> <span class='ocrx_word' id='word_1_177' title='bbox 2276 1179 2553 1247; x_wconf 72' lang='lat' dir='ltr'><strong>concipiet</strong></span> <span class='ocrx_word' id='word_1_178' title='bbox 2581 1187 2634 1232; x_wconf 90' lang='lat' dir='ltr'><strong>et</strong></span> <span class='ocrx_word' id='word_1_179' title='bbox 2671 1179 2846 1247; x_wconf 89' lang='lat' dir='ltr'><strong>pariet</strong></span> <span class='ocrx_word' id='word_1_180' title='bbox 2879 1178 3070 1245; x_wconf 73' lang='lat' dir='ltr'><strong>filium,</strong></span> <span class='ocrx_word' id='word_1_181' title='bbox 3102 1198 3120 1231; x_wconf 79' lang='grc' dir='ltr'><strong>ι</strong></span> <span class='ocrx_word' id='word_1_182' title='bbox 3152 1188 3208 1232; x_wconf 90' lang='lat' dir='ltr'><strong>et</strong></span> <span class='ocrx_word' id='word_1_183' title='bbox 3236 1192 3356 1246; x_wconf 70' lang='lat' dir='ltr'><strong>qum</strong></span> <span class='ocrx_word' id='word_1_184' title='bbox 3383 1178 3578 1233; x_wconf 89' lang='lat' dir='ltr'><strong>ordine</strong></span> 
     </span>
    </p>
   </div>
   <div class='ocr_carea' id='block_1_26' title="bbox 2009 1270 3579 1340">
    <p class='ocr_par' dir='ltr' id='par_1_26' title="bbox 2009 1270 3579 1340">
     <span class='ocr_line' id='line_1_26' title="bbox 2009 1270 3579 1340; baseline 0.001 -16"><span class='ocrx_word' id='word_1_185' title='bbox 2009 1278 2336 1337; x_wconf 88' lang='lat' dir='ltr'><strong>sequuntur,</strong></span> <span class='ocrx_word' id='word_1_186' title='bbox 2367 1279 2427 1322; x_wconf 91' lang='lat' dir='ltr'><strong>ut</strong></span> <span class='ocrx_word' id='word_1_187' title='bbox 2463 1285 2491 1322; x_wconf 90' lang='lat' dir='ltr'><strong>a</strong></span> <span class='ocrx_word' id='word_1_188' title='bbox 2524 1281 2574 1325; x_wconf 87' lang='lat' dir='ltr'><strong>te</strong></span> <span class='ocrx_word' id='word_1_189' title='bbox 2620 1271 2846 1325; x_wconf 88' lang='lat' dir='ltr'><strong>recitata</strong></span> <span class='ocrx_word' id='word_1_190' title='bbox 2879 1280 3022 1326; x_wconf 88' lang='lat' dir='ltr'><strong>sunt.</strong></span> <span class='ocrx_word' id='word_1_191' title='bbox 3062 1270 3199 1325; x_wconf 89' lang='lat' dir='ltr'><strong>Tota</strong></span> <span class='ocrx_word' id='word_1_192' title='bbox 3236 1279 3418 1326; x_wconf 83' lang='lat' dir='ltr'><strong>autem</strong></span> <span class='ocrx_word' id='word_1_193' title='bbox 3452 1286 3579 1340; x_wconf 85' lang='lat' dir='ltr'><strong>pro-</strong></span> 
     </span>
    </p>
   </div>
   <div class='ocr_carea' id='block_1_27' title="bbox 2007 1360 3579 1429">
    <p class='ocr_par' dir='ltr' id='par_1_27' title="bbox 2007 1360 3579 1429">
     <span class='ocr_line' id='line_1_27' title="bbox 2007 1360 3579 1429; baseline 0.003 -16"><span class='ocrx_word' id='word_1_194' title='bbox 2007 1360 2187 1429; x_wconf 88' lang='lat' dir='ltr'><strong>phetia</strong></span> <span class='ocrx_word' id='word_1_195' title='bbox 2222 1360 2272 1412; x_wconf 92' lang='lat' dir='ltr'><strong>in</strong></span> <span class='ocrx_word' id='word_1_196' title='bbox 2308 1360 2600 1414; x_wconf 86' lang='lat' dir='ltr'><strong>Ezechiam</strong></span> <span class='ocrx_word' id='word_1_197' title='bbox 2636 1361 2781 1415; x_wconf 89' lang='lat' dir='ltr'><strong>dicta</strong></span> <span class='ocrx_word' id='word_1_198' title='bbox 2810 1370 2932 1428; x_wconf 89' lang='lat' dir='ltr'><strong>est,</strong></span> <span class='ocrx_word' id='word_1_199' title='bbox 2965 1362 3019 1416; x_wconf 89' lang='lat' dir='ltr'><strong>in</strong></span> <span class='ocrx_word' id='word_1_200' title='bbox 3053 1376 3217 1429; x_wconf 97' lang='lat' dir='ltr'><strong>quem</strong></span> <span class='ocrx_word' id='word_1_201' title='bbox 3244 1361 3411 1416; x_wconf 87' lang='lat' dir='ltr'><strong>etiam</strong></span> <span class='ocrx_word' id='word_1_202' title='bbox 3446 1377 3579 1417; x_wconf 88' lang='lat' dir='ltr'><strong>eve-</strong></span> 
     </span>
    </p>
   </div>
   <div class='ocr_carea' id='block_1_28' title="bbox 2007 1448 3581 1522">
    <p class='ocr_par' dir='ltr' id='par_1_28' title="bbox 2007 1448 3581 1522">
     <span class='ocr_line' id='line_1_28' title="bbox 2007 1448 3581 1522; baseline 0.003 -20"><span class='ocrx_word' id='word_1_203' title='bbox 2007 1450 2153 1503; x_wconf 87' lang='lat' dir='ltr'><strong>nisse</strong></span> <span class='ocrx_word' id='word_1_204' title='bbox 2189 1448 2348 1520; x_wconf 62' lang='lat'><strong>164.</strong></span> <span class='ocrx_word' id='word_1_205' title='bbox 2380 1450 2829 1506; x_wconf 79' lang='lat' dir='ltr'><strong>demonstrantur</strong></span> <span class='ocrx_word' id='word_1_206' title='bbox 2857 1491 2874 1519; x_wconf 93' lang='lat'><strong>,</strong></span> <span class='ocrx_word' id='word_1_207' title='bbox 2906 1468 3027 1522; x_wconf 65' lang='lat' dir='ltr'><strong>qua:</strong></span> <span class='ocrx_word' id='word_1_208' title='bbox 3055 1454 3158 1507; x_wconf 90' lang='lat' dir='ltr'><strong>hoc</strong></span> <span class='ocrx_word' id='word_1_209' title='bbox 3189 1452 3417 1507; x_wconf 85' lang='lat' dir='ltr'><strong>oraculo</strong></span> <span class='ocrx_word' id='word_1_210' title='bbox 3450 1466 3581 1507; x_wconf 84' lang='lat' dir='ltr'><strong>con-</strong></span> 
     </span>
    </p>
   </div>
   <div class='ocr_carea' id='block_1_29' title="bbox 2008 1540 3579 1613">
    <p class='ocr_par' dir='ltr' id='par_1_29' title="bbox 2008 1540 3579 1613">
     <span class='ocr_line' id='line_1_29' title="bbox 2008 1540 3579 1613; baseline 0.002 -18"><span class='ocrx_word' id='word_1_211' title='bbox 2008 1542 2269 1595; x_wconf 87' lang='lat' dir='ltr'><strong>tinentur.</strong></span> <span class='ocrx_word' id='word_1_212' title='bbox 2304 1541 2637 1595; x_wconf 88' lang='lat' dir='ltr'><strong>Perhibetur</strong></span> <span class='ocrx_word' id='word_1_213' title='bbox 2679 1553 2861 1597; x_wconf 87' lang='lat' dir='ltr'><strong>autem</strong></span> <span class='ocrx_word' id='word_1_214' title='bbox 2914 1542 2970 1596; x_wconf 91' lang='lat' dir='ltr'><strong>in</strong></span> <span class='ocrx_word' id='word_1_215' title='bbox 3005 1558 3227 1609; x_wconf 89' lang='lat' dir='ltr'><strong>eorum,</strong></span> <span class='ocrx_word' id='word_1_216' title='bbox 3276 1542 3370 1613; x_wconf 88' lang='lat' dir='ltr'><strong>qui</strong></span> <span class='ocrx_word' id='word_1_217' title='bbox 3404 1540 3579 1599; x_wconf 66' lang='lat' dir='ltr'><strong>Graeci</strong></span> 
     </span>
    </p>
   </div>
   <div class='ocr_carea' id='block_1_30' title="bbox 2006 1632 3579 1703">
    <p class='ocr_par' dir='ltr' id='par_1_30' title="bbox 2006 1632 3579 1703">
     <span class='ocr_line' id='line_1_30' title="bbox 2006 1632 3579 1703; baseline 0.001 -17"><span class='ocrx_word' id='word_1_218' title='bbox 2006 1633 2282 1697; x_wconf 90' lang='lat' dir='ltr'><strong>dicuntur,</strong></span> <span class='ocrx_word' id='word_1_219' title='bbox 2316 1632 2515 1687; x_wconf 88' lang='lat' dir='ltr'><strong>fabulis</strong></span> <span class='ocrx_word' id='word_1_220' title='bbox 2540 1675 2556 1700; x_wconf 91' lang='lat'><strong>,</strong></span> <span class='ocrx_word' id='word_1_221' title='bbox 2590 1633 2851 1688; x_wconf 88' lang='lat' dir='ltr'><strong>Perseum</strong></span> <span class='ocrx_word' id='word_1_222' title='bbox 2878 1649 2946 1688; x_wconf 84' lang='lat' dir='ltr'><strong>ex</strong></span> <span class='ocrx_word' id='word_1_223' title='bbox 2972 1633 3155 1689; x_wconf 82' lang='lat' dir='ltr'><strong><em>Danae</em></strong></span> <span class='ocrx_word' id='word_1_224' title='bbox 3182 1635 3390 1703; x_wconf 81' lang='lat' dir='ltr'><strong>virgine</strong></span> <span class='ocrx_word' id='word_1_225' title='bbox 3411 1673 3427 1698; x_wconf 91' lang='lat'><strong>,</strong></span> <span class='ocrx_word' id='word_1_226' title='bbox 3457 1648 3579 1688; x_wconf 89' lang='lat' dir='ltr'><strong>cum</strong></span> 
     </span>
    </p>
   </div>
   <div class='ocr_carea' id='block_1_31' title="bbox 2008 1725 3580 1798">
    <p class='ocr_par' dir='ltr' id='par_1_31' title="bbox 2008 1725 3580 1798">
     <span class='ocr_line' id='line_1_31' title="bbox 2008 1725 3580 1798; baseline -0.001 -15"><span class='ocrx_word' id='word_1_227' title='bbox 2008 1725 2060 1783; x_wconf 84' lang='lat' dir='ltr'><strong>in</strong></span> <span class='ocrx_word' id='word_1_228' title='bbox 2106 1731 2223 1783; x_wconf 88' lang='lat' dir='ltr'><strong>auri</strong></span> <span class='ocrx_word' id='word_1_229' title='bbox 2271 1729 2444 1783; x_wconf 88' lang='lat' dir='ltr'><strong>forma</strong></span> <span class='ocrx_word' id='word_1_230' title='bbox 2482 1728 2792 1784; x_wconf 78' lang='lat' dir='ltr'><strong>iniluxisset</strong></span> <span class='ocrx_word' id='word_1_231' title='bbox 2828 1728 2880 1782; x_wconf 89' lang='lat' dir='ltr'><strong>in</strong></span> <span class='ocrx_word' id='word_1_232' title='bbox 2912 1744 3034 1784; x_wconf 88' lang='lat' dir='ltr'><strong>eam</strong></span> <span class='ocrx_word' id='word_1_233' title='bbox 3069 1729 3117 1784; x_wconf 92' lang='lat' dir='ltr'><strong>is</strong></span> <span class='ocrx_word' id='word_1_234' title='bbox 3148 1730 3241 1798; x_wconf 91' lang='lat' dir='ltr'><strong>qui</strong></span> <span class='ocrx_word' id='word_1_235' title='bbox 3280 1729 3421 1798; x_wconf 91' lang='lat' dir='ltr'><strong>apud</strong></span> <span class='ocrx_word' id='word_1_236' title='bbox 3458 1727 3580 1782; x_wconf 86' lang='lat' dir='ltr'><strong>illos</strong></span> 
     </span>
    </p>
   </div>
   <div class='ocr_carea' id='block_1_32' title="bbox 2007 1817 3581 1888">
    <p class='ocr_par' dir='ltr' id='par_1_32' title="bbox 2007 1817 3581 1888">
     <span class='ocr_line' id='line_1_32' title="bbox 2007 1817 3581 1888; baseline 0 -16"><span class='ocrx_word' id='word_1_237' title='bbox 2007 1819 2208 1873; x_wconf 88' lang='lat' dir='ltr'><strong>dicitur</strong></span> <span class='ocrx_word' id='word_1_238' title='bbox 2233 1817 2480 1887; x_wconf 84' lang='lat' dir='ltr'><strong>Jupiter,</strong></span> <span class='ocrx_word' id='word_1_239' title='bbox 2517 1819 2766 1888; x_wconf 87' lang='lat' dir='ltr'><strong>genitum</strong></span> <span class='ocrx_word' id='word_1_240' title='bbox 2799 1832 2956 1885; x_wconf 89' lang='lat' dir='ltr'><strong>esse;</strong></span> <span class='ocrx_word' id='word_1_241' title='bbox 2987 1832 3050 1872; x_wconf 89' lang='lat' dir='ltr'><strong>ac</strong></span> <span class='ocrx_word' id='word_1_242' title='bbox 3078 1834 3175 1872; x_wconf 88' lang='lat' dir='ltr'><strong>vos</strong></span> <span class='ocrx_word' id='word_1_243' title='bbox 3212 1832 3348 1872; x_wconf 87' lang='lat' dir='ltr'><strong>sane</strong></span> <span class='ocrx_word' id='word_1_244' title='bbox 3374 1817 3581 1886; x_wconf 88' lang='lat' dir='ltr'><strong>pudere</strong></span> 
     </span>
    </p>
   </div>
   <div class='ocr_carea' id='block_1_33' title="bbox 313 1886 1898 1988">
    <p class='ocr_par' dir='ltr' id='par_1_33' title="bbox 313 1886 1898 1988">
     <span class='ocr_line' id='line_1_33' title="bbox 313 1886 1898 1988; baseline 0 -19"><span class='ocrx_word' id='word_1_245' title='bbox 313 1886 551 1969; x_wconf 70' lang='grc' dir='ltr'>δείκνυτε</span> <span class='ocrx_word' id='word_1_246' title='bbox 611 1886 733 1969; x_wconf 34' lang='grc' dir='ltr'>ἀπὸ.</span> <span class='ocrx_word' id='word_1_247' title='bbox 761 1914 869 1969; x_wconf 84' lang='grc' dir='ltr'><strong>τῶν</strong></span> <span class='ocrx_word' id='word_1_248' title='bbox 902 1886 1165 1986; x_wconf 72' lang='grc' dir='ltr'>Γραςρῶν,</span> <span class='ocrx_word' id='word_1_249' title='bbox 1201 1917 1293 1968; x_wconf 79' lang='grc' dir='ltr'>ὅτι</span> <span class='ocrx_word' id='word_1_250' title='bbox 1329 1916 1492 1979; x_wconf 78' lang='grc' dir='ltr'>αὑτός</span> <span class='ocrx_word' id='word_1_251' title='bbox 1525 1917 1671 1968; x_wconf 80' lang='grc' dir='ltr'>ἐστιν</span> <span class='ocrx_word' id='word_1_252' title='bbox 1702 1918 1731 1969; x_wconf 98' lang='lat'><strong>6</strong></span> <span class='ocrx_word' id='word_1_253' title='bbox 1769 1918 1898 1988; x_wconf 86' lang='grc' dir='ltr'>Χρι-</span> 
     </span>
    </p>
   </div>
   <div class='ocr_carea' id='block_1_34' title="bbox 2010 1886 3579 1988">
    <p class='ocr_par' dir='ltr' id='par_1_34' title="bbox 2010 1886 3579 1978">
     <span class='ocr_line' id='line_1_34' title="bbox 2010 1886 3579 1978; baseline -0.003 -15"><span class='ocrx_word' id='word_1_254' title='bbox 2010 1910 2231 1964; x_wconf 86' lang='lat' dir='ltr'><strong>deberet</strong></span> <span class='ocrx_word' id='word_1_255' title='bbox 2264 1886 2452 1963; x_wconf 85' lang='lat' dir='ltr'><strong>eadem</strong></span> <span class='ocrx_word' id='word_1_256' title='bbox 2491 1886 2599 1964; x_wconf 82' lang='lat' dir='ltr'><strong>illis</strong></span> <span class='ocrx_word' id='word_1_257' title='bbox 2634 1909 2855 1977; x_wconf 83' lang='lat' dir='ltr'><strong>dicere;</strong></span> <span class='ocrx_word' id='word_1_258' title='bbox 2893 1909 3171 1978; x_wconf 85' lang='lat' dir='ltr'><strong>satiusque</strong></span> <span class='ocrx_word' id='word_1_259' title='bbox 3210 1919 3357 1962; x_wconf 84' lang='lat' dir='ltr'><strong>esset</strong></span> <span class='ocrx_word' id='word_1_260' title='bbox 3403 1907 3579 1961; x_wconf 87' lang='lat' dir='ltr'><strong>homi-</strong></span> 
     </span>
    </p>
   </div>
   <div class='ocr_carea' id='block_1_35' title="bbox 318 2006 1901 2078">
    <p class='ocr_par' dir='ltr' id='par_1_35' title="bbox 318 2006 1901 2078">
     <span class='ocr_line' id='line_1_35' title="bbox 318 2006 1901 2078; baseline 0.001 -18"><span class='ocrx_word' id='word_1_261' title='bbox 318 2008 465 2071; x_wconf 65' lang='grc' dir='ltr'>στὰς,</span> <span class='ocrx_word' id='word_1_262' title='bbox 516 2008 611 2061; x_wconf 69' lang='grc' dir='ltr'>διὰ</span> <span class='ocrx_word' id='word_1_263' title='bbox 656 2009 719 2060; x_wconf 75' lang='grc' dir='ltr'><strong>τὸ</strong></span> <span class='ocrx_word' id='word_1_264' title='bbox 753 2008 995 2078; x_wconf 81' lang='grc' dir='ltr'>ἐννόμως</span> <span class='ocrx_word' id='word_1_265' title='bbox 1031 2006 1127 2060; x_wconf 68' lang='grc' dir='ltr'>καὶ</span> <span class='ocrx_word' id='word_1_266' title='bbox 1159 2007 1357 2070; x_wconf 77' lang='grc' dir='ltr'>τελέως</span> <span class='ocrx_word' id='word_1_267' title='bbox 1392 2007 1767 2061; x_wconf 81' lang='grc' dir='ltr'>πολιτεύεσθαι</span> <span class='ocrx_word' id='word_1_268' title='bbox 1802 2009 1901 2061; x_wconf 83' lang='grc' dir='ltr'><strong>αὑ-</strong></span> 
     </span>
    </p>
   </div>
   <div class='ocr_carea' id='block_1_36' title="bbox 316 2096 1903 2169">
    <p class='ocr_par' dir='ltr' id='par_1_36' title="bbox 316 2096 1903 2169">
     <span class='ocr_line' id='line_1_36' title="bbox 316 2096 1903 2169; baseline 0 -18"><span class='ocrx_word' id='word_1_269' title='bbox 316 2098 419 2161; x_wconf 65' lang='grc' dir='ltr'>τὸν,</span> <span class='ocrx_word' id='word_1_270' title='bbox 453 2096 836 2168; x_wconf 73' lang='grc' dir='ltr'>κατηξιῶσθαι</span> <span class='ocrx_word' id='word_1_271' title='bbox 871 2097 965 2151; x_wconf 82' lang='grc' dir='ltr'>τοῦ</span> <span class='ocrx_word' id='word_1_272' title='bbox 1014 2097 1303 2168; x_wconf 84' lang='grc' dir='ltr'>ἐκλεγῆναι</span> <span class='ocrx_word' id='word_1_273' title='bbox 1350 2099 1432 2162; x_wconf 79' lang='grc' dir='ltr'>εἰς</span> <span class='ocrx_word' id='word_1_274' title='bbox 1465 2099 1700 2169; x_wconf 84' lang='grc' dir='ltr'>Χριστόν</span> <span class='ocrx_word' id='word_1_275' title='bbox 1723 2116 1736 2129; x_wconf 89' lang='grc'><strong>·</strong></span> <span class='ocrx_word' id='word_1_276' title='bbox 1766 2098 1903 2152; x_wconf 87' lang='grc' dir='ltr'>ἀλλὰ</span> 
     </span>
    </p>
   </div>
   <div class='ocr_carea' id='block_1_37' title="bbox 318 2189 1900 2262">
    <p class='ocr_par' dir='ltr' id='par_1_37' title="bbox 318 2189 1900 2262">
     <span class='ocr_line' id='line_1_37' title="bbox 318 2189 1900 2262; baseline 0.001 -18"><span class='ocrx_word' id='word_1_277' title='bbox 318 2191 387 2262; x_wconf 72' lang='grc' dir='ltr'>μὴ</span> <span class='ocrx_word' id='word_1_278' title='bbox 434 2190 817 2261; x_wconf 77' lang='grc' dir='ltr'>τερατολογεῖν</span> <span class='ocrx_word' id='word_1_279' title='bbox 868 2189 1142 2261; x_wconf 79' lang='grc' dir='ltr'>τολμᾶτε,</span> <span class='ocrx_word' id='word_1_280' title='bbox 1193 2192 1341 2254; x_wconf 80' lang='grc' dir='ltr'>ὅπως</span> <span class='ocrx_word' id='word_1_281' title='bbox 1387 2192 1523 2262; x_wconf 88' lang='grc' dir='ltr'>μήτε</span> <span class='ocrx_word' id='word_1_282' title='bbox 1558 2191 1758 2257; x_wconf 83' lang='grc' dir='ltr'>ὁμοίως</span> <span class='ocrx_word' id='word_1_283' title='bbox 1791 2195 1900 2255; x_wconf 85' lang='grc' dir='ltr'>τοῖς</span> 
     </span>
    </p>
   </div>
   <div class='ocr_carea' id='block_1_38' title="bbox 314 2282 1225 2356">
    <p class='ocr_par' dir='ltr' id='par_1_38' title="bbox 314 2282 1225 2356">
     <span class='ocr_line' id='line_1_38' title="bbox 314 2282 1225 2356; baseline 0.001 -19"><span class='ocrx_word' id='word_1_284' title='bbox 314 2283 532 2355; x_wconf 75' lang='grc' dir='ltr'>Ἕλλησι</span> <span class='ocrx_word' id='word_1_285' title='bbox 571 2284 874 2355; x_wconf 79' lang='grc' dir='ltr'>μωραίνειν</span> <span class='ocrx_word' id='word_1_286' title='bbox 908 2282 1225 2356; x_wconf 82' lang='grc' dir='ltr'>ἐλέγχησθε.</span> 
     </span>
    </p>
   </div>
   <div class='ocr_carea' id='block_1_39' title="bbox 370 2562 1899 2639">
    <p class='ocr_par' dir='ltr' id='par_1_39' title="bbox 370 2562 1899 2639">
     <span class='ocr_line' id='line_1_39' title="bbox 370 2562 1899 2639; baseline 0.004 -21"><span class='ocrx_word' id='word_1_287' title='bbox 370 2566 479 2619; x_wconf 66' lang='grc' dir='ltr'><strong>Καὶ</strong></span> <span class='ocrx_word' id='word_1_288' title='bbox 514 2565 630 2635; x_wconf 75' lang='grc' dir='ltr'><strong>ἐγὼ</strong></span> <span class='ocrx_word' id='word_1_289' title='bbox 667 2568 808 2638; x_wconf 78' lang='grc' dir='ltr'>πρὸς</span> <span class='ocrx_word' id='word_1_290' title='bbox 841 2567 1014 2621; x_wconf 75' lang='grc' dir='ltr'>ταῦτα</span> <span class='ocrx_word' id='word_1_291' title='bbox 1045 2566 1213 2639; x_wconf 75' lang='grc' dir='ltr'>ἔφην’</span> <span class='ocrx_word' id='word_1_292' title='bbox 1237 2562 1307 2619; x_wconf 82' lang='grc' dir='ltr'><strong><em>Ὦ</em></strong></span> <span class='ocrx_word' id='word_1_293' title='bbox 1340 2567 1594 2639; x_wconf 80' lang='grc' dir='ltr'><strong>Τρύφων,</strong></span> <span class='ocrx_word' id='word_1_294' title='bbox 1631 2570 1805 2623; x_wconf 86' lang='grc' dir='ltr'>ἐκεῖνό</span> <span class='ocrx_word' id='word_1_295' title='bbox 1840 2587 1899 2624; x_wconf 89' lang='grc' dir='ltr'><strong>σε</strong></span> 
     </span>
    </p>
   </div>
   <div class='ocr_carea' id='block_1_40' title="bbox 302 2658 1897 2732">
    <p class='ocr_par' dir='ltr' id='par_1_40' title="bbox 302 2658 1897 2732">
     <span class='ocr_line' id='line_1_40' title="bbox 302 2658 1897 2732; baseline 0.003 -23"><span class='ocrx_word' id='word_1_296' title='bbox 302 2658 596 2711; x_wconf 63' lang='grc' dir='ltr'>τεπεῖσθαι</span> <span class='ocrx_word' id='word_1_297' title='bbox 634 2658 901 2729; x_wconf 77' lang='grc' dir='ltr'>βούλομαι</span> <span class='ocrx_word' id='word_1_298' title='bbox 921 2700 935 2723; x_wconf 91' lang='grc'><strong>,</strong></span> <span class='ocrx_word' id='word_1_299' title='bbox 962 2658 1059 2712; x_wconf 72' lang='grc' dir='ltr'><strong>καὶ</strong></span> <span class='ocrx_word' id='word_1_300' title='bbox 1095 2658 1299 2722; x_wconf 80' lang='grc' dir='ltr'>πάντας</span> <span class='ocrx_word' id='word_1_301' title='bbox 1334 2658 1520 2723; x_wconf 85' lang='grc' dir='ltr'>ἁπλῶς</span> <span class='ocrx_word' id='word_1_302' title='bbox 1552 2659 1897 2732; x_wconf 86' lang='grc' dir='ltr'>ἀνθρώπους,</span> 
     </span>
    </p>
   </div>
   <div class='ocr_carea' id='block_1_41' title="bbox 302 2740 1899 2825">
    <p class='ocr_par' dir='ltr' id='par_1_41' title="bbox 302 2740 1899 2825">
     <span class='ocr_line' id='line_1_41' title="bbox 302 2740 1899 2825; baseline 0.003 -22"><span class='ocrx_word' id='word_1_303' title='bbox 302 2751 381 2803; x_wconf 72' lang='grc' dir='ltr'><strong>δτι</strong></span> <span class='ocrx_word' id='word_1_304' title='bbox 402 2790 416 2812; x_wconf 85' lang='grc'><strong>,</strong></span> <span class='ocrx_word' id='word_1_305' title='bbox 450 2751 559 2803; x_wconf 71' lang='grc' dir='ltr'>κᾶν</span> <span class='ocrx_word' id='word_1_306' title='bbox 586 2740 970 2820; x_wconf 74' lang='grc' dir='ltr'>γελοιάζοντες</span> <span class='ocrx_word' id='word_1_307' title='bbox 1017 2750 1050 2821; x_wconf 81' lang='grc' dir='ltr'>ἢ</span> <span class='ocrx_word' id='word_1_308' title='bbox 1096 2753 1524 2819; x_wconf 80' lang='grc' dir='ltr'>ἐπιτωθάζοντες</span> <span class='ocrx_word' id='word_1_309' title='bbox 1557 2754 1774 2825; x_wconf 81' lang='grc' dir='ltr'>χείρονα</span> <span class='ocrx_word' id='word_1_310' title='bbox 1807 2754 1899 2807; x_wconf 87' lang='grc' dir='ltr'>λέ-</span> 
     </span>
    </p>
   </div>
   <div class='ocr_carea' id='block_1_42' title="bbox 302 2842 1899 2917">
    <p class='ocr_par' dir='ltr' id='par_1_42' title="bbox 302 2842 1899 2917">
     <span class='ocr_line' id='line_1_42' title="bbox 302 2842 1899 2917; baseline 0.003 -21"><span class='ocrx_word' id='word_1_311' title='bbox 302 2860 468 2915; x_wconf 73' lang='grc' dir='ltr'>γητε,</span> <span class='ocrx_word' id='word_1_312' title='bbox 506 2845 614 2896; x_wconf 68' lang='grc' dir='ltr'><strong>οὐκ</strong></span> <span class='ocrx_word' id='word_1_313' title='bbox 651 2842 955 2913; x_wconf 78' lang='grc' dir='ltr'>ἐκστήσετέ</span> <span class='ocrx_word' id='word_1_314' title='bbox 993 2860 1060 2912; x_wconf 89' lang='grc' dir='ltr'><strong>με</strong></span> <span class='ocrx_word' id='word_1_315' title='bbox 1096 2844 1203 2896; x_wconf 84' lang='grc' dir='ltr'><strong>τῶν</strong></span> <span class='ocrx_word' id='word_1_316' title='bbox 1244 2846 1654 2917; x_wconf 74' lang='grc' dir='ltr'>προκειμένων,</span> <span class='ocrx_word' id='word_1_317' title='bbox 1690 2846 1805 2899; x_wconf 85' lang='grc' dir='ltr'>ἀλλ’</span> <span class='ocrx_word' id='word_1_318' title='bbox 1840 2846 1899 2913; x_wconf 74' lang='grc' dir='ltr'>ἐξ</span> 
     </span>
    </p>
   </div>
   <div class='ocr_carea' id='block_1_43' title="bbox 300 2926 1897 3009">
    <p class='ocr_par' dir='ltr' id='par_1_43' title="bbox 300 2926 1897 3009">
     <span class='ocr_line' id='line_1_43' title="bbox 300 2926 1897 3009; baseline 0.002 -23"><span class='ocrx_word' id='word_1_319' title='bbox 300 2926 377 2986; x_wconf 74' lang='grc' dir='ltr'>ὧν</span> <span class='ocrx_word' id='word_1_320' title='bbox 426 2936 507 2996; x_wconf 81' lang='grc' dir='ltr'>εἰς</span> <span class='ocrx_word' id='word_1_321' title='bbox 560 2933 791 3003; x_wconf 77' lang='grc' dir='ltr'>ἔλεγχον</span> <span class='ocrx_word' id='word_1_322' title='bbox 837 2932 1085 3002; x_wconf 81' lang='grc' dir='ltr'>νομίζετε</span> <span class='ocrx_word' id='word_1_323' title='bbox 1139 2935 1463 3005; x_wconf 78' lang='grc' dir='ltr'>προϐάλλειν</span> <span class='ocrx_word' id='word_1_324' title='bbox 1516 2935 1692 3005; x_wconf 88' lang='grc' dir='ltr'>λόγων</span> <span class='ocrx_word' id='word_1_325' title='bbox 1742 2955 1802 2989; x_wconf 85' lang='grc' dir='ltr'><strong>τε</strong></span> <span class='ocrx_word' id='word_1_326' title='bbox 1862 2937 1897 3009; x_wconf 76' lang='grc' dir='ltr'>ἦ</span> 
     </span>
    </p>
   </div>
   <div class='ocr_carea' id='block_1_44' title="bbox 302 3022 1896 3099">
    <p class='ocr_par' dir='ltr' id='par_1_44' title="bbox 302 3022 1896 3099">
     <span class='ocr_line' id='line_1_44' title="bbox 302 3022 1896 3099; baseline 0.002 -22"><span class='ocrx_word' id='word_1_327' title='bbox 302 3026 648 3095; x_wconf 71' lang='grc' dir='ltr'>πραγμάτων</span> <span class='ocrx_word' id='word_1_328' title='bbox 673 3065 687 3087; x_wconf 86' lang='grc'><strong>,</strong></span> <span class='ocrx_word' id='word_1_329' title='bbox 727 3024 785 3090; x_wconf 77' lang='grc' dir='ltr'>ἐξ</span> <span class='ocrx_word' id='word_1_330' title='bbox 820 3022 1001 3077; x_wconf 84' lang='grc' dir='ltr'>αὐτῶν</span> <span class='ocrx_word' id='word_1_331' title='bbox 1034 3025 1131 3087; x_wconf 78' lang='grc' dir='ltr'><strong>τὰς</strong></span> <span class='ocrx_word' id='word_1_332' title='bbox 1164 3026 1468 3091; x_wconf 79' lang='grc' dir='ltr'>ἀποδείξεις</span> <span class='ocrx_word' id='word_1_333' title='bbox 1502 3026 1610 3080; x_wconf 88' lang='grc' dir='ltr'><strong>τῶν</strong></span> <span class='ocrx_word' id='word_1_334' title='bbox 1645 3029 1736 3080; x_wconf 82' lang='grc' dir='ltr'>ὑπ’</span> <span class='ocrx_word' id='word_1_335' title='bbox 1762 3028 1896 3099; x_wconf 82' lang='grc' dir='ltr'>ἐμοῦ</span> 
     </span>
    </p>
   </div>
   <div class='ocr_carea' id='block_1_45' title="bbox 301 3116 1895 3192">
    <p class='ocr_par' dir='ltr' id='par_1_45' title="bbox 301 3116 1895 3192">
     <span class='ocr_line' id='line_1_45' title="bbox 301 3116 1895 3192; baseline 0.004 -24"><span class='ocrx_word' id='word_1_336' title='bbox 301 3116 617 3187; x_wconf 79' lang='grc' dir='ltr'>λεγομένων</span> <span class='ocrx_word' id='word_1_337' title='bbox 670 3116 813 3186; x_wconf 80' lang='grc' dir='ltr'><strong>μετά</strong></span> <span class='ocrx_word' id='word_1_338' title='bbox 855 3118 1167 3189; x_wconf 82' lang='grc' dir='ltr'>μαρτυρίας</span> <span class='ocrx_word' id='word_1_339' title='bbox 1200 3117 1308 3169; x_wconf 84' lang='grc' dir='ltr'><strong>τῶν</strong></span> <span class='ocrx_word' id='word_1_340' title='bbox 1340 3118 1576 3188; x_wconf 74' lang='grc' dir='ltr'>Γραφῶν</span> <span class='ocrx_word' id='word_1_341' title='bbox 1608 3121 1699 3174; x_wconf 61' lang='grc' dir='ltr'><strong>ἀεὶ¹</strong></span> <span class='ocrx_word' id='word_1_342' title='bbox 1733 3123 1895 3192; x_wconf 86' lang='grc' dir='ltr'>ποιή-</span> 
     </span>
    </p>
   </div>
   <div class='ocr_carea' id='block_1_46' title="bbox 2002 1999 3578 2068">
    <p class='ocr_par' dir='ltr' id='par_1_46' title="bbox 2002 1999 3578 2068">
     <span class='ocr_line' id='line_1_46' title="bbox 2002 1999 3578 2068; baseline 0.001 -15"><span class='ocrx_word' id='word_1_343' title='bbox 2002 2014 2129 2054; x_wconf 89' lang='lat' dir='ltr'><strong>nem</strong></span> <span class='ocrx_word' id='word_1_344' title='bbox 2160 2015 2225 2054; x_wconf 82' lang='lat' dir='ltr'><strong>ex</strong></span> <span class='ocrx_word' id='word_1_345' title='bbox 2255 2001 2573 2055; x_wconf 89' lang='lat' dir='ltr'><strong>hominibus</strong></span> <span class='ocrx_word' id='word_1_346' title='bbox 2602 2002 2849 2068; x_wconf 86' lang='lat' dir='ltr'><strong>genitqu</strong></span> <span class='ocrx_word' id='word_1_347' title='bbox 2884 2000 3044 2055; x_wconf 80' lang='lat' dir='ltr'><strong>fateri</strong></span> <span class='ocrx_word' id='word_1_348' title='bbox 3079 2002 3223 2055; x_wconf 86' lang='lat' dir='ltr'><strong>hunc</strong></span> <span class='ocrx_word' id='word_1_349' title='bbox 3253 1999 3433 2055; x_wconf 80' lang='lat' dir='ltr'><strong>Jesutn</strong></span> <span class='ocrx_word' id='word_1_350' title='bbox 3460 2040 3477 2067; x_wconf 89' lang='lat'><strong>,</strong></span> <span class='ocrx_word' id='word_1_351' title='bbox 3514 2016 3578 2055; x_wconf 85' lang='lat' dir='ltr'><strong>ac</strong></span> 
     </span>
    </p>
   </div>
   <div class='ocr_carea' id='block_1_47' title="bbox 2000 2091 3574 2162">
    <p class='ocr_par' dir='ltr' id='par_1_47' title="bbox 2000 2091 3574 2162">
     <span class='ocr_line' id='line_1_47' title="bbox 2000 2091 3574 2162; baseline 0 -15"><span class='ocrx_word' id='word_1_352' title='bbox 2000 2093 2045 2147; x_wconf 86' lang='lat' dir='ltr'><strong>si</strong></span> <span class='ocrx_word' id='word_1_353' title='bbox 2075 2092 2249 2161; x_wconf 89' lang='lat' dir='ltr'><strong>ipsum</strong></span> <span class='ocrx_word' id='word_1_354' title='bbox 2275 2092 2558 2147; x_wconf 84' lang='lat' dir='ltr'><strong>Christum</strong></span> <span class='ocrx_word' id='word_1_355' title='bbox 2588 2106 2709 2146; x_wconf 87' lang='lat' dir='ltr'><strong>esse</strong></span> <span class='ocrx_word' id='word_1_356' title='bbox 2741 2107 2804 2146; x_wconf 84' lang='lat' dir='ltr'><strong>ex</strong></span> <span class='ocrx_word' id='word_1_357' title='bbox 2829 2091 3132 2162; x_wconf 88' lang='lat' dir='ltr'><strong>Scripturis</strong></span> <span class='ocrx_word' id='word_1_358' title='bbox 3165 2092 3574 2157; x_wconf 85' lang='lat' dir='ltr'><strong>demonstretis,</strong></span> 
     </span>
    </p>
   </div>
   <div class='ocr_carea' id='block_1_48' title="bbox 1999 2183 3578 2256">
    <p class='ocr_par' dir='ltr' id='par_1_48' title="bbox 1999 2183 3578 2256">
     <span class='ocr_line' id='line_1_48' title="bbox 1999 2183 3578 2256; baseline -0.001 -17"><span class='ocrx_word' id='word_1_359' title='bbox 1999 2184 2070 2239; x_wconf 92' lang='lat' dir='ltr'><strong>ob</strong></span> <span class='ocrx_word' id='word_1_360' title='bbox 2097 2193 2524 2239; x_wconf 89' lang='lat' dir='ltr'><strong>consentaneam</strong></span> <span class='ocrx_word' id='word_1_361' title='bbox 2555 2183 2661 2256; x_wconf 83' lang='lat' dir='ltr'><strong>legi</strong></span> <span class='ocrx_word' id='word_1_362' title='bbox 2699 2193 2753 2240; x_wconf 89' lang='lat' dir='ltr'><strong>et</strong></span> <span class='ocrx_word' id='word_1_363' title='bbox 2780 2184 3079 2255; x_wconf 88' lang='lat' dir='ltr'><strong>perfectam</strong></span> <span class='ocrx_word' id='word_1_364' title='bbox 3115 2185 3279 2238; x_wconf 87' lang='lat' dir='ltr'><strong>vitam</strong></span> <span class='ocrx_word' id='word_1_365' title='bbox 3316 2184 3370 2238; x_wconf 92' lang='lat' dir='ltr'><strong>id</strong></span> <span class='ocrx_word' id='word_1_366' title='bbox 3407 2184 3578 2237; x_wconf 85' lang='lat' dir='ltr'><strong>hono-</strong></span> 
     </span>
    </p>
   </div>
   <div class='ocr_carea' id='block_1_49' title="bbox 2001 2276 3566 2346">
    <p class='ocr_par' dir='ltr' id='par_1_49' title="bbox 2001 2276 3566 2346">
     <span class='ocr_line' id='line_1_49' title="bbox 2001 2276 3566 2346; baseline -0.001 -16"><span class='ocrx_word' id='word_1_367' title='bbox 2001 2277 2077 2332; x_wconf 88' lang='lat' dir='ltr'><strong>ris</strong></span> <span class='ocrx_word' id='word_1_368' title='bbox 2110 2285 2464 2333; x_wconf 87' lang='lat' dir='ltr'><strong>consecutum</strong></span> <span class='ocrx_word' id='word_1_369' title='bbox 2505 2277 2725 2344; x_wconf 87' lang='lat' dir='ltr'><strong>dicere,</strong></span> <span class='ocrx_word' id='word_1_370' title='bbox 2760 2286 2820 2331; x_wconf 91' lang='lat' dir='ltr'><strong>ut</strong></span> <span class='ocrx_word' id='word_1_371' title='bbox 2852 2278 2903 2332; x_wconf 94' lang='lat' dir='ltr'><strong>in</strong></span> <span class='ocrx_word' id='word_1_372' title='bbox 2940 2276 3215 2332; x_wconf 87' lang='lat' dir='ltr'><strong>Christum</strong></span> <span class='ocrx_word' id='word_1_373' title='bbox 3251 2276 3566 2346; x_wconf 80' lang='lat' dir='ltr'><strong>eligeretur.</strong></span> 
     </span>
    </p>
   </div>
   <div class='ocr_carea' id='block_1_50' title="bbox 1972 2368 3577 2439">
    <p class='ocr_par' dir='ltr' id='par_1_50' title="bbox 1972 2368 3577 2439">
     <span class='ocr_line' id='line_1_50' title="bbox 1972 2368 3577 2439; baseline 0.002 -16"><span class='ocrx_word' id='word_1_374' title='bbox 1972 2368 2110 2423; x_wconf 88' lang='lat' dir='ltr'><strong>-Sed</strong></span> <span class='ocrx_word' id='word_1_375' title='bbox 2146 2377 2392 2423; x_wconf 90' lang='lat' dir='ltr'><strong>monstra</strong></span> <span class='ocrx_word' id='word_1_376' title='bbox 2420 2378 2475 2423; x_wconf 88' lang='lat' dir='ltr'><strong>et</strong></span> <span class='ocrx_word' id='word_1_377' title='bbox 2504 2378 2757 2439; x_wconf 89' lang='lat' dir='ltr'><strong>portenta</strong></span> <span class='ocrx_word' id='word_1_378' title='bbox 2794 2370 3055 2425; x_wconf 88' lang='lat' dir='ltr'><strong>audacter</strong></span> <span class='ocrx_word' id='word_1_379' title='bbox 3087 2368 3303 2425; x_wconf 70' lang='lat' dir='ltr'><strong>effutire</strong></span> <span class='ocrx_word' id='word_1_380' title='bbox 3332 2384 3437 2423; x_wconf 91' lang='lat' dir='ltr'><strong>non</strong></span> <span class='ocrx_word' id='word_1_381' title='bbox 3476 2368 3577 2427; x_wconf 46' lang='lat' dir='ltr'><strong>dea</strong></span> 
     </span>
    </p>
   </div>
   <div class='ocr_carea' id='block_1_51' title="bbox 1999 2462 3433 2533">
    <p class='ocr_par' dir='ltr' id='par_1_51' title="bbox 1999 2462 3433 2533">
     <span class='ocr_line' id='line_1_51' title="bbox 1999 2462 3433 2533; baseline -0.003 -15"><span class='ocrx_word' id='word_1_382' title='bbox 1999 2462 2162 2527; x_wconf 89' lang='lat' dir='ltr'><strong>betis,</strong></span> <span class='ocrx_word' id='word_1_383' title='bbox 2197 2478 2265 2517; x_wconf 91' lang='lat' dir='ltr'><strong>ne</strong></span> <span class='ocrx_word' id='word_1_384' title='bbox 2296 2463 2505 2532; x_wconf 89' lang='lat' dir='ltr'><strong>pariter</strong></span> <span class='ocrx_word' id='word_1_385' title='bbox 2534 2477 2599 2517; x_wconf 89' lang='lat' dir='ltr'><strong>ac</strong></span> <span class='ocrx_word' id='word_1_386' title='bbox 2623 2462 2801 2519; x_wconf 81' lang='lat' dir='ltr'><strong>Graeci</strong></span> <span class='ocrx_word' id='word_1_387' title='bbox 2829 2464 3077 2531; x_wconf 85' lang='lat' dir='ltr'><strong>desipere</strong></span> <span class='ocrx_word' id='word_1_388' title='bbox 3104 2462 3433 2533; x_wconf 88' lang='lat' dir='ltr'><strong>argnamini.</strong></span> 
     </span>
    </p>
   </div>
   <div class='ocr_carea' id='block_1_52' title="bbox 2072 2553 3574 2626">
    <p class='ocr_par' dir='ltr' id='par_1_52' title="bbox 2072 2553 3574 2626">
     <span class='ocr_line' id='line_1_52' title="bbox 2072 2553 3574 2626; baseline -0.001 -17"><span class='ocrx_word' id='word_1_389' title='bbox 2072 2555 2153 2609; x_wconf 79' lang='lat' dir='ltr'><strong>Ad</strong></span> <span class='ocrx_word' id='word_1_390' title='bbox 2190 2555 2305 2610; x_wconf 74' lang='lat' dir='ltr'><strong>haec</strong></span> <span class='ocrx_word' id='word_1_391' title='bbox 2335 2570 2436 2625; x_wconf 86' lang='lat' dir='ltr'><strong>ego</strong></span> <span class='ocrx_word' id='word_1_392' title='bbox 2471 2575 2485 2610; x_wconf 89' lang='lat'><strong>:</strong></span> <span class='ocrx_word' id='word_1_393' title='bbox 2520 2555 2851 2611; x_wconf 81' lang='lat' dir='ltr'><strong>Persuasum</strong></span> <span class='ocrx_word' id='word_1_394' title='bbox 2882 2555 3006 2621; x_wconf 90' lang='lat' dir='ltr'><strong>tibi,</strong></span> <span class='ocrx_word' id='word_1_395' title='bbox 3050 2554 3295 2626; x_wconf 87' lang='lat' dir='ltr'><strong>inquam,</strong></span> <span class='ocrx_word' id='word_1_396' title='bbox 3334 2553 3574 2625; x_wconf 85' lang='lat' dir='ltr'><strong>Trypho,</strong></span> 
     </span>
    </p>
   </div>
   <div class='ocr_carea' id='block_1_53' title="bbox 1997 2647 3637 2713">
    <p class='ocr_par' dir='ltr' id='par_1_53' title="bbox 1997 2647 3637 2713">
     <span class='ocr_line' id='line_1_53' title="bbox 1997 2647 3637 2713; baseline -0.002 -10"><span class='ocrx_word' id='word_1_397' title='bbox 1997 2655 2054 2703; x_wconf 87' lang='lat' dir='ltr'><strong>et</strong></span> <span class='ocrx_word' id='word_1_398' title='bbox 2080 2648 2336 2702; x_wconf 90' lang='lat' dir='ltr'><strong>omnibus</strong></span> <span class='ocrx_word' id='word_1_399' title='bbox 2364 2648 2594 2702; x_wconf 91' lang='lat' dir='ltr'><strong>omnino</strong></span> <span class='ocrx_word' id='word_1_400' title='bbox 2644 2648 2961 2712; x_wconf 87' lang='lat' dir='ltr'><strong>hominibus</strong></span> <span class='ocrx_word' id='word_1_401' title='bbox 2996 2660 3120 2702; x_wconf 84' lang='lat' dir='ltr'><strong>esse</strong></span> <span class='ocrx_word' id='word_1_402' title='bbox 3152 2647 3309 2713; x_wconf 87' lang='lat' dir='ltr'><strong>volo,</strong></span> <span class='ocrx_word' id='word_1_403' title='bbox 3360 2648 3575 2702; x_wconf 87' lang='lat' dir='ltr'><strong>etiamsi</strong></span> <span class='ocrx_word' id='word_1_404' title='bbox 3636 2696 3637 2699; x_wconf 44' lang='grc' dir='ltr'><strong>η</strong></span> 
     </span>
    </p>
   </div>
   <div class='ocr_carea' id='block_1_54' title="bbox 1995 2738 3572 2809">
    <p class='ocr_par' dir='ltr' id='par_1_54' title="bbox 1995 2738 3572 2809">
     <span class='ocr_line' id='line_1_54' title="bbox 1995 2738 3572 2809; baseline -0.003 -14"><span class='ocrx_word' id='word_1_405' title='bbox 1995 2738 2231 2809; x_wconf 77' lang='lat' dir='ltr'><strong>iocando</strong></span> <span class='ocrx_word' id='word_1_406' title='bbox 2259 2749 2315 2794; x_wconf 89' lang='lat' dir='ltr'><strong>et</strong></span> <span class='ocrx_word' id='word_1_407' title='bbox 2347 2740 2733 2794; x_wconf 89' lang='lat' dir='ltr'><strong>cachinnando</strong></span> <span class='ocrx_word' id='word_1_408' title='bbox 2768 2740 2948 2793; x_wconf 89' lang='lat' dir='ltr'><strong>adhuc</strong></span> <span class='ocrx_word' id='word_1_409' title='bbox 2981 2738 3168 2808; x_wconf 87' lang='lat' dir='ltr'><strong>pejora</strong></span> <span class='ocrx_word' id='word_1_410' title='bbox 3205 2738 3398 2793; x_wconf 81' lang='lat' dir='ltr'><strong>dicatis</strong></span> <span class='ocrx_word' id='word_1_411' title='bbox 3419 2779 3435 2805; x_wconf 94' lang='lat'><strong>,</strong></span> <span class='ocrx_word' id='word_1_412' title='bbox 3467 2754 3572 2792; x_wconf 89' lang='lat' dir='ltr'><strong>non</strong></span> 
     </span>
    </p>
   </div>
   <div class='ocr_carea' id='block_1_55' title="bbox 2000 2830 3573 2901">
    <p class='ocr_par' dir='ltr' id='par_1_55' title="bbox 2000 2830 3573 2901">
     <span class='ocr_line' id='line_1_55' title="bbox 2000 2830 3573 2901; baseline -0.002 -14"><span class='ocrx_word' id='word_1_413' title='bbox 2000 2840 2179 2888; x_wconf 87' lang='lat' dir='ltr'><strong>tamen</strong></span> <span class='ocrx_word' id='word_1_414' title='bbox 2206 2832 2450 2887; x_wconf 84' lang='lat' dir='ltr'><strong>futurum</strong></span> <span class='ocrx_word' id='word_1_415' title='bbox 2491 2842 2547 2886; x_wconf 92' lang='lat' dir='ltr'><strong>ut</strong></span> <span class='ocrx_word' id='word_1_416' title='bbox 2580 2845 2667 2885; x_wconf 90' lang='lat' dir='ltr'><strong>me</strong></span> <span class='ocrx_word' id='word_1_417' title='bbox 2702 2846 2731 2885; x_wconf 91' lang='lat' dir='ltr'><strong>a</strong></span> <span class='ocrx_word' id='word_1_418' title='bbox 2769 2830 3052 2901; x_wconf 90' lang='lat' dir='ltr'><strong>proposito</strong></span> <span class='ocrx_word' id='word_1_419' title='bbox 3083 2831 3439 2895; x_wconf 83' lang='lat' dir='ltr'><strong>diinoveatis;</strong></span> <span class='ocrx_word' id='word_1_420' title='bbox 3476 2830 3573 2885; x_wconf 88' lang='lat' dir='ltr'><strong>sed</strong></span> 
     </span>
    </p>
   </div>
   <div class='ocr_carea' id='block_1_56' title="bbox 1999 2922 3577 2994">
    <p class='ocr_par' dir='ltr' id='par_1_56' title="bbox 1999 2922 3577 2994">
     <span class='ocr_line' id='line_1_56' title="bbox 1999 2922 3577 2994; baseline 0.001 -17"><span class='ocrx_word' id='word_1_421' title='bbox 1999 2925 2196 2994; x_wconf 90' lang='lat' dir='ltr'><strong>quibus</strong></span> <span class='ocrx_word' id='word_1_422' title='bbox 2236 2940 2304 2978; x_wconf 80' lang='lat' dir='ltr'><strong>ex</strong></span> <span class='ocrx_word' id='word_1_423' title='bbox 2349 2923 2533 2979; x_wconf 85' lang='lat' dir='ltr'><strong>verbis</strong></span> <span class='ocrx_word' id='word_1_424' title='bbox 2569 2932 2665 2977; x_wconf 90' lang='lat' dir='ltr'><strong>aut</strong></span> <span class='ocrx_word' id='word_1_425' title='bbox 2712 2923 2877 2977; x_wconf 86' lang='lat' dir='ltr'><strong>rebus</strong></span> <span class='ocrx_word' id='word_1_426' title='bbox 2926 2923 3234 2992; x_wconf 84' lang='lat' dir='ltr'><strong>expeditam</strong></span> <span class='ocrx_word' id='word_1_427' title='bbox 3272 2922 3424 2977; x_wconf 87' lang='lat' dir='ltr'><strong>vobis</strong></span> <span class='ocrx_word' id='word_1_428' title='bbox 3456 2938 3577 2978; x_wconf 82' lang='lat' dir='ltr'><strong>esse</strong></span> 
     </span>
    </p>
   </div>
   <div class='ocr_carea' id='block_1_57' title="bbox 1999 3016 3579 3084">
    <p class='ocr_par' dir='ltr' id='par_1_57' title="bbox 1999 3016 3579 3084">
     <span class='ocr_line' id='line_1_57' title="bbox 1999 3016 3579 3084; baseline -0.001 -12"><span class='ocrx_word' id='word_1_429' title='bbox 1999 3016 2285 3072; x_wconf 81' lang='lat' dir='ltr'><strong>refellendi</strong></span> <span class='ocrx_word' id='word_1_430' title='bbox 2319 3017 2586 3071; x_wconf 86' lang='lat' dir='ltr'><strong>rationem</strong></span> <span class='ocrx_word' id='word_1_431' title='bbox 2615 3017 2841 3084; x_wconf 89' lang='lat' dir='ltr'><strong>putatis,</strong></span> <span class='ocrx_word' id='word_1_432' title='bbox 2864 3030 2933 3069; x_wconf 81' lang='lat' dir='ltr'><strong>ex</strong></span> <span class='ocrx_word' id='word_1_433' title='bbox 2965 3016 3051 3069; x_wconf 92' lang='lat' dir='ltr'><strong>bis</strong></span> <span class='ocrx_word' id='word_1_434' title='bbox 3078 3016 3579 3071; x_wconf 88' lang='lat' dir='ltr'><strong>demonstrationes</strong></span> 
     </span>
    </p>
   </div>
   <div class='ocr_carea' id='block_1_58' title="bbox 2000 3106 3576 3177">
    <p class='ocr_par' dir='ltr' id='par_1_58' title="bbox 2000 3106 3576 3177">
     <span class='ocr_line' id='line_1_58' title="bbox 2000 3106 3576 3177; baseline -0.001 -14"><span class='ocrx_word' id='word_1_435' title='bbox 2000 3124 2225 3174; x_wconf 87' lang='lat' dir='ltr'><strong>eorum,</strong></span> <span class='ocrx_word' id='word_1_436' title='bbox 2266 3121 2386 3177; x_wconf 61' lang='lat' dir='ltr'><strong>quae</strong></span> <span class='ocrx_word' id='word_1_437' title='bbox 2418 3124 2448 3160; x_wconf 91' lang='lat' dir='ltr'><strong>a</strong></span> <span class='ocrx_word' id='word_1_438' title='bbox 2486 3123 2570 3162; x_wconf 90' lang='lat' dir='ltr'><strong>me</strong></span> <span class='ocrx_word' id='word_1_439' title='bbox 2600 3109 2883 3171; x_wconf 88' lang='lat' dir='ltr'><strong>dicuntur,</strong></span> <span class='ocrx_word' id='word_1_440' title='bbox 2922 3121 3048 3162; x_wconf 91' lang='lat' dir='ltr'><strong>cum</strong></span> <span class='ocrx_word' id='word_1_441' title='bbox 3082 3106 3398 3163; x_wconf 89' lang='lat' dir='ltr'><strong>testimonio</strong></span> <span class='ocrx_word' id='word_1_442' title='bbox 3424 3109 3576 3163; x_wconf 84' lang='lat' dir='ltr'><strong>Scri-</strong></span> 
     </span>
    </p>
   </div>
   <div class='ocr_carea' id='block_1_59' title="bbox 302 3198 1898 3294">
    <p class='ocr_par' dir='ltr' id='par_1_59' title="bbox 302 3208 1894 3283">
     <span class='ocr_line' id='line_1_59' title="bbox 302 3208 1894 3283; baseline 0.003 -23"><span class='ocrx_word' id='word_1_443' title='bbox 302 3224 488 3277; x_wconf 73' lang='grc' dir='ltr'>σομαι.</span> <span class='ocrx_word' id='word_1_444' title='bbox 527 3209 649 3262; x_wconf 74' lang='grc' dir='ltr'>οὐκ</span> <span class='ocrx_word' id='word_1_445' title='bbox 684 3211 862 3283; x_wconf 82' lang='grc' dir='ltr'>ὀρθῶς</span> <span class='ocrx_word' id='word_1_446' title='bbox 918 3211 1103 3279; x_wconf 84' lang='grc' dir='ltr'>μέντοι</span> <span class='ocrx_word' id='word_1_447' title='bbox 1151 3208 1271 3261; x_wconf 80' lang='grc' dir='ltr'>οὐδὲ</span> <span class='ocrx_word' id='word_1_448' title='bbox 1324 3210 1636 3282; x_wconf 84' lang='grc' dir='ltr'>φιλαλήθως</span> <span class='ocrx_word' id='word_1_449' title='bbox 1689 3216 1894 3277; x_wconf 85' lang='grc' dir='ltr'>ποιεῖς,</span> 
     </span>
    </p>
   </div>
   <div class='ocr_carea' id='block_1_60' title="bbox 2010 3198 3631 3294">
    <p class='ocr_par' dir='ltr' id='par_1_60' title="bbox 2010 3198 3631 3271">
     <span class='ocr_line' id='line_1_60' title="bbox 2010 3198 3631 3271; baseline -0.001 -17"><span class='ocrx_word' id='word_1_450' title='bbox 2010 3210 2286 3271; x_wconf 88' lang='lat' dir='ltr'><strong>pturarum</strong></span> <span class='ocrx_word' id='word_1_451' title='bbox 2320 3215 2536 3270; x_wconf 86' lang='lat' dir='ltr'><strong>semper</strong></span> <span class='ocrx_word' id='word_1_452' title='bbox 2561 3202 2849 3255; x_wconf 91' lang='lat' dir='ltr'><strong>deducam.</strong></span> <span class='ocrx_word' id='word_1_453' title='bbox 2880 3201 3151 3255; x_wconf 86' lang='lat' dir='ltr'><strong>Caeterum</strong></span> <span class='ocrx_word' id='word_1_454' title='bbox 3185 3215 3284 3254; x_wconf 89' lang='lat' dir='ltr'><strong>nec</strong></span> <span class='ocrx_word' id='word_1_455' title='bbox 3317 3209 3465 3255; x_wconf 91' lang='lat' dir='ltr'><strong>recte</strong></span> <span class='ocrx_word' id='word_1_456' title='bbox 3494 3198 3576 3253; x_wconf 82' lang='lat' dir='ltr'><strong>fa-</strong></span> 
     </span>
    </p>
   </div>
   <div class='ocr_carea' id='block_1_61' title="bbox 304 3296 1898 3373">
    <p class='ocr_par' dir='ltr' id='par_1_61' title="bbox 304 3296 1898 3373">
     <span class='ocr_line' id='line_1_61' title="bbox 304 3296 1898 3373; baseline 0.002 -20"><span class='ocrx_word' id='word_1_457' title='bbox 304 3302 533 3353; x_wconf 74' lang='grc' dir='ltr'>κάκεῖνα</span> <span class='ocrx_word' id='word_1_458' title='bbox 570 3301 707 3372; x_wconf 66' lang='grc' dir='ltr'>περὶ</span> <span class='ocrx_word' id='word_1_459' title='bbox 752 3296 829 3353; x_wconf 85' lang='grc' dir='ltr'>ὧν</span> <span class='ocrx_word' id='word_1_460' title='bbox 863 3301 951 3355; x_wconf 70' lang='grc' dir='ltr'><strong>ἀεὶ</strong></span> <span class='ocrx_word' id='word_1_461' title='bbox 1001 3300 1111 3371; x_wconf 78' lang='grc'><strong>(13)</strong></span> <span class='ocrx_word' id='word_1_462' title='bbox 1163 3301 1594 3370; x_wconf 84' lang='grc' dir='ltr'>συγκαταθέσεις</span> <span class='ocrx_word' id='word_1_463' title='bbox 1640 3305 1771 3373; x_wconf 85' lang='grc' dir='ltr'>ἡμῖν</span> <span class='ocrx_word' id='word_1_464' title='bbox 1803 3320 1898 3372; x_wconf 88' lang='grc' dir='ltr'>γε-</span> 
     </span>
    </p>
   </div>
   <div class='ocr_carea' id='block_1_62' title="bbox 308 3392 1900 3465">
    <p class='ocr_par' dir='ltr' id='par_1_62' title="bbox 308 3392 1900 3465">
     <span class='ocr_line' id='line_1_62' title="bbox 308 3392 1900 3465; baseline 0.004 -24"><span class='ocrx_word' id='word_1_465' title='bbox 308 3392 592 3463; x_wconf 72' lang='grc' dir='ltr'>γένηνται,</span> <span class='ocrx_word' id='word_1_466' title='bbox 629 3395 717 3446; x_wconf 80' lang='grc' dir='ltr'>ὅτι</span> <span class='ocrx_word' id='word_1_467' title='bbox 762 3392 853 3445; x_wconf 74' lang='grc' dir='ltr'>διὰ</span> <span class='ocrx_word' id='word_1_468' title='bbox 885 3393 945 3444; x_wconf 85' lang='grc' dir='ltr'><strong>τὸ</strong></span> <span class='ocrx_word' id='word_1_469' title='bbox 993 3392 1421 3463; x_wconf 84' lang='grc' dir='ltr'>σκληροκάρδιον</span> <span class='ocrx_word' id='word_1_470' title='bbox 1454 3392 1546 3446; x_wconf 80' lang='grc' dir='ltr'>τοῦ</span> <span class='ocrx_word' id='word_1_471' title='bbox 1582 3392 1710 3447; x_wconf 78' lang='grc' dir='ltr'>λαοῦ</span> <span class='ocrx_word' id='word_1_472' title='bbox 1747 3394 1900 3465; x_wconf 82' lang='grc' dir='ltr'>ὑμῶν</span> 
     </span>
    </p>
   </div>
   <div class='ocr_carea' id='block_1_63' title="bbox 301 3483 1897 3557">
    <p class='ocr_par' dir='ltr' id='par_1_63' title="bbox 301 3483 1897 3557">
     <span class='ocr_line' id='line_1_63' title="bbox 301 3483 1897 3557; baseline 0.002 -21"><span class='ocrx_word' id='word_1_473' title='bbox 301 3484 391 3538; x_wconf 67' lang='grc' dir='ltr'>διὰ</span> <span class='ocrx_word' id='word_1_474' title='bbox 420 3485 715 3549; x_wconf 76' lang='grc' dir='ltr'>Μωῦσέως</span> <span class='ocrx_word' id='word_1_475' title='bbox 764 3486 909 3548; x_wconf 82' lang='grc' dir='ltr'>τινὲς</span> <span class='ocrx_word' id='word_1_476' title='bbox 941 3483 1049 3537; x_wconf 83' lang='grc' dir='ltr'><strong>τῶν</strong></span> <span class='ocrx_word' id='word_1_477' title='bbox 1096 3484 1323 3538; x_wconf 79' lang='grc' dir='ltr'>ἐντολῶν</span> <span class='ocrx_word' id='word_1_478' title='bbox 1368 3484 1678 3557; x_wconf 81' lang='grc' dir='ltr'>τεθειμέναι</span> <span class='ocrx_word' id='word_1_479' title='bbox 1725 3488 1897 3550; x_wconf 74' lang='grc' dir='ltr'>εἰσὶν,</span> 
     </span>
    </p>
   </div>
   <div class='ocr_carea' id='block_1_64' title="bbox 302 3578 1903 3650">
    <p class='ocr_par' dir='ltr' id='par_1_64' title="bbox 302 3578 1903 3650">
     <span class='ocr_line' id='line_1_64' title="bbox 302 3578 1903 3650; baseline 0.002 -19"><span class='ocrx_word' id='word_1_480' title='bbox 302 3579 556 3631; x_wconf 75' lang='grc' dir='ltr'>ἀναλύειν</span> <span class='ocrx_word' id='word_1_481' title='bbox 591 3578 961 3648; x_wconf 83' lang='grc' dir='ltr'>πειρώμενος.</span> <span class='ocrx_word' id='word_1_482' title='bbox 994 3578 1171 3645; x_wconf 79' lang='grc' dir='ltr'><strong>Ἔφης</strong></span> <span class='ocrx_word' id='word_1_483' title='bbox 1199 3578 1306 3650; x_wconf 80' lang='grc' dir='ltr'><strong>γὰρ</strong></span> <span class='ocrx_word' id='word_1_484' title='bbox 1340 3578 1430 3631; x_wconf 82' lang='grc' dir='ltr'>διὰ</span> <span class='ocrx_word' id='word_1_485' title='bbox 1462 3579 1521 3631; x_wconf 80' lang='grc' dir='ltr'>τὸ</span> <span class='ocrx_word' id='word_1_486' title='bbox 1546 3580 1787 3650; x_wconf 82' lang='grc' dir='ltr'>ἐννόμως</span> <span class='ocrx_word' id='word_1_487' title='bbox 1813 3599 1903 3635; x_wconf 89' lang='grc' dir='ltr'>πο-</span> 
     </span>
    </p>
   </div>
   <div class='ocr_carea' id='block_1_65' title="bbox 302 3670 1901 3745">
    <p class='ocr_par' dir='ltr' id='par_1_65' title="bbox 302 3670 1901 3745">
     <span class='ocr_line' id='line_1_65' title="bbox 302 3670 1901 3745; baseline 0.003 -23"><span class='ocrx_word' id='word_1_488' title='bbox 302 3670 618 3724; x_wconf 71' lang='grc' dir='ltr'>λιτεύεσθαι</span> <span class='ocrx_word' id='word_1_489' title='bbox 656 3670 978 3740; x_wconf 80' lang='grc' dir='ltr'>ἐκλελέχθαι</span> <span class='ocrx_word' id='word_1_490' title='bbox 1011 3671 1208 3735; x_wconf 81' lang='grc' dir='ltr'>αὑτὸν,</span> <span class='ocrx_word' id='word_1_491' title='bbox 1248 3670 1344 3724; x_wconf 74' lang='grc' dir='ltr'><strong>καὶ</strong></span> <span class='ocrx_word' id='word_1_492' title='bbox 1392 3672 1629 3741; x_wconf 82' lang='grc' dir='ltr'>Χριστὸν</span> <span class='ocrx_word' id='word_1_493' title='bbox 1674 3674 1901 3745; x_wconf 82' lang='grc' dir='ltr'>γεγενῆ-</span> 
     </span>
    </p>
   </div>
   <div class='ocr_carea' id='block_1_66' title="bbox 304 3757 1400 3834">
    <p class='ocr_par' dir='ltr' id='par_1_66' title="bbox 304 3757 1400 3834">
     <span class='ocr_line' id='line_1_66' title="bbox 304 3757 1400 3834; baseline 0.003 -18"><span class='ocrx_word' id='word_1_494' title='bbox 304 3762 463 3829; x_wconf 77' lang='grc' dir='ltr'>σθαι,</span> <span class='ocrx_word' id='word_1_495' title='bbox 498 3765 549 3815; x_wconf 80' lang='grc' dir='ltr'>εξ</span> <span class='ocrx_word' id='word_1_496' title='bbox 586 3765 699 3833; x_wconf 78' lang='grc' dir='ltr'><strong>ἀρα</strong></span> <span class='ocrx_word' id='word_1_497' title='bbox 730 3757 886 3827; x_wconf 74' lang='grc' dir='ltr'>οὗτος</span> <span class='ocrx_word' id='word_1_498' title='bbox 919 3762 1267 3834; x_wconf 82' lang='grc' dir='ltr'>ἀποδειχθείη</span> <span class='ocrx_word' id='word_1_499' title='bbox 1301 3761 1400 3820; x_wconf 82' lang='grc' dir='ltr'>ὢν.</span> 
     </span>
    </p>
   </div>
   <div class='ocr_carea' id='block_1_67' title="bbox 376 3937 1899 4012">
    <p class='ocr_par' dir='ltr' id='par_1_67' title="bbox 376 3937 1899 4012">
     <span class='ocr_line' id='line_1_67' title="bbox 376 3937 1899 4012; baseline 0.001 -19"><span class='ocrx_word' id='word_1_500' title='bbox 376 3940 487 3993; x_wconf 72' lang='grc' dir='ltr'><strong>Καὶ</strong></span> <span class='ocrx_word' id='word_1_501' title='bbox 540 3940 571 3991; x_wconf 89' lang='lat'><strong>6</strong></span> <span class='ocrx_word' id='word_1_502' title='bbox 622 3937 894 4009; x_wconf 65' lang='grc' dir='ltr'>Τρύφων·</span> <span class='ocrx_word' id='word_1_503' title='bbox 932 3938 1006 3992; x_wconf 83' lang='grc' dir='ltr'><strong>Σὺ</strong></span> <span class='ocrx_word' id='word_1_504' title='bbox 1040 3938 1150 4009; x_wconf 80' lang='grc' dir='ltr'>γὰρ</span> <span class='ocrx_word' id='word_1_505' title='bbox 1181 3938 1543 4011; x_wconf 80' lang='grc' dir='ltr'>ὡμολόγησας</span> <span class='ocrx_word' id='word_1_506' title='bbox 1572 3939 1680 4011; x_wconf 75' lang='grc'><strong>(14)</strong></span> <span class='ocrx_word' id='word_1_507' title='bbox 1736 3943 1899 4012; x_wconf 75' lang='grc' dir='ltr'>ἡμῖν,</span> 
     </span>
    </p>
   </div>
   <div class='ocr_carea' id='block_1_68' title="bbox 306 4030 1902 4103">
    <p class='ocr_par' dir='ltr' id='par_1_68' title="bbox 306 4030 1902 4103">
     <span class='ocr_line' id='line_1_68' title="bbox 306 4030 1902 4103; baseline 0 -17"><span class='ocrx_word' id='word_1_508' title='bbox 306 4034 532 4103; x_wconf 50' lang='lat' dir='ltr'><strong>semen</strong></span> <span class='ocrx_word' id='word_1_509' title='bbox 566 4032 667 4085; x_wconf 68' lang='grc' dir='ltr'>καὶ</span> <span class='ocrx_word' id='word_1_510' title='bbox 701 4030 1069 4101; x_wconf 85' lang='grc' dir='ltr'>περιετμήθη,</span> <span class='ocrx_word' id='word_1_511' title='bbox 1108 4032 1202 4085; x_wconf 69' lang='grc' dir='ltr'><strong>καὶ</strong></span> <span class='ocrx_word' id='word_1_512' title='bbox 1236 4031 1304 4085; x_wconf 80' lang='grc' dir='ltr'>τὰ</span> <span class='ocrx_word' id='word_1_513' title='bbox 1338 4031 1472 4086; x_wconf 80' lang='grc' dir='ltr'>ἄλλα</span> <span class='ocrx_word' id='word_1_514' title='bbox 1501 4032 1569 4086; x_wconf 70' lang='grc' dir='ltr'>τὰ</span> <span class='ocrx_word' id='word_1_515' title='bbox 1600 4032 1809 4103; x_wconf 89' lang='grc' dir='ltr'>νόμιμα</span> <span class='ocrx_word' id='word_1_516' title='bbox 1836 4034 1902 4087; x_wconf 84' lang='grc' dir='ltr'>τὰ</span> 
     </span>
    </p>
   </div>
   <div class='ocr_carea' id='block_1_69' title="bbox 306 4123 1391 4193">
    <p class='ocr_par' dir='ltr' id='par_1_69' title="bbox 306 4123 1391 4193">
     <span class='ocr_line' id='line_1_69' title="bbox 306 4123 1391 4193; baseline -0.002 -14"><span class='ocrx_word' id='word_1_517' title='bbox 306 4126 395 4179; x_wconf 75' lang='grc' dir='ltr'>διὰ</span> <span class='ocrx_word' id='word_1_518' title='bbox 423 4125 713 4187; x_wconf 76' lang='grc' dir='ltr'>Μωῧσέως</span> <span class='ocrx_word' id='word_1_519' title='bbox 744 4123 1106 4193; x_wconf 82' lang='grc' dir='ltr'>διαταχθέντα</span> <span class='ocrx_word' id='word_1_520' title='bbox 1139 4124 1391 4192; x_wconf 78' lang='grc' dir='ltr'>ἐφύλαξε.</span> 
     </span>
    </p>
   </div>
   <div class='ocr_carea' id='block_1_70' title="bbox 380 4214 1895 4286">
    <p class='ocr_par' dir='ltr' id='par_1_70' title="bbox 380 4214 1895 4286">
     <span class='ocr_line' id='line_1_70' title="bbox 380 4214 1895 4286; baseline 0 -17"><span class='ocrx_word' id='word_1_521' title='bbox 380 4215 554 4282; x_wconf 73' lang='grc' dir='ltr'><strong>Κάγὼ</strong></span> <span class='ocrx_word' id='word_1_522' title='bbox 585 4215 975 4286; x_wconf 72' lang='grc' dir='ltr'>ἀπεκρινάμην</span> <span class='ocrx_word' id='word_1_523' title='bbox 994 4232 1008 4244; x_wconf 87' lang='grc'><strong>·</strong></span> <span class='ocrx_word' id='word_1_524' title='bbox 1042 4214 1381 4286; x_wconf 83' lang='grc' dir='ltr'>Ὡμολόγησά</span> <span class='ocrx_word' id='word_1_525' title='bbox 1411 4231 1470 4268; x_wconf 85' lang='grc' dir='ltr'><strong>τε</strong></span> <span class='ocrx_word' id='word_1_526' title='bbox 1504 4215 1599 4267; x_wconf 78' lang='grc' dir='ltr'><strong>καὶ</strong></span> <span class='ocrx_word' id='word_1_527' title='bbox 1629 4215 1895 4286; x_wconf 78' lang='grc' dir='ltr'>ὁμολογῶ·</span> 
     </span>
    </p>
   </div>
   <div class='ocr_carea' id='block_1_71' title="bbox 308 4305 1900 4377">
    <p class='ocr_par' dir='ltr' id='par_1_71' title="bbox 308 4305 1900 4377">
     <span class='ocr_line' id='line_1_71' title="bbox 308 4305 1900 4377; baseline -0.001 -17"><span class='ocrx_word' id='word_1_528' title='bbox 466 4308 571 4377; x_wconf 65' lang='grc' dir='ltr'>οὐχ</span> <span class='ocrx_word' id='word_1_529' title='bbox 610 4307 689 4369; x_wconf 80' lang='grc' dir='ltr'>ὡς</span> <span class='ocrx_word' id='word_1_530' title='bbox 722 4306 1105 4375; x_wconf 78' lang='grc' dir='ltr'>δικαιούμενον</span> <span class='ocrx_word' id='word_1_531' title='bbox 1138 4305 1299 4358; x_wconf 77' lang='grc' dir='ltr'>αὐτὸν</span> <span class='ocrx_word' id='word_1_532' title='bbox 1331 4305 1420 4359; x_wconf 77' lang='grc' dir='ltr'>διὰ</span> <span class='ocrx_word' id='word_1_533' title='bbox 1451 4305 1658 4359; x_wconf 86' lang='grc' dir='ltr'>τούτων</span> <span class='ocrx_word' id='word_1_534' title='bbox 1690 4305 1900 4376; x_wconf 82' lang='grc' dir='ltr'>ὡμολό-</span> 
     </span>
    </p>
   </div>
   <div class='ocr_carea' id='block_1_72' title="bbox 305 4395 1902 4468">
    <p class='ocr_par' dir='ltr' id='par_1_72' title="bbox 305 4395 1902 4468">
     <span class='ocr_line' id='line_1_72' title="bbox 305 4395 1902 4468; baseline -0.001 -17"><span class='ocrx_word' id='word_1_535' title='bbox 305 4414 456 4468; x_wconf 72' lang='grc' dir='ltr'>γησα</span> <span class='ocrx_word' id='word_1_536' title='bbox 489 4398 981 4468; x_wconf 72' lang='grc' dir='ltr'>ὑπομεμενηκέναι</span> <span class='ocrx_word' id='word_1_537' title='bbox 1028 4397 1206 4450; x_wconf 79' lang='grc' dir='ltr'>πάντα</span> <span class='ocrx_word' id='word_1_538' title='bbox 1231 4439 1244 4461; x_wconf 84' lang='grc'><strong>,</strong></span> <span class='ocrx_word' id='word_1_539' title='bbox 1279 4395 1415 4451; x_wconf 85' lang='grc' dir='ltr'><strong>ἀλλά</strong></span> <span class='ocrx_word' id='word_1_540' title='bbox 1448 4397 1548 4468; x_wconf 80' lang='grc' dir='ltr'><strong>τὴν</strong></span> <span class='ocrx_word' id='word_1_541' title='bbox 1590 4396 1902 4468; x_wconf 77' lang='grc' dir='ltr'>οἰκονομίαν</span> 
     </span>
    </p>
   </div>
   <div class='ocr_carea' id='block_1_73' title="bbox 304 4488 1901 4563">
    <p class='ocr_par' dir='ltr' id='par_1_73' title="bbox 304 4488 1901 4563">
     <span class='ocr_line' id='line_1_73' title="bbox 304 4488 1901 4563; baseline -0.001 -18"><span class='ocrx_word' id='word_1_542' title='bbox 304 4491 705 4563; x_wconf 76' lang='grc' dir='ltr'>ἀπαρτίζοντα,</span> <span class='ocrx_word' id='word_1_543' title='bbox 735 4492 803 4559; x_wconf 77' lang='grc' dir='ltr'>ἠν</span> <span class='ocrx_word' id='word_1_544' title='bbox 836 4490 1026 4561; x_wconf 66' lang='grc' dir='ltr'>ἤθελεν</span> <span class='ocrx_word' id='word_1_545' title='bbox 1049 4492 1076 4542; x_wconf 90' lang='lat'><strong>6</strong></span> <span class='ocrx_word' id='word_1_546' title='bbox 1096 4489 1283 4560; x_wconf 78' lang='grc' dir='ltr'>Πατὴρ</span> <span class='ocrx_word' id='word_1_547' title='bbox 1311 4488 1474 4543; x_wconf 78' lang='grc' dir='ltr'>αὑτοῦ</span> <span class='ocrx_word' id='word_1_548' title='bbox 1510 4489 1605 4543; x_wconf 79' lang='grc' dir='ltr'><strong>καὶ</strong></span> <span class='ocrx_word' id='word_1_549' title='bbox 1630 4488 1737 4543; x_wconf 85' lang='grc' dir='ltr'><strong>τῶν</strong></span> <span class='ocrx_word' id='word_1_550' title='bbox 1764 4490 1901 4543; x_wconf 84' lang='grc' dir='ltr'>ὅλων</span> 
     </span>
    </p>
   </div>
   <div class='ocr_carea' id='block_1_74' title="bbox 2004 3292 3577 3359">
    <p class='ocr_par' dir='ltr' id='par_1_74' title="bbox 2004 3292 3577 3359">
     <span class='ocr_line' id='line_1_74' title="bbox 2004 3292 3577 3359; baseline -0.001 -11"><span class='ocrx_word' id='word_1_551' title='bbox 2004 3294 2108 3355; x_wconf 85' lang='lat' dir='ltr'><strong>cis.</strong></span> <span class='ocrx_word' id='word_1_552' title='bbox 2140 3308 2241 3348; x_wconf 91' lang='lat' dir='ltr'><strong>nec</strong></span> <span class='ocrx_word' id='word_1_553' title='bbox 2269 3302 2326 3347; x_wconf 91' lang='lat' dir='ltr'><strong>ut</strong></span> <span class='ocrx_word' id='word_1_554' title='bbox 2358 3294 2471 3348; x_wconf 91' lang='lat' dir='ltr'><strong>veri</strong></span> <span class='ocrx_word' id='word_1_555' title='bbox 2499 3302 2801 3347; x_wconf 87' lang='lat' dir='ltr'><strong>amatorem</strong></span> <span class='ocrx_word' id='word_1_556' title='bbox 2828 3293 3022 3355; x_wconf 90' lang='lat' dir='ltr'><strong>decet,</strong></span> <span class='ocrx_word' id='word_1_557' title='bbox 3053 3292 3144 3359; x_wconf 91' lang='lat' dir='ltr'><strong>qui</strong></span> <span class='ocrx_word' id='word_1_558' title='bbox 3169 3306 3234 3346; x_wconf 89' lang='lat' dir='ltr'><strong>ea</strong></span> <span class='ocrx_word' id='word_1_559' title='bbox 3276 3292 3442 3347; x_wconf 88' lang='lat' dir='ltr'><strong>etiam</strong></span> <span class='ocrx_word' id='word_1_560' title='bbox 3462 3328 3480 3358; x_wconf 89' lang='lat'><strong>,</strong></span> <span class='ocrx_word' id='word_1_561' title='bbox 3508 3293 3577 3347; x_wconf 86' lang='lat' dir='ltr'><strong>de</strong></span> 
     </span>
    </p>
   </div>
   <div class='ocr_carea' id='block_1_75' title="bbox 2004 3384 3577 3454">
    <p class='ocr_par' dir='ltr' id='par_1_75' title="bbox 2004 3384 3577 3454">
     <span class='ocr_line' id='line_1_75' title="bbox 2004 3384 3577 3454; baseline -0.001 -16"><span class='ocrx_word' id='word_1_562' title='bbox 2004 3384 2204 3454; x_wconf 90' lang='lat' dir='ltr'><strong>quibus</strong></span> <span class='ocrx_word' id='word_1_563' title='bbox 2247 3399 2464 3452; x_wconf 90' lang='lat' dir='ltr'><strong>semper</strong></span> <span class='ocrx_word' id='word_1_564' title='bbox 2497 3385 2638 3438; x_wconf 90' lang='lat' dir='ltr'><strong>inter</strong></span> <span class='ocrx_word' id='word_1_565' title='bbox 2669 3398 2771 3437; x_wconf 88' lang='lat' dir='ltr'><strong>nos</strong></span> <span class='ocrx_word' id='word_1_566' title='bbox 2804 3390 3166 3447; x_wconf 84' lang='lat' dir='ltr'><strong>convenerat,</strong></span> <span class='ocrx_word' id='word_1_567' title='bbox 3207 3396 3399 3454; x_wconf 89' lang='lat' dir='ltr'><strong>nempe</strong></span> <span class='ocrx_word' id='word_1_568' title='bbox 3436 3399 3577 3453; x_wconf 79' lang='lat' dir='ltr'><strong>prte-</strong></span> 
     </span>
    </p>
   </div>
   <div class='ocr_carea' id='block_1_76' title="bbox 2003 3474 3578 3546">
    <p class='ocr_par' dir='ltr' id='par_1_76' title="bbox 2003 3474 3578 3546">
     <span class='ocr_line' id='line_1_76' title="bbox 2003 3474 3578 3546; baseline 0 -16"><span class='ocrx_word' id='word_1_569' title='bbox 2003 3486 2156 3546; x_wconf 90' lang='lat' dir='ltr'><strong>cepta</strong></span> <span class='ocrx_word' id='word_1_570' title='bbox 2209 3476 2455 3545; x_wconf 67' lang='lat' dir='ltr'><strong>quaedam</strong></span> <span class='ocrx_word' id='word_1_571' title='bbox 2499 3475 2655 3530; x_wconf 80' lang='lat' dir='ltr'><strong>vobis</strong></span> <span class='ocrx_word' id='word_1_572' title='bbox 2703 3490 2731 3527; x_wconf 86' lang='lat' dir='ltr'><strong>a</strong></span> <span class='ocrx_word' id='word_1_573' title='bbox 2778 3475 2959 3545; x_wconf 77' lang='lat' dir='ltr'><strong>Moyse</strong></span> <span class='ocrx_word' id='word_1_574' title='bbox 2987 3476 3059 3531; x_wconf 93' lang='lat' dir='ltr'><strong>ob</strong></span> <span class='ocrx_word' id='word_1_575' title='bbox 3105 3474 3360 3529; x_wconf 88' lang='lat' dir='ltr'><strong>duritiem</strong></span> <span class='ocrx_word' id='word_1_576' title='bbox 3393 3476 3578 3530; x_wconf 83' lang='lat' dir='ltr'><strong>cordis</strong></span> 
     </span>
    </p>
   </div>
   <div class='ocr_carea' id='block_1_77' title="bbox 2003 3562 3598 3641">
    <p class='ocr_par' dir='ltr' id='par_1_77' title="bbox 2003 3562 3598 3641">
     <span class='ocr_line' id='line_1_77' title="bbox 2003 3562 3598 3641; baseline 0.003 -25"><span class='ocrx_word' id='word_1_577' title='bbox 2003 3563 2185 3632; x_wconf 77' lang='lat' dir='ltr'><strong>pupuli</strong></span> <span class='ocrx_word' id='word_1_578' title='bbox 2208 3564 2370 3617; x_wconf 89' lang='lat' dir='ltr'><strong>vestri</strong></span> <span class='ocrx_word' id='word_1_579' title='bbox 2396 3564 2571 3632; x_wconf 85' lang='lat' dir='ltr'><strong>posita</strong></span> <span class='ocrx_word' id='word_1_580' title='bbox 2592 3562 2779 3627; x_wconf 87' lang='lat' dir='ltr'><strong>fuisse,</strong></span> <span class='ocrx_word' id='word_1_581' title='bbox 2799 3563 3109 3619; x_wconf 84' lang='lat' dir='ltr'><strong>dissolvere</strong></span> <span class='ocrx_word' id='word_1_582' title='bbox 3128 3565 3365 3621; x_wconf 87' lang='lat' dir='ltr'><strong>coneris.</strong></span> <span class='ocrx_word' id='word_1_583' title='bbox 3382 3565 3598 3641; x_wconf 30' lang='lat' dir='ltr'><strong>Dixisti,</strong></span> 
     </span>
    </p>
   </div>
   <div class='ocr_carea' id='block_1_78' title="bbox 2001 3654 3600 3724">
    <p class='ocr_par' dir='ltr' id='par_1_78' title="bbox 2001 3654 3600 3724">
     <span class='ocr_line' id='line_1_78' title="bbox 2001 3654 3600 3724; baseline 0.001 -15"><span class='ocrx_word' id='word_1_584' title='bbox 2001 3656 2185 3721; x_wconf 90' lang='lat' dir='ltr'><strong>enim,</strong></span> <span class='ocrx_word' id='word_1_585' title='bbox 2221 3670 2287 3709; x_wconf 91' lang='lat' dir='ltr'><strong>eo</strong></span> <span class='ocrx_word' id='word_1_586' title='bbox 2313 3655 2458 3724; x_wconf 92' lang='lat' dir='ltr'><strong>quod</strong></span> <span class='ocrx_word' id='word_1_587' title='bbox 2497 3657 2894 3710; x_wconf 88' lang='lat' dir='ltr'><strong>convenienter</strong></span> <span class='ocrx_word' id='word_1_588' title='bbox 2925 3655 3028 3723; x_wconf 82' lang='lat' dir='ltr'><strong>legi</strong></span> <span class='ocrx_word' id='word_1_589' title='bbox 3063 3655 3304 3723; x_wconf 88' lang='lat' dir='ltr'><strong>viveret,</strong></span> <span class='ocrx_word' id='word_1_590' title='bbox 3343 3654 3600 3711; x_wconf 49' lang='lat' dir='ltr'><strong>electum.+</strong></span> 
     </span>
    </p>
   </div>
   <div class='ocr_carea' id='block_1_79' title="bbox 2002 3744 3600 3812">
    <p class='ocr_par' dir='ltr' id='par_1_79' title="bbox 2002 3744 3600 3812">
     <span class='ocr_line' id='line_1_79' title="bbox 2002 3744 3600 3812; baseline -0.001 -11"><span class='ocrx_word' id='word_1_591' title='bbox 2002 3760 2128 3801; x_wconf 88' lang='lat' dir='ltr'><strong>eum</strong></span> <span class='ocrx_word' id='word_1_592' title='bbox 2174 3760 2296 3801; x_wconf 89' lang='lat' dir='ltr'><strong>esse</strong></span> <span class='ocrx_word' id='word_1_593' title='bbox 2323 3754 2379 3801; x_wconf 88' lang='lat' dir='ltr'><strong>et</strong></span> <span class='ocrx_word' id='word_1_594' title='bbox 2408 3745 2617 3801; x_wconf 86' lang='lat' dir='ltr'><strong>factum</strong></span> <span class='ocrx_word' id='word_1_595' title='bbox 2647 3744 2925 3800; x_wconf 89' lang='lat' dir='ltr'><strong>Christum</strong></span> <span class='ocrx_word' id='word_1_596' title='bbox 2949 3784 2966 3812; x_wconf 89' lang='lat'><strong>,</strong></span> <span class='ocrx_word' id='word_1_597' title='bbox 3006 3746 3053 3801; x_wconf 95' lang='lat' dir='ltr'><strong>si</strong></span> <span class='ocrx_word' id='word_1_598' title='bbox 3102 3755 3287 3801; x_wconf 74' lang='lat' dir='ltr'><strong>tamen</strong></span> <span class='ocrx_word' id='word_1_599' title='bbox 3327 3760 3452 3802; x_wconf 84' lang='lat' dir='ltr'><strong>eum</strong></span> <span class='ocrx_word' id='word_1_600' title='bbox 3479 3748 3600 3803; x_wconf 68' lang='lat' dir='ltr'><strong>dc-i</strong></span> 
     </span>
    </p>
   </div>
   <div class='ocr_carea' id='block_1_80' title="bbox 2004 3835 2811 3893">
    <p class='ocr_par' dir='ltr' id='par_1_80' title="bbox 2004 3835 2811 3893">
     <span class='ocr_line' id='line_1_80' title="bbox 2004 3835 2811 3893; baseline -0.002 0"><span class='ocrx_word' id='word_1_601' title='bbox 2004 3846 2342 3893; x_wconf 88' lang='lat' dir='ltr'><strong>monstretur</strong></span> <span class='ocrx_word' id='word_1_602' title='bbox 2366 3851 2488 3893; x_wconf 87' lang='lat' dir='ltr'><strong>esse</strong></span> <span class='ocrx_word' id='word_1_603' title='bbox 2512 3835 2811 3892; x_wconf 86' lang='lat' dir='ltr'><strong>Christum.</strong></span> 
     </span>
    </p>
   </div>
   <div class='ocr_carea' id='block_1_81' title="bbox 2078 3927 3577 4000">
    <p class='ocr_par' dir='ltr' id='par_1_81' title="bbox 2078 3927 3577 4000">
     <span class='ocr_line' id='line_1_81' title="bbox 2078 3927 3577 4000; baseline 0.001 -17"><span class='ocrx_word' id='word_1_604' title='bbox 2078 3927 2178 3989; x_wconf 76' lang='lat' dir='ltr'><strong>llic</strong></span> <span class='ocrx_word' id='word_1_605' title='bbox 2207 3928 2428 4000; x_wconf 86' lang='lat' dir='ltr'><strong>Trypho</strong></span> <span class='ocrx_word' id='word_1_606' title='bbox 2454 3944 2466 3978; x_wconf 94' lang='lat'>:</span> <span class='ocrx_word' id='word_1_607' title='bbox 2500 3930 2620 3999; x_wconf 89' lang='lat' dir='ltr'><strong>Ipse</strong></span> <span class='ocrx_word' id='word_1_608' title='bbox 2647 3928 2790 3984; x_wconf 89' lang='lat' dir='ltr'><strong>enim</strong></span> <span class='ocrx_word' id='word_1_609' title='bbox 2822 3927 2980 3983; x_wconf 79' lang='lat' dir='ltr'><strong>nobis</strong></span> <span class='ocrx_word' id='word_1_610' title='bbox 3004 3968 3020 3995; x_wconf 88' lang='lat'><strong>,</strong></span> <span class='ocrx_word' id='word_1_611' title='bbox 3058 3928 3267 4000; x_wconf 73' lang='lat' dir='ltr'><strong>inquit,</strong></span> <span class='ocrx_word' id='word_1_612' title='bbox 3295 3929 3577 3985; x_wconf 78' lang='lat' dir='ltr'><strong>confessus</strong></span> 
     </span>
    </p>
   </div>
   <div class='ocr_carea' id='block_1_82' title="bbox 2004 4017 3640 4093">
    <p class='ocr_par' dir='ltr' id='par_1_82' title="bbox 2004 4017 3640 4093">
     <span class='ocr_line' id='line_1_82' title="bbox 2004 4017 3640 4093; baseline 0.001 -18"><span class='ocrx_word' id='word_1_613' title='bbox 2004 4033 2063 4075; x_wconf 89' lang='lat' dir='ltr'><strong>es</strong></span> <span class='ocrx_word' id='word_1_614' title='bbox 2090 4031 2147 4076; x_wconf 88' lang='lat' dir='ltr'><strong>et</strong></span> <span class='ocrx_word' id='word_1_615' title='bbox 2175 4022 2563 4077; x_wconf 88' lang='lat' dir='ltr'><strong>circumcisum</strong></span> <span class='ocrx_word' id='word_1_616' title='bbox 2588 4036 2714 4076; x_wconf 88' lang='lat' dir='ltr'><strong>eum</strong></span> <span class='ocrx_word' id='word_1_617' title='bbox 2760 4034 2883 4076; x_wconf 85' lang='lat' dir='ltr'><strong>esse</strong></span> <span class='ocrx_word' id='word_1_618' title='bbox 2905 4061 2925 4089; x_wconf 95' lang='lat'><strong>,</strong></span> <span class='ocrx_word' id='word_1_619' title='bbox 2966 4030 3020 4077; x_wconf 90' lang='lat' dir='ltr'><strong>et</strong></span> <span class='ocrx_word' id='word_1_620' title='bbox 3049 4032 3277 4079; x_wconf 71' lang='lat' dir='ltr'><strong>caeteras</strong></span> <span class='ocrx_word' id='word_1_621' title='bbox 3301 4022 3448 4092; x_wconf 88' lang='lat' dir='ltr'><strong>leges</strong></span> <span class='ocrx_word' id='word_1_622' title='bbox 3481 4036 3578 4093; x_wconf 87' lang='lat' dir='ltr'><strong>per</strong></span> <span class='ocrx_word' id='word_1_623' title='bbox 3632 4017 3640 4025; x_wconf 84' lang='grc'><em>“</em></span> 
     </span>
    </p>
   </div>
   <div class='ocr_carea' id='block_1_83' title="bbox 2005 4113 2873 4184">
    <p class='ocr_par' dir='ltr' id='par_1_83' title="bbox 2005 4113 2873 4184">
     <span class='ocr_line' id='line_1_83' title="bbox 2005 4113 2873 4184; baseline 0 -16"><span class='ocrx_word' id='word_1_624' title='bbox 2005 4113 2244 4184; x_wconf 82' lang='lat' dir='ltr'><strong>Moysem</strong></span> <span class='ocrx_word' id='word_1_625' title='bbox 2286 4115 2571 4169; x_wconf 88' lang='lat' dir='ltr'><strong>institutas</strong></span> <span class='ocrx_word' id='word_1_626' title='bbox 2596 4126 2873 4168; x_wconf 77' lang='lat' dir='ltr'><strong>servasse.</strong></span> 
     </span>
    </p>
   </div>
   <div class='ocr_carea' id='block_1_84' title="bbox 2076 4203 3570 4277">
    <p class='ocr_par' dir='ltr' id='par_1_84' title="bbox 2076 4203 3570 4277">
     <span class='ocr_line' id='line_1_84' title="bbox 2076 4203 3570 4277; baseline -0.002 -16"><span class='ocrx_word' id='word_1_627' title='bbox 2076 4207 2213 4261; x_wconf 89' lang='lat' dir='ltr'><strong>Tum</strong></span> <span class='ocrx_word' id='word_1_628' title='bbox 2241 4221 2341 4277; x_wconf 81' lang='lat' dir='ltr'><strong>ego</strong></span> <span class='ocrx_word' id='word_1_629' title='bbox 2366 4224 2379 4259; x_wconf 89' lang='lat'><strong>:</strong></span> <span class='ocrx_word' id='word_1_630' title='bbox 2410 4207 2707 4263; x_wconf 80' lang='lat' dir='ltr'><strong>Confessus</strong></span> <span class='ocrx_word' id='word_1_631' title='bbox 2742 4220 2884 4271; x_wconf 84' lang='lat' dir='ltr'><strong>sum,</strong></span> <span class='ocrx_word' id='word_1_632' title='bbox 2911 4205 3153 4274; x_wconf 84' lang='lat' dir='ltr'><strong>inquam.</strong></span> <span class='ocrx_word' id='word_1_633' title='bbox 3183 4217 3237 4259; x_wconf 88' lang='lat' dir='ltr'><strong>et</strong></span> <span class='ocrx_word' id='word_1_634' title='bbox 3268 4203 3570 4270; x_wconf 79' lang='lat' dir='ltr'><strong>conﬁteor;</strong></span> 
     </span>
    </p>
   </div>
   <div class='ocr_carea' id='block_1_85' title="bbox 2004 4297 3579 4354">
    <p class='ocr_par' dir='ltr' id='par_1_85' title="bbox 2004 4297 3579 4354">
     <span class='ocr_line' id='line_1_85' title="bbox 2004 4297 3579 4354; baseline -0.001 -1"><span class='ocrx_word' id='word_1_635' title='bbox 2004 4300 2097 4353; x_wconf 87' lang='lat' dir='ltr'><strong>sed</strong></span> <span class='ocrx_word' id='word_1_636' title='bbox 2141 4313 2253 4354; x_wconf 85' lang='lat' dir='ltr'><strong>non</strong></span> <span class='ocrx_word' id='word_1_637' title='bbox 2288 4297 2495 4354; x_wconf 80' lang='lat' dir='ltr'><strong>idcirco</strong></span> <span class='ocrx_word' id='word_1_638' title='bbox 2533 4298 2716 4354; x_wconf 89' lang='lat' dir='ltr'><strong>omnia</strong></span> <span class='ocrx_word' id='word_1_639' title='bbox 2749 4315 2876 4354; x_wconf 81' lang='lat' dir='ltr'><strong>eum</strong></span> <span class='ocrx_word' id='word_1_640' title='bbox 2918 4299 3249 4353; x_wconf 81' lang='lat' dir='ltr'><strong>sustinuisse</strong></span> <span class='ocrx_word' id='word_1_641' title='bbox 3296 4298 3579 4353; x_wconf 87' lang='lat' dir='ltr'><strong>confessus</strong></span> 
     </span>
    </p>
   </div>
   <div class='ocr_carea' id='block_1_86' title="bbox 2004 4388 3579 4461">
    <p class='ocr_par' dir='ltr' id='par_1_86' title="bbox 2004 4388 3579 4461">
     <span class='ocr_line' id='line_1_86' title="bbox 2004 4388 3579 4461; baseline -0.002 -15"><span class='ocrx_word' id='word_1_642' title='bbox 2004 4406 2145 4455; x_wconf 89' lang='lat' dir='ltr'><strong>sum,</strong></span> <span class='ocrx_word' id='word_1_643' title='bbox 2171 4392 2313 4459; x_wconf 91' lang='lat' dir='ltr'><strong>quod</strong></span> <span class='ocrx_word' id='word_1_644' title='bbox 2340 4405 2438 4458; x_wconf 89' lang='lat' dir='ltr'><strong>per</strong></span> <span class='ocrx_word' id='word_1_645' title='bbox 2462 4405 2526 4446; x_wconf 90' lang='lat' dir='ltr'><strong>ea</strong></span> <span class='ocrx_word' id='word_1_646' title='bbox 2553 4389 2975 4461; x_wconf 84' lang='lat' dir='ltr'><strong>justiﬁcaretur,</strong></span> <span class='ocrx_word' id='word_1_647' title='bbox 3009 4393 3103 4444; x_wconf 91' lang='lat' dir='ltr'><strong>sed</strong></span> <span class='ocrx_word' id='word_1_648' title='bbox 3134 4398 3191 4442; x_wconf 91' lang='lat' dir='ltr'><strong>ut</strong></span> <span class='ocrx_word' id='word_1_649' title='bbox 3215 4388 3579 4456; x_wconf 87' lang='lat' dir='ltr'><strong>dispensatio-</strong></span> 
     </span>
    </p>
   </div>
   <div class='ocr_carea' id='block_1_87' title="bbox 2003 4481 3578 4552">
    <p class='ocr_par' dir='ltr' id='par_1_87' title="bbox 2003 4481 3578 4552">
     <span class='ocr_line' id='line_1_87' title="bbox 2003 4481 3578 4552; baseline -0.002 -16"><span class='ocrx_word' id='word_1_650' title='bbox 2003 4498 2126 4538; x_wconf 77' lang='lat' dir='ltr'><strong>nem</strong></span> <span class='ocrx_word' id='word_1_651' title='bbox 2165 4481 2476 4551; x_wconf 86' lang='lat' dir='ltr'><strong>perficeret,</strong></span> <span class='ocrx_word' id='word_1_652' title='bbox 2502 4497 2667 4551; x_wconf 71' lang='lat' dir='ltr'><strong>quam</strong></span> <span class='ocrx_word' id='word_1_653' title='bbox 2689 4482 2855 4538; x_wconf 89' lang='lat' dir='ltr'><strong>Pater</strong></span> <span class='ocrx_word' id='word_1_654' title='bbox 2882 4482 3078 4552; x_wconf 79' lang='lat' dir='ltr'><strong>ipsius,</strong></span> <span class='ocrx_word' id='word_1_655' title='bbox 3110 4490 3167 4536; x_wconf 75' lang='lat' dir='ltr'><strong>et</strong></span> <span class='ocrx_word' id='word_1_656' title='bbox 3195 4481 3578 4535; x_wconf 86' lang='lat' dir='ltr'><strong>universorum</strong></span> 
     </span>
    </p>
   </div>
   <div class='ocr_carea' id='block_1_88' title="bbox 308 4572 1898 4653">
    <p class='ocr_par' dir='ltr' id='par_1_88' title="bbox 308 4579 1898 4653">
     <span class='ocr_line' id='line_1_88' title="bbox 308 4579 1898 4653; baseline -0.001 -17"><span class='ocrx_word' id='word_1_657' title='bbox 308 4583 566 4653; x_wconf 73' lang='grc' dir='ltr'>ποιητὴς,</span> <span class='ocrx_word' id='word_1_658' title='bbox 604 4582 703 4635; x_wconf 77' lang='grc' dir='ltr'><strong>καὶ</strong></span> <span class='ocrx_word' id='word_1_659' title='bbox 734 4581 973 4653; x_wconf 80' lang='grc' dir='ltr'>Κύριος,</span> <span class='ocrx_word' id='word_1_660' title='bbox 1008 4580 1103 4634; x_wconf 73' lang='grc' dir='ltr'><strong>καὶ</strong></span> <span class='ocrx_word' id='word_1_661' title='bbox 1135 4580 1291 4643; x_wconf 84' lang='grc' dir='ltr'>Θεός.</span> <span class='ocrx_word' id='word_1_662' title='bbox 1325 4579 1437 4633; x_wconf 75' lang='grc' dir='ltr'>Καὶ</span> <span class='ocrx_word' id='word_1_663' title='bbox 1467 4580 1578 4650; x_wconf 81' lang='grc' dir='ltr'><strong>γὰρ</strong></span> <span class='ocrx_word' id='word_1_664' title='bbox 1609 4580 1670 4633; x_wconf 81' lang='grc' dir='ltr'>τὸ</span> <span class='ocrx_word' id='word_1_665' title='bbox 1702 4579 1898 4635; x_wconf 88' lang='grc' dir='ltr'>ἀποθα-</span> 
     </span>
    </p>
   </div>
   <div class='ocr_carea' id='block_1_89' title="bbox 2010 4572 3577 4653">
    <p class='ocr_par' dir='ltr' id='par_1_89' title="bbox 2010 4572 3577 4631">
     <span class='ocr_line' id='line_1_89' title="bbox 2010 4572 3577 4631; baseline -0.005 -1"><span class='ocrx_word' id='word_1_666' title='bbox 2010 4583 2228 4630; x_wconf 81' lang='lat' dir='ltr'><strong>creator</strong></span> <span class='ocrx_word' id='word_1_667' title='bbox 2251 4588 2316 4629; x_wconf 90' lang='lat' dir='ltr'><strong>ac</strong></span> <span class='ocrx_word' id='word_1_668' title='bbox 2347 4573 2610 4630; x_wconf 89' lang='lat' dir='ltr'><strong>Dominus</strong></span> <span class='ocrx_word' id='word_1_669' title='bbox 2636 4586 2696 4631; x_wconf 85' lang='lat' dir='ltr'><strong>et</strong></span> <span class='ocrx_word' id='word_1_670' title='bbox 2737 4574 2878 4629; x_wconf 82' lang='lat' dir='ltr'><strong>Deus</strong></span> <span class='ocrx_word' id='word_1_671' title='bbox 2917 4574 3155 4629; x_wconf 82' lang='lat' dir='ltr'><strong>volebat.</strong></span> <span class='ocrx_word' id='word_1_672' title='bbox 3199 4572 3337 4627; x_wconf 84' lang='lat' dir='ltr'><strong>Nam</strong></span> <span class='ocrx_word' id='word_1_673' title='bbox 3365 4580 3423 4626; x_wconf 90' lang='lat' dir='ltr'><strong>et</strong></span> <span class='ocrx_word' id='word_1_674' title='bbox 3451 4586 3577 4626; x_wconf 87' lang='lat' dir='ltr'><strong>emn</strong></span> 
     </span>
    </p>
   </div>
   <div class='ocr_carea' id='block_1_90' title="bbox 306 4672 1899 4747">
    <p class='ocr_par' dir='ltr' id='par_1_90' title="bbox 306 4672 1899 4747">
     <span class='ocr_line' id='line_1_90' title="bbox 306 4672 1899 4747; baseline -0.001 -18"><span class='ocrx_word' id='word_1_675' title='bbox 306 4680 416 4729; x_wconf 78' lang='grc' dir='ltr'>νεῖν</span> <span class='ocrx_word' id='word_1_676' title='bbox 473 4673 864 4747; x_wconf 74' lang='grc' dir='ltr'>σταυρωθέντα</span> <span class='ocrx_word' id='word_1_677' title='bbox 895 4673 1140 4745; x_wconf 78' lang='grc' dir='ltr'>ὁμολογῶ</span> <span class='ocrx_word' id='word_1_678' title='bbox 1173 4675 1459 4744; x_wconf 83' lang='grc' dir='ltr'>ὑπομεῖναι</span> <span class='ocrx_word' id='word_1_679' title='bbox 1493 4672 1674 4736; x_wconf 81' lang='grc' dir='ltr'>αὑτὸν,</span> <span class='ocrx_word' id='word_1_680' title='bbox 1710 4673 1806 4725; x_wconf 78' lang='grc' dir='ltr'>καὶ</span> <span class='ocrx_word' id='word_1_681' title='bbox 1839 4674 1899 4727; x_wconf 82' lang='grc' dir='ltr'><strong>τὸ</strong></span> 
     </span>
    </p>
   </div>
   <div class='ocr_carea' id='block_1_91' title="bbox 306 4763 1901 4838">
    <p class='ocr_par' dir='ltr' id='par_1_91' title="bbox 306 4763 1901 4838">
     <span class='ocr_line' id='line_1_91' title="bbox 306 4763 1901 4838; baseline -0.003 -16"><span class='ocrx_word' id='word_1_682' title='bbox 306 4769 602 4838; x_wconf 73' lang='grc' dir='ltr'>ἄνθρωπον</span> <span class='ocrx_word' id='word_1_683' title='bbox 638 4764 894 4834; x_wconf 82' lang='grc' dir='ltr'>γενέσθαι</span> <span class='ocrx_word' id='word_1_684' title='bbox 914 4806 928 4826; x_wconf 85' lang='grc'><strong>,</strong></span> <span class='ocrx_word' id='word_1_685' title='bbox 970 4766 1064 4818; x_wconf 78' lang='grc' dir='ltr'><strong>καὶ</strong></span> <span class='ocrx_word' id='word_1_686' title='bbox 1096 4764 1334 4819; x_wconf 82' lang='grc' dir='ltr'>τοσαῦτα</span> <span class='ocrx_word' id='word_1_687' title='bbox 1367 4763 1560 4818; x_wconf 79' lang='grc' dir='ltr'>παθεῖν</span> <span class='ocrx_word' id='word_1_688' title='bbox 1592 4767 1693 4818; x_wconf 81' lang='grc' dir='ltr'>ὃσα</span> <span class='ocrx_word' id='word_1_689' title='bbox 1730 4764 1901 4817; x_wconf 83' lang='grc' dir='ltr'>διέθε-</span> 
     </span>
    </p>
   </div>
   <div class='ocr_carea' id='block_1_92' title="bbox 310 4849 1901 4925">
    <p class='ocr_par' dir='ltr' id='par_1_92' title="bbox 310 4849 1901 4925">
     <span class='ocr_line' id='line_1_92' title="bbox 310 4849 1901 4925; baseline 0.001 -17"><span class='ocrx_word' id='word_1_690' title='bbox 310 4872 409 4908; x_wconf 76' lang='grc' dir='ltr'><strong>σαν</strong></span> <span class='ocrx_word' id='word_1_691' title='bbox 441 4856 611 4908; x_wconf 65' lang='grc' dir='ltr'>αὐτὸν</span> <span class='ocrx_word' id='word_1_692' title='bbox 643 4857 691 4907; x_wconf 79' lang='grc' dir='ltr'>οἱ</span> <span class='ocrx_word' id='word_1_693' title='bbox 725 4855 835 4908; x_wconf 82' lang='grc' dir='ltr'><strong>ἀπὸ</strong></span> <span class='ocrx_word' id='word_1_694' title='bbox 870 4853 963 4908; x_wconf 80' lang='grc' dir='ltr'>τοῦ</span> <span class='ocrx_word' id='word_1_695' title='bbox 999 4854 1189 4922; x_wconf 87' lang='grc' dir='ltr'>γένους</span> <span class='ocrx_word' id='word_1_696' title='bbox 1215 4852 1388 4925; x_wconf 84' lang='grc' dir='ltr'>ὑμῶν.</span> <span class='ocrx_word' id='word_1_697' title='bbox 1433 4854 1587 4907; x_wconf 75' lang='grc' dir='ltr'>Ἐπεὶ</span> <span class='ocrx_word' id='word_1_698' title='bbox 1621 4855 1802 4919; x_wconf 83' lang='grc' dir='ltr'>πάλιν,</span> <span class='ocrx_word' id='word_1_699' title='bbox 1855 4849 1901 4910; x_wconf 83' lang='grc' dir='ltr'>ὧ</span> 
     </span>
    </p>
   </div>
   <div class='ocr_carea' id='block_1_93' title="bbox 308 4939 1904 5019">
    <p class='ocr_par' dir='ltr' id='par_1_93' title="bbox 308 4939 1904 5019">
     <span class='ocr_line' id='line_1_93' title="bbox 308 4939 1904 5019; baseline -0.002 -17"><span class='ocrx_word' id='word_1_700' title='bbox 308 4948 581 5019; x_wconf 59' lang='grc' dir='ltr'>Τρύφων,</span> <span class='ocrx_word' id='word_1_701' title='bbox 624 4947 699 5019; x_wconf 80' lang='grc' dir='ltr'>μὴ</span> <span class='ocrx_word' id='word_1_702' title='bbox 732 4946 1044 5001; x_wconf 87' lang='grc' dir='ltr'>συντίθεσθε</span> <span class='ocrx_word' id='word_1_703' title='bbox 1088 4945 1199 5017; x_wconf 78' lang='grc'><strong>(15)</strong></span> <span class='ocrx_word' id='word_1_704' title='bbox 1236 4939 1318 5009; x_wconf 77' lang='grc' dir='ltr'>οἷς</span> <span class='ocrx_word' id='word_1_705' title='bbox 1365 4945 1589 5014; x_wconf 80' lang='grc' dir='ltr'>φθάνεις</span> <span class='ocrx_word' id='word_1_706' title='bbox 1638 4946 1904 5000; x_wconf 78' lang='grc' dir='ltr'>συντεθει-</span> 
     </span>
    </p>
   </div>
   <div class='ocr_carea' id='block_1_94' title="bbox 384 5083 1895 5156">
    <p class='ocr_par' dir='ltr' id='par_1_94' title="bbox 384 5083 1895 5156">
     <span class='ocr_line' id='line_1_94' title="bbox 384 5083 1895 5156; baseline 0 -17"><span class='ocrx_word' id='word_1_707' title='bbox 384 5086 505 5156; x_wconf 72' lang='lat'><strong>(12)</strong></span> <span class='ocrx_word' id='word_1_708' title='bbox 546 5084 721 5154; x_wconf 79' lang='lat' dir='ltr'><strong>Hitjus</strong></span> <span class='ocrx_word' id='word_1_709' title='bbox 750 5086 1053 5156; x_wconf 64' lang='lat' dir='ltr'><strong>prophetia:</strong></span> <span class='ocrx_word' id='word_1_710' title='bbox 1076 5093 1333 5141; x_wconf 88' lang='lat' dir='ltr'><strong>eventum</strong></span> <span class='ocrx_word' id='word_1_711' title='bbox 1365 5085 1417 5138; x_wconf 91' lang='lat' dir='ltr'><strong>in</strong></span> <span class='ocrx_word' id='word_1_712' title='bbox 1447 5083 1735 5156; x_wconf 64' lang='lat' dir='ltr'><strong>Ezechiam</strong></span> <span class='ocrx_word' id='word_1_713' title='bbox 1763 5099 1895 5139; x_wconf 79' lang='lat' dir='ltr'><strong>eve-</strong></span> 
     </span>
    </p>
   </div>
   <div class='ocr_carea' id='block_1_95' title="bbox 313 5154 1896 5229">
    <p class='ocr_par' dir='ltr' id='par_1_95' title="bbox 313 5154 1896 5229">
     <span class='ocr_line' id='line_1_95' title="bbox 313 5154 1896 5229; baseline -0.001 -17"><span class='ocrx_word' id='word_1_714' title='bbox 313 5157 435 5212; x_wconf 86' lang='lat' dir='ltr'><strong>nire</strong></span> <span class='ocrx_word' id='word_1_715' title='bbox 476 5154 587 5229; x_wconf 84' lang='lat' dir='ltr'><strong>non</strong></span> <span class='ocrx_word' id='word_1_716' title='bbox 630 5154 871 5229; x_wconf 72' lang='lat' dir='ltr'><strong>potuisse</strong></span> <span class='ocrx_word' id='word_1_717' title='bbox 898 5200 912 5221; x_wconf 86' lang='lat'><strong>,</strong></span> <span class='ocrx_word' id='word_1_718' title='bbox 968 5155 1109 5229; x_wconf 74' lang='lat' dir='ltr'><strong>ipfra</strong></span> <span class='ocrx_word' id='word_1_719' title='bbox 1140 5172 1291 5212; x_wconf 87' lang='lat' dir='ltr'><strong>num.</strong></span> <span class='ocrx_word' id='word_1_720' title='bbox 1324 5156 1390 5210; x_wconf 87' lang='lat'><strong>77</strong></span> <span class='ocrx_word' id='word_1_721' title='bbox 1422 5165 1616 5211; x_wconf 86' lang='lat' dir='ltr'><strong>contra</strong></span> <span class='ocrx_word' id='word_1_722' title='bbox 1648 5154 1896 5225; x_wconf 84' lang='lat' dir='ltr'><strong>Trypho-</strong></span> 
     </span>
    </p>
   </div>
   <div class='ocr_carea' id='block_1_96' title="bbox 313 5224 1059 5292">
    <p class='ocr_par' dir='ltr' id='par_1_96' title="bbox 313 5224 1059 5292">
     <span class='ocr_line' id='line_1_96' title="bbox 313 5224 1059 5292; baseline -0.007 -8"><span class='ocrx_word' id='word_1_723' title='bbox 313 5243 435 5284; x_wconf 73' lang='lat' dir='ltr'><strong>nem</strong></span> <span class='ocrx_word' id='word_1_724' title='bbox 468 5224 762 5292; x_wconf 77' lang='lat' dir='ltr'><strong>probatur.</strong></span> <span class='ocrx_word' id='word_1_725' title='bbox 791 5224 1017 5281; x_wconf 62' lang='lat' dir='ltr'><strong>Ono.&quot;</strong></span> <span class='ocrx_word' id='word_1_726' title='bbox 1046 5261 1059 5272; x_wconf 84' lang='grc'><strong><em>.</em></strong></span> 
     </span>
    </p>
   </div>
   <div class='ocr_carea' id='block_1_97' title="bbox 382 5291 1895 5366">
    <p class='ocr_par' dir='ltr' id='par_1_97' title="bbox 382 5291 1895 5366">
     <span class='ocr_line' id='line_1_97' title="bbox 382 5291 1895 5366; baseline -0.001 -16"><span class='ocrx_word' id='word_1_727' title='bbox 382 5291 497 5365; x_wconf 78' lang='grc'><strong>(15)</strong></span> <span class='ocrx_word' id='word_1_728' title='bbox 532 5297 675 5364; x_wconf 76' lang='grc' dir='ltr'>Περὶ</span> <span class='ocrx_word' id='word_1_729' title='bbox 706 5291 793 5349; x_wconf 79' lang='grc' dir='ltr'><strong>ὧν</strong></span> <span class='ocrx_word' id='word_1_730' title='bbox 823 5298 940 5353; x_wconf 82' lang='grc' dir='ltr'>ἀεί.</span> <span class='ocrx_word' id='word_1_731' title='bbox 979 5294 1207 5351; x_wconf 69' lang='lat' dir='ltr'><strong>Videtur</strong></span> <span class='ocrx_word' id='word_1_732' title='bbox 1239 5294 1413 5366; x_wconf 87' lang='lat' dir='ltr'><strong>prima</strong></span> <span class='ocrx_word' id='word_1_733' title='bbox 1448 5296 1627 5365; x_wconf 84' lang='lat' dir='ltr'><strong>specie</strong></span> <span class='ocrx_word' id='word_1_734' title='bbox 1653 5295 1781 5366; x_wconf 62' lang='lat' dir='ltr'><strong>illud</strong></span> <span class='ocrx_word' id='word_1_735' title='bbox 1808 5296 1895 5350; x_wconf 81' lang='grc' dir='ltr'><strong>ἀεί</strong></span> 
     </span>
    </p>
   </div>
   <div class='ocr_carea' id='block_1_98' title="bbox 312 5360 1892 5438">
    <p class='ocr_par' dir='ltr' id='par_1_98' title="bbox 312 5360 1892 5438">
     <span class='ocr_line' id='line_1_98' title="bbox 312 5360 1892 5438; baseline -0.001 -16"><span class='ocrx_word' id='word_1_736' title='bbox 312 5360 705 5435; x_wconf 75' lang='lat' dir='ltr'><strong>transposituin</strong></span> <span class='ocrx_word' id='word_1_737' title='bbox 741 5367 937 5431; x_wconf 88' lang='lat' dir='ltr'><strong>fuisse,</strong></span> <span class='ocrx_word' id='word_1_738' title='bbox 959 5382 1025 5421; x_wconf 82' lang='lat' dir='ltr'><strong>ac</strong></span> <span class='ocrx_word' id='word_1_739' title='bbox 1056 5360 1345 5435; x_wconf 82' lang='lat' dir='ltr'><strong>legendum</strong></span> <span class='ocrx_word' id='word_1_740' title='bbox 1378 5360 1618 5438; x_wconf 73' lang='grc' dir='ltr'>ᾁεὶ’περὶ</span> <span class='ocrx_word' id='word_1_741' title='bbox 1648 5360 1742 5420; x_wconf 80' lang='grc' dir='ltr'><strong>ὧν.</strong></span> <span class='ocrx_word' id='word_1_742' title='bbox 1777 5367 1892 5421; x_wconf 80' lang='lat' dir='ltr'><strong>Non</strong></span> 
     </span>
    </p>
   </div>
   <div class='ocr_carea' id='block_1_99' title="bbox 311 5435 1898 5509">
    <p class='ocr_par' dir='ltr' id='par_1_99' title="bbox 311 5435 1898 5509">
     <span class='ocr_line' id='line_1_99' title="bbox 311 5435 1898 5509; baseline 0 -18"><span class='ocrx_word' id='word_1_743' title='bbox 311 5443 459 5509; x_wconf 59' lang='lat' dir='ltr'><strong>enim</strong></span> <span class='ocrx_word' id='word_1_744' title='bbox 491 5452 557 5491; x_wconf 84' lang='lat' dir='ltr'><strong>ea</strong></span> <span class='ocrx_word' id='word_1_745' title='bbox 587 5438 741 5509; x_wconf 7' lang='lat' dir='ltr'><strong>deire</strong></span> <span class='ocrx_word' id='word_1_746' title='bbox 770 5452 990 5509; x_wconf 71' lang='lat' dir='ltr'><strong>semper</strong></span> <span class='ocrx_word' id='word_1_747' title='bbox 1010 5448 1349 5509; x_wconf 81' lang='lat' dir='ltr'><strong>convenerat</strong></span> <span class='ocrx_word' id='word_1_748' title='bbox 1372 5435 1647 5509; x_wconf 79' lang='lat' dir='ltr'><strong>Justinum</strong></span> <span class='ocrx_word' id='word_1_749' title='bbox 1674 5438 1818 5509; x_wconf 79' lang='lat' dir='ltr'><strong>inter</strong></span> <span class='ocrx_word' id='word_1_750' title='bbox 1839 5447 1898 5491; x_wconf 92' lang='lat' dir='ltr'><strong>et</strong></span> 
     </span>
    </p>
   </div>
   <div class='ocr_carea' id='block_1_100' title="bbox 309 5506 1882 5577">
    <p class='ocr_par' dir='ltr' id='par_1_100' title="bbox 309 5506 1882 5577">
     <span class='ocr_line' id='line_1_100' title="bbox 309 5506 1882 5577; baseline -0.002 -12"><span class='ocrx_word' id='word_1_751' title='bbox 309 5508 551 5568; x_wconf 65' lang='lat' dir='ltr'><strong>Iudaeos.</strong></span> <span class='ocrx_word' id='word_1_752' title='bbox 580 5508 676 5561; x_wconf 86' lang='lat' dir='ltr'><strong>sed</strong></span> <span class='ocrx_word' id='word_1_753' title='bbox 704 5506 1111 5577; x_wconf 43' lang='lat' dir='ltr'><strong>potius&#39;Judzei,</strong></span> <span class='ocrx_word' id='word_1_754' title='bbox 1133 5514 1422 5577; x_wconf 89' lang='lat' dir='ltr'><strong>postquam</strong></span> <span class='ocrx_word' id='word_1_755' title='bbox 1441 5508 1652 5561; x_wconf 83' lang='lat' dir='ltr'><strong>Veteris</strong></span> <span class='ocrx_word' id='word_1_756' title='bbox 1673 5519 1727 5561; x_wconf 90' lang='lat' dir='ltr'><strong>et</strong></span> <span class='ocrx_word' id='word_1_757' title='bbox 1748 5507 1882 5563; x_wconf 85' lang='lat' dir='ltr'><strong>Novi</strong></span> 
     </span>
    </p>
   </div>
   <div class='ocr_carea' id='block_1_101' title="bbox 308 5577 1885 5646">
    <p class='ocr_par' dir='ltr' id='par_1_101' title="bbox 308 5577 1885 5646">
     <span class='ocr_line' id='line_1_101' title="bbox 308 5577 1885 5646; baseline -0.002 -12"><span class='ocrx_word' id='word_1_758' title='bbox 308 5579 656 5634; x_wconf 76' lang='lat' dir='ltr'><strong>Testamenti</strong></span> <span class='ocrx_word' id='word_1_759' title='bbox 691 5580 1105 5646; x_wconf 88' lang='lat' dir='ltr'><strong>distinctionem</strong></span> <span class='ocrx_word' id='word_1_760' title='bbox 1155 5577 1529 5641; x_wconf 86' lang='lat' dir='ltr'><strong>admiserant,</strong></span> <span class='ocrx_word' id='word_1_761' title='bbox 1573 5592 1788 5646; x_wconf 88' lang='lat' dir='ltr'><strong>semper</strong></span> <span class='ocrx_word' id='word_1_762' title='bbox 1818 5579 1885 5631; x_wconf 90' lang='lat' dir='ltr'><strong>ad</strong></span> 
     </span>
    </p>
   </div>
   <div class='ocr_carea' id='block_1_102' title="bbox 314 5645 1887 5719">
    <p class='ocr_par' dir='ltr' id='par_1_102' title="bbox 314 5645 1887 5719">
     <span class='ocr_line' id='line_1_102' title="bbox 314 5645 1887 5719; baseline -0.001 -16"><span class='ocrx_word' id='word_1_763' title='bbox 314 5650 592 5719; x_wconf 84' lang='lat' dir='ltr'><strong>ingenium</strong></span> <span class='ocrx_word' id='word_1_764' title='bbox 619 5650 888 5715; x_wconf 87' lang='lat' dir='ltr'><strong>redibant,</strong></span> <span class='ocrx_word' id='word_1_765' title='bbox 916 5666 981 5703; x_wconf 89' lang='lat' dir='ltr'><strong>ac</strong></span> <span class='ocrx_word' id='word_1_766' title='bbox 1014 5645 1286 5719; x_wconf 85' lang='lat' dir='ltr'><strong>Justinum</strong></span> <span class='ocrx_word' id='word_1_767' title='bbox 1315 5649 1581 5717; x_wconf 85' lang='lat' dir='ltr'><strong>cogebant</strong></span> <span class='ocrx_word' id='word_1_768' title='bbox 1607 5645 1713 5700; x_wconf 87' lang='lat' dir='ltr'><strong>tam</strong></span> <span class='ocrx_word' id='word_1_769' title='bbox 1744 5662 1887 5716; x_wconf 78' lang='lat' dir='ltr'><strong>Stepe</strong></span> 
     </span>
    </p>
   </div>
   <div class='ocr_carea' id='block_1_103' title="bbox 311 5718 1884 5790">
    <p class='ocr_par' dir='ltr' id='par_1_103' title="bbox 311 5718 1884 5790">
     <span class='ocr_line' id='line_1_103' title="bbox 311 5718 1884 5790; baseline 0 -19"><span class='ocrx_word' id='word_1_770' title='bbox 311 5718 558 5773; x_wconf 78' lang='lat' dir='ltr'><strong>eamdem</strong></span> <span class='ocrx_word' id='word_1_771' title='bbox 615 5722 971 5790; x_wconf 76' lang='lat' dir='ltr'><strong>quzestionem</strong></span> <span class='ocrx_word' id='word_1_772' title='bbox 1030 5718 1328 5790; x_wconf 70' lang='lat' dir='ltr'><strong>revolvere.</strong></span> <span class='ocrx_word' id='word_1_773' title='bbox 1379 5719 1485 5790; x_wconf 70' lang='lat' dir='ltr'><strong>sed</strong></span> <span class='ocrx_word' id='word_1_774' title='bbox 1518 5730 1717 5790; x_wconf 67' lang='lat' dir='ltr'><strong>tamen</strong></span> <span class='ocrx_word' id='word_1_775' title='bbox 1756 5719 1884 5771; x_wconf 90' lang='lat' dir='ltr'><strong>illud</strong></span> 
     </span>
    </p>
   </div>
   <div class='ocr_carea' id='block_1_104' title="bbox 309 5787 1887 5858">
    <p class='ocr_par' dir='ltr' id='par_1_104' title="bbox 309 5787 1887 5858">
     <span class='ocr_line' id='line_1_104' title="bbox 309 5787 1887 5858; baseline -0.003 -13"><span class='ocrx_word' id='word_1_776' title='bbox 309 5791 398 5845; x_wconf 67' lang='grc' dir='ltr'>ἀεὶ</span> <span class='ocrx_word' id='word_1_777' title='bbox 434 5793 577 5844; x_wconf 81' lang='lat' dir='ltr'><strong>hanc</strong></span> <span class='ocrx_word' id='word_1_778' title='bbox 604 5787 778 5858; x_wconf 76' lang='lat' dir='ltr'><strong>potest</strong></span> <span class='ocrx_word' id='word_1_779' title='bbox 804 5794 1019 5847; x_wconf 82' lang='lat' dir='ltr'><strong>habere</strong></span> <span class='ocrx_word' id='word_1_780' title='bbox 1047 5788 1396 5850; x_wconf 88' lang='lat' dir='ltr'><strong>sententiam,</strong></span> <span class='ocrx_word' id='word_1_781' title='bbox 1429 5787 1645 5843; x_wconf 65' lang='lat' dir='ltr'><strong>Iudaeos</strong></span> <span class='ocrx_word' id='word_1_782' title='bbox 1674 5803 1887 5856; x_wconf 88' lang='lat' dir='ltr'><strong>semper</strong></span> 
     </span>
    </p>
   </div>
   <div class='ocr_carea' id='block_1_105' title="bbox 315 5859 1885 5930">
    <p class='ocr_par' dir='ltr' id='par_1_105' title="bbox 315 5859 1885 5930">
     <span class='ocr_line' id='line_1_105' title="bbox 315 5859 1885 5930; baseline 0.001 -17"><span class='ocrx_word' id='word_1_783' title='bbox 315 5862 653 5930; x_wconf 73' lang='lat' dir='ltr'><strong>argumentis</strong></span> <span class='ocrx_word' id='word_1_784' title='bbox 679 5860 877 5920; x_wconf 84' lang='lat' dir='ltr'><strong>Justini</strong></span> <span class='ocrx_word' id='word_1_785' title='bbox 912 5861 1151 5919; x_wconf 80' lang='lat' dir='ltr'><strong>cessisse</strong></span> <span class='ocrx_word' id='word_1_786' title='bbox 1176 5902 1199 5928; x_wconf 79' lang='lat'><strong>,</strong></span> <span class='ocrx_word' id='word_1_787' title='bbox 1232 5860 1444 5929; x_wconf 87' lang='lat' dir='ltr'><strong>quoties</strong></span> <span class='ocrx_word' id='word_1_788' title='bbox 1480 5874 1543 5915; x_wconf 86' lang='lat' dir='ltr'><strong>ea</strong></span> <span class='ocrx_word' id='word_1_789' title='bbox 1573 5862 1638 5916; x_wconf 87' lang='lat' dir='ltr'><strong>de</strong></span> <span class='ocrx_word' id='word_1_790' title='bbox 1673 5874 1730 5915; x_wconf 85' lang='lat' dir='ltr'><strong>re</strong></span> <span class='ocrx_word' id='word_1_791' title='bbox 1775 5859 1885 5916; x_wconf 73' lang='lat' dir='ltr'><strong>dis-</strong></span> 
     </span>
    </p>
   </div>
   <div class='ocr_carea' id='block_1_106' title="bbox 2004 4664 3583 4735">
    <p class='ocr_par' dir='ltr' id='par_1_106' title="bbox 2004 4664 3583 4735">
     <span class='ocr_line' id='line_1_106' title="bbox 2004 4664 3583 4735; baseline -0.004 -14"><span class='ocrx_word' id='word_1_792' title='bbox 2004 4666 2275 4721; x_wconf 85' lang='lat' dir='ltr'><strong>confiteor</strong></span> <span class='ocrx_word' id='word_1_793' title='bbox 2305 4668 2454 4722; x_wconf 85' lang='lat' dir='ltr'><strong>cruci</strong></span> <span class='ocrx_word' id='word_1_794' title='bbox 2482 4666 2701 4721; x_wconf 78' lang='lat' dir='ltr'><strong>aiﬁxum</strong></span> <span class='ocrx_word' id='word_1_795' title='bbox 2737 4668 3015 4722; x_wconf 59' lang='lat' dir='ltr'><strong>morinon</strong></span> <span class='ocrx_word' id='word_1_796' title='bbox 3070 4666 3370 4735; x_wconf 79' lang='lat' dir='ltr'><strong>refugisse,</strong></span> <span class='ocrx_word' id='word_1_797' title='bbox 3400 4675 3457 4719; x_wconf 89' lang='lat' dir='ltr'><strong>et</strong></span> <span class='ocrx_word' id='word_1_798' title='bbox 3486 4664 3583 4719; x_wconf 78' lang='lat' dir='ltr'><strong>hn-</strong></span> 
     </span>
    </p>
   </div>
   <div class='ocr_carea' id='block_1_107' title="bbox 2005 4759 3625 4830">
    <p class='ocr_par' dir='ltr' id='par_1_107' title="bbox 2005 4759 3625 4830">
     <span class='ocr_line' id='line_1_107' title="bbox 2005 4759 3625 4830; baseline -0.001 -16"><span class='ocrx_word' id='word_1_799' title='bbox 2005 4761 2205 4814; x_wconf 88' lang='lat' dir='ltr'><strong>minem</strong></span> <span class='ocrx_word' id='word_1_800' title='bbox 2240 4759 2382 4827; x_wconf 84' lang='lat' dir='ltr'><strong>fieri,</strong></span> <span class='ocrx_word' id='word_1_801' title='bbox 2415 4770 2470 4816; x_wconf 87' lang='lat' dir='ltr'><strong>et</strong></span> <span class='ocrx_word' id='word_1_802' title='bbox 2499 4775 2562 4815; x_wconf 92' lang='lat' dir='ltr'><strong>ea</strong></span> <span class='ocrx_word' id='word_1_803' title='bbox 2612 4759 2727 4829; x_wconf 77' lang='lat' dir='ltr'><strong>pati</strong></span> <span class='ocrx_word' id='word_1_804' title='bbox 2758 4775 3097 4830; x_wconf 71' lang='lat' dir='ltr'><strong>quaecunque</strong></span> <span class='ocrx_word' id='word_1_805' title='bbox 3142 4761 3201 4813; x_wconf 82' lang='lat' dir='ltr'><strong>in</strong></span> <span class='ocrx_word' id='word_1_806' title='bbox 3236 4774 3362 4814; x_wconf 90' lang='lat' dir='ltr'><strong>eum</strong></span> <span class='ocrx_word' id='word_1_807' title='bbox 3409 4759 3577 4812; x_wconf 85' lang='lat' dir='ltr'><strong>vestri</strong></span> <span class='ocrx_word' id='word_1_808' title='bbox 3621 4775 3625 4779; x_wconf 92' lang='grc'><strong>·</strong></span> 
     </span>
    </p>
   </div>
   <div class='ocr_carea' id='block_1_108' title="bbox 2004 4850 3617 4923">
    <p class='ocr_par' dir='ltr' id='par_1_108' title="bbox 2004 4850 3617 4923">
     <span class='ocr_line' id='line_1_108' title="bbox 2004 4850 3617 4923; baseline -0.002 -15"><span class='ocrx_word' id='word_1_809' title='bbox 2004 4854 2222 4923; x_wconf 70' lang='lat' dir='ltr'><strong>generis</strong></span> <span class='ocrx_word' id='word_1_810' title='bbox 2252 4853 2502 4909; x_wconf 85' lang='lat' dir='ltr'><strong>homines</strong></span> <span class='ocrx_word' id='word_1_811' title='bbox 2528 4855 2647 4909; x_wconf 87' lang='lat' dir='ltr'><strong>ausi</strong></span> <span class='ocrx_word' id='word_1_812' title='bbox 2673 4863 2834 4909; x_wconf 84' lang='lat' dir='ltr'><strong>sunt.</strong></span> <span class='ocrx_word' id='word_1_813' title='bbox 2865 4853 2972 4910; x_wconf 89' lang='lat' dir='ltr'><strong>Sed</strong></span> <span class='ocrx_word' id='word_1_814' title='bbox 2998 4855 3127 4923; x_wconf 83' lang='lat' dir='ltr'><strong>quia</strong></span> <span class='ocrx_word' id='word_1_815' title='bbox 3159 4868 3385 4916; x_wconf 84' lang='lat' dir='ltr'><strong>rursus,</strong></span> <span class='ocrx_word' id='word_1_816' title='bbox 3432 4850 3577 4923; x_wconf 76' lang='lat' dir='ltr'><strong>Try-</strong></span> <span class='ocrx_word' id='word_1_817' title='bbox 3616 4882 3617 4885; x_wconf 60' lang='grc' dir='ltr'><strong>η</strong></span> 
     </span>
    </p>
   </div>
   <div class='ocr_carea' id='block_1_109' title="bbox 2007 4946 3619 5018">
    <p class='ocr_par' dir='ltr' id='par_1_109' title="bbox 2007 4946 3619 5018">
     <span class='ocr_line' id='line_1_109' title="bbox 2007 4946 3619 5018; baseline 0.002 -17"><span class='ocrx_word' id='word_1_818' title='bbox 2007 4947 2113 5016; x_wconf 86' lang='lat' dir='ltr'><strong>pho</strong></span> <span class='ocrx_word' id='word_1_819' title='bbox 2135 4985 2152 5010; x_wconf 93' lang='lat'><strong>,</strong></span> <span class='ocrx_word' id='word_1_820' title='bbox 2181 4947 2251 5001; x_wconf 91' lang='lat' dir='ltr'><strong>ab</strong></span> <span class='ocrx_word' id='word_1_821' title='bbox 2280 4946 2347 5002; x_wconf 89' lang='lat' dir='ltr'><strong>iis</strong></span> <span class='ocrx_word' id='word_1_822' title='bbox 2374 4946 2612 5004; x_wconf 89' lang='lat' dir='ltr'><strong>discedis</strong></span> <span class='ocrx_word' id='word_1_823' title='bbox 2636 4988 2652 5015; x_wconf 91' lang='lat'><strong>,</strong></span> <span class='ocrx_word' id='word_1_824' title='bbox 2702 4947 2904 5018; x_wconf 83' lang='lat' dir='ltr'><strong>quibus</strong></span> <span class='ocrx_word' id='word_1_825' title='bbox 2951 4950 3115 5002; x_wconf 85' lang='lat' dir='ltr'><strong>modo</strong></span> <span class='ocrx_word' id='word_1_826' title='bbox 3147 4946 3540 5001; x_wconf 77' lang='lat' dir='ltr'><strong>assentiebaris</strong></span> <span class='ocrx_word' id='word_1_827' title='bbox 3559 4983 3576 5008; x_wconf 85' lang='lat'><strong>,</strong></span> <span class='ocrx_word' id='word_1_828' title='bbox 3615 4995 3619 5004; x_wconf 54' lang='grc' dir='ltr'><strong>ι</strong></span> 
     </span>
    </p>
   </div>
   <div class='ocr_carea' id='block_1_110' title="bbox 1968 5082 2194 5141">
    <p class='ocr_par' dir='ltr' id='par_1_110' title="bbox 1968 5082 2194 5141">
     <span class='ocr_line' id='line_1_110' title="bbox 1968 5082 2194 5141; baseline 0.004 -2"><span class='ocrx_word' id='word_1_829' title='bbox 1968 5082 1969 5085; x_wconf 45' lang='grc'><em>“</em></span> <span class='ocrx_word' id='word_1_830' title='bbox 2002 5085 2194 5141; x_wconf 89' lang='lat' dir='ltr'><strong>seruit.</strong></span> 
     </span>
    </p>
   </div>
   <div class='ocr_carea' id='block_1_111' title="bbox 2074 5156 3619 5228">
    <p class='ocr_par' dir='ltr' id='par_1_111' title="bbox 2074 5156 3619 5228">
     <span class='ocr_line' id='line_1_111' title="bbox 2074 5156 3619 5228; baseline 0.002 -19"><span class='ocrx_word' id='word_1_831' title='bbox 2074 5156 2186 5226; x_wconf 74' lang='grc'><strong>(14)</strong></span> <span class='ocrx_word' id='word_1_832' title='bbox 2223 5159 2653 5228; x_wconf 75' lang='grc' dir='ltr'>Ὡμολόγησας.</span> <span class='ocrx_word' id='word_1_833' title='bbox 2679 5156 2953 5211; x_wconf 82' lang='lat' dir='ltr'><strong>Justinum</strong></span> <span class='ocrx_word' id='word_1_834' title='bbox 2986 5157 3417 5212; x_wconf 70' lang='lat' dir='ltr'><strong>id‘confltentem</strong></span> <span class='ocrx_word' id='word_1_835' title='bbox 3447 5156 3577 5212; x_wconf 86' lang='lat' dir='ltr'><strong>hac-</strong></span> <span class='ocrx_word' id='word_1_836' title='bbox 3618 5186 3619 5191; x_wconf 57' lang='grc' dir='ltr'><strong>η</strong></span> 
     </span>
    </p>
   </div>
   <div class='ocr_carea' id='block_1_112' title="bbox 2004 5230 3577 5295">
    <p class='ocr_par' dir='ltr' id='par_1_112' title="bbox 2004 5230 3577 5295">
     <span class='ocr_line' id='line_1_112' title="bbox 2004 5230 3577 5295; baseline 0.002 -17"><span class='ocrx_word' id='word_1_837' title='bbox 2004 5236 2162 5281; x_wconf 83' lang='lat' dir='ltr'><strong>tenus</strong></span> <span class='ocrx_word' id='word_1_838' title='bbox 2208 5243 2312 5282; x_wconf 89' lang='lat' dir='ltr'><strong>non</strong></span> <span class='ocrx_word' id='word_1_839' title='bbox 2370 5230 2645 5283; x_wconf 86' lang='lat' dir='ltr'><strong>vidimus:</strong></span> <span class='ocrx_word' id='word_1_840' title='bbox 2677 5244 2778 5282; x_wconf 84' lang='lat' dir='ltr'><strong>nec</strong></span> <span class='ocrx_word' id='word_1_841' title='bbox 2826 5238 3004 5281; x_wconf 85' lang='lat' dir='ltr'><strong>tamen</strong></span> <span class='ocrx_word' id='word_1_842' title='bbox 3042 5230 3340 5295; x_wconf 80' lang='lat' dir='ltr'><strong>putandum</strong></span> <span class='ocrx_word' id='word_1_843' title='bbox 3382 5238 3468 5283; x_wconf 85' lang='lat' dir='ltr'><strong>est</strong></span> <span class='ocrx_word' id='word_1_844' title='bbox 3499 5230 3577 5281; x_wconf 81' lang='lat' dir='ltr'><strong>lo-</strong></span> 
     </span>
    </p>
   </div>
   <div class='ocr_carea' id='block_1_113' title="bbox 2002 5299 3577 5367">
    <p class='ocr_par' dir='ltr' id='par_1_113' title="bbox 2002 5299 3577 5367">
     <span class='ocr_line' id='line_1_113' title="bbox 2002 5299 3577 5367; baseline 0 -15"><span class='ocrx_word' id='word_1_845' title='bbox 2002 5314 2150 5360; x_wconf 89' lang='lat' dir='ltr'><strong>cum,</strong></span> <span class='ocrx_word' id='word_1_846' title='bbox 2171 5300 2258 5351; x_wconf 89' lang='lat' dir='ltr'><strong>ubi</strong></span> <span class='ocrx_word' id='word_1_847' title='bbox 2290 5300 2340 5353; x_wconf 89' lang='lat' dir='ltr'><strong>id</strong></span> <span class='ocrx_word' id='word_1_848' title='bbox 2369 5300 2759 5363; x_wconf 84' lang='lat' dir='ltr'><strong>confitebatur,</strong></span> <span class='ocrx_word' id='word_1_849' title='bbox 2782 5299 3150 5361; x_wconf 87' lang='lat' dir='ltr'><strong>intercidisse,</strong></span> <span class='ocrx_word' id='word_1_850' title='bbox 3186 5309 3241 5351; x_wconf 90' lang='lat' dir='ltr'><strong>ut</strong></span> <span class='ocrx_word' id='word_1_851' title='bbox 3265 5299 3577 5367; x_wconf 65' lang='lat' dir='ltr'><strong>suspicatus</strong></span> 
     </span>
    </p>
   </div>
   <div class='ocr_carea' id='block_1_114' title="bbox 2002 5368 3577 5436">
    <p class='ocr_par' dir='ltr' id='par_1_114' title="bbox 2002 5368 3577 5436">
     <span class='ocr_line' id='line_1_114' title="bbox 2002 5368 3577 5436; baseline -0.001 -12"><span class='ocrx_word' id='word_1_852' title='bbox 2002 5377 2087 5424; x_wconf 88' lang='lat' dir='ltr'><strong>est</strong></span> <span class='ocrx_word' id='word_1_853' title='bbox 2115 5368 2425 5425; x_wconf 88' lang='lat' dir='ltr'><strong>Perionius.</strong></span> <span class='ocrx_word' id='word_1_854' title='bbox 2457 5370 2729 5424; x_wconf 86' lang='lat' dir='ltr'><strong>Interdum</strong></span> <span class='ocrx_word' id='word_1_855' title='bbox 2760 5370 2904 5422; x_wconf 89' lang='lat' dir='ltr'><strong>enim</strong></span> <span class='ocrx_word' id='word_1_856' title='bbox 2940 5368 3186 5422; x_wconf 81' lang='lat' dir='ltr'><strong>Justinus</strong></span> <span class='ocrx_word' id='word_1_857' title='bbox 3209 5383 3430 5436; x_wconf 72' lang='lat' dir='ltr'><strong>ea,qu:e</strong></span> <span class='ocrx_word' id='word_1_858' title='bbox 3455 5370 3577 5423; x_wconf 88' lang='lat' dir='ltr'><strong>loco</strong></span> 
     </span>
    </p>
   </div>
   <div class='ocr_carea' id='block_1_115' title="bbox 2003 5439 3576 5505">
    <p class='ocr_par' dir='ltr' id='par_1_115' title="bbox 2003 5439 3576 5505">
     <span class='ocr_line' id='line_1_115' title="bbox 2003 5439 3576 5505; baseline 0.001 -12"><span class='ocrx_word' id='word_1_859' title='bbox 2003 5454 2104 5493; x_wconf 80' lang='lat' dir='ltr'><strong>suo</strong></span> <span class='ocrx_word' id='word_1_860' title='bbox 2137 5455 2240 5491; x_wconf 82' lang='lat' dir='ltr'><strong>ann</strong></span> <span class='ocrx_word' id='word_1_861' title='bbox 2277 5442 2558 5505; x_wconf 85' lang='lat' dir='ltr'><strong>retulerat,</strong></span> <span class='ocrx_word' id='word_1_862' title='bbox 2606 5439 2770 5500; x_wconf 90' lang='lat' dir='ltr'><strong>alibi,</strong></span> <span class='ocrx_word' id='word_1_863' title='bbox 2809 5439 2932 5493; x_wconf 85' lang='lat' dir='ltr'><strong>data</strong></span> <span class='ocrx_word' id='word_1_864' title='bbox 2963 5440 3281 5504; x_wconf 82' lang='lat' dir='ltr'><strong>occasione,</strong></span> <span class='ocrx_word' id='word_1_865' title='bbox 3328 5455 3576 5495; x_wconf 86' lang='lat' dir='ltr'><strong>comme-</strong></span> 
     </span>
    </p>
   </div>
   <div class='ocr_carea' id='block_1_116' title="bbox 1995 5508 2754 5565">
    <p class='ocr_par' dir='ltr' id='par_1_116' title="bbox 1995 5508 2754 5565">
     <span class='ocr_line' id='line_1_116' title="bbox 1995 5508 2754 5565; baseline -0.001 -2"><span class='ocrx_word' id='word_1_866' title='bbox 1995 5520 2192 5565; x_wconf 80' lang='lat' dir='ltr'><strong>morat.</strong></span> <span class='ocrx_word' id='word_1_867' title='bbox 2228 5509 2363 5565; x_wconf 70' lang='lat' dir='ltr'><strong>‘v’ide</strong></span> <span class='ocrx_word' id='word_1_868' title='bbox 2400 5510 2539 5563; x_wconf 86' lang='lat' dir='ltr'><strong>infra</strong></span> <span class='ocrx_word' id='word_1_869' title='bbox 2575 5526 2629 5563; x_wconf 86' lang='grc' dir='ltr'><strong>η.</strong></span> <span class='ocrx_word' id='word_1_870' title='bbox 2666 5508 2754 5562; x_wconf 84' lang='grc'><strong>80.</strong></span> 
     </span>
    </p>
   </div>
   <div class='ocr_carea' id='block_1_117' title="bbox 2066 5577 3574 5652">
    <p class='ocr_par' dir='ltr' id='par_1_117' title="bbox 2066 5577 3574 5652">
     <span class='ocr_line' id='line_1_117' title="bbox 2066 5577 3574 5652; baseline 0.001 -20"><span class='ocrx_word' id='word_1_871' title='bbox 2066 5579 2177 5652; x_wconf 78' lang='grc'>(15)</span> <span class='ocrx_word' id='word_1_872' title='bbox 2202 5582 2580 5645; x_wconf 77' lang='grc' dir='ltr'>Συντίθεσθε.</span> <span class='ocrx_word' id='word_1_873' title='bbox 2613 5578 2851 5652; x_wconf 80' lang='lat' dir='ltr'><strong>Uterque</strong></span> <span class='ocrx_word' id='word_1_874' title='bbox 2870 5579 3037 5652; x_wconf 65' lang='lat' dir='ltr'><strong>codex</strong></span> <span class='ocrx_word' id='word_1_875' title='bbox 3074 5595 3174 5652; x_wconf 67' lang='lat' dir='ltr'><strong>nis.</strong></span> <span class='ocrx_word' id='word_1_876' title='bbox 3208 5577 3574 5652; x_wconf 87' lang='grc' dir='ltr'>συντίθεσθαι,</span> 
     </span>
    </p>
   </div>
   <div class='ocr_carea' id='block_1_118' title="bbox 1993 5648 3583 5721">
    <p class='ocr_par' dir='ltr' id='par_1_118' title="bbox 1993 5648 3583 5721">
     <span class='ocr_line' id='line_1_118' title="bbox 1993 5648 3583 5721; baseline -0.003 -15"><span class='ocrx_word' id='word_1_877' title='bbox 1993 5666 2060 5706; x_wconf 84' lang='lat' dir='ltr'><strong>ex</strong></span> <span class='ocrx_word' id='word_1_878' title='bbox 2090 5648 2198 5720; x_wconf 80' lang='lat' dir='ltr'><strong>quo</strong></span> <span class='ocrx_word' id='word_1_879' title='bbox 2228 5653 2290 5704; x_wconf 77' lang='lat' dir='ltr'><strong>li.</strong></span> <span class='ocrx_word' id='word_1_880' title='bbox 2340 5653 2649 5718; x_wconf 57' lang='lat' dir='ltr'><strong>Stephanus</strong></span> <span class='ocrx_word' id='word_1_881' title='bbox 2680 5648 2805 5721; x_wconf 69' lang='lat' dir='ltr'><strong>fecit</strong></span> <span class='ocrx_word' id='word_1_882' title='bbox 2840 5648 3182 5721; x_wconf 77' lang='grc' dir='ltr'>συντίθεσθε.</span> <span class='ocrx_word' id='word_1_883' title='bbox 3221 5651 3327 5705; x_wconf 84' lang='lat' dir='ltr'><strong>Sed</strong></span> <span class='ocrx_word' id='word_1_884' title='bbox 3356 5652 3583 5721; x_wconf 71' lang='lat' dir='ltr'><strong>videtur</strong></span> 
     </span>
    </p>
   </div>
   <div class='ocr_carea' id='block_1_119' title="bbox 1994 5719 3574 5792">
    <p class='ocr_par' dir='ltr' id='par_1_119' title="bbox 1994 5719 3574 5792">
     <span class='ocr_line' id='line_1_119' title="bbox 1994 5719 3574 5792; baseline 0.001 -16"><span class='ocrx_word' id='word_1_885' title='bbox 1994 5719 2281 5792; x_wconf 85' lang='lat' dir='ltr'><strong>scripsisse</strong></span> <span class='ocrx_word' id='word_1_886' title='bbox 2325 5721 2570 5792; x_wconf 67' lang='lat' dir='ltr'><strong>Justinus</strong></span> <span class='ocrx_word' id='word_1_887' title='bbox 2611 5719 2939 5775; x_wconf 83' lang='grc' dir='ltr'>συντίθεσαι.</span> <span class='ocrx_word' id='word_1_888' title='bbox 2980 5720 3295 5792; x_wconf 77' lang='lat' dir='ltr'><strong>chcndum</strong></span> <span class='ocrx_word' id='word_1_889' title='bbox 3339 5720 3472 5777; x_wconf 60' lang='grc' dir='ltr'>ἐπεὶ</span> <span class='ocrx_word' id='word_1_890' title='bbox 3513 5720 3574 5779; x_wconf 71' lang='grc' dir='ltr'>δὲ</span> 
     </span>
    </p>
   </div>
   <div class='ocr_carea' id='block_1_120' title="bbox 1995 5791 2912 5861">
    <p class='ocr_par' dir='ltr' id='par_1_120' title="bbox 1995 5791 2912 5861">
     <span class='ocr_line' id='line_1_120' title="bbox 1995 5791 2912 5861; baseline -0.001 -13"><span class='ocrx_word' id='word_1_891' title='bbox 1995 5791 2153 5848; x_wconf 84' lang='grc' dir='ltr'>πάλιν</span> <span class='ocrx_word' id='word_1_892' title='bbox 2172 5833 2186 5861; x_wconf 85' lang='grc'><strong>,</strong></span> <span class='ocrx_word' id='word_1_893' title='bbox 2224 5804 2282 5849; x_wconf 81' lang='grc' dir='ltr'><strong>ιιι</strong></span> <span class='ocrx_word' id='word_1_894' title='bbox 2309 5791 2912 5853; x_wconf 68' lang='grc' dir='ltr'>Τιιίνὶιιὶυεειιιωυηυιι.</span> 
     </span>
    </p>
   </div>
  </div>
