3962 6262
425 402 527 460 O36

1366 392 1425 448 s.
1460 388 1727 450 rusum
1757 370 2172 446 pﬂlLosomn
2208 384 2298 440 ET
2332 375 2690 443 usn'rvms

429 516 701 587 responde
730 515 861 571 mihi
889 531 903 571 :
930 512 1028 581 Qui
1062 516 1192 565 ante
1235 508 1475 580 Moysem
1507 508 1641 577 justi
1673 515 1725 561 et
1759 506 1995 575 patriar-

2140 502 2279 568 ένος,
2297 500 2587 573 ἀπόκριναί
2612 514 2732 570 μοι·
2763 496 2825 551 Ol
2848 495 2956 567 πρὸ
2983 494 3262 560 Μωῦσέως
3293 494 3573 566 γινόμενοι
3605 493 3689 549 δί-

427 609 546 664 chae
562 608 843 673 exstitere,
863 620 984 660 cum
1017 603 1151 658 nihil
1178 616 1367 657 eorum
1394 600 1834 663 observaverint,
1853 612 2002 668 quae-

428 713 645 769 cunque
696 696 979 766 Scriptura
1014 695 1361 748 demonstrat
1394 692 1610 747 initium
1632 689 2005 749 institutionis

428 802 461 844 a
486 789 671 861 Moyse
694 789 1003 859 accepisse,
1031 785 1263 840 salutem
1295 785 1330 839 ii
1356 793 1714 855 assequentur
1755 795 1925 836 necne
1951 781 2003 835 iu

430 884 713 939 beatorum
754 879 1121 935 lucreditate?

499 977 569 1031 At
598 974 817 1045 Trypho
845 992 858 1027 :
887 973 1099 1043 Cogunt
1129 985 1233 1036 me,
1265 969 1444 1039 inquit
1468 1010 1483 1033 ,
1514 966 1811 1036 Scriptura:
1837 963 2006 1019 conli-

431 1067 554 1122 teri.
652 1130 655 1133 η

500 1160 703 1215 lterum
731 1167 803 1226 te,
854 1160 1108 1227 inquam,
1140 1155 1396 1210 similiter
1427 1154 1706 1220 interrogo
1733 1169 1747 1205 ε
1773 1152 1923 1207 Dona
1953 1158 2008 1206 et

431 1251 681 1305 victimas
714 1250 858 1305 Deus
881 1248 950 1304 ob
992 1248 1279 1317 penuriam
1332 1246 1580 1318 patribus
1607 1243 1804 1298 vestris
1835 1243 2008 1312 impe-

431 1343 603 1408 ravit,
635 1357 703 1396 an
740 1349 962 1411 propter
1011 1339 1269 1394 duritiam
1311 1337 1499 1391 cordis
1531 1335 1746 1389 illorum
1790 1343 1843 1388 et
1883 1333 2007 1387 ani-

431 1449 577 1488 mum
600 1433 669 1487 ad
697 1432 995 1488 simulacra
1029 1429 1255 1485 colenda
1295 1428 1591 1497 proclivem
1616 1425 1639 1479 ῖ

506 1525 561 1578 ld
588 1537 827 1595 quoque,
866 1523 1071 1593 inquit,
1107 1532 1309 1591 cogunt
1343 1534 1442 1574 nos
1480 1519 1779 1587 Scriptura}
1804 1516 2009 1586 pariter

429 1620 711 1674 confiteri.

500 1712 701 1767 Deinde
733 1723 900 1773 vero,
951 1708 1214 1776 inquam,
1265 1704 1436 1758 Deum
1501 1700 1813 1773 promisisse
1852 1697 2008 1769 165

431 1820 632 1859 novum
677 1803 1088 1863 Testamentum
1138 1813 1168 1852 a
1204 1813 1262 1852 se
1315 1797 1623 1851 institutum
1694 1793 1759 1848 iri
1808 1803 2008 1860 prater

2104 611 2248 647 καιοι
2284 593 2379 648 καὶ
2430 591 2763 665 πατριάρχαι
2787 628 2802 655 ,
2858 588 3022 660 μηδὲν
3067 586 3398 658 φυλάξαντες
3441 587 3549 641 τῶν
3580 589 3689 644 ὅσα

2104 686 2483 742 ἀποδείκνυσιν
2524 687 2553 737 6
2597 684 2756 752 λόγος
2799 679 2972 753 ἀρχὴν
3004 681 3260 753 διαταγῆς
3287 680 3565 752 εἰληφέναι
3596 679 3691 733 διὰ

2105 778 2407 843 Μωῡσέως,
2434 775 2694 843 σώζονται
2730 778 2786 830 ὲν
2808 777 2873 847 τῇ
2907 773 3014 828 τῶν
3043 772 3328 845 μακαρίων
3350 768 3694 843 κληρονομίᾳ

2104 870 2268 942 1loti;

2176 962 2287 1016 Kal
2319 963 2346 1015 6
2379 961 2614 1034 Τρύφων
2663 961 2800 1034 ἔφη·
2846 962 2912 1015 Δί
2944 960 3160 1032 Γραφαὶ
3211 953 3579 1026 ἀναγκάζουσι
3618 969 3693 1025 με

2105 1056 2407 1126 ὁμολογεῖν.

2190 1148 2418 1220 Ὁμοίως
2462 1149 2518 1202 δὲ
2556 1146 2815 1218 ἀνερωτῶ
2853 1162 2911 1199 σε
2951 1143 3133 1208 πάλιν,
3171 1141 3335 1213 ἔφην·
3374 1140 3481 1202 Τὰς
3518 1153 3696 1210 προσ-

2108 1241 2278 1311 φορὰς
2311 1239 2527 1305 καὶτὰς
2578 1237 2773 1302 θυσίας
2819 1237 2885 1291 δι’
2922 1234 3127 1289 ἔνδειαν
3158 1233 3187 1285 ὁ
3220 1231 3352 1293 Θεὸς
3386 1228 3698 1285 ἐνετείλατο

2109 1334 2282 1385 ποιεῖν
2315 1332 2441 1395 τοὺς
2480 1329 2724 1402 πατέρας
2763 1325 2948 1397 ὑμῶν,
2983 1323 3016 1396 ἢ
3049 1322 3136 1376 διά
3168 1322 3226 1374 τὸ
3262 1317 3697 1390 σκληροκάρδιον

2108 1421 2285 1477 αὐτῶν
2316 1423 2411 1477 καλ⁵
2439 1421 2661 1494 εὐχερὲς
2692 1419 2830 1491 πρὸς
2863 1412 3333 1483 είδωλολατρείαν;

2181 1510 2290 1565 Kal
2323 1510 2504 1574 τοῦτο,
2532 1509 2635 1580 ἔφη
2657 1550 2672 1574 ,
2698 1509 2755 1564 αἱ
2801 1504 3015 1578 Γραφαὶ
3047 1502 3246 1575 ὁμοίως
3288 1499 3697 1570 ἀναγκάζουσιν

2110 1602 2390 1675 ὁμολογεῖν
2420 1603 2591 1675 ἡμᾶς.

2184 1695 2294 1749 Kal
2345 1696 2425 1747 ὅτι
2452 1733 2466 1758 ,
2522 1693 2698 1764 φημὶ,
2734 1690 2926 1762 καινὴν
2973 1688 3246 1759 Διαθήκην
3283 1684 3638 1755 διαθήσεσθαι
3673 1685 3701 1737 ό

2113 1786 2244 1851 Θεὸς
2277 1785 2607 1858 ἐπήγγελται
2646 1784 2797 1857 παρά
2825 1784 2922 1855 τὴν
2957 1786 3014 1836 ἐν
3050 1782 3166 1854 όρει
3207 1776 3411 1850 Χωρὴὸ
3430 1819 3445 1844 ,
3491 1775 3707 1847 ὁμοίως

432 1894 563 1948 illud
584 1935 600 1961 ,
632 1892 776 1964 quod
806 1893 859 1947 in
894 1901 1079 1945 monte
1120 1887 1264 1944 Oreb
1295 1886 1504 1941 editum
1537 1896 1657 1951 est,
1701 1898 1770 1937 an
1798 1896 1903 1936 non
1937 1883 2013 1937 si-

2140 1880 2171 1930 ti
2199 1878 2238 1929 Γ
2246 1878 2416 1950 ραφαὶ
2451 1879 2708 1948 προεῖπον
2735 1893 2749 1940 ;

432 1986 637 2041 utiliter
667 1984 967 2052 Scriptura:
999 1976 1410 2051 praedixerunt?

505 2074 559 2129 Id
577 2088 799 2144 quoque
826 2072 1154 2143 praedictum
1186 2065 1357 2120 fuisse
1390 2066 1690 2132 respondit.

505 2168 640 2222 Tum
672 2181 771 2236 ego
802 2180 1014 2220 rursum
1042 2182 1056 2217 :
1093 2163 1263 2220 Vetus
1296 2159 1724 2224 Testamentum,
1760 2161 2009 2231 inquam,

434 2274 615 2316 nonne
646 2258 895 2330 patribus
928 2257 1123 2312 vestris
1160 2272 1284 2310 cum
1316 2266 1462 2312 metu
1507 2265 1561 2310 et
1593 2264 1835 2310 tremore
1885 2270 2013 2309 sane

432 2355 603 2410 citum
652 2362 769 2420 est,
825 2352 901 2406 ita
951 2361 1009 2406 ut
1057 2351 1226 2406 Deum
1271 2366 1340 2407 ne
1384 2349 1579 2405 audire
1628 2348 1848 2419 quidem
1884 2361 2011 2416 pos-

435 2445 606 2501 sent?

505 2534 801 2590 Confessus
833 2543 917 2590 est
949 2534 1059 2590 ille.

507 2630 615 2684 Cur
645 2628 833 2699 igitur,
869 2629 1114 2699 inquam,
1143 2627 1288 2683 aliud
1319 2636 1707 2683 testamentum
1746 2627 1892 2683 Deus
1922 2626 2009 2682 fu-

438 2731 620 2777 turum
654 2722 929 2792 promisit;
962 2736 1063 2776 nec
1083 2729 1140 2777 ut
1172 2721 1314 2775 istud
1342 2722 1652 2778 institutum
1689 2722 1890 2786 fuerat,
1920 2721 2016 2776 scd

436 2815 559 2871 sine
592 2824 737 2868 metu
772 2823 825 2868 et
864 2823 1102 2868 tremore
1138 2822 1195 2868 et
1234 2812 1545 2883 fulguribus
1599 2814 1911 2867 institutum
1948 2810 2015 2866 iri

437 2908 606 2973 dixit,
645 2915 702 2961 et
732 2905 839 2960 tale
867 2915 924 2960 ut
967 2905 1305 2960 demonstret
1347 2904 1624 2974 quodnam
1664 2911 2017 2972 praeceptum,

438 2998 559 3053 sive
587 3011 723 3065 opus
749 3006 1010 3051 aaternum
1046 3004 1103 3049 et
1130 2996 1278 3049 omni
1325 2993 1513 3064 generi
1555 2992 1888 3047 conveniens
1930 2990 2020 3059 ju-

438 3090 587 3145 dicet
628 3088 807 3153 Deus;
841 3088 1115 3156 quodnam
1148 3096 1329 3140 autem
1374 3084 1782 3139 accommodate
1810 3084 1879 3138 ad
1917 3083 2018 3137 du-

443 3180 626 3235 ritiam
647 3179 825 3233 cordis
856 3177 1033 3248 populi
1060 3179 1252 3239 vestri,
1280 3176 1740 3246 quemadmodum
1771 3190 1870 3246 per
1893 3190 2020 3245 pro-

444 3272 638 3339 phetas
678 3270 896 3333 clamat,
924 3267 1299 3323 mandaverit?

514 3362 572 3417 Id
614 3375 832 3432 quoque
860 3358 1138 3424 assentiri,
1167 3358 1366 3426 inquit,
1414 3356 1645 3411 omnino
1684 3368 1911 3411 necesse
1941 3363 2026 3411 est

443 3461 713 3523 quotquot
755 3452 1007 3507 veritatis
1037 3458 1336 3517 amatores,
1383 3464 1490 3505 non
1522 3448 1889 3504 contentionis
1929 3463 2026 3504 cu‘

446 3546 554 3615 pidi
598 3545 827 3599 fuerint.

522 3637 622 3692 llic
642 3651 743 3705 ego
767 3653 782 3693 :
807 3634 924 3689 Non
957 3635 1135 3699 video,
1161 3633 1407 3703 inquam,
1431 3634 1703 3703 quomodo
1735 3632 2026 3688 nonnullos

445 3726 817 3785 contentionis
834 3726 1062 3793 cupidos
1088 3723 1522 3793 appellans,ipse
1548 3724 1686 3777 idem
1712 3738 1855 3792 sape
1876 3724 2025 3777 visus

450 3820 527 3874 sis
552 3818 929 3879 committere;
964 3818 1163 3885 quippe
1188 3815 1280 3884 qui
1314 3829 1458 3883 saepe
1486 3823 1677 3869 contra
1700 3828 1765 3867 ea
1794 3813 2022 3879 dixeris,

448 3926 571 3981 quae
602 3923 859 3964 assensus
896 3907 1107 3961 fueras.

523 4000 613 4055 68.
655 3998 912 4064 Queritur
954 3998 1017 4051 de
1058 3995 1350 4066 Tryphoni:
1380 3995 1709 4064 pertinacia;
1743 3996 2024 4066 respondet

450 4095 567 4162 ejus
603 4090 911 4160 objectioni;
951 4089 1170 4144 Judwos
1212 4088 1368 4141 mala:
1414 4089 1539 4157 ﬁdei
1571 4092 1859 4157 arguit.—
1886 4088 2023 4142 Tum

451 4186 676 4257 Trypho
705 4201 719 4238 :
754 4184 889 4238 Rem
933 4182 1079 4236 enim
1124 4180 1495 4236 incredibilem
1529 4196 1592 4235 ac
1628 4181 2023 4249 impossibilem

453 4276 842 4349 propemodum
888 4274 1263 4329 demonstrare
1295 4271 1534 4335 conaris,
1572 4271 1739 4326 Deum
1789 4274 1939 4328 nasci
1970 4281 2025 4328 et

456 4375 730 4430 hominem
760 4374 876 4426 fieri
912 4388 1018 4427 non
1047 4370 1397 4439 dedignatum
1422 4382 1563 4421 esse.

526 4468 701 4537 Atque
733 4466 784 4519 id
818 4465 1062 4533 quidem,
1092 4463 1346 4529 inquam,
1385 4461 1429 4513 si
1466 4461 1720 4514 humanis
1761 4461 2024 4517 doctrinis

2184 2087 2296 2141 Kal
2330 2086 2486 2138 τοῦτο
2519 2082 2855 2152 ἀπεκρίνατο
2889 2079 3266 2153 προειρῆσθαι.

2184 2177 2355 2248 Κάγὼ
2388 2176 2580 2231 πάλιν
2626 2176 2691 2229 Ἦ
2724 2175 2781 2227 δὲ
2815 2172 3028 2227 Παλαιὰ
3059 2170 3341 2242 Διαθήκη,
3378 2166 3536 2236 ἔφην,
3559 2167 3704 2237 μετὰ

2115 2270 2281 2341 φόϐου
2309 2269 2401 2321 καὶ
2446 2267 2647 2339 τρόμου
2692 2264 2915 2334 διετάγη
2948 2265 3058 2325 τοῖς
3099 2259 3368 2331 πατράσιν
3409 2256 3585 2327 ὑμῶν,
3628 2256 3706 2318 ὡς

2118 2363 2253 2434 μηδὲ
2283 2361 2540 2414 δύνασθαι
2573 2360 2769 2422 αὐτοὺς
2795 2356 3004 2411 ἐπαΐειν
3037 2354 3129 2407 τοῦ
3157 2353 3323 2417 Θεοῦ;

2186 2547 2453 2607 Κάκεῖνος
2478 2542 2731 2613 ὼμολόγη
2740 2557 2819 2593 σε.

2187 2636 2253 2690 Τί
2299 2632 2412 2699 οὖν,
2464 2633 2621 2703 ἔφην,
2671 2631 2866 2702 ἑτέραν
2912 2627 3178 2699 διαθήκην
3228 2623 3449 2678 ἔσεσθαι
3493 2624 3523 2676 ό
3569 2622 3711 2687 Θεὸς

2117 2732 2403 2801 ὑπέσχετο,
2438 2729 2535 2797 οὐχ
2580 2727 2655 2789 ὼς
2698 2724 2879 2794 ἐκείνη
2919 2720 3177 2789 διετάγη,
3217 2716 3312 2771 καὶ
3358 2718 3486 2772 ἄνευ
3535 2714 3707 2783 φόϐου

2117 2825 2212 2879 καὶ
2256 2824 2460 2896 τρόμου
2500 2820 2594 2874 καὶ
2640 2814 2935 2889 ἀστραπῶν
2978 2812 3295 2881 διαταγῆναι
3343 2809 3522 2870 αὐτοῖς
3560 2805 3709 2875 ἔφη,

2118 2919 2213 2973 καὶ
2244 2915 2595 2970 δεικνύουσαν
2637 2910 2748 2983 (I6)
2783 2910 2834 2963 τί
2871 2909 2968 2979 μὲν
3013 2906 3091 2969 ὡς
3138 2902 3354 2959 αἰώνιον
3400 2900 3496 2954 καὶ
3542 2896 3713 2953 παντὶ

2119 3008 2264 3078 γένει
2311 3004 2570 3078 ἁρμόζον,
2620 3002 2713 3056 καὶ
2751 2998 2990 3068 ἑνταλμα
3033 2995 3127 3049 καὶ
3166 2994 3325 3066 ἔργον
3356 2993 3385 3045 ό
3417 2990 3549 3052 Θεὸς
3588 2989 3714 3042 ἐπί.

2124 3116 2312 3153 σταται
2348 3097 2460 3169 (I7)
2481 3138 2496 3161 ,
2526 3097 2577 3149 τί
2623 3095 2678 3147 δέ
2717 3093 2853 3164 πρὸς
2887 3091 2945 3143 τὸ
2986 3086 3409 3159 σκληροκάρδιον
3446 3083 3539 3137 τοῦ
3574 3081 3711 3136 λαοῦ

2125 3187 2278 3258 ὑμῶν
2312 3187 2714 3259 ἁρμοσάμενος,
2749 3182 2823 3246 ὼς
2858 3181 2952 3234 καὶ
2982 3178 3069 3232 διὰ
3101 3177 3208 3231 τῶν
3255 3174 3547 3248 προφητῶν
3585 3172 3711 3244 βοᾷ,

2127 3278 2443 3334 ἐνετέταλτο
2462 3294 2476 3342 ;

2197 3370 2306 3424 Καὶ
2339 3367 2511 3437 τούτῳ
2546 3362 2864 3425 συνθέσθαι,
2898 3362 3025 3431 ἔφη,
3061 3362 3125 3413 ἐκ
3158 3360 3357 3422 παντὸς
3389 3360 3514 3420 τοὺς
3550 3357 3713 3426 φιλαρ

2125 3464 2328 3536 λήθεις,
2350 3459 2484 3515 άλλά
2520 3458 2596 3529 μὴ
2622 3456 2897 3527 φιλέριδας
2921 3455 3234 3522 ἀναγκαῖον.

2198 3641 2399 3712 Κάγώ·
2451 3642 2566 3695 Οὐκ
2619 3636 2712 3693 οἷδ’
2753 3640 2930 3701 ὅπως,
2974 3635 3131 3705 ἔφην,
3174 3632 3516 3703 φιλερίστους
3556 3630 3715 3695 τινάς

2126 3735 2436 3799 ἀποκαλῶν,
2468 3735 2629 3797 αὐτὸς
2664 3731 2923 3794 πολλάκις
2946 3732 3004 3782 ἐν
3029 3726 3203 3797 τούτῳ
3237 3725 3439 3795 ἐφάνης
3464 3723 3539 3794 τῷ
3561 3722 3715 3793 ἔργῳ

2125 3830 2221 3895 ὢν,
2252 3827 2521 3884 ἀντειπὼν
2556 3824 2825 3887 πολλάκις·
2846 3818 2927 3885 οἷς
2962 3818 3269 3887 συνετέθης.

2196 4009 2284 4064 68.
2322 4006 2431 4061 Kal
2464 4008 2492 4059 6
2538 4002 2801 4075 Τρύφων·
2844 4000 3106 4052 Ἀπιστον
3150 3993 3260 4065 γὰρ
3306 3992 3400 4047 καὶ
3445 3990 3713 4047 ἀδύνατον

2126 4102 2312 4175 σχεδὸν
2360 4100 2593 4170 πρᾶγμα
2639 4094 2933 4163 ἐπιχειρεῖς
2994 4086 3404 4147 ἀποδεικνύναι,
3451 4084 3532 4136 ὃτι
3578 4080 3716 4143 Θεὸς

2126 4196 2384 4265 ὑπέμεινε
2414 4188 2763 4262 γεννηθῆναι,
2788 4185 2883 4239 καὶ
2914 4182 3194 4253 ἄνθρωπος
3227 4176 3501 4248 γενέσθαι.

2197 4461 2260 4513 Ei
2287 4457 2465 4519 τοῦτο,
2499 4453 2655 4525 ἔφην,
2685 4452 2771 4505 ἐπ’
2796 4446 3155 4520 ἀνθρωπείοις
3186 4442 3511 4512 διδάγμασιν
3535 4440 3570 4513 ἢ
3598 4442 3722 4494 ἐπι-

452 4570 510 4617 ct
527 4559 860 4629 argumentis
879 4557 1209 4626 aggrederer
1226 4556 1610 4609 demonstrare
1627 4595 1642 4619 ,
1672 4567 1778 4607 non
1805 4568 2018 4622 aequum

2140 4554 2458 4624 χειρήμασιν
2510 4544 2856 4614 ἐπεϐαλόμην
2906 4537 3320 4598 ἀποδεικνύναι,
3378 4530 3717 4602 ἀνασχέσθαι

456 4660 604 4708 esset
651 4659 712 4704 ut
759 4665 846 4704 me
893 4624 1135 4702 ferreus.
1168 4648 1228 4703 Si
1272 4662 1404 4702 vero
1446 4645 1783 4716 Scripturas,
1821 4662 2018 4717 easque

2140 4664 2232 4718 μου
2266 4645 2366 4697 οὐκ
2398 4642 2463 4698 ἂν
2496 4639 2604 4693 ἔδει
2640 4636 2804 4707 ὑμᾶς.
2840 4634 2904 4687 Ei
2934 4633 2991 4686 δὲ
3026 4630 3246 4703 Γραφάς
3289 4627 3381 4681 καὶ
3414 4629 3493 4689 εἰς
3552 4624 3717 4679 τοῦτο

457 4755 566 4800 tam
613 4742 811 4799 multas
860 4741 914 4795 in
952 4741 1093 4795 banc
1146 4740 1319 4795 dictas
1363 4740 1729 4805 sententiam,
1774 4753 1839 4792 ac
1883 4755 2025 4810 saepe

452 4838 675 4893 easdem
709 4833 977 4900 referens,
1002 4847 1133 4902 rogo
1165 4842 1222 4886 ut
1259 4848 1353 4887 eas
1386 4831 1733 4900 intelligatis,
1764 4831 1931 4885 corde
1957 4831 2024 4885 ad

452 4926 892 4998 cognoscendam
926 4922 1017 4978 Dei
1046 4923 1375 4977 sententiam
1403 4937 1467 4976 ac
1497 4920 1827 4973 voluntatem
1856 4918 2029 4973 obdu-

457 5020 668 5079 ruistis.
698 5020 853 5087 Quod
904 5016 950 5072 si
998 5031 1213 5084 semper
1261 5015 1425 5069 iidem
1472 5026 1795 5083 permanere
1843 5011 2026 5077 vultis,

453 5113 709 5182 equidem
756 5112 882 5166 inde
914 5108 1050 5164 nihil
1096 5107 1283 5171 lmdar,
1324 5105 1418 5160 sed
1451 5105 1640 5159 eadem
1684 5117 1897 5173 semper
1928 5104 2027 5157 ha-

452 5208 593 5262 bens
633 5220 698 5259 ac
735 5214 1027 5273 antequam
1061 5201 1340 5257 vobiscum
1368 5198 1755 5269 congrederer,
1809 5210 1839 5250 a
1875 5195 2029 5252 vobis

454 5300 758 5357 discedam.

529 5488 642 5557 (I6)
685 5490 1111 5544 Δεικνύουσαν.
1148 5483 1271 5557 Non,
1302 5483 1619 5557 hocrsolum
1653 5479 1891 5557 inloco,
1931 5474 2027 5533 sed

452 5550 635 5615 etiam
654 5574 816 5627 supra
850 5577 903 5615 n.
931 5559 1000 5612 30
1029 5568 1087 5612 et
1112 5557 1202 5619 54,
1234 5550 1869 5627 Οὴτὶειίιιιιαξιθιίεἱοηίε
1899 5562 2027 5616 pro-

454 5630 633 5700 prium
675 5620 797 5685 esse
842 5630 1070 5700 statuit,
1115 5628 1263 5700 quid
1300 5624 1513 5700 intersi_t
1566 5623 1710 5677 inter
1755 5620 1926 5700 legem
1952 5627 2031 5700 .et

454 5688 711 5767 'gratiam,
755 5701 897 5755 inter
930 5688 1095 5754 Vetus
1135 5688 1190 5753 et
1221 5696 1428 5752 Novum
1463 5692 1900 5756 Testamentum,
1934 5688 2028 5744 de-

458 5778 786 5825 monstrare.

526 5838 643 5911 (I7)
696 5838 755 5892 '0
812 5841 955 5905 Θεὸς
1007 5839 1340 5895 ἐπίσταται.
1378 5836 1539 5893 Forte
1587 5830 1925 5891 commodius
1974 5837 2029 5886 et

2125 4714 2421 4809 εἰρημένας
2465 4728 2752 4792 τοσαύτας,
2788 4724 3105 4787 πλειστάκις
3140 4722 3310 4785 αὐτὰς
3341 4719 3537 4786 λέγων,
3573 4714 3718 4782 ἀξιῶ

2128 4805 2272 4901 ὑμᾶς
2306 4824 2602 4895 ἐπιγνῶναι
2635 4822 2829 4886 αὑτὰς,
2865 4815 3280 4889 σκληροκάρδιοι
3315 4810 3452 4882 πρὸς
3477 4809 3538 4862 τὸ

2129 4899 2217 4977 ναι
2249 4920 2373 4975 νοῦν
2404 4918 2499 4973 καὶ
2537 4916 2749 4987 θέλημα
2780 4912 2872 4967 τοῦ
2920 4910 3056 4964 Θεοῦ
3105 4906 3340 4976 γίνεσθε.
3376 4905 3439 4956 Εἰ
3481 4902 3540 4955 δὲ
3590 4899 3715 4970 βού-

2130 5013 2283 5067 λεσθε
2310 5008 2539 5064 τοιοῦτοι
2561 5007 2647 5061 ἀεὶ
2674 5006 2876 5076 μένειν,
2896 5002 3006 5073 ἐγὼ
3033 5001 3131 5073 μὲν
3154 4998 3303 5052 οὐδὲν
3326 4995 3393 5049 ἂν
3429 4991 3709 5065 βλαϐείην·

2134 5107 2199 5161 τὰ
2232 5105 2289 5159 δέ
2322 5102 2460 5158 αὑτά
2492 5101 2581 5156 ἀεὶ
2613 5099 2753 5172 ἔχων
2786 5099 2822 5153 ἃ.
2854 5098 2948 5153 καὶ
2981 5097 3088 5166 πρὸ
3119 5094 3213 5149 τοῦ
3250 5092 3546 5165 συμϐαλεῖν
3580 5091 3715 5164 ὑμῖν

2136 5194 2297 5268 εῗχον,
2325 5192 2703 5263 ἀπαλλάξομαι
2732 5191 2761 5243 ὑ
2768 5190 2906 5262 μῶν.

2134 5475 2315 5545 aptius
2340 5474 2611 5541 legeretur
2635 5461 3011 5545 ἐ-πιτάσσεται.
3040 5458 3163 5545 Sed,
3184 5452 3538 5545 tamen;
3575 5467 3717 5545 inp:

2137 5525 2361 5599 landum
2391 5525 2615 5595 censeo.
2655 5534 2787 5590 Illud
2826 5531 2969 5587 enim
3001 5530 3226 5581 verbum
3254 5525 3545 5599 ἐπίσταται
3572 5537 3719 5599 saepe

2136 5595 2306 5670 idem"
2337 5611 2481 5665 valet
2522 5622 2587 5661 ac
2632 5603 2859 5674 probat,
2900 5600 3181 5674 decernit,
3228 5597 3513 5674 agnoscit;
3568 5595 3717 5674 velut

2296 5664 2648 5736 aitJulianus'
2665 5673 2805 5743 apud
2822 5664 3088 5743 Cyrillum
3119 5664 3576 5743 Alexandrinum,
3612 5664 3713 5717 lib.

2135 5735 2308 5821 imp.
2347 5750 2453 5806 305
2488 5767 2501 5804 :
2551 5735 2712 5821 Tabe:
2741 5735 2882 5796 τῶν’
2908 5738 3108 5821 θυσιῶν
3160 5737 3427 5821 ήπίστα-το
3478 5735 3712 5821 τρόπους

2110 5808 2395 5895 Μωύσῆς,
2430 5839 2448 5873 ι
2476 5808 2869 5877 sacrificiorum
2902 5812 3041 5870 ritus
3071 5808 3322 5883 probavit
3354 5808 3595 5877 Moyses.
3616 5822 3636 5858 ι
