3962 6262
282 361 378 420 133

1300 374 1639 435 DIALOGUS
1669 379 1815 437 cum
1856 381 2230 440 TRYPHONE
2253 372 2523 444 tumo.

3477 396 3583 457 σει

349 476 467 573 ξαὶ-
496 476 526 529 ὀ
555 478 865 573 *Τρύφωνο
912 484 1103 556 Ὅρα,
1152 480 1199 542 ὧ
1244 489 1399 559 φίλε,
1447 492 1588 563 εφη,
1636 496 1716 549 δτι
1769 498 1901 568 μετὰ

2092 499 2192 557 llic
2246 500 2467 572 Trypho
2506 518 2521 556 :
2565 498 2730 567 Vide,
2783 499 2999 573 inquit,
3044 504 3257 573 amice,
3301 521 3410 564 non
3465 510 3587 565 sine

296 568 471 625 πολλοῦ
504 570 683 626 κόπου
721 574 827 630 καὶ
864 580 1135 650 καμάτου
1168 581 1359 651 γέγονέ
1394 600 1478 637 σοι
1512 587 1571 639 τὸ
1604 588 1906 659 κτήσασθαι

299 662 443 719 αὐτὰ.
475 663 589 718 Καὶ
636 666 797 736 ἡμᾶς
850 664 953 723 οὖν
1004 670 1403 741 βασανίσαντας
1450 676 1627 730 πάντα
1671 679 1738 733 τὰ
1786 682 1906 733 ὲπι-

302 755 581 826 τρέχοντα,
624 757 942 814 συνθέσθαι
983 760 1068 815 δεῖ
1100 757 1180 826 οἷς
1228 766 1623 833 ἀναγκάζουσιν
1659 771 1806 840 ἡμᾶς
1851 770 1909 825 αί

310 848 534 920 Γραφαί.

380 1024 549 1094 Κάγὼ
596 1027 739 1096 πρὸς
790 1026 1004 1081 ταῦτα*
1060 1028 1171 1081 Ούκ
1208 1028 1378 1094 ἀξιῶ,
1428 1025 1600 1095 εἶπον,
1637 1030 1783 1101 ὑμᾶς
1832 1031 1908 1104 μὴ

312 1117 469 1170 παντὶ
509 1117 703 1186 τρόπῳ
749 1116 1193 1186 ἀγωνιζομένους
1230 1120 1327 1190 τὴν
1374 1118 1619 1186 ἐξέτασιν
1664 1120 1771 1174 τῶν
1812 1120 1910 1193 C1]-

312 1206 585 1276 τουμένων
643 1204 958 1271 ποιεῖσθαι,
1007 1207 1121 1260 ἀλλ’
1179 1208 1406 1272 ἐκείνοις
1465 1209 1539 1281 μὴ
1594 1209 1755 1263 πάλιν
1810 1212 1907 1264 ἀν-

314 1298 565 1368 τιλέγειν,
615 1299 788 1369 μηδὲν
836 1299 1063 1370 ἔχοντας
1111 1299 1322 1368 λέγειν,
1382 1294 1463 1365 οἷς
1509 1299 1675 1373 ἔφητε
1726 1301 1908 1355 συνθέ-

315 1391 460 1443 σθαι.

380 1484 494 1536 Καὶ
538 1485 568 1537 ό
614 1482 856 1554 Τρύφων
911 1483 1051 1556 ἔφη·
1107 1485 1280 1540 Τοῦτο
1327 1485 1710 1558 πειρασόμεθα
1762 1484 1905 1557 πρά-

346 1592 445 1627 ειν.

346 1592 445 1627 ειν.

314 1580 341 1647 ξ
382 1666 573 1729 Πάλιν,
596 1664 709 1732 ἐγὼ
734 1665 890 1736 ἔφην,
914 1666 1054 1740 πρὸς
1086 1669 1198 1733 τοῖς
1218 1666 1660 1738 ἀνηρωτημένοις
1694 1666 1788 1721 καὶ
1811 1665 1906 1721 νῦν

315 1758 401 1809 ύτέ
426 1756 565 1826 ἐμοῦ
604 1757 748 1829 (l8),
768 1758 929 1811 πάλιν
962 1759 1406 1831 ἁνερωτήσασθαι
1440 1759 1583 1829 ὑμᾶς
1611 1758 1900 1830 βούλομαι·

2009 593 2178 649 multo
2218 593 2408 649 labore
2437 602 2493 648 et
2521 594 2717 649 sudore
2759 595 2857 649 tibi
2910 598 3211 669 contigisse
3244 608 3302 654 ut
3336 602 3453 657 hac
3482 617 3581 658 ac-

2008 684 2293 754 quireres:
2343 699 2513 754 quare
2562 699 2660 740 nos
2695 701 2911 756 quoque
2960 700 3174 759 oportet
3206 692 3419 756 omnia,
3460 708 3584 763 qua

2008 787 2334 841 occurrunt,
2372 777 2662 847 diligenter
2714 779 3023 846 explorare,
3064 797 3128 834 ae
3190 791 3302 836 tum
3356 784 3580 838 demum

2009 867 2076 922 iis
2117 882 2400 922 assensum
2447 868 2723 937 praebere,
2772 870 2969 939 quibus
3037 870 3333 942 Scriptum
3378 883 3581 945 cogunt

2009 958 2283 1014 assentiri.

2074 1048 2156 1101 Ad
2193 1048 2306 1102 haec
2335 1062 2474 1116 ego:
2503 1047 2619 1103 Non
2654 1049 2704 1105 id
2726 1089 2743 1114 ,
2792 1049 3039 1119 inquam,
3074 1066 3102 1104 a
3143 1054 3299 1107 vobis
3332 1063 3479 1122 peto,
3520 1062 3583 1110 ut

2009 1154 2080 1194 ne
2122 1140 2271 1195 omni
2319 1141 2487 1194 animi
2537 1143 2887 1197 contentione
2933 1157 3055 1210 quae
3108 1143 3161 1197 in
3218 1147 3581 1213 quaestionem

2008 1232 2234 1286 veniunt
2274 1231 2603 1301 esploretis;
2634 1235 2729 1288 sed
2760 1248 2827 1287 ne
2860 1234 2997 1287 nihil
3043 1235 3304 1291 habentes
3330 1236 3472 1306 quod
3500 1236 3582 1292 di-

2007 1325 2166 1389 eatis,
2209 1339 2427 1379 rursum
2464 1334 2655 1380 contra
2688 1340 2755 1382 ea
2803 1326 3072 1395 veniatis,
3116 1328 3317 1398 quibus
3353 1344 3453 1387 vos
3494 1329 3583 1386 di-

2007 1415 2167 1471 xistis
2197 1414 2483 1470 assentiri.

2074 1507 2152 1563 lta
2182 1506 2386 1575 facere,
2413 1507 2589 1578 inquit
2621 1508 2864 1581 Trypho,
2896 1511 3242 1569 conabimur.

2076 1663 2307 1719 Rursum
2350 1678 2451 1735 ego
2487 1680 2504 1719 :
2555 1664 2763 1720 Prrcter
2796 1681 2897 1729 ea,
2956 1668 3212 1736 inquam,
3259 1684 3378 1739 quae
3420 1670 3583 1724 etiam

2006 1772 2149 1811 nunc
2180 1770 2246 1811 es
2283 1756 2436 1811 vobis
2476 1758 2789 1812 sciscitatus
2832 1774 2975 1822 sum,
3024 1760 3225 1814 iterum
3264 1778 3358 1816 vos
3406 1763 3580 1816 inter-

314 1847 397 1899 διὰ
425 1846 535 1917 γὰρ
568 1846 680 1900 τῶν
729 1849 1120 1920 ἀνερωτήσεων
1166 1852 1367 1903 τούτων
1400 1851 1494 1905 καὶ
1534 1850 1901 1922 περαιωθῆναι

2019 1861 2200 1915 rogare
2228 1848 2371 1902 volo.
2405 1846 2501 1903 His
2528 1849 2673 1902 enim
2708 1848 3229 1918 interrogationibus
3270 1854 3431 1908 etiam
3461 1856 3583 1909 bro—

318 1940 409 1991 σὺν
442 1940 600 2009 τάχει
634 1940 729 1993 τὸν
755 1940 914 2009 λόγον
939 1941 1175 2009 ὰγωνιοῦ
1185 1959 1305 2013 μαι.

383 2029 491 2081 Καὶ
520 2031 550 2080 ό
572 2028 811 2099 Τρύφων
838 2030 943 2101 ἔφη
963 2049 976 2060 ’
1016 2031 1305 2101 Ἀνερὼτα.

381 2119 553 2187 Κάγὼ
602 2116 790 2174 εἶπονο
830 2120 913 2192 Μή
943 2138 994 2174 τι
1031 2121 1188 2175 ἄλλον
1221 2123 1341 2177 τινὰ
1376 2124 1769 2195 προσκυνητὸν,
1807 2124 1902 2178 καὶ

315 2210 535 2282 Κύριον,
576 2212 675 2266 καὶ
709 2212 839 2266 Θεὸν
872 2212 1164 2284 λεγόμενον
1202 2219 1259 2268 ἐν
1292 2218 1411 2279 ταῖς
1445 2216 1690 2286 Γραφαῖς
1734 2220 1903 2270 νοεῖτε

311 2299 445 2358 εἶναι
464 2346 478 2368 ,
517 2304 665 2376 πλὴν
714 2304 807 2359 τοῦ
848 2306 1005 2360 τοῦτο
1050 2308 1368 2378 ποιήσαντος
1401 2308 1461 2360 τὸ
1505 2309 1633 2372 πᾶν,
1671 2308 1762 2362 καὶ
1809 2308 1902 2361 τοῦ

310 2396 582 2465 Χριστοῦ,
630 2397 694 2462 ὃς
739 2398 828 2452 διὰ
868 2400 978 2453 τῶν
1024 2399 1287 2453 τοσούτων
1333 2399 1565 2471 Γραφῶν
1607 2399 1904 2471 ἀπεδείχθη

308 2483 436 2553 ὑμῖν
469 2485 767 2558 ἄνθρωπος
801 2484 1130 2560 γενόμενοςῖ

376 2575 486 2626 Καὶ
519 2577 550 2627 ό
598 2576 873 2647 Τρύφων·
911 2577 1034 2643 Πῶς
1083 2578 1239 2631 τοῦτο
1284 2579 1560 2652 δυνάμεθα
1602 2578 1741 2635 εἶναι
1790 2580 1903 2653 (19)

307 2664 647 2738 ὁμολογῆσαι
668 2708 684 2731 ,
729 2670 915 2735 ὁπότε,
952 2673 1000 2724 εἰ
1033 2671 1127 2725 καὶ
1161 2672 1318 2737 ἄλλος
1349 2690 1433 2736 τις
1479 2673 1595 2726 ἐστὶ
1628 2673 1767 2745 πλὴν
1810 2674 1903 2726 τοῦ

310 2759 521 2829 Πατρός
585 2759 793 2829 μόνου,
852 2761 952 2832 τὴν
1011 2761 1280 2833 τοσαύτην
1341 2762 1569 2835 ζήτησιν
1633 2765 1901 2834 ἐποιησά-

313 2852 451 2921 μεθα
473 2869 488 2917 ;

376 2940 549 3008 Κάγὼ
606 2940 811 2994 πάλιν
861 2942 1180 3011 Ἀναγκαῖόν
1224 2947 1341 2998 ἐστι
1390 2946 1483 3000 καὶ
1542 2947 1713 3000 ταῦτα
1758 2946 1903 3018 ὑμᾶς

308 3034 579 3103 ἱρωτῆσαι
602 3073 618 3097 ,
668 3034 820 3098 ὅπως
859 3034 1005 3103 γνῶ,
1046 3035 1122 3109 μή
1153 3054 1202 3090 τι
1249 3037 1375 3091 ἄλλο
1407 3042 1651 3111 φρονεῖτε
1697 3043 1828 3113 παρ’
1867 3042 1903 3095 ἃ

307 3127 441 3190 τέως
474 3124 587 3195 (‘20)
614 3125 1032 3197 ὡμολογήσατε.

376 3221 677 3283 Κάκεῖνοςθ
706 3217 843 3283 Οὔκ,
871 3219 1144 3291 ἄνθρωπε,
1170 3219 1293 3291 ἔφη.

373 3308 545 3377 Κάγὼ
589 3308 794 3361 πάλιν·
836 3306 1021 3378 ’Υμῶν
1067 3304 1159 3361 οὖν
1186 3310 1358 3364 ταῦτα
1403 3309 1617 3382 ἀληθῶς
1654 3314 1901 3369 συντιθε-

314 3401 509 3468 μένων,
546 3400 649 3453 καὶ
692 3398 787 3451 τοῦ
820 3399 981 3467 λόγου
1013 3398 1284 3467 λέγοντος,
1325 3420 1342 3451 r
1367 3402 1477 3473 Τὴν
1510 3405 1703 3472 γενεὰν
1737 3407 1899 3460 αὑτοῦ

308 3490 387 3554 τίς
428 3492 793 3562 διηγήσεται;
822 3509 839 3541 ι
875 3490 977 3544 οὐκ
1022 3491 1123 3561 ἤδη
1169 3492 1263 3545 καὶ
1309 3496 1448 3546 νοεῖν
1500 3496 1779 3563 ὀφείλετε,
1820 3499 1901 3553 ὅτι

309 3579 403 3630 εύκ
434 3580 551 3631 ἔστι
587 3579 787 3646 γένους
813 3575 1101 3649 ἀνθρώπου
1143 3581 1393 3651 σπέρμας

375 3670 484 3724 Καὶ
516 3672 545 3724 ὁ
580 3670 855 3740 Τρύφων·
907 3670 1030 3735 Πῶς
1064 3668 1156 3724 οὖν
1189 3675 1216 3725 ό
1238 3672 1393 3741 λόγος
1422 3673 1572 3744 λέγει
1608 3673 1684 3747 τῷ
1713 3678 1897 3742 Δαϐὶδ,

308 3763 384 3815 ὅτι
416 3764 525 3816 ἀπὸ
558 3762 665 3831 τῆς
697 3761 898 3830 ὀσφύος
947 3762 1059 3833 (21)
1096 3764 1258 3817 αὑτοῦ
1296 3764 1524 3837 λήψεται
1572 3768 1753 3838 ἑαυτῷ
1786 3771 1900 3823 υίὸν

306 3855 338 3905 ὀ
362 3852 510 3916 Θεὸς,
539 3853 642 3905 καὶ
674 3851 1012 3924 κατορθώσει
1036 3854 1185 3925 αύτῷ
1217 3855 1313 3926 τὴν
1337 3856 1635 3926 βασιλείαν,
1667 3858 1761 3912 καὶ
1777 3860 1903 3914 me.

310 3946 409 3998 im
440 3946 607 3998 αὑτὸν
644 3944 741 3997 ἐπὶ
768 3944 959 4015 θρόνου
989 3947 1089 4017 τῆς
1124 3946 1282 4017 δόξης
1314 3949 1477 4002 αὑτοῦ
1503 3966 1516 4013 ;

375 4034 546 4103 Κάγὼ
580 4034 759 4106 ἔφην’
793 4030 866 4087 ’Ὦ
903 4034 1156 4105 Τρύφων,
1191 4038 1239 4089 εἰ
1275 4039 1373 4107 μὲν
1406 4038 1500 4091 καὶ
1544 4038 1642 4111 τὴν
1688 4057 1901 4113 προφη-

308 4126 451 4178 τείαν
484 4126 556 4197 ἦν
583 4125 691 4195 ἔφη
734 4125 962 4191 Ἡσαΐας
983 4167 998 4189 ,
1049 4127 1109 4180 ού
1157 4128 1291 4198 φησὶ
1325 4129 1461 4199 πρὸς
1507 4130 1597 4183 τὸν
1629 4128 1775 4184 οἷκον
1807 4132 1898 4185 τοῦ

310 4216 496 4267 Δαὸίδ·
556 4236 576 4267 r
626 4215 762 4267 Ἰδοὺ
804 4218 839 4287 ἠ
887 4216 1164 4288 Παρθένος
1229 4221 1285 4270 ὲν
1332 4218 1531 4290 γαστρὶ
1588 4218 1849 4292 λήψεται,
1878 4240 1894 4272 t

310 4307 440 4359 ἀλλὰ
472 4308 617 4377 πρὸς
650 4305 840 4377 ἕτερον
871 4304 1019 4360 οἷκον
1050 4307 1158 4360 τῶν
1189 4308 1395 4362 δώδεκα
1430 4310 1633 4378 φυλῶν,
1671 4311 1801 4375 ἴσως
1835 4312 1900 4366 ἂν

311 4399 541 4470 ἀπορίαν
577 4395 694 4469 εἶχε
730 4400 788 4452 τὺ
824 4402 1092 4470 πρᾶγμα’
1125 4401 1309 4473 ἐπειδὴ
1334 4402 1390 4454 δὲ
1416 4403 1512 4456 καὶ
1544 4404 1681 4475 αὑτὴ
1713 4406 1747 4475 ἡ
1774 4422 1903 4477 προ-

2008 1941 2147 1993 \‘iter
2176 1940 2596 2010 disputationem
2625 1942 2907 1998 absolvere
2936 1947 3193 1999 conabor.

2074 2033 2377 2101 Interroga,
2401 2033 2579 2102 inquit
2609 2034 2847 2103 Trypho.

2076 2124 2213 2178 Num
2247 2139 2407 2194 quem
2457 2125 2667 2191 alium,
2716 2127 2963 2194 inquam.
3008 2128 3339 2181 adorandum
3374 2135 3430 2181 et
3481 2128 3584 2181 Do-

2006 2216 2208 2269 minum
2239 2227 2292 2269 et
2324 2216 2489 2270 Deum
2521 2218 2573 2271 in
2611 2216 2910 2287 Scripturis
2944 2220 3048 2273 dici
3082 2222 3412 2275 existimatis
3442 2236 3584 2290 prae-

2007 2321 2090 2363 ter
2118 2308 2433 2364 Creatorem
2469 2309 2628 2379 hujus
2669 2311 2909 2364 universi
2962 2319 3014 2365 et
3055 2311 3368 2374 Christum,
3420 2326 3581 2380 quem

2005 2404 2159 2458 vobis
2198 2412 2275 2457 tot
2312 2419 2379 2458 ex
2422 2402 2725 2473 Scripturis
2766 2402 3043 2456 hominem
3086 2402 3291 2457 factum
3328 2418 3451 2459 esse
3484 2402 3581 2457 de-

2006 2493 2344 2547 monstravi?
2634 2492 2637 2495 λ
2747 2529 2752 2533 -

2078 2582 2238 2654 166
2266 2582 2331 2635 Et
2365 2582 2587 2654 Trypho
2623 2600 2637 2639 :
2673 2582 2956 2649 Quomodo
2988 2582 3038 2636 id
3081 2584 3355 2651 possimus
3406 2582 3582 2639 conﬂ-

2005 2674 2127 2737 teri,
2158 2689 2278 2727 cum
2304 2675 2369 2729 de
2394 2690 2459 2729 eo
2493 2676 2685 2736 etiam,
2718 2690 2785 2728 an
2819 2684 3015 2743 praeter
3038 2674 3211 2727 solum
3241 2674 3454 2728 Patrem
3487 2674 3584 2730 ali-

2004 2766 2128 2837 quis
2158 2765 2295 2822 alius
2328 2767 2424 2833 sit,
2447 2776 2654 2821 tantam
2688 2769 3039 2838 quzcstionem
3074 2767 3445 2822 moverimus?

2077 2939 2313 2996 Rursum
2354 2956 2455 3012 ego
2493 2960 2508 2997 :
2552 2941 2782 2997 Necesse
2826 2952 2909 2997 est
2956 2942 3008 2995 id
3057 2956 3273 3010 quoque
3316 2955 3382 2995 ex
3428 2942 3586 2997 vobis

2005 3032 2275 3096 scisciter,
2313 3043 2374 3086 ut
2408 3033 2577 3087 sciam
2636 3034 2877 3101 nunquid
2912 3033 3055 3087 aliud
3097 3034 3345 3089 sentiatis
3386 3042 3585 3103 praeter

2006 3125 2060 3179 id
2087 3125 2231 3194 quod
2262 3124 2424 3179 modo
2451 3124 2689 3180 confessi
2714 3125 2883 3181 estis?

1932 3185 1976 3242 ο
2079 3185 2223 3270 άὶιιίι
2265 3217 2516 3280 omnino,
2545 3216 2721 3285 inquit
2749 3216 2859 3271 ille.

2074 3304 2211 3360 Tum
2260 3320 2360 3377 ego
2392 3324 2405 3359 :
2440 3304 2576 3359 Cum
2634 3304 2800 3374 igitur
2856 3304 2942 3359 his
2984 3318 3114 3359 vere
3167 3304 3582 3369 assentiamini.

2001 3409 2235 3463 cumque
2261 3396 2545 3464 Scriptura
2572 3394 2717 3448 dicat
2746 3412 2760 3448 :
2803 3412 2823 3445 r
2850 3394 3276 3450 Generationem
3309 3396 3430 3467 ejus
3457 3397 3583 3464 quis

2002 3488 2317 3542 enarrabit?
2341 3489 2424 3539 ⁸³»
2460 3489 2541 3542 Αη
2596 3502 2703 3540 non
2750 3485 2963 3539 tandem
3023 3485 3327 3556 intelligere
3373 3486 3583 3542 debetis

2001 3592 2127 3631 eum
2162 3592 2269 3630 non
2302 3592 2421 3631 esse
2450 3577 2673 3631 humani
2708 3577 2925 3646 generis
2954 3577 3179 3631 semen?

2072 3669 2141 3723 At
2172 3669 2393 3741 Trypho
2421 3686 2434 3722 :
2465 3668 2745 3734 Quomodo
2776 3670 2943 3737 igitur
2982 3668 3260 3738 Scriptura
3309 3668 3443 3722 dicit
3482 3668 3583 3721 θα-

2002 3763 2134 3826 vidi,
2163 3761 2280 3817 fore
2309 3771 2369 3813 ut
2401 3776 2468 3815 ex
2504 3761 2621 3831 ejus
2653 3761 2854 3816 lumbis
2886 3763 3056 3817 tilium
3100 3762 3201 3817 sibi
3246 3760 3389 3814 Deus
3431 3775 3583 3814 assu-

2003 3859 2134 3915 mat,
2178 3859 2234 3905 et
2264 3865 2487 3920 regnum
2516 3852 2565 3904 ei
2616 3851 2829 3917 tradat,
2876 3868 2940 3908 ac
2989 3855 3043 3908 in
3080 3852 3210 3907 sede
3254 3851 3442 3922 glorite
3472 3867 3583 3907 sua:

2002 3942 2235 3999 collocet
2256 3944 2279 3998 ?
2335 3927 2348 3936 ’

2073 4035 2130 4090 Si
2176 4037 2430 4106 quidem,
2474 4036 2735 4107 inquam,
2783 4034 3024 4107 Trypho,
3077 4034 3395 4090 vaticinium
3446 4033 3580 4087 illud

2001 4127 2210 4183 lsaias:
2250 4145 2268 4180 σ
2291 4129 2430 4183 Ecce
2459 4129 2629 4198 Virgo
2663 4130 2715 4181 in
2748 4138 2903 4182 utero
2937 4128 3208 4196 concipiet
3231 4128 3295 4191 ”,
3316 4146 3335 4180 ι
3366 4142 3472 4181 non
3514 4127 3581 4179 ad

2003 4219 2243 4285 Davidis,
2281 4219 2372 4274 sed
2416 4218 2482 4273 ad
2535 4219 2697 4272 aliam
2740 4233 2806 4272 ex
2852 4217 3141 4271 duodecim
3194 4217 3441 4271 tribubus
3481 4216 3581 4270 do-

2004 4328 2146 4365 mum
2200 4312 2496 4377 edidisset,
2533 4312 2753 4366 haberet
2806 4310 2945 4365 l‘orte
2995 4325 3079 4364 res
3121 4309 3326 4379 aliquid
3368 4308 3583 4362 dubita-

2004 4404 2189 4457 tionis.
2219 4402 2327 4458 Sed
2363 4419 2486 4458 cnm
2521 4403 2635 4472 ipsa
2672 4402 2956 4473 prophetia
3002 4402 3070 4456 ad
3113 4402 3330 4454 domum
3366 4400 3582 4454 Davidis

311 4491 503 4559 φητεία
550 4492 692 4562 πρὸς
739 4492 829 4544 τὸν
860 4487 1006 4543 οἷκον
1038 4491 1201 4545 Δαόὶδ
1233 4492 1447 4563 εἴρηται
1467 4533 1481 4557 ,
1515 4493 1576 4546 τὸ
1608 4496 1901 4567 εἰρημένον

2019 4498 2143 4552 adita
2181 4498 2283 4561 sit;
2321 4512 2443 4566 quae
2468 4496 2534 4549 ad
2571 4495 2829 4549 Davidem
2862 4495 2918 4548 in
2960 4494 3219 4560 mysterio
3242 4494 3379 4547 dixit
3414 4491 3578 4555 Deus,

310 4583 445 4653 προς
477 4582 651 4636 Δαϐὶδ
683 4582 791 4635 ὑπὸ
822 4581 955 4635 Θεοῦ
994 4585 1052 4636 ὲν
1087 4584 1371 4655 μυστηρίῳ
1416 4586 1504 4640 διὰ
1541 4586 1788 4652 Ἡσαΐου,
1824 4589 1900 4654 ὡς

314 4672 499 4742 {usus
532 4673 785 4743 γίνεσθαι
832 4673 1092 4747 ὲξηγήθη.
1129 4676 1191 4728 Et
1227 4677 1301 4746 μή
1342 4694 1392 4729 τι
1439 4678 1596 4732 τοῦτο
1641 4680 1742 4732 ούκ
1790 4682 1908 4733 ἐπί-

399 4851 444 4881 ⁹²
474 4850 583 4904 lsa.
608 4866 728 4914 LIII,
758 4850 807 4906 8.
890 4852 935 4883 ⁸³
962 4850 1063 4907 lsa.
1096 4870 1195 4919 vn,
1227 4853 1315 4910 M.

2010 4603 2073 4642 ea
2115 4587 2316 4653 lsaias,
2364 4598 2421 4641 ut
2466 4598 2624 4642 erant
2670 4598 2964 4651 eventura,
3020 4588 3093 4640 ita
3140 4584 3414 4656 exposuit.
3463 4582 3576 4636 Nisi

2013 4678 2153 4732 forte
2198 4679 2350 4744 illud,
2383 4680 2564 4743 amici,
2593 4681 2833 4750 inquam,
2869 4679 3152 4748 ignoratis,
3186 4677 3350 4730 multa
3380 4688 3580 4730 arcane

385 5035 495 5105 (l8)
529 5036 664 5114 _Kal_
704 5036 823 5114 νῦτ
868 5038 987 5114 ὑπ’,
1018 5039 1184 5114 ἐμοῇ.
1243 5036 1508 5114 Observat
1558 5032 1897 5114 ~Sylburgius
1995 5033 2106 5089 27:
2143 5052 2163 5086 ι
2195 5030 2429 5114 Propter
2475 5033 2581 5089 hoc
2624 5036 2768 5114 enim
2810 5044 2864 5091 et
2906 5036 2974 5089 de
3011 5032 3436 5114 [ructuhventris
3464 5028 3580 5098 ejus

318 5104 733 5174 convenientius
778 5108 916 5170 fore,
944 5108 990 5162 si
1030 5104 1299 5164 scribatur
1327 5107 1419 5158 ὑπ’
1452 5104 1610 5174 ἐμοῦ,
1647 5104 1739 5158 καὶ
1774 5106 1892 5161 νῦν.

316 5173 420 5229 Sed
465 5176 598 5229 illud
649 5177 749 5229 καὶ
785 5177 881 5231 νῦν
933 5181 1270 5232 commodam
1323 5173 1494 5230 habet
1533 5177 1890 5230 sententiam.

319 5246 458 5299 Idem
492 5246 641 5299 enim
666 5257 751 5301 est
778 5264 841 5300 ac
871 5266 889 5298 ι
916 5249 1081 5301 etiam
1113 5248 1325 5300 modo.»

383 5315 495 5384 (l9)
538 5315 851 5385 Δυνάμεθα
882 5314 1296 5371 εἷναι.ἫοΙ(ὶυε
1340 5316 1551 5369 monuit
1604 5314 1891 5385 legendum

314 5400 428 5438 esse
473 5386 754 5455 δυνάμεθα
788 5388 892 5441 ἔτι.
930 5386 1199 5442 Sustine.
1247 5386 1403 5441 Nulla
1437 5388 1682 5440 mutandi
1718 5397 1901 5442 textus

317 5458 638 5519 necessitas,
666 5474 769 5513 nec
803 5459 934 5511 illud
964 5456 1046 5509 ἐτι
1080 5458 1334 5510 convenit
1366 5458 1491 5512 huic
1520 5456 1661 5510 loco.

542 5524 701 5609 Yulg'.
731 5529 889 5609 παρὰ
920 5526 1299 5609 Θεῷηνίιίοξθτ
1338 5527 1513 5609 Οττρ.

382 5595 495 5663 (il)
554 5593 698 5650 Ἀπὸ
748 5593 865 5667 τῆς
912 5593 1167 5667 ὀσφύος.
1214 5597 1421 5667 interp.
1464 5593 1605 5667 LXX
1646 5596 1900 5651 habent:

327 5662 420 5738 Ἐκ
451 5662 667 5733 καρποῦ
695 5662 1044 5738 τῆςάοιλίας
1078 5666 1261 5738 αὐτού,
1301 5662 1419 5738 ιῠο
1457 5666 1640 5738 fructu
1668 5668 1905 5738 iveutris

320 5737 469 5803 ejus,
498 5756 517 5788 ι
562 5753 670 5792 non
709 5736 1146 5793 «Vluinborum.»
1194 5736 1338 5790 Psal.
1380 5750 1582 5799 cxxxr,
1624 5736 1722 5799 Η,
1760 5739 1902 5792 unde

319 5806 394 5860 ita
442 5820 858 5878 argumentatur
896 5806 1153 5874 lrenaaus,
1183 5807 1315 5864 Adv.
1347 5807 1478 5864 hrcr.
1520 5807 1615 5862 lib.
1644 5822 1743 5874 ιιι,
1775 5822 1897 5878 cap.

1996 5119 2179 5175 regem
2208 5104 2478 5172 promisit,
2508 5106 2652 5175 quod
2683 5115 2800 5159 erat

2885 5107 3126 5175 roprium
3172 5102 3405 5175 Virginis
3437 5117 3579 5175 pra;-

2035 5170 2251 5238 nantis;
2296 5183 2350 5227 et
2390 5190 2495 5227 non
2525 5170 2598 5229 de
2626 5174 2807 5228 fructu
2846 5170 3155 5230 lumborum
3186 5170 3324 5242 ejus,
3370 5170 3476 5225 nec
3513 5170 3580 5225 de

2035 5190 2251 5238 nantis;
2296 5190 2350 5227 et
2390 5190 2495 5227 non
2532 5190 2598 5229 ue
2626 5190 2807 5228 trnctu
2846 5190 3155 5230 lumborum
3186 5190 3324 5242 ejus,
3370 5190 3476 5225 ncc
3513 5190 3580 5225 ue

1995 5190 2178 5299 fructu
2225 5260 2413 5297 renum
2446 5244 2585 5311 ejus,
2618 5245 2763 5313 quod
2804 5256 2888 5299 est
2941 5245 3220 5314 proprium
3262 5243 3366 5314 viri
3411 5255 3581 5314 gene-

1998 5315 2190 5378 rantis,
2219 5322 2275 5366 et
2305 5309 2550 5368 mulieris
2577 5309 2648 5367 ex'
2676 5315 2790 5369 viro
2822 5309 3235 5382 conceptionem
3269 5309 3573 5382 facientiSJ

1998 5386 2066 5439 Et
2112 5384 2365 5439 similiter
2419 5384 2787 5438 Tertullianus
2824 5384 2918 5439 lib.
2960 5381 3020 5438 lit
3070 5395 3253 5437 contra
3291 5381 3577 5445 Marciam,

2004 5471 2125 5524 cap.
2152 5454 2243 5507 20.
2285 5453 2485 5507 Parnm
2517 5468 2645 5507 vero
2676 5454 2972 5508 soliditatis
3011 5456 3151 5508 hanc
3182 5454 3385 5506 habere
3410 5464 3576 5524 argu-

2004 5521 2395 5578 mentationem
2426 5524 2505 5578 Cl.
2532 5524 2790 5577 observat
2815 5524 3051 5580 Grabius
3079 5524 3131 5576 in
3158 5524 3342 5576 adnot.
3371 5522 3437 5573 ad
3471 5521 3575 5573 loc.

2001 5605 2055 5648 et
2084 5595 2383 5663 praesertim
2426 5593 2843 5662 distinctionem;
2871 5596 3015 5648 illam
3069 5611 3087 5644 ι
3114 5594 3411 5663 ventris‘et
3438 5591 3578 5643 lum-

2003 5658 2285 5740 borum;_i
2336 5664 2615 5740 cum_ipsc
2657 5665 2725 5740 ρ.
2769 5658 2991 5740 Petrus,
3028 5663 3149 5717 Act.
3180 5658 3397 5740 5t,_30,_
3437 5663 3578 5740 hanc

2000 5735 2341 5857 prophetjam
2377 5734 2612 5791 recitatis
2640 5735 2815 5790 dicat:
2870 5738 2961 5789 Ἐκ
2997 5734 3209 5803 καρποῦ
3246 5733 3344 5803 τῆς
3377 5732 3576 5801 ὀσφύος

2002 5821 2187 5857 αυτου.
2258 5819 2373 5857 ess.

2002 5803 2187 5859 αὑτοῦ.
2227 5803 2373 5858 less.
