3962 6262
405 405 412 408 ··
433 386 540 443 635
1383 375 1440 433 S.
1474 375 1737 434 JUSTINI
1768 375 2176 435 PHILOSOPHI
2209 374 2298 430 ET
2340 373 2694 430 MARTYRIS
3591 373 3691 431 636

436 515 532 563 aut
584 505 636 559 in
696 499 970 572 parabolis
1031 499 1212 562 dicta,
1263 503 1355 551 aut
1407 496 1683 566 mysteriis
1735 505 1790 550 et
1837 496 2004 550 actio-

2120 492 2344 556 στασθε,
2382 486 2427 545 ὧ
2474 491 2651 562 φίλοι,
2701 489 2870 559 ἔφην,
2919 489 3001 542 ὅτι
3046 488 3271 553 πολλοὺς
3317 488 3509 558 λόγους
3565 491 3688 555 τοὺς

437 613 562 653 num
615 595 975 666 quarumdam
1028 591 1201 659 signis
1250 591 1602 652 adumbrata,
1651 604 1681 642 a
1733 590 2004 658 prophetis

2116 581 2661 653 ἀποκεκαλυμμένως
2846 580 2940 634 καὶ
2977 583 3034 633 ὲν
3069 581 3454 653 παραϐολαῖςῆ
3490 599 3692 652 μυστηαο

435 699 555 757 post
585 702 700 750 eos,
727 684 819 756 qui
863 685 980 740 haec
1009 684 1201 738 dixere
1241 691 1335 734 aut
1379 695 1564 750 egere,
1609 680 1814 734 exortis
1842 679 2004 735 fuisse

2117 675 2272 747 ρίοις,
2308 673 2341 743 ἢ
2379 676 2437 726 ὲν
2474 671 2764 740 συμϐόλοις
2815 669 2988 741 ἔργων
3035 668 3426 740 λελεγμένους,
3477 671 3527 722 ot
3577 671 3691 738 μετ’

433 779 730 850 eXplieata.

503 953 760 1014 Maxime,
794 949 968 1017 inquit
1000 947 1242 1018 Trypho;

503 1045 558 1096 Si
589 1059 718 1111 ergo
757 1043 894 1095 hane
924 1041 1075 1094 Isaiae
1121 1039 1460 1108 prophetiam
1487 1040 1541 1092 in
1581 1050 1823 1094 nostrum
1863 1042 2007 1098 hunc

428 1133 732 1197 Christum,
765 1133 989 1187 minime
1020 1146 1150 1185 vero
1178 1131 1230 1182 in
1265 1130 1576 1194 Ezechiant,
1616 1141 1672 1184 ut
1706 1133 1859 1186 vobis
1892 1133 2007 1203 pla-

434 1236 540 1290 cet,
566 1227 763 1279 dictam
795 1239 920 1277 esse
949 1223 1430 1282 demonstravero;
1469 1238 1535 1275 an
1571 1237 1676 1276 non
1706 1223 1757 1276 id
1787 1239 2005 1294 quoque

429 1333 462 1372 ι
508 1317 665 1372 vobis
705 1317 1031 1387 impetrabo,
1081 1324 1241 1367 utne
1281 1312 1440 1368 ﬁdem
1489 1315 1763 1383 magistris
1807 1318 2005 1372 vestris

432 1411 710 1474 habeatis,
751 1411 842 1478 qui
883 1408 1392 1477 interpretationem
1441 1423 1470 1461 a
1505 1407 1859 1478 Septuaginta
1908 1425 2001 1464 ve-

433 1501 562 1556 stris
591 1500 898 1556 senioribus
940 1499 1080 1568 apud
1121 1499 1469 1552 Ptolemaeum
1496 1498 1869 1570 Egyptiorum
1915 1514 2003 1555 re-

431 1609 551 1662 gem
603 1595 918 1646 adornatam
956 1590 1280 1660 quibusdam
1337 1593 1389 1646 in
1443 1593 1603 1647 rebus
1660 1607 1843 1648 veram
1893 1609 1998 1650 non

425 1701 549 1741 esse
574 1688 775 1740 audent
802 1684 1195 1752 pronuntiare?
1228 1683 1359 1737 Nam
1392 1700 1512 1752 qua:
1541 1685 1746 1739 diserte
1775 1687 1824 1739 in
1855 1685 2000 1741 Scri-

429 1780 606 1849 ptnris
662 1779 1007 1848 insipientem
1062 1793 1252 1833 eorum
1301 1788 1358 1832 et
1404 1778 1486 1832 sui
1545 1788 1818 1832 amantem
1867 1795 1996 1834 seno

2111 766 2354 828 ἐκείνους
2387 762 2512 827 τοὺς
2547 761 2796 824 εἰπόντας
2831 761 2864 831 ἢ
2900 759 3208 831 πράξαντας
3242 759 3526 828 γενόμενοι
3563 776 3691 830 προ-

2114 856 2281 925 φῆται
2317 852 2484 925 ὲξηγή
2494 869 2676 907 σαντο.

2182 947 2292 1000 Καὶ
2330 945 2494 1015 μάλα,
2534 942 2637 1012 ἔφη
2669 945 2697 996 ὁ
2723 940 2975 1012 Τρύφων.

2194 1039 2318 1091 Ἐὰν
2369 1033 2462 1090 οὖν
2509 1033 2778 1100 ἀποδείξω
2824 1033 2920 1102 τὴν
2969 1030 3306 1102 «pom-caici;
3351 1030 3557 1101 ταύτην
3599 1033 3688 1086 τοῦ

2118 1129 2340 1182 Ἡσαΐου
2388 1129 2467 1192 είς
2501 1127 2688 1180 τοῦτον
2733 1124 2824 1176 τὸν
2869 1123 3140 1194 ἡμέτερον
3187 1121 3421 1192 Χριστὸν
3468 1122 3692 1193 εἰρημέ-

2104 1236 2221 1290 νην,
2257 1218 2368 1272 ἀλλ’
2402 1219 2500 1270 οὐκ
2534 1219 2612 1279 είς
2646 1216 2737 1268 τὸν
2785 1213 3051 1278 Ἐζεκίαν,
3086 1212 3160 1276 ὥς
3197 1229 3335 1279 φατε
3367 1212 3547 1282 ὑμεῖς,
3575 1215 3692 1284 οὐχὶ

2104 1311 2200 1364 καὶ
2235 1313 2292 1363 ἐν
2325 1309 2500 1380 τούτῳ
2531 1307 2836 1378 δυσωπήσω
2869 1305 3014 1376 ὑμᾶς
3051 1303 3126 1376 μὴ
3158 1302 3440 1358 πείθεσθαι
3476 1309 3586 1370 τοῖς
3613 1307 3688 1360 δι-

2100 1403 2388 1466 δασκάλοις
2422 1400 2598 1472 ὑμῶν,
2641 1400 2844 1463 οἶτινες.
2870 1396 3106 1468 τολμῶσι
3138 1397 3337 1466 λέγειν,
3361 1397 3457 1469 τὴν
3492 1397 3690 1471 ἐξήγη-

2103 1510 2186 1546 σιν
2211 1494 2277 1563 ἣν
2298 1492 2628 1564 ἐξηγήσαντο
2648 1493 2698 1545 οἱ
2729 1489 3129 1561 Ἑϐδομήκοντα
3157 1488 3312 1558 ὑμῶν
3333 1488 3688 1561 πρεσϐύτεροι

2100 1601 2177 1638 πα
2186 1585 2251 1655 ρὰ
2274 1583 2592 1654 Πτολεμαίῳ
2608 1581 2684 1652 τῷ
2698 1580 2804 1634 τῶν
2820 1580 3129 1648 Αἰγυπτίων
3159 1579 3686 1651 βασιλεῖγενόμενοι,

2103 1676 2176 1746 μὴ
2209 1673 2346 1728 εἶναι
2385 1675 2441 1726 ἒν
2487 1691 2627 1727 τισιν
2673 1673 2881 1742 ἀληθῆ;
2921 1673 2989 1724 Ἀ
3020 1671 3128 1742 γὰρ
3174 1671 3240 1725 ἂν
3286 1671 3583 1744 διαρρήδην
3628 1675 3686 1726 ὲν

2103 1771 2226 1831 ταῖς
2264 1768 2507 1837 Γραφαῖς
2542 1765 2822 1834 φαίνονται
2864 1763 3156 1834 ἐλέγχοντα
3191 1762 3368 1816 αὐτῶν
3401 1764 3500 1835 τὴν
3534 1763 3692 1834 ἀνόη-

411 1858 656 1926 ’ῑεηιίεηι
690 1887 922 1940 arguere
962 1873 1306 1926 manifestum
1335 1877 1438 1934 est,
1465 1884 1526 1922 ea
1563 1883 1758 1939 negare
1799 1871 1999 1924 audent

2113 1875 2186 1911 τον
2221 1859 2314 1911 καὶ
2348 1858 2601 1926 φίλαυτον
2641 1853 2887 1925 γνώμην,
2923 1855 3095 1908 ταῦτα
3130 1853 3366 1924 τολμῶσι
3399 1854 3583 1924 λέγειν
3619 1855 3693 1926 μὴ

429 1965 505 2019 ita
534 1979 654 2018 esse
683 1965 910 2032 scripta.
939 1963 1068 2030 Qua:
1099 1979 1228 2018 vero
1268 1963 1488 2016 trahere
1528 1970 1582 2015 et
1624 1962 1689 2013 ad
1741 1962 2008 2017 humanas

429 2055 674 2110 actiones
707 2055 1127 2110 accommodare
1169 2066 1335 2122 posse
1367 2051 1469 2106 sibi
1501 2051 1775 2116 videntur,
1809 2066 1873 2106 ea
1919 2067 2008 2106 as-

427 2154 616 2202 serunt
661 2161 768 2199 non
803 2146 853 2198 iu
897 2158 1143 2200 nostrum
1175 2145 1318 2198 hunc
1361 2141 1545 2196 Jesum
1575 2143 1853 2198 Christum
1885 2157 2006 2199 esse

431 2239 597 2300 dicta,
644 2239 737 2292 sed
785 2237 838 2290 in
872 2252 1034 2306 quem
1084 2236 1216 2306 ipsis
1257 2235 1615 2305 interpretari
1667 2235 1861 2305 placet.
1914 2235 2007 2292 Sic

427 2328 770 2397 Seriptnram
807 2329 976 2394 illam,
1007 2331 1072 2383 de
1101 2343 1209 2398 qna
1255 2345 1398 2383 nune
1436 2329 1670 2398 agimus,
1703 2329 2007 2383 docuerunt

427 2437 523 2476 vos
555 2421 606 2474 in
641 2421 925 2474 Ezechiam
967 2436 1090 2475 esse
1133 2422 1355 2484 dictam,
1404 2420 1458 2474 in
1502 2436 1611 2490 quo
1655 2420 1895 2488 quidem,
1944 2429 2004 2474 ut

424 2511 674 2583 promisi,
715 2513 930 2566 mentiri
979 2527 1072 2565 eos
1118 2513 1522 2566 demonstrabo.
1566 2512 1792 2578 Quando
1825 2524 2004 2568 autem

427 2603 510 2656 eis
563 2601 874 2671 Seriptnras
930 2603 1052 2656 illas
1104 2604 1415 2671 objicimus,
1459 2619 1580 2670 qua:
1638 2618 1800 2672 supra
1844 2620 1874 2656 a
1917 2620 2006 2660 me

427 2695 670 2749 recitata:
715 2694 991 2748 Christum
1027 2695 1305 2762 conceptis
1357 2693 1540 2748 verbis
1583 2695 1894 2764 passibilem
1941 2705 2000 2751 et

427 2789 763 2842 adorandum
790 2795 844 2840 et
877 2787 1047 2841 Deum
1079 2786 1485 2850 demonSIrant;
1517 2788 1892 2842 assentiuntur
1918 2787 1993 2843 illi

424 2877 649 2949 quidem
675 2878 1006 2932 necessitate
1030 2877 1249 2932 adducti
1277 2877 1329 2931 in
1355 2875 1632 2931 Christum
1655 2878 1828 2933 dictas
1849 2894 2000 2943 esse;

390 3022 395 3026 .
427 2972 520 3024 sed
547 2971 691 3024 hunc
727 2985 925 3042 negare
971 2971 1169 3024 audent
1212 2970 1489 3026 Christum
1537 2985 1682 3035 esse,
1712 2980 2003 3027 venturum

427 3047 608 3115 autem
646 3071 702 3114 et
739 3077 1026 3130 passurum
1057 3071 1110 3116 et
1149 3071 1500 3131 regnaturum
1546 3072 1601 3116 et
1664 3063 2003 3119 adorandum

430 3151 596 3208 Deum
629 3155 746 3208 fore
774 3155 1142 3219 conﬁtentur;
1175 3156 1321 3224 quod
1353 3156 1573 3224 quidem
1618 3157 1907 3214 ridiculum
1951 3168 2005 3214 et

427 3246 654 3300 stultum
703 3246 858 3316 167
887 3261 1006 3300 esse
1038 3246 1244 3314 pariter
1277 3247 1685 3304 demonstrabo.
1720 3247 1827 3304 Sed
1871 3251 2000 3320 quia

426 3339 776 3393 festinatione
821 3354 1038 3406 urgeor,
1068 3348 1127 3392 ut
1157 3339 1224 3393 iis
1273 3341 1425 3408 prius
1471 3342 1848 3408 respondeam,
1879 3358 2001 3412 qua:

423 3447 525 3501 per
567 3431 854 3484 ridiculum
878 3448 906 3484 a
938 3441 990 3486 te
1019 3432 1160 3485 dicta
1194 3440 1344 3495 sunt,
1381 3431 1468 3486 his
1509 3433 1728 3502 quidem
1773 3449 2000 3504 respon-

428 3525 590 3586 debo,
627 3539 692 3576 ac
735 3533 918 3592 postea
960 3522 1027 3576 ad
1076 3538 1172 3592 ea,
1219 3541 1340 3595 qua:
1391 3535 1724 3597 supersunt,
1773 3527 2000 3582 demon-

426 3618 649 3672 stranda
679 3617 1014 3686 progrediar.

501 3771 590 3828 69.
629 3771 906 3835 Diabolus,
931 3772 1056 3825 dum
1081 3774 1350 3827 ueritatem
1378 3773 1680 3842 aemulatur,
1705 3776 1900 3830 invexit
1923 3776 2000 3846 [a-

429 3864 578 3916 bulas
606 3865 668 3916 de
701 3863 931 3927 Baccho,
979 3863 1204 3919 Hercule
1233 3876 1281 3920 et
1326 3867 1665 3934 lEsculapio.
1706 3897 1779 3908 —
1824 3868 2002 3924 Probe

432 3956 598 4034 igitur
627 3957 790 4020 scias,
821 3957 1044 4029 Trypho
1067 3961 1168 4028 (sic
1196 3961 1340 4013 enim
1376 3961 1712 4031 pergebam),
1743 3977 1863 4032 qua:
1881 3976 2003 4017 eor-

430 4048 576 4116 rupit
617 4059 673 4102 et
719 4050 1044 4104 adulteravit
1075 4052 1121 4106 is
1147 4053 1236 4120 qui
1282 4052 1482 4106 dicitur
1528 4053 1795 4121 diabolus,
1839 4064 2002 4124 atque

430 4151 489 4193 ιιι
524 4140 667 4208 apud
704 4140 922 4196 Graecos
955 4155 1337 4209 narrarentur,
1368 4135 1618 4214 perfecit,
1651 4147 2002 4214 quemadmo-

428 4230 554 4282 dum
605 4240 659 4284 et
691 4247 785 4298 per
817 4247 1002 4300 magos
1044 4232 1097 4286 in
1129 4232 1366 4302 Egypto
1407 4243 1461 4288 et
1509 4250 1603 4302 per
1652 4236 1834 4297 falsos.
1872 4237 2002 4292 Elia:

433 4332 691 4390 tempore,
724 4324 1014 4391 prophetas
1041 4335 1298 4393 operatus
1335 4335 1437 4388 est,
1466 4326 1551 4380 his
1578 4342 1753 4380 meam
1777 4328 1828 4382 in
1854 4327 2002 4384 Scri-

430 4415 604 4484 ptnris
639 4415 1046 4484 intelligentiam
1074 4426 1128 4470 et
1157 4416 1315 4470 ﬁdem
1343 4417 1680 4471 conﬁrmari.
1707 4417 1842 4472 Nam
1874 4435 1998 4474 enm

428 4507 700 4562 Bacchum
726 4523 790 4562 ex
821 4506 971 4562 Jovis
998 4525 1121 4563 cum
1168 4507 1379 4564 Semele
1422 4511 1818 4566 consuetudine
1847 4512 1999 4582 geni-

503 4681 616 4752 (22)
659 4680 1281 4757 Ἀποκεκαλυμμένως.
1308 4681 1613 4757 Legendttm
1641 4685 2003 4757 ἐπικεκαλυμ-
2035 4691 2079 4745 1)

431 4753 650 4824 μένως,
705 4753 804 4824 v_el
842 4753 1018 4824 potius
1059 4753 1680 4824 παρακεκαλυμμὲνως,
1729 4753 2006 4810 existimat

428 4821 678 4876 eruditus
709 4821 1013 4875 Tltirlbius.
1058 4821 1199 4875 Nihil
1237 4821 1838 4891 prorsusmutandum,
1885 4843 2008 4881 cum

431 4896 651 4947 verbum
683 4892 1053 4945 ἀποκαλύπτω
1091 4908 1475 4961 nonnunquam
1507 4896 1644 4947 idem
1677 4896 1746 4947 sit
1775 4911 1838 4948 ac
1886 4899 2007 4951 abs-

426 4964 621 5034 condo.
662 4961 791 5016 Vide
828 4963 965 5016 infra
998 4978 1148 5016 Itllllt.
1172 4962 1262 5015 90.
1285 4994 1357 5034 5—-
1392 4965 2002 5034 'meexwlvyyérwc.

429 5033 522 5086 Sic
569 5032 687 5101 lego
734 5049 830 5101 pro
879 5034 1025 5099 vulg.
1052 5033 1634 5104 ἀποκεκαλυμμένως,
1672 5032 1848 5101 quod,
1880 5032 2002 5092 enin

428 5104 777 5171 signil'icatus
822 5108 1032 5170 (aperte
1071 5116 1090 5155 :
1143 5106 1388 5171 nuspiatu
1434 5120 1560 5156 vero
1605 5106 2001 5171 ἀποκαλύπτω,

431 5173 689 5247 idetn_est
721 5188 784 5226 ac
829 5175 1116 5247 abscondo,
1167 5175 1470 5247 ut__Maran.
1522 5186 1745 5247 temere
1776 5178 2000 5247 statuit)

431 5260 536 5314 non
588 5244 662 5314 in;
692 5260 803 5296 rem
849 5246 1112 5311 (μελάνει,
1159 5245 1312 5298 nullo
1355 5261 1578 5314 prorsus
1628 5245 1785 5300 nimio
1820 5244 1999 5313 potest

428 5312 583 5368 ferri.
630 5313 915 5368 Facillime
964 5325 1142 5367 autem
1185 5316 1293 5368 an}
1333 5312 1386 5369 et
1434 5316 1525 5368 ἐπί
1559 5332 1587 5368 a
1642 5312 1864 5371 librario
1903 5332 2004 5372 non

428 5387 564 5439 satis
593 5394 800 5439 attento
824 5385 1332 5448 confundebantur;
1381 5387 1490 5439 vid.
1517 5387 1820 5451 exemplum
1858 5404 1909 5440 n.
1936 5386 2006 5442 25

431 5454 660 5529 upper.
701 5465 961 5529 praeterea
994 5471 1074 5529 ⁸η.
1119 5457 1260 5529 150°.
1295 5456 1426 5529 Eis).
1569 5456 1846 5529 εἰρημένοι
1879 5458 2003 5529 (se.

427 5525 478 5577 οί
501 5525 741 5597 λόγοι)...
761 5525 1308 5597 ἐπικεκαλυμμένως.
1331 5527 1605 5597 'l‘hirlbius
1626 5525 1730 5580 'en‘r
1758 5525 2007 5597 praeferat

429 5595 1022 5667 παρακεκαλυμμένως
1046 5610 1131 5667 ιε.
1160 5596 1246 5663 76)
1281 5598 1480 5667 nescio.
1511 5595 1687 5667 OTTQ.

503 5665 616 5733 (εὖ)
643 5669 709 5720 "A
733 5665 893 5719 asa.»
915 5667 1009 5718 καὶ
1035 5666 1260 5719 ἕλκειν.
1282 5666 1407 5719 Post
1427 5668 1527 5721 hoc
1562 5666 1781 5722 verbum
1808 5666 2007 5722 subau-

431 5737 686 5810 diendum
716 5736 1018 5810 νομίζουσι,
1045 5754 1107 5810 ac
1143 5736 1427 5802 legendum
1470 5738 1600 5807 πρὸς
1633 5736 1698 5806 ἃς
1733 5739 2006 5810 νομίζουσι

429 5807 691 5862 δύνασθαι
730 5805 1011 5880 ἁρμόζειν.
1055 5807 1404 5862 Smrsctus.
1515 5805 1522 5807 “

2107 1951 2250 2004 οὕτω
2281 1950 2608 2021 γεγράφθαι.
2652 1948 2718 2000 Ἀ
2750 1948 2805 2001 δὲ
2846 1946 2911 2000 ἂν
2957 1944 3050 1998 καὶ
3096 1945 3275 1998 ’ἐλκειν
3324 1945 3437 2014 (25)
3493 1946 3626 2015 πρὸς
3658 1944 3694 1998 ἃ,

2106 2040 2384 2108 νομίζουσι
2431 2038 2692 2090 δύνασθαι
2727 2034 2990 2106 ἁρμόζειν
3024 2034 3258 2105 πράξεις
3298 2033 3692 2106 ἀνθρωπείως,

2106 2131 2274 2184 ταῦτα
2306 2130 2405 2181 οὐκ
2451 2132 2529 2192 είς
2563 2129 2748 2182 τοῦτον
2782 2127 2872 2180 τὸν
2905 2125 3174 2196 ἡμέτερον
3221 2125 3428 2196 Ἰησοῦν
3464 2127 3707 2198 Χριστὸν-

2104 2219 2354 2290 είρῆσθαι
2387 2219 2654 2287 λέγουσιν,
2689 2217 2802 2271 ἀλλ’
2837 2219 2916 2279 εἰς
2947 2216 3004 2268 ὃν
3038 2217 3191 2269 αὐτοὶ
3225 2215 3541 2285 ἐξηγεῖσθαι
3576 2218 3706 2269 ἐπι-η

2105 2311 2400 2382 χειροῦσιν.
2451 2311 2662 2362 Ὀποῖον
2696 2308 2792 2360 καὶ
2824 2307 2923 2376 τὴν
2957 2307 3178 2377 Γραφὴν
3212 2307 3433 2377 ταύτην,
3474 2307 3601 2378 περὶ
3629 2300 3695 2378 ἦς

2103 2405 2137 2472 ή
2183 2402 2277 2456 νῦν
2320 2399 2504 2471 ὁμιλία
2550 2400 2731 2461 ἐστὶν,
2782 2397 3028 2463 ἐδίδαξαν
3087 2398 3266 2464 ὑμᾶς,
3315 2397 3571 2466 λέγοντες
3616 2399 3705 2462 είς·

2116 2493 2365 2558 Ἐζεκίαν
2428 2492 2601 2562 αὐτὴν
2663 2489 2942 2562 εἰρῆσθαι’
3000 2489 3169 2560 ὅπερν
3218 2489 3293 2552 ὡς
3339 2491 3703 2561 ὑπεσχόμηνν

2103 2583 2368 2650 ἀποδείξω
2397 2581 2686 2653 ψεύδεσθαι
2735 2579 2950 2644 αὐτούς.
2995 2582 3090 2644 “Ac;
3123 2581 3168 2631 δ’
3212 2581 3277 2633 ἂν
3310 2580 3563 2652 λέγωμεν
3595 2582 3696 2635 αύ-

2102 2679 2215 2740 τοῖς
2271 2674 2517 2746 Γραφὰς,
2554 2673 2609 2726 αἶ
2656 2673 2949 2744 διαρρήδην
2982 2673 3070 2726 τὸν
3116 2673 3346 2744 Χριστὸν
3393 2674 3492 2730 καὶ
3526 2675 3695 2746 παθη-

2101 2768 2192 2819 τὸν
2235 2767 2332 2819 καὶ
2380 2765 2749 2838 προσκυνητὺν
2795 2764 2887 2817 καὶ
2934 2764 3066 2817 Θεὸν
3113 2764 3581 2828 ἀποδεικνύουσιν,
3630 2767 3701 2830 ἃς.

2102 2860 2196 2913 καὶ
2245 2858 2688 2930 προανιστὸρησα
2738 2857 2886 2928 ύμῖν,
2936 2855 3137 2920 ταύτας
3188 2859 3268 2921 εἰς
3314 2857 3550 2927 Χριστὸν
3598 2857 3695 2929 μὲν

2103 2951 2354 3022 εἰρῆσθαι
2404 2949 2839 3020 ἀναγκαζόμενοι
2889 2947 3257 3011 συντίθενται,
3306 2948 3498 3001 τοῦτον
3530 2948 3586 3002 δὲ
3621 2949 3702 3020 μὴ

2103 3039 2241 3095 εἶναι
2275 3043 2365 3095 τὸν
2399 3041 2634 3112 Χριστὸν
2667 3039 2905 3110 τολμῶσι
2938 3038 3147 3106 λέγειν’
3173 3039 3489 3093 ἐλεύσεσθαι
3515 3039 3570 3092 δὲ
3603 3041 3695 3094 καὶ

2106 3133 2320 3197 παθεῖν,
2357 3133 2452 3186 καὶ
2489 3131 2837 3203 βασιλεῦσαι,
2887 3130 2978 3184 καὶ
3031 3131 3406 3201 προσκυνητὸν
3441 3130 3694 3199 γενέσθαι

2029 3212 2072 3269 C
2104 3224 2237 3277 Θεὸν
2273 3223 2384 3294 (24)
2418 3222 2773 3293 ὁμολογοῦσιν
2793 3237 2807 3250 ·
2843 3221 2981 3292 ὅπερ
3012 3221 3219 3289 γελοῖον
3266 3220 3364 3273 καὶ
3407 3221 3635 3293 ἀνόητον
3666 3222 3694 3274 δ

2103 3315 2306 3386 ὁμοίως
2334 3314 2445 3385 (‘25)
2470 3313 2758 3379 ἀποδείξω.
2797 3313 2936 3365 Ἀλλ’
2971 3312 3094 3365 ἐπεὶ
3129 3311 3452 3379 κατεπείγει
3489 3331 3558 3384 με
3587 3314 3692 3384 (26)

2101 3407 2364 3480 πρότερον
2399 3407 2534 3478 πρὸς
2574 3407 2640 3460 τὰ
2685 3406 2790 3458 ὑπὸ
2838 3406 2929 3458 σού
2965 3408 3023 3459 ἐν
3067 3405 3264 3476 γελοίῳ
3308 3406 3500 3478 τρόπῳ
3545 3411 3692 3480 εξρη-

2103 3499 2243 3568 μένα
2296 3498 2732 3568 ἀποκρίνασθαι,
2789 3497 2925 3568 πρὸς
2991 3495 3164 3550 ταῦτα
3210 3497 3306 3560 τὰς
3373 3498 3692 3569 ἀποκρίσεις

2102 3589 2434 3658 ποιήσομαι,
2485 3585 2582 3639 καὶ
2631 3587 2766 3656 πρὸς
2815 3585 2882 3639 τὰ
2940 3584 3198 3638 ἐπίλοιπα
3246 3587 3304 3649 ὲς
3339 3584 3567 3657 ὕστερον
3598 3588 3693 3651 τὰς

2101 3677 2408 3744 ἀποδείξεις
2439 3677 2614 3731 δώσω.

2172 3772 2258 3827 69.
2298 3767 2370 3824 Εὖ
2407 3771 2514 3824 ίσθι
2548 3765 2660 3834 οἷον,
2699 3761 2744 3822 ὧ
2776 3767 3030 3840 Τρύφων,
3066 3767 3240 3838 λέγων
3275 3769 3568 3840 ἐπέφερον,
3602 3773 3683 3824 ὅτι

2103 3863 2140 3918 ἃ.
2165 3863 2548 3934 παραποιήσας
2581 3863 2608 3914 ὁ
2641 3860 2932 3931 λεγόμενος
2965 3859 3208 3923 διάϐολος
3242 3862 3298 3912 ὲν
3331 3863 3446 3925 τοῖς
3471 3861 3698 3935 Ἕλλησι

2100 3952 2355 4024 λεχθῆναι
2389 3953 2666 4024 ἐποίησεν,
2703 3950 2777 4014 ὡς
2803 3953 2898 4004 καὶ
2929 3951 3015 4006 διὰ
3047 3952 3153 4004 τῶν
3183 3954 3239 4004 ὲν
3274 3952 3543 4025 Αἰγύπτῳ
3587 3955 3689 4026 μά-

2101 4061 2210 4113 γων
2245 4045 2540 4114 ἐνήργησε,
2577 4044 2670 4096 καὶ
2702 4041 2789 4095 διὰ
2821 4041 2928 4094 τῶν
2977 4042 3072 4095 ἐπὶ
3122 4042 3278 4095 Ἠλία
3310 4043 3691 4118 ψευδοπροφη-

2099 4138 2228 4204 τῶν,
2265 4139 2358 4193 καὶ
2406 4138 2582 4193 ταῦτα
2631 4138 2850 4208 βεϐαίαν
2903 4156 3007 4208 μου
3058 4137 3154 4209 τὴν
3204 4141 3261 4191 ὲν
3295 4141 3415 4203 ταῖς
3450 4140 3692 4212 Γραφαίς

2101 4237 2301 4307 γνῶσιν
2348 4240 2443 4292 καὶ
2494 4240 2676 4292 πίστιν
2720 4240 3070 4309 κατέστησεν.
3100 4239 3268 4292 Ὅταν
3299 4238 3408 4310 γὰρ
3444 4237 3692 4290 Διόνυσον

2107 4330 2204 4400 μὲν
2227 4331 2342 4383 υἱὸν
2365 4331 2456 4384 τοῦ
2475 4331 2590 4395 Διὸς
2609 4333 2670 4384 ἐκ
2695 4331 2892 4402 μίξεως
2920 4333 2983 4402 ἢν
3005 4330 3266 4403 μεμίχθαι
3288 4329 3420 4401 (26‘)
3448 4329 3609 4382 αὐτὸν
3625 4331 3691 4398 τῇ

2104 4421 2348 4495 Σεμέλῃ,
2399 4422 2725 4493 γεγενῆσθαι
2790 4422 3024 4491 λέγωσι,
3079 4423 3174 4476 καὶ
3221 4422 3408 4475 τοῦτον
3462 4421 3691 4493 εὑρετὴν

2103 4515 2348 4587 ἀμπέλου
2381 4516 2690 4587 γενόμενον,
2723 4517 2817 4569 καὶ
2842 4513 3315 4586 διασπαραχθέντα
3348 4513 3445 4567 καὶ
3482 4512 3690 4567 ἀποθα-

2179 4685 2290 4756 (Ξί)
2331 4688 2437 4740 Kal
2491 4685 2916 4758 προσκυνητόν
2981 4687 3268 4758 γενέσθαι
3321 4687 3489 4741 Θεόν.
3541 4685 3690 4758 Cong

2101 4752 2228 4824 jieit
2275 4752 2543 4811 eruditu;
2602 4752 3193 4812 Lomlinensis'editor
3260 4757 3545 4822 legendum
3599 4752 3692 4808 καὶ

2103 4827 2262 4890 Θεόν,
2299 4829 2424 4894 quia
2466 4827 2625 4894 paulo
2667 4837 2796 4879 ante
2824 4836 2877 4879 et
2920 4827 3183 4886 num.64.
3225 4828 3294 4879 ita
3334 4827 3562 4894 legitur;
3596 4825 3687 4878 sed

2101 4897 2392 5020 ξὲιειιιῖἐὲ
2419 4898 2540 4951 aliis
2566 4899 2697 4952 locis
2733 4897 2836 4967 legi
2867 4899 3242 4969 προσκυνητὸν
3265 4897 3419 4961 Θεόν,
3451 4906 3508 4950 ut
3535 4910 3687 4950 num.

2196 4978 2248 5019 et
2391 5005 2406 5020 .

2137 4971 2170 5020 6
2196 4978 2248 5019 et
2282 4969 2406 5020 126.

2173 5036 2284 5106 (25)
2321 5040 2390 5089 "0
2423 5037 2654 5106 ὁμοίως.
2682 5035 2791 5108 Veli
2813 5037 3094 5108 legendum
3125 5036 3352 5108 ἀνόητον
3381 5036 3443 5108 ὃν
3467 5034 3687 5108 ὁμοίως,

2107 5118 2168 5159 ut
2207 5109 2259 5160 in
2310 5109 2441 5160 edit.
2470 5109 2671 5172 Paris,
2715 5107 2793 5161 vel
2831 5107 3121 5161 delendum
3163 5109 3212 5172 ὅ,
3247 5106 3315 5161 ut
3354 5106 3686 5161 existimavit

2108 5177 2454 5247 Sylbnrgius.

2181 5247 2294 5316 (‘26)
2334 5247 2678 5316 Κατεπείγει
2705 5265 2800 5317 με.
2845 5247 3155 5316 Legendnm
3199 5247 3514 5314 pronuntiat
3560 5261 3681 5299 eru-

2105 5317 2251 5388 ditus
2275 5317 2638 5388 LondinenSIs
2662 5322 2838 5370 editor
2868 5318 3290 5388 κατεπείγομαι,
3319 5319 3410 5388 sed
3442 5333 3566 5388 eum
3605 5331 3689 5388 re-

2107 5387 2246 5458 fellit
2294 5388 2411 5456 ipse
2451 5386 2696 5458 Justinus
2735 5388 2826 5456 qui
2861 5391 2934 5440 ait
2966 5407 3017 5442 u.
3051 5384 3120 5440 45
3156 5384 3339 5458 ε’Περ)⁵
3371 5387 3427 5438 δὲ
3463 5386 3554 5439 τού
3593 5384 3688 5454 τῆς

2103 5457 2372 5580 ⁸γενέσεως
2402 5457 2565 5511 αὑτοῦ
2589 5459 2885 5529 μυστηρίου
2920 5458 3018 5530 ἤδη
3054 5459 3235 5526 λέγειν
3269 5457 3689 5525 κατεπείγοντος

2142 5545 2272 5580 ιΥο).

2142 5547 2272 5580 εγω.

2367 5599 2482 5652 ’Ἦν
2507 5598 2810 5666 μεμίχθαι.
2849 5597 3287 5666 Sttbintelligilur
3317 5595 3555 5664 λέγουσι.
3589 5607 3685 5667 nec

2116 5663 2556 5723 semel—occurrit
2584 5663 2866 5720 relativum
2893 5669 2994 5720 ista
3022 5663 3233 5722 ratione
3253 5663 3685 5720 cuminﬁnitivo

2116 5745 2452 5864 imputatum,
2505 5748 2565 5792 ut
2615 5739 2832 5794 erudito
2881 5739 3064 5794 Ultoui
3123 5747 3366 5793 notatum
3414 5749 3516 5794 est.
3580 5735 3680 5790 LII.

2161 5824 2353 5864 Ατεοι.

2161 5824 2353 5866 Ατηοι.
