3962 6262
255 381 353 440 FZ

1262 391 1610 450 DlALOGUS
1641 389 1786 448 CUM
1822 385 2193 444 TBYPHONE
2223 382 2468 441 ΗΠ)Εο

3457 387 3560 443 638

264 503 413 557 νύντα
442 501 788 573 ἀναστῆναι,
825 507 920 571 είς
955 507 1189 578 οὐρανόν
1220 525 1276 561 τε
1310 507 1689 578 ἀνεληλυθέναι
1743 511 1884 562 ἱστο-

1991 513 2102 557 tum
2129 502 2342 566 dicunt,
2370 515 2606 569 eumque
2631 500 2963 556 inventorem
2992 502 3118 557 vitis
3147 501 3336 569 fuisse,
3367 513 3422 558 et
3447 505 3562 563 diu

276 595 531 669 ρῶσι,καὶ
561 592 714 648 οἶνον
752 599 817 650 ἰν
851 601 978 662 τοῖς
1013 601 1327 672 μυστηρίοις
1356 601 1517 654 αὐτοῦ
1554 600 1882 671 παραφέρω-

281 705 355 742 etv
382 688 654 758 (suam
689 691 800 760 τὴν
832 691 1281 762 προλελεγμένην
1315 692 1419 744 ὑπὸ
1438 692 1721 754 Μωῦσέως
1753 693 1884 744 ἀνα-

283 783 569 851 γραφεῖσαν
612 777 829 834 Ἰακὼὸ
863 781 966 834 τοῦ
989 783 1325 853 πατριάρχου
1355 782 1685 854 προφητείαν
1721 800 1883 854 μεμι-

292 871 477 942 μῆσθαι
513 872 680 924 αὑτὸν
711 873 860 937 νοῶ;
895 873 1071 927 Ἐπάν
1115 874 1170 928 δὲ
1209 875 1299 926 τὸν
1345 874 1615 945 Ἠρακλέα
1665 874 1880 945 ἰσχυρὸν

290 963 373 1013 καὶ
404 963 887 1032 περινοστήσαντα
925 963 1108 1016 πᾶσαν
1131 963 1227 1034 τὴν
1252 963 1375 1033 γῆν,
1393 964 1486 1015 καὶ
1515 961 1674 1014 αὑτὸν
1698 960 1778 1031 τῷ
1800 963 1883 1014 Διὶ

286 1053 345 1118 ἐξ
385 1053 1047 1125 Ἀλκμήνηςγενόμενον,
1071 1056 1165 1108 καὶ
1190 1055 1526 1108 ἀποθανόντα
1553 1056 1632 1117 εἰς
1657 1055 1882 1125 οὐρανὸν

286 1145 668 1213 ἀνεληλυθέναι
724 1144 984 1212 λέγωσιν,
1033 1147 1152 1216 οὑχί
1199 1147 1317 1218 τὴν,
1353 1165 1371 1196 ι
1398 1147 1632 1218 ’ἰσχυρὸν
1663 1146 1770 1216 (‘28)
1807 1146 1883 1210 ὡς

291 1235 441 1302 γίγας
487 1234 729 1305 δραμεῖν
781 1235 903 1288 ὁδὸν
952 1237 1138 1300 αὑτοῦ,
1167 1257 1185 1288 ι
1213 1237 1343 1310 περὶ
1367 1237 1601 1307 Χριστοῦ
1626 1237 1882 1307 λελεγμέ-

288 1344 377 1395 vra
413 1327 646 1398 Γραφὴν
694 1327 898 1398 ὁμοίως
950 1328 1290 1399 μεμιμῆσθαι
1335 1328 1475 1393 νοῶ;
1505 1329 1672 1381 Ὅταν
1710 1329 1765 1381 δὲ
1792 1329 1882 1382 τὸν

303 1415 629 1486 Ἀσκληπιὸν
664 1419 898 1488 νεκροὺς
927 1419 1297 1489 ἀνεγείραντα,
1329 1419 1422 1472 καὶ
1446 1417 1516 1472 τὰ
1557 1419 1690 1474 ἄλλα
1737 1419 1883 1490 πάοη

290 1507 710 1579 θεραπεύσαντα
779 1511 1095 1584 παραφέρῃ,
1154 1511 1272 1581 οὐχὶ
1318 1511 1417 1574 τὰς
1469 1512 1596 1581 περὶ
1648 1511 1882 1581 Χριστοῦ

288 1603 485 1672 ὁμοίως
513 1603 862 1674 προφητείας
892 1604 1235 1675 μεμιμῆσθαι
1263 1604 1452 1659 τοῦτον
1477 1607 1568 1659 καὶ
1591 1606 1681 1658 ἐπὶ
1709 1605 1883 1675 τούτῳ

293 1694 458 1762 emat;
489 1693 650 1745 Ἐπεὶ
699 1693 757 1746 δὲ
797 1695 898 1748 οὐκ
939 1697 1267 1768 ἀνιστόρησα
1292 1698 1429 1768 πρὸς
1464 1699 1607 1768 ὑμᾶς
1630 1698 1884 1766 τοιαύτην

289 1786 504 1856 Γραφὴν
614 1788 873 1858 σημαίνει
905 1789 998 1841 τὸν
1032 1790 1262 1860 Χριστὸν
1291 1789 1461 1843 ταῦτα
1487 1792 1753 1862 ποιήσειν,
1789 1793 1885 1846 καὶ

1983 603 2224 664 cerptum
2285 609 2348 646 ac
2388 603 2659 647 mortuum
2707 593 3073 647 resurrexisse
3136 607 3200 647 ac
3245 593 3302 647 in
3361 597 3559 649 calum

1983 686 2300 740 ascendisse
2332 683 2641 753 perhibent,
2671 694 2725 737 et
2757 683 2942 736 vinum
2974 682 3024 735 in
3058 682 3176 753 ejus
3194 685 3448 754 mysteria
3477 685 3563 738 in-

1983 779 2209 838 ducunt,
2239 790 2420 829 nonne
2473 775 2788 844 praedictum
2849 774 2977 827 illud
3025 773 3214 828 Jacobi
3253 777 3557 843 oraculum,

1979 874 2126 944 quod
2148 872 2364 943 Moyses
2397 871 2599 924 litteris
2629 871 2930 933 mandavit,
2954 886 2981 922 a
3011 869 3229 922 diabolo
3251 870 3561 926 imitatione

1981 979 2299 1034 expressum
2337 962 2620 1030 intelligo?
2646 963 2782 1016 Cum
2811 971 2994 1020 autem
3026 959 3314 1015 Herculem
3358 959 3559 1013 fortem

1983 1057 2154 1112 fuisse
2181 1067 2236 1112 et
2268 1067 2439 1112 totum
2468 1057 2654 1111 orbem
2690 1066 2956 1110 terrarum
2991 1067 3314 1122 peragrasse
3347 1053 3560 1115 dicunt,

1983 1148 2342 1216 eamdemque
2365 1146 2483 1201 Jovi
2519 1161 2586 1202 ex
2610 1147 2872 1201 Alcmene
2894 1145 3159 1215 genitum,
3185 1153 3240 1197 et
3273 1155 3393 1212 post
3418 1156 3564 1195 mor-

1986 1249 2091 1295 tem
2125 1241 2176 1293 iu
2208 1240 2408 1294 cu'lum
2435 1239 2778 1302 ascendisse,
2806 1252 2986 1290 nonne
3014 1236 3353 1303 Scripturam
3391 1234 3560 1299 illam,

1985 1348 2104 1400 qua:
2131 1333 2199 1386 de
2223 1331 2442 1385 Christo
2471 1330 2600 1384 dicit
2633 1347 2647 1382 :
2687 1348 2705 1380 ι
2735 1327 2914 1383 Fortis
2943 1337 3001 1380 ut
3031 1327 3184 1396 gigas
3223 1325 3293 1378 ad
3336 1339 3565 1378 curren-

1985 1424 2110 1478 dum
2143 1423 2284 1475 viam
2315 1436 2470 1477 suam
2489 1421 2558 1486 9",
2590 1440 2608 1470 ι
2646 1420 2898 1475 similiter
2947 1434 3069 1472 eum
3104 1417 3375 1470 imitatum
3405 1415 3563 1470 intel-

1985 1516 2133 1586 ligo?
2161 1516 2295 1570 Cum
2330 1524 2510 1568 autem
2539 1513 2912 1583 Esculapium
2949 1523 3195 1566 mortuos
3230 1511 3561 1565 exeitantem

1987 1617 2040 1663 et
2085 1608 2222 1662 alios
2261 1607 2482 1661 morbos
2506 1614 2790 1659 curantem
2831 1602 3078 1666 inducit,
3112 1615 3290 1656 nonne
3325 1601 3468 1654 edita
3497 1603 3565 1654 de

1985 1695 2206 1751 Christo
2237 1694 2499 1748 vaticinia
2534 1693 2586 1748 in
2621 1693 2724 1747 hoc
2751 1707 2967 1762 quoque
2997 1691 3252 1746 similiter
3285 1691 3563 1744 imitatum

1985 1789 2265 1842 dixerim?
2290 1787 2396 1844 Sed
2440 1788 2567 1855 quia
2596 1785 2798 1840 nullam
2827 1785 2982 1838 vobis
3012 1782 3278 1852 ejusmodi
3313 1782 3564 1850 Scriptu-

291 1877 413 1944 μιᾶς
435 1876 588 1936 τινὸς
619 1877 937 1944 ἀναγκαίως
962 1877 1455 1951 ἐπιμνησθήσομαι·
1471 1880 1529 1948 ἐξ
1550 1876 1618 1954 ἧς
1643 1883 1737 1935 καὶ
1761 1900 1885 1937 συν-

1990 1890 2103 1930 ram
2135 1875 2451 1944 attuli,qu:e
2479 1874 2756 1929 Christum
2781 1874 2894 1928 haec
2920 1871 3194 1926 facturum
3221 1873 3563 1926 demonstra-

288 1970 420 2019 εἶναι
462 1969 601 2036 ὑμῖν
645 1968 893 2032 δυνατὸν,
931 1969 1048 2033 πῶς
1096 1972 1188 2023 καὶ
1224 1975 1336 2035 τοῖς
1371 1974 1600 2044 ἐρήμοις
1630 1973 1883 2043 γνώσεως

289 2058 440 2122 Θεοῦ,
471 2059 623 2127 λέγω
645 2060 706 2112 δὲ
732 2063 844 2124 τοῖς
871 2061 1104 2127 ἔθνεσιν,
1128 2065 1176 2116 οἳ
1205 2066 1298 2117 καὶ
1324 2066 1633 2138 ὀφθαλμοὺς
1670 2069 1884 2139 ἔχοντες

287 2151 379 2219 οὐχ
405 2150 622 2220 ἐώρων,
646 2152 770 2205 οὐδὲ
795 2153 1020 2222 καρδίαν
1049 2153 1261 2224 ἔχοντες
1285 2157 1556 2225 συνίεσαν,
1573 2159 1644 2213 τὰ
1669 2160 1728 2227 ἐξ
1752 2161 1884 2233 ὕλης

287 2243 794 2312 κατασκευάσματα
841 2243 1345 2315 προσκυνοῦντες,ό
1387 2249 1545 2318 λόγος
1590 2252 1884 2322 προέλεγεν

285 2333 594 2402 ἀρνηθῆναι
620 2334 786 2398 αὐτὰ,
809 2335 904 2389 καὶ
924 2335 1160 2400 ἐλπίζειν
1187 2339 1280 2392 ἐπὶ
1303 2340 1489 2394 τοῦτον
1511 2343 1604 2395 τὸν
1625 2345 1879 2416 Χριστόν.

283 2420 511 2491 Εἴρηται
551 2421 612 2475 δὲ
654 2422 834 2486 οὕτως
853 2441 866 2454 ·
903 2443 920 2475 ι
945 2425 1309 2498 Εὐφράνθητι,
1339 2429 1544 2501 ἕρημος
1576 2435 1608 2504 ἡ
1633 2432 1844 2502 διψῶσα
1864 2452 1878 2466 ο

283 2512 636 2580 ἀγαλλιάσθω
681 2513 910 2584 ἔρημος,
940 2518 1033 2570 καὶ
1083 2519 1370 2583 ὲξανθείτω
1413 2523 1488 2586 ὡς
1536 2524 1748 2595 κρίνον·
1790 2527 1884 2580 καὶ

284 2604 594 2676 ἐξανθήσει,
621 2607 720 2658 καὶ
744 2607 1132 2674 ἀγαλλιάσεται
1161 2611 1227 2664 τὰ
1250 2611 1433 2683 ἔρημα
1461 2613 1555 2666 τοῦ
1581 2616 1847 2687 Ἰορδάνου
1865 2635 1878 2647 ·

284 2700 373 2751 καὶ
403 2701 436 2770 ἡ
463 2699 594 2763 δόξα
637 2699 733 2753 τοῦ
773 2701 1006 2755 Λιϐάνου
1048 2704 1200 2774 ἐδόθη
1229 2705 1387 2776 αὐτῇ,
1423 2707 1574 2778 καὶὴ
1618 2708 1752 2778 τιμὴ
1786 2708 1882 2762 τοῦ

287 2792 609 2862 Καρμήλου.
631 2793 744 2845 Καὶ
765 2795 794 2845 ό
823 2791 950 2857 λαός
980 2811 1080 2864 μου
1110 2795 1296 2864 ὅψεται
1319 2797 1380 2849 τὸ
1400 2796 1534 2867 ὕψος
1559 2799 1765 2869 Κυρίου
1789 2801 1884 2854 καὶ

285 2882 382 2953 τὴν
409 2883 570 2949 δόξαν
608 2884 708 2936 τοῦ
737 2884 896 2937 Θεοῦ.
927 2886 1226 2956 Ίσῃίσατε,
1268 2892 1447 2960 χεῖρες
1472 2889 1755 2962 ἀνειμέναι
1788 2893 1884 2946 καὶ

284 2977 481 3042 γόνατα
503 2976 790 3048 παραλελυ
799 2979 951 3048 μένα.
976 2980 1404 3051 Παρακαλεῶθε,
1423 2984 1469 3036 oi
1489 2983 1793 3055 όλιγόψυχοι
1816 2988 1880 3056 τῇ

285 3066 510 3137 καρδία·
555 3067 841 3136 ἰσχύσατε,
875 3067 949 3139 μὴ
999 3069 1271 3136 φοϐεῖσθε.
1309 3071 1443 3124 Ἰδοὺ
1487 3072 1516 3123 ό
1556 3071 1689 3136 Θεὸς
1726 3071 1882 3143 ἡμῶν

287 3160 462 3229 κρίσιν
487 3160 894 3213 ἀνταποδίδωσι
920 3162 1015 3213 καὶ
1040 3160 1426 3215 ἀνταποδὼσει.
1451 3163 1620 3226 Αὐτὸς
1643 3163 1762 3234 ἥξει
1788 3164 1882 3218 καὶ

1910 3213 1956 3274 C

286 3249 445 3302 σώσει
490 3252 669 3320 ἡμᾶς.
701 3251 836 3304 Τότε
876 3251 1285 3324 ἀνοιχθήσονται
1330 3253 1598 3325 ὀφθαλμοὶ
1642 3255 1880 3325 τυφλῶν,

285 3343 374 3392 καὶ
400 3335 516 3394 ὦτα
545 3341 756 3410 κωφῶν
786 3343 1128 3398 ἀκούσονται.
1145 3345 1276 3398 Τότε
1309 3347 1512 3401 ἁλεῖται
1534 3347 1608 3412 ὡς
1635 3347 1830 3416 ἔλαφος
1859 3351 1889 3401 ὁ

285 3433 471 3499 χωλὴ,
503 3433 601 3486 καὶ
651 3433 828 3505 τρανῆ
869 3434 1022 3488 ἔσται
1063 3434 1286 3503 γλῶσσα
1316 3436 1620 3506 μογιλάλων
1640 3455 1653 3467 ·
1683 3438 1764 3490 ὅτι
1798 3438 1890 3509 ἐρ-

287 3525 426 3594 ράγη
462 3527 524 3577 ἐν
557 3525 762 3597 ἐρήμῳ
789 3524 955 3596 ὕδωρ,
977 3527 1071 3579 καὶ
1098 3526 1316 3598 φάραγξ
1343 3529 1400 3580 ὲν
1425 3531 1492 3598 τῇ
1514 3527 1724 3599 διψώσῃ
1753 3528 1884 3598 (29),

286 3617 377 3670 καὶ
422 3619 456 3687 ἡ
506 3616 743 3686 ἄνυδρος
785 3616 938 3670 ἐσται
976 3618 1058 3682 είς
1101 3618 1193 3690 ἕλη
1217 3634 1230 3647 ·
1267 3620 1361 3672 καὶ
1394 3621 1475 3683 είς
1507 3618 1748 3689 διψῶσαν
1780 3619 1887 3690 γῆν

463 3709 666 3771 ὕδατος
692 3707 870 3762 ἔσται.
898 3728 916 3760 ι
946 3708 1102 3781 [Ιηγὴ
1131 3709 1320 3772 ὓδατος
1355 3709 1554 3774 ζῶντος
1579 3709 1729 3780 παρὰ
1750 3709 1884 3762 Θεοῦ

288 3799 344 3849 ἐν
388 3802 456 3869 τῇ
484 3800 710 3869 ἐρήμῳ,
746 3797 1000 3865 γνώσεως
1033 3800 1192 3861 Θεοῦ,
1221 3804 1286 3872 τῇ
1322 3799 1427 3852 τῶν
1461 3799 1630 3852 ἐθνῶν
1659 3803 1728 3871 γῇ
1763 3800 1887 3853 ἀνέ-

293 3890 484 3943 ελυσεν
518 3885 681 3952 οὗτος
723 3890 755 3940 ό
793 3891 1058 3962 Χριστός⁸
1095 3892 1154 3955 ὃς
1189 3893 1282 3945 καὶ
1329 3893 1386 3945 ἐν
1429 3890 1505 3962 τῷ
1537 3891 1686 3960 γένει
1734 3890 1888 3962 ὑμῶν

355 4029 404 4060 ’⁸
429 4024 582 4080 Psal.
619 4039 780 4089 xvttt,
804 4024 861 4082 6.

375 4139 472 4208 27)
514 4141 628 4195 Kal
663 4136 898 4193 οἶνον...
937 4135 1376 4208 παραφέρωιῃν.
1419 4133 1663 4208 Uterque
1694 4135 1884 4208 codex

291 4205 462 4265 habet
503 4212 574 4264 ad
626 4211 929 4278 marginem
966 4210 1060 4262 mi.
1092 4209 1233 4260 ὄνον.
1272 4205 1578 4278 Sicetiatn
1607 4205 1883 4278 Robertus

292 4281 612 4346 Stephanus
640 4279 709 4334 ad
748 4275 976 4334 calcem.
1014 4280 1122 4333 Sed
1166 4278 1226 4346 in
1245 4275 1503 4346 Apologia
1533 4291 1573 4339 ι,
1611 4292 1760 4331 num.
1791 4277 1886 4340 54,

295 4342 658 4421 probavimus
698 4350 986 4421 legendum
1019 4364 1139 4403 esse
1176 4342 1336 4399 οἶνον.
1372 4342 1605 4400 verbum
1635 4347 1888 4421 παραφέη

293 4417 407 4492 pm
439 4423 661 4474 videtur
682 4421 785 4492 hoc
812 4418 1116 4492 locohidem
1149 4430 1346 4492 sonare
1387 4430 1467 4492 ac_
1489 4426 1687 4492 printer
1724 4417 1884 4492 laset

291 4486 584 4545 ieritatem
621 4491 897 4558 inducere.
933 4488 1026 4544 Sic
1060 4488 1219 4558 paulo
1269 4496 1390 4556 post
1436 4486 1502 4538 de
1538 4488 1729 4558 eodem
1763 4488 1884 4558 dia-

291 4561 417 4614 bolo
451 4561 667 4615 εὈταν
699 4556 757 4613 δὲ
783 4555 1288 4630 τὺνἈσκληπιὸν...
1328 4555 1646 4626 παραφέρῃ.
1685 4555 1886 4630 Eodem

293 4634 466 4684 verbo
497 4635 673 4684 utitur
707 4630 856 4695 Apol.
888 4647 923 4694 ι,
961 4627 1109 4683 num.
1143 4629 1234 4682 54.
1268 4629 1455 4696 Itaque
1491 4627 1743 4680 assentiri
1779 4641 1888 4680 non

295 4717 521 4768 possum
549 4703 770 4755 erudito
795 4701 1040 4754 Thirlbio
1065 4698 1444 4768 pronuntianti
1474 4696 1889 4768 omninolegen—

295 4766 421 4824 dum
453 4770 598 4834 ὖνον,
627 4783 673 4824 et
704 4787 798 4839 pro
832 4766 1884 4841 rapgeépwct,_7teptoépwct.—'Qr01~.

301 4841 469 4895 Codd.
506 4857 641 4895 mss.
674 4837 728 4895 et
759 4842 890 4894 editi
916 4837 1083 4895 οἶνον.
1121 4842 1190 4893 At
1225 4837 1488 4900 hic—vero,
1528 4838 1882 4905 quemadmo-

301 4912 428 4963 dum
472 4912 526 4965 in
563 4912 684 4965 loco
717 4911 977 4978 parallelo
1004 4911 1158 4979 Apol.
1193 4925 1232 4974 I,
1267 4923 1413 4962 num.
1438 4906 1528 4970 54,
1560 4915 1640 4960 est
1667 4908 1890 4979 omnino

302 4983 651 5034 scribendum
686 4982 827 5044 ὄνον,
862 4983 1004 5049 quod
1051 4978 1106 5035 et
1155 4992 1385 5047 uterque
1430 4979 1554 5031 cod.
1590 4986 1760 5029 Iustus
1817 4978 1885 5030 ad

303 5053 610 5121 marginem
663 5055 827 5106 habet
858 5063 914 5104 et
951 5053 1208 5114 editores,
1233 5050 1455 5102 Marano
1471 5057 1889 5121 excepto,__pro-

304 5115 453 5174 bant'.
478 5124 720 5176 Constat
743 5125 956 5176 asinum
983 5122 1198 5176 Baccho
1221 5134 1438 5174 sacrmn
1461 5118 1650 5171 fuisse.
1683 5115 1891 5171 Plinius

303 5190 445 5244 Hist.
476 5203 592 5244 nat.
619 5208 768 5255 xxiv,
806 5210 855 5248 c.
896 5192 922 5244 1
955 5195 1072 5261 (ed.
1103 5190 1298 5252 Paris.,
1330 5198 1462 5261 tom.
1492 5186 1583 5261 IV)
1604 5228 1618 5248 .
1653 5202 1706 5254 p.
1735 5188 1841 5240 504
1873 5205 1888 5241 :

309 5280 326 5308 ι
357 5261 569 5316 Ferulae
615 5264 789 5316 asinis
819 5259 1136 5333 gratissimo
1171 5272 1298 5316 sunt
1326 5259 1379 5313 in
1411 5259 1644 5333 pabulo,
1675 5261 1892 5311 caeteris

304 5347 429 5384 vero
455 5337 728 5397 jutncntis
756 5331 1132 5400 praasentaneo
1174 5345 1420 5394 veneno;
1458 5345 1563 5395 qua
1615 5331 1682 5381 de
1727 5343 1890 5400 causa

306 5403 356 5454 it
386 5403 589 5455 animal
641 5399 839 5458 Libero
871 5403 1021 5457 Patri
1054 5403 1386 5470 assignatur,
1417 5401 1500 5454 cui
1543 5407 1599 5452 et
1642 5399 1832 5470 ferula.
1868 5417 1887 5449 ι

306 5472 619 5527 l’huruutus
666 5476 741 5526 De
787 5484 903 5526 nat.
937 5477 1110 5532 deor.,
1146 5467 1197 5539 μῖ
1235 5472 1322 5534 77,
1363 5473 1448 5523 ed.
1483 5470 1605 5539 Ald.
1635 5488 1648 5522 ;
1683 5470 1745 5520 Ui
1781 5467 1892 5522 ὄνοι

303 5542 360 5614 ἐν
377 5546 497 5606 ταῖς
517 5547 770 5614 πομπαῖς
801 5543 968 5598 αὑτοῦ
991 5549 1091 5613 (sc.
1107 5538 1380 5613 Διονύσου)
1411 5538 1720 5614 θαμίζουσι.
1743 5541 1894 5614 Adde

304 5610 500 5683 Hygini.
532 5610 690 5668 Poet.
716 5627 923 5670 astron.
945 5610 1236 5684 (Mythogr.
1269 5610 1388 5678 lat},
1417 5614 1504 5667 ed.
1542 5610 1890 5677 Amstelod.).

307 5699 356 5750 μ.
393 5685 516 5737 598.
552 5689 730 5740 Uno.

374 5758 487 5820 (τις)
528 5755 828 5824 Ἰσχυρόν.
875 5754 1100 5822 Legitur
1135 5753 1354 5824 ἰσχυρός
1386 5753 1436 5822 in
1464 5751 1617 5824 Apol.
1649 5769 1682 5814 ι,
1713 5768 1768 5804 n.
1800 5748 1889 5824 54,

308 5826 394 5878 Ibi
424 5822 1096 5898 eadempertractautur.
1137 5822 1245 5882 seu
1267 5822 1326 5880 in
1361 5827 1462 5880 hac
1491 5822 1672 5893 Apol.,
1704 5837 1756 5876 ιι.
1801 5822 1892 5889 40,

1987 1976 2106 2035 ret,
2141 1967 2460 2022 necessario
2490 1966 2730 2034 aliquam
2778 1981 2940 2018 uuam
2984 1965 3449 2031 commemorabo,
3495 1979 3563 2018 ex

1985 2075 2090 2130 qua
2119 2057 2423 2127 intelligere
2453 2055 2727 2124 poteritis,
2751 2053 3024 2122 quomodo
3048 2054 3214 2107 etiam
3248 2050 3567 2105 hominibus

1986 2153 2160 2206 instar
2185 2149 2408 2216 deserti,
2430 2159 2690 2218 quantum
2721 2146 2788 2200 ad
2819 2146 2910 2199 Dei
2935 2146 3311 2215 cognitionem
3343 2143 3564 2206 attinet,

1985 2257 2105 2298 sese
2139 2240 2468 2295 habentibus
2500 2239 2725 2308 (gentes
2759 2235 3070 2304 intelligo),
3103 2237 3196 2305 qui
3241 2233 3428 2290 oculos
3472 2234 3568 2287 ha-

1985 2333 2175 2388 bentes
2205 2348 2310 2387 non
2343 2331 2623 2392 videbant,
2659 2338 2713 2384 et
2739 2343 2836 2382 cor
2864 2326 3131 2381 habentes
3158 2341 3265 2380 non
3297 2323 3564 2392 intellige-

1983 2427 2136 2492 bant,
2170 2423 2462 2480 simulacra
2495 2438 2563 2477 ex
2611 2423 2836 2477 materia
2885 2419 3181 2476 fabrefacta
3235 2419 3554 2480 adorantes;

1985 2518 2278 2589 quomodo,
2329 2516 2576 2585 inquam,
2622 2515 2704 2569 his
2742 2514 3025 2582 Scriptura
3066 2510 3394 2581 prtenuutiet
3427 2509 3564 2573 fore,

1987 2620 2046 2664 ut
2084 2607 2396 2663 simulacris
2425 2608 2674 2661 nuntium
2715 2607 3018 2672 remittant,
3058 2614 3113 2658 et
3152 2603 3204 2657 in
3240 2602 3385 2657 hunc
3413 2599 3570 2654 Chri-

1985 2709 2130 2756 stum
2178 2709 2416 2769 Sperent.
2463 2699 2556 2754 Sic
2601 2707 2782 2752 autem
2819 2712 3078 2767 expressa
3118 2703 3239 2750 est:
3277 2713 3294 2745 ι
3326 2693 3566 2758 Laetare,

1984 2793 2263 2847 desertqu
2288 2791 2516 2855 sitiens;
2550 2787 2788 2842 exsultet
2810 2787 3070 2853 solitudo,
3104 2793 3158 2840 et
3187 2782 3378 2836 ﬂoreat
3408 2785 3566 2850 quasi

1985 2885 2158 2939 lilium
2184 2900 2201 2939 :
2234 2892 2289 2939 et
2319 2877 3104 2938 elllorescentetexsultabunt
3127 2876 3342 2930 deserta
3370 2871 3573 2926 Jorda-

1991 2979 2097 3044 nis,
2135 2985 2189 3031 et
2217 2975 2387 3047 gloria
2417 2974 2608 3030 Libani
2637 2975 2764 3026 data
2791 2982 2876 3025 est
2907 2971 2980 3035 ei,
3012 2977 3067 3021 et
3101 2968 3277 3022 honor
3306 2965 3566 3020 Carmeli.

1987 3072 2054 3127 Et
2114 3069 2347 3140 ponulus
2396 3081 2548 3122 meus
2596 3064 2802 3119 videbit
2845 3060 3189 3115 altitudinem
3243 3056 3455 3111 Domini
3514 3063 3572 3108 et

1987 3162 2212 3234 gloriam
2250 3159 2364 3215 Dei.
2395 3155 2815 3218 Conlortamini,
2845 3166 3038 3206 manus
3083 3149 3323 3203 remissa;
3376 3155 3433 3199 et
3475 3161 3570 3216 ge-

1986 3269 2094 3309 nua
2118 3247 2788 3307 dissoluta.Consolamini
2828 3260 2946 3308 vos,
2975 3240 3362 3312 pusillanimes
3381 3238 3572 3302 corde,

1989 3342 2397 3404 coniortamiui,
2451 3341 2619 3395 nolite
2652 3340 2871 3394 timere.
2913 3336 3053 3390 Ecce
3079 3335 3220 3388 Deus
3253 3343 3442 3386 noster
3477 3330 3568 3399 ju-

1989 3436 2192 3492 dicium
2228 3433 2502 3496 retribuit,
2542 3441 2596 3485 et
2628 3430 2936 3484 retribuet:
2973 3428 3086 3494 ipse
3119 3424 3317 3484 veniet,
3357 3431 3413 3476 et
3457 3420 3570 3476 sal-

1989 3525 2140 3583 vabit
2165 3541 2281 3580 nos.
2315 3523 2468 3578 Tunc
2497 3522 2816 3591 aperientur
2841 3518 2985 3573 oculi
3005 3530 3300 3581 caecorum,
3325 3525 3377 3568 et
3405 3529 3570 3568 aurea

1989 3618 2280 3676 surdornm
2311 3615 2554 3669 audient.
2593 3613 2747 3668 Tunc
2798 3611 2958 3666 saliet
3005 3611 3146 3664 sicut
3176 3621 3372 3662 cervus
3411 3605 3567 3661 clau-

1991 3707 2094 3762 dus
2127 3714 2219 3761 :et
2253 3704 2503 3775 expedita
2531 3704 2635 3758 erit
2660 3702 2836 3772 lingua
2872 3701 3196 3762 halborum;
3241 3697 3366 3766 quia
3397 3696 3568 3751 scissa

1997 3810 2080 3856 est
2108 3799 2160 3853 in
2193 3799 2411 3853 deserto
2444 3811 2609 3866 aqua,
2637 3804 2693 3848 et
2731 3805 2946 3848 torrens
2976 3793 3027 3846 in
3062 3801 3206 3846 terra
3241 3789 3484 3854 sitienti;
3512 3797 3570 3842 et

1995 3891 2103 3946 erit
2137 3890 2402 3959 inaquosa
2433 3889 2486 3942 in
2521 3887 2768 3956 paludes,
2801 3893 2860 3940 et
2883 3885 2937 3939 iu
2987 3883 3211 3939 sitiente
3252 3891 3398 3937 terra
3444 3880 3569 3935 fons

1994 4145 2048 4192 et
2079 4135 2130 4189 in
2165 4132 2412 4205 Dialogo,
2443 4150 2594 4190 num.
2630 4133 2720 4201 64,
2776 4135 3038 4205 habemus
3073 4132 3460 4202 ἀγαλλιάσεται
3495 4130 3571 4194 ὡς

1991 4205 2174 4277 γίγας.
2213 4204 2376 4277 Forte
2405 4205 2531 4258 illud
2575 4204 3206 4277 laxupégexpllcationis
3257 4218 3439 4277 causa
3474 4217 3572 4269 ap-

1991 4273 2231 4345 positum
2267 4291 2297 4329 a
2328 4273 2566 4329 Justiuo.
2607 4273 2714 4329 Sic'
2729 4275 2876 4345 enim
2909 4273 3284 4345 Theudor-etus
3328 4273 3392 4324 ad
3429 4273 3572 4345 hunc

1992 4339 2168 4428 locum
2202 4346 2461 4428 obserVat
2501 4343 2878 4428 sci‘lein.“ac-cit1::li~
2907 4343 2965 4396 δὲ
2999 4343 3058 4428 τὸ
3090 4343 3266 4428 τάχος.
3287 4339 3572 4428 μιμεῖσθαι

1990 4415 2223 4485 γίγαντά
2267 4432 2391 4469 τινα
2437 4415 2576 4484 μετά
2619 4414 2819 4485 πολλῆς
2851 4411 3204 4484 διατρέχοντα
3243 4411 3432 4484 ῥώμης
3477 4411 3574 4485 καὶ

1994 4483 2207 4556 ἰσχύος.
2237 4483 2510 4553 Suspicari
2534 4486 2705 4556 etiam
2737 4483 2935 4552 aliquis
2969 4483 3317 4556 possimus;
3341 4483 3572 4556 prophe-

1994 4551 2096 4610 uiis
2125 4571 2155 4608 a
2181 4551 2395 4609 Jttstitio
2424 4553 2678 4621 conjungi
2705 4594 2721 4618 ,
2754 4551 2946 4621 nempe
2974 4551 3096 4606 etilli
3133 4551 3385 4603 Davidica
3425 4551 3569 4621 illam

1992 4627 2146 4681 Isaia:
2176 4640 2339 4692 supra
2372 4619 2750 4689 memoratam,
2783 4619 2931 4676 num.
2966 4623 3035 4676 26
3063 4641 3076 4676 :
3110 4621 3439 4674 Ἀναϐαίνων
3476 4619 3570 4690 βία

1995 4695 2134 4766 μετὰ
2171 4691 2372 4764 ἰσχύος,
2414 4695 2521 4757 vel,
2569 4705 2627 4749 ut
2665 4695 2886 4764 conjicit
2947 4694 3029 4747 Cl.
3083 4691 3396 4754 'l‘hirlbius,
3440 4695 3574 4744 duas

1994 4766 2277 4818 versiones
2320 4765 2568 4819 llehraici
2601 4775 2783 4818 textus
2808 4772 2990 4822 ‘11:..13.

2067 4835 2180 4905 (‘29)
2218 4834 2325 4888 Kal
2359 4833 2711 4905 scalpri-If}?
2756 4832 2828 4902 τῇ
2862 4832 3122 4900 διψώσῃ.
3163 4828 3328 4897 Langi
3367 4830 3572 4894 versio,

1993 4903 2116 4974 qua:
2149 4903 2201 4958 in
2236 4903 2568 4959 editinuibus
2603 4903 3038 4974 Londinensibus
3071 4911 3282 4974 servata
3320 4909 3425 4960 est,
3452 4915 3576 4974 perf-

1996 4968 2231 5029 absurde
2261 4974 2443 5036 habet,
2470 4992 2488 5025 ι
2511 4985 2566 5029 et
2598 4975 2754 5027 Vallis
2781 4976 2835 5026 in
2860 4972 3156 5026 siticulosa.
3183 4989 3201 5020 ι
3223 4968 3410 5022 Liceat
3442 4970 3572 5021 mihi

1996 5056 2123 5099 nata
2156 5046 2447 5099 occasione
2474 5059 2539 5099 ex
2575 5047 2675 5098 hac
2701 5059 2855 5107 voce,
2889 5043 3063 5094 locum
3100 5042 3152 5092 in
3179 5040 3339 5106 epist.
3379 5039 3444 5094 u
3476 5039 3578 5090 Ba—

1994 5115 2100 5168 silii
2129 5131 2234 5169 non
2269 5115 2404 5169 belle
2432 5132 2459 5167 a
2494 5131 2581 5169 me
2610 5116 2839 5168 reditum
2869 5113 3181 5166 emendare.
3216 5108 3306 5161 Sic
3335 5109 3575 5174 loquitur

1995 5185 2228 5241 Basilius
2272 5185 2623 5240 solitudinem
2667 5200 2820 5236 suam
2861 5181 3176 5234 describens
3211 5198 3225 5232 :
3259 5179 3356 5230 Ἐκ
3387 5177 3442 5229 δὲ
3478 5176 3572 5229 τοῦ

1994 5258 2087 5309 ἐπὶ
2112 5256 2316 5342 θάτερα
2341 5256 2636 5342 τεταμένον
2660 5249 2798 5306 εἶναι
2832 5251 2892 5342 ’,τὸ
2924 5250 3048 5334 ὄρος
3080 5248 3144 5300 δι’
3179 5247 3442 5342 ἀγκένξην
3479 5263 3578 5317 μη..

1995 5327 2210 5380 νοειδῶν
2250 5317 2378 5389 ’ταῖς
2423 5317 2690 5397 φάραγξιν
2737 5317 3212 5397 ἐπιζευγνύμενον,
3251 5318 3319 5372 τὰ
3368 5317 3576 5397 βασιμα

1995 5399 2094 5468 τῆς
2128 5387 2406 5468 ὑπωρείας
2435 5387 2796 5465 ἀποτειχίσει.
2835 5387 3331 5468 ὃίσῐθιιάιειιᾱιιιηι
3369 5405 3388 5436 t
3422 5387 3574 5438 Mutis

1997 5457 2199 5531 autem,
2227 5457 2292 5522 εὶ)
2322 5457 2468 5532 quod
2502 5469 2556 5519 in
2587 5457 2815 5517 alterum
2863 5471 3068 5529 partem
3095 5457 3441 5532 extendatur,
3478 5471 3574 5523 per

1996 5529 2250 5592 curvatos
2271 5529 2548 5590 anlractus
2582 5535 3150 5596 torrentihnsmnctus
3177 5529 3389 5596 pervias
3418 5543 3573 5596 innit-

1999 5611 2068 5662 tis
2108 5611 2322 5662 intimas
2355 5617 2538 5676 partes
2581 5604 2911 5676 intercludit.
2933 5594 3002 5640 L—
3035 5599 3138 5676 ‘Er‘
3169 5594 3264 5676 τῇ.
3302 5598 3392 5676 Sic
3424 5594 3574 5649 solus

2000 5679 2264 5733 Justinus.
2305 5666 2679 5746 septuaginta,
2716 5677 2807 5743 γῇ.
2845 5674 2998 5739 δςιιιιο
3029 5671 3172 5724 enim
3202 5668 3244 5720 Τ
3270 5678 3320 5723 et
3352 5666 3392 5723 Γ
3436 5681 3569 5721 con-

2001 5753 2307 5805 tunduntur
2344 5749 2396 5803 in
2430 5747 2729 5806 couicibus.
2757 5753 2932 5800 Un'o.
