3962 6262
448 369 553 428 659

1406 364 1464 421 9.
1499 364 1762 421 JUSTINI
1798 362 2207 422 I’IIILOSOPHI
2245 363 2333 418 ET
2372 361 2728 419 MARTYRIS

3602 356 3711 419 6w

448 501 602 556 aqua:
629 486 814 542 erit”.
846 504 863 537 ι
888 484 1031 539 Fons
1057 496 1211 551 aqua:
1239 481 1375 535 vivat
1403 495 1432 535 a
1459 481 1569 536 Deo
1594 481 1646 534 in
1672 490 2011 551 terra,quan-

2129 480 2421 549 πέφανται,
2467 479 2562 533 καὶ
2590 479 2713 542 τοὺς
2746 480 2810 530 ὲκ
2842 477 3065 549 γενετῆς
3099 479 3193 531 καὶ
3232 476 3372 531 κατὰ
3402 477 3498 547 τὴν
3525 474 3710 545 σάρκα

453 585 567 628 tum
622 575 688 627 ad
740 574 1108 642 cognitionem
1163 570 1257 624 Dei
1308 579 1537 640 spectat,
1594 571 1755 642 168
1781 571 2021 638 deserta,

447 666 690 735 gentium
726 664 1000 727 videlicet,
1032 662 1317 718 scaturivit
1342 662 1428 716 hic
1452 662 1731 727 Christus,
1764 663 1855 731 qui
1881 671 1936 717 et
1966 663 2021 718 in

446 767 626 811 vestra
660 768 822 826 gente
857 756 1129 825 apparuit,
1167 772 1228 811 ac
1259 757 1506 810 homines
1537 756 1604 809 ab
1646 756 1763 825 ipso
1790 764 1913 810 ortu
1962 764 2020 811 et

446 850 753 904 secundum
815 864 1033 904 carnem
1065 862 1240 902 caecos
1283 857 1333 901 et
1380 846 1576 902 surdos
1602 855 1655 901 et
1677 847 1905 902 claudos
1931 862 2020 901 sa-

446 942 619 1007 navit,
644 940 811 995 verbo
835 955 932 996 suo
963 938 1219 1005 efﬁciens,
1246 950 1303 993 ut
1331 939 1470 993 alius
1494 939 1713 1009 quidem
1746 940 2018 1006 exsiliret,

444 1033 587 1089 alius
617 1034 854 1098 audiret,
894 1033 1034 1086 alins
1062 1033 1291 1085 videret.
1317 1032 1620 1098 Quinetiam
1654 1040 1900 1086 mortuos
1926 1045 2019 1086 ex-

445 1126 715 1179 suscitans
739 1132 794 1179 et
826 1124 949 1178 vitae
984 1126 1304 1187 restituens,
1335 1124 1501 1177 etiam
1531 1138 1597 1175 ex
1630 1124 1890 1191 operibus
1915 1123 2019 1177 hoc

444 1216 621 1270 mines
653 1216 797 1271 illius
823 1217 1001 1270 astatis
1026 1215 1323 1276 excitabat.
1366 1224 1426 1269 nt
1470 1230 1591 1268 eum
1629 1224 2014 1284 agnoscerent.

443 1306 539 1361 Isti
582 1317 759 1361 autem
790 1323 912 1361 cum
960 1308 1073 1362 hsce
1101 1307 1264 1361 etiam
1310 1306 1428 1361 fieri
1462 1307 1730 1373 viderent,
1778 1307 2020 1377 magicas

442 1413 563 1452 esse
595 1400 900 1469 praestigias
932 1398 1224 1463 dicebant;
1258 1412 1380 1451 eum
1408 1397 1551 1450 enim
1588 1412 1802 1465 magum
1830 1407 1880 1451 et
1932 1412 2021 1466 po-

442 1490 548 1557 puli
594 1490 938 1559 deceptorem
983 1490 1164 1545 dicere
1192 1488 1492 1542 audebant.
1536 1487 1661 1543 llaec
1691 1497 1871 1541 autem
1905 1489 2019 1556 ipse

438 1593 505 1632 eo
556 1595 771 1651 quoque
812 1581 1043 1636 consilio
1093 1577 1352 1643 faciebat,
1386 1586 1444 1631 ut
1484 1585 1539 1631 et
1584 1578 1877 1633 credituris
1914 1579 2017 1633 sibi

440 1670 750 1728 hominibus
794 1674 1168 1741 persuaderet,
1199 1669 1414 1724 etiamsi
1444 1669 1568 1737 quis
1604 1669 1787 1739 aliquo
1819 1686 2016 1740 corpo—

2128 572 2336 643 πηροὺς
2355 570 2485 641 (50),
2512 570 2604 622 καὶ
2637 571 2871 637 κωφοὺς,
2898 572 2992 623 καὶ
3024 569 3230 641 χωλοὺς
3259 570 3464 632 ἰάσατο,
3490 567 3579 619 τὸν
3607 570 3710 636 μὲν

2131 664 2403 728 ἆλλεσθαι,
2438 664 2527 716 τὸν
2559 663 2613 715 δὲ
2647 665 2740 716 καὶ
2773 663 3011 728 ἀκούειν,
3045 662 3136 715 τὸν
3168 662 3223 715 δὲ
3250 662 3342 715 καὶ
3374 661 3503 733 ὁρᾷν
3528 659 3605 730 τῷ
3626 659 3713 713 λό-

2124 772 2207 826 γῳ
2254 755 2417 808 αὑτοῦ
2459 756 2709 825 ποιήσας.
2749 755 2859 807 Καὶ
2900 756 3125 825 νεκροὺς
3156 753 3212 805 δὲ
3246 753 3576 822 ἀναστήσας,
3611 750 3711 805 καὶ

2126 848 2225 919 ζῇν
2261 848 2512 918 ποιήσας,
2536 848 2627 899 καὶ
2662 846 2747 899 διὰ
2779 845 2884 898 τῶν
2919 846 3094 918 ἔργων
3129 844 3395 898 ἐδυσώπει
3428 844 3552 907 τοὺς
3585 843 3710 895 τότε

2124 938 2281 1001 ὄντας
2324 937 2661 1009 ἀνθρώπους,
2691 937 2982 1006 ἐπιγνῶναι
3014 938 3198 990 αὐτόν.
3234 940 3295 990 Oi.
3329 937 3384 989 δὲ
3409 937 3503 989 καὶ
3537 936 3711 989 ταῦτα

2122 1028 2357 1099 ὁρῶντες
2390 1029 2674 1099 γινόμενα,
2710 1028 3008 1097 φαντασίαν
3045 1028 3284 1100 μαγικὴν
3317 1026 3562 1095 γίνεσθαι
3592 1027 3713 1081 ἑλε-

2122 1138 2237 1189 γον.
2267 1122 2376 1174 Καὶ
2408 1122 2515 1192 γάρ
2551 1121 2724 1192 μάγον
2762 1117 2900 1174 εἶναι
2936 1120 3100 1173 αὑτὸν
3134 1118 3376 1188 ἐτόλμων
3402 1118 3577 1186 λέγειν
3614 1119 3714 1172 καὶ

2122 1208 2439 1263 λαοπλὰνον.
2477 1210 2647 1273 Αὐτὸς
2694 1209 2751 1262 δὲ
2799 1209 2894 1262 καὶ
2938 1207 3109 1261 ταῦτα
3157 1206 3331 1260 ἐποίει
3377 1205 3575 1258 πείθων
3613 1207 3714 1261 καὶ

2116 1301 2244 1362 τοὺς
2287 1302 2372 1353 ἐπ’
2408 1302 2571 1354 αὐτὸν
2606 1300 2879 1354 πιστεύειν
2920 1300 3210 1371 μέλλοντας
3232 1315 3247 1328 ⁸
3284 1300 3365 1351 ὅτι
3399 1297 3499 1352 κάν
3528 1315 3618 1361 τις
3653 1300 3714 1351 ὲν

2120 1390 2269 1465 λώδῃ
2300 1395 2406 1446 τινὶ
2441 1392 2691 1464 σώματος
2724 1394 3004 1466 ὑπάρχων,
3056 1393 3232 1463 φύλαξ
3270 1392 3377 1446 τῶν
3412 1391 3714 1464 παραδεδο-

2123 1484 2299 1554 μένων
2333 1486 2422 1539 ὑπ’
2448 1486 2613 1540 αὑτοῦ
2648 1486 2985 1557 διδαγμάτων
3012 1484 3251 1559 ὑπάρξῃ,
3281 1484 3573 1556 ὁλόκληρον
3610 1484 3717 1537 αύ-

2122 1578 2212 1630 τὸν
2238 1579 2294 1630 ὲν
2327 1581 2390 1650 τῇ
2417 1579 2646 1649 δευτέρα
2673 1578 2835 1632 αὐτοῦ
2872 1578 3161 1649 παρουσίᾳ,
3188 1578 3326 1649 μετά
3347 1576 3438 1631 τοῦ
3461 1578 3555 1630 καὶ
3574 1574 3716 1631 ἀθά-

2121 1689 2283 1726 νατον
2305 1674 2399 1725 καὶ
2418 1671 2691 1743 ἄφθαρτον
2716 1673 2808 1725 καὶ
2824 1671 3097 1742 άλύπητον
3120 1672 3362 1742 ποιῆσαι,
3380 1671 3585 1740 άναστή
3595 1686 3707 1723 σει.

439 1764 516 1817 ris
540 1764 669 1817 vitio
700 1764 926 1830 laboret,
952 1765 1109 1818 modo
1144 1763 1348 1817 tradita
1380 1777 1408 1815 a
1433 1776 1490 1817 se
1512 1772 1781 1831 prmcepta
1819 1764 2118 1833 custodiat,
2158 1766 2433 1834 integrum
2469 1764 2619 1817 illum
2651 1780 2681 1817 a
2724 1779 2783 1819 se
2849 1765 2902 1819 in
2968 1764 3210 1820 secundo
3272 1780 3374 1818 suo
3437 1763 3712 1828 adventu,

439 1870 503 1911 ac
536 1865 797 1925 praeterea
831 1855 1214 1921 immortalem,
1244 1864 1300 1910 et
1330 1855 1698 1924 corruptionis
1727 1865 1782 1911 et
1811 1856 2014 1912 doloris
2048 1868 2333 1928 expertem
2367 1857 2664 1911 excitatum
2711 1858 2795 1911 iri.

506 1948 595 2003 70.
618 1948 709 2004 Sic
728 1950 884 2003 etiam
913 1948 1123 2003 Mil/me
1145 1950 1397 2018 mysteria
1433 1964 1497 2002 ex
1523 1948 1763 2004 Danielis
1789 1960 1835 2004 et
1859 1948 2011 2004 Isaia

2192 1952 2280 2005 70.
2323 1953 2490 2005 Ὅταν
2522 1952 2578 2005 δὲ
2611 1954 2658 2004 oi
2691 1952 2759 2005 τὰ
2792 1950 2882 2004 τοῦ
2919 1950 3129 2023 Μίθρου
3168 1950 3441 2021 μυστήρια
3473 1950 3712 2021 παραδι-

435 2041 695 2095 vaticiniis
728 2041 955 2095 detorta.
982 2071 1053 2082 —
1076 2040 1209 2095 Cum
1247 2048 1426 2094 autem
1455 2042 1490 2095 ii
1520 2043 1616 2112 qui
1654 2042 1867 2099 Mithrae
1900 2051 2014 2099 tra-

435 2134 573 2187 dunt
620 2134 899 2203 mysteria,
932 2148 1056 2188 eum
1104 2149 1171 2188 ex
1213 2144 1362 2203 petra
1422 2136 1663 2205 genitum
1713 2136 1921 2202 dicunt,
1958 2146 2015 2192 et

430 2222 750 2289 speluncam
802 2234 1001 2279 vocant
1050 2225 1229 2279 locum
1270 2226 1442 2291 illum,
1479 2228 1570 2281 ubi
1605 2227 1673 2281 ab
1706 2243 1773 2283 eo
1805 2229 2010 2283 initiari

432 2316 727 2385 perhibent
774 2331 869 2370 eos
921 2317 1011 2384 qui
1073 2316 1176 2386 ipsi
1229 2319 1491 2385 credunt;
1534 2335 1717 2375 nonne
1766 2321 1852 2375 hic
1895 2320 2014 2375 illos

438 2406 679 2459 imitatos
705 2407 818 2460 scio
850 2406 899 2459 id
924 2408 1067 2476 quod
1097 2423 1125 2460 a
1158 2408 1379 2463 Daniele
1408 2409 1612 2463 dictum
1639 2418 1745 2476 est,
1781 2410 2011 2480 lapidem

430 2499 737 2554 abscissum
772 2514 893 2556 esse
927 2501 1042 2555 sine
1077 2502 1332 2555 nauibus
1380 2518 1446 2556 ex
1502 2519 1699 2573 magno
1730 2512 1932 2569 monte,
1958 2513 2015 2559 et

432 2592 578 2660 quod
624 2592 693 2645 ab
739 2590 873 2646 Isaia
909 2592 1180 2659 similiter,
1231 2592 1385 2661 cujus
1423 2597 1605 2649 omnia
1652 2597 1817 2650 etiam
1848 2599 2010 2652 verba

436 2682 639 2736 imitari
673 2682 851 2736 conati
885 2683 1050 2736 sunt?
1080 2682 1378 2738 Machinati
1428 2686 1575 2739 enim
1619 2697 1764 2752 sunt,
1792 2695 1849 2741 ut
1897 2703 2011 2743 ser-

436 2789 629 2829 mones
674 2774 840 2827 etiam
894 2776 1035 2844 apud
1089 2777 1223 2833 istos
1254 2780 1318 2833 de
1354 2778 1583 2848 iustitia:
1629 2780 2012 2834 observatione

435 2868 788 2923 haberentur.
818 2867 1056 2923 Necesse
1098 2882 1181 2925 est
1234 2882 1415 2926 autem
1464 2871 1616 2927 Isaiae
1660 2874 1824 2927 verba
1854 2874 2011 2928 vobis

432 2957 690 3023 referam,
726 2968 784 3012 ut
813 2974 877 3012 ex
908 2960 1015 3014 illis
1046 2961 1386 3030 perspiciatis
1431 2963 1507 3017 ita
1538 2978 1658 3018 sese
1689 2978 1801 3018 rem
1840 2964 2010 3018 habe-

435 3049 672 3104 re.Snnt
700 3060 881 3105 autem
916 3051 1184 3120 ejusmodi
1212 3070 1226 3108 :
1259 3075 1277 3105 ‹
1308 3055 1525 3120 Audite,
1548 3057 1638 3125 qni
1668 3056 1827 3127 longe
1854 3057 2009 3121 estis,

428 3156 551 3212 quae
587 3141 687 3195 feci
728 3160 742 3196 :
778 3144 975 3206 scient,
1003 3144 1095 3213 qui
1143 3148 1582 3215 appropinquant
1635 3146 2009 3203 fortitudinem

432 3246 633 3288 imam.
683 3231 1072 3298 Recesserunt,
1103 3237 1192 3304 qui
1223 3248 1380 3290 erant
1416 3238 1466 3290 in
1506 3238 1635 3292 Sion
1672 3238 1879 3309 iniqui;
1916 3254 2010 3309 ap-

2114 2044 2297 2107 δόντες
2348 2044 2581 2110 λέγωσιν
2627 2044 2691 2095 ὲκ
2737 2044 2942 2114 πέτρας
2994 2040 3319 2113 γεγενῆσθαι
3362 2042 3560 2107 αὑτὸν,
3612 2044 3713 2098 καὶ

2118 2136 2381 2207 σπήλαιον
2434 2136 2641 2188 καλῶσι
2692 2137 2782 2188 τὸν
2831 2135 2998 2187 τόπον
3032 2134 3158 2187 ἔνθα
3213 2136 3369 2205 μυεῖν
3415 2133 3522 2204 (51)
3578 2136 3714 2199 τοὺς

2116 2228 2469 2297 πειθομένους
2534 2227 2682 2298 αὑτῷ
2744 2225 3145 2297 παραδιδοῦσιν,
3198 2224 3432 2279 ἐνταῦθα
3478 2224 3602 2295 οὐχὶ
3651 2227 3714 2280 τὺ

2114 2317 2406 2388 εἰρημένον
2441 2316 2545 2369 ὑπὸ
2579 2317 2799 2387 Δανιὴλ,
2835 2318 2916 2370 ὅτι
2950 2314 3095 2378 λίθος
3111 2314 3238 2368 ἄνευ
3260 2313 3460 2387 χειρῶν
3484 2314 3709 2387 ἐτμήθη

2114 2410 2170 2473 ἐξ
2201 2408 2359 2480 ὅρους
2387 2408 2645 2478 μεγάλου,
2662 2406 3011 2477 μεμιμῆσθαι
3034 2406 3230 2469 αὐτοὺς
3256 2406 3577 2476 ἐπίσταμαι,
3614 2405 3713 2458 καὶ

2113 2501 2286 2554 ταῦτα
2313 2501 2535 2570 ποιῆσαι
2560 2499 2759 2569 ὁμοίως
2794 2498 2925 2569 (52),
2962 2491 3021 2550 οὗ
3058 2498 3153 2550 καὶ
3185 2498 3312 2561 τοὺς
3344 2498 3533 2566 λόγους
3567 2499 3711 2552 πάν-

2113 2609 2211 2655 τας
2266 2591 2377 2662 (55)
2438 2590 2777 2661 μιμήσασθαι
2824 2590 3227 2662 ἐπεχείρησαν;
3278 2589 3711 2661 Δικαιοπραξίας

2114 2683 2221 2754 γὰρ
2260 2683 2450 2750 λόγους
2497 2682 2591 2734 καὶ
2628 2683 2759 2751 παρ’
2786 2681 3014 2745 ἐκείνοις
3050 2682 3163 2752 (54)
3199 2680 3452 2749 λέγεσθαι
3482 2682 3713 2750 ἐτεχνάρ

2116 2792 2293 2833 σαντο,
2323 2774 2461 2837 Τοὺς
2482 2773 2537 2826 δὲ
2563 2772 2885 2843 εἰρημένους
2909 2772 3101 2841 λόγους
3133 2771 3226 2824 τοῦ
3265 2772 3508 2835 Ἡσαΐου,
3534 2773 3711 2841 ἀναγ-

2114 2868 2285 2932 καίως
2312 2869 2654 2938 άνιστορήσω
2688 2867 2837 2937 ὑμῖν,
2872 2868 3021 2930 ὅπως
3056 2866 3113 2932 ἐξ
3138 2864 3314 2918 αὐτῶν
3342 2864 3514 2933 γνῶτε
3548 2866 3709 2919 ταῦθ’

2113 2959 2282 3024 οὕτως
2316 2961 2478 3032 ἔχειν.
2505 2961 2625 3013 Εἰσὶ
2648 2959 2704 3012 δὲ
2738 2952 2881 3011 οῦτοι
2902 2975 2914 2988 ⁸
2940 2977 2957 3009 ‹
2984 2958 3296 3021 Ἀκούσατε,
3319 2959 3366 3010 οἱ
3398 2956 3709 3028 πόρρωθεν,

2113 3053 2148 3107 ἃ
2168 3053 2416 3124 ἐποίησα·
2436 3050 2753 3121 γνώσονται(
2759 3050 2848 3119 55)
2867 3053 2914 3103 οἱ
2944 3048 3254 3117 ἐγγίζοντες
3268 3049 3365 3120 τὴν
3384 3047 3538 3117 ἰσχύν
3577 3065 3705 3118 μου.

2129 3149 2466 3220 Ἀπέστησαν
2497 3148 2545 3200 οἱ
2574 3149 2630 3199 ὲν
2659 3144 2795 3199 Σιὼν
2829 3145 3018 3215 ἄνομοι
3046 3159 3059 3172 ·
3091 3142 3317 3213 λήψεται
3342 3138 3544 3210 τρόμος
3578 3142 3711 3204 τοὺς

2117 3241 2348 3305 ἀσεϐεῖς.
2386 3241 2481 3304 Τίς
2512 3238 2800 3307 ἀναγγελεῖ
2834 3238 2962 3308 ὑμῖν
3004 3236 3096 3288 τὸν
3128 3234 3291 3286 τόπον
3322 3232 3413 3285 τὸν
3446 3232 3706 3297 αίώνιον;

430 3323 732 3392 prehendet
787 3334 993 3377 tremor
1048 3301 1265 3393 impios.
1303 3327 1434 3393 Quis
1468 3301 1813 3382 annuntiabit
1861 3301 2011 3383 vobis

2119 3301 2483 3404 Πορευόμενον
2530 3333 2586 3384 ὲν
2628 3301 2964 3401 δικαιοσύνῃ,
3000 3326 3264 3380 λαλοῦντα
3311 3324 3525 3378 εὐθεῖαν
3560 3324 3706 3390 ὁδὸν,

434 3414 611 3468 locum
646 3424 907 3469 aeternum
929 3416 951 3469 ?
972 3416 1073 3482 Qui
1096 3417 1339 3472 ambulat
1368 3419 1421 3472 in
1448 3420 1686 3488 justitia,
1711 3421 1802 3489 qui
1840 3420 2013 3499 loqui-

438 3515 526 3559 tur
555 3516 757 3560 rectam
788 3507 951 3572 viam,
1002 3508 1117 3563 odit
1170 3511 1533 3580 iniquitatem,
1566 3520 1620 3567 et
1663 3513 2009 3582 iniustitiam,

433 3602 489 3649 et
539 3611 733 3650 manus
786 3612 950 3666 purus
996 3600 1216 3655 habeta
1248 3604 1600 3669 muneribus;
1653 3604 1742 3672 qui
1788 3604 2010 3658 obturat

434 3702 623 3752 aures,
660 3699 718 3742 ut
762 3706 867 3743 non
899 3693 1085 3746 audiat
1110 3694 1374 3761 judicium
1412 3696 1695 3764 sanguinis
1725 3696 2004 3765 injustum,

432 3779 635 3833 claudit
667 3782 877 3845 oculos,
913 3797 980 3837 ne
1014 3785 1196 3855 videat
1233 3787 1577 3855 iniquitatem
1620 3805 1633 3841 :
1664 3788 1765 3841 iste
1794 3789 2007 3842 habita-

434 3871 515 3925 bit
563 3873 613 3925 in
660 3874 876 3927 excelsa
912 3878 1169 3946 spelunca
1203 3889 1368 3946 petras
1403 3877 1732 3935 fortissime.
1769 3880 1929 3936 Panis
1955 3881 2002 3934 ei

433 3963 673 4034 dabitur,
706 3974 759 4018 et
794 3981 930 4034 aqua
956 3966 1073 4035 ejus
1107 3970 1300 4024 fidelis.
1330 3969 1533 4039 Regem
1563 3987 1685 4025 cum
1712 3971 1883 4043 gloria
1921 3974 2005 4027 vi-

505 4119 551 4150 ”
586 4116 687 4174 Isa.
713 4134 879 4185 xxxv,
914 4121 1028 4176 I-7.

505 4229 617 4299 (50)
657 4233 914 4301 Πηρούς.
951 4232 1117 4287 Recte
1138 4232 1388 4287 observat
1411 4237 1656 4288 eruditus
1685 4235 2002 4290 Londinen-

436 4301 515 4355 sis
544 4303 721 4355 editor
759 4322 776 4354 ι
807 4319 980 4357 caecos
1010 4323 1026 4355 ι
1057 4304 1145 4357 hic
1186 4321 1290 4356 non
1324 4323 1342 4356 ι
1376 4305 1593 4359 mutilos
1623 4325 1642 4358 ι
1677 4322 1798 4360 esse
1836 4308 2006 4359 inter-

430 4374 785 4493 pregtétndum.
823 4373 964 4427 Idem
996 4374 1284 4429 dicendum
1321 4375 1386 4429 de
1427 4375 1593 4429 simili
1632 4376 1753 4431 Ioco
1784 4375 1939 4445 Apol.
1968 4392 2008 4443 ι,

430 4457 489 4493 ιι.
591 4480 604 4493 .

428 4457 489 4495 ll.
516 4457 604 4493 22.

659 4512 845 4567 Ἔνθα
872 4513 1069 4582 μυεῖν.
1106 4510 1432 4568 Verlendum
1456 4515 1604 4581 duxi,
1635 4534 1652 4567 ι
1677 4515 1764 4568 ubi
1795 4514 2011 4569 tradunt
2041 4487 2091 4547 θ

431 4581 508 4658 ab
528 4583 642 4658 ipso
673 4581 883 4637 initiari
913 4586 1004 4653 qui
1041 4584 1422 4658 ipsicrcdunt.
1451 4588 1640 4658 rillud
1662 4587 1805 4639 enim
1831 4602 2010 4658 παρα-

425 4651 632 4705 διδοῦσι
668 4651 942 4725 arcannm
983 4654 1262 4723 quidpiam
1322 4655 1614 4724 significat,
1654 4671 1752 4709 nec
1803 4651 2008 4725 grande

430 4725 746 4793 mysterium
785 4724 996 4790 fuisset,
1034 4725 1081 4779 si
1130 4727 1180 4779 id
1218 4734 1428 4778 tantum
1471 4726 1739 4779 dixissent
1780 4724 1899 4779 sése
1951 4727 2004 4779 in

428 4794 683 4918 sltt‘illn;§
755 4795 1009 4849 initiandi
1070 4809 1292 4849 munere
1350 4795 1624 4865 perfungi.
1673 4795 1804 4849 Vide
1865 4797 2008 4851 inl'ra

430 4878 581 4916 lttllll.
688 4904 702 4917 .

430 4878 581 4916 num.
622 4878 702 4917 ιδ.

500 4934 613 5003 (52)
652 4935 761 4989 Καὶ
818 4936 1005 4990 ταῦτα
1052 4933 1302 5003 ποιῆσαι
1355 4938 1588 5005 ὁμοίως.
1641 4934 1757 4989 Non
1813 4952 2006 5005 magna

424 5013 680 5076 opus_est
713 5007 1092 5061 immutatione
1121 5017 1497 5076 utcorruptus
1536 5008 1622 5061 hic
1666 5008 1815 5060 locus
1851 5022 2009 5060 sane-

429 5073 537 5127 uir.
572 5073 738 5129 Plana
784 5078 929 5129 enim
968 5087 1131 5131 erunt
1161 5073 1384 5141 omnia,
1407 5080 1450 5131 si
1484 5080 1566 5131 vel
1603 5076 1828 5130 Ἠσαίου
1863 5077 2009 5145 lega-

426 5159 678 5218 mu§_pro
709 5147 955 5218 ποιῆσαι,
985 5147 1075 5218 vel
1104 5149 1183 5199 sic
1210 5165 1221 5200 :
1254 5146 1327 5199 Τὸ
1352 5148 1445 5218 ὑπ’
1475 5147 1695 5202 Ἠσαίου
1722 5148 1944 5218 ὁμοίως.

498 5214 612 5285 (55)
653 5212 735 5271 Οὗ
772 5212 869 5271 udi
904 5216 1047 5283 τοὺς
1079 5218 1300 5286 λόγους
1342 5217 1594 5285 πάντας.
1636 5219 1725 5274 Ait
1758 5212 2007 5273 'Jnstinus

424 5290 743 5342 sacerdotes
768 5288 979 5342 Mithra:
1006 5289 1187 5341 omnia
1217 5288 1368 5342 Isaia:
1388 5291 1543 5344 verba
1574 5306 1697 5343 mox
1722 5289 2006 5343 referenda

422 5353 674 5411 imitatos
701 5373 845 5425 esse,
872 5359 1034 5428 idqnc
1070 5368 1129 5411 ut
1165 5361 1381 5426 probet,
1412 5361 1573 5413 unico
1599 5369 1891 5414 contentus
1926 5367 2009 5412 est

420 5428 699 5501 exemplo,
742 5443 935 5501 nempe
972 5428 1204 5501 justitize
1242 5431 1553 5501 praeceptis,
1595 5446 1717 5501 qua:
1743 5430 1839 5492 illi,
1866 5437 1924 5482 ut
1952 5429 2005 5482 in

423 5496 512 5550 his
541 5496 693 5552 Isaiae
716 5496 899 5554 verbis
927 5516 942 5553 :
978 5496 998 5551 ι
1032 5499 1135 5565 Qui
1163 5496 1502 5554 ambulat'in
1536 5496 1778 5567 justitia,
1815 5517 1833 5550 ι
1872 5508 2005 5562 etc.,

422 5568 647 5623 tradere
679 5570 953 5624 solebant.
994 5570 1158 5624 Multa
1186 5570 1288 5622 alia
1318 5572 1503 5625 omisit
1527 5571 1800 5635 Justinus,
1836 5578 1894 5622 ιιι
1925 5570 2008 5622 fa-

422 5637 553 5709 cilia
596 5648 651 5693 et
681 5640 862 5695 obvia.
902 5640 1036 5695 Nam
1070 5656 1194 5694 cum
1227 5641 1421 5695 Mithra
1462 5642 1606 5697 idem
1636 5644 1709 5697 sit
1753 5657 1815 5695 ac
1847 5641 2003 5709 ignis,

425 5708 478 5781 id
509 5710 799 5765 manifeste
830 5714 1123 5781 respondet
1165 5712 1273 5781 igni
1316 5714 1382 5765 de
1417 5728 1524 5780 quo
1573 5713 1765 5767 Isaias.
1791 5712 1856 5764 Et
1878 5708 2005 5781 cum

426 5776 678 5837 Ju:tinus
709 5776 979 5837 monuerit
1012 5797 1125 5850 eos,
1160 5776 1249 5852 q'ui
1293 5776 1591 5849 initiantur,
1637 5784 1704 5839 ab
1752 5786 1867 5853 ipso
1910 5780 2004 5835 Mi-

2117 3426 2377 3496 μισοῦντα
2406 3424 2633 3495 άνομίαν
2660 3424 2750 3476 καὶ
2784 3422 3018 3484 ἀδικίαν,
3058 3421 3152 3472 καὶ
3192 3418 3291 3481 τὰς
3328 3420 3517 3488 χεῖρας
3550 3418 3708 3487 ἀφω-

2114 3518 2377 3588 σιωμένον
2429 3516 2542 3585 (56)
2585 3514 2694 3568 ἀπὸ
2742 3513 2949 3584 δώρων,
3000 3510 3247 3582 βαρύνων
3296 3502 3432 3571 ὦτα,
3482 3508 3571 3561 ἵνα
3626 3510 3706 3583 μὴ

2111 3606 2320 3679 ἀκούσῃ
2342 3604 2520 3677 κρίσιν
2554 3602 2738 3655 ἄδικον
2769 3601 2997 3672 αἵματος
3018 3619 3030 3631 ·
3058 3597 3329 3670 καμμύων
3354 3599 3479 3660 τοὺς
3506 3595 3707 3666 ὀφθαλ-

2113 3700 2267 3771 μοὺς,
2303 3698 2389 3749 ἵνα
2425 3696 2499 3769 μὴ
2548 3694 2633 3766 ίδῃ
2676 3693 2887 3746 ἀδικίαν
2913 3709 2927 3722 ·
2968 3682 3123 3754 οὗτος
3164 3692 3373 3761 οἶκὴσει
3415 3690 3475 3743 έν
3509 3688 3707 3763 ὑψηλῷ

2112 3787 2358 3860 σπηλαίῳ
2392 3786 2598 3858 πέτρας
2626 3785 3077 3855 ἰσχυρᾶς.Ἀρτος
3096 3781 3381 3853 δοθήσεται
3406 3781 3575 3851 αὐτῷ,
3605 3784 3705 3834 καὶ

2106 3881 2167 3933 τὸ
2220 3878 2363 3951 ὕδωρ
2410 3877 2573 3931 αὑτοῦ
2610 3876 2820 3929 πιστόν.
2856 3874 3089 3927 Βασιλέα
3125 3873 3262 3944 μετὰ
3290 3871 3444 3942 δόξης
3478 3872 3702 3941 ὄψεσθε,

2109 3973 2205 4028 κα)¹
2245 3972 2294 4024 oi
2338 3969 2608 4041 ὀφθαλμοὶ
2646 3967 2802 4039 ὑμῶν
2840 3967 3063 4037 ὖψονται
3109 3964 3407 4037 πόρρωθεν.
3439 3965 3504 4018 Ἦ
3547 3965 3703 4037 ψυχὴ

2115 4239 2235 4292 thra
2262 4239 2505 4293 initiatos
2533 4240 2659 4305 diei,
2695 4254 2918 4295 necesse
2944 4255 3049 4295 non
3078 4247 3198 4292 erat
3223 4238 3519 4289 admonere
3549 4235 3605 4289 id
3630 4254 3700 4292 ex

2115 4309 2202 4362 his
2248 4310 2396 4363 Isaia:
2445 4310 2624 4364 verbis
2678 4312 2985 4364 imitatione
3026 4324 3341 4378 expressum
3380 4329 3392 4361 ;
3433 4326 3450 4357 ι
3493 4306 3700 4375 Regem

2116 4393 2242 4433 cum
2284 4380 2450 4448 gloria
2483 4381 2755 4435 videbitis.
2788 4399 2807 4433 ι
2858 4381 3020 4433 Panis
3051 4389 3106 4432 et
3143 4394 3285 4446 aqua
3317 4388 3703 4448 tuemurautur

2117 4449 2185 4502 ab
2212 4447 2370 4502 Isaia.
2402 4449 2493 4504 Sic
2533 4451 2699 4503 etiam
2736 4452 2788 4503 in
2823 4451 2907 4504 his
2935 4450 3145 4502 Mithraa
3177 4447 3449 4517 mysteriis
3495 4462 3699 4512 panem

2116 4529 2171 4589 et
2209 4536 2362 4588 aqua:
2410 4518 2660 4589 poculum
2690 4521 2888 4587 apponi
2926 4517 3423 4589 testatnrJustinus
3454 4517 3614 4583 Apol.
3653 4532 3697 4570 ι.

2112 4586 2278 4643 Paulo
2310 4586 2437 4644 ante
2472 4590 2802 4659 γεγενῆσθαι
2832 4605 2930 4658 pro
2952 4587 3333 4659 γεγεννῆσθαι,
3363 4588 3480 4640 sive
3506 4601 3701 4659 errore

2110 4656 2495 4725 librariorum,
2532 4656 2843 4727 sive'quod’
2874 4656 3059 4713 eadem
3104 4656 3181 4711 sit
3210 4656 3495 4727 utriusque
3540 4656 3696 4727 verbi

2111 4731 2465 4798 signiﬁcatio.
2502 4725 2721 4785 Dicebat
2744 4729 2992 4784 Justinus
3012 4727 3214 4783 Judasis
3238 4744 3291 4780 ιι.
3320 4726 3391 4781 25
3413 4746 3426 4780 :
3451 4725 3695 4779 Μείνατε

2106 4800 2182 4864 ὡς
2216 4802 2531 4872 γεγένησθε.

2184 4866 2303 4940 (54)
2338 4866 2447 4927 Keil
2503 4870 2638 4938 παρ’
2672 4870 2946 4935 ἐκείνοις.
2992 4888 3011 4921 t
3039 4867 3218 4940 Etiam
3270 4866 3411 4940 apud
3463 4866 3623 4940 istos,
3666 4885 3687 4917 ι

2112 4936 2305 5010 nempe
2332 4944 2543 4996 Itlithrze
2567 4936 2899 4995 sacerdotes.
2944 4940 3140 5010 Quare
3168 4936 3297 4990 illud
3328 4938 3693 5010 ἐτεχνάσαντο

2110 5026 2218 5063 ιιοιι
2243 5008 2313 5065 de
2341 5012 2551 5067 Mithrae
2568 5011 2949 5065 sacerdotibus
2971 5008 3404 5076 intelligendum,
3430 5009 3527 5061 sed
3557 5009 3693 5061 sub.

2110 5082 2362 5136 audiendi
2391 5085 2683 5135 dmtnones.
2729 5081 2861 5135 Vide
2901 5080 3052 5147 Apol.
3087 5094 3135 5147 I,
3168 5093 3221 5131 ιι.
3256 5076 3347 5130 54.

2181 5151 2294 5222 (55)
2330 5151 2697 5207 Γνώσονται.
2739 5151 2878 5204 Editi
2914 5150 3008 5203 καὶ
3040 5146 3691 5222 γνώσονταιζξοιίνόςεει

2109 5218 2424 5290 conjunctio
2463 5225 2515 5277 in
2552 5234 2779 5290 utroque
2814 5223 3005 5275 codice
3044 5235 3141 5272 ms.
3172 5220 3319 5290 etin
3364 5218 3551 5290 Bibliis
3580 5218 3692 5290 llo:

2112 5287 2306 5348 manis.
2343 5294 2458 5347 Non
2492 5287 2763 5346 deesse'in
2806 5290 3080 5359 Cumplut.
3108 5298 3164 5343 et
3194 5288 3320 5343 Ald.
3363 5299 3419 5343 et
3444 5287 3688 5341 Curterii

2111 5363 2245 5417 Isaia
2271 5365 2524 5419 observat
2554 5362 2850 5415 Thirlbius.

2181 5434 2295 5505 (56)
2337 5431 2809 5505 Ἀφωσιωμένον.
2854 5430 3024 5485 Biblia
3062 5428 3472 5505 ἀποσειόμενον.
3497 5425 3559 5479 1ιί
3587 5442 3692 5479 an-

2113 5501 2219 5560 tem
2251 5501 2548 5559 accusativi
2584 5501 2926 5557 manifestum
2977 5510 3105 5554 Sunt
3148 5501 3495 5552 librariorum
3530 5513 3689 5551 erra-

2114 5587 2247 5640 tum,
2280 5590 2513 5646 quorum
2542 5573 2708 5646 etiam
2739 5572 3067 5646 negligentia
3110 5569 3466 5646 _omissa_l_nec
3496 5569 3687 5635 verba,

2109 5638 2380 5715 quzeciim
2413 5644 2613 5715 Justini
2646 5638 2923 5715 proposito
2966 5640 3277 5698 faciebant:
3314 5638 3409 5705 Τίς
3442 5640 3680 5708 damn..-

2108 5712 2188 5771 λΞῖ
2221 5717 2348 5788 ὑμῖν
2381 5716 2461 5771 ὅτι
2492 5714 2601 5787 πῦρ
2636 5712 2869 5778 καίεται;
