  <div class='ocr_page' id='page_1' title='image "/cluster/home/n/w/nwhite01/storage/ocr_20150623/6/mdp.39015004289917/332.png"; bbox 0 0 3962 6262; ppageno 0'>
   <div class='ocr_carea' id='block_1_1' title="bbox 234 337 1857 400">
    <p class='ocr_par' dir='ltr' id='par_1_1' title="bbox 234 337 1857 399">
     <span class='ocr_line' id='line_1_1' title="bbox 234 337 1857 399; baseline -0.001 -3"><span class='ocrx_word' id='word_1_1' title='bbox 234 337 317 396; x_wconf 81' lang='grc' dir='ltr'><strong>ιιι</strong></span> <span class='ocrx_word' id='word_1_2' title='bbox 1279 340 1619 398; x_wconf 80' lang='lat' dir='ltr'><strong>DlALOGUS</strong></span> <span class='ocrx_word' id='word_1_3' title='bbox 1650 340 1796 399; x_wconf 78' lang='lat' dir='ltr'><strong>CUM</strong></span> <span class='ocrx_word' id='word_1_4' title='bbox 1830 340 1857 395; x_wconf 77' lang='lat'>1</span> 
     </span>
    </p>
   </div>
   <div class='ocr_carea' id='block_1_2' title="bbox 1966 337 3537 400">
    <p class='ocr_par' dir='ltr' id='par_1_2' title="bbox 1966 338 3537 400">
     <span class='ocr_line' id='line_1_2' title="bbox 1966 338 3537 400; baseline 0.003 -5"><span class='ocrx_word' id='word_1_5' title='bbox 1966 339 2205 398; x_wconf 78' lang='lat' dir='ltr'><strong>&#39;PHONE</strong></span> <span class='ocrx_word' id='word_1_6' title='bbox 2238 338 2501 395; x_wconf 57' lang='lat' dir='ltr'><strong>JUDEO.</strong></span> <span class='ocrx_word' id='word_1_7' title='bbox 3425 342 3537 400; x_wconf 61' lang='grc' dir='ltr'>διε</span> 
     </span>
    </p>
   </div>
   <div class='ocr_carea' id='block_1_3' title="bbox 238 452 1857 532">
    <p class='ocr_par' dir='ltr' id='par_1_3' title="bbox 238 452 1857 532">
     <span class='ocr_line' id='line_1_3' title="bbox 238 452 1857 532; baseline 0.002 -21"><span class='ocrx_word' id='word_1_8' title='bbox 238 452 378 527; x_wconf 70' lang='grc' dir='ltr'>ὐμῶν</span> <span class='ocrx_word' id='word_1_9' title='bbox 410 454 719 527; x_wconf 75' lang='grc' dir='ltr'><strong>μελετήσει</strong></span> <span class='ocrx_word' id='word_1_10' title='bbox 778 458 965 527; x_wconf 75' lang='grc' dir='ltr'>φόϐον</span> <span class='ocrx_word' id='word_1_11' title='bbox 1016 460 1244 531; x_wconf 77' lang='grc' dir='ltr'>Κυρίου.</span> <span class='ocrx_word' id='word_1_12' title='bbox 1293 460 1401 514; x_wconf 77' lang='grc' dir='ltr'><strong>Ποῦ</strong></span> <span class='ocrx_word' id='word_1_13' title='bbox 1450 462 1595 515; x_wconf 77' lang='grc' dir='ltr'>εστιν</span> <span class='ocrx_word' id='word_1_14' title='bbox 1633 464 1663 514; x_wconf 79' lang='grc' dir='ltr'><strong>ο</strong></span> <span class='ocrx_word' id='word_1_15' title='bbox 1694 478 1857 532; x_wconf 86' lang='grc' dir='ltr'>γραμ·</span> 
     </span>
    </p>
   </div>
   <div class='ocr_carea' id='block_1_4' title="bbox 1966 452 3546 532">
    <p class='ocr_par' dir='ltr' id='par_1_4' title="bbox 1981 458 3546 532">
     <span class='ocr_line' id='line_1_4' title="bbox 1981 458 3546 532; baseline -0.001 -18"><span class='ocrx_word' id='word_1_16' title='bbox 1981 460 2213 525; x_wconf 87' lang='lat' dir='ltr'><strong>debitis;</strong></span> <span class='ocrx_word' id='word_1_17' title='bbox 2245 459 2388 514; x_wconf 88' lang='lat' dir='ltr'><strong>oculi</strong></span> <span class='ocrx_word' id='word_1_18' title='bbox 2420 458 2586 512; x_wconf 98' lang='lat' dir='ltr'><strong>vestri</strong></span> <span class='ocrx_word' id='word_1_19' title='bbox 2619 458 2870 514; x_wconf 86' lang='lat' dir='ltr'><strong>videbunt</strong></span> <span class='ocrx_word' id='word_1_20' title='bbox 2902 459 2968 514; x_wconf 89' lang='lat' dir='ltr'><strong>de</strong></span> <span class='ocrx_word' id='word_1_21' title='bbox 2999 460 3189 532; x_wconf 89' lang='lat' dir='ltr'><strong>longe;</strong></span> <span class='ocrx_word' id='word_1_22' title='bbox 3241 460 3422 515; x_wconf 87' lang='lat' dir='ltr'><strong>anima</strong></span> <span class='ocrx_word' id='word_1_23' title='bbox 3454 474 3546 513; x_wconf 55' lang='lat' dir='ltr'><strong>ve.</strong></span> 
     </span>
    </p>
   </div>
   <div class='ocr_carea' id='block_1_5' title="bbox 239 547 1857 623">
    <p class='ocr_par' dir='ltr' id='par_1_5' title="bbox 239 547 1857 623">
     <span class='ocr_line' id='line_1_5' title="bbox 239 547 1857 623; baseline 0.001 -22"><span class='ocrx_word' id='word_1_24' title='bbox 239 547 470 619; x_wconf 66' lang='grc' dir='ltr'>μιτικὸς,</span> <span class='ocrx_word' id='word_1_25' title='bbox 501 548 612 601; x_wconf 73' lang='grc' dir='ltr'><strong>ποῦ</strong></span> <span class='ocrx_word' id='word_1_26' title='bbox 651 552 811 604; x_wconf 71' lang='grc' dir='ltr'>εἰσὶν</span> <span class='ocrx_word' id='word_1_27' title='bbox 842 556 897 605; x_wconf 81' lang='grc' dir='ltr'>οἱ</span> <span class='ocrx_word' id='word_1_28' title='bbox 939 553 1320 623; x_wconf 82' lang='grc' dir='ltr'>βουλεύοντες;</span> <span class='ocrx_word' id='word_1_29' title='bbox 1348 554 1457 608; x_wconf 83' lang='grc' dir='ltr'><strong>Ποῦ</strong></span> <span class='ocrx_word' id='word_1_30' title='bbox 1487 553 1635 607; x_wconf 73' lang='grc' dir='ltr'>ἐστιν</span> <span class='ocrx_word' id='word_1_31' title='bbox 1660 557 1687 607; x_wconf 84' lang='grc' dir='ltr'>ὁ</span> <span class='ocrx_word' id='word_1_32' title='bbox 1743 549 1857 618; x_wconf 86' lang='grc' dir='ltr'>ἀρι-</span> 
     </span>
    </p>
   </div>
   <div class='ocr_carea' id='block_1_6' title="bbox 1966 547 3547 623">
    <p class='ocr_par' dir='ltr' id='par_1_6' title="bbox 1966 550 3547 606">
     <span class='ocr_line' id='line_1_6' title="bbox 1966 550 3547 606; baseline 0 -3"><span class='ocrx_word' id='word_1_33' title='bbox 1966 558 2073 603; x_wconf 89' lang='lat' dir='ltr'><strong>stra</strong></span> <span class='ocrx_word' id='word_1_34' title='bbox 2107 550 2460 602; x_wconf 86' lang='lat' dir='ltr'><strong>meditabitur</strong></span> <span class='ocrx_word' id='word_1_35' title='bbox 2491 550 2741 602; x_wconf 81' lang='lat' dir='ltr'><strong>timorem</strong></span> <span class='ocrx_word' id='word_1_36' title='bbox 2771 551 3002 605; x_wconf 87' lang='lat' dir='ltr'><strong>Domini.</strong></span> <span class='ocrx_word' id='word_1_37' title='bbox 3042 550 3143 605; x_wconf 84' lang='lat' dir='ltr'><strong>llbi</strong></span> <span class='ocrx_word' id='word_1_38' title='bbox 3194 562 3276 606; x_wconf 93' lang='lat' dir='ltr'><strong>est</strong></span> <span class='ocrx_word' id='word_1_39' title='bbox 3330 552 3547 605; x_wconf 81' lang='lat' dir='ltr'><strong>littera-</strong></span> 
     </span>
    </p>
   </div>
   <div class='ocr_carea' id='block_1_7' title="bbox 242 639 1857 718">
    <p class='ocr_par' dir='ltr' id='par_1_7' title="bbox 242 639 1857 718">
     <span class='ocr_line' id='line_1_7' title="bbox 242 639 1857 718; baseline 0.004 -25"><span class='ocrx_word' id='word_1_40' title='bbox 242 641 518 709; x_wconf 69' lang='grc' dir='ltr'>θμῶντοῦς</span> <span class='ocrx_word' id='word_1_41' title='bbox 536 645 973 715; x_wconf 66' lang='grc' dir='ltr'><strong>τρεφομένους,</strong></span> <span class='ocrx_word' id='word_1_42' title='bbox 1016 647 1209 717; x_wconf 75' lang='grc' dir='ltr'>μικρὸν</span> <span class='ocrx_word' id='word_1_43' title='bbox 1245 648 1338 701; x_wconf 72' lang='grc' dir='ltr'><strong>καὶ</strong></span> <span class='ocrx_word' id='word_1_44' title='bbox 1383 646 1556 718; x_wconf 85' lang='grc' dir='ltr'>μέγαν</span> <span class='ocrx_word' id='word_1_45' title='bbox 1587 646 1750 710; x_wconf 86' lang='grc' dir='ltr'>λαόν;</span> <span class='ocrx_word' id='word_1_46' title='bbox 1791 639 1857 717; x_wconf 73' lang='grc' dir='ltr'><strong><em>Ὦ</em></strong></span> 
     </span>
    </p>
   </div>
   <div class='ocr_carea' id='block_1_8' title="bbox 1966 639 3547 718">
    <p class='ocr_par' dir='ltr' id='par_1_8' title="bbox 1966 639 3547 711">
     <span class='ocr_line' id='line_1_8' title="bbox 1966 639 3547 711; baseline -0.001 -16"><span class='ocrx_word' id='word_1_47' title='bbox 1966 642 2087 695; x_wconf 80' lang='lat' dir='ltr'><strong>tus?</strong></span> <span class='ocrx_word' id='word_1_48' title='bbox 2119 639 2217 695; x_wconf 88' lang='lat' dir='ltr'><strong>Ubi</strong></span> <span class='ocrx_word' id='word_1_49' title='bbox 2252 651 2380 695; x_wconf 90' lang='lat' dir='ltr'><strong>sunt</strong></span> <span class='ocrx_word' id='word_1_50' title='bbox 2410 640 2830 695; x_wconf 88' lang='lat' dir='ltr'><strong>c0usiliatores?</strong></span> <span class='ocrx_word' id='word_1_51' title='bbox 2865 640 2963 695; x_wconf 85' lang='lat' dir='ltr'><strong>Ubi</strong></span> <span class='ocrx_word' id='word_1_52' title='bbox 3010 651 3115 705; x_wconf 87' lang='lat' dir='ltr'><strong>est,</strong></span> <span class='ocrx_word' id='word_1_53' title='bbox 3150 645 3242 711; x_wconf 91' lang='lat' dir='ltr'><strong>qui</strong></span> <span class='ocrx_word' id='word_1_54' title='bbox 3291 649 3547 695; x_wconf 89' lang='lat' dir='ltr'><strong>numerat</strong></span> 
     </span>
    </p>
   </div>
   <div class='ocr_carea' id='block_1_9' title="bbox 239 733 1857 809">
    <p class='ocr_par' dir='ltr' id='par_1_9' title="bbox 239 733 1857 809">
     <span class='ocr_line' id='line_1_9' title="bbox 239 733 1857 809; baseline 0.001 -21"><span class='ocrx_word' id='word_1_55' title='bbox 239 733 292 788; x_wconf 78' lang='grc' dir='ltr'>οὐ</span> <span class='ocrx_word' id='word_1_56' title='bbox 319 734 860 800; x_wconf 73' lang='grc' dir='ltr'>συνεϐουλεύσαντο,</span> <span class='ocrx_word' id='word_1_57' title='bbox 896 738 1026 791; x_wconf 77' lang='grc' dir='ltr'>οὐδὲ</span> <span class='ocrx_word' id='word_1_58' title='bbox 1050 738 1267 808; x_wconf 72' lang='grc' dir='ltr'>ᾔδεισαν</span> <span class='ocrx_word' id='word_1_59' title='bbox 1300 736 1435 809; x_wconf 83' lang='grc' dir='ltr'><strong>βάθη</strong></span> <span class='ocrx_word' id='word_1_60' title='bbox 1472 737 1685 806; x_wconf 80' lang='grc' dir='ltr'>φωνῶν,</span> <span class='ocrx_word' id='word_1_61' title='bbox 1720 735 1857 789; x_wconf 80' lang='grc' dir='ltr'>ὥστε</span> 
     </span>
    </p>
   </div>
   <div class='ocr_carea' id='block_1_10' title="bbox 1966 733 3551 809">
    <p class='ocr_par' dir='ltr' id='par_1_10' title="bbox 1966 734 3551 806">
     <span class='ocr_line' id='line_1_10' title="bbox 1966 734 3551 806; baseline -0.001 -15"><span class='ocrx_word' id='word_1_62' title='bbox 1966 751 2075 798; x_wconf 87' lang='lat' dir='ltr'><strong>eos,</strong></span> <span class='ocrx_word' id='word_1_63' title='bbox 2112 736 2203 805; x_wconf 86' lang='lat' dir='ltr'><strong>qui</strong></span> <span class='ocrx_word' id='word_1_64' title='bbox 2240 736 2556 789; x_wconf 90' lang='lat' dir='ltr'><strong>nutriuntur</strong></span> <span class='ocrx_word' id='word_1_65' title='bbox 2580 774 2595 799; x_wconf 91' lang='lat'><strong>,</strong></span> <span class='ocrx_word' id='word_1_66' title='bbox 2635 751 2858 805; x_wconf 85' lang='lat' dir='ltr'><strong>parvum</strong></span> <span class='ocrx_word' id='word_1_67' title='bbox 2890 744 2944 790; x_wconf 91' lang='lat' dir='ltr'><strong>et</strong></span> <span class='ocrx_word' id='word_1_68' title='bbox 2974 752 3226 805; x_wconf 83' lang='lat' dir='ltr'><strong>magnum</strong></span> <span class='ocrx_word' id='word_1_69' title='bbox 3262 734 3551 806; x_wconf 67' lang='lat' dir='ltr'><strong>populum?</strong></span> 
     </span>
    </p>
   </div>
   <div class='ocr_carea' id='block_1_11' title="bbox 244 824 1861 898">
    <p class='ocr_par' dir='ltr' id='par_1_11' title="bbox 244 824 1861 898">
     <span class='ocr_line' id='line_1_11' title="bbox 244 824 1861 898; baseline 0 -20"><span class='ocrx_word' id='word_1_70' title='bbox 244 824 311 897; x_wconf 79' lang='grc' dir='ltr'>μὴ</span> <span class='ocrx_word' id='word_1_71' title='bbox 340 824 599 878; x_wconf 63' lang='grc' dir='ltr'>ἀπιοῦσαι.</span> <span class='ocrx_word' id='word_1_72' title='bbox 659 826 823 889; x_wconf 64' lang='lat' dir='ltr'><strong>Aab;</strong></span> <span class='ocrx_word' id='word_1_73' title='bbox 869 828 1331 898; x_wconf 76' lang='grc' dir='ltr'>πεφαυλισμένος,</span> <span class='ocrx_word' id='word_1_74' title='bbox 1368 830 1463 881; x_wconf 68' lang='grc' dir='ltr'>καὶ</span> <span class='ocrx_word' id='word_1_75' title='bbox 1500 829 1600 881; x_wconf 75' lang='grc' dir='ltr'>οὐκ</span> <span class='ocrx_word' id='word_1_76' title='bbox 1638 828 1752 880; x_wconf 80' lang='grc' dir='ltr'>ἔστι</span> <span class='ocrx_word' id='word_1_77' title='bbox 1784 826 1861 897; x_wconf 84' lang='grc' dir='ltr'>τῷ</span> 
     </span>
    </p>
   </div>
   <div class='ocr_carea' id='block_1_12' title="bbox 243 916 1859 993">
    <p class='ocr_par' dir='ltr' id='par_1_12' title="bbox 243 916 1859 993">
     <span class='ocr_line' id='line_1_12' title="bbox 243 916 1859 993; baseline 0.001 -23"><span class='ocrx_word' id='word_1_78' title='bbox 243 916 478 970; x_wconf 64' lang='grc' dir='ltr'>ἀκούοντι</span> <span class='ocrx_word' id='word_1_79' title='bbox 529 916 794 980; x_wconf 76' lang='grc' dir='ltr'>σύνεσις.</span> <span class='ocrx_word' id='word_1_80' title='bbox 836 920 1007 971; x_wconf 73' lang='grc' dir='ltr'>ι”Οτι</span> <span class='ocrx_word' id='word_1_81' title='bbox 1058 918 1158 989; x_wconf 86' lang='grc' dir='ltr'><strong>μὲν</strong></span> <span class='ocrx_word' id='word_1_82' title='bbox 1204 916 1294 973; x_wconf 73' lang='grc' dir='ltr'><strong>οὖν</strong></span> <span class='ocrx_word' id='word_1_83' title='bbox 1341 922 1435 973; x_wconf 76' lang='grc' dir='ltr'><strong>καὶ</strong></span> <span class='ocrx_word' id='word_1_84' title='bbox 1483 921 1539 973; x_wconf 80' lang='grc' dir='ltr'><strong>έν</strong></span> <span class='ocrx_word' id='word_1_85' title='bbox 1575 919 1747 993; x_wconf 80' lang='grc' dir='ltr'>ταύτῃ</span> <span class='ocrx_word' id='word_1_86' title='bbox 1792 921 1859 991; x_wconf 78' lang='grc' dir='ltr'>τῇ</span> 
     </span>
    </p>
   </div>
   <div class='ocr_carea' id='block_1_13' title="bbox 242 1008 1862 1084">
    <p class='ocr_par' dir='ltr' id='par_1_13' title="bbox 242 1008 1862 1084">
     <span class='ocr_line' id='line_1_13' title="bbox 242 1008 1862 1084; baseline 0.002 -23"><span class='ocrx_word' id='word_1_87' title='bbox 242 1008 543 1078; x_wconf 58' lang='grc' dir='ltr'><strong>ειτριιιιφειηιτείεε⁵</strong></span> <span class='ocrx_word' id='word_1_88' title='bbox 601 1010 749 1080; x_wconf 62' lang='grc' dir='ltr'><strong>περὶ¹</strong></span> <span class='ocrx_word' id='word_1_89' title='bbox 803 1009 905 1061; x_wconf 73' lang='grc' dir='ltr'>τοῦ</span> <span class='ocrx_word' id='word_1_90' title='bbox 964 1010 1131 1080; x_wconf 82' lang='grc' dir='ltr'>ἄρτου</span> <span class='ocrx_word' id='word_1_91' title='bbox 1181 1011 1239 1064; x_wconf 82' lang='grc' dir='ltr'>ὃν</span> <span class='ocrx_word' id='word_1_92' title='bbox 1293 1012 1607 1084; x_wconf 85' lang='grc' dir='ltr'>παρέδωκεν</span> <span class='ocrx_word' id='word_1_93' title='bbox 1649 1015 1782 1083; x_wconf 76' lang='grc' dir='ltr'>ἡμῖν</span> <span class='ocrx_word' id='word_1_94' title='bbox 1833 1013 1862 1065; x_wconf 89' lang='grc' dir='ltr'>ὁ</span> 
     </span>
    </p>
   </div>
   <div class='ocr_carea' id='block_1_14' title="bbox 244 1098 1859 1173">
    <p class='ocr_par' dir='ltr' id='par_1_14' title="bbox 244 1098 1859 1173">
     <span class='ocr_line' id='line_1_14' title="bbox 244 1098 1859 1173; baseline 0.002 -21"><span class='ocrx_word' id='word_1_95' title='bbox 244 1098 502 1170; x_wconf 73' lang='grc' dir='ltr'>ἡμέτερος</span> <span class='ocrx_word' id='word_1_96' title='bbox 550 1100 815 1171; x_wconf 76' lang='grc' dir='ltr'>Χριστὸς</span> <span class='ocrx_word' id='word_1_97' title='bbox 850 1104 1028 1154; x_wconf 84' lang='grc' dir='ltr'>ποιεῖν</span> <span class='ocrx_word' id='word_1_98' title='bbox 1060 1103 1138 1166; x_wconf 84' lang='grc' dir='ltr'><strong>είς</strong></span> <span class='ocrx_word' id='word_1_99' title='bbox 1176 1103 1476 1173; x_wconf 83' lang='grc' dir='ltr'>ἀνάμνησιν</span> <span class='ocrx_word' id='word_1_100' title='bbox 1518 1102 1613 1157; x_wconf 77' lang='grc' dir='ltr'>τοῦ</span> <span class='ocrx_word' id='word_1_101' title='bbox 1658 1121 1718 1156; x_wconf 85' lang='grc' dir='ltr'><strong>τε</strong></span> <span class='ocrx_word' id='word_1_102' title='bbox 1754 1120 1859 1156; x_wconf 84' lang='grc' dir='ltr'>σω-</span> 
     </span>
    </p>
   </div>
   <div class='ocr_carea' id='block_1_15' title="bbox 248 1192 1861 1263">
    <p class='ocr_par' dir='ltr' id='par_1_15' title="bbox 248 1192 1861 1263">
     <span class='ocr_line' id='line_1_15' title="bbox 248 1192 1861 1263; baseline 0.003 -20"><span class='ocrx_word' id='word_1_103' title='bbox 248 1192 737 1263; x_wconf 74' lang='grc' dir='ltr'>ματοποιήσασθαι</span> <span class='ocrx_word' id='word_1_104' title='bbox 777 1194 894 1262; x_wconf 77' lang='lat'><strong>(37)</strong></span> <span class='ocrx_word' id='word_1_105' title='bbox 931 1196 1093 1248; x_wconf 73' lang='grc' dir='ltr'>αὐτὸν</span> <span class='ocrx_word' id='word_1_106' title='bbox 1124 1196 1211 1249; x_wconf 86' lang='grc' dir='ltr'>διὰ</span> <span class='ocrx_word' id='word_1_107' title='bbox 1242 1197 1367 1259; x_wconf 85' lang='grc' dir='ltr'>τοὺς</span> <span class='ocrx_word' id='word_1_108' title='bbox 1398 1194 1749 1259; x_wconf 82' lang='grc' dir='ltr'>πιστεύοντας</span> <span class='ocrx_word' id='word_1_109' title='bbox 1781 1197 1861 1258; x_wconf 88' lang='grc' dir='ltr'><strong>είς</strong></span> 
     </span>
    </p>
   </div>
   <div class='ocr_carea' id='block_1_16' title="bbox 245 1278 1863 1357">
    <p class='ocr_par' dir='ltr' id='par_1_16' title="bbox 245 1278 1863 1357">
     <span class='ocr_line' id='line_1_16' title="bbox 245 1278 1863 1357; baseline 0.002 -23"><span class='ocrx_word' id='word_1_110' title='bbox 245 1278 420 1343; x_wconf 68' lang='grc' dir='ltr'>αὐτὸν,</span> <span class='ocrx_word' id='word_1_111' title='bbox 453 1282 525 1335; x_wconf 72' lang='grc' dir='ltr'>δι’</span> <span class='ocrx_word' id='word_1_112' title='bbox 563 1282 668 1346; x_wconf 79' lang='grc' dir='ltr'><strong>οὒς</strong></span> <span class='ocrx_word' id='word_1_113' title='bbox 701 1285 805 1337; x_wconf 73' lang='grc' dir='ltr'><strong>καὶ</strong></span> <span class='ocrx_word' id='word_1_114' title='bbox 840 1284 1084 1356; x_wconf 79' lang='grc' dir='ltr'><strong>παθητὸς</strong></span> <span class='ocrx_word' id='word_1_115' title='bbox 1115 1286 1302 1354; x_wconf 86' lang='grc' dir='ltr'>γέγονε</span> <span class='ocrx_word' id='word_1_116' title='bbox 1324 1302 1337 1315; x_wconf 72' lang='grc' dir='ltr'><strong>ο</strong></span> <span class='ocrx_word' id='word_1_117' title='bbox 1366 1286 1461 1339; x_wconf 65' lang='grc' dir='ltr'>καὶ</span> <span class='ocrx_word' id='word_1_118' title='bbox 1495 1286 1622 1357; x_wconf 74' lang='grc' dir='ltr'>περὶ</span> <span class='ocrx_word' id='word_1_119' title='bbox 1654 1284 1747 1338; x_wconf 77' lang='grc' dir='ltr'><strong>τοῦ</strong></span> <span class='ocrx_word' id='word_1_120' title='bbox 1774 1302 1863 1338; x_wconf 88' lang='grc' dir='ltr'>πο-</span> 
     </span>
    </p>
   </div>
   <div class='ocr_carea' id='block_1_17' title="bbox 244 1371 1862 1447">
    <p class='ocr_par' dir='ltr' id='par_1_17' title="bbox 244 1371 1862 1447">
     <span class='ocr_line' id='line_1_17' title="bbox 244 1371 1862 1447; baseline 0.004 -25"><span class='ocrx_word' id='word_1_121' title='bbox 244 1371 450 1441; x_wconf 73' lang='grc' dir='ltr'>τηρίου,</span> <span class='ocrx_word' id='word_1_122' title='bbox 486 1373 517 1424; x_wconf 76' lang='grc' dir='ltr'>ὃ</span> <span class='ocrx_word' id='word_1_123' title='bbox 553 1374 640 1437; x_wconf 82' lang='grc' dir='ltr'>εἰς</span> <span class='ocrx_word' id='word_1_124' title='bbox 679 1374 998 1445; x_wconf 76' lang='grc' dir='ltr'>ἀνάμνησιν</span> <span class='ocrx_word' id='word_1_125' title='bbox 1031 1375 1123 1428; x_wconf 80' lang='grc' dir='ltr'>τοῦ</span> <span class='ocrx_word' id='word_1_126' title='bbox 1157 1376 1385 1447; x_wconf 77' lang='grc' dir='ltr'>αἵματος</span> <span class='ocrx_word' id='word_1_127' title='bbox 1419 1375 1583 1428; x_wconf 77' lang='grc' dir='ltr'>αὐτοῦ</span> <span class='ocrx_word' id='word_1_128' title='bbox 1618 1375 1862 1447; x_wconf 82' lang='grc' dir='ltr'>παρέδω-</span> 
     </span>
    </p>
   </div>
   <div class='ocr_carea' id='block_1_18' title="bbox 249 1463 1861 1537">
    <p class='ocr_par' dir='ltr' id='par_1_18' title="bbox 249 1463 1861 1537">
     <span class='ocr_line' id='line_1_18' title="bbox 249 1463 1861 1537; baseline 0.004 -24"><span class='ocrx_word' id='word_1_129' title='bbox 249 1479 337 1514; x_wconf 73' lang='grc' dir='ltr'>κεν</span> <span class='ocrx_word' id='word_1_130' title='bbox 368 1463 861 1533; x_wconf 75' lang='grc' dir='ltr'>εὐχαριστοῦντας</span> <span class='ocrx_word' id='word_1_131' title='bbox 886 1468 1083 1529; x_wconf 84' lang='grc' dir='ltr'>ποιεῖν,</span> <span class='ocrx_word' id='word_1_132' title='bbox 1106 1467 1370 1537; x_wconf 69' lang='grc' dir='ltr'>φαίνεται.</span> <span class='ocrx_word' id='word_1_133' title='bbox 1400 1468 1509 1521; x_wconf 78' lang='grc' dir='ltr'><strong>Καὶ</strong></span> <span class='ocrx_word' id='word_1_134' title='bbox 1533 1468 1612 1520; x_wconf 85' lang='grc' dir='ltr'><strong>ὃτι</strong></span> <span class='ocrx_word' id='word_1_135' title='bbox 1636 1466 1861 1537; x_wconf 80' lang='grc' dir='ltr'>βασιλέα</span> 
     </span>
    </p>
   </div>
   <div class='ocr_carea' id='block_1_19' title="bbox 246 1556 1861 1637">
    <p class='ocr_par' dir='ltr' id='par_1_19' title="bbox 246 1556 1861 1637">
     <span class='ocr_line' id='line_1_19' title="bbox 246 1556 1861 1637; baseline 0.006 -29"><span class='ocrx_word' id='word_1_136' title='bbox 246 1556 429 1610; x_wconf 74' lang='grc' dir='ltr'>τοῦτον</span> <span class='ocrx_word' id='word_1_137' title='bbox 456 1559 629 1611; x_wconf 73' lang='grc' dir='ltr'>αὐτὸν</span> <span class='ocrx_word' id='word_1_138' title='bbox 661 1560 811 1629; x_wconf 74' lang='grc' dir='ltr'>μετὰ</span> <span class='ocrx_word' id='word_1_139' title='bbox 834 1561 991 1632; x_wconf 78' lang='grc' dir='ltr'>δόξης</span> <span class='ocrx_word' id='word_1_140' title='bbox 1023 1563 1282 1633; x_wconf 63' lang='grc' dir='ltr'>ὀψόμεθα,</span> <span class='ocrx_word' id='word_1_141' title='bbox 1318 1564 1456 1634; x_wconf 71' lang='grc' dir='ltr'>αὕτη</span> <span class='ocrx_word' id='word_1_142' title='bbox 1491 1566 1523 1635; x_wconf 84' lang='grc' dir='ltr'>ἡ</span> <span class='ocrx_word' id='word_1_143' title='bbox 1558 1565 1861 1637; x_wconf 80' lang='grc' dir='ltr'>προφητεία</span> 
     </span>
    </p>
   </div>
   <div class='ocr_carea' id='block_1_20' title="bbox 248 1648 1861 1729">
    <p class='ocr_par' dir='ltr' id='par_1_20' title="bbox 248 1648 1861 1729">
     <span class='ocr_line' id='line_1_20' title="bbox 248 1648 1861 1729; baseline 0.007 -29"><span class='ocrx_word' id='word_1_144' title='bbox 248 1648 395 1717; x_wconf 75' lang='grc' dir='ltr'>δηλοῖ</span> <span class='ocrx_word' id='word_1_145' title='bbox 412 1665 426 1678; x_wconf 79' lang='grc'><strong><em>⁸</em></strong></span> <span class='ocrx_word' id='word_1_146' title='bbox 463 1652 567 1703; x_wconf 76' lang='grc' dir='ltr'><strong>καὶ</strong></span> <span class='ocrx_word' id='word_1_147' title='bbox 603 1650 696 1703; x_wconf 81' lang='grc' dir='ltr'>ὅτι</span> <span class='ocrx_word' id='word_1_148' title='bbox 742 1652 874 1717; x_wconf 78' lang='grc' dir='ltr'>λαὸς</span> <span class='ocrx_word' id='word_1_149' title='bbox 908 1656 937 1707; x_wconf 86' lang='grc' dir='ltr'>ὁ</span> <span class='ocrx_word' id='word_1_150' title='bbox 971 1657 1050 1718; x_wconf 81' lang='grc' dir='ltr'>εἰς</span> <span class='ocrx_word' id='word_1_151' title='bbox 1082 1657 1240 1709; x_wconf 77' lang='grc' dir='ltr'>αὑτὸν</span> <span class='ocrx_word' id='word_1_152' title='bbox 1274 1657 1549 1710; x_wconf 83' lang='grc' dir='ltr'>πιστεύειν</span> <span class='ocrx_word' id='word_1_153' title='bbox 1582 1675 1861 1729; x_wconf 65' lang='grc' dir='ltr'>προεγνωρ</span> 
     </span>
    </p>
   </div>
   <div class='ocr_carea' id='block_1_21' title="bbox 252 1742 1857 1821">
    <p class='ocr_par' dir='ltr' id='par_1_21' title="bbox 252 1742 1857 1821">
     <span class='ocr_line' id='line_1_21' title="bbox 252 1742 1857 1821; baseline 0.007 -29"><span class='ocrx_word' id='word_1_154' title='bbox 252 1742 445 1810; x_wconf 79' lang='grc' dir='ltr'>σμένος</span> <span class='ocrx_word' id='word_1_155' title='bbox 491 1744 836 1816; x_wconf 82' lang='grc' dir='ltr'>μελετήσειν</span> <span class='ocrx_word' id='word_1_156' title='bbox 872 1744 982 1816; x_wconf 82' lang='grc'>(⁵58)</span> <span class='ocrx_word' id='word_1_157' title='bbox 1034 1746 1197 1816; x_wconf 72' lang='grc' dir='ltr'>φόϐον</span> <span class='ocrx_word' id='word_1_158' title='bbox 1240 1749 1444 1821; x_wconf 82' lang='grc' dir='ltr'>Κυρίου</span> <span class='ocrx_word' id='word_1_159' title='bbox 1492 1750 1857 1821; x_wconf 77' lang='grc' dir='ltr'>προέγνωστο,</span> 
     </span>
    </p>
   </div>
   <div class='ocr_carea' id='block_1_22' title="bbox 1962 829 3542 898">
    <p class='ocr_par' dir='ltr' id='par_1_22' title="bbox 1962 829 3542 898">
     <span class='ocr_line' id='line_1_22' title="bbox 1962 829 3542 898; baseline 0.001 -18"><span class='ocrx_word' id='word_1_160' title='bbox 1962 829 2207 895; x_wconf 84' lang='lat' dir='ltr'><strong>Quocum</strong></span> <span class='ocrx_word' id='word_1_161' title='bbox 2242 829 2466 882; x_wconf 88' lang='lat' dir='ltr'><strong>consilia</strong></span> <span class='ocrx_word' id='word_1_162' title='bbox 2516 846 2619 883; x_wconf 92' lang='lat' dir='ltr'><strong>non</strong></span> <span class='ocrx_word' id='word_1_163' title='bbox 2667 829 2959 898; x_wconf 89' lang='lat' dir='ltr'><strong>agitarunt,</strong></span> <span class='ocrx_word' id='word_1_164' title='bbox 2992 844 3167 898; x_wconf 84' lang='lat' dir='ltr'><strong>neque</strong></span> <span class='ocrx_word' id='word_1_165' title='bbox 3197 829 3542 897; x_wconf 80' lang='lat' dir='ltr'><strong>profundita-</strong></span> 
     </span>
    </p>
   </div>
   <div class='ocr_carea' id='block_1_23' title="bbox 1962 920 3549 989">
    <p class='ocr_par' dir='ltr' id='par_1_23' title="bbox 1962 920 3549 989">
     <span class='ocr_line' id='line_1_23' title="bbox 1962 920 3549 989; baseline 0.001 -16"><span class='ocrx_word' id='word_1_166' title='bbox 1962 929 2071 973; x_wconf 85' lang='lat' dir='ltr'><strong>tem</strong></span> <span class='ocrx_word' id='word_1_167' title='bbox 2108 934 2300 973; x_wconf 86' lang='lat' dir='ltr'><strong>vocum</strong></span> <span class='ocrx_word' id='word_1_168' title='bbox 2330 920 2627 981; x_wconf 85' lang='lat' dir='ltr'><strong>sciverunt,</strong></span> <span class='ocrx_word' id='word_1_169' title='bbox 2662 920 2732 973; x_wconf 89' lang='lat' dir='ltr'><strong>ita</strong></span> <span class='ocrx_word' id='word_1_170' title='bbox 2767 928 2823 972; x_wconf 94' lang='lat' dir='ltr'><strong>ut</strong></span> <span class='ocrx_word' id='word_1_171' title='bbox 2860 936 2965 973; x_wconf 91' lang='lat' dir='ltr'><strong>non</strong></span> <span class='ocrx_word' id='word_1_172' title='bbox 2999 922 3271 974; x_wconf 78' lang='lat' dir='ltr'><strong>audirent.</strong></span> <span class='ocrx_word' id='word_1_173' title='bbox 3306 921 3549 989; x_wconf 76' lang='lat' dir='ltr'><strong>Populus</strong></span> 
     </span>
    </p>
   </div>
   <div class='ocr_carea' id='block_1_24' title="bbox 1961 1010 3547 1081">
    <p class='ocr_par' dir='ltr' id='par_1_24' title="bbox 1961 1010 3547 1081">
     <span class='ocr_line' id='line_1_24' title="bbox 1961 1010 3547 1081; baseline -0.001 -18"><span class='ocrx_word' id='word_1_174' title='bbox 1961 1012 2215 1075; x_wconf 84' lang='lat' dir='ltr'><strong>vitiosus,</strong></span> <span class='ocrx_word' id='word_1_175' title='bbox 2249 1020 2304 1064; x_wconf 91' lang='lat' dir='ltr'><strong>et</strong></span> <span class='ocrx_word' id='word_1_176' title='bbox 2350 1027 2456 1065; x_wconf 89' lang='lat' dir='ltr'><strong>non</strong></span> <span class='ocrx_word' id='word_1_177' title='bbox 2514 1019 2599 1065; x_wconf 89' lang='lat' dir='ltr'><strong>est</strong></span> <span class='ocrx_word' id='word_1_178' title='bbox 2655 1012 2892 1065; x_wconf 83' lang='lat' dir='ltr'><strong>audienti</strong></span> <span class='ocrx_word' id='word_1_179' title='bbox 2941 1011 3375 1081; x_wconf 78' lang='lat' dir='ltr'><strong>intelligentia&quot;.</strong></span> <span class='ocrx_word' id='word_1_180' title='bbox 3409 1010 3547 1064; x_wconf 69' lang='grc' dir='ltr'><strong>»1ιί-</strong></span> 
     </span>
    </p>
   </div>
   <div class='ocr_carea' id='block_1_25' title="bbox 1961 1103 3555 1174">
    <p class='ocr_par' dir='ltr' id='par_1_25' title="bbox 1961 1103 3555 1174">
     <span class='ocr_line' id='line_1_25' title="bbox 1961 1103 3555 1174; baseline 0.003 -19"><span class='ocrx_word' id='word_1_181' title='bbox 1961 1111 2090 1172; x_wconf 91' lang='lat' dir='ltr'><strong>quet</strong></span> <span class='ocrx_word' id='word_1_182' title='bbox 2122 1104 2289 1173; x_wconf 81' lang='lat' dir='ltr'><strong>igitur</strong></span> <span class='ocrx_word' id='word_1_183' title='bbox 2321 1103 2372 1156; x_wconf 91' lang='lat' dir='ltr'><strong>in</strong></span> <span class='ocrx_word' id='word_1_184' title='bbox 2409 1103 2508 1157; x_wconf 87' lang='lat' dir='ltr'><strong>hac</strong></span> <span class='ocrx_word' id='word_1_185' title='bbox 2541 1119 2755 1172; x_wconf 89' lang='lat' dir='ltr'><strong>quoque</strong></span> <span class='ocrx_word' id='word_1_186' title='bbox 2788 1104 3067 1174; x_wconf 81' lang='lat' dir='ltr'><strong>prophetia</strong></span> <span class='ocrx_word' id='word_1_187' title='bbox 3106 1115 3159 1157; x_wconf 85' lang='lat' dir='ltr'><strong>et</strong></span> <span class='ocrx_word' id='word_1_188' title='bbox 3185 1106 3251 1159; x_wconf 85' lang='lat' dir='ltr'><strong>de</strong></span> <span class='ocrx_word' id='word_1_189' title='bbox 3284 1119 3422 1172; x_wconf 90' lang='lat' dir='ltr'><strong>pane</strong></span> <span class='ocrx_word' id='word_1_190' title='bbox 3456 1105 3555 1159; x_wconf 81' lang='lat' dir='ltr'><strong>illo</strong></span> 
     </span>
    </p>
   </div>
   <div class='ocr_carea' id='block_1_26' title="bbox 1963 1195 3543 1265">
    <p class='ocr_par' dir='ltr' id='par_1_26' title="bbox 1963 1195 3543 1265">
     <span class='ocr_line' id='line_1_26' title="bbox 1963 1195 3543 1265; baseline 0 -16"><span class='ocrx_word' id='word_1_191' title='bbox 1963 1195 2205 1263; x_wconf 76' lang='lat' dir='ltr'><strong>praedici,</strong></span> <span class='ocrx_word' id='word_1_192' title='bbox 2238 1210 2398 1263; x_wconf 90' lang='lat' dir='ltr'><strong>quem</strong></span> <span class='ocrx_word' id='word_1_193' title='bbox 2436 1196 2593 1250; x_wconf 92' lang='lat' dir='ltr'><strong>nobis</strong></span> <span class='ocrx_word' id='word_1_194' title='bbox 2624 1196 2876 1250; x_wconf 90' lang='lat' dir='ltr'><strong>Christus</strong></span> <span class='ocrx_word' id='word_1_195' title='bbox 2906 1205 3090 1249; x_wconf 85' lang='lat' dir='ltr'><strong>noster</strong></span> <span class='ocrx_word' id='word_1_196' title='bbox 3121 1195 3303 1249; x_wconf 76' lang='lat' dir='ltr'><strong>facere</strong></span> <span class='ocrx_word' id='word_1_197' title='bbox 3336 1210 3543 1265; x_wconf 73' lang='lat' dir='ltr'><strong>prmce-</strong></span> 
     </span>
    </p>
   </div>
   <div class='ocr_carea' id='block_1_27' title="bbox 1961 1284 3547 1357">
    <p class='ocr_par' dir='ltr' id='par_1_27' title="bbox 1961 1284 3547 1357">
     <span class='ocr_line' id='line_1_27' title="bbox 1961 1284 3547 1357; baseline 0 -18"><span class='ocrx_word' id='word_1_198' title='bbox 1961 1288 2041 1357; x_wconf 86' lang='lat' dir='ltr'><strong>pit</strong></span> <span class='ocrx_word' id='word_1_199' title='bbox 2072 1287 2124 1340; x_wconf 92' lang='lat' dir='ltr'><strong>in</strong></span> <span class='ocrx_word' id='word_1_200' title='bbox 2157 1287 2476 1341; x_wconf 85' lang='lat' dir='ltr'><strong>memoriam</strong></span> <span class='ocrx_word' id='word_1_201' title='bbox 2509 1287 2757 1354; x_wconf 88' lang='lat' dir='ltr'><strong>corporis</strong></span> <span class='ocrx_word' id='word_1_202' title='bbox 2807 1302 2834 1339; x_wconf 89' lang='lat' dir='ltr'><strong>a</strong></span> <span class='ocrx_word' id='word_1_203' title='bbox 2873 1301 2931 1340; x_wconf 87' lang='lat' dir='ltr'><strong>se</strong></span> <span class='ocrx_word' id='word_1_204' title='bbox 2966 1295 3185 1355; x_wconf 86' lang='lat' dir='ltr'><strong>propter</strong></span> <span class='ocrx_word' id='word_1_205' title='bbox 3213 1301 3328 1351; x_wconf 89' lang='lat' dir='ltr'><strong>eos,</strong></span> <span class='ocrx_word' id='word_1_206' title='bbox 3366 1285 3455 1355; x_wconf 89' lang='lat' dir='ltr'><strong>qui</strong></span> <span class='ocrx_word' id='word_1_207' title='bbox 3488 1284 3547 1339; x_wconf 89' lang='lat' dir='ltr'><strong>in</strong></span> 
     </span>
    </p>
   </div>
   <div class='ocr_carea' id='block_1_28' title="bbox 1963 1378 3547 1449">
    <p class='ocr_par' dir='ltr' id='par_1_28' title="bbox 1963 1378 3547 1449">
     <span class='ocr_line' id='line_1_28' title="bbox 1963 1378 3547 1449; baseline -0.001 -16"><span class='ocrx_word' id='word_1_208' title='bbox 1963 1379 2134 1449; x_wconf 90' lang='lat' dir='ltr'><strong>ipsum</strong></span> <span class='ocrx_word' id='word_1_209' title='bbox 2185 1379 2441 1442; x_wconf 88' lang='lat' dir='ltr'><strong>credunt,</strong></span> <span class='ocrx_word' id='word_1_210' title='bbox 2498 1378 2659 1448; x_wconf 78' lang='lat'><strong>169</strong></span> <span class='ocrx_word' id='word_1_211' title='bbox 2711 1380 2999 1448; x_wconf 87' lang='lat' dir='ltr'><strong>assumpti,</strong></span> <span class='ocrx_word' id='word_1_212' title='bbox 3053 1389 3273 1447; x_wconf 84' lang='lat' dir='ltr'><strong>propter</strong></span> <span class='ocrx_word' id='word_1_213' title='bbox 3321 1392 3457 1446; x_wconf 88' lang='lat' dir='ltr'><strong>quos</strong></span> <span class='ocrx_word' id='word_1_214' title='bbox 3491 1388 3547 1431; x_wconf 88' lang='lat' dir='ltr'><strong>et</strong></span> 
     </span>
    </p>
   </div>
   <div class='ocr_carea' id='block_1_29' title="bbox 1963 1471 3548 1544">
    <p class='ocr_par' dir='ltr' id='par_1_29' title="bbox 1963 1471 3548 1544">
     <span class='ocr_line' id='line_1_29' title="bbox 1963 1471 3548 1544; baseline -0.001 -18"><span class='ocrx_word' id='word_1_215' title='bbox 1963 1473 2237 1544; x_wconf 90' lang='lat' dir='ltr'><strong>passibilis</strong></span> <span class='ocrx_word' id='word_1_216' title='bbox 2288 1471 2463 1525; x_wconf 84' lang='lat' dir='ltr'><strong>factus</strong></span> <span class='ocrx_word' id='word_1_217' title='bbox 2507 1481 2629 1535; x_wconf 89' lang='lat' dir='ltr'><strong>est;</strong></span> <span class='ocrx_word' id='word_1_218' title='bbox 2663 1481 2715 1524; x_wconf 84' lang='lat' dir='ltr'><strong>et</strong></span> <span class='ocrx_word' id='word_1_219' title='bbox 2743 1471 2809 1524; x_wconf 89' lang='lat' dir='ltr'><strong>de</strong></span> <span class='ocrx_word' id='word_1_220' title='bbox 2836 1472 3029 1536; x_wconf 89' lang='lat' dir='ltr'><strong>calice,</strong></span> <span class='ocrx_word' id='word_1_221' title='bbox 3058 1485 3216 1539; x_wconf 92' lang='lat' dir='ltr'><strong>quem</strong></span> <span class='ocrx_word' id='word_1_222' title='bbox 3253 1471 3302 1523; x_wconf 92' lang='lat' dir='ltr'><strong>in</strong></span> <span class='ocrx_word' id='word_1_223' title='bbox 3339 1486 3548 1524; x_wconf 83' lang='lat' dir='ltr'><strong>memo-</strong></span> 
     </span>
    </p>
   </div>
   <div class='ocr_carea' id='block_1_30' title="bbox 1963 1564 3547 1635">
    <p class='ocr_par' dir='ltr' id='par_1_30' title="bbox 1963 1564 3547 1635">
     <span class='ocr_line' id='line_1_30' title="bbox 1963 1564 3547 1635; baseline -0.001 -15"><span class='ocrx_word' id='word_1_224' title='bbox 1963 1565 2099 1620; x_wconf 86' lang='lat' dir='ltr'><strong>riam</strong></span> <span class='ocrx_word' id='word_1_225' title='bbox 2130 1567 2410 1635; x_wconf 89' lang='lat' dir='ltr'><strong>sanguinis</strong></span> <span class='ocrx_word' id='word_1_226' title='bbox 2432 1566 2515 1620; x_wconf 90' lang='lat' dir='ltr'><strong>sui</strong></span> <span class='ocrx_word' id='word_1_227' title='bbox 2547 1581 2668 1619; x_wconf 87' lang='lat' dir='ltr'><strong>cuni</strong></span> <span class='ocrx_word' id='word_1_228' title='bbox 2697 1566 2994 1635; x_wconf 81' lang='lat' dir='ltr'><strong>gratiarum</strong></span> <span class='ocrx_word' id='word_1_229' title='bbox 3025 1566 3239 1618; x_wconf 86' lang='lat' dir='ltr'><strong>actione</strong></span> <span class='ocrx_word' id='word_1_230' title='bbox 3265 1564 3380 1618; x_wconf 84' lang='lat' dir='ltr'><strong>ﬁeri</strong></span> <span class='ocrx_word' id='word_1_231' title='bbox 3407 1581 3547 1632; x_wconf 68' lang='lat' dir='ltr'><strong>prce-</strong></span> 
     </span>
    </p>
   </div>
   <div class='ocr_carea' id='block_1_31' title="bbox 1963 1655 3546 1729">
    <p class='ocr_par' dir='ltr' id='par_1_31' title="bbox 1963 1655 3546 1729">
     <span class='ocr_line' id='line_1_31' title="bbox 1963 1655 3546 1729; baseline -0.003 -15"><span class='ocrx_word' id='word_1_232' title='bbox 1963 1661 2131 1729; x_wconf 87' lang='lat' dir='ltr'><strong>cepit.</strong></span> <span class='ocrx_word' id='word_1_233' title='bbox 2151 1661 2326 1728; x_wconf 86' lang='lat' dir='ltr'><strong>Atque</strong></span> <span class='ocrx_word' id='word_1_234' title='bbox 2359 1659 2503 1712; x_wconf 89' lang='lat' dir='ltr'><strong>hunc</strong></span> <span class='ocrx_word' id='word_1_235' title='bbox 2530 1658 2703 1727; x_wconf 86' lang='lat' dir='ltr'><strong>ipsum</strong></span> <span class='ocrx_word' id='word_1_236' title='bbox 2738 1656 2939 1727; x_wconf 83' lang='lat' dir='ltr'><strong>Regem</strong></span> <span class='ocrx_word' id='word_1_237' title='bbox 2970 1656 3141 1725; x_wconf 83' lang='lat' dir='ltr'><strong>g|0ria</strong></span> <span class='ocrx_word' id='word_1_238' title='bbox 3165 1655 3546 1710; x_wconf 68' lang='lat' dir='ltr'><strong>circumﬂuen-</strong></span> 
     </span>
    </p>
   </div>
   <div class='ocr_carea' id='block_1_32' title="bbox 1964 1745 3543 1814">
    <p class='ocr_par' dir='ltr' id='par_1_32' title="bbox 1964 1745 3543 1814">
     <span class='ocr_line' id='line_1_32' title="bbox 1964 1745 3543 1814; baseline -0.002 -13"><span class='ocrx_word' id='word_1_239' title='bbox 1964 1756 2072 1801; x_wconf 87' lang='lat' dir='ltr'><strong>tcm</strong></span> <span class='ocrx_word' id='word_1_240' title='bbox 2116 1761 2215 1801; x_wconf 86' lang='lat' dir='ltr'><strong>nos</strong></span> <span class='ocrx_word' id='word_1_241' title='bbox 2260 1748 2475 1800; x_wconf 80' lang='lat' dir='ltr'><strong>visuros</strong></span> <span class='ocrx_word' id='word_1_242' title='bbox 2505 1747 2695 1800; x_wconf 90' lang='lat' dir='ltr'><strong>eadem</strong></span> <span class='ocrx_word' id='word_1_243' title='bbox 2726 1746 3011 1814; x_wconf 82' lang='lat' dir='ltr'><strong>prophetia</strong></span> <span class='ocrx_word' id='word_1_244' title='bbox 3042 1745 3288 1799; x_wconf 84' lang='lat' dir='ltr'><strong>declarat</strong></span> <span class='ocrx_word' id='word_1_245' title='bbox 3318 1766 3331 1801; x_wconf 88' lang='lat'><strong>:</strong></span> <span class='ocrx_word' id='word_1_246' title='bbox 3363 1762 3426 1801; x_wconf 89' lang='lat' dir='ltr'><strong>ac</strong></span> <span class='ocrx_word' id='word_1_247' title='bbox 3459 1747 3543 1799; x_wconf 80' lang='grc' dir='ltr'>[ιι-</span> 
     </span>
    </p>
   </div>
   <div class='ocr_carea' id='block_1_33' title="bbox 250 1826 1857 1910">
    <p class='ocr_par' dir='ltr' id='par_1_33' title="bbox 250 1826 1857 1910">
     <span class='ocr_line' id='line_1_33' title="bbox 250 1826 1857 1910; baseline 0.006 -26"><span class='ocrx_word' id='word_1_248' title='bbox 250 1826 406 1885; x_wconf 66' lang='grc' dir='ltr'>αὗται</span> <span class='ocrx_word' id='word_1_249' title='bbox 441 1836 500 1886; x_wconf 91' lang='grc' dir='ltr'>αἱ</span> <span class='ocrx_word' id='word_1_250' title='bbox 536 1834 730 1898; x_wconf 77' lang='grc' dir='ltr'>λέξεις</span> <span class='ocrx_word' id='word_1_251' title='bbox 760 1836 863 1907; x_wconf 84' lang='grc' dir='ltr'>τῆς</span> <span class='ocrx_word' id='word_1_252' title='bbox 897 1838 1231 1907; x_wconf 72' lang='grc' dir='ltr'>προφητείας</span> <span class='ocrx_word' id='word_1_253' title='bbox 1263 1840 1459 1910; x_wconf 86' lang='grc' dir='ltr'>βοῶσι·</span> <span class='ocrx_word' id='word_1_254' title='bbox 1490 1842 1584 1893; x_wconf 73' lang='grc' dir='ltr'>καὶ</span> <span class='ocrx_word' id='word_1_255' title='bbox 1617 1842 1697 1893; x_wconf 77' lang='grc' dir='ltr'><strong>ὅτι</strong></span> <span class='ocrx_word' id='word_1_256' title='bbox 1721 1844 1768 1893; x_wconf 82' lang='grc' dir='ltr'>οἱ</span> <span class='ocrx_word' id='word_1_257' title='bbox 1793 1841 1857 1894; x_wconf 81' lang='grc' dir='ltr'>τὰ</span> 
     </span>
    </p>
   </div>
   <div class='ocr_carea' id='block_1_34' title="bbox 1966 1826 3548 1910">
    <p class='ocr_par' dir='ltr' id='par_1_34' title="bbox 1968 1838 3548 1908">
     <span class='ocr_line' id='line_1_34' title="bbox 1968 1838 3548 1908; baseline -0.002 -14"><span class='ocrx_word' id='word_1_258' title='bbox 1968 1852 2147 1894; x_wconf 88' lang='lat' dir='ltr'><strong>turunt</strong></span> <span class='ocrx_word' id='word_1_259' title='bbox 2179 1842 2345 1895; x_wconf 89' lang='lat' dir='ltr'><strong>etiam</strong></span> <span class='ocrx_word' id='word_1_260' title='bbox 2381 1849 2439 1894; x_wconf 85' lang='lat' dir='ltr'><strong>tit</strong></span> <span class='ocrx_word' id='word_1_261' title='bbox 2472 1839 2725 1908; x_wconf 84' lang='lat' dir='ltr'><strong>populus,</strong></span> <span class='ocrx_word' id='word_1_262' title='bbox 2760 1839 2851 1907; x_wconf 85' lang='lat' dir='ltr'><strong>qui</strong></span> <span class='ocrx_word' id='word_1_263' title='bbox 2894 1838 2945 1892; x_wconf 91' lang='lat' dir='ltr'><strong>in</strong></span> <span class='ocrx_word' id='word_1_264' title='bbox 2987 1854 3111 1892; x_wconf 87' lang='lat' dir='ltr'><strong>eum</strong></span> <span class='ocrx_word' id='word_1_265' title='bbox 3164 1841 3548 1902; x_wconf 79' lang='lat' dir='ltr'><strong>przenosceba-</strong></span> 
     </span>
    </p>
   </div>
   <div class='ocr_carea' id='block_1_35' title="bbox 253 1924 1857 2001">
    <p class='ocr_par' dir='ltr' id='par_1_35' title="bbox 253 1924 1857 2001">
     <span class='ocr_line' id='line_1_35' title="bbox 253 1924 1857 2001; baseline 0.006 -25"><span class='ocrx_word' id='word_1_266' title='bbox 253 1924 562 1995; x_wconf 70' lang='grc' dir='ltr'>γράμματα</span> <span class='ocrx_word' id='word_1_267' title='bbox 614 1926 733 1979; x_wconf 83' lang='grc' dir='ltr'><strong>τῶν</strong></span> <span class='ocrx_word' id='word_1_268' title='bbox 766 1927 1002 1998; x_wconf 80' lang='grc' dir='ltr'>Γραφῶν</span> <span class='ocrx_word' id='word_1_269' title='bbox 1033 1929 1353 1984; x_wconf 80' lang='grc' dir='ltr'>ἐπίστασθαι</span> <span class='ocrx_word' id='word_1_270' title='bbox 1378 1929 1711 2001; x_wconf 77' lang='grc' dir='ltr'>λογιζόμενοι</span> <span class='ocrx_word' id='word_1_271' title='bbox 1761 1933 1857 1985; x_wconf 75' lang='grc' dir='ltr'>καὶ</span> 
     </span>
    </p>
   </div>
   <div class='ocr_carea' id='block_1_36' title="bbox 255 2014 1856 2093">
    <p class='ocr_par' dir='ltr' id='par_1_36' title="bbox 255 2014 1856 2093">
     <span class='ocr_line' id='line_1_36' title="bbox 255 2014 1856 2093; baseline 0.006 -27"><span class='ocrx_word' id='word_1_272' title='bbox 255 2014 545 2079; x_wconf 62' lang='grc' dir='ltr'>ἀκούοντες</span> <span class='ocrx_word' id='word_1_273' title='bbox 562 2016 680 2069; x_wconf 81' lang='grc' dir='ltr'><strong>τῶν</strong></span> <span class='ocrx_word' id='word_1_274' title='bbox 698 2018 1053 2089; x_wconf 79' lang='grc' dir='ltr'>προφητειῶν</span> <span class='ocrx_word' id='word_1_275' title='bbox 1069 2020 1167 2072; x_wconf 83' lang='grc' dir='ltr'>οὐκ</span> <span class='ocrx_word' id='word_1_276' title='bbox 1190 2020 1367 2090; x_wconf 76' lang='grc' dir='ltr'>ἔχουσι</span> <span class='ocrx_word' id='word_1_277' title='bbox 1397 2020 1629 2085; x_wconf 82' lang='grc' dir='ltr'>σύνεσιν,</span> <span class='ocrx_word' id='word_1_278' title='bbox 1654 2024 1856 2093; x_wconf 85' lang='grc' dir='ltr'>ὁμοίως</span> 
     </span>
    </p>
   </div>
   <div class='ocr_carea' id='block_1_37' title="bbox 260 2100 1855 2185">
    <p class='ocr_par' dir='ltr' id='par_1_37' title="bbox 260 2100 1855 2185">
     <span class='ocr_line' id='line_1_37' title="bbox 260 2100 1855 2185; baseline 0.006 -27"><span class='ocrx_word' id='word_1_279' title='bbox 260 2100 413 2160; x_wconf 67' lang='grc' dir='ltr'>αὗται</span> <span class='ocrx_word' id='word_1_280' title='bbox 457 2110 515 2160; x_wconf 84' lang='grc' dir='ltr'>αἱ</span> <span class='ocrx_word' id='word_1_281' title='bbox 566 2108 796 2181; x_wconf 74' lang='grc' dir='ltr'>Γραφαὶ</span> <span class='ocrx_word' id='word_1_282' title='bbox 841 2113 1192 2182; x_wconf 83' lang='grc' dir='ltr'>κεκράγασιν.</span> <span class='ocrx_word' id='word_1_283' title='bbox 1216 2114 1383 2166; x_wconf 82' lang='grc' dir='ltr'>Ὅταν</span> <span class='ocrx_word' id='word_1_284' title='bbox 1414 2113 1490 2176; x_wconf 83' lang='grc' dir='ltr'><strong>δὲ,</strong></span> <span class='ocrx_word' id='word_1_285' title='bbox 1524 2107 1570 2165; x_wconf 78' lang='grc' dir='ltr'><strong>ὦ</strong></span> <span class='ocrx_word' id='word_1_286' title='bbox 1601 2113 1855 2185; x_wconf 79' lang='grc' dir='ltr'>Τρύφων,</span> 
     </span>
    </p>
   </div>
   <div class='ocr_carea' id='block_1_38' title="bbox 260 2197 1854 2276">
    <p class='ocr_par' dir='ltr' id='par_1_38' title="bbox 260 2197 1854 2276">
     <span class='ocr_line' id='line_1_38' title="bbox 260 2197 1854 2276; baseline 0.006 -26"><span class='ocrx_word' id='word_1_287' title='bbox 260 2197 408 2267; x_wconf 71' lang='grc' dir='ltr'>ἔφην,</span> <span class='ocrx_word' id='word_1_288' title='bbox 434 2202 502 2253; x_wconf 76' lang='grc' dir='ltr'><strong>ἐκ</strong></span> <span class='ocrx_word' id='word_1_289' title='bbox 539 2200 823 2272; x_wconf 83' lang='grc' dir='ltr'>παρθένου</span> <span class='ocrx_word' id='word_1_290' title='bbox 855 2203 1216 2273; x_wconf 85' lang='grc' dir='ltr'>γεγεννῆσθαι</span> <span class='ocrx_word' id='word_1_291' title='bbox 1239 2203 1329 2257; x_wconf 84' lang='grc' dir='ltr'><strong>τὸν</strong></span> <span class='ocrx_word' id='word_1_292' title='bbox 1368 2205 1583 2276; x_wconf 82' lang='grc' dir='ltr'>Περσέα</span> <span class='ocrx_word' id='word_1_293' title='bbox 1616 2206 1854 2271; x_wconf 84' lang='grc' dir='ltr'>ἀκούσω,</span> 
     </span>
    </p>
   </div>
   <div class='ocr_carea' id='block_1_39' title="bbox 261 2292 1708 2369">
    <p class='ocr_par' dir='ltr' id='par_1_39' title="bbox 261 2292 1708 2369">
     <span class='ocr_line' id='line_1_39' title="bbox 261 2292 1708 2369; baseline 0.005 -26"><span class='ocrx_word' id='word_1_294' title='bbox 261 2294 348 2344; x_wconf 75' lang='grc' dir='ltr'>καὶ</span> <span class='ocrx_word' id='word_1_295' title='bbox 374 2292 537 2345; x_wconf 72' lang='grc' dir='ltr'>τοῦτο</span> <span class='ocrx_word' id='word_1_296' title='bbox 573 2295 930 2364; x_wconf 82' lang='grc' dir='ltr'>μιμήσασθαι</span> <span class='ocrx_word' id='word_1_297' title='bbox 961 2296 1053 2348; x_wconf 83' lang='grc' dir='ltr'><strong>τὸν</strong></span> <span class='ocrx_word' id='word_1_298' title='bbox 1083 2296 1277 2349; x_wconf 83' lang='grc' dir='ltr'>πλάνον</span> <span class='ocrx_word' id='word_1_299' title='bbox 1310 2296 1433 2366; x_wconf 75' lang='grc' dir='ltr'>ὄφιν</span> <span class='ocrx_word' id='word_1_300' title='bbox 1467 2297 1708 2369; x_wconf 84' lang='grc' dir='ltr'>συνίημι.</span> 
     </span>
    </p>
   </div>
   <div class='ocr_carea' id='block_1_40' title="bbox 1967 1930 3542 1999">
    <p class='ocr_par' dir='ltr' id='par_1_40' title="bbox 1967 1930 3542 1999">
     <span class='ocr_line' id='line_1_40' title="bbox 1967 1930 3542 1999; baseline -0.003 -11"><span class='ocrx_word' id='word_1_301' title='bbox 1967 1943 2053 1988; x_wconf 90' lang='lat' dir='ltr'><strong>tur</strong></span> <span class='ocrx_word' id='word_1_302' title='bbox 2084 1933 2415 1999; x_wconf 87' lang='lat' dir='ltr'><strong>crediturus,</strong></span> <span class='ocrx_word' id='word_1_303' title='bbox 2461 1931 2711 1985; x_wconf 87' lang='lat' dir='ltr'><strong>timorem</strong></span> <span class='ocrx_word' id='word_1_304' title='bbox 2752 1930 2842 1982; x_wconf 87' lang='lat' dir='ltr'><strong>Dei</strong></span> <span class='ocrx_word' id='word_1_305' title='bbox 2877 1930 3259 1996; x_wconf 85' lang='lat' dir='ltr'><strong>meditaretur,</strong></span> <span class='ocrx_word' id='word_1_306' title='bbox 3310 1932 3360 1984; x_wconf 87' lang='lat' dir='ltr'><strong>id</strong></span> <span class='ocrx_word' id='word_1_307' title='bbox 3398 1945 3542 1999; x_wconf 66' lang='lat' dir='ltr'><strong>prae-</strong></span> 
     </span>
    </p>
   </div>
   <div class='ocr_carea' id='block_1_41' title="bbox 1967 2022 3542 2095">
    <p class='ocr_par' dir='ltr' id='par_1_41' title="bbox 1967 2022 3542 2095">
     <span class='ocr_line' id='line_1_41' title="bbox 1967 2022 3542 2095; baseline -0.001 -17"><span class='ocrx_word' id='word_1_308' title='bbox 1967 2025 2242 2095; x_wconf 88' lang='lat' dir='ltr'><strong>cognitum</strong></span> <span class='ocrx_word' id='word_1_309' title='bbox 2292 2022 2483 2088; x_wconf 81' lang='lat' dir='ltr'><strong>fuisse,</strong></span> <span class='ocrx_word' id='word_1_310' title='bbox 2536 2024 2651 2093; x_wconf 91' lang='lat' dir='ltr'><strong>ipsa</strong></span> <span class='ocrx_word' id='word_1_311' title='bbox 2684 2026 2988 2095; x_wconf 61' lang='lat' dir='ltr'><strong>prophetia;</strong></span> <span class='ocrx_word' id='word_1_312' title='bbox 3043 2024 3209 2077; x_wconf 87' lang='lat' dir='ltr'><strong>verba</strong></span> <span class='ocrx_word' id='word_1_313' title='bbox 3260 2023 3542 2089; x_wconf 89' lang='lat' dir='ltr'><strong>clamant;</strong></span> 
     </span>
    </p>
   </div>
   <div class='ocr_carea' id='block_1_42' title="bbox 1966 2113 3547 2186">
    <p class='ocr_par' dir='ltr' id='par_1_42' title="bbox 1966 2113 3547 2186">
     <span class='ocr_line' id='line_1_42' title="bbox 1966 2113 3547 2186; baseline -0.001 -16"><span class='ocrx_word' id='word_1_314' title='bbox 1966 2116 2198 2184; x_wconf 90' lang='lat' dir='ltr'><strong>denique</strong></span> <span class='ocrx_word' id='word_1_315' title='bbox 2244 2130 2349 2171; x_wconf 87' lang='lat' dir='ltr'><strong>.eos</strong></span> <span class='ocrx_word' id='word_1_316' title='bbox 2405 2116 2497 2186; x_wconf 87' lang='lat' dir='ltr'><strong>qui</strong></span> <span class='ocrx_word' id='word_1_317' title='bbox 2552 2116 2766 2171; x_wconf 86' lang='lat' dir='ltr'><strong>litteras</strong></span> <span class='ocrx_word' id='word_1_318' title='bbox 2820 2117 3230 2184; x_wconf 80' lang='lat' dir='ltr'><strong>Scripturarum</strong></span> <span class='ocrx_word' id='word_1_319' title='bbox 3261 2116 3406 2169; x_wconf 82' lang='lat' dir='ltr'><strong>scire</strong></span> <span class='ocrx_word' id='word_1_320' title='bbox 3438 2113 3547 2170; x_wconf 80' lang='lat' dir='ltr'><strong>sibi</strong></span> 
     </span>
    </p>
   </div>
   <div class='ocr_carea' id='block_1_43' title="bbox 1965 2205 3546 2275">
    <p class='ocr_par' dir='ltr' id='par_1_43' title="bbox 1965 2205 3546 2275">
     <span class='ocr_line' id='line_1_43' title="bbox 1965 2205 3546 2275; baseline 0.001 -18"><span class='ocrx_word' id='word_1_321' title='bbox 1965 2206 2241 2265; x_wconf 90' lang='lat' dir='ltr'><strong>videntur,</strong></span> <span class='ocrx_word' id='word_1_322' title='bbox 2294 2205 2703 2275; x_wconf 77' lang='lat' dir='ltr'><strong>prophetiarnm</strong></span> <span class='ocrx_word' id='word_1_323' title='bbox 2754 2206 3189 2275; x_wconf 82' lang='lat' dir='ltr'><strong>intelligentiam,</strong></span> <span class='ocrx_word' id='word_1_324' title='bbox 3228 2206 3390 2260; x_wconf 82' lang='lat' dir='ltr'><strong>etiam</strong></span> <span class='ocrx_word' id='word_1_325' title='bbox 3419 2221 3546 2260; x_wconf 88' lang='lat' dir='ltr'><strong>cum</strong></span> 
     </span>
    </p>
   </div>
   <div class='ocr_carea' id='block_1_44' title="bbox 1967 2294 3549 2364">
    <p class='ocr_par' dir='ltr' id='par_1_44' title="bbox 1967 2294 3549 2364">
     <span class='ocr_line' id='line_1_44' title="bbox 1967 2294 3549 2364; baseline -0.001 -15"><span class='ocrx_word' id='word_1_326' title='bbox 1967 2311 2060 2349; x_wconf 87' lang='lat' dir='ltr'><strong>eas</strong></span> <span class='ocrx_word' id='word_1_327' title='bbox 2100 2296 2350 2359; x_wconf 90' lang='lat' dir='ltr'><strong>audiunt,</strong></span> <span class='ocrx_word' id='word_1_328' title='bbox 2384 2311 2486 2349; x_wconf 89' lang='lat' dir='ltr'><strong>non</strong></span> <span class='ocrx_word' id='word_1_329' title='bbox 2539 2295 2765 2361; x_wconf 90' lang='lat' dir='ltr'><strong>habere,</strong></span> <span class='ocrx_word' id='word_1_330' title='bbox 2814 2297 3065 2349; x_wconf 85' lang='lat' dir='ltr'><strong>similiter</strong></span> <span class='ocrx_word' id='word_1_331' title='bbox 3109 2296 3192 2348; x_wconf 61' lang='lat' dir='ltr'><strong>hat</strong></span> <span class='ocrx_word' id='word_1_332' title='bbox 3247 2294 3549 2364; x_wconf 66' lang='lat' dir='ltr'><strong>Scriptura:</strong></span> 
     </span>
    </p>
   </div>
   <div class='ocr_carea' id='block_1_45' title="bbox 262 2385 3545 2460">
    <p class='ocr_par' dir='ltr' id='par_1_45' title="bbox 262 2385 3545 2460">
     <span class='ocr_line' id='line_1_45' title="bbox 262 2385 3545 2460; baseline 0.002 -24"><span class='ocrx_word' id='word_1_333' title='bbox 262 2385 662 2440; x_wconf 74' lang='lat' dir='ltr'><strong>vociferantur.</strong></span> <span class='ocrx_word' id='word_1_334' title='bbox 698 2387 935 2453; x_wconf 81' lang='lat' dir='ltr'><strong>Quando</strong></span> <span class='ocrx_word' id='word_1_335' title='bbox 986 2397 1167 2442; x_wconf 89' lang='lat' dir='ltr'><strong>autem</strong></span> <span class='ocrx_word' id='word_1_336' title='bbox 1220 2405 1286 2444; x_wconf 87' lang='lat' dir='ltr'><strong>ex</strong></span> <span class='ocrx_word' id='word_1_337' title='bbox 1348 2390 1560 2459; x_wconf 86' lang='lat' dir='ltr'><strong>virgine</strong></span> <span class='ocrx_word' id='word_1_338' title='bbox 1603 2391 1843 2460; x_wconf 88' lang='lat' dir='ltr'><strong>genitum</strong></span> <span class='ocrx_word' id='word_1_339' title='bbox 1895 2390 2059 2445; x_wconf 88' lang='lat' dir='ltr'><strong>audio</strong></span> <span class='ocrx_word' id='word_1_340' title='bbox 2092 2388 2370 2452; x_wconf 83' lang='lat' dir='ltr'><strong>Perseum,</strong></span> <span class='ocrx_word' id='word_1_341' title='bbox 2433 2387 2488 2442; x_wconf 88' lang='lat' dir='ltr'><strong>id</strong></span> <span class='ocrx_word' id='word_1_342' title='bbox 2550 2403 2787 2458; x_wconf 83' lang='lat' dir='ltr'><strong>quoque,</strong></span> <span class='ocrx_word' id='word_1_343' title='bbox 2848 2387 3090 2458; x_wconf 79' lang='lat' dir='ltr'><strong>Trypho,</strong></span> <span class='ocrx_word' id='word_1_344' title='bbox 3142 2387 3545 2443; x_wconf 81' lang='lat' dir='ltr'><strong>fraudulentum</strong></span> 
     </span>
    </p>
   </div>
   <div class='ocr_carea' id='block_1_46' title="bbox 264 2480 1184 2551">
    <p class='ocr_par' dir='ltr' id='par_1_46' title="bbox 264 2480 1184 2551">
     <span class='ocr_line' id='line_1_46' title="bbox 264 2480 1184 2551; baseline 0.008 -20"><span class='ocrx_word' id='word_1_345' title='bbox 264 2489 571 2545; x_wconf 72' lang='lat' dir='ltr'><strong>serpentem</strong></span> <span class='ocrx_word' id='word_1_346' title='bbox 604 2480 883 2535; x_wconf 85' lang='lat' dir='ltr'><strong>imitatum</strong></span> <span class='ocrx_word' id='word_1_347' title='bbox 918 2483 1184 2551; x_wconf 84' lang='lat' dir='ltr'><strong>intelligo.</strong></span> 
     </span>
    </p>
   </div>
   <div class='ocr_carea' id='block_1_47' title="bbox 329 2571 1860 2650">
    <p class='ocr_par' dir='ltr' id='par_1_47' title="bbox 329 2571 1860 2650">
     <span class='ocr_line' id='line_1_47' title="bbox 329 2571 1860 2650; baseline 0.008 -27"><span class='ocrx_word' id='word_1_348' title='bbox 329 2571 418 2624; x_wconf 87' lang='lat' dir='ltr'><strong>7l.</strong></span> <span class='ocrx_word' id='word_1_349' title='bbox 473 2572 619 2625; x_wconf 79' lang='grc' dir='ltr'>Ἀλλ’</span> <span class='ocrx_word' id='word_1_350' title='bbox 642 2574 768 2644; x_wconf 77' lang='grc' dir='ltr'>οὐχὶ</span> <span class='ocrx_word' id='word_1_351' title='bbox 799 2576 911 2637; x_wconf 83' lang='grc' dir='ltr'>τοῖς</span> <span class='ocrx_word' id='word_1_352' title='bbox 933 2574 1270 2641; x_wconf 76' lang='grc' dir='ltr'>διδασκάλοις</span> <span class='ocrx_word' id='word_1_353' title='bbox 1304 2577 1460 2648; x_wconf 84' lang='grc' dir='ltr'>ὑμῶν</span> <span class='ocrx_word' id='word_1_354' title='bbox 1483 2578 1762 2650; x_wconf 87' lang='grc' dir='ltr'>πείθομαι,</span> <span class='ocrx_word' id='word_1_355' title='bbox 1785 2580 1860 2650; x_wconf 86' lang='grc' dir='ltr'>μὴ</span> 
     </span>
    </p>
   </div>
   <div class='ocr_carea' id='block_1_48' title="bbox 268 2662 1863 2737">
    <p class='ocr_par' dir='ltr' id='par_1_48' title="bbox 268 2662 1863 2737">
     <span class='ocr_line' id='line_1_48' title="bbox 268 2662 1863 2737; baseline 0.006 -24"><span class='ocrx_word' id='word_1_356' title='bbox 268 2662 705 2733; x_wconf 75' lang='grc' dir='ltr'>συντεθειμένοις</span> <span class='ocrx_word' id='word_1_357' title='bbox 736 2663 920 2727; x_wconf 76' lang='grc' dir='ltr'>καλῶς</span> <span class='ocrx_word' id='word_1_358' title='bbox 944 2665 1255 2735; x_wconf 78' lang='grc' dir='ltr'>ἐξηγεῖσθαι</span> <span class='ocrx_word' id='word_1_359' title='bbox 1276 2667 1386 2737; x_wconf 77' lang='grc'><strong>(59)</strong></span> <span class='ocrx_word' id='word_1_360' title='bbox 1412 2666 1482 2721; x_wconf 85' lang='grc' dir='ltr'>τὰ</span> <span class='ocrx_word' id='word_1_361' title='bbox 1503 2668 1607 2721; x_wconf 82' lang='grc' dir='ltr'>ὑπὸ</span> <span class='ocrx_word' id='word_1_362' title='bbox 1630 2668 1738 2721; x_wconf 85' lang='grc' dir='ltr'><strong>τῶν</strong></span> <span class='ocrx_word' id='word_1_363' title='bbox 1759 2687 1863 2722; x_wconf 91' lang='grc' dir='ltr'>πα-</span> 
     </span>
    </p>
   </div>
   <div class='ocr_carea' id='block_1_49' title="bbox 271 2752 1859 2831">
    <p class='ocr_par' dir='ltr' id='par_1_49' title="bbox 271 2752 1859 2831">
     <span class='ocr_line' id='line_1_49' title="bbox 271 2752 1859 2831; baseline 0.006 -26"><span class='ocrx_word' id='word_1_364' title='bbox 271 2752 336 2825; x_wconf 79' lang='grc' dir='ltr'>ρὰ</span> <span class='ocrx_word' id='word_1_365' title='bbox 377 2753 713 2825; x_wconf 80' lang='grc' dir='ltr'>Πτολεμαίῳ</span> <span class='ocrx_word' id='word_1_366' title='bbox 756 2754 836 2825; x_wconf 84' lang='grc' dir='ltr'>τῷ</span> <span class='ocrx_word' id='word_1_367' title='bbox 866 2756 1179 2824; x_wconf 76' lang='grc' dir='ltr'>Αἰγυπτίων</span> <span class='ocrx_word' id='word_1_368' title='bbox 1210 2758 1487 2830; x_wconf 84' lang='grc' dir='ltr'>γενομένῳ</span> <span class='ocrx_word' id='word_1_369' title='bbox 1530 2760 1737 2831; x_wconf 88' lang='grc' dir='ltr'>βασιλεί</span> <span class='ocrx_word' id='word_1_370' title='bbox 1767 2760 1859 2814; x_wconf 78' lang='grc' dir='ltr'>έδ-</span> 
     </span>
    </p>
   </div>
   <div class='ocr_carea' id='block_1_50' title="bbox 268 2844 1861 2922">
    <p class='ocr_par' dir='ltr' id='par_1_50' title="bbox 268 2844 1861 2922">
     <span class='ocr_line' id='line_1_50' title="bbox 268 2844 1861 2922; baseline 0.005 -26"><span class='ocrx_word' id='word_1_371' title='bbox 268 2844 573 2914; x_wconf 74' lang='grc' dir='ltr'>δομήκοντα</span> <span class='ocrx_word' id='word_1_372' title='bbox 609 2845 1003 2918; x_wconf 80' lang='grc' dir='ltr'>πρεσϐυτέρων</span> <span class='ocrx_word' id='word_1_373' title='bbox 1025 2864 1039 2877; x_wconf 82' lang='grc'><strong><em>-</em></strong></span> <span class='ocrx_word' id='word_1_374' title='bbox 1075 2847 1190 2901; x_wconf 79' lang='grc' dir='ltr'>ἀλλ’</span> <span class='ocrx_word' id='word_1_375' title='bbox 1225 2851 1379 2903; x_wconf 72' lang='grc' dir='ltr'>αὐτοὶ</span> <span class='ocrx_word' id='word_1_376' title='bbox 1404 2850 1713 2922; x_wconf 76' lang='grc' dir='ltr'>ἐξηγεῖσθαι</span> <span class='ocrx_word' id='word_1_377' title='bbox 1742 2870 1861 2905; x_wconf 91' lang='grc' dir='ltr'>πει-</span> 
     </span>
    </p>
   </div>
   <div class='ocr_carea' id='block_1_51' title="bbox 272 2934 1858 3013">
    <p class='ocr_par' dir='ltr' id='par_1_51' title="bbox 272 2934 1858 3013">
     <span class='ocr_line' id='line_1_51' title="bbox 272 2934 1858 3013; baseline 0.008 -27"><span class='ocrx_word' id='word_1_378' title='bbox 272 2934 479 3003; x_wconf 81' lang='grc' dir='ltr'>ρῶνται.</span> <span class='ocrx_word' id='word_1_379' title='bbox 518 2936 633 2989; x_wconf 74' lang='grc' dir='ltr'><strong>Καὶ</strong></span> <span class='ocrx_word' id='word_1_380' title='bbox 666 2936 750 2989; x_wconf 79' lang='grc' dir='ltr'><strong>ὅτι</strong></span> <span class='ocrx_word' id='word_1_381' title='bbox 785 2936 985 3001; x_wconf 87' lang='grc' dir='ltr'>πολλὰς</span> <span class='ocrx_word' id='word_1_382' title='bbox 1004 2938 1225 3008; x_wconf 81' lang='grc' dir='ltr'>Γραφὰς</span> <span class='ocrx_word' id='word_1_383' title='bbox 1255 2940 1436 2995; x_wconf 81' lang='grc' dir='ltr'>τέλεον</span> <span class='ocrx_word' id='word_1_384' title='bbox 1460 2942 1729 3013; x_wconf 79' lang='grc' dir='ltr'>περιεῖλον</span> <span class='ocrx_word' id='word_1_385' title='bbox 1747 2942 1858 3013; x_wconf 77' lang='grc'><strong>(40)</strong></span> 
     </span>
    </p>
   </div>
   <div class='ocr_carea' id='block_1_52' title="bbox 336 3090 987 3158">
    <p class='ocr_par' dir='ltr' id='par_1_52' title="bbox 336 3090 987 3158">
     <span class='ocr_line' id='line_1_52' title="bbox 336 3090 987 3158; baseline 0 -11"><span class='ocrx_word' id='word_1_386' title='bbox 336 3090 384 3123; x_wconf 81' lang='grc'><strong><em>⁸⁸</em></strong></span> <span class='ocrx_word' id='word_1_387' title='bbox 411 3090 519 3148; x_wconf 80' lang='lat' dir='ltr'><strong>lsa.</strong></span> <span class='ocrx_word' id='word_1_388' title='bbox 553 3108 764 3158; x_wconf 88' lang='lat' dir='ltr'><strong>xxxttt,</strong></span> <span class='ocrx_word' id='word_1_389' title='bbox 792 3092 987 3150; x_wconf 68' lang='lat'><strong>15-19.</strong></span> 
     </span>
    </p>
   </div>
   <div class='ocr_carea' id='block_1_53' title="bbox 2044 2571 3543 2643">
    <p class='ocr_par' dir='ltr' id='par_1_53' title="bbox 2044 2571 3543 2643">
     <span class='ocr_line' id='line_1_53' title="bbox 2044 2571 3543 2643; baseline 0.003 -18"><span class='ocrx_word' id='word_1_390' title='bbox 2044 2573 2131 2628; x_wconf 91' lang='lat' dir='ltr'><strong>7l.</strong></span> <span class='ocrx_word' id='word_1_391' title='bbox 2153 2572 2335 2626; x_wconf 73' lang='lat' dir='ltr'><strong>Judtei</strong></span> <span class='ocrx_word' id='word_1_392' title='bbox 2359 2573 2605 2642; x_wconf 80' lang='lat' dir='ltr'><strong>rejiciunt</strong></span> <span class='ocrx_word' id='word_1_393' title='bbox 2631 2571 2979 2642; x_wconf 81' lang='lat' dir='ltr'><strong>Septuaginta</strong></span> <span class='ocrx_word' id='word_1_394' title='bbox 3026 2574 3543 2643; x_wconf 77' lang='lat' dir='ltr'><strong>interpretationem,</strong></span> 
     </span>
    </p>
   </div>
   <div class='ocr_carea' id='block_1_54' title="bbox 1967 2666 3549 2737">
    <p class='ocr_par' dir='ltr' id='par_1_54' title="bbox 1967 2666 3549 2737">
     <span class='ocr_line' id='line_1_54' title="bbox 1967 2666 3549 2737; baseline 0.004 -16"><span class='ocrx_word' id='word_1_395' title='bbox 1967 2683 2032 2721; x_wconf 75' lang='lat' dir='ltr'><strong>ea:</strong></span> <span class='ocrx_word' id='word_1_396' title='bbox 2060 2684 2164 2737; x_wconf 86' lang='lat' dir='ltr'><strong>qua</strong></span> <span class='ocrx_word' id='word_1_397' title='bbox 2198 2669 2361 2720; x_wconf 84' lang='lat' dir='ltr'><strong>etiam</strong></span> <span class='ocrx_word' id='word_1_398' title='bbox 2402 2666 2658 2720; x_wconf 87' lang='lat' dir='ltr'><strong>nonnulla</strong></span> <span class='ocrx_word' id='word_1_399' title='bbox 2703 2666 3053 2721; x_wconf 85' lang='lat' dir='ltr'><strong>sustulerunt.</strong></span> <span class='ocrx_word' id='word_1_400' title='bbox 3082 2699 3153 2708; x_wconf 96' lang='lat'><strong>—</strong></span> <span class='ocrx_word' id='word_1_401' title='bbox 3188 2670 3292 2724; x_wconf 83' lang='lat' dir='ltr'><strong>Sed</strong></span> <span class='ocrx_word' id='word_1_402' title='bbox 3320 2672 3549 2729; x_wconf 84' lang='lat' dir='ltr'><strong>minime</strong></span> 
     </span>
    </p>
   </div>
   <div class='ocr_carea' id='block_1_55' title="bbox 1967 2759 3542 2831">
    <p class='ocr_par' dir='ltr' id='par_1_55' title="bbox 1967 2759 3542 2831">
     <span class='ocr_line' id='line_1_55' title="bbox 1967 2759 3542 2831; baseline 0.004 -19"><span class='ocrx_word' id='word_1_403' title='bbox 1967 2759 2100 2813; x_wconf 93' lang='lat' dir='ltr'><strong>mihi</strong></span> <span class='ocrx_word' id='word_1_404' title='bbox 2142 2760 2447 2829; x_wconf 86' lang='lat' dir='ltr'><strong>probantur</strong></span> <span class='ocrx_word' id='word_1_405' title='bbox 2490 2760 2739 2830; x_wconf 87' lang='lat' dir='ltr'><strong>magistri</strong></span> <span class='ocrx_word' id='word_1_406' title='bbox 2796 2762 3003 2826; x_wconf 83' lang='lat' dir='ltr'><strong>vestri,</strong></span> <span class='ocrx_word' id='word_1_407' title='bbox 3047 2762 3139 2830; x_wconf 90' lang='lat' dir='ltr'><strong>qui</strong></span> <span class='ocrx_word' id='word_1_408' title='bbox 3188 2760 3542 2831; x_wconf 77' lang='lat' dir='ltr'><strong>Septuaginta</strong></span> 
     </span>
    </p>
   </div>
   <div class='ocr_carea' id='block_1_56' title="bbox 1968 2851 3541 2927">
    <p class='ocr_par' dir='ltr' id='par_1_56' title="bbox 1968 2851 3541 2927">
     <span class='ocr_line' id='line_1_56' title="bbox 1968 2851 3541 2927; baseline 0.003 -21"><span class='ocrx_word' id='word_1_409' title='bbox 1968 2852 2091 2907; x_wconf 89' lang='lat' dir='ltr'><strong>illos</strong></span> <span class='ocrx_word' id='word_1_410' title='bbox 2136 2866 2297 2907; x_wconf 90' lang='lat' dir='ltr'><strong>senes</strong></span> <span class='ocrx_word' id='word_1_411' title='bbox 2351 2852 2494 2920; x_wconf 90' lang='lat' dir='ltr'><strong>apud</strong></span> <span class='ocrx_word' id='word_1_412' title='bbox 2539 2851 2896 2908; x_wconf 75' lang='lat' dir='ltr'><strong>Ptolemaeum</strong></span> <span class='ocrx_word' id='word_1_413' title='bbox 2934 2853 3312 2924; x_wconf 66' lang='lat' dir='ltr'><strong>Egyptiorum</strong></span> <span class='ocrx_word' id='word_1_414' title='bbox 3359 2872 3541 2927; x_wconf 88' lang='lat' dir='ltr'><strong>regem</strong></span> 
     </span>
    </p>
   </div>
   <div class='ocr_carea' id='block_1_57' title="bbox 1968 2942 3543 3016">
    <p class='ocr_par' dir='ltr' id='par_1_57' title="bbox 1968 2942 3543 3016">
     <span class='ocr_line' id='line_1_57' title="bbox 1968 2942 3543 3016; baseline 0.003 -19"><span class='ocrx_word' id='word_1_415' title='bbox 1968 2954 2115 2999; x_wconf 90' lang='lat' dir='ltr'><strong>recte</strong></span> <span class='ocrx_word' id='word_1_416' title='bbox 2154 2942 2548 3013; x_wconf 88' lang='lat' dir='ltr'><strong>interpretatos</strong></span> <span class='ocrx_word' id='word_1_417' title='bbox 2585 2956 2710 2998; x_wconf 88' lang='lat' dir='ltr'><strong>esse</strong></span> <span class='ocrx_word' id='word_1_418' title='bbox 2754 2943 3007 2999; x_wconf 90' lang='lat' dir='ltr'><strong>assentiri</strong></span> <span class='ocrx_word' id='word_1_419' title='bbox 3051 2945 3261 3011; x_wconf 91' lang='lat' dir='ltr'><strong>uolunt,</strong></span> <span class='ocrx_word' id='word_1_420' title='bbox 3294 2945 3391 3000; x_wconf 88' lang='lat' dir='ltr'><strong>sed</strong></span> <span class='ocrx_word' id='word_1_421' title='bbox 3437 2946 3543 3016; x_wconf 83' lang='lat' dir='ltr'><strong>ipsi</strong></span> 
     </span>
    </p>
   </div>
   <div class='ocr_carea' id='block_1_58' title="bbox 332 3245 1857 3322">
    <p class='ocr_par' dir='ltr' id='par_1_58' title="bbox 332 3245 1856 3322">
     <span class='ocr_line' id='line_1_58' title="bbox 332 3245 1856 3322; baseline 0.001 -21"><span class='ocrx_word' id='word_1_422' title='bbox 332 3246 450 3322; x_wconf 52' lang='grc' dir='ltr'><strong>(δίη</strong></span> <span class='ocrx_word' id='word_1_423' title='bbox 496 3246 613 3301; x_wconf 80' lang='grc' dir='ltr'><strong>Τοῦ</strong></span> <span class='ocrx_word' id='word_1_424' title='bbox 633 3263 699 3302; x_wconf 82' lang='grc' dir='ltr'><strong>τε</strong></span> <span class='ocrx_word' id='word_1_425' title='bbox 719 3245 1347 3322; x_wconf 63' lang='grc' dir='ltr'>σωματοςτοιήσᾳσθαι.</span> <span class='ocrx_word' id='word_1_426' title='bbox 1382 3247 1611 3322; x_wconf 82' lang='lat' dir='ltr'><strong>Duabus</strong></span> <span class='ocrx_word' id='word_1_427' title='bbox 1637 3247 1704 3322; x_wconf 81' lang='lat' dir='ltr'><strong>de</strong></span> <span class='ocrx_word' id='word_1_428' title='bbox 1727 3262 1856 3303; x_wconf 90' lang='lat' dir='ltr'><strong>cau-</strong></span> 
     </span>
    </p>
   </div>
   <div class='ocr_carea' id='block_1_59' title="bbox 1966 3245 3541 3322">
    <p class='ocr_par' dir='ltr' id='par_1_59' title="bbox 1966 3248 3541 3322">
     <span class='ocr_line' id='line_1_59' title="bbox 1966 3248 3541 3322; baseline 0.004 -20"><span class='ocrx_word' id='word_1_429' title='bbox 1966 3248 2100 3317; x_wconf 87' lang='lat' dir='ltr'><strong>apud</strong></span> <span class='ocrx_word' id='word_1_430' title='bbox 2147 3248 2283 3304; x_wconf 90' lang='lat' dir='ltr'><strong>alios</strong></span> <span class='ocrx_word' id='word_1_431' title='bbox 2339 3249 2667 3322; x_wconf 79' lang='lat' dir='ltr'><strong>interpretes</strong></span> <span class='ocrx_word' id='word_1_432' title='bbox 2731 3263 2899 3306; x_wconf 86' lang='lat' dir='ltr'><strong>tetum</strong></span> <span class='ocrx_word' id='word_1_433' title='bbox 2948 3251 3061 3308; x_wconf 83' lang='lat' dir='ltr'><strong>fere</strong></span> <span class='ocrx_word' id='word_1_434' title='bbox 3109 3254 3457 3322; x_wconf 84' lang='lat' dir='ltr'><strong>discrepabat</strong></span> <span class='ocrx_word' id='word_1_435' title='bbox 3512 3270 3541 3308; x_wconf 66' lang='grc' dir='ltr'><strong>α</strong></span> 
     </span>
    </p>
   </div>
   <div class='ocr_carea' id='block_1_60' title="bbox 262 3318 1856 3373">
    <p class='ocr_par' dir='ltr' id='par_1_60' title="bbox 262 3318 1856 3373">
     <span class='ocr_line' id='line_1_60' title="bbox 262 3318 1856 3373; baseline -0.001 0"><span class='ocrx_word' id='word_1_436' title='bbox 262 3318 342 3373; x_wconf 77' lang='lat' dir='ltr'><strong>sis</strong></span> <span class='ocrx_word' id='word_1_437' title='bbox 376 3318 634 3373; x_wconf 76' lang='lat' dir='ltr'><strong>Justinus</strong></span> <span class='ocrx_word' id='word_1_438' title='bbox 675 3319 1070 3373; x_wconf 88' lang='lat' dir='ltr'><strong>eucharistiam</strong></span> <span class='ocrx_word' id='word_1_439' title='bbox 1106 3320 1171 3370; x_wconf 89' lang='lat' dir='ltr'><strong>ad</strong></span> <span class='ocrx_word' id='word_1_440' title='bbox 1207 3319 1638 3372; x_wconf 85' lang='lat' dir='ltr'><strong>recordationem</strong></span> <span class='ocrx_word' id='word_1_441' title='bbox 1669 3319 1856 3372; x_wconf 83' lang='lat' dir='ltr'><strong>lncar-</strong></span> 
     </span>
    </p>
   </div>
   <div class='ocr_carea' id='block_1_61' title="bbox 262 3387 1853 3457">
    <p class='ocr_par' dir='ltr' id='par_1_61' title="bbox 262 3387 1853 3457">
     <span class='ocr_line' id='line_1_61' title="bbox 262 3387 1853 3457; baseline -0.001 -15"><span class='ocrx_word' id='word_1_442' title='bbox 262 3389 509 3442; x_wconf 80' lang='lat' dir='ltr'><strong>nationis</strong></span> <span class='ocrx_word' id='word_1_443' title='bbox 541 3387 816 3441; x_wconf 86' lang='lat' dir='ltr'><strong>celebrari</strong></span> <span class='ocrx_word' id='word_1_444' title='bbox 850 3390 1030 3442; x_wconf 81' lang='lat' dir='ltr'><strong>docet.</strong></span> <span class='ocrx_word' id='word_1_445' title='bbox 1062 3387 1264 3449; x_wconf 84' lang='lat' dir='ltr'><strong>Prima,</strong></span> <span class='ocrx_word' id='word_1_446' title='bbox 1286 3403 1460 3457; x_wconf 87' lang='lat' dir='ltr'><strong>eaque</strong></span> <span class='ocrx_word' id='word_1_447' title='bbox 1484 3389 1853 3457; x_wconf 86' lang='lat' dir='ltr'><strong>apertissima,</strong></span> 
     </span>
    </p>
   </div>
   <div class='ocr_carea' id='block_1_62' title="bbox 261 3457 1855 3528">
    <p class='ocr_par' dir='ltr' id='par_1_62' title="bbox 261 3457 1855 3528">
     <span class='ocr_line' id='line_1_62' title="bbox 261 3457 1855 3528; baseline 0.001 -19"><span class='ocrx_word' id='word_1_448' title='bbox 261 3461 391 3526; x_wconf 82' lang='lat' dir='ltr'><strong>quia</strong></span> <span class='ocrx_word' id='word_1_449' title='bbox 426 3460 559 3512; x_wconf 87' lang='lat' dir='ltr'><strong>dum</strong></span> <span class='ocrx_word' id='word_1_450' title='bbox 599 3472 735 3528; x_wconf 70' lang='lat' dir='ltr'><strong>caro</strong></span> <span class='ocrx_word' id='word_1_451' title='bbox 769 3457 859 3511; x_wconf 92' lang='lat' dir='ltr'><strong>illa</strong></span> <span class='ocrx_word' id='word_1_452' title='bbox 885 3458 1114 3512; x_wconf 86' lang='lat' dir='ltr'><strong>oﬂ&#39;ertur</strong></span> <span class='ocrx_word' id='word_1_453' title='bbox 1142 3458 1195 3511; x_wconf 91' lang='lat' dir='ltr'><strong>in</strong></span> <span class='ocrx_word' id='word_1_454' title='bbox 1241 3458 1423 3524; x_wconf 89' lang='lat' dir='ltr'><strong>altari,</strong></span> <span class='ocrx_word' id='word_1_455' title='bbox 1461 3474 1582 3512; x_wconf 92' lang='lat' dir='ltr'><strong>eam</strong></span> <span class='ocrx_word' id='word_1_456' title='bbox 1618 3475 1715 3528; x_wconf 91' lang='lat' dir='ltr'><strong>pro</strong></span> <span class='ocrx_word' id='word_1_457' title='bbox 1758 3475 1855 3510; x_wconf 82' lang='lat' dir='ltr'><strong>uo-</strong></span> 
     </span>
    </p>
   </div>
   <div class='ocr_carea' id='block_1_63' title="bbox 262 3526 1854 3597">
    <p class='ocr_par' dir='ltr' id='par_1_63' title="bbox 262 3526 1854 3597">
     <span class='ocr_line' id='line_1_63' title="bbox 262 3526 1854 3597; baseline 0.001 -15"><span class='ocrx_word' id='word_1_458' title='bbox 262 3528 349 3583; x_wconf 81' lang='lat' dir='ltr'><strong>his</strong></span> <span class='ocrx_word' id='word_1_459' title='bbox 381 3529 435 3582; x_wconf 90' lang='lat' dir='ltr'><strong>in</strong></span> <span class='ocrx_word' id='word_1_460' title='bbox 467 3541 633 3582; x_wconf 85' lang='lat' dir='ltr'><strong>utero</strong></span> <span class='ocrx_word' id='word_1_461' title='bbox 664 3526 907 3597; x_wconf 80' lang='lat' dir='ltr'><strong>Virginis</strong></span> <span class='ocrx_word' id='word_1_462' title='bbox 934 3529 1244 3597; x_wconf 80' lang='lat' dir='ltr'><strong>formatam,</strong></span> <span class='ocrx_word' id='word_1_463' title='bbox 1273 3540 1329 3582; x_wconf 91' lang='lat' dir='ltr'><strong>et</strong></span> <span class='ocrx_word' id='word_1_464' title='bbox 1356 3530 1407 3581; x_wconf 93' lang='lat' dir='ltr'><strong>in</strong></span> <span class='ocrx_word' id='word_1_465' title='bbox 1441 3544 1605 3583; x_wconf 92' lang='lat' dir='ltr'><strong>cruce</strong></span> <span class='ocrx_word' id='word_1_466' title='bbox 1621 3526 1854 3596; x_wconf 81' lang='lat' dir='ltr'><strong>passam</strong></span> 
     </span>
    </p>
   </div>
   <div class='ocr_carea' id='block_1_64' title="bbox 263 3595 1856 3666">
    <p class='ocr_par' dir='ltr' id='par_1_64' title="bbox 263 3595 1856 3666">
     <span class='ocr_line' id='line_1_64' title="bbox 263 3595 1856 3666; baseline -0.001 -13"><span class='ocrx_word' id='word_1_467' title='bbox 263 3600 654 3653; x_wconf 80' lang='lat' dir='ltr'><strong>recordamur.</strong></span> <span class='ocrx_word' id='word_1_468' title='bbox 688 3595 927 3652; x_wconf 78' lang='lat' dir='ltr'><strong>Alteram</strong></span> <span class='ocrx_word' id='word_1_469' title='bbox 960 3595 1117 3652; x_wconf 75' lang='lat' dir='ltr'><strong>aliert</strong></span> <span class='ocrx_word' id='word_1_470' title='bbox 1145 3599 1257 3665; x_wconf 86' lang='lat' dir='ltr'><strong>ipse</strong></span> <span class='ocrx_word' id='word_1_471' title='bbox 1286 3597 1532 3653; x_wconf 83' lang='lat' dir='ltr'><strong>Justinus</strong></span> <span class='ocrx_word' id='word_1_472' title='bbox 1566 3600 1616 3651; x_wconf 91' lang='lat' dir='ltr'><strong>in</strong></span> <span class='ocrx_word' id='word_1_473' title='bbox 1639 3595 1856 3666; x_wconf 25' lang='lat' dir='ltr'><strong>’Apolo-</strong></span> 
     </span>
    </p>
   </div>
   <div class='ocr_carea' id='block_1_65' title="bbox 264 3668 1855 3739">
    <p class='ocr_par' dir='ltr' id='par_1_65' title="bbox 264 3668 1855 3739">
     <span class='ocr_line' id='line_1_65' title="bbox 264 3668 1855 3739; baseline 0.001 -19"><span class='ocrx_word' id='word_1_474' title='bbox 264 3671 353 3739; x_wconf 73' lang='grc' dir='ltr'>εἰει</span> <span class='ocrx_word' id='word_1_475' title='bbox 385 3671 590 3739; x_wconf 83' lang='lat' dir='ltr'><strong>prima,</strong></span> <span class='ocrx_word' id='word_1_476' title='bbox 624 3668 714 3722; x_wconf 89' lang='lat' dir='ltr'><strong>ubi</strong></span> <span class='ocrx_word' id='word_1_477' title='bbox 751 3670 908 3723; x_wconf 88' lang='lat' dir='ltr'><strong>docet</strong></span> <span class='ocrx_word' id='word_1_478' title='bbox 932 3670 1389 3739; x_wconf 84' lang='lat' dir='ltr'><strong>quemadmodum</strong></span> <span class='ocrx_word' id='word_1_479' title='bbox 1424 3684 1520 3738; x_wconf 92' lang='lat' dir='ltr'><strong>per</strong></span> <span class='ocrx_word' id='word_1_480' title='bbox 1549 3669 1707 3722; x_wconf 86' lang='lat' dir='ltr'><strong>Verbi</strong></span> <span class='ocrx_word' id='word_1_481' title='bbox 1737 3685 1855 3722; x_wconf 81' lang='lat' dir='ltr'><strong>om-</strong></span> 
     </span>
    </p>
   </div>
   <div class='ocr_carea' id='block_1_66' title="bbox 265 3738 1855 3808">
    <p class='ocr_par' dir='ltr' id='par_1_66' title="bbox 265 3738 1855 3808">
     <span class='ocr_line' id='line_1_66' title="bbox 265 3738 1855 3808; baseline -0.001 -16"><span class='ocrx_word' id='word_1_482' title='bbox 265 3738 640 3806; x_wconf 72' lang='lat' dir='ltr'><strong>inpotentiam</strong></span> <span class='ocrx_word' id='word_1_483' title='bbox 669 3742 995 3808; x_wconf 73' lang='lat' dir='ltr'><strong>mysterium</strong></span> <span class='ocrx_word' id='word_1_484' title='bbox 1022 3738 1419 3793; x_wconf 89' lang='lat' dir='ltr'><strong>lncarnationis</strong></span> <span class='ocrx_word' id='word_1_485' title='bbox 1440 3748 1716 3808; x_wconf 89' lang='lat' dir='ltr'><strong>peractum</strong></span> <span class='ocrx_word' id='word_1_486' title='bbox 1751 3748 1855 3804; x_wconf 87' lang='lat' dir='ltr'><strong>est,</strong></span> 
     </span>
    </p>
   </div>
   <div class='ocr_carea' id='block_1_67' title="bbox 266 3806 1859 3877">
    <p class='ocr_par' dir='ltr' id='par_1_67' title="bbox 266 3806 1859 3877">
     <span class='ocr_line' id='line_1_67' title="bbox 266 3806 1859 3877; baseline 0.001 -15"><span class='ocrx_word' id='word_1_487' title='bbox 266 3811 339 3862; x_wconf 79' lang='lat' dir='ltr'><strong>ita</strong></span> <span class='ocrx_word' id='word_1_488' title='bbox 376 3810 637 3876; x_wconf 58' lang='lat' dir='ltr'><strong>ejusdem</strong></span> <span class='ocrx_word' id='word_1_489' title='bbox 671 3806 831 3863; x_wconf 71' lang='lat' dir='ltr'><strong>Vérbi</strong></span> <span class='ocrx_word' id='word_1_490' title='bbox 872 3810 1268 3875; x_wconf 87' lang='lat' dir='ltr'><strong>omnipotentia</strong></span> <span class='ocrx_word' id='word_1_491' title='bbox 1320 3806 1512 3877; x_wconf 83' lang='lat' dir='ltr'><strong>panem</strong></span> <span class='ocrx_word' id='word_1_492' title='bbox 1565 3818 1619 3862; x_wconf 90' lang='lat' dir='ltr'><strong>et</strong></span> <span class='ocrx_word' id='word_1_493' title='bbox 1670 3810 1859 3864; x_wconf 88' lang='lat' dir='ltr'><strong>vinum</strong></span> 
     </span>
    </p>
   </div>
   <div class='ocr_carea' id='block_1_68' title="bbox 268 3879 1856 3948">
    <p class='ocr_par' dir='ltr' id='par_1_68' title="bbox 268 3879 1856 3948">
     <span class='ocr_line' id='line_1_68' title="bbox 268 3879 1856 3948; baseline 0.002 -17"><span class='ocrx_word' id='word_1_494' title='bbox 268 3882 388 3933; x_wconf 79' lang='lat' dir='ltr'><strong>ﬁeri</strong></span> <span class='ocrx_word' id='word_1_495' title='bbox 450 3894 660 3948; x_wconf 85' lang='lat' dir='ltr'><strong>corpus</strong></span> <span class='ocrx_word' id='word_1_496' title='bbox 707 3889 765 3932; x_wconf 87' lang='lat' dir='ltr'><strong>et</strong></span> <span class='ocrx_word' id='word_1_497' title='bbox 813 3880 1134 3948; x_wconf 87' lang='lat' dir='ltr'><strong>sanguinem</strong></span> <span class='ocrx_word' id='word_1_498' title='bbox 1174 3879 1402 3934; x_wconf 79' lang='lat' dir='ltr'><strong>Christi.</strong></span> <span class='ocrx_word' id='word_1_499' title='bbox 1438 3879 1570 3934; x_wconf 84' lang='lat' dir='ltr'><strong>Vide</strong></span> <span class='ocrx_word' id='word_1_500' title='bbox 1616 3879 1769 3948; x_wconf 86' lang='lat' dir='ltr'><strong>Apol.</strong></span> <span class='ocrx_word' id='word_1_501' title='bbox 1807 3895 1856 3946; x_wconf 86' lang='lat' dir='ltr'><strong>I,</strong></span> 
     </span>
    </p>
   </div>
   <div class='ocr_carea' id='block_1_69' title="bbox 270 3950 1050 4020">
    <p class='ocr_par' dir='ltr' id='par_1_69' title="bbox 270 3950 1050 4020">
     <span class='ocr_line' id='line_1_69' title="bbox 270 3950 1050 4020; baseline 0.001 -17"><span class='ocrx_word' id='word_1_502' title='bbox 270 3951 435 4009; x_wconf 72' lang='lat' dir='ltr'><strong>p.66,</strong></span> <span class='ocrx_word' id='word_1_503' title='bbox 456 3960 515 4004; x_wconf 91' lang='lat' dir='ltr'><strong>et</strong></span> <span class='ocrx_word' id='word_1_504' title='bbox 556 3950 782 4004; x_wconf 68' lang='lat' dir='ltr'><strong>Praal&#39;at.</strong></span> <span class='ocrx_word' id='word_1_505' title='bbox 819 3961 959 4020; x_wconf 82' lang='lat' dir='ltr'><strong>part.</strong></span> <span class='ocrx_word' id='word_1_506' title='bbox 988 3965 1050 4004; x_wconf 86' lang='lat' dir='ltr'><strong>tt.</strong></span> 
     </span>
    </p>
   </div>
   <div class='ocr_carea' id='block_1_70' title="bbox 338 4019 1859 4091">
    <p class='ocr_par' dir='ltr' id='par_1_70' title="bbox 338 4019 1859 4091">
     <span class='ocr_line' id='line_1_70' title="bbox 338 4019 1859 4091; baseline -0.001 -15"><span class='ocrx_word' id='word_1_507' title='bbox 338 4022 455 4089; x_wconf 76' lang='lat'><strong>(58)</strong></span> <span class='ocrx_word' id='word_1_508' title='bbox 498 4019 898 4085; x_wconf 73' lang='grc' dir='ltr'>Μελετήσεὶν.</span> <span class='ocrx_word' id='word_1_509' title='bbox 930 4019 1008 4091; x_wconf 72' lang='grc' dir='ltr'><strong>Β.</strong></span> <span class='ocrx_word' id='word_1_510' title='bbox 1040 4020 1350 4089; x_wconf 90' lang='lat' dir='ltr'><strong>Stephanus</strong></span> <span class='ocrx_word' id='word_1_511' title='bbox 1382 4028 1438 4075; x_wconf 88' lang='lat' dir='ltr'><strong>et</strong></span> <span class='ocrx_word' id='word_1_512' title='bbox 1476 4029 1707 4091; x_wconf 87' lang='lat' dir='ltr'><strong>uterque</strong></span> <span class='ocrx_word' id='word_1_513' title='bbox 1735 4021 1859 4075; x_wconf 90' lang='lat' dir='ltr'><strong>cod.</strong></span> 
     </span>
    </p>
   </div>
   <div class='ocr_carea' id='block_1_71' title="bbox 269 4090 1858 4216">
    <p class='ocr_par' dir='ltr' id='par_1_71' title="bbox 269 4090 1858 4216">
     <span class='ocr_line' id='line_1_71' title="bbox 269 4090 1858 4216; baseline 0.001 -71"><span class='ocrx_word' id='word_1_514' title='bbox 269 4090 722 4216; x_wconf 49' lang='grc' dir='ltr'>ἓιιμελετήσει.</span> <span class='ocrx_word' id='word_1_515' title='bbox 770 4090 1089 4147; x_wconf 75' lang='lat' dir='ltr'><strong>Manifestus</strong></span> <span class='ocrx_word' id='word_1_516' title='bbox 1134 4105 1290 4146; x_wconf 88' lang='lat' dir='ltr'><strong>error</strong></span> <span class='ocrx_word' id='word_1_517' title='bbox 1334 4090 1581 4147; x_wconf 85' lang='lat' dir='ltr'><strong>sublatus</strong></span> <span class='ocrx_word' id='word_1_518' title='bbox 1614 4090 1667 4146; x_wconf 92' lang='lat' dir='ltr'><strong>iu</strong></span> <span class='ocrx_word' id='word_1_519' title='bbox 1700 4092 1858 4146; x_wconf 90' lang='lat' dir='ltr'><strong>editt.</strong></span> 
     </span>
     <span class='ocr_line' id='line_1_72' title="bbox 313 4178 445 4216; baseline 0.015 -2"><span class='ocrx_word' id='word_1_520' title='bbox 313 4178 445 4216; x_wconf 81' lang='lat' dir='ltr'><strong>aris.</strong></span> 
     </span>
    </p>
   </div>
   <div class='ocr_carea' id='block_1_72' title="bbox 313 4178 445 4216">
    <p class='ocr_par' dir='ltr' id='par_1_72' title="bbox 313 4178 445 4216">
     <span class='ocr_line' id='line_1_73' title="bbox 313 4178 445 4216; baseline 0.015 -2"><span class='ocrx_word' id='word_1_521' title='bbox 313 4178 445 4216; x_wconf 80' lang='lat' dir='ltr'><strong>aris.</strong></span> 
     </span>
    </p>
   </div>
   <div class='ocr_carea' id='block_1_73' title="bbox 338 4230 1863 4307">
    <p class='ocr_par' dir='ltr' id='par_1_73' title="bbox 338 4230 1863 4307">
     <span class='ocr_line' id='line_1_74' title="bbox 338 4230 1863 4307; baseline 0 -19"><span class='ocrx_word' id='word_1_522' title='bbox 338 4233 456 4307; x_wconf 61' lang='lat'><strong>(39)</strong></span> <span class='ocrx_word' id='word_1_523' title='bbox 496 4230 718 4307; x_wconf 53' lang='grc' dir='ltr'>καλῶς</span> <span class='ocrx_word' id='word_1_524' title='bbox 745 4231 1107 4307; x_wconf 62' lang='grc' dir='ltr'>ἐξηγεῖσθαι,</span> <span class='ocrx_word' id='word_1_525' title='bbox 1147 4232 1328 4307; x_wconf 64' lang='lat' dir='ltr'><strong>Mallet</strong></span> <span class='ocrx_word' id='word_1_526' title='bbox 1375 4232 1694 4307; x_wconf 84' lang='lat' dir='ltr'><strong>Sylburgius</strong></span> <span class='ocrx_word' id='word_1_527' title='bbox 1738 4235 1863 4307; x_wconf 76' lang='grc' dir='ltr'>ἐξη-</span> 
     </span>
    </p>
   </div>
   <div class='ocr_carea' id='block_1_74' title="bbox 270 4303 1858 4375">
    <p class='ocr_par' dir='ltr' id='par_1_74' title="bbox 270 4303 1858 4375">
     <span class='ocr_line' id='line_1_75' title="bbox 270 4303 1858 4375; baseline 0.004 -20"><span class='ocrx_word' id='word_1_528' title='bbox 270 4303 495 4375; x_wconf 71' lang='grc' dir='ltr'>γῆσθαι.</span> <span class='ocrx_word' id='word_1_529' title='bbox 534 4304 928 4375; x_wconf 28' lang='grc' dir='ltr'>Ουοιίῌιιυιεηι</span> <span class='ocrx_word' id='word_1_530' title='bbox 976 4306 1126 4359; x_wconf 91' lang='lat' dir='ltr'><strong>addit</strong></span> <span class='ocrx_word' id='word_1_531' title='bbox 1168 4303 1442 4368; x_wconf 75' lang='lat' dir='ltr'><strong>Justinus,</strong></span> <span class='ocrx_word' id='word_1_532' title='bbox 1486 4321 1505 4352; x_wconf 74' lang='grc' dir='ltr'>α</span> <span class='ocrx_word' id='word_1_533' title='bbox 1537 4303 1638 4373; x_wconf 83' lang='lat' dir='ltr'><strong>ipsi</strong></span> <span class='ocrx_word' id='word_1_534' title='bbox 1688 4303 1858 4375; x_wconf 77' lang='lat' dir='ltr'><strong>inter-</strong></span> 
     </span>
    </p>
   </div>
   <div class='ocr_carea' id='block_1_75' title="bbox 270 4370 1857 4444">
    <p class='ocr_par' dir='ltr' id='par_1_75' title="bbox 270 4370 1857 4444">
     <span class='ocr_line' id='line_1_76' title="bbox 270 4370 1857 4444; baseline 0.001 -17"><span class='ocrx_word' id='word_1_535' title='bbox 270 4370 479 4443; x_wconf 56' lang='grc' dir='ltr'>ῥέειν-ἱ</span> <span class='ocrx_word' id='word_1_536' title='bbox 510 4373 929 4443; x_wconf 87' lang='lat' dir='ltr'><strong>aggrediuntur,</strong></span> <span class='ocrx_word' id='word_1_537' title='bbox 967 4392 985 4425; x_wconf 73' lang='grc' dir='ltr'><strong>ι</strong></span> <span class='ocrx_word' id='word_1_538' title='bbox 1024 4375 1075 4429; x_wconf 91' lang='lat' dir='ltr'><strong>id</strong></span> <span class='ocrx_word' id='word_1_539' title='bbox 1106 4376 1173 4430; x_wconf 91' lang='lat' dir='ltr'><strong>de</strong></span> <span class='ocrx_word' id='word_1_540' title='bbox 1202 4382 1312 4429; x_wconf 92' lang='lat' dir='ltr'><strong>tota</strong></span> <span class='ocrx_word' id='word_1_541' title='bbox 1354 4370 1657 4444; x_wconf 82' lang='lat' dir='ltr'><strong>Scriptura,</strong></span> <span class='ocrx_word' id='word_1_542' title='bbox 1692 4370 1745 4429; x_wconf 92' lang='lat' dir='ltr'><strong>id</strong></span> <span class='ocrx_word' id='word_1_543' title='bbox 1774 4386 1857 4430; x_wconf 90' lang='lat' dir='ltr'><strong>est</strong></span> 
     </span>
    </p>
   </div>
   <div class='ocr_carea' id='block_1_76' title="bbox 272 4443 1936 4515">
    <p class='ocr_par' dir='ltr' id='par_1_76' title="bbox 272 4443 1936 4515">
     <span class='ocr_line' id='line_1_77' title="bbox 272 4443 1936 4515; baseline 0.002 -20"><span class='ocrx_word' id='word_1_544' title='bbox 272 4446 338 4515; x_wconf 76' lang='lat' dir='ltr'><strong>de</strong></span> <span class='ocrx_word' id='word_1_545' title='bbox 364 4443 589 4515; x_wconf 65' lang='lat' dir='ltr'><strong>Aquila:</strong></span> <span class='ocrx_word' id='word_1_546' title='bbox 615 4446 867 4498; x_wconf 82' lang='lat' dir='ltr'><strong>versione</strong></span> <span class='ocrx_word' id='word_1_547' title='bbox 911 4453 1038 4499; x_wconf 88' lang='lat' dir='ltr'><strong>ante</strong></span> <span class='ocrx_word' id='word_1_548' title='bbox 1083 4447 1292 4515; x_wconf 90' lang='lat' dir='ltr'><strong>aliquot</strong></span> <span class='ocrx_word' id='word_1_549' title='bbox 1346 4443 1521 4499; x_wconf 82' lang='lat' dir='ltr'><strong>annos</strong></span> <span class='ocrx_word' id='word_1_550' title='bbox 1551 4446 1856 4511; x_wconf 89' lang='lat' dir='ltr'><strong>elaborata,</strong></span> <span class='ocrx_word' id='word_1_551' title='bbox 1892 4460 1936 4515; x_wconf 76' lang='grc' dir='ltr'>υ</span> 
     </span>
    </p>
   </div>
   <div class='ocr_carea' id='block_1_77' title="bbox 272 4512 1858 4584">
    <p class='ocr_par' dir='ltr' id='par_1_77' title="bbox 272 4512 1858 4584">
     <span class='ocr_line' id='line_1_78' title="bbox 272 4512 1858 4584; baseline 0.004 -19"><span class='ocrx_word' id='word_1_552' title='bbox 272 4512 693 4584; x_wconf 82' lang='lat' dir='ltr'><strong>intelligendum</strong></span> <span class='ocrx_word' id='word_1_553' title='bbox 744 4529 849 4567; x_wconf 90' lang='lat' dir='ltr'><strong>non</strong></span> <span class='ocrx_word' id='word_1_554' title='bbox 902 4526 1053 4584; x_wconf 92' lang='lat' dir='ltr'><strong>puto,</strong></span> <span class='ocrx_word' id='word_1_555' title='bbox 1086 4512 1191 4571; x_wconf 84' lang='lat' dir='ltr'><strong>sed</strong></span> <span class='ocrx_word' id='word_1_556' title='bbox 1226 4519 1292 4569; x_wconf 87' lang='lat' dir='ltr'><strong>de</strong></span> <span class='ocrx_word' id='word_1_557' title='bbox 1337 4516 1665 4584; x_wconf 89' lang='lat' dir='ltr'><strong>quibusdam</strong></span> <span class='ocrx_word' id='word_1_558' title='bbox 1699 4517 1858 4581; x_wconf 87' lang='lat' dir='ltr'><strong>locis,</strong></span> 
     </span>
    </p>
   </div>
   <div class='ocr_carea' id='block_1_78' title="bbox 274 4584 1856 4655">
    <p class='ocr_par' dir='ltr' id='par_1_78' title="bbox 274 4584 1856 4655">
     <span class='ocr_line' id='line_1_79' title="bbox 274 4584 1856 4655; baseline 0.003 -21"><span class='ocrx_word' id='word_1_559' title='bbox 274 4586 337 4637; x_wconf 86' lang='lat' dir='ltr'><strong>de</strong></span> <span class='ocrx_word' id='word_1_560' title='bbox 370 4584 754 4655; x_wconf 84' lang='lat' dir='ltr'><strong>quibus_litem</strong></span> <span class='ocrx_word' id='word_1_561' title='bbox 781 4584 947 4639; x_wconf 66' lang='lat' dir='ltr'><strong>Judaei</strong></span> <span class='ocrx_word' id='word_1_562' title='bbox 980 4588 1292 4641; x_wconf 78' lang='lat' dir='ltr'><strong>movebant.</strong></span> <span class='ocrx_word' id='word_1_563' title='bbox 1328 4584 1463 4639; x_wconf 84' lang='lat' dir='ltr'><strong>Nam</strong></span> <span class='ocrx_word' id='word_1_564' title='bbox 1494 4586 1551 4640; x_wconf 80' lang='grc' dir='ltr'><strong>1ο</strong></span> <span class='ocrx_word' id='word_1_565' title='bbox 1586 4588 1856 4655; x_wconf 89' lang='lat' dir='ltr'><strong>Interpre—</strong></span> 
     </span>
    </p>
   </div>
   <div class='ocr_carea' id='block_1_79' title="bbox 274 4652 1857 4725">
    <p class='ocr_par' dir='ltr' id='par_1_79' title="bbox 274 4652 1857 4725">
     <span class='ocr_line' id='line_1_80' title="bbox 274 4652 1857 4725; baseline 0.002 -20"><span class='ocrx_word' id='word_1_566' title='bbox 274 4652 539 4725; x_wconf 76' lang='lat' dir='ltr'><strong>tationem</strong></span> <span class='ocrx_word' id='word_1_567' title='bbox 562 4652 923 4725; x_wconf 89' lang='lat' dir='ltr'><strong>Septuaginta</strong></span> <span class='ocrx_word' id='word_1_568' title='bbox 953 4658 1227 4710; x_wconf 89' lang='lat' dir='ltr'><strong>seniorum</strong></span> <span class='ocrx_word' id='word_1_569' title='bbox 1259 4658 1313 4711; x_wconf 94' lang='lat' dir='ltr'><strong>in</strong></span> <span class='ocrx_word' id='word_1_570' title='bbox 1344 4657 1618 4711; x_wconf 90' lang='lat' dir='ltr'><strong>nonnullis</strong></span> <span class='ocrx_word' id='word_1_571' title='bbox 1650 4652 1857 4711; x_wconf 76' lang='lat' dir='ltr'><strong>tantum</strong></span> 
     </span>
    </p>
   </div>
   <div class='ocr_carea' id='block_1_80' title="bbox 274 4722 1860 4796">
    <p class='ocr_par' dir='ltr' id='par_1_80' title="bbox 274 4722 1860 4796">
     <span class='ocr_line' id='line_1_81' title="bbox 274 4722 1860 4796; baseline 0.002 -19"><span class='ocrx_word' id='word_1_572' title='bbox 274 4722 408 4796; x_wconf 62' lang='lat' dir='ltr'><strong>iocis</strong></span> <span class='ocrx_word' id='word_1_573' title='bbox 462 4722 963 4792; x_wconf 78' lang='lat' dir='ltr'><strong>reprehendebant.</strong></span> <span class='ocrx_word' id='word_1_574' title='bbox 1008 4738 1203 4782; x_wconf 77' lang='lat' dir='ltr'><strong>czetera</strong></span> <span class='ocrx_word' id='word_1_575' title='bbox 1256 4728 1582 4796; x_wconf 88' lang='lat' dir='ltr'><strong>probabant,</strong></span> <span class='ocrx_word' id='word_1_576' title='bbox 1625 4745 1676 4781; x_wconf 93' lang='lat' dir='ltr'><strong>n.</strong></span> <span class='ocrx_word' id='word_1_577' title='bbox 1708 4726 1777 4780; x_wconf 88' lang='grc'><strong>68</strong></span> <span class='ocrx_word' id='word_1_578' title='bbox 1805 4735 1860 4781; x_wconf 90' lang='lat' dir='ltr'><strong>et</strong></span> 
     </span>
    </p>
   </div>
   <div class='ocr_carea' id='block_1_81' title="bbox 274 4792 1857 4867">
    <p class='ocr_par' dir='ltr' id='par_1_81' title="bbox 274 4792 1857 4867">
     <span class='ocr_line' id='line_1_82' title="bbox 274 4792 1857 4867; baseline 0.003 -20"><span class='ocrx_word' id='word_1_579' title='bbox 274 4792 359 4867; x_wconf 64' lang='lat'><strong>72.</strong></span> <span class='ocrx_word' id='word_1_580' title='bbox 387 4796 459 4848; x_wconf 78' lang='lat' dir='ltr'><strong>At</strong></span> <span class='ocrx_word' id='word_1_581' title='bbox 490 4797 678 4849; x_wconf 88' lang='lat' dir='ltr'><strong>versio</strong></span> <span class='ocrx_word' id='word_1_582' title='bbox 703 4796 913 4863; x_wconf 73' lang='lat' dir='ltr'><strong>Aquilae</strong></span> <span class='ocrx_word' id='word_1_583' title='bbox 941 4792 1407 4851; x_wconf 43' lang='lat' dir='ltr'><strong>innumeris-locis</strong></span> <span class='ocrx_word' id='word_1_584' title='bbox 1444 4811 1473 4850; x_wconf 88' lang='lat' dir='ltr'><strong>a</strong></span> <span class='ocrx_word' id='word_1_585' title='bbox 1506 4798 1857 4867; x_wconf 80' lang='lat' dir='ltr'><strong>Septuaginta</strong></span> 
     </span>
    </p>
   </div>
   <div class='ocr_carea' id='block_1_82' title="bbox 276 4866 1857 4938">
    <p class='ocr_par' dir='ltr' id='par_1_82' title="bbox 276 4866 1857 4938">
     <span class='ocr_line' id='line_1_83' title="bbox 276 4866 1857 4938; baseline 0.001 -18"><span class='ocrx_word' id='word_1_586' title='bbox 276 4866 650 4938; x_wconf 77' lang='lat' dir='ltr'><strong>discrepabat.</strong></span> <span class='ocrx_word' id='word_1_587' title='bbox 676 4867 739 4919; x_wconf 73' lang='grc' dir='ltr'><strong>Ξ·</strong></span> <span class='ocrx_word' id='word_1_588' title='bbox 769 4868 911 4920; x_wconf 91' lang='lat' dir='ltr'><strong>Idem</strong></span> <span class='ocrx_word' id='word_1_589' title='bbox 942 4871 1269 4936; x_wconf 89' lang='lat' dir='ltr'><strong>persuadent</strong></span> <span class='ocrx_word' id='word_1_590' title='bbox 1314 4870 1447 4938; x_wconf 70' lang='lat' dir='ltr'><strong>ipsa)</strong></span> <span class='ocrx_word' id='word_1_591' title='bbox 1490 4868 1687 4923; x_wconf 88' lang='lat' dir='ltr'><strong>Justini</strong></span> <span class='ocrx_word' id='word_1_592' title='bbox 1720 4866 1857 4937; x_wconf 76' lang='lat' dir='ltr'><strong>que-</strong></span> 
     </span>
    </p>
   </div>
   <div class='ocr_carea' id='block_1_83' title="bbox 277 4936 1858 5008">
    <p class='ocr_par' dir='ltr' id='par_1_83' title="bbox 277 4936 1858 5008">
     <span class='ocr_line' id='line_1_84' title="bbox 277 4936 1858 5008; baseline 0 -17"><span class='ocrx_word' id='word_1_593' title='bbox 277 4938 437 5001; x_wconf 68' lang='lat' dir='ltr'><strong>rela;</strong></span> <span class='ocrx_word' id='word_1_594' title='bbox 467 4936 619 4990; x_wconf 87' lang='lat' dir='ltr'><strong>aliud</strong></span> <span class='ocrx_word' id='word_1_595' title='bbox 649 4946 733 4991; x_wconf 85' lang='lat' dir='ltr'><strong>est</strong></span> <span class='ocrx_word' id='word_1_596' title='bbox 760 4938 906 4991; x_wconf 87' lang='lat' dir='ltr'><strong>enim</strong></span> <span class='ocrx_word' id='word_1_597' title='bbox 926 4939 1244 5008; x_wconf 87' lang='lat' dir='ltr'><strong>testimonia</strong></span> <span class='ocrx_word' id='word_1_598' title='bbox 1274 4955 1304 4994; x_wconf 92' lang='lat' dir='ltr'><strong>e</strong></span> <span class='ocrx_word' id='word_1_599' title='bbox 1333 4936 1497 4993; x_wconf 78' lang='lat' dir='ltr'><strong>veteri</strong></span> <span class='ocrx_word' id='word_1_600' title='bbox 1531 4936 1858 5008; x_wconf 83' lang='lat' dir='ltr'><strong>interpreta-</strong></span> 
     </span>
    </p>
   </div>
   <div class='ocr_carea' id='block_1_84' title="bbox 278 5007 1858 5078">
    <p class='ocr_par' dir='ltr' id='par_1_84' title="bbox 278 5007 1858 5078">
     <span class='ocr_line' id='line_1_85' title="bbox 278 5007 1858 5078; baseline 0.001 -17"><span class='ocrx_word' id='word_1_601' title='bbox 278 5010 423 5062; x_wconf 81' lang='lat' dir='ltr'><strong>tione</strong></span> <span class='ocrx_word' id='word_1_602' title='bbox 439 5021 778 5077; x_wconf 79' lang='lat' dir='ltr'><strong>expungere,</strong></span> <span class='ocrx_word' id='word_1_603' title='bbox 794 5007 935 5075; x_wconf 89' lang='lat' dir='ltr'><strong>quod</strong></span> <span class='ocrx_word' id='word_1_604' title='bbox 958 5025 1121 5063; x_wconf 87' lang='lat' dir='ltr'><strong>unum</strong></span> <span class='ocrx_word' id='word_1_605' title='bbox 1141 5014 1387 5078; x_wconf 85' lang='lat' dir='ltr'><strong>queritur</strong></span> <span class='ocrx_word' id='word_1_606' title='bbox 1407 5007 1683 5076; x_wconf 82' lang='lat' dir='ltr'><strong>Justinus;</strong></span> <span class='ocrx_word' id='word_1_607' title='bbox 1708 5010 1858 5063; x_wconf 87' lang='lat' dir='ltr'><strong>aliud</strong></span> 
     </span>
    </p>
   </div>
   <div class='ocr_carea' id='block_1_85' title="bbox 280 5078 1859 5145">
    <p class='ocr_par' dir='ltr' id='par_1_85' title="bbox 280 5078 1859 5145">
     <span class='ocr_line' id='line_1_86' title="bbox 280 5078 1859 5145; baseline 0.001 -14"><span class='ocrx_word' id='word_1_608' title='bbox 280 5094 475 5131; x_wconf 84' lang='lat' dir='ltr'><strong>novam</strong></span> <span class='ocrx_word' id='word_1_609' title='bbox 503 5079 815 5133; x_wconf 85' lang='lat' dir='ltr'><strong>elaborare.</strong></span> <span class='ocrx_word' id='word_1_610' title='bbox 843 5078 901 5132; x_wconf 76' lang='grc'><strong>3⁸</strong></span> <span class='ocrx_word' id='word_1_611' title='bbox 925 5080 1057 5133; x_wconf 90' lang='lat' dir='ltr'><strong>Dum</strong></span> <span class='ocrx_word' id='word_1_612' title='bbox 1092 5082 1167 5133; x_wconf 90' lang='lat' dir='ltr'><strong>ait</strong></span> <span class='ocrx_word' id='word_1_613' title='bbox 1198 5080 1465 5145; x_wconf 80' lang='lat' dir='ltr'><strong>Justinus,</strong></span> <span class='ocrx_word' id='word_1_614' title='bbox 1496 5097 1549 5134; x_wconf 86' lang='grc' dir='ltr'>ιι.</span> <span class='ocrx_word' id='word_1_615' title='bbox 1580 5080 1669 5142; x_wconf 79' lang='lat'><strong>72,</strong></span> <span class='ocrx_word' id='word_1_616' title='bbox 1706 5082 1859 5133; x_wconf 86' lang='lat' dir='ltr'><strong>testi-</strong></span> 
     </span>
    </p>
   </div>
   <div class='ocr_carea' id='block_1_86' title="bbox 279 5148 1853 5220">
    <p class='ocr_par' dir='ltr' id='par_1_86' title="bbox 279 5148 1853 5220">
     <span class='ocr_line' id='line_1_87' title="bbox 279 5148 1853 5220; baseline 0.003 -21"><span class='ocrx_word' id='word_1_617' title='bbox 279 5151 521 5204; x_wconf 77' lang='lat' dir='ltr'><strong>monium</strong></span> <span class='ocrx_word' id='word_1_618' title='bbox 553 5148 809 5205; x_wconf 67' lang='lat' dir='ltr'><strong>Jeremizr</strong></span> <span class='ocrx_word' id='word_1_619' title='bbox 840 5152 1069 5204; x_wconf 84' lang='lat' dir='ltr'><strong>recisum</strong></span> <span class='ocrx_word' id='word_1_620' title='bbox 1098 5164 1126 5202; x_wconf 85' lang='lat' dir='ltr'><strong>a</strong></span> <span class='ocrx_word' id='word_1_621' title='bbox 1158 5149 1360 5205; x_wconf 66' lang='lat' dir='ltr'><strong>Judaeis</strong></span> <span class='ocrx_word' id='word_1_622' title='bbox 1403 5166 1467 5204; x_wconf 81' lang='lat' dir='ltr'><strong>ex</strong></span> <span class='ocrx_word' id='word_1_623' title='bbox 1499 5151 1853 5220; x_wconf 74' lang='lat' dir='ltr'><strong>Septuaginta</strong></span> 
     </span>
    </p>
   </div>
   <div class='ocr_carea' id='block_1_87' title="bbox 280 5220 1858 5290">
    <p class='ocr_par' dir='ltr' id='par_1_87' title="bbox 280 5220 1858 5290">
     <span class='ocr_line' id='line_1_88' title="bbox 280 5220 1858 5290; baseline 0.002 -19"><span class='ocrx_word' id='word_1_624' title='bbox 280 5220 557 5275; x_wconf 81' lang='lat' dir='ltr'><strong>seniorum</strong></span> <span class='ocrx_word' id='word_1_625' title='bbox 591 5220 1060 5290; x_wconf 85' lang='lat' dir='ltr'><strong>interpretatione,</strong></span> <span class='ocrx_word' id='word_1_626' title='bbox 1093 5226 1188 5275; x_wconf 91' lang='lat' dir='ltr'><strong>sed</strong></span> <span class='ocrx_word' id='word_1_627' title='bbox 1218 5234 1397 5276; x_wconf 88' lang='lat' dir='ltr'><strong>tamett</strong></span> <span class='ocrx_word' id='word_1_628' title='bbox 1435 5226 1611 5277; x_wconf 85' lang='lat' dir='ltr'><strong>adhuc</strong></span> <span class='ocrx_word' id='word_1_629' title='bbox 1641 5232 1858 5274; x_wconf 77' lang='lat' dir='ltr'><strong>exstare</strong></span> 
     </span>
    </p>
   </div>
   <div class='ocr_carea' id='block_1_88' title="bbox 283 5291 1858 5362">
    <p class='ocr_par' dir='ltr' id='par_1_88' title="bbox 283 5291 1858 5362">
     <span class='ocr_line' id='line_1_89' title="bbox 283 5291 1858 5362; baseline -0.004 -14"><span class='ocrx_word' id='word_1_630' title='bbox 283 5294 336 5348; x_wconf 83' lang='lat' dir='ltr'><strong>in</strong></span> <span class='ocrx_word' id='word_1_631' title='bbox 386 5291 670 5348; x_wconf 87' lang='lat' dir='ltr'><strong>nonnullis</strong></span> <span class='ocrx_word' id='word_1_632' title='bbox 722 5307 908 5362; x_wconf 72' lang='lat' dir='ltr'><strong>eorum</strong></span> <span class='ocrx_word' id='word_1_633' title='bbox 960 5294 1386 5362; x_wconf 72' lang='lat' dir='ltr'><strong>exemplaribus,</strong></span> <span class='ocrx_word' id='word_1_634' title='bbox 1432 5296 1564 5347; x_wconf 88' lang='lat' dir='ltr'><strong>satis</strong></span> <span class='ocrx_word' id='word_1_635' title='bbox 1617 5292 1858 5345; x_wconf 81' lang='lat' dir='ltr'><strong>declarat</strong></span> 
     </span>
    </p>
   </div>
   <div class='ocr_carea' id='block_1_89' title="bbox 280 5359 1859 5434">
    <p class='ocr_par' dir='ltr' id='par_1_89' title="bbox 280 5359 1859 5434">
     <span class='ocr_line' id='line_1_90' title="bbox 280 5359 1859 5434; baseline -0.004 -15"><span class='ocrx_word' id='word_1_636' title='bbox 280 5379 388 5419; x_wconf 81' lang='lat' dir='ltr'><strong>non</strong></span> <span class='ocrx_word' id='word_1_637' title='bbox 435 5364 671 5418; x_wconf 76' lang='lat' dir='ltr'><strong>desiisse</strong></span> <span class='ocrx_word' id='word_1_638' title='bbox 717 5359 933 5416; x_wconf 65' lang='lat' dir='ltr'><strong>JUdtBOS</strong></span> <span class='ocrx_word' id='word_1_639' title='bbox 992 5365 1093 5416; x_wconf 88' lang='lat' dir='ltr'><strong>hac</strong></span> <span class='ocrx_word' id='word_1_640' title='bbox 1122 5359 1593 5434; x_wconf 70' lang='lat' dir='ltr'><strong>interpretatione</strong></span> <span class='ocrx_word' id='word_1_641' title='bbox 1639 5362 1752 5424; x_wconf 90' lang='lat' dir='ltr'><strong>uti,</strong></span> <span class='ocrx_word' id='word_1_642' title='bbox 1791 5376 1859 5414; x_wconf 88' lang='lat' dir='ltr'><strong>ac</strong></span> 
     </span>
    </p>
   </div>
   <div class='ocr_carea' id='block_1_90' title="bbox 284 5435 1856 5505">
    <p class='ocr_par' dir='ltr' id='par_1_90' title="bbox 284 5435 1856 5505">
     <span class='ocr_line' id='line_1_91' title="bbox 284 5435 1856 5505; baseline -0.004 -15"><span class='ocrx_word' id='word_1_643' title='bbox 284 5435 710 5505; x_wconf 69' lang='lat' dir='ltr'><strong>exemplarium,</strong></span> <span class='ocrx_word' id='word_1_644' title='bbox 740 5448 859 5502; x_wconf 59' lang='lat' dir='ltr'><strong>qua</strong></span> <span class='ocrx_word' id='word_1_645' title='bbox 889 5435 1032 5503; x_wconf 88' lang='lat' dir='ltr'><strong>apud</strong></span> <span class='ocrx_word' id='word_1_646' title='bbox 1067 5448 1162 5489; x_wconf 87' lang='lat' dir='ltr'><strong>eos</strong></span> <span class='ocrx_word' id='word_1_647' title='bbox 1199 5440 1580 5497; x_wconf 85' lang='lat' dir='ltr'><strong>servabantur,</strong></span> <span class='ocrx_word' id='word_1_648' title='bbox 1618 5435 1856 5485; x_wconf 61' lang='lat' dir='ltr'><strong>vitrieta-</strong></span> 
     </span>
    </p>
   </div>
   <div class='ocr_carea' id='block_1_91' title="bbox 288 5504 1856 5574">
    <p class='ocr_par' dir='ltr' id='par_1_91' title="bbox 288 5504 1856 5574">
     <span class='ocr_line' id='line_1_92' title="bbox 288 5504 1856 5574; baseline -0.004 -13"><span class='ocrx_word' id='word_1_649' title='bbox 288 5514 394 5561; x_wconf 81' lang='lat' dir='ltr'><strong>teut</strong></span> <span class='ocrx_word' id='word_1_650' title='bbox 425 5504 479 5559; x_wconf 82' lang='lat' dir='ltr'><strong>in</strong></span> <span class='ocrx_word' id='word_1_651' title='bbox 528 5520 600 5559; x_wconf 86' lang='lat' dir='ltr'><strong>eo</strong></span> <span class='ocrx_word' id='word_1_652' title='bbox 630 5506 890 5574; x_wconf 85' lang='lat' dir='ltr'><strong>positam,</strong></span> <span class='ocrx_word' id='word_1_653' title='bbox 917 5506 1060 5574; x_wconf 88' lang='lat' dir='ltr'><strong>quod</strong></span> <span class='ocrx_word' id='word_1_654' title='bbox 1099 5506 1206 5558; x_wconf 88' lang='lat' dir='ltr'><strong>alia</strong></span> <span class='ocrx_word' id='word_1_655' title='bbox 1243 5506 1506 5559; x_wconf 88' lang='lat' dir='ltr'><strong>haberent</strong></span> <span class='ocrx_word' id='word_1_656' title='bbox 1554 5508 1657 5559; x_wconf 85' lang='lat' dir='ltr'><strong>hoc</strong></span> <span class='ocrx_word' id='word_1_657' title='bbox 1698 5504 1856 5555; x_wconf 76' lang='lat' dir='ltr'><strong>tesu-</strong></span> 
     </span>
    </p>
   </div>
   <div class='ocr_carea' id='block_1_92' title="bbox 289 5574 1853 5644">
    <p class='ocr_par' dir='ltr' id='par_1_92' title="bbox 289 5574 1853 5644">
     <span class='ocr_line' id='line_1_93' title="bbox 289 5574 1853 5644; baseline -0.004 -14"><span class='ocrx_word' id='word_1_658' title='bbox 289 5577 557 5640; x_wconf 84' lang='lat' dir='ltr'><strong>monium,</strong></span> <span class='ocrx_word' id='word_1_659' title='bbox 598 5578 706 5629; x_wconf 84' lang='lat' dir='ltr'><strong>alia</strong></span> <span class='ocrx_word' id='word_1_660' title='bbox 755 5590 861 5630; x_wconf 90' lang='lat' dir='ltr'><strong>non</strong></span> <span class='ocrx_word' id='word_1_661' title='bbox 913 5576 1204 5630; x_wconf 88' lang='lat' dir='ltr'><strong>haberent.</strong></span> <span class='ocrx_word' id='word_1_662' title='bbox 1241 5574 1397 5628; x_wconf 86' lang='lat' dir='ltr'><strong>Nulla</strong></span> <span class='ocrx_word' id='word_1_663' title='bbox 1444 5576 1534 5630; x_wconf 91' lang='lat' dir='ltr'><strong>hic</strong></span> <span class='ocrx_word' id='word_1_664' title='bbox 1576 5589 1707 5644; x_wconf 90' lang='lat' dir='ltr'><strong>ergo</strong></span> <span class='ocrx_word' id='word_1_665' title='bbox 1750 5575 1853 5625; x_wconf 87' lang='lat' dir='ltr'><strong>alia</strong></span> 
     </span>
    </p>
   </div>
   <div class='ocr_carea' id='block_1_93' title="bbox 289 5644 1852 5716">
    <p class='ocr_par' dir='ltr' id='par_1_93' title="bbox 289 5644 1852 5716">
     <span class='ocr_line' id='line_1_94' title="bbox 289 5644 1852 5716; baseline -0.004 -15"><span class='ocrx_word' id='word_1_666' title='bbox 289 5648 576 5715; x_wconf 63' lang='lat' dir='ltr'><strong>quarenda</strong></span> <span class='ocrx_word' id='word_1_667' title='bbox 601 5648 983 5716; x_wconf 85' lang='lat' dir='ltr'><strong>interpretatio</strong></span> <span class='ocrx_word' id='word_1_668' title='bbox 1008 5660 1168 5713; x_wconf 87' lang='lat' dir='ltr'><strong>quam</strong></span> <span class='ocrx_word' id='word_1_669' title='bbox 1182 5644 1528 5716; x_wconf 87' lang='lat' dir='ltr'><strong>Septuaginta</strong></span> <span class='ocrx_word' id='word_1_670' title='bbox 1553 5658 1852 5716; x_wconf 81' lang='lat' dir='ltr'><strong>seniorum.</strong></span> 
     </span>
    </p>
   </div>
   <div class='ocr_carea' id='block_1_94' title="bbox 290 5715 1855 5785">
    <p class='ocr_par' dir='ltr' id='par_1_94' title="bbox 290 5715 1855 5785">
     <span class='ocr_line' id='line_1_95' title="bbox 290 5715 1855 5785; baseline -0.004 -14"><span class='ocrx_word' id='word_1_671' title='bbox 290 5718 347 5771; x_wconf 72' lang='grc' dir='ltr'><strong>4ο</strong></span> <span class='ocrx_word' id='word_1_672' title='bbox 374 5720 616 5785; x_wconf 82' lang='lat' dir='ltr'><strong>Denique</strong></span> <span class='ocrx_word' id='word_1_673' title='bbox 651 5719 707 5770; x_wconf 89' lang='lat' dir='ltr'><strong>in</strong></span> <span class='ocrx_word' id='word_1_674' title='bbox 748 5715 843 5771; x_wconf 82' lang='lat' dir='ltr'><strong>illo</strong></span> <span class='ocrx_word' id='word_1_675' title='bbox 898 5718 1051 5771; x_wconf 72' lang='lat' dir='ltr'><strong>Isaia:</strong></span> <span class='ocrx_word' id='word_1_676' title='bbox 1098 5715 1426 5784; x_wconf 83' lang='lat' dir='ltr'><strong>testimonio,</strong></span> <span class='ocrx_word' id='word_1_677' title='bbox 1481 5732 1499 5767; x_wconf 87' lang='grc' dir='ltr'><strong>ι</strong></span> <span class='ocrx_word' id='word_1_678' title='bbox 1531 5715 1619 5785; x_wconf 67' lang='lat' dir='ltr'><strong>Va:</strong></span> <span class='ocrx_word' id='word_1_679' title='bbox 1660 5715 1855 5768; x_wconf 74' lang='lat' dir='ltr'><strong>annuae</strong></span> 
     </span>
    </p>
   </div>
   <div class='ocr_carea' id='block_1_95' title="bbox 292 5784 1857 5868">
    <p class='ocr_par' dir='ltr' id='par_1_95' title="bbox 292 5784 1857 5868">
     <span class='ocr_line' id='line_1_96' title="bbox 292 5784 1857 5868; baseline -0.003 -25"><span class='ocrx_word' id='word_1_680' title='bbox 292 5784 547 5860; x_wconf 74' lang='lat' dir='ltr'><strong>ipsorum.</strong></span> <span class='ocrx_word' id='word_1_681' title='bbox 569 5807 588 5839; x_wconf 72' lang='grc' dir='ltr'><strong>ι</strong></span> <span class='ocrx_word' id='word_1_682' title='bbox 622 5792 790 5861; x_wconf 85' lang='lat' dir='ltr'><strong>quod,</strong></span> <span class='ocrx_word' id='word_1_683' title='bbox 823 5797 964 5848; x_wconf 83' lang='lat' dir='ltr'><strong>teste</strong></span> <span class='ocrx_word' id='word_1_684' title='bbox 998 5787 1346 5858; x_wconf 80' lang='lat' dir='ltr'><strong>Hieronymo,</strong></span> <span class='ocrx_word' id='word_1_685' title='bbox 1371 5799 1426 5868; x_wconf 78' lang='lat' dir='ltr'><strong>et</strong></span> <span class='ocrx_word' id='word_1_686' title='bbox 1453 5787 1506 5846; x_wconf 91' lang='lat' dir='ltr'><strong>in</strong></span> <span class='ocrx_word' id='word_1_687' title='bbox 1541 5784 1771 5845; x_wconf 78' lang='lat' dir='ltr'><strong>Hebraeo</strong></span> <span class='ocrx_word' id='word_1_688' title='bbox 1801 5794 1857 5841; x_wconf 78' lang='lat' dir='ltr'><strong>et</strong></span> 
     </span>
    </p>
   </div>
   <div class='ocr_carea' id='block_1_96' title="bbox 1955 3319 3540 3388">
    <p class='ocr_par' dir='ltr' id='par_1_96' title="bbox 1955 3319 3540 3388">
     <span class='ocr_line' id='line_1_97' title="bbox 1955 3319 3540 3388; baseline 0.001 -12"><span class='ocrx_word' id='word_1_689' title='bbox 1955 3322 2306 3388; x_wconf 85' lang='lat' dir='ltr'><strong>Septuaginta</strong></span> <span class='ocrx_word' id='word_1_690' title='bbox 2351 3319 2772 3388; x_wconf 86' lang='lat' dir='ltr'><strong>lnterpretibus,</strong></span> <span class='ocrx_word' id='word_1_691' title='bbox 2825 3323 2928 3374; x_wconf 86' lang='lat' dir='ltr'><strong>hoc</strong></span> <span class='ocrx_word' id='word_1_692' title='bbox 2978 3332 3187 3377; x_wconf 90' lang='lat' dir='ltr'><strong>tantum</strong></span> <span class='ocrx_word' id='word_1_693' title='bbox 3236 3319 3540 3380; x_wconf 85' lang='lat' dir='ltr'><strong>discrimen</strong></span> 
     </span>
    </p>
   </div>
   <div class='ocr_carea' id='block_1_97' title="bbox 1964 3389 3537 3463">
    <p class='ocr_par' dir='ltr' id='par_1_97' title="bbox 1964 3389 3537 3463">
     <span class='ocr_line' id='line_1_98' title="bbox 1964 3389 3537 3463; baseline 0.004 -22"><span class='ocrx_word' id='word_1_694' title='bbox 1964 3389 2353 3463; x_wconf 76' lang='lat' dir='ltr'><strong>animadvertit</strong></span> <span class='ocrx_word' id='word_1_695' title='bbox 2392 3389 2643 3463; x_wconf 81' lang='lat' dir='ltr'><strong>Justinus</strong></span> <span class='ocrx_word' id='word_1_696' title='bbox 2676 3392 2817 3463; x_wconf 87' lang='lat' dir='ltr'><strong>inter</strong></span> <span class='ocrx_word' id='word_1_697' title='bbox 2843 3391 3062 3447; x_wconf 65' lang='lat' dir='ltr'><strong>Judmos</strong></span> <span class='ocrx_word' id='word_1_698' title='bbox 3099 3405 3153 3447; x_wconf 91' lang='lat' dir='ltr'><strong>et</strong></span> <span class='ocrx_word' id='word_1_699' title='bbox 3192 3399 3537 3463; x_wconf 71' lang='lat' dir='ltr'><strong>septuaginta</strong></span> 
     </span>
    </p>
   </div>
   <div class='ocr_carea' id='block_1_98' title="bbox 1968 3460 3541 3531">
    <p class='ocr_par' dir='ltr' id='par_1_98' title="bbox 1968 3460 3541 3531">
     <span class='ocr_line' id='line_1_99' title="bbox 1968 3460 3541 3531; baseline 0.004 -20"><span class='ocrx_word' id='word_1_700' title='bbox 1968 3460 2334 3531; x_wconf 81' lang='lat' dir='ltr'><strong>interpretes.</strong></span> <span class='ocrx_word' id='word_1_701' title='bbox 2386 3462 2529 3529; x_wconf 90' lang='lat' dir='ltr'><strong>quod</strong></span> <span class='ocrx_word' id='word_1_702' title='bbox 2579 3462 2748 3516; x_wconf 69' lang='lat' dir='ltr'><strong>Judaei</strong></span> <span class='ocrx_word' id='word_1_703' title='bbox 2807 3462 3092 3531; x_wconf 83' lang='lat' dir='ltr'><strong>legendum</strong></span> <span class='ocrx_word' id='word_1_704' title='bbox 3145 3460 3541 3519; x_wconf 77' lang='lat' dir='ltr'><strong>contenderent</strong></span> 
     </span>
    </p>
   </div>
   <div class='ocr_carea' id='block_1_99' title="bbox 1964 3528 3539 3600">
    <p class='ocr_par' dir='ltr' id='par_1_99' title="bbox 1964 3528 3539 3600">
     <span class='ocr_line' id='line_1_100' title="bbox 1964 3528 3539 3600; baseline 0.008 -22"><span class='ocrx_word' id='word_1_705' title='bbox 1964 3528 2248 3600; x_wconf 87' lang='grc' dir='ltr'>δήσωμεν,</span> <span class='ocrx_word' id='word_1_706' title='bbox 2296 3528 2654 3600; x_wconf 82' lang='lat' dir='ltr'><strong>Septuaginta</strong></span> <span class='ocrx_word' id='word_1_707' title='bbox 2717 3528 3219 3599; x_wconf 42' lang='lat' dir='ltr'><strong>vero-interpretes</strong></span> <span class='ocrx_word' id='word_1_708' title='bbox 3274 3536 3539 3590; x_wconf 89' lang='lat' dir='ltr'><strong>haberent</strong></span> 
     </span>
    </p>
   </div>
   <div class='ocr_carea' id='block_1_100' title="bbox 1967 3599 3538 3669">
    <p class='ocr_par' dir='ltr' id='par_1_100' title="bbox 1967 3599 3538 3669">
     <span class='ocr_line' id='line_1_101' title="bbox 1967 3599 3538 3669; baseline 0.005 -17"><span class='ocrx_word' id='word_1_709' title='bbox 1967 3599 2222 3669; x_wconf 78' lang='grc' dir='ltr'>ἄρωμεν,</span> <span class='ocrx_word' id='word_1_710' title='bbox 2271 3616 2324 3653; x_wconf 90' lang='lat' dir='ltr'><strong>n.</strong></span> <span class='ocrx_word' id='word_1_711' title='bbox 2372 3599 2603 3653; x_wconf 20' lang='lat'><strong>156.7—</strong></span> <span class='ocrx_word' id='word_1_712' title='bbox 2638 3601 2831 3656; x_wconf 83' lang='lat' dir='ltr'><strong>Mirum</strong></span> <span class='ocrx_word' id='word_1_713' title='bbox 2881 3619 2978 3655; x_wconf 91' lang='lat' dir='ltr'><strong>cur</strong></span> <span class='ocrx_word' id='word_1_714' title='bbox 3024 3602 3270 3659; x_wconf 85' lang='lat' dir='ltr'><strong>Justinus</strong></span> <span class='ocrx_word' id='word_1_715' title='bbox 3320 3606 3538 3660; x_wconf 86' lang='lat' dir='ltr'><strong>crimini</strong></span> 
     </span>
    </p>
   </div>
   <div class='ocr_carea' id='block_1_101' title="bbox 1966 3669 3534 3742">
    <p class='ocr_par' dir='ltr' id='par_1_101' title="bbox 1966 3669 3534 3742">
     <span class='ocr_line' id='line_1_102' title="bbox 1966 3669 3534 3742; baseline 0.005 -21"><span class='ocrx_word' id='word_1_716' title='bbox 1966 3677 2145 3742; x_wconf 80' lang='lat' dir='ltr'><strong>vertat</strong></span> <span class='ocrx_word' id='word_1_717' title='bbox 2183 3669 2408 3742; x_wconf 82' lang='lat' dir='ltr'><strong>Judaeis,</strong></span> <span class='ocrx_word' id='word_1_718' title='bbox 2434 3673 2577 3738; x_wconf 85' lang='lat' dir='ltr'><strong>quod</strong></span> <span class='ocrx_word' id='word_1_719' title='bbox 2627 3671 2976 3741; x_wconf 85' lang='lat' dir='ltr'><strong>Septuaginta</strong></span> <span class='ocrx_word' id='word_1_720' title='bbox 3025 3675 3534 3742; x_wconf 90' lang='lat' dir='ltr'><strong>interpretationem</strong></span> 
     </span>
    </p>
   </div>
   <div class='ocr_carea' id='block_1_102' title="bbox 1962 3740 3540 3808">
    <p class='ocr_par' dir='ltr' id='par_1_102' title="bbox 1962 3740 3540 3808">
     <span class='ocr_line' id='line_1_103' title="bbox 1962 3740 3540 3808; baseline 0.006 -17"><span class='ocrx_word' id='word_1_721' title='bbox 1962 3740 2279 3808; x_wconf 83' lang='lat' dir='ltr'><strong>quibusdam</strong></span> <span class='ocrx_word' id='word_1_722' title='bbox 2315 3742 2367 3792; x_wconf 90' lang='lat' dir='ltr'><strong>in</strong></span> <span class='ocrx_word' id='word_1_723' title='bbox 2404 3742 2557 3793; x_wconf 85' lang='lat' dir='ltr'><strong>rebus</strong></span> <span class='ocrx_word' id='word_1_724' title='bbox 2586 3759 2760 3795; x_wconf 85' lang='lat' dir='ltr'><strong>verant</strong></span> <span class='ocrx_word' id='word_1_725' title='bbox 2792 3740 2895 3796; x_wconf 84' lang='lat' dir='ltr'><strong>non</strong></span> <span class='ocrx_word' id='word_1_726' title='bbox 2939 3760 3050 3797; x_wconf 86' lang='lat' dir='ltr'><strong>esse</strong></span> <span class='ocrx_word' id='word_1_727' title='bbox 3098 3740 3365 3799; x_wconf 82' lang='lat' dir='ltr'><strong>dicerent.</strong></span> <span class='ocrx_word' id='word_1_728' title='bbox 3400 3744 3540 3800; x_wconf 85' lang='lat' dir='ltr'><strong>Cum</strong></span> 
     </span>
    </p>
   </div>
   <div class='ocr_carea' id='block_1_103' title="bbox 1962 3809 3536 3880">
    <p class='ocr_par' dir='ltr' id='par_1_103' title="bbox 1962 3809 3536 3880">
     <span class='ocr_line' id='line_1_104' title="bbox 1962 3809 3536 3880; baseline 0.003 -16"><span class='ocrx_word' id='word_1_729' title='bbox 1962 3810 2229 3864; x_wconf 85' lang='lat' dir='ltr'><strong>scriberet</strong></span> <span class='ocrx_word' id='word_1_730' title='bbox 2261 3809 2686 3865; x_wconf 84' lang='lat' dir='ltr'><strong>Cohortationem</strong></span> <span class='ocrx_word' id='word_1_731' title='bbox 2715 3816 2782 3864; x_wconf 82' lang='lat' dir='ltr'><strong>art</strong></span> <span class='ocrx_word' id='word_1_732' title='bbox 2807 3811 3018 3867; x_wconf 66' lang='lat' dir='ltr'><strong>Graecos</strong></span> <span class='ocrx_word' id='word_1_733' title='bbox 3042 3813 3312 3880; x_wconf 81' lang='lat' dir='ltr'><strong>Justinus,</strong></span> <span class='ocrx_word' id='word_1_734' title='bbox 3339 3816 3536 3870; x_wconf 85' lang='lat' dir='ltr'><strong>crede-</strong></span> 
     </span>
    </p>
   </div>
   <div class='ocr_carea' id='block_1_104' title="bbox 1962 3880 3540 3955">
    <p class='ocr_par' dir='ltr' id='par_1_104' title="bbox 1962 3880 3540 3955">
     <span class='ocr_line' id='line_1_105' title="bbox 1962 3880 3540 3955; baseline 0.006 -23"><span class='ocrx_word' id='word_1_735' title='bbox 1962 3880 2057 3932; x_wconf 82' lang='lat' dir='ltr'><strong>bat</strong></span> <span class='ocrx_word' id='word_1_736' title='bbox 2078 3880 2589 3955; x_wconf 73' lang='lat' dir='ltr'><strong>Septuagiutaillos</strong></span> <span class='ocrx_word' id='word_1_737' title='bbox 2618 3885 2786 3944; x_wconf 89' lang='lat' dir='ltr'><strong>viros,</strong></span> <span class='ocrx_word' id='word_1_738' title='bbox 2817 3884 2942 3936; x_wconf 89' lang='lat' dir='ltr'><strong>dum</strong></span> <span class='ocrx_word' id='word_1_739' title='bbox 2977 3900 3075 3952; x_wconf 93' lang='lat' dir='ltr'><strong>pro</strong></span> <span class='ocrx_word' id='word_1_740' title='bbox 3100 3900 3157 3939; x_wconf 92' lang='lat' dir='ltr'><strong>se</strong></span> <span class='ocrx_word' id='word_1_741' title='bbox 3186 3888 3420 3955; x_wconf 85' lang='lat' dir='ltr'><strong>quisque</strong></span> <span class='ocrx_word' id='word_1_742' title='bbox 3449 3901 3540 3940; x_wconf 83' lang='lat' dir='ltr'><strong>se-</strong></span> 
     </span>
    </p>
   </div>
   <div class='ocr_carea' id='block_1_105' title="bbox 1967 3951 3538 4023">
    <p class='ocr_par' dir='ltr' id='par_1_105' title="bbox 1967 3951 3538 4023">
     <span class='ocr_line' id='line_1_106' title="bbox 1967 3951 3538 4023; baseline 0.008 -25"><span class='ocrx_word' id='word_1_743' title='bbox 1967 3958 2197 4023; x_wconf 78' lang='lat' dir='ltr'><strong>paratim</strong></span> <span class='ocrx_word' id='word_1_744' title='bbox 2257 3951 2455 4023; x_wconf 83' lang='lat' dir='ltr'><strong>inclusi</strong></span> <span class='ocrx_word' id='word_1_745' title='bbox 2515 3951 2877 4016; x_wconf 83' lang='lat' dir='ltr'><strong>laborabant,</strong></span> <span class='ocrx_word' id='word_1_746' title='bbox 2925 3951 3122 4023; x_wconf 78' lang='lat' dir='ltr'><strong>magno</strong></span> <span class='ocrx_word' id='word_1_747' title='bbox 3172 3951 3439 4009; x_wconf 81' lang='lat' dir='ltr'><strong>miraculo</strong></span> <span class='ocrx_word' id='word_1_748' title='bbox 3482 3957 3538 4011; x_wconf 86' lang='lat' dir='ltr'><strong>iu</strong></span> 
     </span>
    </p>
   </div>
   <div class='ocr_carea' id='block_1_106' title="bbox 1964 4020 3538 4081">
    <p class='ocr_par' dir='ltr' id='par_1_106' title="bbox 1964 4020 3538 4081">
     <span class='ocr_line' id='line_1_107' title="bbox 1964 4020 3538 4081; baseline 0.004 -9"><span class='ocrx_word' id='word_1_749' title='bbox 1964 4020 2219 4074; x_wconf 89' lang='lat' dir='ltr'><strong>omnibus</strong></span> <span class='ocrx_word' id='word_1_750' title='bbox 2251 4022 2432 4074; x_wconf 88' lang='lat' dir='ltr'><strong>verbis</strong></span> <span class='ocrx_word' id='word_1_751' title='bbox 2464 4030 2518 4076; x_wconf 90' lang='lat' dir='ltr'><strong>et</strong></span> <span class='ocrx_word' id='word_1_752' title='bbox 2560 4024 2848 4077; x_wconf 86' lang='lat' dir='ltr'><strong>sententiis</strong></span> <span class='ocrx_word' id='word_1_753' title='bbox 2885 4020 3039 4077; x_wconf 72' lang='lat' dir='ltr'><strong>inter</strong></span> <span class='ocrx_word' id='word_1_754' title='bbox 3078 4040 3137 4077; x_wconf 86' lang='lat' dir='ltr'><strong>se</strong></span> <span class='ocrx_word' id='word_1_755' title='bbox 3167 4027 3538 4081; x_wconf 70' lang='lat' dir='ltr'><strong>consensisse.</strong></span> 
     </span>
    </p>
   </div>
   <div class='ocr_carea' id='block_1_107' title="bbox 1965 4088 3537 4167">
    <p class='ocr_par' dir='ltr' id='par_1_107' title="bbox 1965 4088 3537 4167">
     <span class='ocr_line' id='line_1_108' title="bbox 1965 4088 3537 4167; baseline 0.004 -25"><span class='ocrx_word' id='word_1_756' title='bbox 1965 4088 2243 4167; x_wconf 75' lang='lat' dir='ltr'><strong>Sedlianc</strong></span> <span class='ocrx_word' id='word_1_757' title='bbox 2280 4090 2535 4167; x_wconf 76' lang='lat' dir='ltr'><strong>fabulam,</strong></span> <span class='ocrx_word' id='word_1_758' title='bbox 2566 4108 2664 4147; x_wconf 91' lang='lat' dir='ltr'><strong>nec</strong></span> <span class='ocrx_word' id='word_1_759' title='bbox 2694 4094 2950 4167; x_wconf 74' lang='lat' dir='ltr'><strong>inprima</strong></span> <span class='ocrx_word' id='word_1_760' title='bbox 2995 4095 3278 4164; x_wconf 83' lang='lat' dir='ltr'><strong>Apologia,</strong></span> <span class='ocrx_word' id='word_1_761' title='bbox 3303 4096 3392 4149; x_wconf 88' lang='lat' dir='ltr'><strong>ubi</strong></span> <span class='ocrx_word' id='word_1_762' title='bbox 3426 4099 3537 4167; x_wconf 87' lang='lat' dir='ltr'><strong>agit</strong></span> 
     </span>
    </p>
   </div>
   <div class='ocr_carea' id='block_1_108' title="bbox 1964 4162 3534 4233">
    <p class='ocr_par' dir='ltr' id='par_1_108' title="bbox 1964 4162 3534 4233">
     <span class='ocr_line' id='line_1_109' title="bbox 1964 4162 3534 4233; baseline 0.007 -22"><span class='ocrx_word' id='word_1_763' title='bbox 1964 4163 2033 4233; x_wconf 72' lang='lat' dir='ltr'><strong>de</strong></span> <span class='ocrx_word' id='word_1_764' title='bbox 2067 4162 2421 4233; x_wconf 68' lang='lat' dir='ltr'><strong>Septuaginta</strong></span> <span class='ocrx_word' id='word_1_765' title='bbox 2453 4162 2873 4233; x_wconf 88' lang='lat' dir='ltr'><strong>interpretibus,</strong></span> <span class='ocrx_word' id='word_1_766' title='bbox 2908 4162 3320 4231; x_wconf 82' lang='lat' dir='ltr'><strong>commemorat,</strong></span> <span class='ocrx_word' id='word_1_767' title='bbox 3350 4162 3534 4221; x_wconf 59' lang='lat' dir='ltr'><strong>nec&#39;in</strong></span> 
     </span>
    </p>
   </div>
   <div class='ocr_carea' id='block_1_109' title="bbox 1964 4229 3537 4302">
    <p class='ocr_par' dir='ltr' id='par_1_109' title="bbox 1964 4229 3537 4302">
     <span class='ocr_line' id='line_1_110' title="bbox 1964 4229 3537 4302; baseline 0.007 -19"><span class='ocrx_word' id='word_1_768' title='bbox 1964 4229 2189 4298; x_wconf 73' lang='lat' dir='ltr'><strong>Dialogo</strong></span> <span class='ocrx_word' id='word_1_769' title='bbox 2228 4229 2373 4284; x_wconf 85' lang='lat' dir='ltr'><strong>illius</strong></span> <span class='ocrx_word' id='word_1_770' title='bbox 2415 4229 2703 4287; x_wconf 63' lang='lat' dir='ltr'><strong>credenda:</strong></span> <span class='ocrx_word' id='word_1_771' title='bbox 2731 4249 2872 4288; x_wconf 89' lang='lat' dir='ltr'><strong>onus</strong></span> <span class='ocrx_word' id='word_1_772' title='bbox 2921 4235 3149 4302; x_wconf 86' lang='lat' dir='ltr'><strong>imponit</strong></span> <span class='ocrx_word' id='word_1_773' title='bbox 3176 4229 3379 4289; x_wconf 75' lang='lat' dir='ltr'><strong>Jutla-is</strong></span> <span class='ocrx_word' id='word_1_774' title='bbox 3415 4253 3432 4290; x_wconf 89' lang='lat'><strong>:</strong></span> <span class='ocrx_word' id='word_1_775' title='bbox 3467 4253 3537 4294; x_wconf 89' lang='lat' dir='ltr'><strong>ex</strong></span> 
     </span>
    </p>
   </div>
   <div class='ocr_carea' id='block_1_110' title="bbox 1963 4302 3532 4370">
    <p class='ocr_par' dir='ltr' id='par_1_110' title="bbox 1963 4302 3532 4370">
     <span class='ocr_line' id='line_1_111' title="bbox 1963 4302 3532 4370; baseline 0.006 -17"><span class='ocrx_word' id='word_1_776' title='bbox 1963 4315 2075 4370; x_wconf 92' lang='lat' dir='ltr'><strong>quo</strong></span> <span class='ocrx_word' id='word_1_777' title='bbox 2104 4302 2324 4366; x_wconf 88' lang='lat' dir='ltr'><strong>quidem</strong></span> <span class='ocrx_word' id='word_1_778' title='bbox 2360 4317 2466 4356; x_wconf 89' lang='lat' dir='ltr'><strong>non</strong></span> <span class='ocrx_word' id='word_1_779' title='bbox 2498 4302 2631 4357; x_wconf 88' lang='lat' dir='ltr'><strong>levis</strong></span> <span class='ocrx_word' id='word_1_780' title='bbox 2655 4304 2962 4369; x_wconf 69' lang='lat' dir='ltr'><strong>conjet-tura</strong></span> <span class='ocrx_word' id='word_1_781' title='bbox 3000 4315 3082 4357; x_wconf 89' lang='lat' dir='ltr'><strong>est</strong></span> <span class='ocrx_word' id='word_1_782' title='bbox 3106 4320 3225 4359; x_wconf 72' lang='lat' dir='ltr'><strong>eam</strong></span> <span class='ocrx_word' id='word_1_783' title='bbox 3257 4305 3532 4361; x_wconf 88' lang='lat' dir='ltr'><strong>Justinum</strong></span> 
     </span>
    </p>
   </div>
   <div class='ocr_carea' id='block_1_111' title="bbox 1964 4370 3536 4444">
    <p class='ocr_par' dir='ltr' id='par_1_111' title="bbox 1964 4370 3536 4444">
     <span class='ocr_line' id='line_1_112' title="bbox 1964 4370 3536 4444; baseline 0.005 -21"><span class='ocrx_word' id='word_1_784' title='bbox 1964 4381 2059 4423; x_wconf 87' lang='lat' dir='ltr'><strong>aut</strong></span> <span class='ocrx_word' id='word_1_785' title='bbox 2092 4373 2316 4444; x_wconf 80' lang='lat' dir='ltr'><strong>missam</strong></span> <span class='ocrx_word' id='word_1_786' title='bbox 2366 4370 2582 4434; x_wconf 77' lang='lat' dir='ltr'><strong>fecisse,</strong></span> <span class='ocrx_word' id='word_1_787' title='bbox 2632 4385 2729 4427; x_wconf 90' lang='lat' dir='ltr'><strong>aut</strong></span> <span class='ocrx_word' id='word_1_788' title='bbox 2760 4374 2951 4427; x_wconf 82' lang='lat' dir='ltr'><strong>saltem</strong></span> <span class='ocrx_word' id='word_1_789' title='bbox 2998 4387 3303 4444; x_wconf 78' lang='lat' dir='ltr'><strong>suspectam</strong></span> <span class='ocrx_word' id='word_1_790' title='bbox 3336 4377 3536 4431; x_wconf 86' lang='lat' dir='ltr'><strong>habere</strong></span> 
     </span>
    </p>
   </div>
   <div class='ocr_carea' id='block_1_112' title="bbox 1964 4441 3534 4516">
    <p class='ocr_par' dir='ltr' id='par_1_112' title="bbox 1964 4441 3534 4516">
     <span class='ocr_line' id='line_1_113' title="bbox 1964 4441 3534 4516; baseline 0.003 -22"><span class='ocrx_word' id='word_1_791' title='bbox 1964 4441 2219 4516; x_wconf 62' lang='lat' dir='ltr'><strong>coepisse.</strong></span> <span class='ocrx_word' id='word_1_792' title='bbox 2265 4442 2381 4516; x_wconf 70' lang='lat' dir='ltr'><strong>Cttr</strong></span> <span class='ocrx_word' id='word_1_793' title='bbox 2407 4458 2538 4512; x_wconf 86' lang='lat' dir='ltr'><strong>ergo</strong></span> <span class='ocrx_word' id='word_1_794' title='bbox 2569 4452 2678 4496; x_wconf 88' lang='lat' dir='ltr'><strong>tam</strong></span> <span class='ocrx_word' id='word_1_795' title='bbox 2712 4445 2948 4516; x_wconf 86' lang='lat' dir='ltr'><strong>moleste</strong></span> <span class='ocrx_word' id='word_1_796' title='bbox 2970 4441 3107 4506; x_wconf 58' lang='lat' dir='ltr'><strong>fert,</strong></span> <span class='ocrx_word' id='word_1_797' title='bbox 3142 4452 3285 4513; x_wconf 84' lang='lat' dir='ltr'><strong>quod</strong></span> <span class='ocrx_word' id='word_1_798' title='bbox 3324 4450 3534 4516; x_wconf 85' lang='lat' dir='ltr'><strong>quibus-</strong></span> 
     </span>
    </p>
   </div>
   <div class='ocr_carea' id='block_1_113' title="bbox 1964 4513 3540 4582">
    <p class='ocr_par' dir='ltr' id='par_1_113' title="bbox 1964 4513 3540 4582">
     <span class='ocr_line' id='line_1_114' title="bbox 1964 4513 3540 4582; baseline 0.005 -19"><span class='ocrx_word' id='word_1_799' title='bbox 1964 4514 2089 4582; x_wconf 72' lang='lat' dir='ltr'><strong>dam</strong></span> <span class='ocrx_word' id='word_1_800' title='bbox 2133 4515 2187 4566; x_wconf 87' lang='lat' dir='ltr'><strong>in</strong></span> <span class='ocrx_word' id='word_1_801' title='bbox 2236 4513 2392 4566; x_wconf 82' lang='lat' dir='ltr'><strong>rebus</strong></span> <span class='ocrx_word' id='word_1_802' title='bbox 2426 4529 2599 4566; x_wconf 82' lang='lat' dir='ltr'><strong>veram</strong></span> <span class='ocrx_word' id='word_1_803' title='bbox 2636 4530 2739 4566; x_wconf 89' lang='lat' dir='ltr'><strong>non</strong></span> <span class='ocrx_word' id='word_1_804' title='bbox 2770 4530 2882 4567; x_wconf 83' lang='lat' dir='ltr'><strong>esse</strong></span> <span class='ocrx_word' id='word_1_805' title='bbox 2927 4515 3095 4569; x_wconf 71' lang='lat' dir='ltr'><strong>Judaei</strong></span> <span class='ocrx_word' id='word_1_806' title='bbox 3144 4513 3540 4582; x_wconf 80' lang='lat' dir='ltr'><strong>pronuntiqu</strong></span> 
     </span>
    </p>
   </div>
   <div class='ocr_carea' id='block_1_114' title="bbox 1964 4578 3533 4654">
    <p class='ocr_par' dir='ltr' id='par_1_114' title="bbox 1964 4578 3533 4654">
     <span class='ocr_line' id='line_1_115' title="bbox 1964 4578 3533 4654; baseline 0.005 -21"><span class='ocrx_word' id='word_1_807' title='bbox 1964 4578 2095 4654; x_wconf 71' lang='lat' dir='ltr'><strong>inde</strong></span> <span class='ocrx_word' id='word_1_808' title='bbox 2123 4592 2301 4654; x_wconf 81' lang='lat' dir='ltr'><strong>ortum</strong></span> <span class='ocrx_word' id='word_1_809' title='bbox 2334 4595 2463 4650; x_wconf 89' lang='lat' dir='ltr'><strong>puto</strong></span> <span class='ocrx_word' id='word_1_810' title='bbox 2512 4584 2571 4640; x_wconf 89' lang='lat' dir='ltr'><strong>S.</strong></span> <span class='ocrx_word' id='word_1_811' title='bbox 2606 4585 2864 4654; x_wconf 81' lang='lat' dir='ltr'><strong>martyris</strong></span> <span class='ocrx_word' id='word_1_812' title='bbox 2894 4585 3059 4638; x_wconf 89' lang='lat' dir='ltr'><strong>animi</strong></span> <span class='ocrx_word' id='word_1_813' title='bbox 3094 4578 3357 4648; x_wconf 80' lang='lat' dir='ltr'><strong>dolorem,</strong></span> <span class='ocrx_word' id='word_1_814' title='bbox 3392 4592 3533 4653; x_wconf 87' lang='lat' dir='ltr'><strong>quod</strong></span> 
     </span>
    </p>
   </div>
   <div class='ocr_carea' id='block_1_115' title="bbox 1963 4651 3530 4723">
    <p class='ocr_par' dir='ltr' id='par_1_115' title="bbox 1963 4651 3530 4723">
     <span class='ocr_line' id='line_1_116' title="bbox 1963 4651 3530 4723; baseline 0.002 -17"><span class='ocrx_word' id='word_1_815' title='bbox 1963 4651 2133 4706; x_wconf 68' lang='lat' dir='ltr'><strong>Judaei</strong></span> <span class='ocrx_word' id='word_1_816' title='bbox 2171 4653 2311 4706; x_wconf 87' lang='lat' dir='ltr'><strong>hanc</strong></span> <span class='ocrx_word' id='word_1_817' title='bbox 2341 4651 2840 4723; x_wconf 77' lang='lat' dir='ltr'><strong>interpretationem</strong></span> <span class='ocrx_word' id='word_1_818' title='bbox 2878 4672 2981 4708; x_wconf 89' lang='lat' dir='ltr'><strong>non</strong></span> <span class='ocrx_word' id='word_1_819' title='bbox 3011 4655 3183 4709; x_wconf 88' lang='lat' dir='ltr'><strong>solum</strong></span> <span class='ocrx_word' id='word_1_820' title='bbox 3220 4651 3530 4717; x_wconf 28' lang='lat' dir='ltr'><strong>comes—tui,</strong></span> 
     </span>
    </p>
   </div>
   <div class='ocr_carea' id='block_1_116' title="bbox 1964 4723 3529 4780">
    <p class='ocr_par' dir='ltr' id='par_1_116' title="bbox 1964 4723 3529 4780">
     <span class='ocr_line' id='line_1_117' title="bbox 1964 4723 3529 4780; baseline 0.003 -4"><span class='ocrx_word' id='word_1_821' title='bbox 1964 4724 2058 4776; x_wconf 88' lang='lat' dir='ltr'><strong>sed</strong></span> <span class='ocrx_word' id='word_1_822' title='bbox 2090 4723 2251 4775; x_wconf 87' lang='lat' dir='ltr'><strong>etiam</strong></span> <span class='ocrx_word' id='word_1_823' title='bbox 2290 4725 2507 4777; x_wconf 83' lang='lat' dir='ltr'><strong>veritati</strong></span> <span class='ocrx_word' id='word_1_824' title='bbox 2541 4735 2597 4777; x_wconf 89' lang='lat' dir='ltr'><strong>et</strong></span> <span class='ocrx_word' id='word_1_825' title='bbox 2626 4740 2770 4777; x_wconf 76' lang='lat' dir='ltr'><strong>smne</strong></span> <span class='ocrx_word' id='word_1_826' title='bbox 2805 4726 3069 4778; x_wconf 71' lang='lat' dir='ltr'><strong>doctrinae</strong></span> <span class='ocrx_word' id='word_1_827' title='bbox 3093 4728 3351 4780; x_wconf 87' lang='lat' dir='ltr'><strong>absonam</strong></span> <span class='ocrx_word' id='word_1_828' title='bbox 3384 4727 3529 4780; x_wconf 86' lang='lat' dir='ltr'><strong>dice-</strong></span> 
     </span>
    </p>
   </div>
   <div class='ocr_carea' id='block_1_117' title="bbox 1962 4792 3530 4859">
    <p class='ocr_par' dir='ltr' id='par_1_117' title="bbox 1962 4792 3530 4859">
     <span class='ocr_line' id='line_1_118' title="bbox 1962 4792 3530 4859; baseline 0.002 -12"><span class='ocrx_word' id='word_1_829' title='bbox 1962 4802 2108 4847; x_wconf 87' lang='lat' dir='ltr'><strong>rent.</strong></span> <span class='ocrx_word' id='word_1_830' title='bbox 2134 4792 2335 4846; x_wconf 86' lang='lat' dir='ltr'><strong>Urebat</strong></span> <span class='ocrx_word' id='word_1_831' title='bbox 2367 4809 2461 4847; x_wconf 89' lang='lat' dir='ltr'><strong>eos</strong></span> <span class='ocrx_word' id='word_1_832' title='bbox 2490 4796 2736 4848; x_wconf 78' lang='lat' dir='ltr'><strong>doctrina</strong></span> <span class='ocrx_word' id='word_1_833' title='bbox 2772 4793 2930 4849; x_wconf 85' lang='lat' dir='ltr'><strong>Verbi</strong></span> <span class='ocrx_word' id='word_1_834' title='bbox 2968 4798 3258 4859; x_wconf 85' lang='lat' dir='ltr'><strong>incarnati,</strong></span> <span class='ocrx_word' id='word_1_835' title='bbox 3286 4811 3384 4849; x_wconf 88' lang='lat' dir='ltr'><strong>nec</strong></span> <span class='ocrx_word' id='word_1_836' title='bbox 3409 4811 3530 4850; x_wconf 89' lang='lat' dir='ltr'><strong>eam</strong></span> 
     </span>
    </p>
   </div>
   <div class='ocr_carea' id='block_1_118' title="bbox 1962 4862 3529 4933">
    <p class='ocr_par' dir='ltr' id='par_1_118' title="bbox 1962 4862 3529 4933">
     <span class='ocr_line' id='line_1_119' title="bbox 1962 4862 3529 4933; baseline 0.002 -17"><span class='ocrx_word' id='word_1_837' title='bbox 1962 4864 2017 4916; x_wconf 87' lang='lat' dir='ltr'><strong>iit</strong></span> <span class='ocrx_word' id='word_1_838' title='bbox 2052 4862 2409 4932; x_wconf 85' lang='lat' dir='ltr'><strong>Septuaginta</strong></span> <span class='ocrx_word' id='word_1_839' title='bbox 2456 4864 2908 4933; x_wconf 84' lang='lat' dir='ltr'><strong>interpretatiOne</strong></span> <span class='ocrx_word' id='word_1_840' title='bbox 2938 4867 3209 4933; x_wconf 89' lang='lat' dir='ltr'><strong>patienter</strong></span> <span class='ocrx_word' id='word_1_841' title='bbox 3238 4868 3486 4920; x_wconf 82' lang='lat' dir='ltr'><strong>ferebant</strong></span> <span class='ocrx_word' id='word_1_842' title='bbox 3514 4886 3529 4921; x_wconf 88' lang='lat'><strong>:</strong></span> 
     </span>
    </p>
   </div>
   <div class='ocr_carea' id='block_1_119' title="bbox 1961 4936 3532 5004">
    <p class='ocr_par' dir='ltr' id='par_1_119' title="bbox 1961 4936 3532 5004">
     <span class='ocr_line' id='line_1_120' title="bbox 1961 4936 3532 5004; baseline 0.006 -23"><span class='ocrx_word' id='word_1_843' title='bbox 1961 4950 2133 5004; x_wconf 86' lang='lat' dir='ltr'><strong>quare</strong></span> <span class='ocrx_word' id='word_1_844' title='bbox 2164 4936 2507 5003; x_wconf 89' lang='lat' dir='ltr'><strong>septuaginta</strong></span> <span class='ocrx_word' id='word_1_845' title='bbox 2542 4938 2665 4990; x_wconf 82' lang='lat' dir='ltr'><strong>illos</strong></span> <span class='ocrx_word' id='word_1_846' title='bbox 2688 4939 2835 4990; x_wconf 87' lang='lat' dir='ltr'><strong>viros</strong></span> <span class='ocrx_word' id='word_1_847' title='bbox 2864 4948 2998 4989; x_wconf 82' lang='lat' dir='ltr'><strong>recte</strong></span> <span class='ocrx_word' id='word_1_848' title='bbox 3026 4938 3396 5002; x_wconf 77' lang='lat' dir='ltr'><strong>interpretatos</strong></span> <span class='ocrx_word' id='word_1_849' title='bbox 3418 4953 3532 4991; x_wconf 75' lang='lat' dir='ltr'><strong>esse</strong></span> 
     </span>
    </p>
   </div>
   <div class='ocr_carea' id='block_1_120' title="bbox 1963 5005 3531 5074">
    <p class='ocr_par' dir='ltr' id='par_1_120' title="bbox 1963 5005 3531 5074">
     <span class='ocr_line' id='line_1_121' title="bbox 1963 5005 3531 5074; baseline 0.004 -17"><span class='ocrx_word' id='word_1_850' title='bbox 1963 5005 2208 5057; x_wconf 82' lang='lat' dir='ltr'><strong>assentiri</strong></span> <span class='ocrx_word' id='word_1_851' title='bbox 2243 5008 2533 5068; x_wconf 78' lang='lat' dir='ltr'><strong>nolebant,</strong></span> <span class='ocrx_word' id='word_1_852' title='bbox 2565 5024 2618 5060; x_wconf 88' lang='lat' dir='ltr'><strong>ii.</strong></span> <span class='ocrx_word' id='word_1_853' title='bbox 2650 5007 2736 5059; x_wconf 84' lang='lat' dir='ltr'><strong>7i.</strong></span> <span class='ocrx_word' id='word_1_854' title='bbox 2766 5008 2840 5059; x_wconf 79' lang='lat' dir='ltr'><strong>Eo</strong></span> <span class='ocrx_word' id='word_1_855' title='bbox 2878 5007 3133 5060; x_wconf 85' lang='lat' dir='ltr'><strong>libentius</strong></span> <span class='ocrx_word' id='word_1_856' title='bbox 3160 5006 3357 5061; x_wconf 89' lang='lat' dir='ltr'><strong>Justini</strong></span> <span class='ocrx_word' id='word_1_857' title='bbox 3389 5024 3531 5074; x_wconf 86' lang='lat' dir='ltr'><strong>que--</strong></span> 
     </span>
    </p>
   </div>
   <div class='ocr_carea' id='block_1_121' title="bbox 1964 5075 3529 5147">
    <p class='ocr_par' dir='ltr' id='par_1_121' title="bbox 1964 5075 3529 5147">
     <span class='ocr_line' id='line_1_122' title="bbox 1964 5075 3529 5147; baseline 0.001 -19"><span class='ocrx_word' id='word_1_858' title='bbox 1964 5077 2108 5128; x_wconf 90' lang='lat' dir='ltr'><strong>relas</strong></span> <span class='ocrx_word' id='word_1_859' title='bbox 2144 5076 2196 5127; x_wconf 91' lang='lat' dir='ltr'><strong>in</strong></span> <span class='ocrx_word' id='word_1_860' title='bbox 2231 5075 2369 5129; x_wconf 90' lang='lat' dir='ltr'><strong>hanc</strong></span> <span class='ocrx_word' id='word_1_861' title='bbox 2402 5080 2727 5147; x_wconf 74' lang='lat' dir='ltr'><strong>sententiain</strong></span> <span class='ocrx_word' id='word_1_862' title='bbox 2767 5076 2999 5144; x_wconf 85' lang='lat' dir='ltr'><strong>accipio,</strong></span> <span class='ocrx_word' id='word_1_863' title='bbox 3046 5080 3187 5147; x_wconf 84' lang='lat' dir='ltr'><strong>quod</strong></span> <span class='ocrx_word' id='word_1_864' title='bbox 3222 5081 3332 5145; x_wconf 90' lang='lat' dir='ltr'><strong>ipse</strong></span> <span class='ocrx_word' id='word_1_865' title='bbox 3358 5079 3529 5131; x_wconf 91' lang='lat' dir='ltr'><strong>inter-</strong></span> 
     </span>
    </p>
   </div>
   <div class='ocr_carea' id='block_1_122' title="bbox 1963 5145 3527 5217">
    <p class='ocr_par' dir='ltr' id='par_1_122' title="bbox 1963 5145 3527 5217">
     <span class='ocr_line' id='line_1_123' title="bbox 1963 5145 3527 5217; baseline 0.002 -18"><span class='ocrx_word' id='word_1_866' title='bbox 1963 5148 2088 5199; x_wconf 85' lang='lat' dir='ltr'><strong>dum</strong></span> <span class='ocrx_word' id='word_1_867' title='bbox 2123 5146 2284 5199; x_wconf 89' lang='lat' dir='ltr'><strong>aliter</strong></span> <span class='ocrx_word' id='word_1_868' title='bbox 2317 5160 2381 5199; x_wconf 87' lang='lat' dir='ltr'><strong>ac</strong></span> <span class='ocrx_word' id='word_1_869' title='bbox 2416 5145 2771 5217; x_wconf 88' lang='lat' dir='ltr'><strong>Septuaginta</strong></span> <span class='ocrx_word' id='word_1_870' title='bbox 2808 5145 3157 5213; x_wconf 73' lang='lat' dir='ltr'><strong>interpretari</strong></span> <span class='ocrx_word' id='word_1_871' title='bbox 3208 5164 3314 5202; x_wconf 89' lang='lat' dir='ltr'><strong>non</strong></span> <span class='ocrx_word' id='word_1_872' title='bbox 3364 5148 3527 5202; x_wconf 89' lang='lat' dir='ltr'><strong>dubi-</strong></span> 
     </span>
    </p>
   </div>
   <div class='ocr_carea' id='block_1_123' title="bbox 1962 5217 3530 5287">
    <p class='ocr_par' dir='ltr' id='par_1_123' title="bbox 1962 5217 3530 5287">
     <span class='ocr_line' id='line_1_124' title="bbox 1962 5217 3530 5287; baseline 0.002 -19"><span class='ocrx_word' id='word_1_873' title='bbox 1962 5225 2076 5279; x_wconf 92' lang='lat' dir='ltr'><strong>tet,</strong></span> <span class='ocrx_word' id='word_1_874' title='bbox 2132 5217 2331 5270; x_wconf 86' lang='lat' dir='ltr'><strong>nedum</strong></span> <span class='ocrx_word' id='word_1_875' title='bbox 2379 5222 2845 5271; x_wconf 74' lang='lat' dir='ltr'><strong>acmtratissimam</strong></span> <span class='ocrx_word' id='word_1_876' title='bbox 2910 5217 3124 5272; x_wconf 89' lang='lat' dir='ltr'><strong>illorum</strong></span> <span class='ocrx_word' id='word_1_877' title='bbox 3191 5220 3530 5287; x_wconf 85' lang='lat' dir='ltr'><strong>diligentiam</strong></span> 
     </span>
    </p>
   </div>
   <div class='ocr_carea' id='block_1_124' title="bbox 1961 5287 3524 5356">
    <p class='ocr_par' dir='ltr' id='par_1_124' title="bbox 1961 5287 3524 5356">
     <span class='ocr_line' id='line_1_125' title="bbox 1961 5287 3524 5356; baseline 0.001 -17"><span class='ocrx_word' id='word_1_878' title='bbox 1961 5302 2352 5354; x_wconf 80' lang='lat' dir='ltr'><strong>nonnunquam</strong></span> <span class='ocrx_word' id='word_1_879' title='bbox 2395 5291 2673 5356; x_wconf 87' lang='lat' dir='ltr'><strong>requirere</strong></span> <span class='ocrx_word' id='word_1_880' title='bbox 2705 5288 2913 5356; x_wconf 87' lang='lat' dir='ltr'><strong>piacula</strong></span> <span class='ocrx_word' id='word_1_881' title='bbox 2938 5303 3058 5342; x_wconf 87' lang='lat' dir='ltr'><strong>esse</strong></span> <span class='ocrx_word' id='word_1_882' title='bbox 3079 5294 3323 5344; x_wconf 89' lang='lat' dir='ltr'><strong>duceret.</strong></span> <span class='ocrx_word' id='word_1_883' title='bbox 3346 5318 3415 5328; x_wconf 89' lang='lat'>—</span> <span class='ocrx_word' id='word_1_884' title='bbox 3440 5287 3524 5340; x_wconf 70' lang='lat' dir='ltr'><strong>Ex</strong></span> 
     </span>
    </p>
   </div>
   <div class='ocr_carea' id='block_1_125' title="bbox 1957 5357 2717 5411">
    <p class='ocr_par' dir='ltr' id='par_1_125' title="bbox 1957 5357 2717 5411">
     <span class='ocr_line' id='line_1_126' title="bbox 1957 5357 2717 5411; baseline -0.001 -1"><span class='ocrx_word' id='word_1_885' title='bbox 1957 5359 2228 5410; x_wconf 78' lang='lat' dir='ltr'><strong>Atldendis</strong></span> <span class='ocrx_word' id='word_1_886' title='bbox 2258 5368 2305 5411; x_wconf 82' lang='lat' dir='ltr'><strong>et</strong></span> <span class='ocrx_word' id='word_1_887' title='bbox 2337 5357 2717 5411; x_wconf 81' lang='lat' dir='ltr'><strong>Emendandis.</strong></span> 
     </span>
    </p>
   </div>
   <div class='ocr_carea' id='block_1_126' title="bbox 2031 5427 3525 5496">
    <p class='ocr_par' dir='ltr' id='par_1_126' title="bbox 2031 5427 3525 5496">
     <span class='ocr_line' id='line_1_127' title="bbox 2031 5427 3525 5496; baseline 0.001 -15"><span class='ocrx_word' id='word_1_888' title='bbox 2031 5434 2145 5495; x_wconf 59' lang='grc' dir='ltr'>(ευ)</span> <span class='ocrx_word' id='word_1_889' title='bbox 2191 5427 2404 5482; x_wconf 68' lang='grc' dir='ltr'>Τέλεον</span> <span class='ocrx_word' id='word_1_890' title='bbox 2436 5429 2751 5496; x_wconf 74' lang='grc' dir='ltr'>περιεῖλον.</span> <span class='ocrx_word' id='word_1_891' title='bbox 2789 5429 2922 5483; x_wconf 90' lang='lat' dir='ltr'><strong>Cum</strong></span> <span class='ocrx_word' id='word_1_892' title='bbox 2956 5429 3061 5495; x_wconf 91' lang='lat' dir='ltr'><strong>his,</strong></span> <span class='ocrx_word' id='word_1_893' title='bbox 3084 5429 3172 5494; x_wconf 90' lang='lat' dir='ltr'><strong>qui</strong></span> <span class='ocrx_word' id='word_1_894' title='bbox 3209 5437 3525 5484; x_wconf 77' lang='lat' dir='ltr'><strong>contextum</strong></span> 
     </span>
    </p>
   </div>
   <div class='ocr_carea' id='block_1_127' title="bbox 1958 5498 3529 5555">
    <p class='ocr_par' dir='ltr' id='par_1_127' title="bbox 1958 5498 3529 5555">
     <span class='ocr_line' id='line_1_128' title="bbox 1958 5498 3529 5555; baseline 0.001 -2"><span class='ocrx_word' id='word_1_895' title='bbox 1958 5498 2288 5554; x_wconf 75' lang='lat' dir='ltr'><strong>ilebt‘aicum</strong></span> <span class='ocrx_word' id='word_1_896' title='bbox 2361 5516 2607 5552; x_wconf 71' lang='lat' dir='ltr'><strong>munitius</strong></span> <span class='ocrx_word' id='word_1_897' title='bbox 2655 5499 2963 5553; x_wconf 68' lang='lat' dir='ltr'><strong>Judmorum</strong></span> <span class='ocrx_word' id='word_1_898' title='bbox 3038 5501 3298 5553; x_wconf 84' lang='lat' dir='ltr'><strong>violatum</strong></span> <span class='ocrx_word' id='word_1_899' title='bbox 3361 5500 3529 5555; x_wconf 80' lang='lat' dir='ltr'><strong>fuisse</strong></span> 
     </span>
    </p>
   </div>
   <div class='ocr_carea' id='block_1_128' title="bbox 1958 5568 3527 5637">
    <p class='ocr_par' dir='ltr' id='par_1_128' title="bbox 1958 5568 3527 5637">
     <span class='ocr_line' id='line_1_129' title="bbox 1958 5568 3527 5637; baseline 0.001 -15"><span class='ocrx_word' id='word_1_900' title='bbox 1958 5571 2170 5635; x_wconf 79' lang='lat' dir='ltr'><strong>volunt,</strong></span> <span class='ocrx_word' id='word_1_901' title='bbox 2209 5586 2317 5623; x_wconf 89' lang='lat' dir='ltr'><strong>non</strong></span> <span class='ocrx_word' id='word_1_902' title='bbox 2352 5570 2482 5622; x_wconf 64' lang='lat' dir='ltr'><strong>facit</strong></span> <span class='ocrx_word' id='word_1_903' title='bbox 2525 5568 2791 5635; x_wconf 85' lang='lat' dir='ltr'><strong>Justinus,</strong></span> <span class='ocrx_word' id='word_1_904' title='bbox 2828 5586 2989 5637; x_wconf 86' lang='lat' dir='ltr'><strong>quem</strong></span> <span class='ocrx_word' id='word_1_905' title='bbox 3032 5572 3151 5625; x_wconf 88' lang='lat' dir='ltr'><strong>luce</strong></span> <span class='ocrx_word' id='word_1_906' title='bbox 3184 5571 3386 5624; x_wconf 82' lang='lat' dir='ltr'><strong>clarius</strong></span> <span class='ocrx_word' id='word_1_907' title='bbox 3421 5579 3527 5632; x_wconf 84' lang='lat' dir='ltr'><strong>est,</strong></span> 
     </span>
    </p>
   </div>
   <div class='ocr_carea' id='block_1_129' title="bbox 1960 5638 3528 5711">
    <p class='ocr_par' dir='ltr' id='par_1_129' title="bbox 1960 5638 3528 5711">
     <span class='ocr_line' id='line_1_130' title="bbox 1960 5638 3528 5711; baseline -0.001 -18"><span class='ocrx_word' id='word_1_908' title='bbox 1960 5653 2014 5693; x_wconf 90' lang='lat' dir='ltr'><strong>ut</strong></span> <span class='ocrx_word' id='word_1_909' title='bbox 2052 5640 2347 5706; x_wconf 73' lang='lat' dir='ltr'><strong>Simonius,</strong></span> <span class='ocrx_word' id='word_1_910' title='bbox 2381 5638 2524 5693; x_wconf 80' lang='lat' dir='ltr'><strong>Hist.</strong></span> <span class='ocrx_word' id='word_1_911' title='bbox 2550 5642 2669 5693; x_wconf 84' lang='lat' dir='ltr'><strong>crit.</strong></span> <span class='ocrx_word' id='word_1_912' title='bbox 2703 5641 2793 5695; x_wconf 89' lang='lat' dir='ltr'><strong>lib.</strong></span> <span class='ocrx_word' id='word_1_913' title='bbox 2819 5656 2854 5694; x_wconf 90' lang='lat' dir='ltr'><strong>tt</strong></span> <span class='ocrx_word' id='word_1_914' title='bbox 2878 5681 2893 5704; x_wconf 87' lang='lat'><strong>,</strong></span> <span class='ocrx_word' id='word_1_915' title='bbox 2926 5640 3171 5711; x_wconf 72' lang='lat' dir='ltr'><strong>cap.18,</strong></span> <span class='ocrx_word' id='word_1_916' title='bbox 3210 5650 3267 5695; x_wconf 86' lang='lat' dir='ltr'><strong>et</strong></span> <span class='ocrx_word' id='word_1_917' title='bbox 3304 5639 3528 5694; x_wconf 80' lang='lat' dir='ltr'><strong>Martia-</strong></span> 
     </span>
    </p>
   </div>
   <div class='ocr_carea' id='block_1_130' title="bbox 1959 5711 3528 5780">
    <p class='ocr_par' dir='ltr' id='par_1_130' title="bbox 1959 5711 3528 5780">
     <span class='ocr_line' id='line_1_131' title="bbox 1959 5711 3528 5780; baseline -0.001 -15"><span class='ocrx_word' id='word_1_918' title='bbox 1959 5726 2107 5765; x_wconf 70' lang='lat' dir='ltr'><strong>nteus</strong></span> <span class='ocrx_word' id='word_1_919' title='bbox 2155 5723 2338 5764; x_wconf 87' lang='lat' dir='ltr'><strong>noster</strong></span> <span class='ocrx_word' id='word_1_920' title='bbox 2392 5712 2444 5763; x_wconf 91' lang='lat' dir='ltr'><strong>in</strong></span> <span class='ocrx_word' id='word_1_921' title='bbox 2486 5711 2603 5778; x_wconf 80' lang='lat' dir='ltr'><strong>Def.</strong></span> <span class='ocrx_word' id='word_1_922' title='bbox 2635 5719 2759 5764; x_wconf 73' lang='lat' dir='ltr'><strong>text.</strong></span> <span class='ocrx_word' id='word_1_923' title='bbox 2805 5712 2967 5767; x_wconf 87' lang='lat' dir='ltr'><strong>Hebr.</strong></span> <span class='ocrx_word' id='word_1_924' title='bbox 3021 5711 3221 5780; x_wconf 71' lang='lat' dir='ltr'><strong>p.168,</strong></span> <span class='ocrx_word' id='word_1_925' title='bbox 3271 5712 3528 5765; x_wconf 84' lang='lat' dir='ltr'><strong>observa-</strong></span> 
     </span>
    </p>
   </div>
   <div class='ocr_carea' id='block_1_131' title="bbox 1961 5781 3528 5855">
    <p class='ocr_par' dir='ltr' id='par_1_131' title="bbox 1961 5781 3528 5855">
     <span class='ocr_line' id='line_1_132' title="bbox 1961 5781 3528 5855; baseline 0.001 -19"><span class='ocrx_word' id='word_1_926' title='bbox 1961 5793 2107 5852; x_wconf 87' lang='lat' dir='ltr'><strong>runt,</strong></span> <span class='ocrx_word' id='word_1_927' title='bbox 2134 5785 2199 5838; x_wconf 87' lang='lat' dir='ltr'><strong>de</strong></span> <span class='ocrx_word' id='word_1_928' title='bbox 2229 5782 2342 5837; x_wconf 84' lang='lat' dir='ltr'><strong>sola</strong></span> <span class='ocrx_word' id='word_1_929' title='bbox 2379 5781 2827 5853; x_wconf 82' lang='lat' dir='ltr'><strong>interpretatione</strong></span> <span class='ocrx_word' id='word_1_930' title='bbox 2866 5782 3222 5855; x_wconf 78' lang='lat' dir='ltr'><strong>Septuaginta</strong></span> <span class='ocrx_word' id='word_1_931' title='bbox 3264 5784 3528 5852; x_wconf 51' lang='lat' dir='ltr'><strong>interpre.</strong></span> 
     </span>
    </p>
   </div>
  </div>
