3962 6262
437 349 548 408 ΒΓΖ»

1521 334 1580 390 S.
1617 331 1881 389 JUSTINI
1920 327 2331 386 PHILOSOPHI
2369 326 2458 382 ET
2493 319 2847 380 MARTYBIS

3603 309 3714 365 6H

434 466 783 538 interpretari
818 463 1236 534 aggrediuntur.
1282 457 1470 528 Neque
1501 455 1631 510 illud
1667 455 1832 509 etiam
1863 454 2013 508 vobis

2139 451 2222 504 ιπὸ
2252 449 2360 502 τῶν
2393 447 2703 517 ἐξηγήσεων
2736 441 2843 495 τῶν
2871 434 3256 508 γεγενημένων
3288 432 3398 486 ὕπδ
3419 429 3528 538 τιΞιν
3552 445 3717 499 παρα

433 561 743 630 ignoratum
778 553 962 614 velim,
1006 549 1306 621 permultas
1342 549 1682 615 Scripturas,
1717 560 1783 600 ex
1816 546 2013 613 quibus

437 651 720 721 perspicue
765 648 908 700 hunc
947 645 1156 712 ipsum.
1193 642 1284 712 qui
1338 641 1490 695 cruci
1535 639 1728 693 amatis
1773 638 1914 705 fuit,
1959 646 2016 692 ct

432 743 626 801 Deum.
658 750 712 793 et
757 739 1057 799 hominem,
1089 745 1143 790 et
1186 734 1538 796 crucifixum,
1587 743 1644 785 et
1687 732 2015 786 morientem

435 831 794 902 praedicatum
843 843 962 883 esse
1001 829 1428 888 demonstratur,
1457 824 1684 878 omnino
1712 822 1780 876 ab
1820 822 1900 876 eis
1947 835 2014 874 ex

435 925 524 980 illa
557 923 1030 992 interpretatione,
1065 935 1227 987 quam
1270 934 1431 972 senes
1473 918 1616 986 apud
1663 915 2015 969 Ptolemmum

431 1019 801 1076 adornarunt,
849 1011 1055 1067 deletas
1084 1010 1272 1064 fuisse.
1306 1009 1451 1075 Quas
1497 1010 1624 1078 quia
1651 1007 1766 1061 scio
1793 1007 1863 1058 ab
1899 1021 2017 1058 om-

432 1109 598 1162 nibus
630 1107 796 1159 vestri
831 1104 1050 1172 generis
1083 1102 1398 1157 honiinibus
1427 1101 1636 1170 negari,
1669 1099 1719 1153 in
1746 1097 2016 1166 ejusmodi

429 1198 763 1269 quastiones
798 1212 903 1251 non
953 1196 1192 1258 delabor,
1227 1193 1319 1248 sed
1370 1193 1422 1245 in
1471 1208 1587 1255 eas,
1615 1207 1736 1259 quea
1763 1200 1891 1243 sunt
1933 1204 2000 1242 ex

436 1288 532 1343 illo
563 1303 782 1359 genere,
833 1288 974 1356 quod
1012 1287 1191 1340 adhuc
1242 1301 1270 1337 a
1313 1283 1472 1338 vobis
1524 1293 1699 1336 ratum
1755 1282 2013 1345 habetur,

435 1380 918 1448 investigationem
945 1379 1188 1448 dirigere
1225 1376 1536 1445 aggredior.
1570 1373 1706 1426 Nam
1745 1376 2020 1440 quascun-

439 1487 547 1540 que
590 1472 747 1525 vobis
776 1469 957 1534 attnli,
994 1484 1088 1522 cas
1131 1466 1465 1536 agnoscitis;
1509 1466 1610 1519 nisi
1647 1465 1789 1533 quod
1821 1465 1888 1518 de
1931 1463 2022 1518 illa

438 1575 579 1616 voce
617 1578 630 1613 :
668 1580 687 1611 ι
721 1560 860 1614 Ecce
895 1559 1058 1628 Virgo
1107 1560 1158 1610 in
1200 1566 1355 1610 utero
1404 1556 1678 1623 concipiet
1704 1555 1772 1618 ",
1815 1573 1832 1605 ι
1867 1553 2018 1607 litem

439 1653 708 1718 movistis,
749 1653 824 1706 ita
864 1654 1067 1705 dictum
1111 1665 1233 1703 esse
1271 1657 1628 1702 asserentes:
1661 1665 1679 1696 ι
1723 1646 1861 1699 Ecce
1888 1644 2017 1698 ado-

435 1744 739 1799 iescentula
775 1743 826 1797 in
853 1752 1010 1797 utero
1042 1737 1330 1809 concipiet.
1364 1758 1380 1789 ι
1411 1741 1586 1807 Atque
1610 1738 1860 1802 equidem
1894 1752 2016 1805 pro-

2118 541 2450 613 Πτολεμαίῳ
2478 516 2875 607 γεγενημένων
2919 528 3322 602 πρεσϐυτέρων,
3363 523 3423 587 ἐξ
3452 516 3526 575 ὧν
3557 521 3718 592 διαῤ-

2119 637 2288 709 ρήδην
2335 626 2490 695 οὗτος
2523 630 2684 691 αὐτὸς
2717 629 2746 678 ὁ
2779 622 3136 692 σταυρωθεὶς,
3171 621 3254 672 ὅτι
3299 617 3450 679 Θεὸς,
3486 617 3586 668 παὶ
3617 615 3726 668 ἂν-

2118 708 2357 798 Θρωπος,
2412 723 2507 776 καὶ
2553 716 2974 788 σταυρούμενος,
3010 711 3104 763 καὶ
3138 708 3495 778 ἀποθνήσκων
3539 721 3714 772 κεκη-

2121 820 2391 892 ρυγμένος
2434 814 2835 871 ἀποδείκνυται,
2871 808 3068 860 εἰδέναι
3109 807 3253 875 ὑμᾶς
3305 803 3594 874 βούλομαι.-
3646 800 3719 862 ἃς

2117 910 2305 981 ἐπειδὴ
2340 907 2620 980 ἀρνεῖσθαι
2671 905 2876 964 πάντας
2907 902 3032 962 τοὺς
3065 898 3172 951 ἀπὸ
3211 895 3304 948 τοῦ
3337 895 3526 963 γένους
3557 891 3720 962 ὑμῶν

2119 1003 2440 1072 ἐπίσταμαι,
2465 1001 2582 1061 ταῖς
2614 994 2889 1055 τοιαύταις
2923 990 3212 1061 ζητήσεσιν
3245 988 3305 1039 οὗ
3341 984 3714 1056 προσϐάλλω·

2120 1092 2230 1144 ἀλλ’
2267 1092 2359 1143 ἐπὶ
2385 1088 2484 1151 τὰς
2510 1089 2574 1139 ἐκ
2595 1085 2703 1138 τῶν
2734 1079 3178 1154 ὁμολογουμένων
3203 1077 3284 1128 ἔτι
3304 1074 3432 1146 παρ’
3457 1075 3587 1143 ὑμῖν
3609 1071 3720 1134 τὰς

2129 1187 2386 1257 ζητήσεις
2437 1184 2613 1234 ποιεῖν
2660 1178 2888 1249 ἔρχομαι
2924 1173 3053 1242 (41).
3096 1172 3207 1224 Καὶ
3255 1169 3364 1240 γὰρ
3406 1169 3536 1228 ὅσας
3582 1165 3722 1257 ὑμίν

2129 1254 2424 1348 ἀνήνεγκα,
2459 1273 2664 1334 ταύτας
2696 1265 3010 1338 γνωρίζετε,
3041 1262 3176 1334 πλὴν
3221 1262 3301 1314 ὅτι
3335 1260 3462 1329 περὶ
3492 1257 3592 1328 τῆς
3623 1254 3724 1307 λέ-

2123 1369 2256 1434 ξεως
2289 1368 2421 1437 τῆς·
2459 1383 2476 1415 ι
2516 1362 2646 1415 Ἰδοὺ
2681 1363 2714 1432 ή
2751 1355 3025 1430 Παρθένος
3071 1355 3128 1406 ὲν
3173 1351 3374 1421 γαστρὶ
3404 1349 3654 1418 λήψεται,
3695 1364 3717 1396 ι

2121 1463 2433 1522 ἀντείπατε,
2483 1455 2734 1524 λέγοντες
2787 1449 3068 1522 εἰρῆσθαι·
3123 1465 3141 1496 ι
3177 1445 3307 1498 Ἰδοὺ
3348 1445 3380 1512 ἡ
3426 1442 3607 1502 νεᾶνις
3657 1441 3724 1491 ἐν

2119 1551 2318 1622 γαστρὶ
2350 1547 2599 1618 λήψεται.
2634 1563 2652 1594 ι
2691 1543 2800 1594 Καὶ
2833 1537 3149 1607 ὑπεσχόμην
3184 1530 3457 1596 ἀπόδειξιν
3490 1529 3727 1598 ποιήσα-

2120 1643 2244 1696 σθαι
2287 1643 2386 1694 οὐκ
2418 1641 2498 1702 εἰς
2543 1635 2810 1701 Ἐζεκίαν,
2863 1632 2938 1694 ὼς
2989 1627 3320 1698 ἐδιδάχθητε,
3355 1623 3454 1693 τὴν
3499 1635 3720 1692 προφη-

2119 1738 2270 1790 τείαν
2296 1731 2566 1804 εἰρῆσθαι,
2593 1708 2703 1782 ἀλλ’
2726 1728 2806 1790 είς
2837 1724 3024 1778 τοῦτον
3056 1722 3148 1773 τὸν
3182 1719 3314 1789 ὲμὺν
3335 1713 3587 1786 Χριστόν·
3612 1713 3716 1766 καὶ

440 1837 569 1890 inisi
603 1836 1108 1889 demonstraturum
1144 1851 1227 1888 me
1261 1835 1398 1887 hanc
1442 1831 1783 1900 prophetiam
1825 1844 1933 1882 non
1963 1827 2016 1880 in

2139 1829 2184 1898 ἰὴ
2215 1827 2313 1897 τὴν
2347 1821 2621 1886 ἀπόδειξιν
2656 1817 2974 1887 ποιήσομαι.

435 1928 755 1991 Ezechiam,
815 1937 874 1981 ut
914 1928 1210 1992 didicistis,
1250 1928 1348 1982 sed
1398 1927 1454 1980 in
1514 1939 1697 1978 meum
1766 1922 1912 1976 hunc
1968 1920 2246 1975 Christum
2297 1918 2498 1971 dictam
2541 1927 2698 1977 esse;
2743 1925 2863 1979 quae
2907 1905 3125 1976 quidem
3170 1897 3568 1957 demonstratio
3593 1891 3716 1961 jam

440 2024 574 2077 inihi
604 2022 959 2077 instituenda.

515 2116 613 2170 Hic
659 2115 923 2187 Trypho:
965 2113 1244 2184 Rogamus
1295 2123 1368 2178 te.
1410 2114 1620 2183 inquit,
1659 2121 1718 2166 ut
1757 2111 1909 2180 prius
1952 2123 2018 2164 ex

437 2207 769 2275 Scripturis,
795 2223 934 2275 quas
983 2208 1200 2276 penitus
1235 2207 1443 2260 deletas
1470 2206 1642 2260 fuisse
1679 2204 1840 2268 dicis,
1877 2217 2023 2258 non~

445 2301 624 2354 nullas
646 2299 840 2354 saltem
872 2300 924 2354 in
955 2301 1191 2354 medium
1225 2298 1494 2367 proferas.

515 2390 605 2444 72.
631 2387 771 2442 Loca
797 2405 862 2442 ea:
881 2387 1056 2442 Esdra
1085 2400 1130 2441 et
1156 2386 1389 2441 Jeremia
1415 2405 1447 2440 a
1469 2385 1675 2442 Judreis
1700 2383 1927 2437 sublata.
1955 2412 2026 2424 —

443 2481 581 2536 Tum
613 2497 715 2550 ego
743 2500 755 2534 :
789 2481 863 2536 Ut
902 2480 1058 2534 vobis
1087 2479 1286 2548 placet,
1320 2480 1392 2533 ita
1429 2478 1644 2538 faciam,
1674 2479 1916 2545 inquam.
1949 2475 2024 2528 Ex

445 2572 533 2626 his
564 2570 756 2638 igitur,
805 2585 929 2637 quae
959 2569 1162 2622 Esdras
1201 2568 1254 2620 in
1284 2567 1454 2638 legem
1487 2569 1554 2620 de
1595 2565 1864 2620 Pascliate
1896 2579 2025 2617 san-

441 2665 607 2717 citam
641 2663 928 2725 disseruit,
967 2662 1080 2715 hac
1115 2659 1431 2714 reciderunt
1467 2676 1480 2712 :
1520 2678 1538 2710 ι
1574 2659 1638 2712 Et
1659 2657 1797 2710 dixit
1823 2657 2022 2711 Esdras

445 2751 653 2823 populo
684 2767 698 2804 :
726 2750 841 2804 Hoc
883 2750 1083 2819 pascha
1123 2747 1376 2802 Salvator
1406 2756 1595 2801 noster
1639 2757 1723 2801 est
1761 2755 1815 2800 et
1843 2745 2030 2815 perfu-

441 2845 591 2911 gium
617 2851 884 2896 nostrum.
913 2842 989 2894 Ac
1004 2841 1045 2894 si
1073 2839 1450 2894 intellexeritis
1471 2839 1629 2909 170
1649 2849 1702 2893 et
1724 2838 2028 2892 ascenderit

447 2935 502 2988 in
524 2950 620 2988 cor
645 2942 884 2987 vestrum
919 2931 1091 2997 :Quia
1135 2931 1374 2984 futurum
1410 2942 1495 2984 est
1528 2942 1584 2982 ιιι
1612 2945 1734 2984 eum
1777 2929 2027 2982 humilie-

447 3041 572 3080 mus
604 3026 657 3077 in
701 3023 894 3092 signo;
933 3023 976 3075 si
1008 3023 1200 3076 saltem
1240 3033 1428 3092 postea
1472 3036 1755 3089 speremus
1791 3021 1841 3073 in
1877 3036 2026 3084 eum,

448 3133 556 3172 non
604 3117 940 3172 desolabitur
981 3116 1132 3169 locus
1159 3116 1260 3168 iste
1290 3117 1340 3167 in
1386 3131 1549 3169 onme
1592 3127 1850 3184 tempus:
1892 3115 2026 3168 dicit

2189 2101 2300 2155 Καὶ
2343 2101 2372 2152 ὁ
2417 2096 2648 2169 Τρύφων
2687 2089 2842 2146 εἷπε·
2880 2088 3100 2162 Πρῶτον
3135 2082 3391 2153 ἀξιοῦμεν
3443 2081 3620 2133 εἰπεῖν
3655 2094 3717 2134 σε

2122 2196 2256 2271 ἡμῖν
2306 2192 2398 2246 καί
2445 2207 2598 2253 τινας
2662 2181 2737 2241 ὧν
2783 2183 2982 2253 λέγεις
3024 2181 3204 2234 τέλεον
3255 2171 3723 2248 παραγεγράφθαι

2125 2285 2375 2358 Γραφῶν.

2198 2378 2286 2430 7‘2.
2327 2370 2496 2442 Κάγὼ
2529 2368 2684 2425 εἷπον
2703 2387 2716 2400 °
2753 2370 2841 2433 Ὧς
2874 2369 3003 2438 ὑμῖν
3037 2365 3207 2435 φίλον,
3237 2361 3446 2434 πράξω.
3466 2358 3596 2411 Ἀπὸ
3617 2357 3722 2426 μὶν

2127 2466 2221 2523 οὖν
2271 2467 2380 2520 τῶν
2426 2465 2739 2536 ἐξηγήσεων
2783 2455 2858 2514 ὧν
2904 2459 3208 2528 ἐξηγήσατο
3234 2454 3468 2523 Ἔσδρας
3515 2452 3594 2513 εις
3627 2450 3723 2501 τὸν

2131 2564 2293 2632 νόμον
2320 2559 2408 2611 τὸν
2432 2558 2560 2628 περὶ
2584 2555 2678 2608 τοῦ
2701 2554 2894 2623 Πάσχα
2928 2553 3024 2622 τὴν
3048 2549 3308 2619 ἐξήγησιν
3327 2544 3527 2613 ταύτην
3557 2543 3721 2610 ἀφεί-

2129 2654 2309 2707 λοντοο
2347 2671 2364 2702 ι
2388 2651 2500 2703 Καὶ
2543 2644 2694 2701 εἶπεν
2730 2646 2964 2716 Ἔσδρας
3008 2642 3086 2712 τῷ
3131 2639 3245 2710 λαῷ
3268 2656 3280 2669 ⁸
3317 2637 3486 2690 Τοῦτο
3515 2636 3576 2688 τὸ
3604 2635 3724 2690 Πά-

2131 2765 2235 2816 σχα
2265 2743 2374 2814 (42)
2400 2744 2430 2796 ὁ
2463 2739 2652 2811 Σωτὴρ
2686 2736 2864 2809 ἡμῶν,
2899 2736 2991 2789 καὶ
3025 2737 3056 2806 ἡ
3093 2729 3382 2800 καταφυγὴ
3407 2727 3581 2799 ἡμῶν.
3607 2727 3725 2780 Καὶ

2131 2839 2225 2892 ἐὰν
2271 2833 2608 2904 διανοηθῆτε,
2644 2831 2738 2884 καὶ
2783 2829 2955 2898 ἁναόῇ
3003 2825 3156 2896 ὑμῶν
3203 2824 3295 2876 ἐπὶ
3336 2822 3433 2890 τὴν
3467 2819 3721 2891 καρδίαν,

2129 2933 2210 2984 ὅτι
2268 2925 2533 2998 μέλλομεν
2583 2922 2743 2975 αὑτὸν
2787 2917 3074 2972 ταπεινοῦν
3109 2919 3166 2968 ἐν
3202 2913 3417 2985 σημείῳ
3454 2911 3585 2981 (45),
3622 2913 3725 2963 καὶ

2135 3019 2272 3092 μετὰ
2307 3018 2478 3070 ταῦτα
2511 3015 2816 3084 ἐλπίσωμεν
2849 3011 2933 3064 ἐπ’
2961 3010 3141 3070 αὑτὸν,
3181 3007 3242 3059 οὐ
3280 3005 3354 3076 μὴ
3393 3003 3656 3075 ἐρημωθῇ
3691 3005 3726 3058 6

2129 3117 2292 3177 τόπος
2325 3107 2479 3175 οὗτος
2512 3113 2592 3174 εἰς
2613 3111 2704 3163 τὸν
2736 3109 2950 3161 ἅπαντα
2976 3105 3163 3176 χρόνον
3184 3120 3197 3132 ’
3219 3103 3370 3174 λέγει,
3391 3102 3419 3151 ὁ
3451 3098 3582 3160 Θεὸς
3607 3096 3724 3149 τῶν

458 3212 604 3265 Deus
639 3211 923 3264 virtutum.
953 3211 1046 3261 Siti
1076 3219 1256 3261 autem
1288 3223 1392 3261 non
1435 3209 1785 3262 credideritis
1817 3208 1890 3272 ei,
1925 3223 2022 3262 ne-

2139 3209 2429 3278 δυνάμεων.
2448 3205 2572 3258 Ἐὰν
2605 3201 2660 3255 δὲ
2699 3201 2772 3273 μὴ
2818 3175 3146 3267 πιστεύσητε
3187 3192 3351 3262 αὐτῷ,
3392 3190 3523 3262 μηδὲ
3562 3191 3724 3241 εἱσα-

449 3320 560 3373 que
590 3303 877 3356 audieritis
914 3300 1363 3370 prredicatiouem
1393 3299 1532 3367 ejus,
1582 3300 1878 3361 ludibrium
1911 3302 2024 3355 eri-

449 3399 522 3453 tis
543 3397 817 3469 gentibus.
860 3415 878 3447 i
919 3395 982 3449 Et
1017 3410 1082 3450 ex
1129 3392 1384 3449 Jercniia:
1426 3395 1613 3448 verbis
1663 3394 1778 3448 haec
1813 3394 2026 3448 recide-

524 3554 568 3584 "
605 3552 726 3607 lsai.
758 3568 852 3616 rit,
886 3551 970 3604 14.

454 3717 569 3762 ιιιηι
595 3707 948 3768 contendere,
973 3704 1106 3758 nihil
1135 3701 1442 3773 prorsus_de
1467 3699 1733 3773 llebraico
1765 3705 2026 3752 contextu

455 3779 715 3848 cogitare.
753 3776 1086 3848 Quinetiam,
1122 3771 1241 3848 qua:
1282 3791 1309 3824 a
1345 3771 1546 3848 Judzeis
1594 3785 1661 3822 ex
1702 3773 2032 3848 interpreta-

458 3840 605 3902 tio'ne
660 3840 1014 3913 Septuaginta
1072 3840 1346 3898 seniorum
1396 3843 1609 3894 sublata
1656 3840 1928 3913 queritur.
1967 3852 2030 3913 ea

455 3934 566 3972 non
595 3929 702 3970 tam
736 3907 1021 3969 i'ecidendo
1053 3924 1106 3968 et
1145 3914 1211 3965 de
1246 3913 1512 3965 industria
1557 3910 1863 3963 omittendo
1901 3907 2033 3960 sub-

467 3990 574 4041 lata
615 3987 768 4047 dicit,
811 4000 970 4054 quam
1013 3991 1106 4036 aut
1139 3997 1304 4054 prave
1337 3981 1767 4054 interpretando,
1805 3985 1898 4029 aut
1937 3991 2036 4043 pa-

460 4058 568 4112 lam
617 4067 673 4110 et
703 4052 920 4124 aperte,
967 4064 1044 4124 ut
1071 4055 1122 4106 in
1161 4053 1387 4106 Hebraeo
1444 4052 1594 4103 fonte
1639 4064 1744 4102 non
1793 4056 2030 4124 reperta,

459 4118 779 4195 rejiciendo.
803 4118 937 4178 Nam
985 4123 1055 4195 ad
1109 4124 1221 4176 haec
1265 4126 1369 4174 duo
1402 4135 1600 4195 genera
1623 4118 1887 4195 revocari
1915 4131 2034 4195 pos:

462 4184 593 4250 su'nt
621 4206 970 4249 controversa
1008 4194 1094 4247 illa
1139 4184 1472 4247 testimonia.
1499 4190 1828 4244 Dictitabant
1859 4184 2030 4240 Judaei

461 4267 966 4336 interpretationem
1027 4275 1532 4336 vet‘aiii_ii01ies_se
1583 4261 1635 4311 iii
1701 4259 2026 4336 quibusdam

464 4328 622 4400 locis,
651 4337 750 4404 ipsi
799 4337 1145 4404 interpretari
1194 4333 1355 4404 aliter
1382 4331 1692 4404 audeliant,_
1717 4341 1770 4382 et
1817 4341 1916 4404 pro
1947 4328 2031 4404 his

463 4398 645 4461 verbis
671 4398 698 4458 ἐ
734 4425 752 4456 ι
782 4405 921 4459 Ecce
945 4398 1132 4471 'virgo,
1162 4423 1180 4454 ι
1229 4402 1529 4454 reddebant
1555 4417 1569 4452 :
1605 4419 1623 4449 ι
1654 4399 1793 4450 Ecce
1816 4398 2034 4471 “adole-

464 4478 732 4540 scentula,
762 4496 779 4527 i
819 4493 871 4528 ιι.
895 4474 982 4531 (i8.
1017 4465 1106 4537 7i,
1143 4476 1232 4526 81.
1271 4471 1463 4539 Liquet
1494 4471 1544 4521 in
1581 4467 1848 4540 ejusmodi
1897 4465 2033 4520 locis

2135 3299 2368 3370 κούσητε
2421 3296 2514 3350 τοῦ
2566 3295 2920 3366 κηρύγματος
2973 3287 3159 3352 αὑτοῦ,
3193 3285 3380 3338 ἔσεσθε
3433 3283 3725 3352 ἑπίχαρμα

2135 3393 2246 3454 τοῖς
2282 3390 2479 3442 ἔθνεσι.
2514 3408 2530 3440 ι
2571 3387 2681 3441 Καὶ
2726 3386 2834 3438 ἀπὸ
2879 3383 2986 3437 τῶν
3025 3381 3108 3436 διὰ
3157 3381 3419 3452 Ἱερεμίου
3467 3377 3574 3448 (44)
3627 3377 3726 3429 λε-

2130 3695 2329 3756 διίῑιιι..
2363 3707 2483 3761 cap.
2514 3693 2578 3747 18
2607 3711 2618 3745 :
2659 3711 2678 3744 ι
2706 3693 2860 3760 Apud
2908 3693 3134 3747 Esdram
3187 3693 3261 3748 ita
3301 3694 3563 3762 scriptum
3598 3703 3721 3754 est,

2134 3764 2308 3832 inquit
2333 3782 2345 3816 :
2381 3762 2491 3817 Hoc
2519 3763 2725 3818 Pascha
2758 3764 3017 3819 Salvator
3039 3773 3221 3817 noster
3241 3775 3327 3817 est
3356 3774 3410 3816 et
3443 3763 3722 3829 refugum

2132 3844 2422 3898 nostrum;
2455 3834 2685 3901 cogitate
2704 3844 2760 3888 et
2788 3836 3049 3887 ascendat
3081 3834 3133 3886 in
3167 3849 3266 3887 cor
3295 3844 3555 3898 vestrum,
3583 3848 3728 3902 quo-

2135 3905 2280 3958 niam
2310 3905 2575 3957 habemus
2619 3904 2904 3958 humiliare
2929 3918 3050 3957 eum
3081 3904 3132 3955 in
3160 3905 3349 3973 signo:
3373 3914 3427 3958 et
3451 3914 3571 3972 post
3606 3907 3726 3958 lia-c

2132 3974 2476 4042 sperabimus
2504 3974 2554 4026 in
2589 3990 2738 4039 eum,
2770 3989 2838 4028 ne
2863 3979 3150 4027 deseratur
3177 3975 3266 4028 hic
3301 3974 3450 4028 locus
3481 3976 3530 4026 in
3555 3984 3725 4027 aeter-

2137 4059 2266 4099 tium
2305 4054 2539 4113 tempus,
2568 4044 2710 4098 dicit
2741 4043 3000 4098 Dominus
3028 4046 3170 4098 Deus
3200 4046 3482 4096 virtutum.
3513 4045 3570 4097 Si
3609 4059 3725 4097 non

2138 4112 2484 4184 credideritis
2510 4114 2586 4179 ei,
2619 4129 2794 4184 neque
2832 4116 2876 4167 si
2910 4115 3199 4168 audieritis
3231 4114 3717 4184 annuntiationeni

2137 4183 2278 4254 ejus,
2305 4183 2464 4254 eritis
2512 4183 2716 4238 derisio
2757 4186 2808 4237 in
2850 4186 3172 4254 gentibus._i
3215 4183 3548 4239 Obscuriora
3589 4195 3722 4237 sunt

2139 4252 2330 4307 Latina
2368 4252 2638 4307 Lactantii
2682 4251 3063 4323 quam‘Grzcca
3108 4251 3336 4316 Justini,
3384 4268 3504 4323 quae
3535 4263 3724 4308 tamen

2138 4326 2254 4378 suis
2286 4324 2604 4394 vulneribus
2638 4341 2742 4377 non
2783 4335 2994 4375 carent.
3020 4323 3333 4394 Legeiiduni
3371 4326 3588 4394 videtur
3618 4323 3728 4378 πᾶν

2143 4394 2279 4464 μετὰ
2326 4393 2517 4446 ταῦτα.
2573 4394 2831 4448 Libenter
2882 4396 3048 4446 etiam
3103 4393 3339 4463 iegerem
3395 4393 3723 4464 ἐμέλλομεν,

2147 4483 2164 4514 ι
2196 4469 2320 4532 quia
2359 4465 2597 4517 futurum
2627 4477 2765 4526 erat,
2788 4484 2806 4517 i
2844 4474 2902 4517 ιιι
2931 4479 3053 4517 eum
3087 4464 3524 4529 humiliarenius,
3552 4467 3606 4519 id
3636 4479 3729 4520 est

467 4527 862 4600 insilit-gaius...
900 4527 1269 4607 librariorum,
1310 4527 1403 4592 sed
1436 4527 1731 4607 nequitiam
1762 4539 2036 4603 interpre-
2066 4527 2111 4582 D
2139 4527 2276 4607 quia
2318 4532 2503 4607 Jesuin
2547 4554 2566 4586 ι
2592 4536 2812 4590 definito
2856 4535 3083 4591 consilio
3130 4549 3186 4589 et
3237 4527 3580 4603 praescieutia
3625 4535 3726 4592 Dei

468 4628 581 4672 tum
614 4634 642 4670 a
678 4615 892 4670 .lustino
941 4614 1286 4682 reprehendi.
1329 4611 1726 4682 Quodspectat
1766 4609 1832 4682 ad
1866 4609 2033 4661 illud:

473 4707 493 4740 ‹
520 4689 783 4741 Dominus
806 4680 1051 4753 regnavit
1073 4700 1099 4735 a
1127 4684 1290 4754 ligno,
1318 4701 1336 4733 ι
1363 4680 1507 4754 etrad
1533 4696 1592 4754 ea
1621 4694 1742 4754 qua:
1764 4680 1831 4731 de
1857 4689 2041 4754 inerte

469 4757 624 4812 Isaia:
644 4758 855 4810 sublata
868 4747 1030 4818 dieit,
1059 4770 1114 4807 ιι.
1139 4747 1267 4815 ῆι),
1290 4763 1347 4807 et
1369 4753 1435 4804 ad
1463 4750 1830 4804 testimonium
1857 4747 2041 4802 Esdra:

471 4838 526 4882 et
554 4830 684 4881 illud
719 4824 1003 4880 Jereuiiai:
1038 4842 1057 4874 ι
1086 4823 1427 4879 Rccordatus
1453 4833 1533 4875 est
1569 4821 1879 4880 Doiiiinus,i
1909 4831 2038 4882 etc.,

469 4901 563 4953 vix
609 4901 830 4953 dubium
871 4907 955 4949 est
993 4898 1122 4964 quin
1162 4898 1277 4948 haec
1316 4897 1477 4946 etiam
1513 4890 1872 4964 iiun__oc_culto
1899 4889 2040 4964 faci-

471 4985 625 5035 iiore,
666 4971 758 5022 sed
798 4977 981 5036 aperta
1010 4957 1417 5036 'contcntionc,
1441 4963 1585 5036 ut_i_n
1624 4959 1852 5036 Hebraeo
1894 4957 2043 5036 fonte

474 5056 578 5093 nou
611 5029 907 5099 exstantia,
951 5038 1123 5090 recisa
1157 5035 1467 5090 crediderit.
1509 5031 1737 5084 Fatetur
1766 5029 1910 5080 enim
1944 5029 2044 5082 hoc

474 5127 503 5163 a
523 5111 786 5163 liabbinis
809 5109 1081 5160 communi
1106 5107 1336 5159 consilio
1357 5107 1556 5156 factum
1578 5114 1724 5164 esse,
1743 5110 1904 5167 atque
1930 5101 2043 5152 haec

477 5182 786 5234 testimonia
821 5181 887 5230 ab
911 5180 1162 5230 omnibus
1183 5173 1383 5229 Judaeis
1410 5173 1584 5242 rejici.

547 5251 659 5318 (41)
686 5250 991 5316 Ἔρχομαι.
1017 5245 1326 5314 Legendum
1350 5238 1564 5318 videtur
1587 5239 1889 5318 εὔχομαι..)
1916 5238 2045 5318 ᾖοτ

476 5309 1064 5386 11ιὸυι·ἰιιιιί1ἶι·ἷεειό.ι
1090 5309 1190 5386 Sic
1221 5318 1363 5369 enim
1382 5316 1445 5386 in
1475 5314 1628 5383 Apol.
1653 5309 1700 5386 ι,
1722 5309 1776 5365 ii.
1806 5309 2047 5386 15])ξαὶ

476 5388 706 5459 εὔχομαι
729 5387 870 5441 κατὰ
887 5379 1190 5459 *πᾶνᾲγένος
1215 5386 1320 5459 ,ἀνθ
1331 5379 1531 5459 ρώπων
1560 5379 2043 5459 τοιούτουςιρεῖξαι.

477 5450 644 5512 Ρ.ἶῖιώ
691 5470 811 5526 post
851 5460 977 5527 legit
1021 5450 1295 5510 Thirlbius
1328 5450 1432 5527 ξκαὶ
1471 5454 1574 5524 ήδη
1607 5453 1703 5527 τὴν
1752 5450 2045 5527 ἀποδειξιν,

479 5531 641 5598 idque
690 5519 880 5597 probat
903 5519 995 5582 'ex
1045 5529 1291 5595 pluribus
1325 5525 1458 5580 locis
1495 5519 1769 5579 'sii'nili'bus
1804 5522 1892 5575 ubi
1946 5519 2047 5591 ήδη

480 5601 668 5652 scribit
695 5599 961 5654 Justinus.

553 5669 664 5738 (42)
709 5670 887 5724 Τοῦτο
920 5667 985 5721 τὸ
1018 5667 1253 5736 Πάσχα.
1292 5663 1407 5718 Hoc
1459 5662 1864 5738 testimonium,
1906 5659 2053 5729 quod

482 5732 755 5794 iti'sa'cris
800 5739 1076 5794 codicibus
1122 5732 1229 5791 non
1280 5745 1487 5799 exstat,
1523 5735 1714 5787 Latine
1747 5732 1978 5784 refertur
2021 5747 2051 5782 ιι

483 5808 765 5865 Lactantio
809 5826 913 5863 non
947 5809 1064 5863 sine
1105 5807 1284 5876 aiiqua
1319 5806 1706 5874 discrepantia,
1744 5803 1838 5858 lib.
1865 5817 1914 5856 iv
1956 5801 2052 5855 Ιη-

2143 4606 2400 4658 tradituni
2429 4625 2449 4656 ι
2483 4606 2877 4660 interemimus.

2213 4675 2333 4750 (4&5)
2365 4675 2466 4729 Ἐν
2487 4677 2730 4750 σημείῳ.
2756 4675 2984 4750 Frustra
3008 4674 3060 4729 J.
3083 4675 3329 4730 Clericus
3356 4674 3499 4750 Hist.
3526 4675 3725 4730 ποίεε.

2139 4760 2196 4815 p.
2231 4746 2369 4811 526,
2415 4749 2813 4800 emendandum
2843 4748 2994 4815 hunc
3040 4755 3243 4799 textum
3297 4748 3611 4812 existimat,
3658 4764 3727 4802 ac

2143 4814 2427 4878 legendum
2459 4817 2516 4868 ὲν
2552 4823 2770 4886 σήματι.
2814 4814 2947 4869 Vide
2988 4818 3149 4882 infra,
3185 4834 3240 4872 ii.
3278 4817 3369 4880 94,
3402 4825 3458 4871 et
3490 4817 3650 4883 Apol.
3683 4834 3724 4880 I.

2144 4905 2202 4940 ιι.
2229 4890 2317 4948 60,
2352 4887 2443 4938 ubi
2478 4888 2690 4957 signum
2740 4887 2879 4938 idem
2930 4902 3051 4940 esse
3099 4903 3165 4942 ac
3207 4902 3425 4941 crucem
3471 4886 3729 4955 pluribus

2147 4957 2478 5011 testimoniis
2506 4957 2867 5009 osteiidiums.

2215 5027 2329 5096 (44)
2370 5027 2477 5096 Διᾲ
2515 5025 2807 5094 Ἱερεμίου.
2847 5027 2963 5081 Mox
2999 5026 3245 5082 Justinus
3280 5027 3424 5081 hunc
3460 5025 3641 5083 locum
3669 5027 3727 5084 in

2146 5095 2427 5152 nonnullis
2454 5095 2765 5151 .ltida'oruni
2791 5099 3194 5166 exemplaribus
3225 5101 3491 5167 integrum
3528 5099 3602 5152 ait
3630 5115 3731 5154 ex-

2147 5170 2374 5222 stitisse.
2407 5167 2560 5223 Unde
2596 5169 2872 5220 'l‘hirlbius
2906 5172 3064 5237 hujus
3093 5169 3284 5236 judicii
3319 5169 3531 5220 ferendi
3561 5185 3730 5223 occa-

2148 5241 2356 5292 sionem
2398 5239 2559 5305 rapit.
2601 5257 2620 5288 ι
2650 5237 2758 5290 Nos
2789 5253 3025 5306 quoque,
3058 5240 3253 5307 inquit.
3296 5237 3513 5291 Judaeos
3543 5241 3734 5294 absol-

2147 5312 2345 5375 vimus,
2375 5307 2646 5361 Justinum
2679 5326 2904 5361 summa:
2933 5311 3275 5378 negligentia:
3313 5321 3369 5363 et
3395 5310 3731 5365 temeritatis

2149 5379 2433 5432 absolvere
2480 5393 2584 5432 non
2634 5379 2985 5448 possumus.»
3037 5381 3206 5448 Miror
3254 5395 3385 5433 sane
3439 5393 3538 5432 cur
3587 5383 3731 5436 hanc

2152 5451 2476 5530 varietatem
2516 5446 2930 5530 exemplarium,
2959 5465 3077 5518 qua:
3101 5446 3316 5530 Imbros
3353 5452 3644 5519 premebat
3674 5465 3726 5506 et

2152 5520 2206 5573 in
2242 5519 2519 5588 angustias
2546 5519 2896 5586 conjiciebat,
2924 5524 3006 5572 vir
3035 5521 3282 5574 eruditus
3311 5522 3377 5574 ad
3405 5534 3600 5573 eorum
3634 5525 3734 5575 de-

2153 5589 2454 5642 fensiouem
2489 5601 2792 5660 convertat.
2829 5591 2935 5644 lies
2969 5593 3114 5644 enim
3151 5593 3334 5660 negari
3378 5607 3486 5643 non
3517 5605 3731 5660 potest;

2153 5660 2340 5712 deerat
2371 5660 2521 5713 locus
2547 5658 2794 5714 Jereniia:
2819 5664 2870 5713 in
2906 5662 3060 5714 novis
3087 5658 3490 5730 exeniplaribus
3513 5659 3730 5715 Iudaeo-

2158 5746 2299 5810 rum,
2344 5746 2451 5810 non
2490 5732 2679 5810 aberat
2702 5735 2786 5810 .ab
2822 5733 3258 5810 aiitiqiiioribus._
3292 5733 3366 5785 Ea
3389 5746 3461 5810 re
3495 5733 3726 5798 conjecti

2156 5801 2210 5856 in
2244 5809 2520 5871 angustias
2546 5799 2716 5858 Judaei
2747 5814 2800 5858 et
2824 5804 2890 5857 ad
2924 5799 3356 5861 maledicendum
3383 5801 3609 5859 Christo
3648 5818 3736 5858 reo
