3962 6262
455 320 565 380 σιτ

1405 318 1461 373 S.
1498 315 1761 372 JUSTlNl
1793 314 2205 372 PHILOSOPHI
2237 314 2326 371 ET
2359 314 2711 372 MARTYRIS

3612 312 3709 370 διδ

411 412 417 419 ’
459 436 671 509 psalmo
699 433 920 495 asserit,
948 446 1184 502 cumque
1227 431 1330 487 diis
1362 434 1605 503 gentium
1645 432 1873 486 similem
1919 447 2020 485 non

2136 432 2339 502 μηνῦον
2380 433 2461 486 ὅτι
2504 433 2602 485 οὐκ
2646 430 2790 485 ἔστιν
2818 432 3003 501 ὅμοιος
3033 431 3145 494 τοῖς
3175 429 3281 484 τῶν
3323 429 3491 483 ἐθνῶν
3535 429 3705 494 θεοῖς·

454 541 576 581 esse
610 525 880 589 declarat;
914 518 1036 577 illos
1068 524 1211 577 enim
1242 538 1364 578 esse
1402 523 1692 577 simulacra
1735 522 2028 575 daemonio-

456 634 599 672 rum.
635 616 742 671 Sed
774 626 831 669 ut
861 616 989 685 quid
1024 616 1244 669 dicatur
1286 616 1625 685 intelligatis,
1653 624 1824 668 totum
1871 614 2027 666 vobis

453 708 725 778 psalmum
760 707 1022 762 recitabo.
1053 708 1147 761 Sic
1172 715 1350 761 autem
1383 708 1545 761 habet
1572 726 1586 761 :
1624 726 1643 759 ι
1672 706 1899 762 Cantate
1923 704 2029 758 Do-

455 797 602 850 mino
651 796 928 850 canticum
982 811 1229 860 novum;
1283 806 1505 850 cantate
1556 797 1811 860 Domino,
1853 794 2030 847 omnis

456 898 625 945 terra.
657 890 891 943 Cantate
925 888 1177 951 Domino,
1210 900 1263 941 et
1294 887 1601 943 benedicite
1643 904 1838 941 nomen
1872 887 2027 954 ejus;

452 979 596 1033 bene
627 981 877 1031 nuntiate
910 979 974 1030 de
1000 978 1085 1031 die
1114 977 1168 1030 in
1197 977 1337 1030 diem
1372 977 1610 1030 salutare
1636 979 1772 1046 ejus.
1803 978 2030 1030 Auimu-

456 1070 588 1124 tiate
616 1070 667 1123 in
704 1071 957 1139 gentibus
985 1070 1212 1140 gloriam
1260 1070 1397 1138 ejus,
1432 1069 1482 1121 iu
1528 1070 1786 1122 omnibus
1818 1068 2028 1139 populis

454 1160 734 1215 mirabilia
775 1160 913 1228 ejus.
957 1146 1221 1225 Quoniam
1271 1174 1500 1229 magnus
1528 1159 1810 1223 Dominus,
1841 1170 1895 1212 et
1922 1161 2033 1212 lau-

453 1252 648 1307 dabilis
668 1251 834 1306 'nimis
859 1269 872 1317 ;
896 1251 1159 1305 terribilis
1184 1260 1265 1305 est
1292 1266 1459 1320 super
1487 1266 1677 1304 omnes
1699 1251 1850 1305 deos.
1879 1252 2028 1316 Quo-

453 1345 599 1399 niam
642 1358 833 1398 omnes
868 1343 938 1396 dii
984 1343 1249 1412 gentium,
1285 1342 1587 1405 daemonia;
1626 1340 1887 1396 Dominus
1931 1358 2027 1396 auo

452 1446 559 1490 tem
594 1435 767 1491 cmlos
802 1434 953 1489 fecit.
988 1432 1273 1489 Confessio
1313 1442 1367 1487 et
1416 1434 1766 1501 pulchritudo
1814 1436 1866 1488 iu
1897 1451 2028 1488 con-

452 1536 642 1595 spectu
670 1525 823 1594 ejus;
867 1528 1129 1581 sanctitas
1173 1536 1230 1580 et
1279 1527 1687 1596 magnificentia
1737 1526 1789 1579 in
1824 1527 2028 1579 sancti-

452 1617 706 1673 ﬁcatione
750 1617 887 1687 ejus.
936 1616 1141 1675 Aﬂ'erte
1172 1619 1427 1682 Domino,
1456 1619 1609 1687 171
1662 1620 1852 1687 patriae
1893 1634 2025 1686 gen-

438 1710 621 1786 _tium;
658 1709 852 1763 aﬂ‘erte
895 1710 1123 1765 Domino
1154 1709 1380 1781 gloriam
1422 1720 1475 1763 et
1505 1711 1801 1773 honorem;
1837 1709 2024 1763 alfertc

2130 526 2312 578 ἐκεῖνα
2349 524 2457 599 γὰρ
2484 525 2676 579 εἴδωλά
2705 527 2818 578 ἐστι
2844 523 3135 595 δαιμονίων
3163 522 3295 593 (49).
3315 521 3451 574 Ἀλλ’
3480 523 3629 586 ὅπως
3654 521 3709 576 τὶ

2130 616 2418 688 λεγόμενον
2470 618 2721 689 νοήσητε,
2773 615 2864 668 τὸν
2915 616 3090 669 πάντα
3137 614 3351 684 ψαλμὸν
3423 613 3709 682 ἀπαγγελῶ

2132 709 2445 780 ὐμῖν.Ἐστι
2469 707 2525 760 δὲ
2548 700 2722 771 οὗτος·
2752 726 2769 757 ι
2786 706 2989 778 ᾊσατε
3014 705 3093 775 τῷ
3122 704 3310 775 Κυρίῳ
3337 700 3487 775 ᾆσμα
3510 704 3707 757 κιτιινόν⁸

2131 798 2299 869 ᾅσατε
2338 796 2416 867 τῷ
2443 796 2651 868 Κυρίῳ,
2683 797 2831 849 πᾶσα
2875 797 2909 866 ἡ
2944 794 3044 863 γῆ·
3076 793 3241 864 ᾁσατε
3267 792 3345 863 τῷ
3384 792 3594 863 Κυρίῳ,
3627 795 3710 847 καὶ

2131 889 2459 959 εὐλογήσατε
2480 888 2540 940 τὸ
2560 889 2728 958 ὄνομα
2753 887 2936 939 αὑτοῦ.
2967 884 3395 954 Εὐαγγελίζεσθε
3423 885 3639 956 ἡμέραν
3659 886 3714 953 ἐξ

2129 980 2236 1051 ήμέ
2248 997 2343 1050 ρας
2359 980 2420 1031 ca
2440 981 2703 1051 σωτήριον
2719 979 2901 1032 αὐτοῦ.
2921 978 3299 1046 Ἀναγγείλατε
3325 979 3381 1029 ἐν
3402 980 3515 1041 τοῖς
3541 977 3714 1031 ἔθνεσι

2129 1073 2229 1142 τὴν
2257 1070 2413 1134 δόξαν
2437 1070 2622 1133 αὑτοῦ,
2656 1073 2715 1123 ἐν
2740 1072 2872 1123 πᾶσι
2897 1072 3008 1132 τοῖς
3039 1068 3187 1131 λαοῖς
3218 1068 3289 1121 τὰ
3320 1067 3598 1138 θαυμάσια
3627 1068 3715 1120 αὑ-

2128 1161 2220 1214 τοῦ
2240 1178 2254 1191 ·
2281 1164 2361 1215 ὅτι
2398 1161 2571 1232 μέγας
2600 1161 2822 1232 Κύριος,
2851 1161 2941 1213 καὶ
2963 1159 3173 1221 αἰνετὸς
3213 1158 3418 1229 σφόδρα
3438 1175 3451 1187 '
3489 1157 3716 1229 φοϐερός

2129 1257 2276 1307 ἐστιν
2301 1253 2442 1324 ὑπὲρ
2470 1253 2677 1316 πάντας
2702 1254 2827 1315 τοὺς
2854 1251 3009 1315 θεούς
3029 1268 3041 1280 ·
3068 1252 3149 1303 ὃτι
3187 1250 3388 1311 πάντες
3410 1252 3459 1302 οί
3479 1249 3590 1302 θεοὶ
3612 1249 3715 1302 τῶν

2128 1346 2301 1399 ἐθνῶν
2327 1346 2579 1416 δαιμόνια
2596 1363 2609 1375 '
2642 1347 2671 1396 ὁ
2701 1345 2757 1397 δὲ
2784 1343 2987 1415 Κύριος
3010 1342 3135 1405 τοὺς
3157 1342 3418 1412 οὐρανοὺς
3441 1341 3709 1411 ἐποίησεν.

2141 1435 2557 1509 Ἐξομολόγησις
2602 1436 2695 1488 καὶ
2736 1435 3006 1506 ὡραιότης
3039 1432 3268 1485 ἐνώπιον
3312 1431 3509 1484 αὑτοῦ·
3550 1433 3715 1500 ἁγιω-

2130 1529 2264 1601 σύνη
2310 1529 2403 1581 καὶ
2461 1527 2909 1599 μεγαλοπρέπεια
2952 1528 3009 1578 ἐν
3055 1524 3135 1595 τῷ
3184 1526 3483 1594 ἀγιάσματι
3530 1523 3710 1576 αὑτοῦ.

2140 1620 2430 1689 Ἐνέγκατε
2449 1618 2523 1689 τῷ
2539 1619 2747 1690 Κυρίῳ,
2774 1618 2831 1670 αἱ
2854 1618 3079 1689 πατριαὶ
3104 1616 3212 1668 τῶν
3234 1614 3425 1678 ἐθνῶν,
3453 1614 3713 1682 ἐνέγκατε

2126 1712 2204 1783 τῷ
2224 1711 2415 1783 Κυρίῳ
2436 1711 2591 1775 δόξαν
2618 1711 2713 1764 καὶ
2734 1711 2896 1781 τιμήν
2917 1728 2928 1740 ·
2957 1709 3217 1777 ἐνέγκατε
3246 1708 3323 1778 τῷ
3344 1708 3536 1778 Κυρίῳ
3560 1706 3715 1773 δόξαν

449 1801 681 1857 Domino
700 1800 927 1871 gloriam
955 1802 1007 1855 in
1046 1802 1265 1856 nomine
1297 1799 1435 1867 ejus.
1464 1799 1662 1854 Tollite
1713 1802 1943 1864 hostias,
1971 1811 2020 1853 et

2132 1807 2185 1857 ἐν
2226 1804 2448 1874 ὀνόματι
2498 1802 2680 1855 αὑτοῦ.
2718 1803 2909 1873 Αίρετε
2954 1801 3162 1863 θυσίας,
3204 1801 3293 1853 καὶ
3330 1798 3714 1870 είσπορεύεσθε

450 1893 677 1949 introite
719 1896 772 1948 in
812 1895 950 1948 atria
992 1894 1150 1964 ejus;
1200 1893 1424 1947 adorate
1466 1892 1752 1946 Dominum
1798 1893 1849 1945 iu
1884 1892 2025 1946 atrio

454 1998 650 2043 sancto
700 1986 841 2056 ejus.
882 1986 1307 2042 Commoveatur
1348 2000 1375 2039 a
1423 1986 1561 2039 facie
1610 1985 1727 2051 ejus
1772 1986 2024 2039 universa

452 2089 634 2145 terra;
663 2082 828 2134 dicite
871 2080 927 2133 in
972 2079 1224 2149 gentibus
1255 2101 1266 2133 :
1308 2078 1568 2131 Dominus
1598 2079 1865 2147 regnavit.
1900 2078 2024 2132 Etc-

452 2171 563 2225 nitn
594 2174 836 2226 correxit
862 2174 1049 2226 orbem
1078 2181 1257 2234 terrm,
1284 2170 1374 2238 qui
1411 2185 1517 2221 non
1552 2170 2022 2235 commovebitur;

445 2259 718 2329 iudicabit
761 2259 990 2327 populos
1030 2259 1081 2311 in
1129 2259 1408 2327 aequitate.
1456 2256 1735 2311 laetentur
1777 2259 1935 2323 coeli,
1973 2268 2028 2314 et

452 2350 694 2406 exsultet
738 2362 918 2414 terra;
967 2360 1379 2404 commoveatur
1424 2362 1604 2410 mare,
1647 2356 1703 2402 et
1748 2348 2026 2418 plenitudo

451 2442 591 2510 ejus.
620 2442 947 2498 Gaudebunt
978 2444 1177 2512 campi,
1211 2453 1267 2497 et
1293 2443 1480 2497 omnia
1511 2457 1632 2512 qua}
1671 2443 1724 2496 in
1767 2444 1845 2497 eis
1876 2453 2024 2498 sunt.

452 2533 819 2588 Exsultabunt
858 2534 1039 2587 omnia
1101 2533 1247 2602 ligna
1310 2533 1462 2587 silvae
1507 2548 1536 2586 a
1588 2533 1726 2588 facie
1773 2535 2024 2599 Domini;

453 2624 714 2692 quoniam
741 2624 909 2687 venit,
944 2624 1200 2692 quoniam
1229 2623 1382 2677 venit
1402 2622 1653 2689 judicare
1682 2634 1902 2678 terram.
1934 2629 2031 2678 Ju~

452 2713 661 2769 dicabit
691 2716 880 2769 orbem
914 2726 1073 2769 terra
1100 2715 1154 2768 in
1184 2714 1472 2783 aequitate,
1498 2723 1555 2769 et
1594 2714 1819 2785 populos
1851 2717 1903 2769 in
1939 2731 2029 2770 ve-

452 2809 611 2861 ritate
640 2823 737 2860 sua
763 2806 831 2863 ⁹⁹.
880 2824 898 2858 ι

531 2986 629 3040 Hic
676 2986 932 3057 TtypltO:
976 2984 1169 3040 Utrum
1214 3001 1283 3041 ex
1326 2985 1646 3057 Scripturis,
1689 2987 1882 3055 inquit,
1927 2986 2031 3040 ali-

452 3080 607 3149 quid,
646 3091 702 3131 ut
729 3080 956 3143 ass-eris,
989 3079 1265 3149 principes
1308 3081 1491 3150 populi
1530 3081 1851 3145 deleverint,
1890 3082 2028 3135 Deus

452 3170 596 3226 scire
634 3179 830 3240 potest.
868 3172 1137 3227 Cmterum
1167 3173 1384 3226 videtur
1420 3171 1477 3226 id
1510 3173 1852 3227 incredibile.

521 3367 682 3432 Sane,
711 3369 954 3438 inquam,
985 3369 1306 3424 incredibile
1340 3369 1575 3424 videtur.
1604 3371 1698 3425 Est
1724 3372 1868 3426 enim
1895 3373 2028 3428 bor-

408 3494 411 3499 ‹
452 3461 666 3518 ribilius
703 3462 1009 3530 quidpiam,
1049 3478 1210 3530 quam
1261 3463 1405 3530 quod
1441 3464 1509 3517 ab
1544 3464 1627 3516 eis
1674 3465 2025 3518 commissum

449 3561 559 3617 est,
584 3568 708 3608 cum
751 3553 1004 3615 vitulum,
1043 3568 1240 3606 manna
1282 3553 1336 3606 in
1373 3554 1533 3607 terris
1562 3553 1787 3622 expleti,
1817 3555 2022 3608 conﬂa—

451 3654 602 3711 ruut,
628 3653 720 3697 aut
746 3658 868 3697 cum
895 3641 1031 3697 lilios
1059 3643 1415 3697 immolarunt
1438 3645 1740 3704 daunoniis.
1776 3656 1869 3699 aut
1898 3661 2020 3699 cum

449 3735 601 3805 ipsos
631 3736 925 3805 pr0phetas
951 3736 1290 3789 occiderunt.
1317 3736 1422 3789 Sed
1451 3737 1610 3797 mihi,
1641 3737 1879 3801 aiebam,
1909 3738 2025 3791 exi-

449 3828 668 3882 stimate
698 3824 835 3880 nihil
865 3840 961 3879 vos
992 3824 1234 3878 audiissc
1263 3826 1327 3879 de
1362 3824 1679 3894 Scripturis,
1712 3842 1848 3896 quas
1880 3825 2023 3880 furto

451 3921 520 3974 ab
549 3918 617 3972 iis
647 3917 889 3972 sublatas
918 3917 1054 3973 dixi.
1087 3916 1234 3972 Satis
1263 3917 1408 3973 enim
1444 3932 1716 3987 superque
1747 3918 2022 3974 sulliciunt

447 4011 517 4066 ad
562 4010 1090 4067 demonstrationem
1144 4024 1335 4066 eorum
1391 4026 1511 4082 qute
1554 4011 1608 4065 in
1666 4013 2019 4083 questiouem

514 4249 562 4283 "
600 4248 742 4307 Psal.
783 4264 924 4304 xcvn
965 4264 1061 4319 per
1098 4260 1286 4303 totmn.

2127 1900 2208 1961 εἱς
2239 1898 2335 1960 τὰς
2362 1896 2527 1959 αὐλὰς
2556 1894 2716 1949 αὐτοῦ
2739 1912 2751 1924 ’
2781 1895 3193 1966 προσκυνήσατε
3220 1890 3298 1961 τῷ
3322 1891 3513 1961 Κυρίῳ
3539 1892 3599 1942 ὲν
3624 1890 3717 1942 αὺ-

2128 1989 2191 2060 λῇ
2228 1989 2360 2060 ἁγία
2398 1988 2582 2041 αὐτοῦ.
2606 1986 2926 2058 Σαλευθήτω
2961 1986 3067 2038 ἀπὸ
3101 1983 3394 2057 προσώπου
3420 1981 3587 2035 αὐτοῦ
3615 1984 3717 2034 πᾶ-

2130 2098 2199 2135 σα
2239 2082 2271 2152 ἡ
2315 2082 2387 2151 γῆ
2409 2099 2420 2110 ·
2450 2083 2639 2135 εἴπατε
2679 2082 2735 2132 ἐν
2777 2082 2889 2141 τοῖς
2922 2078 3128 2130 ἔθνεσιν
3149 2093 3162 2107 ⁸
3214 2076 3271 2128 Ὅ
3297 2074 3500 2146 Κύριος
3528 2073 3716 2126 ἐϐασί-

2127 2174 2282 2226 λευσε
2325 2172 2457 2243 (50).
2477 2174 2586 2225 Καὶ
2611 2173 2719 2243 γὰρ
2752 2169 3080 2241 κατώρθωσε
3106 2171 3203 2240 τὴν
3223 2166 3573 2237 οἰκουμένην,
3599 2166 3716 2233 ἥτις

2127 2267 2186 2317 οὐ
2224 2263 2611 2335 σαλευθήσεται
2631 2281 2643 2293 ·
2685 2265 2861 2335 κρινεῖ
2890 2262 3052 2323 λαοὺς
3081 2262 3138 2312 ἐν
3167 2258 3437 2329 εὐθύτητι.
3476 2257 3717 2327 E53591:-

2127 2356 2403 2409 νέσθωσαν
2442 2358 2490 2408 oi
2523 2356 2778 2426 οὐρανοὶ,
2814 2355 2906 2407 καὶ
2940 2350 3283 2420 ἀγαλλιάσθω
3317 2353 3350 2420 ἡ
3384 2350 3453 2419 γῆ
3475 2366 3488 2378 ·
3525 2349 3718 2401 σαλευ-

2128 2448 2349 2519 θήσεται
2385 2449 2417 2518 ἡ
2456 2447 2698 2500 θάλασσα
2722 2447 2815 2498 καὶ
2846 2446 2907 2497 τὸ
2941 2445 3214 2514 πλήρωμα
3239 2442 3425 2511 αὐτῆς.
3456 2441 3715 2509 Χαρήσε-

2126 2556 2214 2592 ται
2247 2539 2313 2592 τὰ
2346 2539 2501 2591 πεδία
2526 2539 2619 2592 καὶ
2654 2538 2830 2590 πάντα
2862 2536 2931 2588 τὰ
2966 2538 3022 2588 ἐν
3052 2535 3252 2595 αὐτοῖς.
3273 2531 3715 2600 Ἀγαλλιάσονται

2130 2630 2306 2683 πάντα
2328 2628 2396 2681 τὰ
2420 2628 2550 2693 ξύλα
2573 2627 2666 2680 τοῦ
2690 2626 2894 2698 δρυμοῦ
2920 2626 3025 2679 ἀπὸ
3053 2621 3340 2695 προσώπου
3367 2622 3575 2689 Κυρίου
3596 2636 3609 2649 ·
3636 2620 3716 2671 ὅτι

2131 2717 2369 2789 ἔρχεται,
2410 2721 2492 2772 ὅτι
2530 2719 2747 2787 ἔρχεται
2789 2719 2971 2788 κρῖναι
2996 2715 3092 2785 τὴν
3118 2715 3239 2784 γῆν.
3271 2713 3461 2783 Κρινεῖ
3497 2710 3598 2780 τὴν
3635 2712 3715 2761 oi.»

2128 2811 2402 2883 κουμένην
2450 2814 2507 2864 ἐν
2549 2807 2890 2881 δικαιοσύνῃ,
2935 2808 3031 2859 καὶ
3072 2805 3235 2868 λαοὺς
3273 2806 3330 2856 ἐν
3376 2805 3440 2873 τῇ
3484 2802 3716 2873 ἀληθείᾳ.

2130 2900 2314 2955 αὐτοῦ.
2344 2921 2361 2952 ι

2198 2992 2310 3046 Καὶ
2341 2992 2370 3043 ὁ
2403 2987 2665 3061 Τρύφων·
2697 2989 2758 3041 Ei
2787 2987 2907 3057 μὲν,
2936 2986 3009 3050 ὼς
3045 2985 3203 3055 ἔφης,
3239 2978 3383 3041 εἷπε.
3421 2982 3710 3055 παρέγρα-

2130 3086 2238 3156 ψάν
2271 3084 2382 3156 (51)
2417 3103 2468 3137 τι
2503 3084 2610 3137 ἀπὸ
2641 3083 2747 3135 τῶν
2780 3081 3012 3154 Γραφῶν
3053 3083 3101 3133 oi
3136 3079 3393 3149 ἄρχοντες
3428 3076 3520 3129 τοῦ
3558 3075 3715 3139 λαοῦ,

2056 3172 2098 3227 C
2130 3178 2264 3242 Θεὸς
2298 3176 2520 3230 δύναται
2553 3173 2913 3228 ἐπίστασθαιο
2962 3171 3176 3240 ἀπίστῳ
3209 3170 3264 3222 δὲ
3314 3170 3455 3221 ἔοικε
3504 3170 3567 3220 τὸ
3601 3184 3717 3220 τοι-

2129 3286 2305 3325 ουτον.

2201 3362 2331 3427 Ναὶ,
2368 3361 2524 3432 ἔφην,
2559 3360 2774 3431 ἀπίστῳ
2813 3360 2979 3414 ἔοικε.
3027 3354 3403 3429 Φοϐερώτερον
3450 3353 3562 3423 γάρ
3598 3355 3718 3406 ἐστι

2129 3454 2226 3524 τῆς
2277 3453 2629 3524 μοσχοποιῒας
2664 3453 2731 3523 ἢν
2766 3452 3031 3522 ἐποίησαν
3079 3447 3212 3517 (52),
3264 3446 3358 3499 ἐπὶ
3391 3445 3496 3515 γῆς
3533 3445 3718 3513 μάννα

2129 3544 2523 3615 πεπλησμένοι,
2547 3543 2641 3597 καὶ
2675 3542 2765 3596 τοῦ
2797 3542 2863 3595 τὰ
2885 3541 3052 3594 τέκνα
3078 3537 3225 3591 θύειν
3247 3538 3358 3598 τοῖς
3388 3534 3716 3605 δαιμονίοις,

2128 3636 2160 3706 ἢ
2197 3636 2286 3689 τοῦ
2322 3636 2520 3699 αὐτοὺς
2554 3637 2678 3699 τοὺς
2715 3636 2997 3705 προφήτας
3032 3627 3388 3702 ἀνῃρηκέναι.
3430 3624 3594 3681 Ἀλλὰ
3627 3624 3717 3695 δὴ,

2128 3729 2287 3799 ἔφην,
2326 3729 2418 3799 μοὶ
2464 3727 2749 3799 νομίζεσθε
2786 3727 2896 3797 (55)
2935 3724 3068 3795 μηδὲ
3115 3722 3408 3793 ἀκηκοέναι
3454 3720 3519 3783 ἃς
3558 3716 3719 3771 εἶπαν

2128 3824 2256 3896 περὶ
2290 3822 2381 3875 τοῦ
2417 3820 2739 3889 κεκλοφέναι
2774 3819 2968 3882 αὐτοὺς
3005 3815 3246 3887 Γραφάς.
3295 3814 3465 3883 ’Υπὲρ
3498 3810 3715 3881 αὐταρ-

2127 3917 2279 3979 κείας
2314 3915 2422 3986 γὰρ
2455 3916 2508 3968 αἱ
2560 3911 2816 3966 τοσαῦται
2863 3905 3391 3984 προανιστορημέναι
3438 3904 3580 3955 εἰσὶν
3629 3905 3718 3968 εἰς

2122 4007 2391 4074 ἀπόδειξιν
2436 4006 2544 4061 τῶν
2591 4003 2935 4079 ζητηθέντων
2996 4000 3135 4071 μετὰ
3181 3998 3288 4052 τῶν
3344 3994 3717 4066 λεχθήσεσθαι

521 4458 635 4537 (ιιι)
676 4458 1456 4537 Εἵὸωλᾴ-ὲστιιδᾳιμονιιοις.
1495 4459 1592 4514 Hic
1642 4459 1832 4537 psalmi
1875 4461 2020 4516 locus

2132 4459 2220 4537 λον
2246 4479 2305 4537 [ι.
2334 4464 2421 4527 Ἡ,
2445 4464 2745 4534 ἀφείλοντο,
2766 4466 3117 4537 περιέκοψαν,
3144 4465 3429 4537 ἐξέκοψαν,
3464 4475 3519 4521 et
3555 4483 3589 4520 n
3623 4466 3724 4530 72,

450 4526 770 4598 itacitatur,
798 4547 853 4583 ιι.
876 4530 967 4594 44,
990 4541 1044 4583 et
1063 4526 1274 4596 Αρυιξι,
1303 4548 1355 4583 ιι.
1380 4530 1469 4593 Η,
1491 4542 1544 4583 et
1571 4526 1708 4598 apud
1741 4532 2021 4597 Irenaeum,

450 4596 489 4668 ί.
516 4613 606 4666 ιιι,
638 4615 686 4653 c.
716 4597 775 4661 6,
809 4608 865 4653 et
891 4599 1061 4654 Clem.
1094 4601 1250 4655 Alex.
1289 4616 1340 4668 p.
1367 4600 1456 4655 54.
1488 4596 1660 4653 Aliter
1689 4598 1940 4655 JuStiuus
1970 4596 2023 4656 in

448 4666 566 4735 ipsa
610 4670 804 4737 psalmi
841 4672 1164 4723 recitatione
1202 4680 1254 4723 et
1290 4666 1474 4735 infra;
1498 4688 1551 4725 ιι.
1586 4670 1652 4725 79
1680 4682 1735 4725 et
1760 4672 1849 4725 85.
1900 4672 2025 4726 Haec

447 4741 760 4792 observatio
811 4749 892 4793 est
929 4741 1009 4793 (ll.
1056 4740 1318 4799 'l'birlbii,
1358 4743 1445 4807 qui
1502 4741 1642 4793 hanc
1690 4742 2020 4795 lectionem:

444 4809 654 4872 Πάντες
682 4811 729 4861 οἱ
766 4809 878 4863 θεοὶ
908 4810 1014 4863 τῶν
1039 4809 1207 4862 ἐθνῶν
1236 4809 1428 4862 εἴδωλά
1467 4811 1581 4862 ἐστι
1603 4810 1912 4879 δαιμονίων,
1954 4827 2022 4864 ex

444 4879 657 4931 duabus
683 4880 1005 4933 lectionibus
1036 4881 1304 4934 coaluisse
1332 4890 1503 4947 putat,
1547 4896 1738 4947 nempe
1767 4897 1847 4947 ps.
1888 4895 2017 4935 xcv:

443 4948 652 5020 ῌὰντες
686 4952 733 5001 oi
772 4950 884 5002 θεοὶ
914 4950 1019 5003 τῶν
1050 4948 1217 5002 ἐθνῶν
1256 4949 1528 5020 δαιμήνια,
1566 4960 1621 5004 et
1647 4951 1883 5020 l’arabp.
1908 4967 2018 5015 xvt,

441 5019 549 5072 26:
578 5020 783 5083 Πάντες
812 5022 858 5072 οἱ
888 5020 999 5073 θεοὶ
1032 5020 1140 5073 τῶν
1176 5018 1580 5073 ἐθνῶνεῖδωλα.

515 5090 627 5160 (50)
684 5090 1096 5144 Ἑϐασίλευσε.
1127 5090 1317 5143 Mirum
1352 5107 1454 5143 non
1489 5091 1611 5145 addi
1645 5087 1752 5143 ἀπὸ
1786 5088 1877 5142 τοῦ
1922 5090 2016 5155 ξύ-

438 5155 556 5223 λου,
610 5155 733 5214 cum
783 5160 1035 5215 JuStinus
1089 5162 1159 5214 ita
1213 5162 1493 5230 legendum
1545 5161 1871 5221 contendat;
1922 5164 2016 5215 sed

439 5242 568 5283 nata
603 5241 687 5283 cst
722 5231 1073 5284 librariorum
1109 5232 1162 5284 in
1193 5231 1458 5300 ejusmodi
1496 5233 1656 5285 rebus
1694 5231 1943 5283 audacia.

511 5299 624 5370 (5i)
665 5301 1079 5370 Παρέγραψαν.
1124 5299 1364 5369 Uterque
1404 5303 1570 5355 codex
1605 5303 1672 5354 ad
1710 5301 2006 5368 marginem

436 5372 891 5443 περιέγραψαν(
944 5375 1282 5425 deleverunt.
1334 5390 1353 5424 ι
1393 5372 1497 5443 ASie
1553 5372 1715 5425 etiam
1763 5370 2004 5443 Κηδω-

434 5440 653 5512 pilanus
676 5440 742 5494 ad
783 5442 1012 5496 calcem.
1056 5460 1075 5493 ι
1114 5443 1353 5495 Omnino
1393 5441 1674 5511 legendum
1708 5440 2006 5512 περιέγρα-

433 5509 542 5580 ψαν
584 5529 603 5563 ι
662 5514 979 5581 pronuntiat
1010 5512 1261 5566 eruditus
1309 5509 1924 5581 Londinensisedttor,
1950 5521 2007 5564 et

435 5579 597 5648 supra
624 5579 677 5655 ιιξ
707 5584 793 5655 7i,
820 5583 1264 5655 περιγεγράφθω
1298 5598 1489 5655 proco
1516 5582 1659 5655 quod
1681 5579 1877 5649 legitur
1906 5597 2009 5655 πα-

440 5651 839 5723 ραγεγράφθαι.
896 5651 1127 5724 Verbum
1181 5651 1501 5724 περιγρὰφα
1553 5652 1731 5724 aptius
1774 5652 2008 5724 quadrat

438 5719 559 5776 cum
588 5719 710 5776 aliis
738 5725 918 5779 verbis
948 5741 976 5777 ιι
1015 5722 1229 5779 Justino
1258 5719 1427 5790 usurp
1448 5722 1557 5786 itis,
1590 5719 1771 5773 τέλεον
1797 5723 2003 5793 περιεί-

2130 4534 2218 4588 73.
2242 4533 2551 4607 Sedgtamen
2584 4537 2725 4607 haud
2754 4533 2866 4590 scio
2888 4555 2955 4590 an
2985 4533 3219 4591 retinere
3244 4533 3513 4604 possimus
3536 4552 3726 4607 παρα-

2129 4605 2539 4679 γεγρ-ἁφθαιᾉει
2581 4606 2981 4679 παρέγραψαν,
3019 4608 3313 4679 Scriptura:
3360 4609 3504 4661 enim
3557 4605 3724 4661 testi-

2129 4677 2310 4748 monia
2357 4676 2674 4729 reciderunt
2712 4676 2906 4743 Judaei,
2952 4678 3079 4731 dum
3129 4678 3469 4745 Scripturam
3523 4694 3723 4748 παρα-

2129 4746 2421 4815 γράφουσι,
2453 4758 2616 4813 atque
2641 4748 2709 4799 ita
2739 4749 3000 4815 scriptum
3025 4762 3145 4801 esse
3177 4749 3533 4801 contendunt.
3570 4746 3719 4801 Hinc

2128 4830 2182 4867 ιι.
2208 4815 2296 4878 84,
2326 4820 2431 4869 duo
2460 4826 2668 4869 tantum
2694 4818 2761 4869 ab
2786 4818 2865 4870 eis
2890 4818 3127 4884 postulat
3147 4816 3414 4881 Justinus,
3434 4818 3577 4883 quod
3610 4835 3722 4871 πα-

2132 4886 2431 4955 ραγράφειν
2464 4886 2496 4955 ἢ
2528 4887 2955 4958 παρεξηγείσθαι
2995 4888 3229 4958 audeant
3263 4888 3618 4954 Scripturas;
3655 4898 3716 4942 et

2122 4970 2177 5006 ιι.
2215 4959 2303 5018 b8,
2348 4961 2464 5010 tunc
2503 4957 2618 5010 duo
2661 4969 2867 5011 tantum
2908 4960 2986 5012 eis
3029 4957 3217 5025 objicit
3260 4960 3511 5018 artilicia,
3555 4959 3716 5024 quod

2122 5029 2455 5090 testimonia,
2490 5028 2688 5095 quibus
2718 5030 3125 5095 premebantur,
3154 5039 3247 5080 aut
3284 5043 3389 5080 non
3440 5029 3515 5080 ita
3559 5030 3716 5082 scri-

2119 5102 2206 5161 pta
2257 5111 2377 5150 esse
2423 5107 2476 5149 ut
2530 5112 2559 5150 a
2616 5098 2942 5151 Christianis
2995 5101 3431 5165 proterebautur,
3489 5109 3589 5149 aut
3650 5100 3711 5152 in

2116 5165 2394 5218 Christum
2430 5167 2569 5219 dicta
2610 5185 2717 5219 non
2743 5182 2862 5221 esse
2893 5169 3308 5221 contenderent.

2186 5236 2454 5307 (5'2)er
2481 5236 2799 5305 ἐποίησαν.
2830 5238 3064 5304 Uterque
3090 5240 3260 5291 codex
3291 5238 3355 5290 ad
3387 5238 3711 5307 marginem

2108 5298 2177 5376 ἧς
2194 5298 2489 5377 ἐποίησαν,
2516 5298 2687 5377 atque
2722 5311 2793 5362 ita
2831 5307 2899 5363 Β.
2937 5298 3248 5374 Stephanus
3281 5308 3347 5359 ad
3384 5298 3623 5361 calce'm.

2185 5377 2298 5448 (55)
2348 5376 2689 5445 Νομίζέσθε.
2733 5378 2858 5448 Legi
2907 5392 3065 5448 posse
3109 5378 3362 5448 νομίζετε
3402 5378 3714 5448 admonui}

2111 5443 2452 5521 Sylburgius}
2494 5450 2691 5521 Ibidem
2722 5443 2852 5518 legit
2886 5443 3231 5521 Thirlbius'ﬁ
3257 5443 3411 5501 εἷπον
3441 5446 3710 5521 περὶτοῦ

2110 5511 2242 5591 etc,
2279 5511 2358 5570 vél
2389 5518 2460 5591 ,ἃς
2488 5511 3115 5591 εἷπονγπερῖκεκοφέναι.
3159 5521 3395 5591 Utraque
3430 5511 3705 5591 probabi-

2108 5586 2172 5667 lis
2204 5590 2534 5714 emegdatio,
2564 5590 2660 5645 sed
2707 5586 3084 5658 pi‘iutamipse
3117 5606 3221 5645 non
3271 5586 3544 5645 immerito
3569 5604 3711 5646 ma-

2108 5671 2189 5714 RIS
2223 5672 2321 5714 ιιι-υ
2363 5670 2435 5714 8i.

2105 5671 2189 5728 gis
2222 5670 2435 5727 probat.
