3962 6262
456 417 555 473 651

455 545 539 593 est
574 532 831 590 Dominus
864 542 1016 583 meus
1058 526 1110 579 in
1156 522 1336 587 nobis,
1381 522 1709 575 invenerunt
1748 526 1836 567 me
1882 507 2022 562 mala

2278 499 2341 593 τῇ
2377 494 2484 593 sui:

460 628 593 682 inec.
630 624 744 693 Ego
781 630 963 676 autem
997 616 1296 672 avertendo
1328 621 1571 667 avertam
1618 608 1813 661 faciem
1846 618 2025 658 meam

456 720 527 772 ab
557 718 637 772 eis
678 716 731 770 in
766 714 854 769 die
896 712 1012 772 illa,
1052 717 1270 779 propter
1311 704 1494 760 omnia
1534 701 1673 756 mala
1721 714 1841 769 quae
1887 695 2028 751 fece-

457 818 612 875 runt;
647 806 907 877 quoniam
940 803 1193 858 abierunt
1216 800 1283 853 ad
1310 799 1438 854 deos
1468 795 1675 851 alienos
1704 795 1745 845 ί.
1788 812 1807 845 ι

527 995 618 1050 75.
659 993 834 1062 Ipsius
862 990 953 1043 Dei
970 1003 1163 1042 nomen
1192 986 1249 1037 in
1275 981 1465 1035 Exodo
1495 977 1681 1051 Jesum
1718 976 1883 1043 fuisse
1905 989 2025 1042 pro-

461 1090 636 1143 batur.
664 1116 735 1127 --
765 1084 819 1138 In
853 1082 991 1137 libro
1034 1088 1214 1132 autem
1252 1075 1422 1129 Exodi
1462 1087 1658 1126 nomen
1686 1070 1872 1138 'ipsius
1912 1067 2025 1131 Dei,

462 1183 610 1255 quod
657 1196 757 1236 nec
796 1176 1030 1233 Abrahae
1094 1184 1194 1224 nec
1240 1168 1442 1223 Jacobo
1491 1164 1824 1220 declaratum
1875 1161 2027 1224 dicit,

460 1282 626 1335 etiam
672 1276 853 1331 Jesum
888 1269 1073 1329 fuisse,
1110 1263 1324 1333 Moyses
1368 1273 1569 1312 arcane
1610 1255 1865 1311 similiter
1905 1271 2032 1323 pro-

461 1371 701 1437 nuntiat,
756 1378 981 1433 nosque
1008 1354 1401 1413 intelleximus.
1448 1352 1541 1405 Sic
1592 1363 1771 1406 autem
1822 1348 2029 1401 dictum

463 1477 593 1523 cst:
631 1484 650 1518 ι
700 1463 767 1517 Ει
808 1457 947 1514 dixit
982 1454 1239 1509 Dominus
1276 1447 1483 1520 Moysi:
1530 1444 1626 1499 Dic
1663 1443 1858 1513 populo
1900 1440 2028 1495 isti:

462 1562 605 1617 Ecce
632 1572 735 1628 ego
776 1553 934 1608 mitto
962 1546 1211 1617 angelum
1253 1556 1432 1597 meum
1472 1548 1597 1594 ante
1623 1538 1821 1593 faciem
1861 1546 2029 1599 tuam,

451 1667 525 1712 ut
556 1651 821 1709 custodiat
866 1659 917 1701 te
957 1646 1009 1698 in
1045 1642 1153 1706 via,
1186 1648 1241 1693 et
1282 1637 1593 1691 introducat
1625 1643 1675 1687 te
1713 1631 1767 1685 in
1808 1643 2031 1692 terram,

451 1763 628 1819 quam
668 1743 853 1814 paravi
885 1740 1005 1796 tibi.
1051 1738 1296 1792 Observa
1328 1745 1453 1785 eum
1488 1736 1544 1783 et
1581 1726 1707 1781 audi
1737 1739 1893 1779 eum:
1926 1738 2031 1777 non

462 1838 770 1895 rebella‘ei.
797 1834 913 1889 Non
954 1833 1097 1888 enim
1140 1830 1377 1885 dimittet
1417 1835 1509 1880 te:
1554 1835 1753 1877 nomen
1800 1830 2034 1885 namque

466 1950 647 1991 meum
693 1942 773 1988 est
819 1931 870 1984 in
902 1943 968 1984 eo
994 1930 1037 1982 '.
1092 1944 1111 1978 ι
1157 1923 1291 1991 Quis
1318 1921 1488 1991 igitur
1524 1925 1703 1986 patres
1735 1921 1945 1968 vestros
1979 1912 2029 1963 in
2064 1920 2106 1975 Β

467 2040 670 2083 terram
701 2019 1067 2079 introduxerit
1089 2016 1305 2073 tandem
1337 2009 1630 2081 aliquando
1658 2005 2030 2067 considerate;

467 2119 561 2174 ille
596 2116 876 2177 nimirum,
914 2110 1005 2180 qui
1058 2108 1165 2162 hoc
1210 2104 1430 2168 nomine
1480 2099 1899 2169 cognominatus
1952 2103 2036 2149 est

465 2213 647 2277 Jesus,
676 2224 798 2265 cum
829 2208 1001 2260 Auses
1030 2210 1190 2255 antea
1221 2206 1529 2253 vocaretur.
1570 2193 1706 2247 Nam
1743 2192 1787 2245 si
1817 2178 2038 2244 id‘con-

468 2299 860 2360 sideraveritis,
909 2294 1043 2350 illud
1092 2304 1311 2362 quoque
1354 2285 1690 2355 intelligetis,
1720 2294 1924 2335 nomen
1969 2279 2038 2333 il-

468 2398 599 2462 lius,
638 2393 729 2464 qui
772 2391 908 2446 dixit
938 2387 1146 2459 Moysi:
1199 2403 1218 2436 ι
1248 2385 1452 2439 Nomen
1480 2393 1715 2447 namque
1747 2390 1925 2430 meum
1956 2381 2039 2427 est

473 2491 529 2542 in
556 2502 643 2551 eo,
684 2502 703 2537 ι
742 2483 925 2539 Jesum
957 2479 1149 2534 fuisse.
1182 2475 1317 2530 Nam
1360 2482 1415 2529 et
1449 2472 1612 2529 Israel
1651 2471 1770 2538 ipse
1809 2467 2041 2521 vocaba-

472 2593 584 2647 tur,
626 2588 693 2649 iet
731 2579 837 2632 hoc
882 2574 1089 2630 Jacobo
1131 2582 1433 2640 cognomen
1480 2564 1761 2634 imposuit.
1806 2560 2042 2630 Angelos

476 2685 660 2730 autem
696 2682 753 2726 et
783 2668 1063 2740 apostolos
1095 2666 1187 2720 Dei
1218 2661 1401 2718 vocari
1446 2660 1739 2729 prophetas
1774 2655 1915 2716 illos,
1948 2652 2039 2722 qui

479 2766 545 2823 ad
570 2765 865 2821 nuntianda
894 2762 1011 2833 ejus
1040 2759 1295 2815 mandata
1333 2757 1647 2818 mittuntur,
1682 2750 1822 2819 apud
1848 2747 2043 2802 Isaiam

477 2861 809 2918 declaratur.
842 2857 917 2912 lbi
959 2857 1104 2911 enim
1148 2855 1283 2910 dicit
1318 2852 1523 2908 Isaias:
1571 2868 1589 2900 ι
1627 2846 1782 2901 Mitte
1821 2855 1910 2896 me
1935 2840 1979 2892 ³.
2021 2856 2040 2890 ι

474 2954 698 3009 Fortem
730 2960 909 3006 autem
950 2957 1005 3004 et
1048 2962 1303 3018 magnum
1334 2944 1658 3016 prophetam
1694 2938 1863 2992 fuisse
1898 2948 2045 2997 eum,

478 3050 571 3119 qui
607 3048 736 3105 Jesu
770 3060 1070 3116 cognomen
1112 3042 1349 3111 accepit,
1392 3036 1645 3092 omnibus
1683 3028 2044 3100 perspicuum

478 3118 779 3212 est.igitur
804 3138 849 3195 si
887 3147 966 3194 tot
1000 3138 1053 3191 in
1094 3135 1287 3191 formis
1322 3132 1488 3185 Deum
1533 3126 1773 3183 Abrahae
1793 3132 1847 3175 et
1880 3118 2048 3174 Jacob

477 3247 533 3292 et
564 3234 734 3304 Moysi
764 3234 939 3287 visum
972 3244 1096 3285 esse
1126 3229 1329 3283 scimus
1349 3266 1362 3289 ,
1391 3239 1487 3278 cur
1515 3220 1785 3274 haeremus
1835 3212 2046 3273 incerti,

484 3343 583 3382 nec
633 3329 862 3381 credere
897 3324 1151 3376 volumus
1191 3334 1315 3374 eum
1364 3312 1661 3372 secundum
1709 3306 2047 3362 voluntatem
2078 3290 2119 3345 Ο

480 3420 664 3475 Patris
714 3420 1096 3473 universorum
1156 3414 1320 3466 etiam
1374 3410 1649 3477 hominem
1708 3418 1774 3457 ex
1825 3398 2050 3464 Virgine

482 3511 633 3567 nasci
665 3510 936 3581 potuisse;
969 3523 1097 3563 cum
1128 3502 1428 3575 praesertim
1455 3508 1540 3554 tot
1570 3498 1869 3551 habeamus
1898 3489 2050 3546 Scri-

484 3617 696 3675 pturas,
727 3618 791 3657 ex
830 3602 1029 3670 quibus
1065 3606 1258 3668 aperte
1289 3591 1593 3662 intelligere
1624 3589 1786 3644 liceat
1826 3585 1879 3640 id
1916 3598 2055 3653 quo-

482 3714 594 3769 que
622 3700 690 3755 de
715 3696 893 3753 Patris
917 3693 1200 3748 voluntate
1230 3689 1440 3743 'l‘actum
1475 3684 1631 3739 esse?

558 3879 646 3935 76.
685 3878 765 3933 Ea;
800 3876 920 3931 aliis
952 3875 1080 3929 locis
1120 3875 1374 3942 probatur
1417 3869 1599 3922 eadem
1641 3864 1841 3920 Christi
1879 3861 2044 3931 majeo

491 3985 602 4027 stas
634 3983 684 4026 et
712 3970 1015 4038 imperium.
1057 3996 1128 4006 —
1156 3964 1287 4019 Nam
1330 3961 1536 4024 Daniel,
1576 3974 1697 4015 cum
1737 3976 1756 4009 ι
1797 3965 2053 4025 tanquam

493 4067 661 4121 tilium
698 4062 934 4117 hominis
958 4078 975 4110 ι
1001 4057 1236 4128 appellat
1258 4053 1515 4122 eum,qui
1542 4067 1768 4121 regnum
1795 4058 2053 4105 aeternum

488 4157 726 4225 accipit;
756 4168 937 4209 nonne
967 4151 1019 4205 id
1057 4152 1234 4220 ipsum
1276 4146 1490 4201 innuit?
1522 4145 1674 4212 Quod
1709 4142 1852 4197 enim
1879 4160 1898 4192 ι
1934 4150 2055 4194 tan-

487 4266 653 4319 quam
675 4249 840 4301 lilinm
862 4244 1095 4299 hominis
1111 4241 1159 4293 ⁸»
1182 4241 1335 4302 dicit,
1352 4238 1628 4294 hominem
1647 4237 1860 4305 quidem
1879 4235 2054 4289 visum

493 4341 652 4413 173
685 4349 739 4394 et
768 4339 967 4392 factum
1019 4348 1141 4389 esse
1190 4331 1483 4403 signiﬁcat,
1528 4345 1593 4383 ex
1640 4329 1845 4383 semine
1876 4336 2055 4381 autem

490 4435 733 4486 humano
782 4426 1142 4481 wiistitutum
1184 4438 1291 4477 non
1337 4421 1504 4475 fuisse
1544 4418 1805 4473 declarat.
1840 4418 1904 4472 Et
1932 4433 2055 4472 cum

488 4540 616 4580 eum
647 4521 881 4593 lapidem
911 4520 1029 4573 sine
1069 4515 1320 4570 manibus
1364 4514 1665 4567 abscissum
1700 4522 1885 4577 vocat;
1917 4512 2057 4564 idem

491 4620 693 4673 clamat
738 4628 963 4670 arcane.
1007 4612 1141 4667 Nam
1186 4610 1329 4681 quod
1373 4624 1498 4662 eum
1529 4608 1648 4662 sine
1683 4606 1932 4660 manibus
1960 4606 2056 4658 ab—

1376 401 1433 458 S.
1474 395 1737 456 JUSTINI
1768 385 2175 449 PHILOSOPHI
2209 382 2296 437 ET
2334 375 2700 435 MARTYRIS

3599 368 3717 423 652

2492 510 2560 565 ρᾳ
2585 490 2771 562 ἐκείνῃ
2790 504 2802 517 ·
2842 485 2986 539 Διότι
3008 485 3109 538 οὐκ
3134 483 3249 536 ἔστι
3280 480 3486 553 Κύριος
3518 482 3549 533 ὁ
3576 482 3718 547 Θεός

2144 568 2247 661 μου
2285 590 2342 641 ἐν
2376 588 2527 657 ἡμῖν,
2567 582 2796 656 εὒροσὰν
2833 597 2900 650 με
2949 578 3016 630 τὰ
3048 575 3192 629 κακὰ
3224 573 3414 629 ταῦτα.
3469 568 3610 641 Ἐγὼ
3659 574 3723 627 δὲ

2132 680 2457 751 ἀποστροφῇ
2493 672 2820 745 ἀποστρέψαι
2853 670 2911 723 τὸ
2945 667 3236 741 πρόσωπόν
3272 684 3373 736 μου
3405 666 3501 720 ἀπ’
3534 664 3723 718 αὐτῶν

2137 771 2203 839 τῇ
2233 767 2415 837 ἡμέρᾳ
2446 764 2630 836 ἐκείνῃ
2652 762 2738 814 διὰ
2765 760 2944 822 πάσας
2975 757 3071 820 τὰς
3105 754 3301 819 κακίας
3329 755 3400 820 -ἆς
3429 755 3719 826 ἐποίησαν,

2129 860 2211 921 ὅτι
2246 854 2585 927 ἐπέστρεψαν
2621 852 2711 905 ἐπὶ
2745 850 2899 913 θεοὺς
2933 846 3263 917 ἀλλοτρίους.
3306 865 3323 897 ι

2201 948 2289 1002 75.
2340 948 2425 1000 Ἐν
2459 946 2516 998 δὲ
2548 943 2623 1014 τῷ
2657 942 2846 1013 βιϐλίῳ
2893 940 2992 1010 τῆς
3039 939 3271 1003 Ἐξόδου,
3320 939 3402 991 ὅτι
3441 936 3607 991 αὐτοῦ
3658 933 3725 990 τὺ

2129 1040 2299 1111 ὁνομα
2331 1038 2421 1092 τοῦ
2457 1035 2611 1100 Θεοῦ,
2648 1033 2743 1087 καὶ
2782 1032 2985 1105 Ἰησοῦς
3000 1026 3086 1102 ἦν,
3108 1030 3136 1082 ὃ
3164 1030 3313 1098 λέγει
3346 1028 3423 1099 τῷ
3467 1026 3728 1100 Ἀϐραὰμ.

2134 1132 2212 1204 μὴ
2243 1128 2601 1202 δεδηλῶσθαι,
2634 1127 2769 1198 μηδὲ
2802 1124 2879 1195 τῷ
2926 1122 3119 1177 Ἰακὼϐ
3157 1123 3285 1193 (59),
3322 1122 3409 1174 διὰ
3435 1121 3727 1184 Μωῡσέως

2134 1225 2192 1276 ἐν
2234 1220 2519 1293 μυστηρίῳ
2544 1218 2744 1288 ὁμοίως
2781 1212 3108 1285 ἐξηγγέλθη,
3142 1212 3235 1264 καὶ
3269 1213 3428 1281 ἡμεῖς
3461 1212 3731 1280 νενοήκα-

2135 1333 2256 1387 μεν.
2294 1313 2477 1376 Οὕτως
2507 1311 2561 1364 δὲ
2591 1311 2807 1380 εἴρηται
2826 1324 2840 1336 ·
2874 1325 2893 1357 ι
2930 1305 3041 1358 Καὶ
3074 1300 3193 1356 εἷπε
3221 1302 3425 1373 Κύριος
3448 1300 3523 1371 τῷ
3552 1301 3732 1354 Μωΰ-

2135 1409 2251 1459 σεῖ’
2294 1404 2430 1457 Εἰπὲ
2468 1400 2544 1471 τῷ
2576 1398 2690 1469 λαῴ
2716 1397 2889 1466 τούτῳ
2910 1414 2922 1426 ·
2980 1394 3109 1447 Ἰδοὺ
3139 1391 3249 1461 ἐγὼ
3278 1391 3590 1444 ἀποστέλλω
3630 1390 3731 1442 τὸν

2131 1497 2361 1567 ἄγγελόν
2403 1512 2504 1565 μου
2542 1493 2649 1564 πρὸ
2678 1474 2972 1561 προσώπου
3014 1503 3132 1550 σου,
3174 1486 3261 1539 ἵνα
3284 1483 3534 1557 φυλάσσῃ
3566 1500 3632 1535 σε
3668 1484 3732 1534 ἐν

2132 1592 2197 1661 τῇ
2223 1587 2345 1658 ὁδῷ,
2375 1588 2521 1649 ὅπως
2546 1584 2819 1656 εἰσαγάγῃ
2851 1598 2910 1633 σε
2938 1581 3018 1643 εἰς
3046 1578 3142 1649 τὴν
3197 1578 3320 1648 γῆν,
3345 1576 3412 1647 ἣν
3442 1575 3734 1646 ἡτοίμασά

2133 1699 2236 1734 σοι.
2271 1678 2515 1749 Πρόσεχε
2548 1674 2718 1745 αὐτῷ,
2744 1672 2842 1725 καὶ
2877 1672 3128 1724 εἰσάκουε
3158 1667 3320 1722 αὐτοῦ
3343 1682 3356 1695 ·
3391 1666 3466 1736 μὴ
3506 1665 3733 1719 ἀπείθει

2133 1768 2302 1839 αὐτῷ.
2348 1768 2421 1821 Οὐ
2459 1767 2567 1836 γὰρ
2617 1765 2693 1835 μὴ
2742 1760 3130 1831 ὑποστείληταί
3163 1774 3259 1810 σε’
3307 1756 3368 1809 τὸ
3410 1756 3519 1826 γὰρ
3551 1754 3737 1825 δνομά

2131 1878 2241 1932 ,μου
2276 1861 2424 1913 ἐστὶν
2459 1859 2543 1911 ἐπ’
2570 1855 2737 1926 αὐτῷ.
2775 1875 2793 1907 ι
2832 1854 2930 1917 Τίς
2965 1848 3056 1905 οὖν
3090 1852 3170 1915 εἰς
3201 1849 3297 1920 τὴν
3323 1850 3427 1920 γῆν
3456 1850 3733 1917 εἰσήγαγε

2134 1956 2259 2019 τοὺς
2290 1953 2531 2023 πατέρας
2576 1951 2750 2021 ὑμῶν,
2792 1950 2891 2020 ἤδη
2933 1947 3063 2001 ποτὲ
3094 1947 3344 2016 νοήσατε,
3376 1944 3457 1996 ὅτι
3490 1943 3518 1995 ὁ
3552 1943 3615 1995 ὲν
3654 1940 3737 2009 τῷ

2137 2045 2361 2114 ὀνόματι
2392 2043 2568 2113 τούτῳ
2605 2040 2998 2111 ἐπονομασθεὶς
3039 2037 3244 2108 Ἰησοῦς
3280 2035 3410 2107 (60),
3457 2034 3737 2105 πρότερον

2137 2134 2318 2204 Αὐσῆς
2352 2131 2707 2202 καλούμενος.
2734 2132 2795 2183 Εἰ
2822 2130 2931 2200 γὰρ
2961 2126 3118 2181 τοῦτο
3147 2128 3395 2196 νοήσετε,
3432 2124 3526 2178 καὶ
3554 2125 3647 2176 ὅτι
3674 2122 3738 2175 τδ

2140 2226 2310 2296 ὄνομα
2356 2224 2521 2278 αὑτοῦ
2560 2224 2806 2286 εἰπόντος
2850 2221 2961 2292 (61)
3004 2221 3082 2290 τῷ
3125 2222 3379 2274 Μωῡσεῖ·
3433 2237 3451 2268 ι
3503 2216 3575 2268 Τὸ
3621 2216 3739 2284 γὰρ

2140 2317 2312 2387 ὄνομά
2362 2332 2464 2387 μου
2508 2314 2658 2367 ἐστὶν
2702 2314 2788 2366 ἐπ’
2824 2311 2992 2382 αὐτῷ,
3036 2330 3054 2362 ι
3107 2310 3313 2381 Ἰησοῦς
3356 2304 3443 2380 ἦν,
3490 2305 3737 2374 ἐπιγνώ-

2143 2408 2321 2463 σεσθε.
2356 2408 2468 2461 Καὶ
2509 2407 2618 2479 γὰρ
2646 2405 2740 2459 καὶ
2781 2404 2998 2476 Ἰσραὴλ
3029 2403 3139 2475 (62)
3175 2402 3335 2463 αὐτὸς
3357 2398 3425 2471 ἦν
3457 2398 3742 2469 καλούμε-

2142 2518 2251 2565 νος,
2286 2499 2385 2553 καὶ
2412 2499 2501 2551 τὸν
2536 2496 2728 2551 Ἰακὼϐ
2762 2495 2933 2565 τούτῳ
2960 2493 3037 2565 τῷ
3064 2493 3287 2563 ὀνόματι
3320 2492 3520 2561 ὁμοίως
3553 2507 3742 2560 μετω-

2146 2592 2394 2662 νομάκει.
2431 2591 2553 2642 Ὀτι
2582 2590 2638 2642 δὲ
2662 2588 2755 2642 καὶ
2782 2587 3002 2655 ἄγγελοι
3026 2586 3120 2639 καὶ
3148 2583 3434 2638 ἀπόστολοι
3465 2581 3557 2634 τοῦ
3594 2580 3739 2633 Θεοῦ

2142 2681 2394 2751 λέγονται
2426 2684 2474 2733 οἰ
2505 2680 2792 2749 ἀγγέλλειν
2825 2679 2892 2731 τὰ
2921 2678 3050 2749 παρ’
3083 2676 3247 2730 αὐτοῦ
3277 2673 3743 2744 ἀποστελλόμενοι

2149 2773 2448 2847 προφῆται,
2486 2775 2543 2825 ὲν
2575 2771 2652 2842 τῷ
2698 2772 2894 2841 Ἡσαΐᾳ
2920 2770 3237 2841 δεδήλωται.
3270 2767 3435 2834 Λέγει
3469 2765 3577 2835 γὰρ
3620 2766 3746 2817 ἐκεῖ

2147 2864 2177 2917 ὁ
2229 2864 2487 2927 Ἡσαΐας·
2530 2880 2548 2912 ι
2608 2860 2949 2913 Ἀπόστειλον
2981 2877 3072 2930 με.
3116 2878 3135 2910 ι
3178 2858 3290 2911 Καὶ
3335 2858 3416 2909 ὅτι
3450 2858 3746 2927 προφήτης

2153 2955 2370 3028 ἰσχυρὸς
2404 2954 2499 3007 καὶ
2536 2954 2711 3025 μέγας
2745 2952 2969 3022 γέγονεν
3009 2955 3037 3005 ὁ
3072 2949 3462 3021 ἐπονομασθεὶς
3503 2948 3581 3019 τῷ
3633 2950 3746 3021 Ίη-

2152 3048 2245 3101 σοῦ
2278 3048 2522 3118 ὀνόματι,
2558 3044 2789 3117 φανερὸν
2818 3043 2984 3097 πᾶσίν
3017 3045 3186 3096 ἐστιν.
3222 3042 3284 3094 Εἰ
3318 3035 3411 3093 οὖν
3439 3042 3497 3092 ὲν
3537 3040 3748 3093 τοσαύ-

2151 3158 2268 3204 ταις
2336 3141 2569 3211 μορφαῖς
2639 3136 2861 3207 οἴδαμεν
2940 3133 3367 3205 πεφανερῶσθαι
3441 3133 3534 3186 τὸν
3606 3134 3749 3187 Θεὸν

2154 3233 2346 3303 ἐκείνῳ
2380 3231 2486 3302 (65)
2538 3229 2614 3301 τῷ
2665 3229 2932 3299 Ἀϐραὰμ,
2978 3228 3074 3281 καὶ
3121 3227 3198 3298 τῷ
3257 3225 3472 3291 Ἰακὼϐ,
3516 3226 3619 3279 καὶ
3670 3227 3751 3298 τῷ

2156 3326 2399 3387 Μωῦσεῖ,
2442 3322 2559 3386 πῶς
2595 3320 2910 3392 ἀποροῦμεν
2946 3320 3043 3373 καὶ
3086 3319 3424 3389 ἀπιστοῦμεν
3467 3320 3614 3373 κατὰ
3649 3321 3751 3390 τὴν

2155 3411 2247 3465 τοῦ
2283 3410 2496 3481 Πατρὸς
2529 3409 2633 3463 τῶν
2674 3409 2810 3461 ὅλων
2863 3408 3073 3480 βουλὴν,
3115 3409 3210 3462 καὶ
3255 3410 3540 3480 ἄνθρωπον
3577 3410 3751 3464 αὑτὸν

2154 3502 2242 3556 διά
2272 3501 2549 3572 Παρθένου
2588 3499 2917 3570 γεννηθῆναι
2962 3501 3038 3571 μὴ
3070 3501 3406 3572 δεδυνῆσθαι,
3438 3504 3534 3555 καὶ
3568 3503 3751 3555 ταῦτα

2155 3594 2365 3666 ἔχοντες
2422 3592 2643 3665 Γραφάς
2705 3592 2962 3655 τοιαύτας
3012 3592 3142 3665 (64),
3199 3592 3259 3657 ἐξ
3322 3586 3397 3646 ὧν
3450 3596 3752 3664 συννοῆσαι

2157 3690 2277 3743 ἔστι
2310 3688 2601 3759 διαρρήδην
2633 3688 2714 3742 ὅτι
2745 3686 2887 3740 κατὰ
2917 3686 3012 3757 τὴν
3046 3686 3139 3739 τοῦ
3173 3687 3388 3757 Πατρδς
3424 3686 3625 3759 βουλὴν
3653 3689 3755 3741 καὶ

2156 3779 2312 3833 τοῦτο
2348 3778 2570 3846 γέγονεν
2589 3792 2605 3843 ;

2228 3872 2314 3926 76.
2367 3874 2532 3925 Ὅταν
2570 3870 2676 3943 γὰρ
2719 3890 2737 3921 ι
2791 3868 2867 3933 ὼς
2906 3871 3018 3924 υἱὸν
3072 3869 3360 3941 ἀνθρώπου
3404 3890 3422 3923 ι
3468 3870 3606 3944 λέγῃ
3647 3875 3755 3926 Δα-

2158 3963 2279 4036 νιὴλ
2321 3963 2413 4016 τὸν
2468 3960 2965 4033 παραλαμϐάνοντα
3002 3960 3100 4032 τὴν
3148 3960 3361 4015 αἰώνιον
3414 3962 3704 4032 βασιλείαν
3736 4004 3752 4026 ,

2156 4056 2258 4108 οὐκ
2295 4054 2426 4107 αὐτὸ
2457 4053 2615 4105 τοῦτο
2651 4051 2950 4105 αἰνίσσεται
2985 4068 2999 4117 ;
3038 4050 3098 4103 τὸ
3133 4051 3242 4122 γὰρ
3286 4070 3305 4103 ι
3364 4052 3440 4115 ὼς
3489 4053 3607 4105 υἱὸν
3656 4057 3757 4107 ἀν-

2158 4147 2377 4219 θρώπου
2419 4167 2437 4199 ι
2478 4147 2672 4210 εἰπεῖν,
2703 4144 3024 4216 φαινόμενον
3066 4144 3164 4215 μὲν
3203 4146 3297 4198 καὶ
3333 4146 3628 4215 γενόμενον
3664 4148 3759 4201 dvo

2159 4240 2374 4311 θρωπον
2424 4238 2647 4309 μηνύει,
2696 4238 2796 4290 οὐκ
2842 4234 2902 4299 ἐξ
2944 4235 3285 4306 ἀνθρωπίνου
3335 4235 3393 4288 δὲ
3428 4235 3755 4307 σπέρματος

2161 4330 2472 4401 ὑπάρχοντα
2504 4329 2670 4400 δηλοῖ.
2709 4328 2819 4393 Καὶ
2862 4328 2924 4381 τὸ
2956 4327 3102 4380 λίθον
3144 4325 3334 4379 τοῦτον
3393 4329 3570 4380 εἰπεῖν
3616 4328 3753 4381 ἄνευ

2160 4421 2357 4492 χειρῶν
2389 4418 2687 4491 τμηθέντα,
2732 4421 2789 4473 ὲν
2827 4418 3110 4489 μυστηρίῳ
3134 4417 3194 4469 τὸ
3228 4416 3359 4468 αὐτὸ
3392 4416 3661 4488 κέκραγε.
3681 4418 3759 4468 Τὸ

2159 4512 2267 4583 γὰρ
2300 4512 2425 4565 ἄνευ
2460 4510 2657 4582 χειρῶν
2682 4513 2853 4563 εἰπεῖν
2887 4509 3047 4563 αὐτὸν
3082 4506 3483 4578 ἐκτετμῆσθαι,
3533 4509 3617 4559 ὃτι
3652 4509 3757 4560 οὐκ

2161 4606 2310 4658 ἔστιν
2342 4604 2451 4675 (65)
2496 4602 2831 4675 ἀνθρώπινον
2881 4603 3039 4673 ἔργον
3059 4642 3073 4664 ,
3123 4600 3259 4653 ἀλλά
3290 4600 3390 4670 τῆς
3424 4600 3625 4670 βουλῆς
3657 4600 3755 4653 τοῦ

602 4822 616 4849 ι
662 4817 817 4869 Deut.
854 4828 1009 4876 και,
1049 4810 1225 4865 16-18.
1332 4808 1353 4837 ³
1394 4805 1751 4869 Exod.xxm,
1782 4801 1874 4856 20.
1978 4806 1999 4832 ‘
2036 4803 2049 4857 l

2174 4817 2248 4867 v1,
2274 4804 2327 4856 8.
2404 4803 2426 4832 δ
2466 4799 2604 4853 Dan.
2638 4815 2744 4866 vn,
2797 4799 2883 4853 15,

571 5002 683 5071 (59)
717 4997 884 5067 Μηδὲ

497 5059 625 5128 οιιίο
664 5059 989 5124 Ἰιωόνενῠὶι
1045 5065 1349 5119 addendum
1395 5070 1759 5115 censuerunt:
1816 5059 1949 5129 μηδὲ
1992 5059 2067 5129 τῷ

513 5143 717 5205 Ἰσαάκ,
755 5140 877 5207 quia
910 5138 991 5192 sic
1013 5137 1244 5190 habetur
1280 5134 1333 5187 in
1367 5132 1557 5207 Exodo
1584 5145 1704 5198 cap.
1735 5146 1808 5207 vi.
1847 5131 1951 5183 Sed
1986 5131 2069 5207 ni-

504 5215 668 5267 mium
701 5200 863 5263 multa
897 5207 1238 5263 emendanda
1269 5213 1450 5266 erunt,
1484 5203 1527 5255 si
1564 5200 1885 5256 emendetur
1912 5200 2071 5267 quid-

501 5285 629 5353 quid
659 5298 687 5334 a
716 5280 906 5353 Bibliis
937 5279 1233 5353 discrepat.

580 5354 714 5477 (66)r
753 5341 1212 5431 Ἐπογομασθζςὶς
1264 5344 1511 5412 Ἰησοῦς.
1552 5344 1759 5399 Similia
1805 5341 2070 5397 habemus

580 5426 650 5477 ud
720 5421 1066 5477 ertulltannm
1102 5435 1158 5471 ιιι
1190 5434 1244 5470 ιιι
1273 5414 1607 5477 Μαισεηοιψ.
1634 5415 1721 5477 16,
1749 5425 1802 5467 et
1833 5412 2070 5465 Lai-tan-

505 5412 650 5493 apud
672 5412 1066 5493 Tertulliannm
1102 5414 1607 5493 ttt__t'n_iliarc.,cap.
1634 5415 1723 5493 i6,
1749 5425 1802 5467 et
1833 5412 2071 5493 Lat-tan-

509 5482 664 5553 ιῖιιιιι,
696 5494 733 5548 ι.
768 5507 843 5553 tv,
866 5506 916 5545 c.
946 5490 1032 5553 17,
1065 5500 1119 5543 et
1147 5486 1407 5559 Cyrillum
1436 5485 1885 5559 Alexandrinum,
1920 5482 1956 5534 Ι.
1991 5496 2070 5559 ιιι,

510 5568 563 5619 in
589 5551 706 5618 Jul.
745 5551 1350 5630 Interrogationis'nota
1378 5556 1578 5624 apponi
1607 5562 1789 5625 posset
1814 5562 1932 5621 post
1953 5551 2078 5614 τοὺς

508 5636 749 5705 πατέρας
780 5632 953 5705 ὑμῶν.

574 5690 928 5786 (δὴρᾶιῖτρῦ
963 5702 1257 5766 εἰπόντος.
1300 5697 1633 5767 Legendum,
1668 5693 1719 5750 ni
1758 5692 1942 5757 fallor,
1975 5690 2073 5743 αὐ-

506 5772 601 5828 τοῦ
636 5772 728 5829 τοῦ
760 5772 1024 5837 εἰπόντος.

564 5848 677 5918 (62)
694 5846 823 5918 Kal
843 5842 957 5918 γὰρ
984 5831 1085 5896 Σιιαί
1124 5836 1724 5918 Ἰσραήλ...Ῥιιαξιιίοεῖςξ3
1748 5842 1806 5918 ut
1826 5840 1910 5918 est
1934 5831 2073 5900 apud

510 5903 800 5975 Eusebium
830 5903 1071 5983 Ρνᾶερατ.
1100 5903 1333 5982 evangel.
1363 5909 1458 5967 lib.
1499 5924 1539 5975 ι,
1570 5922 1623 5967 c.
1658 5907 1745 5974 10,
1775 5903 2073 5961 Saturnum

902 4996 987 5063 τῷ
1036 4993 1259 5051 Ἰακώϐ.
1286 4989 1576 5045 Perionius
1608 4996 1662 5043 et
1698 4988 1790 5043 alii
1825 4988 2069 5063 nonnulli
2101 4992 2146 5047 D
2176 4987 2644 5063 lsraeli_s_nomi_ne
2672 4986 3048 5063 appellabant.
3080 4986 3150 5040 At
3178 4981 3456 5040 Christum
3501 4975 3761 5063 Justinus

2174 5076 2284 5113 non
2321 5058 2542 5112 videtur
2576 5046 2834 5112 lsraélem
2864 5058 3167 5126 appellasse
3200 5058 3270 5126 ob
3313 5061 3585 5126 naturam.
3614 5046 3760 5098 divi-

2172 5144 2319 5192 nam,
2354 5130 2449 5181 sed
2503 5130 2684 5181 habita
2737 5116 2949 5181 ratione
2980 5127 3176 5179 futura:
3227 5116 3761 5192 aliquaqdo__im-a_r_—

2177 5184 2433 5251 nationis.
2477 5199 2567 5251 Ait
2612 5199 2754 5250 enim
2814 5199 2953 5250 infra
3001 5214 3053 5249 ιι.
3106 5196 3245 5249 125ε
3284 5184 3358 5244 Τὸ
3397 5185 3490 5242 οὖν
3537 5184 3763 5255 Ἰσραὴλ

2172 5268 2342 5347 ονομα
2369 5268 2525 5347 τοῆτο
2551 5268 2822 5347 σημαίνει,
2842 5266 3136 5347 ἀνθρωπος
3166 5262 3330 5317 νικῶν
3350 5261 3603 5327 δύναμιν,
3639 5273 3659 5303 ι
3679 5255 3761 5335 ,Μ

2176 5327 2343 5406 igitur
2376 5340 2522 5393 valet
2551 5327 2654 5393 hoc
2688 5327 2904 5392 lsraelis
2932 5327 3153 5401 nomen,
3178 5335 3350 5388 Homo
3384 5332 3611 5383 vincens
3640 5327 3761 5378 νίτ-

2179 5419 2369 5461 tutetn.
2409 5428 2427 5459 ι

2251 5478 2363 5547 (65)
2416 5478 2670 5540 Ἑκείνῳ.
2708 5477 2889 5531 Mallet
2922 5474 3251 5547 ﬁylbttrgitts
3286 5472 3514 5547 ἐκεῖνον.

2409 5534 2705 5614 Τοιαύτὶις.
2733 5549 2885 5618 Legit
2903 5534 3185 5600 Τιῖιτιυιιῑε
3212 5541 3505 5603 τοσαύτας,
3525 5547 3586 5591 ιιι
3609 5554 3665 5589 n.
3688 5534 3761 5589 68

2178 5627 2234 5674 et
2267 5627 2389 5672 1υυ.

2260 5689 2372 5759 (65)
2402 5690 2529 5740 Ὅτι
2555 5689 2664 5740 οὐκ
2697 5687 2887 5759 ἔστιν.
2945 5684 3179 5759 Ηῑοηοιι
3229 5681 3451 5737 difﬁcile
3494 5689 3762 5759 est-sup-

2184 5746 2330 5827 plere
2356 5746 2576 5825 aliquod
2603 5774 2669 5810 ex
2709 5758 2895 5827 verbis
2933 5755 3094 5824 paulo
3128 5764 3254 5807 ante
3294 5746 3763 5827 prmcedentibus,

2178 5822 2263 5886 vel
2298 5822 2521 5885 verbum
2546 5827 2730 5900 ἐδήλου
2758 5826 2904 5897 quod
2934 5822 3103 5890 paulo
3126 5835 3247 5897 post
3273 5822 3541 5879 occurrit.
