3962 6262
230 370 320 427 ωδ

1268 384 1615 442 DIALOGUS
1642 385 1788 442 CUM
1824 385 2200 445 TRYPHONE
2230 391 2497 451 JUDEO.

3410 409 3515 465 654

235 484 618 581 προϐάλλοντος
656 488 842 545 αὐτὸν
880 494 1120 567 Πατρὸς
1150 495 1255 551 τῶν
1291 499 1428 553 ὅλων
1460 502 1616 556 Θεοῦ.
1653 506 1763 559 Καὶ
1794 506 1835 557 τε

1958 506 2188 559 scissum
2222 507 2387 563 fuisse
2429 511 2592 576 dicit,
2635 512 2776 567 idem
2810 516 2953 571 valet
2991 533 3055 573 ac
3097 533 3220 573 eum
3263 538 3367 578 non
3395 540 3518 581 esse

250 576 457 628 Ἡσαΐαν
480 577 679 644 φάναι,
714 599 734 631 ι
768 582 888 653 τὴν
912 586 1118 652 γενεὰν
1140 589 1301 643 αὐτοῦ
1334 591 1419 654 τίς
1450 593 1797 666 διηγήσεται;
1826 616 1844 647 ι

248 668 621 738 ἁνεκδιήγητον
659 670 879 741 ἔχοντα
920 676 989 729 τὸ
1024 677 1180 744 γένος
1210 681 1373 733 αὐτὸν
1421 683 1631 753 ἐδήλου.
1669 686 1855 750 Οὐδεὶς

253 758 374 830 γὰρ,
405 759 698 831 ἄνθρωπος
735 763 821 816 ὢν
860 766 926 833 ἐξ
962 767 1283 839 ἀνθρώπων,
1319 774 1709 846 ἀνεκδιήγητον
1744 777 1855 848 ἔχει

262 848 316 901 ab
342 849 508 916 γένος.
559 853 680 905 Καὶ
727 853 797 906 τὸ
853 858 953 908 τὸν
1003 860 1240 914 Μωῡσέα
1280 864 1452 917 εἰπεῖν
1497 866 1712 921 πλύνειν
1747 870 1853 940 (66)

261 940 408 993 αὐτὸν
451 941 550 1013 τὴν
598 944 808 1016 στολὴν
862 949 1033 1002 αὑτοῦ
1060 952 1118 1003 ἐν
1142 953 1331 1023 αἵματι
1367 957 1662 1028 σταφυλῆς,
1696 960 1794 1032 οὐχ
1827 962 1856 1014 ὃ

260 1034 345 1085 καὶ
366 1034 466 1104 ήδη
493 1035 772 1101 πολλάκις
811 1040 955 1111 πρὸς
987 1042 1017 1093 ὑ
1027 1044 1132 1112 μᾶς
1164 1048 1743 1121 παρακεκαλυμμένως
1769 1071 1857 1107 πει

258 1131 697 1201 προφητευκέναι
748 1130 865 1204 (67)
920 1135 1083 1188 αὑτὸν
1136 1132 1323 1203 εἶπον,
1370 1140 1547 1207 ἐστίν;
1594 1143 1675 1196 ὅτι
1714 1139 1853 1216 αἷμα

261 1222 350 1291 μὲν
380 1222 528 1291 ἔχειν
564 1224 739 1277 αὐτὸν
776 1229 1144 1298 προεμήνυεν,
1180 1230 1294 1283 ἀλλ’
1327 1232 1427 1285 οὐκ
1452 1233 1510 1300 ἐξ
1527 1234 1848 1307 ἀνθρώπων·

253 1312 311 1364 ὃν
332 1312 535 1383 τρόπον
562 1313 627 1366 τὸ
660 1313 766 1385 τῆς
802 1316 1047 1385 ἀμπέλου
1080 1311 1216 1387 αἷμα
1249 1318 1349 1372 οὐκ
1382 1320 1667 1391 ἄνθρωπος
1700 1324 1851 1392 ἐγέν-

257 1420 432 1472 νησεν,
469 1403 593 1457 ἀλλ’
630 1406 661 1457 ὁ
698 1406 855 1469 Θεός.
893 1408 1003 1461 Καὶ
1041 1408 1259 1473 Ἡσαΐας
1291 1410 1349 1463 δὲ
1385 1412 1625 1485 μεγάλης
1659 1414 1852 1486 βουλῆς

256 1496 480 1563 ἄγγελον
519 1497 695 1551 αὐτὸν
729 1499 903 1552 εἰπὼν
925 1539 940 1562 ,
990 1500 1109 1571 οὐχὶ
1151 1502 1354 1555 τούτων
1387 1497 1570 1577 ὧνπερ
1616 1506 1850 1574 ἐδίδαξεν

255 1587 443 1651 ἐλθὼν,
480 1588 818 1643 διδάσκαλον
851 1592 1013 1644 αὐτὸν
1047 1594 1370 1664 γεγενῆσθαι
1404 1599 1845 1670 προεκήρυσσεν;

262 1681 323 1731 Ἃ
354 1680 464 1751 γάρ
496 1680 723 1751 μεγάλα
756 1681 1107 1736 ἐϐεϐούλευτο
1136 1687 1164 1737 ό
1204 1685 1394 1757 Πατὴρ
1426 1689 1507 1751 εἷς
1546 1706 1605 1740 τε
1639 1690 1848 1753 πάντας

255 1774 374 1834 τοὺς
406 1772 751 1843 εὐαρέστως
784 1774 1106 1845 γενομένους
1136 1777 1285 1848 αὐτῷ
1323 1779 1418 1832 καὶ
1453 1781 1847 1851 γενησομένους

254 1860 602 1932 ἀνθρώπους,
644 1864 745 1915 καὶ
775 1864 903 1926 τοὺς
936 1864 1275 1929 ἀποστάντας
1306 1867 1407 1937 τῆς
1442 1868 1637 1939 βουλῆς
1679 1870 1843 1923 αὐτοῦ

254 1952 450 2020 ὁμοίως
484 1951 820 2023 ἀνθρώπους
850 1954 883 2023 ἦ
923 1955 1211 2022 ἀγγέλους,
1246 1948 1400 2019 οὗτος
1436 1957 1593 2028 μόνος
1634 1960 1849 2033 ἀπαρα-

588 2043 850 2107 ἐδίδαξεν,
903 2044 1103 2097 εἰπών·
1146 2065 1164 2097 ι
1204 2048 1460 2114 Ἥξουσιν
1504 2050 1612 2103 ἀπὸ
1660 2051 1850 2104 ἀνατο-

256 2133 358 2185 λῶν
394 2133 519 2204 (καὶ
570 2134 802 2205 δυσμῶν
842 2134 1015 2207 (68)],
1065 2116 1157 2189 καὶ
1204 2138 1654 2210 ἀνακλιθήσονται
1710 2140 1847 2212 μετὰ

257 2225 507 2296 Ἀϐραάμ
543 2226 641 2278 καὶ
679 2226 867 2279 Ἰσαὰκ
901 2228 995 2279 καὶ
1028 2224 1219 2281 Ἰακὼϐ
1258 2229 1317 2280 ἐν
1356 2232 1421 2299 τῇ
1460 2229 1706 2301 βασιλείᾳ
1737 2229 1846 2283 τῶν

254 2317 535 2387 οὐρανῶν*
589 2318 642 2369 οἱ
692 2316 748 2369 δέ
807 2318 913 2369 υἱοὶ
961 2317 1062 2388 τῆς
1104 2318 1378 2389 βασιλείας
1423 2318 1845 2391 ἐκϐληθήσονται

254 2412 330 2471 εἰς
360 2409 419 2461 τὸ
445 2408 647 2472 σκότος
694 2409 755 2460 τὸ
800 2407 1082 2480 ἐξώτερον.
1127 2429 1145 2461 ι
1182 2411 1321 2464 Καί·
1365 2430 1383 2461 ι
1426 2411 1616 2464 Πολλοὶ
1661 2412 1845 2483 ἐροῦσι

257 2517 343 2571 μοι
373 2504 439 2571 τῇ
477 2500 675 2572 ἡμέρᾳ
706 2500 911 2571 ἐκείνῃ·
944 2500 1136 2573 Κύριε,
1173 2501 1345 2574 Κύριε
1368 2542 1383 2567 ,
1418 2502 1477 2555 οὐ
1511 2500 1589 2572 τῷ
1624 2501 1701 2572 σῷ
1730 2503 1846 2555 ὀνό-

259 2611 381 2662 ματι
416 2595 704 2664 ἐφάγομεν
737 2594 832 2646 καὶ
851 2594 1078 2664 ἐπίομεν
1111 2596 1203 2647 καὶ
1236 2595 1725 2666 προεφητεύσαμεν
1747 2598 1841 2650 καὶ

252 2681 502 2751 δαιμόνια
535 2679 907 2751 ἐξεϐάλομενς
944 2682 1054 2734 Καὶ
1092 2682 1202 2753 ἐρῶ
1234 2684 1434 2747 αὐτοῖς·
1483 2684 1841 2755 Ἀναχωρεῖτε

253 2772 341 2824 ἀπ’
373 2772 535 2843 ἐμοῦ.
585 2791 605 2823 ι
646 2773 759 2824 Καὶ
807 2772 865 2823 ἐν
909 2771 1087 2835 ἄλλοις
1133 2772 1311 2840 λόγοις
1342 2767 1424 2836 οἷς
1464 2774 1841 2838 καταδικάζειν

250 2866 370 2928 τοὺς
433 2864 696 2929 ἀναξίους
751 2864 825 2937 μὴ
879 2863 1143 2929 σώζεσθαι
1201 2864 1419 2935 μέλλει,
1493 2865 1598 2937 ἔφη
1660 2869 1833 2938 ἐρεῖν⁶

257 2976 275 3007 ι
312 2957 580 3025 Ὑπάγετε
610 2958 694 3019 εἰς
725 2956 787 3009 τὸ
820 2957 1009 3018 σκότος
1041 2956 1100 3008 τὸ
1144 2956 1404 3028 ἐξώτερον
1424 2996 1439 3021 ,
1482 2958 1510 3010 ὃ
1542 2958 1837 3029 ἡτοίμασεν

250 3050 276 3100 ό
306 3049 495 3120 Πατὴρ
529 3047 612 3117 τῷ
649 3048 862 3117 Σατανᾷ
888 3050 982 3100 καὶ
1012 3051 1124 3112 τοῖς
1165 3048 1417 3117 ἀγγέλοις
1454 3047 1643 3101 αὐτοῦ.
1676 3068 1695 3100 ι
1727 3051 1837 3103 Καὶ

250 3142 402 3194 πάλιν
445 3143 508 3193 ἐν
554 3141 773 3212 ἑτέροις
819 3140 997 3208 λόγοις
1048 3140 1169 3211 ἔφη·
1214 3159 1233 3192 ι
1284 3140 1484 3211 Δίδωμι
1515 3142 1642 3212 ὑμῖν
1685 3140 1836 3208 ἐξου-

1959 594 2237 649 hominum
2266 614 2427 667 opus,
2460 602 2557 654 sed
2589 601 2881 658 voluntatis
2904 606 3066 671 illius,
3103 610 3193 678 qui
3227 626 3349 665 eum
3390 628 3516 682 pro.

1957 690 2132 753 duxit,
2171 692 2350 749 Patris
2395 697 2772 753 universorum
2805 700 2921 755 Dei.
2954 702 3018 755 Et
3064 707 3203 773 quod
3237 707 3405 766 Isaias
3431 714 3516 767 di-

1956 783 2029 838 cit
2056 802 2070 837 :
2108 802 2128 835 ‹
2162 785 2575 845 Generationem
2606 791 2722 859 eius
2743 795 2870 862 quis
2894 799 3245 853 euarrabit‘?
3278 822 3298 855 ι
3345 820 3516 873 genus

1954 890 2075 931 eum
2102 892 2206 931 non
2234 880 2539 935 enarrabile
2566 882 2766 937 habere
2795 885 3150 941 demonstrat.
3181 889 3349 946 Nemo
3370 900 3513 949 enim

1957 975 2042 1020 est
2070 969 2160 1035 qui
2180 1006 2197 1034 ,
2230 983 2351 1023 cum
2379 971 2537 1024 homo
2560 985 2623 1025 ex
2660 972 2969 1028 hominibus
2999 976 3091 1041 sit,
3123 994 3292 1048 genus
3319 982 3519 1039 habeat

1962 1074 2070 1112 non
2101 1062 2426 1117 enarrabile.
2460 1064 2526 1117 Et
2555 1066 2695 1133 quod
2737 1065 2948 1136 Moyses
2991 1069 3129 1123 dixit
3172 1085 3324 1126 suam
3367 1075 3515 1131 illum

1954 1149 2148 1204 stolam
2179 1151 2232 1207 in
2260 1154 2527 1222 sanguine
2554 1155 3018 1221 uvaalavaturum,
3046 1173 3222 1213 nonne
3253 1162 3305 1216 id
3337 1163 3512 1233 ipsum

1952 1252 2055 1306 est,
2093 1246 2235 1313 quod
2261 1260 2404 1315 saape
2432 1262 2530 1303 vos
2557 1248 2742 1303 monui
2767 1264 2965 1305 arcane
2994 1252 3063 1306 ab
3089 1267 3155 1307 eo
3177 1257 3513 1322 prmnuntia-

1953 1343 2101 1400 tum;
2148 1337 2222 1390 ita
2257 1348 2315 1392 ut
2343 1340 2662 1408 sanguinem
2694 1342 2914 1409 quidem
2951 1343 2998 1397 ei
3031 1343 3209 1400 inesse
3239 1345 3515 1417 signiﬁca-

1952 1429 2111 1493 verit,
2145 1430 2242 1484 sed
2284 1445 2625 1501 nequaquam
2657 1447 2722 1487 ex
2761 1434 3110 1501 hominibus;
3158 1440 3515 1505 quemadmo-

1950 1526 2078 1580 dum
2130 1545 2248 1585 uva:
2300 1531 2622 1599 sanguinem
2670 1545 2775 1585 non
2832 1531 2995 1586 homo
3046 1535 3363 1601 generavit,
3418 1538 3514 1591 sed

1948 1617 2131 1672 Deus?
2159 1619 2227 1673 Et
2256 1621 2398 1689 quod
2429 1634 2551 1673 eum
2578 1617 2746 1673 Isaias
2776 1620 2956 1689 magni
2992 1620 3209 1674 consilii
3249 1623 3513 1692 Angelum

1950 1719 2130 1776 vocat,
2161 1725 2343 1765 nonne
2367 1724 2577 1777 eorum,
2610 1726 2729 1781 qua:
2756 1712 3046 1765 adveniens
3080 1711 3315 1776 edocuit,
3344 1716 3515 1785 magi-

1948 1811 2122 1857 strum
2160 1802 2312 1857 illum
2359 1812 2413 1857 et
2455 1804 2733 1858 doctorem
2779 1805 3019 1860 futurum
3066 1806 3515 1871 praenuntiabat?

1876 1922 1922 1981 Β
1951 1894 2142 1965 Magna
2167 1897 2311 1951 enim
2336 1895 2515 1951 Patris
2538 1898 2765 1951 consilia
2800 1908 2911 1952 tum
2943 1900 2996 1953 in
3027 1916 3237 1965 omnes,
3281 1902 3374 1970 qui
3409 1903 3513 1971 ipsi

1951 1989 2272 2058 placuerant
2298 2000 2352 2043 et
2379 1990 2629 2059 placituri
2664 2002 2843 2056 erant,
2871 1992 3145 2058 homines,
3190 2001 3301 2046 tum
3334 1994 3386 2046 in
3413 1994 3510 2048 de-

1949 2083 2249 2137 sciscentes
2278 2081 2345 2133 ab
2368 2082 2487 2149 ejus
2521 2083 2803 2138 voluntate
2828 2083 3076 2138 homines
3108 2085 3312 2151 pariter
3338 2094 3392 2138 et
3415 2100 3513 2137 an-

1948 2170 2129 2239 gelos,
2163 2170 2311 2225 solus
2351 2172 2439 2225 hic
2474 2181 2661 2240 aperte
2709 2173 2950 2238 edocuit,
2984 2189 3106 2228 cum
3153 2174 3224 2228 ita
3258 2174 3463 2228 diceret
3492 2192 3507 2228 :

1955 2278 1975 2312 ι
2012 2261 2246 2317 Venient
2292 2264 2359 2317 ab
2392 2262 2614 2317 Oriente
2644 2271 2698 2317 et
2740 2262 3068 2328 Occidente,
3109 2273 3164 2318 et
3195 2269 3512 2319 recumbent

1947 2366 2069 2406 cum
2099 2352 2373 2407 Abraham
2397 2393 2412 2417 ,
2455 2361 2509 2408 et
2539 2351 2714 2417 Isaac,
2756 2364 2811 2409 et
2839 2353 3006 2409 Jacob
3047 2356 3099 2409 in
3142 2370 3311 2426 regno
3339 2356 3508 2411 cmlo-

1948 2469 2096 2519 rum;
2123 2453 2217 2507 ﬁlii
2258 2465 2437 2509 autem
2472 2458 2623 2527 regni
2649 2458 2937 2529 ejicientur
2970 2460 3021 2512 in
3069 2461 3319 2517 tenebras
3346 2473 3506 2518 exte-

1944 2551 2119 2607 riores
2145 2553 2187 2607 °.
2225 2572 2245 2605 ι
2284 2555 2391 2609 Et:
2424 2575 2441 2607 ι
2478 2556 2631 2612 Multi
2665 2559 2847 2613 dicent
2875 2559 3004 2614 mihi
3041 2560 3094 2614 in
3130 2560 3217 2615 illa
3241 2561 3361 2617 die:
3398 2563 3507 2617 Do-

1943 2645 2110 2711 mine,
2139 2646 2385 2710 Domine,
2425 2665 2607 2705 nonne
2641 2652 2696 2704 in
2734 2652 2955 2707 nomine
2983 2662 3078 2708 tuo
3100 2656 3311 2711 edimus
3340 2665 3395 2711 et
3423 2656 3507 2711 bi-

1943 2735 2121 2792 bimus
2150 2747 2203 2792 et
2243 2742 2689 2810 prophetavimus
2720 2751 2777 2798 et
2805 2744 3066 2799 daemonia
3102 2746 3401 2816 eiecimus?
3437 2748 3507 2803 Et

1943 2828 2121 2884 dicam
2148 2831 2228 2886 eis
2257 2848 2272 2886 :
2304 2832 2572 2887 Discedite
2605 2848 2633 2886 a
2661 2848 2747 2887 me
2767 2833 2812 2887 '.
2846 2852 2866 2886 ι
2898 2834 2965 2889 Ει
2997 2837 3119 2891 aliis
3147 2839 3346 2905 verbis,
3383 2841 3507 2911 qui-

1942 2923 2043 2977 bus
2067 2923 2319 2993 indignos
2347 2925 2439 2994 qui
2466 2924 2744 2979 salventur
2786 2928 3243 2986 condemnaturus
3278 2940 3381 2995 est,
3416 2933 3505 2987 diu

1938 3024 2154 3070 cturum
2196 3031 2256 3073 se
2288 3016 2584 3071 declaravit
2619 3033 2631 3069 :
2682 3033 2702 3068 ι
2740 3016 2901 3072 Abite
2955 3019 3006 3072 in
3058 3022 3311 3077 tenebras
3352 3033 3505 3079 exte-

1937 3114 2136 3180 riores,
2160 3130 2296 3184 quas
2327 3116 2542 3182 paravit
2565 3114 2728 3170 Pater
2762 3116 2982 3171 Satanae
3011 3128 3066 3173 et
3094 3121 3300 3186 angelis
3325 3123 3493 3193 ejus.)

248 3231 362 3283 σίαν
411 3234 766 3284 καταπατεῖν
810 3230 995 3284 ἐπάνω
1028 3230 1236 3300 ὄφεων,
1273 3231 1369 3283 καλ⁵
1402 3231 1701 3303 σκορπίων,
1736 3232 1831 3286 καὶ

1937 3215 1992 3261 et
2036 3216 2224 3261 rursus
2267 3206 2391 3262 aliis
2418 3208 2600 3262 verbis
2641 3208 2759 3262 ait:
2803 3224 2825 3260 ι
2856 3206 2935 3263 Do
2974 3210 3125 3267 vobis
3175 3222 3498 3282 potestatein

250 3322 694 3393 σκολοπενδρῶν,
754 3323 849 3375 καὶ
909 3322 1092 3375 ἐπάνω
1151 3322 1334 3393 πάσης
1395 3323 1674 3395 δυνάμεως
1730 3324 1825 3378 τοῦ

248 3412 459 3484 ἐχθροῦ.
506 3433 525 3465 ι
578 3415 695 3467 Καὶ
729 3413 823 3465 νῦν
885 3415 1045 3484 ἡμεῖς
1092 3415 1141 3466 οἱ
1202 3412 1546 3477 πιστεύοντες
1594 3412 1685 3467 ἐπὶ
1736 3415 1829 3468 τὸν

248 3504 633 3575 σταυρωθέντα
682 3505 777 3557 ἐπὶ
826 3505 1047 3557 Ποντίου
1099 3504 1329 3559 Πιλάτου
1377 3501 1584 3577 Ἰησοῦν
1625 3506 1828 3578 Κύριον

244 3595 428 3664 ἡμῶν,
476 3595 547 3648 τὰ
600 3593 860 3664 δαιμόνια
910 3595 1088 3649 πάντα
1139 3597 1233 3649 καὶ
1288 3595 1567 3665 πνεύματα
1616 3597 1829 3669 πονηρά

245 3686 657 3755 ἐᾷιρκίζοντες,
709 3684 1126 3754 ὑποτασσόμενα
1176 3686 1307 3755 ἡμῖν
1358 3684 1570 3755 ἔχομεν.
1624 3686 1686 3737 Εἰ
1720 3686 1829 3759 γὰρ

246 3774 328 3827 διὰ
372 3775 484 3827 τῶν
531 3773 837 3845 προφητῶν
892 3774 1475 3844 παρακεκαλυμμένως
1520 3775 1830 3846 κεκήρυκτο

533 3866 905 3935 γενησόμενος
936 3868 965 3918 ὁ
1007 3865 1257 3936 Χριστὸς,
1317 3866 1411 3918 καὶ
1462 3864 1599 3935 μετὰ
1657 3865 1829 3921 ταῦτα

244 3960 459 4011 πάντων
491 3957 824 4029 κυριεύσων,
861 3957 973 4010 ἀλλ’
1008 3953 1099 4010 οὖν
1124 3974 1187 4026 γε
1213 3957 1303 4009 ὑπ’
1329 3957 1541 4018 οὐδενὸς
1576 3956 1681 4027 (69)
1702 3961 1829 4012 νοεῖ-

247 4051 363 4121 σθαι
397 4050 650 4111 ἐδύνατο,
684 4049 878 4120 μέχρις
909 4049 1072 4112 αὐτὸς
1117 4049 1300 4102 ἔπεισε
1330 4051 1456 4112 τοὺς
1500 4049 1828 4113 ἀποστόλους

246 4144 299 4195 ἐν
329 4146 451 4205 ταῖς
479 4142 733 4213 Γραφαίς
762 4139 934 4192 ταῦτα
961 4138 1293 4211 κεκηρῦχθαι
1329 4140 1638 4211 διαρρήδην.
1666 4141 1828 4195 Ἐϐόα

242 4235 348 4305 γάρ
384 4233 499 4303 πρὸ
529 4231 630 4285 τοῦ
666 4230 1061 4301 σταυρωθῆναυ
1103 4250 1123 4281 ι
1176 4234 1269 4283 Δεῖ
1307 4231 1400 4284 τὸν
1448 4231 1574 4284 Υἱὸν
1607 4231 1699 4285 τοῦ
1733 4233 1828 4285 ἀν-

243 4325 464 4395 θρώπου
498 4322 674 4376 πολλά
710 4322 923 4387 παθεῖν,
952 4324 1045 4375 καὶ
1071 4323 1572 4394 ἀποδοκιμασθῆναι
1600 4323 1701 4375 ὑπὸ
1719 4322 1827 4375 τῶν

242 4415 625 4487 Γραμματέων
666 4416 760 4468 καὶ
791 4414 1126 4485 Φαρισαίων,
1172 4414 1264 4467 καὶ
1298 4414 1692 4485 σταυρωθῆναι,
1733 4413 1829 4467 καλ⁸

244 4511 308 4577 τῇ
361 4510 526 4582 τρίτῃ
579 4507 766 4578 ἡμέρᾳ
818 4507 1134 4577 ἀναστῆναι.
1196 4525 1213 4556 ι
1260 4507 1372 4559 Καὶ
1417 4505 1579 4558 Δαϐὶδ
1622 4506 1679 4559 δὲ
1722 4506 1828 4578 πρὸ

1933 3297 2179 3353 calcandi
2211 3312 2374 3367 super
2417 3308 2701 3367 serpentes
2722 3338 2738 3364 ,
2770 3309 2824 3353 et
2866 3302 3194 3370 scorpiones,
3219 3310 3275 3357 et
3319 3304 3499 3360 scolo-

1929 3388 2182 3459 pendras,
2244 3400 2299 3443 et
2338 3404 2502 3458 super
2545 3403 2761 3443 omnem
2810 3390 3064 3445 virtutem
3118 3392 3322 3448 inimici
3354 3395 3395 3453 ⁸.
3433 3396 3501 3451 Ει

1930 3505 2076 3545 nunc
2110 3491 2203 3561 qui
2242 3490 2295 3545 in
2341 3489 2663 3545 cruciﬁxum
2711 3491 2810 3545 sub
2854 3489 3047 3547 Pontio
3089 3492 3263 3550 Pilato
3309 3496 3497 3552 Jesum

1931 3581 2218 3636 Dominum
2264 3590 2509 3636 nostrum
2549 3582 2860 3646 credimus,
2908 3582 3172 3639 dagmonia
3219 3588 3401 3642 omnia
3442 3599 3499 3645 et

1929 3672 2102 3728 malos
2140 3674 2365 3744 spiritus
2408 3673 2708 3742 adjurando
2748 3676 3002 3743 potestati
3034 3686 3235 3731 nostra:
3278 3680 3499 3748 subjici-

1930 3783 2072 3822 mus.
2102 3766 2361 3833 Quamvis
2394 3766 2537 3821 enim
2583 3774 2721 3821 tecte
2764 3782 2861 3837 per
2889 3768 3182 3838 prophetas
3224 3772 3497 3838 praedica-

1933 3868 2043 3912 tum
2091 3857 2285 3911 fuisset
2329 3857 2605 3912 Christum
2671 3871 2791 3912 esse
2847 3874 3172 3927 passurum,
3214 3875 3279 3915 ac
3308 3872 3495 3930 postea

1931 3944 2185 4005 omnibus
2213 3949 2628 4017 imperaturum,
2662 3948 2711 4001 id
2745 3956 2927 4003 tamen
2958 3965 2987 4003 a
3016 3952 3233 4006 nemine
3266 3952 3495 4022 intelligi

1928 4048 2176 4110 poterat,
2223 4039 2394 4094 donec
2458 4039 2572 4108 ipse
2621 4039 2900 4108 discipulis
2960 4044 3235 4110 persuasit
3286 4044 3399 4098 lucc
3440 4045 3493 4099 in

1930 4129 2230 4200 Scripturis
2284 4128 2605 4184 nominatim
2661 4142 2783 4183 esse
2845 4131 3157 4198 praedicata.
3209 4130 3495 4187 Clamabat

1928 4217 2072 4273 enim
2097 4226 2385 4285 antequam
2419 4216 2473 4270 in
2500 4231 2722 4272 erucem
2751 4230 3003 4287 ageretur
3029 4238 3044 4274 :
3086 4238 3106 4272 ι
3144 4220 3370 4290 Oportet
3402 4222 3494 4276 Fi-

1931 4310 2057 4363 lium
2086 4310 2326 4364 hominis
2350 4309 2519 4364 multa
2552 4309 2660 4378 pati
2694 4319 2749 4364 et
2780 4310 2935 4380 rejici
2967 4326 2997 4365 a
3028 4313 3235 4368 Scribis
3270 4324 3325 4368 et
3350 4315 3491 4369 Plia-

1930 4401 2125 4469 risaais,
2162 4409 2217 4455 et
2244 4400 2509 4469 cruciﬁgi,
2546 4410 2601 4456 et
2633 4403 2791 4455 tertia
2842 4404 2929 4457 die
2969 4419 3255 4476 resurgere
3282 4408 3323 4460 ³.
3359 4425 3378 4457 ι
3423 4406 3492 4460 Ει

1930 4503 2098 4557 David
2129 4502 2368 4558 futurum
2408 4503 2577 4558 fuisse
2619 4514 2748 4561 ante
2794 4507 2963 4561 solem
3002 4516 3057 4561 et
3098 4508 3280 4562 lunam
3330 4508 3491 4581 174

246 4599 393 4667 ﬁliam
444 4600 544 4653 καὶ
587 4598 819 4670 σελήνης
861 4597 971 4668 (70)
1009 4599 1074 4650 ἐκ
1112 4598 1345 4668 γαστρὸς
1401 4597 1824 4669 γεννηθήσεσθαι

1937 4595 2276 4664 praedicavit,
2314 4603 2372 4648 ut
2410 4608 2473 4647 ex
2510 4604 2664 4650 utero
2694 4599 2990 4651 secundum
3026 4597 3199 4654 Patris
3242 4599 3489 4653 volunta-

317 4775 338 4806 ⁸
384 4775 492 4832 lsa.
551 4788 691 4836 ιιιι,
726 4773 782 4827 8.
872 4774 895 4805 ⁸
952 4772 1145 4827 Matth.
1182 4785 1304 4838 vui,
1337 4774 1425 4827 11.
1502 4772 1522 4803 ⁷
1564 4771 1753 4827 Matth.
1779 4788 1877 4841 vn,
1907 4772 2000 4826 2‘2.

316 4951 425 5021 (66)
456 4951 746 5005 Πλύνειν.
780 4949 987 5021 Aptius,
1015 4950 1292 5005 existimat
1332 4949 1549 5002 πλυνεϊν
1589 4949 1820 5021 Βγιδιιι-

250 5021 396 5091 gius,
434 5034 492 5075 et
530 5022 708 5102 paulo
742 5031 863 5090 post
890 5020 991 5088 legi
1020 5036 1175 5090 posse
1204 5022 1461 5075 observat
1493 5020 1820 5091 γενήσεσθαι

248 5090 339 5160 pro
364 5090 721 5159 γεγενῆσθαι.
1614 5090 1620 5091 ί

311 5162 422 5227 (67)
454 5156 1037 5227 Πεπροερητευκέναι.
1080 5157 1260 5213 Codex
1295 5160 1497 5229 Regius
1529 5175 1817 5229 προπεφη-

245 5234 516 5284 πυκέναι.
551 5230 647 5283 Sic
674 5231 839 5283 etiam
877 5229 1048 5282 codex
1085 5230 1539 5287 Claromontanus
1580 5229 1646 5281 ad
1673 5246 1817 5281 mar-

246 5300 716 5382 gingn."\i'iilgata
745 5300 906 5353 lectio
933 5300 1205 5369 reperitur
1236 5302 1304 5354 ad
1333 5300 1631 5369 marginem
1666 5300 1815 5353 codi-

244 5371 637 5507 αἶὲὃῖεῧέτιη
675 5442 769 5495 καὶ
795 5441 1036 5512 δυσμῶν,
1071 5442 1123 5494 in
1157 5440 1392 5512 editione
1424 5436 1817 5512 Maraniomis-

245 5506 324 5573 sa,
348 5506 670 5579 reponimus
692 5528 759 5565 ex
792 5506 1031 5565 editione
1055 5511 1287 5564 lenensi.
1314 5509 1471 5579 EDIT.
1502 5506 1672 5561 Pun.

2075 4769 2096 4800 ⁸
2138 4768 2267 4824 Luc.
2308 4787 2360 4838 x,
2400 4771 2483 4825 l9.
2561 4770 2735 4825 “Luc.
2769 4787 2847 4835 ix,
2874 4773 2963 4826 22.

1927 4951 2132 5019 plicare
2166 4963 2263 5019 cur
2297 4947 2575 5013 Justinus,
2611 4964 2734 5004 cum
2791 4950 2876 5003 his
2925 4950 3128 5015 verbis,
3166 4970 3186 5003 ι
3228 4967 3294 5007 ex
3334 4962 3487 5008 utero
3552 4948 3553 4951 “

1927 5028 2055 5074 ante
2089 5018 2394 5088 Luciferum
2440 5020 2597 5088 genui
2643 5028 2728 5082 te,
2774 5037 2793 5069 ι
2838 5021 3175 5076 nativitatem
3219 5038 3284 5075 ex
3325 5034 3486 5077 utero

1926 5089 2166 5157 Virginis
2194 5087 2481 5158 intelligat,
2518 5089 2644 5142 illud
2687 5098 2865 5143 tamen
2904 5106 2924 5139 ι
2961 5100 3085 5145 ante
3111 5090 3479 5157 Luciferum,»

1925 5159 2068 5212 idem
2100 5173 2218 5211 esse
2242 5168 2391 5225 putet
2418 5174 2483 5212 ac
2518 5168 2644 5211 aute
2667 5159 2834 5225 solem
2866 5167 2920 5212 et
2950 5159 3151 5214 lunam.
3188 5161 3305 5216 Non
3333 5164 3480 5216 enim

1922 5228 2166 5302 Christus
2210 5222 2277 5302 ei
2324 5226 2490 5302 Maria
2544 5237 2669 5302 ante
2708 5222 2877 5302 solem
2923 5240 2976 5282 et
3010 5230 3190 5302 lunam
3241 5233 3479 5302 genitus.

1924 5296 2688 5369 Tertulliani._quiuJustinum
2727 5299 2990 5362 imitatur,
3020 5298 3219 5353 clarior
3241 5296 3295 5355 ἐι
3326 5317 3483 5369 aper-

1921 5368 2029 5421 tior
2054 5366 2343 5439 sententia.
2380 5367 2652 5439 Christum
2684 5369 2827 5421 enim
2869 5382 2936 5421 ex
2976 5378 3131 5423 utero
3172 5366 3481 5439 Marte—gem

1922 5439 2093 5489 nilum
2122 5437 2253 5490 dicit
2290 5446 2417 5490 ante
2456 5435 2765 5490 Luciferum
2789 5477 2804 5501 ,
2836 5440 2962 5505 quia
2990 5449 3153 5493 nocte
3197 5440 3249 5492 in
3301 5435 3477 5494 luttein

1920 5507 2098 5560 editus
2135 5516 2239 5568 est,
2277 5505 2369 5559 lib.
2409 5522 2440 5559 v
2485 5508 2537 5558 in
2578 5506 2773 5571 Manu,
2822 5522 2947 5574 cap.
2995 5508 3081 5559 10.
3124 5512 3193 5561 ΑΙ.
3234 5510 3481 5564 Justinus

310 5574 423 5658 (6θὶ
458 5582 627 5635 Ἀλλ’
656 5579 770 5636 οὖν
802 5598 869 5650 γε
896 5582 1015 5658 ’ὑπ’
1048 5581 1311 5658 οὐδενός.
1361 5578 1595 5658 Probare
1640 5575 1817 5658 pergit

1937 5593 1944 5626 l
1979 5585 2105 5629 ante
2131 5574 2439 5658 Luciferum
2479 5598 2491 5622 ι
2518 5576 2655 5629 idem
2686 5591 2805 5630 esse
2834 5577 2947 5658 vult
2973 5592 3037 5658 a_e
3064 5591 3190 5658 ante
3209 5580 3388 5658 solem
3424 5591 3478 5633 et

241 5643 521 5705 Christum
562 5667 686 5707 esse
728 5643 908 5719 magni
956 5652 1168 5705 consilii
1222 5643 1508 5718 angelum,
1548 5656 1603 5701 et
1641 5643 1812 5719 abeo
1917 5646 2144 5719 lunam._
2175 5646 2292 5711 Quo
2341 5661 2501 5719 sensu
2556 5647 2957 5719 ιιοιι-ριτοιὶἱχὶι
3001 5648 3166 5719 David
3202 5648 3474 5703 Christum

246 5720 494 5775 homines
536 5715 898 5774 maximarum
950 5736 1130 5775 rerum
1172 5715 1812 5789 cogn—itionemaccepis-

244 5804 321 5842 se.
349 5790 642 5845 Similiima
682 5792 898 5845 disserit
928 5792 1162 5845 lrenmus
1183 5786 1275 5843 lib.
1306 5804 1378 5851 IV,
1413 5801 1464 5841 c.
1496 5786 1586 5849 26,
1611 5804 1665 5839 ιι.
1690 5787 1741 5839 1.

315 5860 429 5933 (7o)
448 5861 573 5929 Πρὸ
605 5862 786 5929 ἡλίου
819 5862 918 5915 καὶ
958 5859 1245 5926 σελήνης.
1274 5857 1387 5913 Non
1424 5856 1582 5913 facile
1618 5866 1701 5912 est
1723 5856 1846 5911 ex:

1918 5723 2042 5769 ante
2068 5715 2237 5769 solem
2273 5724 2327 5767 et
2356 5715 2536 5768 lunam
2573 5718 2638 5768 de
2668 5711 2837 5769 Maria
2879 5717 3237 5782 nasciturum,
3265 5721 3358 5771 sed
3394 5720 3480 5771 ta-

1923 5795 2099 5838 turum
2141 5784 2306 5857 fuisse
2330 5794 2460 5857 ante
2478 5786 2645 5857 solem
2676 5796 2730 5840 et
2757 5786 2937 5838 lunam
2966 5798 3023 5839 ut
3045 5788 3112 5841 de
3134 5788 3352 5857 Virgine
3376 5806 3475 5841 nac-

1922 5864 2185 5912 sceretur.
2205 5854 2451 5909 Similem
2476 5856 2651 5911 locum
2672 5857 2903 5914 vidimus
2918 5872 3079 5927 supra
3098 5874 3151 5914 ιι.
3173 5854 3274 5914 (ὶέρῖ
3298 5860 3473 5935 "Avar-
