3962 6262
466 373 570 429 ῠ55

1434 367 1491 425 S.
1524 367 1784 424 JUSTINI
1820 364 2228 423 PHILOSOPHI
2262 364 2349 419 ET
2378 364 2737 421 MARTYRIS

3618 370 3722 426 656

470 497 577 540 tem
607 493 954 554 nasceretur,
992 498 1226 555 eumque
1248 523 1262 549 ,
1286 474 1414 539 cum
1446 486 1699 540 Christus
1726 484 1829 539 sit.
1876 485 2039 539 Deum

2153 483 2310 536 αὑτὸν
2343 481 2484 535 κατὰ
2521 484 2617 553 τὴν
2666 482 2761 535 τοῦ
2812 482 3029 553 Πατρὸς
3075 482 3267 553 βουλὴν
3317 482 3575 554 ἐκήρυξε,
3630 487 3720 539 καί

467 582 664 636 lortem
692 589 747 637 et
779 582 1116 637 adorandum
1146 595 1269 638 esse
1303 581 1620 637 declaravit.

537 758 625 811 77.
654 756 807 810 Redit
848 758 919 811 ad
963 758 1368 826 explicationem
1413 758 1702 827 praplietia:
1761 757 1939 812 Isaiae.
1971 788 2040 799 —-

464 852 534 904 At
571 850 791 920 Trypho
828 867 841 903 :
896 849 1161 917 Equidem
1211 850 1305 903 tibi
1348 851 1624 904 assentior
1681 850 1816 903 satis
1860 850 2041 904 inesse

468 952 545 997 tot
586 957 651 996 ac
677 942 841 996 tantis
870 942 1174 996 rationibus
1215 941 1281 996 ad
1329 943 1761 1010 persuadendum
1796 958 2041 997 momen-

468 1034 541 1095 ti;
570 1034 663 1087 sed
692 1034 835 1089 scias
858 1034 1018 1087 velim
1046 1048 1131 1087 me
1164 1048 1194 1086 a
1220 1042 1271 1087 te
1304 1033 1646 1101 Seripturam
1679 1034 1853 1099 illam,
1877 1049 2037 1103 quam

465 1141 610 1194 smpe
635 1123 1138 1179 demonstraturum
1176 1123 1455 1193 pollicitus
1482 1139 1562 1189 es,
1602 1138 1909 1193 reposcere.
1930 1124 2040 1178 Fac

470 1217 634 1286 igitur
676 1231 797 1270 eam
853 1215 1011 1270 nobis
1046 1216 1330 1284 expedias,
1376 1226 1437 1269 ut
1479 1216 1761 1270 videamus
1802 1232 2036 1285 quonam

464 1320 625 1380 pacto
658 1312 709 1364 in
741 1320 983 1364 vestrum
1028 1308 1176 1364 illum
1229 1309 1508 1364 Christum
1543 1310 1748 1366 dictam
1789 1328 1909 1367 esse
1945 1314 2040 1367 de-

466 1413 758 1455 monstres.
777 1399 885 1456 Nos
901 1401 1046 1455 enim
1072 1416 1190 1455 eam
1221 1399 1274 1455 in
1296 1401 1586 1457 Ezechiam
1610 1407 2030 1473 praenuntiatam

466 1496 633 1549 fuisse
655 1494 914 1551 dicimus.

534 1589 670 1643 Tum
689 1603 790 1658 ego
819 1605 832 1641 :
869 1587 937 1643 Ut
968 1588 1143 1652 vobis,
1164 1587 1407 1658 inquam,
1441 1588 1681 1651 videtur.
1718 1589 1789 1644 ita
1814 1590 2035 1650 faciam.

465 1678 580 1735 Sed
617 1681 746 1734 mihi
785 1682 939 1751 prius
968 1682 1288 1735 demonstra
1315 1682 1383 1736 de
1411 1683 1643 1737 Ezechia
1674 1683 1879 1738 dictum
1895 1700 2034 1753 esse,

463 1789 611 1836 eum,
638 1782 933 1841 antequam
966 1784 1176 1842 patrem
1206 1785 1301 1829 aut
1331 1785 1559 1830 matrem
1595 1791 1792 1831 vocare
1830 1788 2036 1842 nosset,

2143 575 2276 627 Θεὸν
2310 575 2529 646 ἰσχυρὸν
2562 575 2655 629 καὶ
2691 575 3083 645 προσκυνητὺν,
3132 574 3363 647 Χριστὸν
3412 576 3542 628 ὅντα
3589 574 3721 646 (71).

2142 666 2398 737 ἐδήλωσε.

2214 757 2299 809 77.
2335 758 2447 810 Kal
2490 758 2518 808 ὁ
2552 755 2786 827 Τρύφων
2828 752 2999 809 εἶπεν·
3046 758 3164 810 Ὀτι
3198 758 3293 827 μὲν
3316 754 3435 827 [οὖν
3465 754 3601 828 (72)]
3633 758 3725 811 καὶ

2141 847 2364 901 τοιαῦτα
2399 849 2492 901 καὶ
2516 846 2751 900 τοσαῦτα
2781 848 2944 902 ἱκανὰ
2963 849 3278 919 δυσωπῆσαι
3314 851 3431 902 ἐστι
3459 891 3472 913 ,
3511 849 3726 919 σύμφη-

2144 940 2205 1010 μί
2240 956 2345 991 σοι·
2378 940 2461 992 ὅτι.
2492 938 2549 990 δὲ
2581 939 2798 992 ἀπαιτῶ
2833 956 2893 992 σε
2941 939 3032 993 τὸν
3065 940 3225 1008 λόγον
3270 933 3344 992 ὧν
3378 940 3481 1011 [ὃν]
3532 939 3727 993 πολλὰ-

2142 1048 2229 1094 κις
2252 1029 2583 1101 προεϐάλλου
2608 1031 2719 1101 (75)
2738 1030 3037 1097 ἀποδεῖξαι,
3068 1031 3265 1084 εἰδέναι
3300 1030 3560 1101 βούλομαι
3593 1032 3723 1102 (74).

2140 1125 2454 1194 Περαίωσον
2479 1119 2573 1177 οὖν
2606 1125 2699 1177 καὶ
2731 1123 2891 1176 αὐτὸν
2925 1125 3085 1194 ἡμῖν,
3123 1123 3210 1175 ἶνα
3260 1123 3457 1193 ἴδωμεν
3510 1123 3605 1174 καὶ
3653 1123 3727 1184 ὡς

2140 1219 2347 1269 ἐκεῖνον
2402 1218 2482 1280 εἰς
2543 1216 2776 1288 Χριστὸν
2821 1216 3011 1269 τοῦτον
3064 1215 3154 1268 τὸν
3198 1215 3460 1285 ὑμέτερον
3512 1214 3729 1267 ἀποδει-

2140 1308 2323 1371 κνύεις
2356 1308 2627 1379 εἰρῆσθαι.
2672 1309 2862 1379 Ἡμεῖς
2898 1307 3005 1376 γὰρ
3039 1308 3119 1370 είς
3160 1307 3409 1370 Ἐζεκίαν
3448 1306 3611 1359 αὐτὸν
3646 1305 3731 1358 λέ-

2140 1416 2311 1471 γομεν
2344 1399 2854 1471 πεπροφητεῦσθαι.

2209 1586 2383 1655 Κάγὼ
2407 1586 2565 1658 ιῖἔφην⁸
2599 1586 2687 1649 Ὡς
2722 1583 2974 1655 βούλεσθε
3006 1582 3099 1636 καὶ
3130 1580 3287 1635 τοῦτο
3321 1580 3533 1651 πράξω.
3568 1581 3733 1635 Ἀπο-

2138 1680 2344 1745 δείξατε
2397 1678 2453 1731 δέ
2506 1696 2596 1749 μοι
2644 1678 2803 1748 ὑμεῖς
2836 1675 3074 1748 πρῶτον,
3110 1676 3193 1728 ὅτι
3229 1675 3309 1738 εἰς
3353 1673 3443 1726 τὸν
3478 1672 3733 1736 Ἐζεκίαν

2145 1770 2391 1843 εἴρηται,
2428 1770 2509 1821 ὅτι
2546 1768 2674 1841 πρὶν
2708 1768 2741 1838 ἢ
2775 1767 2975 1836 γνῶναι
3011 1766 3171 1819 αὑτὸν
3206 1764 3394 1817 καλεῖν
3446 1763 3666 1835 πατέρα
3699 1764 3737 1833 ἢ

462 1864 720 1919 virtutum
759 1862 1009 1920 Damasci
1048 1874 1103 1920 et
1148 1866 1321 1935 spolia
1368 1866 1633 1921 Samarire
1667 1884 1855 1923 coram
1910 1885 2037 1939 rege

2153 1862 2374 1933 μητέρα,
2410 1860 2568 1914 ἔλασε
2603 1860 2829 1929 δύναμιν
2861 1857 3150 1929 Δαμασκοῦ
3186 1858 3281 1911 καὶ
3319 1856 3386 1909 τὰ
3422 1855 3597 1909 σκῦλα
3633 1857 3737 1912 Σα-

463 1955 812 2027 Assyriorum
847 1957 1082 2026 cepisse.
1110 1955 1300 2026 Neque
1328 1957 1473 2011 enim
1500 1959 1655 2013 vobis
1680 1960 2034 2025 concedetur,

462 2054 523 2097 ut
557 2053 740 2100 vestro
777 2044 1049 2099 arbitratu
1091 2045 1236 2100 hanc
1290 2045 1798 2114 interpretationem
1843 2045 2038 2102 all‘era-

462 2133 883 2200 tis,-Ezeehiam
931 2136 1196 2191 adversus
1245 2136 1570 2192 Damascum
1608 2146 1663 2192 et
1695 2138 1746 2191 in
1787 2137 2035 2194 Samaria

458 2238 647 2282 coram
697 2241 827 2297 rege
876 2227 1228 2297 Assyriorum
1290 2227 1493 2281 bellum
1553 2229 1808 2299 gessisse.
1865 2231 2039 2296 Nam,

466 2337 487 2370 ε
521 2318 839 2387 priusquam
866 2334 1000 2388 puer
1027 2320 1174 2373 norit
1212 2334 1407 2374 vocare
1436 2328 1641 2387 patrem
1669 2330 1761 2375 aut
1785 2332 2034 2381 matrem,

464 2408 641 2479 inquit
659 2410 1017 2479 propheticus
1047 2425 1252 2477 sermo,
1298 2413 1479 2482 capiet
1504 2412 1759 2467 virtutem
1787 2413 2037 2469 Damasci

460 2514 515 2558 et
549 2502 719 2573 spolia
755 2500 1021 2558 Samaria:
1048 2518 1231 2556 coram
1263 2518 1392 2572 rege
1407 2503 1755 2576 Assyriorum
1777 2507 1875 2562 ω.)
1901 2506 2036 2560 Nam

462 2596 507 2650 si
538 2594 894 2665 propheticus
913 2592 1154 2663 Spiritus
1175 2611 1298 2650 cum
1322 2597 1699 2651 additamento
1727 2612 1833 2652 non
1865 2599 2039 2652 dixis-

463 2698 547 2743 set
571 2704 585 2741 :
628 2706 647 2738 ι
680 2686 987 2756 Antequam
1016 2687 1165 2740 norit
1195 2701 1331 2756 puer
1358 2700 1554 2742 vocare
1578 2697 1789 2757 patrem
1812 2697 1906 2741 aut
1926 2704 2037 2741 ina-

465 2792 637 2846 trem,
682 2779 917 2850 accipiet
964 2780 1221 2834 virtutem
1258 2779 1507 2835 Damasci
1547 2791 1601 2835 et
1641 2780 1811 2850 spolia
1845 2780 2037 2835 Sama-

461 2872 591 2936 rim;
631 2889 649 2923 ι
691 2873 787 2924 sed
830 2880 1038 2924 tantum
1062 2888 1077 2923 :
1102 2869 1211 2924 «Et
1248 2870 1427 2939 pariet
1452 2869 1620 2924 lilium
1651 2879 1706 2924 et
1734 2870 2038 2938 capietvir—

463 2974 636 3019 tutem
664 2963 908 3016 Damasci
954 2972 1012 3017 et
1056 2962 1225 3031 spolia
1270 2962 1564 3025 Samaria},
1607 2981 1628 3016 ι
1667 2962 1849 3017 dicere
1883 2973 2039 3033 pote—

460 3056 640 3108 ratis:
691 3054 829 3121 Quia
890 3055 1127 3107 futurum
1188 3053 1561 3122 prtenoscebat
1621 3053 1757 3107 Deus
1809 3065 1868 3107 ut
1924 3055 2037 3110 lucc

462 3156 684 3215 caperet
728 3145 1027 3212 Ezechias,
1068 3146 1278 3199 idcirco
1319 3144 1590 3212 prardixit.
1645 3143 1797 3200 Nune
1852 3156 2031 3199 autem

462 3254 585 3293 cum
616 3239 717 3293 hoc
749 3239 1123 3293 additamenta
1151 3238 1290 3292 dixit
1324 3237 1607 3307 prophetia
1640 3256 1653 3292 :
1690 3256 1709 3288 ι
1734 3238 2037 3308 Antequam

462 3331 608 3384 norit
645 3345 780 3398 puer
816 3330 1093 3399 appellare
1136 3338 1348 3398 patrem
1396 3340 1490 3383 aut
1541 3340 1808 3397 matrem,
1858 3334 2038 3402 capiet

461 3424 714 3476 \irtutein
747 3422 992 3477 Damasci
1019 3431 1077 3477 et
1097 3422 1269 3490 spolia
1303 3422 1593 3479 Samarize.
1623 3442 1643 3476 ι
1678 3425 1758 3479 Ac
1786 3439 1888 3480 vox
1913 3425 2033 3495 qui-

537 3584 581 3613 ¹⁰
607 3583 709 3636 lsa.
751 3596 868 3647 vui,
900 3581 956 3637 4.

462 3738 555 3791 θεν
595 3739 689 3791 καὶ
727 3735 815 3790 διὰ
842 3736 1077 3805 γαστρὸς
1123 3734 1464 3806 ἀνθρωπείας
1492 3732 1687 3806 ὁ-Θεὸς
1732 3734 1827 3785 καὶ
1859 3732 2048 3803 Πατὴρ

460 3807 571 3861 τῶν
604 3808 740 3861 ὅλων
767 3802 1054 3875 γεννᾶσθαι
1086 3802 1247 3859 αὐτὸν
1282 3804 1492 3875 ἔμελλε.
1531 3802 1676 3875 l_llud_
1696 3818 1847 3872 ergo,
1872 3822 1890 3853 ι
1917 3802 2073 3856 ante

464 3873 788 3933 Luciferum
808 3878 967 3946 genui
1006 3887 1095 3941 te,
1141 3895 1159 3928 ι
1200 3873 1342 3946 idem
1368 3888 1495 3946 esse
1538 3873 1785 3946 Justinus
1824 3876 2047 3946 putabat

465 3964 529 4002 ac
558 3950 781 4017 gignere
813 3942 1058 4002 decrevi.
1107 3944 1413 4014 Singularis
1455 3944 1599 4017 ratio
1630 3952 1745 4017 est,
1786 3958 1885 4017 e_ur
1912 3942 2046 4017 habe

467 4012 848 4087 interpretatio
884 4033 989 4069 non
1022 4012 1380 4085 vituperetur,
1404 4016 1533 4087 quia
1564 4012 1775 4087 scilicet
1793 4012 2047 4087 Christus

466 4092 534 4143 ab
575 4081 782 4142 aeterno
826 4087 1110 4141 consensit
1139 4081 1505 4139 incarnationi
1530 4098 1662 4138 suae.
1688 4081 1841 4136 Unde
1877 4082 2041 4136 etiam

465 4175 588 4213 eum
622 4156 830 4211 ἄνωθεν
850 4155 1095 4210 Justinus
1126 4154 1338 4209 lsraelis
1364 4168 1557 4209 nomen
1584 4152 1840 4207 habuisse
1861 4153 2038 4214 docet,

469 4247 522 4282 ιι.
564 4228 630 4282 75
662 4239 716 4282 et
744 4227 870 4292 125,
899 4229 1147 4295 quamvis
1186 4227 1289 4280 hoc
1312 4238 1507 4278 nomen
1532 4224 1581 4277 ei
1618 4238 1723 4295 non
1749 4224 2040 4295 conveniat

469 4299 572 4352 nisi
619 4300 689 4353 ob
731 4291 1199 4360 itiea'rn'atiuuet'n,
1244 4304 1302 4347 ut
1331 4295 1585 4348 observat
1617 4292 1733 4360 ipse
1770 4291 2035 4356 Justinus,

468 4387 525 4422 ιι.
552 4368 674 4423 19.3.
707 4367 821 4420 Non
850 4368 1085 4420 absimili
1121 4366 1329 4420 ratione
1350 4365 1597 4418 Christus
1615 4364 1755 4431 apud
1780 4362 2038 4433 Cyrillum

471 4438 1023 4508 llierosolyniitanum
1055 4437 1329 4505 accepisse
1356 4436 1423 4487 ab
1454 4444 1658 4487 :eterno
1681 4432 1880 4508 dicitur
1913 4433 2042 4508 illud

466 4502 855 4573 sacerdotium,
880 4523 989 4575 quo
1020 4502 1199 4561 lactus
1224 4509 1386 4558 homo
1415 4514 1471 4558 et
1510 4504 1861 4575 semetipsum
1908 4502 2041 4575 olfe-

471 4551 1382 4646 ἱὲἷιῖὄῦἓέ’Ξῇἰῖνῖῖυἱιῖἒέἷιὲὶῖιίἶῖ
1400 4551 1730 4646 lien-filiiﬁlii;
1747 4551 1872 4646 est}
1906 4551 2040 4646 Χβὶ-
2072 4551 2117 4607 Ι)
2146 4551 2290 4646 ea";

468 4650 592 4717 cio;
624 4643 680 4702 δέ
711 4643 858 4702 ἐστιν
888 4648 1176 4717 ἀρχιερεὺς
1212 4646 1409 4716 (inquit
1430 4654 1537 4717 cat.
1570 4644 1663 4717 l0._
1691 4660 1743 4695 ιι.
1784 4643 1871 4717 l5)
1899 4643 2039 4717 ἁπα-

470 4712 705 4789 ράὸατον
736 4719 876 4790 ἔχων
901 4712 1000 4788 τῆν
1031 4712 1350 4790 ἱερωσύνην’
1391 4712 1519 4790 ρῦτε
1569 4712 1909 4790 ἀπὺαχρόνιον
1942 4715 2042 4785 ἀρ-

469 4782 700 4861 ξάμενος
745 4782 842 4861 τῆς
886 4782 1200 4861 ἱερατείαςι
1224 4782 1627 4861 οὔξτεδιάδοχον
1674 4782 1809 4861 ἔχων
1854 4782 2039 4861 ἕτερον

468 4854 566 4932 τῆς
599 4854 1045 4932 ἀρχιερατείας...
1097 4858 1216 4932 οὐδὲ
1232 4855 1740 4932 ’ἐλαίῳκσκευαστῷ
1758 4854 2038 4932 χρισθέὶς,

470 4924 604 4986 ἀλλὰ
634 4924 737 5001 ξτρὸ
764 4924 877 5001 τῷν
911 4927 1257 5001 αἰώνωνᾲὺπὸ
1288 4924 1620 5001 τοξιξῌατρὸς
1643 4963 1658 4988 ,
1679 4924 1780 5001 pati.
1796 4926 2039 5001 τοσούτῳ

468 4992 736 5073 διαφέρὼν
763 5000 870 5054 τῶν
899 5000 1093 5063 ἄλλων,
1128 4999 1238 5068 ὅσῳ
1272 4996 1391 5069 μεθ’
1413 4992 1759 5073 ὁρκὼμοσίας
1791 4996 1937 5048 ἐστὶν
1968 4992 2042 5047 ἱει-

474 5068 679 5145 pede}
719 5073 971 5145 Christus
1007 5084 1252 5145 summus
1278 5068 1365 5145 est
1406 5068 1662 5145 sacerdos
1706 5080 1823 5145 non
1862 5076 2040 5120 trans-

474 5134 755 5197 l’ereiiduni
796 5134 1000 5196 habens
1040 5139 1427 5201 sacerdotium,
1461 5136 1553 5205 qui
1594 5148 1771 5202 neque
1810 5136 1862 5190 in
1905 5146 2040 5191 tem-

472 5230 602 5280 pore
647 5217 1060 5285 Sacerdosesse
1101 5211 1299 5278 εωρὶι,
1360 5222 1537 5285 neque
1589 5207 1820 5285 alterum
1850 5206 2040 5285 _habet

472 5276 824 5352 pontiﬁcatus
857 5283 936 5336 sui
987 5276 1429 5352 successorem...
1474 5278 1658 5345 Neque
1689 5276 1900 5331 factitio
1942 5292 2041 5352 uu-

472 5347 597 5409 ctus
622 5355 762 5417 oleo,
797 5353 891 5407 sed
913 5363 1042 5406 ante
1071 5351 1264 5405 saecula
1293 5364 1321 5402 a
1360 5348 1520 5401 Patre
1544 5386 1559 5410 ,
1588 5359 1641 5399 et
1679 5356 1826 5399 tanto
1858 5347 2041 5400 excel-

472 5426 672 5479 lentior
708 5424 829 5477 aliis
869 5424 1012 5491 quod
1049 5437 1171 5476 cum
1200 5418 1557 5491 jurejurando
1587 5417 1843 5491 sacerdos
1873 5428 1977 5491 est.
2014 5434 2034 5466 ι

478 5498 551 5547 Ex
582 5490 665 5548 his
693 5487 902 5555 verbis,
920 5506 1055 5546 etex
1075 5487 1387 5545 testimonio
1405 5487 1577 5551 Pauli,
1612 5487 1756 5555 quod
1797 5488 2039 5555 sequitur

475 5565 662 5634 (Hebr.
694 5565 895 5629 vu,20,
923 5561 1015 5632 2i)
1042 5563 1176 5634 satis
1210 5562 1553 5634 perspicuum
1576 5558 2037 5634 e_st_sace_rdotium

477 5628 606 5689 illud
636 5628 928 5688 secundum
965 5628 1639 5687 o’rdinein'Melchisedech
1671 5628 1770 5680 hoc
1797 5628 1917 5681 loco
1945 5629 2039 5681 dc-

475 5709 700 5773 signari,
723 5707 867 5773 quod
892 5703 1144 5757 Christus
1165 5702 1324 5773 homo
1342 5700 1517 5773 factus
1542 5700 1809 5773 exercuit.
1839 5698 2041 5763 Quem-

477 5769 763 5829 ad'modutu
805 5790 934 5842 ergo
971 5774 1111 5842 apud
1142 5771 1402 5839 Cyrillum
1451 5769 1699 5842 Christus
1730 5770 1798 5842 ab
1833 5779 2040 5842 aeterm)

476 5846 733 5902 sacerdos
773 5837 1460 5902 cst—sscu'ndum—ordiuetu
1486 5837 1918 5907 Melchisedech;
1964 5839 2039 5894 ita

2146 1954 2377 2025 μαρείας
2432 1954 2609 2007 ἔναντι
2663 1952 2927 2023 βασιλέως
2970 1950 3292 2022 Ἀσσυρίων.
3351 1949 3427 2001 Οὐ
3478 1948 3592 2019 γὰρ
3660 1947 3735 2012 ὡς

2146 2045 2400 2116 βούλεσθε
2435 2044 2747 2116 ἐξηγεῖσθαι
2784 2043 3270 2116 συγχωρηθήσεται
3305 2044 3453 2113 ὑμῖν,
3477 2044 3560 2095 ὅτι
3584 2043 3738 2107 Ἐζε-

2140 2140 2266 2202 κίας
2308 2139 2615 2209 ἐπολέμησε
2663 2141 2777 2202 τοῖς
2828 2140 2884 2191 ὲν
2919 2136 3193 2209 Δαμασκῷ
3245 2139 3278 2207 ἢ
3336 2140 3393 2190 ὲν
3439 2137 3733 2207 Σαμαρείᾳ

2126 2230 2320 2287 ἔναντι
2375 2230 2637 2301 βασιλέως
2690 2231 3014 2302 Ἀσσυρίων.
3058 2249 3075 2281 ι
3120 2230 3254 2302 Πρὶν
3303 2230 3336 2299 ἦ
3392 2228 3501 2299 γὰρ
3526 2228 3737 2297 γνῶναι

2138 2324 2199 2376 τὸ
2244 2323 2455 2376 παιδίον
2489 2323 2674 2376 καλεῖν
2718 2322 2933 2393 πατέρα
2965 2322 2999 2393 ἢ
3039 2323 3249 2393 μητέρα
3274 2362 3289 2384 ,
3331 2323 3358 2374 ὁ
3394 2323 3736 2392 προφητικὸς

2139 2416 2297 2484 λόγος
2340 2415 2466 2487 ἔφη,
2521 2414 2748 2486 λήψεται
2799 2414 3028 2485 δύναμιν
3080 2412 3371 2484 Δαμασκοῦ
3425 2416 3522 2467 καὶ
3556 2414 3738 2467 σκῦλα

2138 2508 2451 2579 Σαμαρείας
2484 2507 2665 2560 ἔναντι
2700 2505 2963 2576 βασιλέως
2988 2506 3307 2578 Ἀσσυρίων.
3354 2524 3371 2556 ι
3411 2507 3473 2559 Ei
3506 2504 3625 2576 γὰρ
3661 2507 3739 2577 μὴ

2142 2598 2279 2670 μετὰ
2315 2598 2632 2670 προσθήκης
2664 2598 2837 2651 ταῦτα
2864 2594 2985 2650 εἶπε
3017 2599 3079 2651 τὸ
3113 2598 3448 2669 προφητικὸν
3478 2598 3733 2670 Πνεῦμα’

2146 2712 2163 2744 ί
2205 2694 2342 2763 Πρὶν
2375 2692 2408 2763 ἦ
2444 2690 2647 2760 γνῶναι
2679 2690 2741 2743 τὸ
2776 2690 2983 2744 παιδίον
3034 2690 3216 2743 καλεῖν
3251 2690 3464 2761 πατέρα
3497 2690 3530 2761 ἢ
3574 2691 3739 2761 mea.

2140 2802 2231 2857 ρα,
2266 2784 2495 2855 λήψεται
2545 2783 2771 2854 δύναμιν
2821 2782 3111 2853 Δαμασκοῦ
3169 2783 3263 2835 καὶ
3321 2782 3493 2835 σκῦλα
3544 2784 3740 2854 Σαμα-

2143 2879 2315 2948 ρείαςο
2356 2895 2373 2927 ι
2404 2876 2539 2928 ἀλλὰ
2576 2876 2734 2946 μόνον
2768 2876 3001 2945 εἰρήκειο
3045 2894 3061 2924 ι
3098 2875 3208 2926 Καὶ
3233 2874 3442 2940 τέξεται
3476 2874 3618 2938 υἱὸν,
3643 2876 3742 2928 καὶ

2138 2970 2367 3041 λήψεται
2392 2969 2619 3039 δύναμιν
2652 2966 2942 3037 Δαμασκοῦ
2971 2967 3063 3020 καὶ
3109 2966 3281 3019 σκῦλα
3329 2967 3679 3036 Σαμαρείας,
3715 2987 3734 3016 ι

2140 3061 2397 3115 ἐδύνασθε
2428 3060 2625 3129 λέγειν’
2670 3058 2887 3131 Ἐπειδὴ
2924 3059 3328 3131 προεγίνωσκεν
3361 3061 3390 3111 ὁ
3422 3060 3558 3122 Θεὸς
3612 3061 3738 3131 μὲλ-

2139 3153 2253 3206 λειν
2280 3152 2445 3205 αὑτὸν
2478 3151 2743 3223 λήψεσθαι
2789 3150 2982 3213 ταῦτα,
3020 3154 3362 3222 προειρήκει.
3400 3151 3514 3203 Νῦν
3547 3152 3611 3203 δὲ
3650 3170 3741 3221 μεο

2145 3244 2213 3297 τὰ
2246 3245 2347 3315 τῆς
2375 3244 2696 3315 προσθήκης
2730 3243 2932 3314 ταύτης
2960 3242 3068 3313 (75)
3096 3243 3315 3313 εἴρηκεν
3340 3246 3372 3314 ἡ
3398 3245 3733 3314 προφητεία·

2150 3355 2167 3387 ι
2204 3336 2340 3407 Πρὶν
2381 3336 2414 3406 ἢ
2458 3334 2659 3402 γνῶναι
2693 3333 2754 3387 τὸ
2785 3334 2995 3388 παιδίον
3030 3335 3211 3388 καλεῖν
3245 3334 3457 3405 πατέρα
3498 3334 3531 3404 ἦ
3568 3334 3743 3404 μητέ-

2147 3444 2247 3498 ρα,
2300 3426 2525 3497 λήψεται
2577 3426 2805 3496 δύναμιν
2855 3425 3148 3496 Δαμασκοῦ
3202 3428 3293 3481 καὶ
3347 3427 3517 3481 σκῦλα
3554 3429 3746 3498 Σαμα-

2150 3734 2302 3806 apud
2323 3730 2596 3806 Justinum
2633 3749 2696 3806 ex
2732 3744 2886 3791 utero
2913 3745 3041 3789 ante
3076 3734 3247 3789 solem
3280 3744 3333 3789 et
3355 3734 3540 3789 lunam
3575 3736 3741 3806 geni-

2150 3816 2234 3857 tus
2256 3804 2360 3856 dici
2396 3806 2633 3858 videtur.
2659 3805 2912 3867 Legimus
2942 3808 2994 3859 in
3027 3808 3216 3859 eadem
3257 3807 3528 3859 catecliesi
3571 3804 3633 3861 ii.
3676 3808 3737 3867 4,

2150 3875 2261 3926 lucc
2309 3874 2471 3926 verba
2511 3874 2806 3947 :_Xptcr'c?>g
2840 3876 3175 3947 καλεῖταινοὺ
3220 3878 3407 3946 χερσὶν
3450 3876 3739 3947 ἀνθρωπί-

2144 3960 2261 4017 ναις
2294 3945 2670 4017 κεχρισμέᾼνος,
2720 3946 2834 3999 ἀλλ’
2876 3947 2980 4001 ὑπὸ
3019 3946 3111 4017 τοῦ
3158 3945 3370 4017 Πατρὸς
3412 3945 3605 4017 ἀϊδίοις
3654 3948 3739 4009 είς

2142 4013 2241 4095 τὴν
2292 4013 2432 4095 ὑπὲρ
2479 4015 2764 4085 ἄνθρωπον
2810 4016 3225 4095 ἀρχιερωσύνην.
3274 4013 3533 4095 χρισθείς.
3600 4017 3740 4071 Illud

2146 4084 2285 4155 ὑπὲρ
2317 4084 2603 4155 ἄνθρωπον
2638 4102 2743 4140 uno
2775 4084 2981 4141 codice,
3001 4104 3102 4140 IIIS.
3130 4084 3345 4141 nititur.
3370 4087 3589 4153 Melius,
3614 4104 3741 4141 inca

2145 4155 2697 4229 quidemsi-utentia,
2737 4159 2788 4209 in
2824 4158 2943 4211 aliis
2974 4157 3120 4229 ὑπὲρ
3151 4156 3477 4229 ἀνθρώπῳν.

2244 4223 2333 4295 71)
2370 4225 2628 4292 Χριστὸν
2665 4225 2827 4279 ὄντα.
2872 4223 3117 4295 Πεειιιοιὶ
3154 4230 3220 4280 ad
3259 4223 3405 4280 'illud
3445 4228 3685 4282 Davidis
3721 4247 3736 4281 :

2150 4313 2168 4346 ι
2208 4297 2377 4348 Unxit
2406 4306 2457 4350 te
2486 4297 2651 4361 Deus,
2696 4298 2840 4352 Deus
2880 4308 3033 4360 tuus;
3081 4315 3100 4350 ι
3154 4298 3478 4360 videturque
3510 4298 3737 4352 Christi

2146 4365 2587 4436 appellationem,
2617 4376 2675 4419 ut
2704 4368 2754 4419 in
2783 4369 2939 4436 Apol.
2971 4384 3031 4429 ιι,
3064 4384 3121 4421 ιι.
3152 4368 3185 4420 6
3212 4406 3229 4430 ,
3269 4368 3391 4419 inde
3422 4367 3736 4431 deducere,

2146 4435 2289 4507 quod
2325 4438 2575 4490 Christus
2611 4438 2683 4489 sit
2716 4435 2973 4503 splendor
3010 4448 3251 4507 paternae
3287 4437 3475 4504 gloria:
3500 4447 3558 4490 et
3584 4439 3742 4493 Deus

2145 4506 2212 4558 de
2246 4504 2378 4559 Deo.
2434 4507 2548 4560 Vid.
2599 4504 3023 4562 adnotationein'
3050 4511 3116 4560 ad
3171 4507 3320 4560 illum
3358 4507 3516 4576 Apol.
3567 4524 3602 4561 ιι
3650 4509 3740 4563 lo-

2218 4644 2330 4714 (72)
2354 4645 2550 4699 Omisit
2585 4644 2842 4701 Maranus
2869 4661 3083 4701 errore.
3117 4644 3293 4701 Οττο.

2216 4715 2328 4785 (75)
2354 4715 2757 4787 Προεϐἁλλου.
2796 4717 3023 4770 Frustra
3058 4718 3141 4770 ltic
3168 4716 3495 4787 Sybmrgiys
3533 4718 3745 4771 obtru~

2146 4780 2233 4840 dit
2270 4780 2590 4857 προεϐάλου.
2638 4786 2769 4857 Illud
2822 4797 3036 4848 autem,
3087 4787 3177 4839 τὸν
3209 4780 3489 4854 ’λόγον’ὧν
3528 4787 3744 4843 πολλά-

2144 4873 2252 4919 κις,
2287 4856 2418 4920 ειεη
2456 4859 2522 4910 de
2559 4858 2678 4910 loco
2716 4856 3041 4925 Scripturze,
3098 4877 3116 4909 (
3152 4857 3290 4910 Ecce
3340 4858 3504 4925 Virgo
3537 4874 3743 4912 conci-

2187 4930 2278 4999 iet,
2311 4927 2536 4999 iaceipi
2563 4928 2743 4982 debet.
2776 4925 3025 4982 Postulat
3055 4928 3200 4981 enim
3233 4927 3463 4999 Trypho
3478 4936 3539 4979 ut
3581 4931 3744 4982 hunc

2175 4997 2299 5064 όγον
2327 4998 2391 5050 de
2420 4999 2637 5051 Christo
2664 4999 2868 5051 dictum
2896 5013 3016 5051 esse
3045 4996 3402 5051 demonstret.
3432 4996 3622 5063 Quare
3656 5001 3741 5049 lc-

2144 5069 2372 5135 gendum
2400 5067 2555 5133 λόγον
2583 5066 2641 5119 ὃν
2672 5067 2948 5131 πολλάκις.

2217 5136 2330 5207 (74)
2359 5136 2595 5191 Εὶδέναι
2614 5138 2934 5206 βούλομαι.
2964 5135 3145 5207 Mallet
3170 5135 3498 5207 Sylburgius
3522 5136 3745 5190 εἰδέναι

2143 5223 2204 5257 σε
2228 5204 2522 5278 βούλομαι,
2561 5219 2618 5261 ιιι
2643 5204 2885 5279 supra—ti.
2918 5210 2986 5263 59
3020 5219 3073 5261 et
3103 5204 3189 5261 7|.
3214 5204 3339 5261 Sed
3369 5204 3486 5261 [tare
3527 5210 3743 5262 vucula

2142 5278 2303 5331 facile
2335 5280 2638 5347 suppletur.

2215 5348 2328 5417 (75)
2355 5344 2516 5402 Μετὰ
2540 5348 2647 5417 τῆς
2680 5347 3028 5416 προσθήκης
3060 5347 3300 5415 ταύτης.
3346 5344 3746 5417 iQuodHJnsti-

2144 5415 2246 5472 nus
2300 5415 2815 5489 subintellig'end’um
2873 5419 3170 5487 relinquit,
3232 5418 3289 5489 id
3344 5415 3747 5489 Tertulliani-5

2141 5489 2264 5541 adv.
2292 5488 2511 5543 Judtvos
2545 5486 2664 5557 cap.
2696 5492 2751 5553 9,
2782 5500 2836 5543 et
2860 5490 2951 5541 lib.
2979 5486 3044 5542 iii
3072 5488 3191 5541 adv.
3224 5486 3577 5547 Marcionem,
3600 5502 3741 5554 cap.

2145 5559 2235 5624 15,
2269 5560 2492 5613 uberius
2521 5561 2892 5628 prosequitur,
2937 5573 3000 5612 ac
3036 5559 3397 5628 demonstrat,
3433 5574 3453 5607 ι
3497 5558 3541 5609 si
3587 5572 3747 5611 nuu-

2143 5644 2306 5696 quam
2341 5629 2444 5683 hoc
2478 5626 2674 5682 natura
2699 5626 2967 5691 concedit,
3007 5640 3136 5682 ante
3176 5626 3415 5681 militare
3442 5640 3616 5693 quam
3656 5630 3745 5679 vi-

2145 5712 2293 5764 vere,
2322 5709 2450 5753 ante
2482 5702 2739 5753 virtutem
2776 5699 3024 5752 Damasci
3058 5712 3313 5763 sumere,
3351 5712 3516 5765 quam
3545 5700 3744 5764 patris

2144 5780 2200 5823 et
2230 5771 2425 5824 matris
2458 5770 2776 5823 vocabulum
2823 5782 3013 5833 nosse,
3052 5768 3334 5837 consequi,
3389 5776 3448 5821 ut
3485 5766 3745 5836 ﬁgurata

2143 5842 2516 5911 pronuntiatio
2541 5842 2811 5896 videatur.
2840 5859 2859 5892 ι
