3962 6262
217 385 309 443 687
1262 391 1612 452 DIALOGUS
1642 393 1788 452 CUM
1823 396 2198 454 TRYPHONE
2228 397 2492 456 JUDEO.
3412 401 3516 456 658

226 499 374 574 βω.
417 517 436 550 ι
475 499 592 553 Καὶ
613 482 818 555 οὐδενὶ
847 503 978 558 τῶν
1015 506 1076 558 ἐν
1113 505 1377 569 Ἰουδαίοις
1409 507 1542 560 ποτὲ
1574 507 1834 579 συμϐεϐη-

1947 510 2105 578 dem,
2145 513 2234 566 cui
2271 513 2323 566 id
2363 527 2600 583 unquam
2633 515 2776 584 apud
2812 513 3030 571 Iudaeos
3067 516 3382 588 contigerit.
3418 517 3516 571 de-

228 595 362 648 ιὲναι
391 593 554 646 τοῦτο
589 595 910 662 ἀποδεῖξαι
948 598 1130 670 ἔχετε.
1184 599 1368 670 Ἡμεῖς
1412 599 1468 654 δέ
1493 599 1687 672 ἔχομεν
1711 602 1834 656 ἀπο-

1947 613 2254 660 moustrare
2293 606 2564 662 neminem
2607 608 2867 676 potestis;
2905 624 3002 663 nos
3037 618 3219 664 autem
3258 610 3310 663 in
3344 608 3514 665 Chri-

232 689 384 754 δεῖξαι
407 686 565 741 τοῦτο
599 689 935 761 γενόμενον
970 695 1034 746 ἐν
1058 692 1136 764 τῷ
1156 693 1404 764 ἡμετέρῳ
1427 693 1664 766 Χριστῷ.
1697 694 1844 767 Ἀμα

239 782 338 854 γὰρ
474 782 832 854 γεννηθῆναι
870 784 1069 849 αὐτὸν,
1107 785 1285 856 μάγοι,
1320 785 1430 838 ἀπὺ
1462 785 1718 856 Ἀραϐίας
1748 805 1846 841 πα-

251 876 606 947 ραγενόμενα,
642 877 1088 949 προσεκύνησαν
1121 877 1287 949 αὐτῷ,
1316 879 1578 951 πρότερον
1599 879 1844 944 ἐλθόντες

249 969 370 1041 πρὸς
403 966 656 1040 Ἡρώδην
681 1007 701 1034 ,
736 968 839 1022 τὸν
865 970 928 1023 ἐν
960 972 1030 1041 τῇ
1063 973 1134 1042 γῇ
1167 970 1319 1042 ὑμῶν
1361 970 1484 1024 τότε
1536 970 1843 1041 βασιλεύον-

248 1080 336 1116 τα·
369 1061 428 1115 δν
472 1063 502 1114 ὁ
535 1061 705 1131 λόγος
755 1063 924 1118 καλεῖ
971 1062 1195 1134 βασιλέα
1243 1062 1584 1134 Ἀσσυρίων,
1625 1063 1712 1118 διὰ
1745 1063 1843 1135 τὴν

243 1154 390 1208 ἄθεον
438 1155 538 1207 καὶ
583 1154 798 1225 ἄνομον
843 1155 1012 1209 αὑτοῦ
1065 1154 1309 1227 γνώμην.
1366 1156 1691 1210 Ἐπίστασθε
1731 1156 1842 1228 γὰρ

245 1246 477 1310 τοιαῦτα,
515 1246 685 1318 ἔφην,
723 1249 785 1300 ἐν
820 1247 1158 1320 παραϐολαῖς
1190 1249 1282 1302 καὶ
1317 1247 1610 1318 ὁμοιώσεσι
1643 1249 1841 1304 πολλά-

243 1353 322 1399 zz;
350 1336 546 1389 λαλοῦν
579 1336 644 1389 τδ
681 1338 841 1405 ἆγιον
874 1338 1117 1410 Πνεῦμα·
1152 1333 1263 1392 οἷον
1290 1339 1558 1410 πεποίηκε
1584 1341 1678 1394 καὶ
1703 1341 1839 1413 πρὸς

245 1431 324 1482 τὸν
353 1431 488 1485 λαὸν
537 1431 770 1486 ἅπαντα
801 1432 896 1486 τὸν
923 1435 979 1485 ἐν
1011 1432 1424 1506 Ἱεροσολύμοις,
1461 1433 1718 1499 πολλάκις
1745 1436 1841 1506 φῆ-

247 1540 336 1575 ora
368 1525 512 1594 πρὸς
556 1525 786 1590 αὐτούς·
831 1543 850 1577 ι
892 1527 948 1579 '0
994 1527 1174 1598 πατὴρ
1218 1543 1312 1579 σου
1345 1528 1672 1599 Ἀμορραῖος
1705 1527 1835 1599 (76),

246 1617 329 1668 καὶ
361 1617 396 1685 η
427 1618 620 1688 μήτηρ
657 1635 755 1671 σου
782 1618 1043 1671 Χετταία.
1077 1637 1094 1668 ι

309 1707 391 1760 78.
431 1709 548 1762 Καὶ.
583 1708 700 1779 γὰρ
731 1702 889 1772 οὗτος
920 1711 948 1762 ὁ
984 1709 1231 1779 βασιλεὺς
1265 1711 1375 1783 (77)
1418 1711 1691 1784 Ἡρώδης,
1730 1731 1832 1784 μα-

242 1799 346 1851 θὼν
379 1800 533 1872 παρά
584 1801 700 1855 τῶν
747 1802 1135 1873 πρεσϐυτέρων
1179 1802 1272 1856 τού
1318 1803 1446 1857 λαοῦ
1493 1803 1680 1875 ὑμῶν,
1713 1805 1835 1858 τότε

243 1894 499 1948 ἐλθόντων
538 1898 684 1967 πρὸς
720 1897 882 1951 αὐτὸν
915 1897 1022 1950 τῶν
1056 1898 1160 1951 ἀπὸ
1194 1899 1457 1970 Ἀραϐίας
1485 1902 1703 1972 μάγων,
1740 1903 1836 1956 καὶ

245 1990 534 2054 εἰπόντων,
584 1990 645 2057 ἐξ
698 1990 930 2062 ἀστέρος
975 1991 1070 2044 τοῦ
1105 1993 1162 2044 ἐν
1194 1991 1271 2062 τῷ
1317 1993 1530 2066 οὐρανῷ
1578 1995 1837 2064 φανέντος

247 2081 534 2146 ἐγνωκέναι
571 2082 658 2133 δτι
696 2082 948 2151 βασιλεὺς
975 2084 1264 2154 γεγένηται
1297 2086 1355 2137 ἐν
1388 2087 1452 2155 τῇ
1487 2081 1832 2156 χώρᾳύμῶν,

246 2173 330 2223 καὶ
361 2170 604 2242 ἤλθομεν
640 2175 1018 2245 προσκυνῆσαι
1053 2176 1212 2229 αὐτόν
1236 2177 1368 2248 (78)·
1389 2179 1484 2232 καὶ
1515 2179 1574 2232 ἐν
1590 2179 1836 2252 Βηθλεέμ

243 2264 342 2314 τῶν
389 2266 790 2337 πρεσϐυτέρων
840 2269 1137 2333 εἰπόντων,
1185 2270 1266 2323 δτι
1312 2271 1620 2342 γέγραπται
1655 2275 1712 2326 ἐν
1757 2273 1836 2344 τῷ

244 2359 493 2431 πφςήτῃ
539 2358 755 2422 οὕτως·
801 2379 819 2410 ι
861 2362 970 2413 Καὶ
1005 2363 1092 2425 σὺ,
1127 2363 1372 2434 Βηθλεέμ
1405 2364 1476 2433 γῆ
1513 2364 1703 2431 Ἰούδα,
1738 2367 1834 2418 οὐ·

239 2449 417 2518 δαμῶς
452 2451 724 2522 ἐλαχίστη
759 2448 813 2505 εἴ
843 2455 901 2506 ἐν
933 2455 1046 2516 τοῖς
1079 2455 1339 2524 ἡγεμόσιν
1387 2457 1588 2510 Ἰούδα·
1628 2461 1693 2511 ἐκ
1737 2459 1834 2512 σοῦ

238 2542 339 2612 γὰρ
373 2543 723 2607 ἐξελεύσεται
757 2544 1080 2616 ἡγούμενος,
1113 2547 1262 2612 ὅστις
1296 2551 1551 2619 ποιμανεῖ
1589 2549 1680 2603 τὸν
1709 2550 1836 2604 λαόν

243 2651 353 2700 μου.
398 2653 416 2684 ι
455 2634 586 2686 Τῶν
621 2635 736 2687 ἀπὸ
782 2635 1039 2703 Ἀραϐίας
1073 2632 1166 2690 οὖν
1201 2638 1394 2708 μάγων
1443 2639 1707 2694 ἐλθόντων
1754 2642 1834 2706 είς

239 2725 498 2796 Βηθλεέμ,
539 2727 637 2779 καὶ
674 2728 1172 2799 προσκυνησάντων
1204 2729 1262 2782 τὸ
1285 2729 1520 2793 παιδίον,
1543 2732 1639 2784 καὶ
1666 2750 1834 2804 προσ-

239 2819 577 2884 ενεγκεῖντων
666 2815 818 2887 αὑτῷ
859 2817 1028 2889 δῶρα,
1076 2818 1294 2890 χρυσὸν,
1343 2821 1437 2874 καὶ
1483 2822 1696 2880 λίϐανον
1742 2825 1834 2878 καὶ

239 2907 500 2978 σμύρναν,
540 2909 734 2980 ἐπειδὴ
773 2910 912 2962 κατὰ
943 2911 1281 2981 ἀποκάλυψιν
1318 2913 1455 2984 μετά
1498 2913 1559 2966 τὸ
1591 2932 1832 2985 προσκυ-

236 3001 386 3069 νῆσαι
407 3001 498 3052 τὸν
534 3002 707 3054 παῖδα
746 3004 804 3054 ἐν
835 3001 1039 3072 Βηθλεέ
1048 3022 1086 3073 μ
1102 3005 1498 3076 ἐκελεύσθησαν
1516 3007 1591 3079 μὴ
1612 3007 1835 3062 ἐπανελ-

238 3092 342 3143 θεῖν
373 3094 512 3164 πρὸς
545 3095 640 3147 τὸν
669 3093 917 3166 Ἡρώδην
936 3111 949 3124 ·
983 3097 1077 3149 καὶ
1126 3097 1321 3169 Ἰωσὴφ
1348 3099 1405 3153 δέ
1432 3100 1461 3152 ὁ
1487 3099 1586 3174 τὴν
1617 3101 1834 3179 Μαρίαν

1941 705 2029 749 διο
2060 705 2245 752 nostro
2273 697 2479 752 factum
2534 699 2910 754 demonstrare
2957 716 3265 770 possumus.
3312 701 3511 757 Statim

1942 787 2087 841 enim
2113 797 2281 858 atque
2306 799 2466 845 natus
2487 799 2595 857 est,
2627 792 2767 862 magi
2794 807 2860 846 ex
2893 793 3096 846 Arabia
3135 791 3362 862 profecti
3385 806 3520 864 eum

1943 880 2332 946 adoraverunt,
2385 897 2508 938 cum
2558 883 2707 952 prius
2753 898 2812 938 se
2851 885 2918 938 ad
2968 882 3235 940 Herodem
3273 885 3326 938 iu
3363 892 3512 940 terra

1943 981 2125 1026 vestra
2155 981 2285 1028 tunc
2321 985 2640 1045 regnantem
2678 976 3070 1044 contulissent;
3108 992 3268 1046 quem
3294 977 3514 1046 quidem

1943 1062 2225 1133 Scriptura
2262 1081 2445 1137 regem
2488 1067 2846 1139 Assyriorum
2885 1078 3046 1124 vocat
3093 1069 3164 1124 ob
3199 1068 3425 1138 impium
3456 1077 3512 1124 et

1941 1155 2246 1224 improbum
2281 1158 2400 1226 ejus
2433 1160 2700 1216 animum.
2739 1158 2905 1215 Scitis
2931 1161 3078 1215 enim
3111 1173 3254 1231 saepe
3277 1177 3306 1214 a
3340 1159 3515 1230 Spiri-

1944 1257 1998 1301 tu
2022 1261 2210 1305 sancto
2236 1266 2324 1306 res
2350 1251 2616 1322 ejusmodi
2648 1253 2704 1307 in
2731 1253 3012 1324 parabolis
3043 1263 3100 1308 et
3141 1252 3517 1308 similitudini-

1940 1341 2041 1395 bus
2079 1341 2223 1407 dici;
2275 1343 2439 1413 quale
2479 1353 2566 1399 est
2593 1345 2737 1415 quod
2769 1355 2825 1400 et
2860 1346 2914 1400 in
2951 1361 3167 1400 omnem
3201 1346 3512 1418 Hierosoly-

1942 1450 2148 1488 morum
2178 1435 2435 1503 populum
2479 1438 2795 1506 usurpavit,
2829 1453 2971 1507 saepe
3008 1437 3129 1492 illos
3166 1438 3238 1491 ita
3271 1438 3512 1507 compel-

1939 1523 2095 1578 lans:
2130 1545 2149 1578 ι
2185 1525 2347 1581 Pater
2379 1537 2503 1582 tuus
2528 1527 2886 1584 Amorrbaeus
2925 1538 2980 1584 et
3017 1539 3190 1586 mater
3226 1540 3314 1584 tua
3353 1529 3516 1586 Cbet-

1940 1626 2040 1671 tzea
2065 1617 2127 1670 ”.
2155 1637 2174 1670 ι

2011 1711 2098 1767 78.
2125 1711 2322 1766 Probat
2352 1713 2489 1768 hanc
2513 1715 2841 1784 prophetiam
2870 1713 2969 1769 soli
2996 1711 3210 1769 Christo
3254 1728 3514 1784 congrue-

1939 1823 1993 1860 re
2023 1819 2089 1860 επ
2111 1805 2194 1859 his
2217 1821 2335 1874 qua:
2368 1806 2432 1859 de
2463 1806 2631 1876 magis
2661 1811 2856 1876 scripta
2879 1816 3026 1860 sunt.
3070 1835 3140 1845 —
3169 1802 3304 1858 Nam
3341 1803 3511 1858 "ero-

1937 1901 2032 1955 dcs
2059 1901 2148 1955 ille
2177 1915 2298 1966 rex,
2328 1915 2452 1954 cum
2483 1900 2551 1954 ad
2577 1915 2700 1954 eum
2729 1909 2860 1954 tunc
2885 1899 3028 1970 magi
3069 1914 3137 1953 ex
3179 1897 3381 1954 Arabia
3415 1911 3510 1951 ve-

1939 1996 2149 2048 nissent
2187 2009 2252 2048 ac
2296 1992 2586 2048 dicerent:
2622 1990 2700 2045 Ex
2743 1991 2900 2047 stella
2930 2006 3052 2062 qua:
3082 1991 3135 2044 in
3179 1989 3321 2048 cmlo
3352 2003 3512 2059 appa-

1939 2086 2068 2150 ruit,
2096 2085 2452 2156 cognovimus
2478 2093 2667 2137 uatum
2697 2097 2819 2138 esse
2843 2097 3032 2154 regem
3057 2084 3110 2136 in
3141 2091 3286 2137 terra
3305 2093 3507 2146 vestra,

1938 2193 2172 2246 eumque
2206 2179 2492 2232 adoratum
2519 2177 2802 2243 venimus;
2831 2177 3056 2231 edoctus
3087 2185 3172 2230 est
3217 2190 3248 2228 a
3277 2173 3497 2228 seniori-

1936 2271 2039 2326 bus
2068 2271 2250 2340 populi
2280 2270 2602 2339 vestri,qui.
2636 2271 2687 2324 in
2719 2270 2856 2324 urbe
2881 2268 3188 2332 Bethleem,
3219 2265 3512 2336 responde-

1937 2373 2087 2427 runt,
2105 2379 2172 2419 eo
2198 2366 2342 2433 quod
2377 2364 2451 2418 ita
2471 2363 2731 2432 scriptum
2749 2363 2866 2418 sita
2886 2363 3144 2432 propheta
3175 2378 3190 2415 :
3215 2360 3378 2430 175
3411 2359 3512 2413 «Ει

1938 2463 2016 2522 ιιι,
2051 2455 2326 2511 Bethleem
2352 2464 2497 2510 terra
2537 2453 2698 2521 Juda,
2729 2469 3073 2524 nequaquam
3106 2454 3330 2508 minima
3364 2466 3425 2507 es
3455 2451 3510 2505 in

1934 2548 2271 2618 principibus
2294 2547 2454 2602 Juda.
2479 2546 2559 2601 Ex
2588 2557 2638 2602 te
2658 2547 2802 2601 enim
2832 2547 3002 2600 exibit
3031 2546 3166 2610 dux,
3197 2544 3291 2613 qui
3320 2553 3512 2614 pascet

1936 2642 2191 2712 populum
2218 2658 2396 2696 meum
2418 2643 2482 2698 ".
2519 2659 2537 2693 ι
2567 2641 2645 2696 Illi
2669 2641 2835 2709 igitur
2863 2656 2928 2696 ex
2951 2639 3153 2695 Arabia
3183 2638 3350 2709 magi,
3385 2651 3510 2691 cum

1935 2733 2212 2791 Bethleem
2240 2735 2543 2798 venissent,
2578 2738 2657 2788 'ac
2704 2745 2931 2803 puerum
2963 2732 3312 2791 adorassent,
3348 2728 3510 2798 eique

1938 2843 2186 2893 munera,
2220 2842 2441 2891 aurum,
2487 2826 2614 2881 thus
2640 2834 2696 2878 et
2729 2826 3010 2896 myrrham
3042 2822 3396 2886 obtulissent,
3425 2819 3510 2873 dt-

1935 2917 2140 2971 vinitus
2176 2917 2443 2972 admoniti
2477 2925 2632 2981 sunt,
2661 2917 2891 2969 adorato
2921 2914 3198 2970 Bethleem
3221 2925 3411 2983 puero,
3443 2925 3511 2963 ne

1937 3007 2003 3061 ad
2053 3006 2322 3062 Herodem
2371 3006 2634 3063 redirent.
2683 3005 2762 3060 Ac
2801 3003 3006 3072 Ioseph
3058 3003 3277 3073 quidem
3325 2997 3504 3054 Mariae

1936 3114 2193 3168 sponsus,
2226 3113 2350 3155 eum
2391 3100 2547 3168 prius
2593 3098 2757 3154 vellet
2786 3112 3044 3166 sponsam
3094 3110 3250 3150 suam
3279 3093 3504 3163 ejicere,

241 3186 725 3254 μεμνηπευμένος
746 3225 762 3249 ,
813 3185 1091 3256 βουληθεὶς
1141 3189 1404 3261 πρότερον
1461 3190 1708 3246 ἐκϐαλεῖν
1739 3194 1834 3265 τὴν

1942 3193 2238 3248 arbitratus
2274 3205 2340 3258 ex
2370 3190 2479 3244 viri
2527 3189 2948 3251 consuetudine,
2994 3189 3048 3243 id
3080 3197 3166 3244 est
3204 3202 3275 3242 ex
3318 3195 3510 3254 stupro

241 3275 476 3347 μνηστὴν
513 3273 683 3344 αὐτῷ,
716 3275 985 3346 Μαριὰμ,
1031 3276 1267 3346 νομίζων
1305 3279 1628 3350 ἐγκυμονεῖν
1664 3279 1836 3351 αὐτὴν

237 3369 337 3420 ἀπὸ
407 3367 702 3432 συνουσίας
736 3368 952 3440 ἀνδρὸς,
987 3369 1266 3438 τουτέστιν
1296 3371 1404 3425 ἀπὸ
1451 3372 1706 3445 πορνείας
1726 3413 1740 3437 ,
1769 3374 1836 3428 δι’

237 3462 506 3530 δράματος
541 3461 880 3515 κεκέλευστο
927 3462 1001 3532 μὴ
1050 3463 1301 3516 ἐκϐαλεῖν
1347 3464 1445 3537 τὴν
1475 3468 1710 3534 γυναῖκα
1742 3469 1840 3522 αύ-

237 3552 343 3614 τοῦ,
388 3554 650 3616 εἰπόντος
704 3551 856 3622 αὐτῷ
900 3551 996 3606 τοῦ
1044 3555 1304 3623 φανέντος
1342 3557 1596 3626 ἀγγέλου,
1644 3561 1724 3614 ὄτι
1773 3563 1838 3615 ἐκ

237 3645 547 3716 Πνεύματος
583 3646 748 3713 ἁγίου
781 3646 809 3699 δ
842 3646 954 3717 ἔχει
988 3648 1130 3702 κατά
1153 3651 1390 3723 γαστρός
1412 3655 1547 3706 ἐστι.
1576 3652 1837 3724 Φοϐηθεὶς

237 3733 343 3799 οὖν,
379 3740 481 3791 οὐκ
517 3738 865 3808 ἐκϐέϐληκεν
899 3739 1275 3812 αύτὴν,ἀλλά,
1311 3743 1639 3816 ἀπογραφῆς
1672 3745 1836 3818 οὔσης

238 3833 292 3883 ἐν
320 3834 382 3901 τῇ
424 3831 666 3900 Ἰουδαίᾳ
693 3829 818 3883 τότε
855 3829 1078 3904 πρώτης
1114 3834 1206 3886 ἐπὶ
1239 3835 1537 3907 Κυρηνίου,
1573 3837 1836 3908 ἀνεληλύ-

236 3923 313 3976 θει
357 3924 466 3976 ἀπὸ
513 3923 800 3994 Ναζαρὲτ,
837 3922 966 3976 ἔνθα
997 3923 1129 3994 ᾤκει
1163 3927 1245 3990 είς
1279 3925 1544 3998 Βηθλεέμ,
1585 3930 1707 3983 ὅθεν
1745 3926 1835 4002 ἦν,

235 4013 699 4085 ἀπογρᾶυξασθαιο
740 4014 848 4068 ἀπὸ
891 4014 1001 4086 γὰρ
1045 4017 1144 4087 τῆς
1191 4019 1548 4091 κατοικούσης
1594 4021 1690 4092 τὴν
1735 4023 1839 4094 γῆν

238 4108 450 4179 ἐκείνην
498 4108 679 4177 φυλῆς
729 4105 898 4161 Ἰούδα
944 4107 1004 4160 τὸ
1050 4107 1206 4177 γένος
1249 4105 1338 4180 ἦν.
1380 4112 1490 4166 Καὶ
1523 4112 1683 4178 αὐτὸς
1722 4115 1841 4186 ἅμα

237 4200 298 4267 τῇ
339 4198 534 4269 Μαρίᾳ
584 4195 870 4250 κελεύεται
917 4197 1155 4263 ἐξελθεῖν
1199 4199 1278 4264 είς
1313 4201 1604 4270 Αἴγυπτον,
1641 4203 1734 4257 καὶ
1769 4197 1832 4258 εἷ·

235 4308 318 4344 ναι
367 4293 486 4343 ἐκεῖ
534 4291 656 4359 ἆμα
703 4288 782 4359 τῷ
828 4289 1059 4361 παιδίῳ,
1107 4290 1266 4362 ἄχρις
1322 4292 1388 4345 ἂν
1447 4294 1632 4358 αύτοῖς
1680 4297 1840 4352 πάλιν

233 4383 598 4451 ἀποκαλυφθῇ
637 4381 955 4434 ἐπανελθεῖν
987 4383 1067 4446 είς
1101 4383 1198 4454 τὴν
1231 4385 1509 4439 Ἰουδαίαν.
1548 4386 1841 4458 ΓεἩηθέν-

233 4491 319 4537 τος
353 4475 409 4527 δὲ
445 4475 569 4526 τότε
606 4470 701 4526 τοῦ
737 4472 948 4526 παιδίου
985 4475 1042 4526 ἐν
1077 4474 1356 4547 Βηθλεέμ,
1409 4478 1596 4550 ἐπειδὴ
1644 4481 1838 4553 Ἰωσὴφ

1943 3283 2222 3352 gravidam
2261 3297 2420 3347 esse;
2453 3281 2572 3336 viso
2603 3279 2707 3350 ipsi
2751 3279 2936 3332 oblato
2957 3279 3144 3348 jussus
3167 3285 3254 3331 est
3281 3289 3510 3328 uxorem

1939 3385 2097 3424 suam
2131 3385 2240 3425 non
2271 3371 2498 3440 ejicere,
2528 3378 2808 3424 asserente
2843 3367 3055 3438 angelo,
3079 3367 3172 3436 qui
3198 3365 3249 3420 ei
3274 3378 3508 3434 appare-

1939 3465 2051 3528 bat,
2086 3479 2153 3518 ex
2182 3463 2390 3530 Spiritu
2437 3471 2630 3516 sancto
2658 3475 2802 3524 esse,
2832 3461 2974 3529 quod
3004 3460 3094 3514 illa
3128 3459 3182 3513 in
3226 3469 3384 3512 utero
3413 3458 3509 3513 ha-

1941 3555 2119 3610 bebat.
2155 3554 2295 3608 Metu
2331 3554 2500 3622 igitur
2549 3552 2830 3621 perculsus
2873 3567 2995 3606 eam
3027 3567 3134 3626 nop
3179 3550 3358 3620 ejecit.
3399 3550 3510 3606 Sed

1939 3665 2062 3703 cum
2089 3663 2286 3702 census
2318 3647 2372 3700 in
2403 3644 2592 3700 Judaea
2641 3655 2755 3699 tum
2808 3645 3044 3715 primum
3080 3646 3381 3700 haberetur
3409 3641 3510 3698 sub

1939 3743 2212 3814 Cyrenio;
2247 3757 2314 3797 ex
2339 3741 2536 3811 oppido
2553 3739 2812 3808 Nazarct,
2872 3738 2926 3792 in
2953 3753 3062 3808 quo
3077 3739 3327 3808 degebat,
3346 3737 3510 3792 Beth-

1941 3836 2102 3902 leem,
2154 3836 2297 3890 unde
2363 3833 2629 3890 oriundus
2653 3840 2794 3897 erat,
2824 3830 3104 3902 profectus
3145 3839 3251 3897 est,
3275 3840 3337 3885 ut
3376 3842 3508 3884 cen-

1941 3937 2194 3991 seretur;
2226 3939 2351 3987 nam
2392 3940 2459 3980 ex
2489 3923 2630 3978 tribu
2665 3921 2806 3978 Juda
2839 3922 2981 3977 hanc
3005 3931 3211 3976 terram
3241 3921 3511 3976 incolente

1941 4034 2111 4090 genus
2142 4018 2398 4073 ducebat.
2429 4021 2508 4072 Ac
2539 4017 2653 4086 ipse
2703 4029 2808 4068 una
2838 4029 2962 4069 cum
3015 4014 3184 4069 Maria
3207 4015 3432 4084 jubetur
3457 4016 3510 4070 iu

1941 4110 2232 4180 {Egyptum
2268 4109 2576 4175 discedere,
2606 4108 2792 4178 ibique
2819 4123 2942 4161 cum
2969 4122 3136 4177 puero
3159 4107 3512 4174 commorari,

1942 4205 2113 4258 donec
2137 4200 2400 4256 divinitus
2437 4200 2864 4264 admoneantur,
2922 4208 2982 4253 ut
3032 4199 3087 4254 in
3134 4196 3375 4253 Iudaeam
3421 4213 3512 4253 re-

1943 4296 2125 4348 deant.
2151 4291 2289 4348 Nato
2318 4302 2498 4347 autem
2525 4291 2805 4348 Bethleem
2840 4305 3032 4362 puero,
3065 4307 3191 4346 cum
3219 4288 3422 4361 Ioseph
3456 4291 3509 4344 iu

1943 4386 2046 4440 hoc
2076 4386 2198 4441 vico
2221 4403 2326 4440 non
2372 4386 2604 4440 haberet
2629 4399 2739 4454 quo
2796 4385 3114 4440 diverteret.
3143 4386 3149 4392 ’
3178 4382 3232 4436 in
3288 4397 3512 4452 specqu

1946 4480 2234 4548 quemdam
2269 4479 2390 4534 vico
2440 4478 2750 4546 proximum
2802 4476 3098 4532 concessit.
3148 4476 3398 4546 Cumque
3439 4475 3512 4530 ibi

231 4565 328 4615 οὑκ
361 4560 509 4634 εἶχεν
547 4565 608 4615 ὲν
639 4564 708 4633 τῇ
743 4561 904 4633 κώμῃ
941 4563 1125 4636 ἐκείνῃ
1158 4565 1260 4616 ποῦ
1299 4548 1595 4622 καταλῦσαι
1617 4610 1632 4634 ,
1670 4572 1728 4624 ἐν

1942 4582 2144 4635 essent,
2177 4571 2386 4640 peperit
2416 4569 2696 4626 Christum
2720 4569 2915 4633 Maria,
2940 4585 3006 4624 ac
3032 4584 3157 4624 eum
3189 4567 3243 4623 in
3278 4570 3507 4639 przesepi

236 4653 488 4726 σπηλαίῳ
533 4655 646 4706 τινὶ
695 4653 963 4722 σύνεγγυς
1009 4655 1106 4726 τῆς
1139 4655 1331 4730 κώμης
1380 4658 1488 4732 (79)
1529 4662 1822 4717 κατέλυσεο

306 4811 346 4842 ’³
390 4810 604 4864 Ezech.
638 4809 825 4873 xvr,3.
908 4812 950 4842 ¹²
992 4809 1156 4866 Mich.
1195 4828 1248 4880 ν,
1276 4813 1330 4868 2.

306 4969 420 5028 (76)
461 4969 528 5020 ὐ
567 4966 771 5035 Πατήρ
807 4983 926 5020 σου
961 4969 1323 5037 Ἀμοῤῥαῖος.
1358 4969 1508 5023 Hunc
1532 4969 1729 5025 Justini
1751 4970 1832 5022 lo-

236 5056 356 5091 cum
389 5040 466 5092 ita
503 5039 763 5092 imitatur
793 5037 1164 5093 Tertullianus
1203 5043 1324 5095 adv.
1366 5039 1494 5093 Jud.
1529 5057 1649 5109 cap.
1687 5041 1742 5102 9,
1775 5049 1832 5092 ttt

235 5111 468 5162 Verbum
510 5110 686 5162 verbo
714 5110 990 5162 interdum
1025 5111 1251 5164 reddere
1276 5111 1556 5174 videatur;
1600 5121 1829 5178 excepto

237 5191 421 5232 tamen
446 5179 599 5246 quod
631 5195 817 5245 regem
856 5180 1205 5250 Assyriorum
1254 5197 1361 5235 non
1410 5181 1702 5250 Herodem,
1733 5183 1828 5234 sed

238 5250 519 5303 diabolum
567 5250 851 5316 intelligit.
898 5249 971 5303 At
1007 5251 1197 5304 eodem
1244 5252 1423 5315 modo,
1455 5267 1520 5304 ac
1557 5249 1826 5313 Justinus,

241 5321 646 5388 interpretatur
687 5320 954 5391 rlrenaeus.
1007 5321 1098 5389 qui
1137 5336 1320 5391 magos
1373 5340 1392 5372 ι
1437 5335 1542 5374 nou
1583 5321 1692 5387 jam
1730 5337 1826 5389 per

237 5391 597 5513 :ssyritirum
645 5390 789 5445 riam
823 5411 843 5443 ι
882 5405 1136 5446 reversos
1165 5390 1286 5446 esSe
1318 5391 1398 5445 ait
1441 5391 1535 5445 lib.
1573 5408 1661 5457 ιιι,
1700 5407 1822 5459 cap.

273 5465 414 5513 ιλιι.
481 5498 496 5511 .

240 5462 332 5522 lii.
358 5477 414 5512 n.
440 5462 496 5513 4.

312 5530 430 5601 (77)
458 5531 571 5586 Καὶ
606 5530 716 5600 γὰρ
747 5528 932 5597 οὗτος
967 5533 1001 5584 ό
1042 5531 1360 5595 βασιλεύς.
1403 5530 1483 5586 ΑΙ)
1525 5531 1619 5601 his
1647 5531 1827 5601 verbis

241 5599 419 5681 usque
455 5602 535 5681 ad
575 5599 699 5681 ista.
740 5604 862 5681 _Ka't
907 5603 937 5654 ὁ
998 5602 1242 5681 Ἡρώδης
1279 5601 1354 5681 μὴ
1399 5599 1822 5681 ἐπανελθόντων,

243 5674 619 5741 longissimam
665 5675 938 5728 habemus
983 5671 1392 5741 parenthesim,
1432 5687 1664 5738 eamque
1702 5671 1826 5724 aliis

243 5739 663 5809 νητὸηιιιοείὺυς
696 5739 1068 5811 implicatam.
1103 5739 1237 5795 Nam
1267 5751 1324 5794 ut
1351 5742 1544 5808 probet
1575 5741 1826 5796 Justinus

248 5815 580 5873 inmietalem
629 5817 864 5869 Herodis
907 5829 975 5865 ex
1025 5811 1259 5866 nefando
1304 5811 1451 5866 illius
1497 5814 1547 5864 in
1578 5811 1826 5864 ittfantes

251 5883 517 5952 (adnare,
544 5887 778 5958 plurima
812 5885 1034 5950 intexit,
1055 5897 1174 5953 qua:
1208 5883 1346 5938 hanc
1388 5882 1827 5940 crudelissimam

1933 4664 2132 4734 posuit,
2167 4665 2256 4717 ubi
2281 4678 2310 4716 a
2343 4663 2518 4733 magis
2547 4679 2616 4718 ex
2647 4662 2856 4718 Arabia
2881 4661 3229 4716 venientibus
3261 4673 3515 4730 repertus

1932 4979 2172 5035 stragem
2206 4981 2628 5037 prmcesserunt.

2005 5041 2116 5110 (78)
2152 5041 2585 5114 ῌροσκυνῆσαι
2617 5044 2824 5096 αὐτόν.
2852 5043 3074 5114 Legitur
3107 5042 3258 5114 αὐτῷ
3288 5044 3340 5096 in
3366 5053 3515 5096 utru-

1929 5126 2033 5178 que
2064 5112 2254 5182 codice
2283 5127 2384 5166 ms.
2416 5116 2482 5163 ad
2512 5114 2836 5182 marginem.
2869 5111 3075 5168 Ibidem
3117 5111 3304 5166 mouet
3329 5114 3514 5166 'l'ltirl-

1929 5181 2138 5252 biusut
2159 5181 2400 5252 legamus
2427 5181 2771 5252 γεγέννηται.

1998 5250 2109 5318 (79)
2150 5250 2454 5320 Συνεγγὺς
2487 5253 2595 5318 τῆς
2637 5250 2855 5321 κώμης.
2899 5253 3168 5308 Observat
3209 5253 3509 5306 Tillemon-

1934 5323 2040 5375 tius
2069 5330 2106 5372 t.
2138 5321 2152 5374 Ι
2191 5321 2242 5373 iu
2272 5321 2414 5374 Hist.
2440 5323 2648 5387 eccles.,
2682 5338 2804 5391 pag.
2835 5324 2962 5388 444,
2993 5323 3096 5377 hoc
3123 5323 3328 5378 Justini
3363 5324 3518 5376 testi.

1936 5392 2198 5462 monium,
2229 5402 2288 5445 ut
2320 5392 2554 5446 hominis
2590 5393 2642 5445 in
2677 5392 2959 5448 Palaestina
2996 5394 3132 5457 nati,
3185 5409 3290 5447 non
3321 5409 3514 5462 parum

1937 5462 2038 5514 hac
2068 5461 2121 5513 in
2158 5476 2215 5514 re
2244 5463 2498 5530 ponderis
2532 5463 2754 5517 habere.
2791 5463 2896 5516 Sed
2919 5462 3191 5518 Justinum
3219 5461 3518 5531 reprehen-

1935 5532 2009 5584 dit
2041 5531 2395 5586 Casaubonus
2421 5533 2648 5587 exeruit.
2680 5533 2735 5596 2,
2771 5535 2822 5586 in
2861 5533 3065 5587 Baron.
3099 5549 3248 5587 num.
3283 5534 3332 5594 1.
3368 5551 3432 5587 ac
3461 5534 3512 5586 ei

1935 5601 2161 5669 opponit
2214 5601 2530 5671 Origeuem,
2558 5605 2649 5669 qui
2708 5604 2802 5657 lib.
2841 5619 2858 5658 t
2891 5607 3009 5657 adv.
3063 5601 3274 5658 Cefsum
3325 5605 3518 5658 scribit

1935 5672 2250 5738 speluncam
2305 5674 2356 5725 iu
2401 5672 2679 5727 Bethleem
2709 5675 2947 5729 ostendi.
2983 5674 3292 5728 Casauboui
3327 5677 3515 5728 obser-

1935 5741 2082 5794 vatio
2106 5743 2174 5795 ab
2202 5743 2433 5796 eruditis
2459 5743 2591 5796 viris
2626 5743 2820 5798 merito
2849 5743 3068 5811 explosa
3089 5787 3104 5810 ,
3159 5745 3359 5812 quippe
3389 5759 3513 5798 cum

1937 5812 2161 5865 minime
2195 5822 2478 5883 repugnet,
2512 5821 2571 5866 ttt
2602 5815 2744 5882 quod
2787 5816 2856 5881 in
2891 5815 3156 5868 suburbin
3199 5815 3283 5868 vel
3335 5815 3516 5868 vicino

1935 5897 2070 5952 agro
2109 5883 2360 5954 cuntigit,
2394 5884 2446 5939 id
2478 5884 2530 5938 in
2559 5884 2674 5955 ipsa
2711 5885 2846 5942 urbe
2874 5885 3090 5941 dicatur
3121 5884 3442 5955 contigisse.
