3962 6262
470 324 575 379 659

1417 329 1473 385 S.
1513 324 1778 385 JUSTINI
1814 321 2222 381 PHILOSOPHI
2256 326 2344 381 ET
2377 326 2734 384 MARTYRIS

3615 332 3718 397 θὺοι

467 450 574 499 est.
630 440 794 497 Vobis
836 446 1088 514 equidem
1128 446 1241 515 jam
1294 446 1666 501 demonsu'avi
1727 445 1923 499 Isaiam
1968 445 2000 498 d

2107 443 2232 502 ,καὶ
2278 443 2398 497 τότε
2448 446 2627 499 αὐτῶν
2674 445 2843 499 ὄντων
2892 446 3037 509 ἐκεῖ,
3077 447 3316 500 ἐτετόκει
3348 449 3381 519 ἡ
3414 447 3602 519 Μαρία
3631 451 3721 515 τὸν

463 534 619 605 signo
648 537 791 592 hunc
824 554 1050 609 specum
1081 540 1441 595 adumbrante
1481 540 1842 595 vaticinatum
1872 552 2028 603 esse;

461 630 559 683 sed
592 641 816 700 propter
842 647 937 688 eos
973 634 1066 704 qui
1098 632 1262 687 hodie
1313 631 1595 687 vobiscum
1623 639 1913 694 venerunt,
1945 630 2032 683 lo-

462 733 586 773 cum
630 735 909 794 repetam;
948 734 1169 794 tumque
1198 723 1375 778 locum
1416 723 1568 776 illum
1597 723 1821 778 recitavi
1848 723 1962 792 jam
1998 737 2028 776 a

464 824 550 865 me
564 826 631 865 ex
651 812 788 869 Isaia
811 814 1161 884 descriptum,
1177 812 1441 881 adjiciens
1485 813 1697 868 Mithrae
1737 813 2029 885 mysterio-

461 917 582 956 rum
616 904 890 959 antistites
928 915 1150 973 propter
1186 906 1303 961 hac
1334 905 1498 960 verba
1525 921 1555 960 a
1583 906 1800 961 diabolo
1830 906 2030 975 impul-

461 1008 553 1047 sos
576 1008 720 1060 esse,
748 1005 808 1047 ut
837 994 889 1047 in
925 994 1064 1059 loco,
1089 994 1180 1063 qui
1210 994 1354 1063 apud
1383 1008 1479 1053 eos
1510 994 1771 1059 spelunca
1799 995 2024 1061 dicitur,

458 1102 591 1142 suos
617 1086 820 1142 initiari
860 1087 929 1143 ab
957 1088 1074 1155 ipso
1100 1086 1295 1142 Mithra
1332 1087 1596 1143 dicerent.
1638 1087 1880 1141 Herodes
1927 1089 2029 1157 igi-

460 1187 567 1244 tur,
591 1194 714 1235 cum
742 1178 819 1233 illi
860 1194 927 1234 ex
968 1180 1171 1236 Arabia
1213 1181 1355 1251 magi
1396 1180 1464 1235 ad
1514 1194 1640 1234 eum
1685 1194 1791 1234 non
1830 1179 2027 1235 rediis-

454 1270 599 1335 Sent,
627 1273 772 1341 quod
815 1282 992 1326 tamen
1037 1279 1095 1326 ut
1138 1273 1383 1328 facerent
1426 1286 1522 1327 eos
1570 1280 1884 1340 rogaverat,
1929 1273 2026 1325 sed

451 1364 558 1419 alio
587 1364 803 1429 itinere,
838 1363 1053 1431 utjussi
1093 1365 1338 1427 fuerant,
1364 1364 1639 1435 regionem
1685 1378 1839 1418 suam
1872 1377 2026 1432 repe-

453 1458 700 1524 tiissent;
728 1473 961 1528 cumque
990 1458 1262 1526 Joseplms
1282 1473 1389 1511 una
1415 1472 1539 1512 cum
1562 1456 1731 1511 Maria
1750 1465 1805 1510 et
1828 1471 2017 1523 puero,

449 1561 611 1620 prout
644 1551 906 1607 divinitus
935 1551 1194 1605 admoniti
1235 1550 1472 1615 fuerant,
1498 1551 1611 1620 jam
1645 1553 1696 1606 in
1728 1552 2022 1623 [Egt'ptum

426 1642 675 1717 profecti
731 1654 946 1709 essent;
1000 1644 1267 1721 Herodes,
1315 1645 1562 1716 inquam,
1586 1661 1814 1714 puerum
1846 1646 2021 1709 illum,

444 1751 604 1807 quem
650 1739 791 1807 magi
841 1739 1126 1793 adoratum
1167 1746 1468 1803 venerant,
1512 1753 1616 1791 non
1659 1752 2018 1807 cognoscens,

2135 534 2389 606 Χριστὸν,
2425 538 2520 590 καὶ
2554 538 2609 588 ἐν
2644 535 2819 607 φάτνῃ
2853 536 3012 588 αὐτὸν
3047 535 3342 590 ἐτεθείκει’
3378 539 3510 593 ὅπου
3546 539 3717 594 ἐλθόν-

2134 641 2225 688 τες
2270 628 2318 679 οί
2366 626 2475 681 ἀπὸ
2531 626 2787 697 Ἀραϐίας
2845 626 3010 697 μάγοι
3058 617 3216 695 εὗρον
3262 629 3444 682 αὐτόν.
3496 631 3619 684 Ὅτι
3662 631 3723 701 δὲ

2146 716 2370 781 Ἡσαΐας
2424 719 2516 772 καὶ
2565 719 2693 788 περὶ
2739 718 2830 771 τοῦ
2883 717 3150 788 συμϐόλου
3196 718 3288 773 τοῦ
3323 721 3464 775 κατά
3495 722 3556 775 τὸ
3588 725 3719 795 σπή-

2132 808 2283 863 λαιον
2315 810 2770 883 προεκεκηρύχει,
2806 811 3137 883 ἀνιστόρησα
3170 812 3319 881 ὑμῖν,
3356 812 3511 885 ἔφην,
3544 814 3639 867 καὶ
3652 810 3721 868 δι’

2132 901 2330 966 αὐτοὺς
2375 902 2433 956 δὲ
2479 904 2605 968 τοὺς
2656 904 2896 975 σήμερον
2945 903 3041 957 σὺν
3087 904 3215 973 ὑμῖν
3250 902 3524 970 ἐλθόντας,
3561 905 3719 960 πάλιν

2130 992 2231 1063 τῆς
2265 996 2572 1067 περικοπῆς
2606 995 3107 1068 ἐπιμνησθήσομαι,
3144 992 3333 1050 εἶπον·
3371 998 3466 1051 καὶ
3510 999 3723 1059 ἀνιστόέ

2134 1101 2273 1156 ρησα
2305 1085 2372 1155 ἢν
2405 1086 2499 1139 καὶ
2533 1086 2858 1159 προέγραψα
2896 1087 3003 1141 ἀπὸ
3034 1086 3125 1141 τοῦ
3155 1088 3376 1159 Ἡσαΐου
3393 1090 3719 1163 περικοπὴν,

2129 1176 2299 1230 εἰπὼν
2333 1177 2419 1231 διὰ
2452 1179 2577 1243 τοὺς
2620 1178 2818 1259 λόγους,
2858 1179 3096 1245 ἐκείνους
3129 1180 3257 1253 τοὺς
3288 1180 3357 1256 τὰ
3388 1180 3575 1254 Μλίθρα
3623 1162 3724 1253 μυξ

2131 1270 2327 1343 στήρια
2377 1267 2488 1343 (80)
2536 1271 2947 1342 παραδιδόντας,
2998 1275 3055 1326 ἐν
3101 1272 3251 1344 τόπῳ
3304 1274 3725 1348 ἐπικαλουμένῳ

2128 1365 2262 1435 παρ’
2295 1363 2480 1428 αὐτοῖς
2515 1364 2764 1437 σπηλαίῳ
2801 1365 3054 1437 μυεῖσθαι
3086 1366 3180 1418 ὑπ’
3204 1365 3387 1421 αὐτῶν
3435 1367 3579 1440 (81),
3613 1368 3717 1421 ὑπὸ

2126 1455 2218 1519 τοῦ
2253 1455 2496 1511 διαϐόλου
2532 1457 2894 1530 ἐνεργηθῆναι
2929 1459 3123 1511 εἰπεῖν.
3160 1460 3316 1514 Καὶό
3349 1457 3621 1533 Ἡρώδης,
3641 1458 3719 1531 μὴ

2126 1545 2529 1601 ἐπανελθόντων
2563 1548 2697 1620 πρὸς
2731 1549 2893 1602 αὑτὸν
2925 1549 3033 1603 τῶν
3067 1550 3176 1604 ἀπὸ
3208 1550 3467 1623 Ἀραϐίας
3503 1551 3713 1621 μάγων,

2124 1640 2199 1704 ὡς
2245 1637 2477 1710 ἠξίωσεν
2524 1641 2720 1707 αὐτοὺς
2767 1642 3022 1714 ποιῆσαι,
3074 1644 3211 1699 ἀλλὰ
3258 1644 3401 1698 κατὰ
3433 1643 3500 1697 τὰ
3535 1643 3717 1697 κελευ-

2128 1729 2325 1798 σθέντα
2368 1731 2551 1795 αὐτοῖς
2597 1731 2661 1788 δι’
2697 1730 2861 1802 ἄλλης
2907 1731 3025 1786 ὁδοῦ
3072 1735 3152 1799 είς
3193 1733 3289 1805 τὴν
3322 1733 3505 1804 χώραν
3539 1732 3719 1787 αὐτῶν

443 1843 633 1883 omnes
658 1830 878 1885 omnino
906 1843 1101 1897 pueros
1130 1826 1185 1880 in
1203 1826 1477 1882 Bethleem
1498 1827 1663 1895 jussit
1693 1828 1891 1907 occidi.
1915 1830 2003 1881 At-

2119 1822 2565 1892 ἀπαλλαγέντων,
2602 1824 2698 1878 καὶ
2744 1824 2835 1878 τοῦ
2885 1825 3081 1897 Ἰωσὴφ
3132 1825 3251 1895 ἅμα
3297 1827 3362 1896 τῇ
3399 1824 3593 1898 Μαρίᾳ.
3624 1827 3717 1879 καὶ

441 1936 549 1990 que
605 1919 658 1974 id
720 1930 1038 1974 eventurum
1091 1918 1365 1974 Jeremias
1419 1917 1765 1989 prtedixerat,
1812 1919 1892 1974 sie
1918 1932 2003 1987 pel

2118 1913 2195 1984 τῷ
2227 1915 2445 1987 παιδίῳ,
2479 1917 2555 1981 ὡς
2587 1917 2682 1971 καὶ
2715 1918 2897 1982 αὐτοῖς
2928 1917 3383 1982 ἀποκεκάλυπτο,
3419 1916 3518 1989 ἤδη
3568 1916 3717 1982 ἐξελ-

441 2026 563 2064 eum
598 2011 857 2082 loquente
889 2011 1093 2081 Spiritu
1121 2018 1319 2091 sancto
1365 2028 1379 2066 :
1425 2028 1445 2061 ι
1481 2011 1594 2066 Vox
1630 2011 1682 2065 in
1718 2011 1885 2066 Rama
1916 2029 2003 2067 au-

2117 2009 2318 2073 θόντων
2364 2010 2443 2074 είς
2494 2010 2801 2079 Αἴγυπτον,
2854 2012 2915 2064 οὐ
2963 2012 3245 2083 γινῴσκων
3305 2012 3396 2065 τὸν
3444 2011 3615 2065 παῖδα
3657 2010 3723 2069 ὃν

440 2099 549 2154 dita
573 2109 677 2167 est,
711 2102 952 2173 ploratus
1004 2112 1061 2159 et
1092 2102 1330 2158 ululatus
1365 2103 1587 2170 multus,
1646 2104 1850 2159 Rachel
1897 2106 2003 2175 plus

2118 2098 2471 2173 ἐληλύθεισαν
2518 2103 2896 2175 προσκυνῆσαι
2941 2106 2989 2156 οἱ
3042 2104 3242 2174 μάγοι,
3280 2104 3489 2167 πάντας
3523 2102 3713 2167 ἁπλῶς

440 2207 567 2249 rans
598 2193 738 2249 filios
774 2210 932 2259 suos,
966 2204 1022 2250 et
1063 2194 1236 2250 noluit
1270 2194 1716 2261 consolationem
1735 2198 2003 2267 accipere,

2113 2196 2239 2260 τοὺς
2274 2197 2469 2261 παῖδας
2502 2199 2627 2262 τοὺς
2662 2201 2720 2253 ἐν
2753 2198 3003 2271 Βηθλεὲμ
3022 2198 3311 2253 ἐκέλευσεν
3328 2199 3709 2271 ἀναιρεθῆναι.

438 2285 565 2351 quia
600 2300 704 2340 non
746 2288 953 2342 sunt“.
989 2306 1008 2338 ›
1050 2285 1221 2357 Igitur
1257 2296 1479 2357 propter
1533 2302 1723 2342 vocem
1775 2304 1898 2359 qua:
1942 2305 2003 2345 ex

2112 2287 2225 2341 Kal.
2256 2287 2414 2343 τοῦτο
2447 2290 2894 2363 ἐπεπροφήτευτο
2929 2288 3147 2361 μέλλειν
3194 2287 3441 2358 γίνεσθαι
3476 2289 3569 2343 διὰ
3615 2290 3712 2341 Ὶε-

438 2378 607 2433 Rama
632 2379 970 2434 exaudieuda
1005 2390 1159 2445 erat,
1188 2380 1241 2433 id
1273 2388 1357 2434 est
1383 2392 1451 2433 ex
1480 2378 1685 2433 Arabia
1717 2376 1828 2451 (est
1860 2384 2003 2437 enim

2115 2379 2326 2452 ρεμίου,
2362 2381 2607 2446 εἰπόντος
2639 2381 2708 2436 δι’
2743 2382 2908 2437 αὑτοῦ
2943 2379 3035 2457 τοῦ
3072 2382 3225 2450 ἁγίου
3261 2381 3584 2453 Πνεύματος
3618 2382 3710 2436 οὖ-

436 2472 600 2525 etiam
647 2471 909 2527 hactenus
944 2474 996 2527 in
1029 2472 1230 2527 Arabia
1278 2472 1426 2527 locus
1457 2474 1547 2541 qui
1582 2473 1754 2528 Rama
1783 2474 2003 2548 dicitur)

2108 2489 2235 2537 τως·
2277 2491 2296 2524 ι
2337 2472 2493 2543 Φωνὴ
2529 2475 2585 2525 ἐν
2631 2473 2807 2543 Ῥαμᾷ
2839 2471 3104 2543 ἠκούσθη,
3152 2472 3429 2547 κλαυθμὸς
3446 2473 3716 2544 καὶὸδυρ-

437 2564 610 2618 locum
646 2564 819 2627 illum,
852 2565 938 2619 ubi
971 2564 1181 2620 Rachel»
1201 2563 1389 2621 Jacobi
1425 2568 1587 2639 176
1632 2568 1812 2622 sancti
1858 2568 2003 2624 illius

2112 2567 2211 2636 μρς
2246 2565 2432 2631 πολὺς,
2480 2564 2681 2636 Ῥαχὴλ
2724 2564 2985 2619 κλαίουσα
3030 2564 3100 2618 τὰ
3144 2564 3309 2639 τέκνα
3354 2564 3563 2635 αὐτῆς,
3615 2565 3710 2619 καὶ

434 2657 779 2725 patriarchae,
808 2658 899 2727 qui
927 2657 1092 2713 lsrael
1137 2658 1553 2728 cognominatus
1596 2670 1700 2721 est.
1735 2676 1874 2716 uxor
1921 2677 2008 2717 se-

418 2742 578 2819 pulta
616 2759 737 2815 est,
764 2736 816 2804 id
856 2760 961 2819 est,
994 2749 1271 2805 Bethleem
1306 2749 1464 2806 ﬂetus
1506 2751 1831 2821 impleturus
1863 2764 2002 2822 erat,

433 2841 768 2912 plorantibus
812 2844 1065 2912 proprios
1108 2843 1248 2898 ﬁlios
1296 2844 1612 2900 interfectos
1659 2846 2002 2913 mulieribus,

432 2943 595 3003 atque
624 2934 977 2990 insolabiliter
1005 2936 1147 2989 hunc
1169 2950 1355 2991 casum
1414 2935 1747 3005 lugentibus.
1780 2937 1916 2993 Nam
1950 2948 2005 2994 et

430 3026 574 3095 quod
604 3026 736 3102 dicit
765 3026 932 3081 lsaias
966 3043 981 3079 :
1015 3045 1034 3078 ι
1070 3028 1313 3096 Accipiet
1338 3026 1593 3082 virtutem
1648 3030 1895 3087 Damasci
1948 3039 2003 3086 et

428 3118 596 3188 spolia
640 3118 902 3174 Samaria
924 3119 988 3185 ιθ,
1022 3138 1041 3170 ›
1086 3118 1427 3190 signiﬁcabat
1470 3118 1666 3175 nefarii
1713 3122 2000 3191 daemonis,
2027 3160 2069 3218 Ο

428 3209 523 3278 qui
554 3208 800 3265 Damasci
834 3209 1138 3278 habitabat,
1180 3221 1506 3281 potestatem
1551 3228 1579 3265 a
1623 3212 1860 3281 Christo,
1891 3227 2002 3272 sta-

429 3303 523 3356 tim
574 3310 739 3368 atque
791 3313 951 3359 natus
991 3311 1169 3369 ,esset,
1215 3305 1419 3358 victum
1466 3304 1567 3370 iri;
1603 3308 1747 3375 quod
1779 3308 1998 3378 quidem

429 3392 628 3449 factum
659 3408 779 3453 esse
800 3396 1228 3453 demonstratur.
1251 3396 1390 3466 Magi
1419 3398 1584 3460 enim,
1617 3400 1707 3470 qui
1735 3411 1793 3454 ut
1823 3402 1995 3471 spolia

430 3489 567 3557 rapti
591 3489 804 3544 fuerant
848 3490 914 3543 ad
965 3490 1137 3546 malas
1174 3506 1420 3561 quasque
1447 3494 1718 3557 actiones,
1754 3495 1821 3549 ad
1857 3510 1998 3563 quas

426 3594 519 3633 eos
565 3580 655 3651 ille
681 3581 888 3656 daemon
922 3582 1250 3651 impellebat,
1282 3584 1374 3637 ubi
1402 3582 1679 3642 Christum
1713 3592 1996 3643 adoratum

424 3683 716 3738 venerunt,
752 3672 1023 3741 defecere,
1054 3683 1113 3729 ut
1144 3675 1503 3743 manifestum,
1526 3690 1634 3745 est,
1665 3680 1732 3735 ab
1763 3696 1847 3747 ea,
1878 3695 1999 3749 qua:

424 3766 547 3821 illos
575 3774 631 3819 ιιι
664 3766 833 3836 spolia
868 3776 1126 3836 rapuerat
1146 3777 1435 3838 potestate,
1465 3789 1627 3842 quam
1659 3773 1815 3827 nobis
1841 3788 1997 3827 arca-

424 3870 492 3909 ne
518 3854 798 3925 Scriptura
837 3855 1081 3913 Damasci
1108 3844 1355 3917 habitare
1386 3864 1605 3919 indicat.
1635 3864 1785 3918 Illam
1814 3872 1994 3920 autem

423 3956 769 4017 potestatem,
825 3966 949 4004 cum
1002 3953 1277 4019 peccatrix
1319 3963 1375 4009 et
1409 3956 1589 4025 iniqua
1622 3958 1712 4022 sit,
1738 3959 1996 4028 przeclare

424 4040 726 4093 Samariam
761 4055 857 4115 per
885 4042 1298 4097 similitudinem
1355 4045 1618 4114 appellat.
1670 4048 1995 4103 Damascum

422 4142 606 4188 autem
644 4133 893 4189 Arabicae
952 4134 1195 4201 regionis
1237 4149 1360 4190 esse
1411 4144 1467 4191 et
1514 4136 1705 4206 fuisse,
1740 4140 1995 4207 quamvis

422 4242 565 4282 nunc
594 4226 667 4294 ei,
696 4242 815 4297 qua:
840 4226 1233 4297 Syrophmnice
1264 4226 1488 4294 dicitur,
1519 4230 1899 4295 adcenseatur,
1927 4248 1995 4287 ne

418 4327 657 4377 vestrum
684 4320 899 4389 quidem
929 4319 1217 4389 quisquam
1268 4334 1469 4389 negare
1508 4321 1697 4391 possit.
1724 4323 1995 4389 Quamob-

419 4426 536 4467 rem
572 4411 901 4482 praeclarum
928 4408 1121 4475 fuerit,
1155 4424 1188 4463 ο
1214 4409 1339 4473 viri,
1370 4425 1494 4478 quae
1520 4413 1702 4466 minus
1732 4413 1991 4483 intelligi-

2107 2658 2205 2710 οὐκ
2252 2657 2411 2729 ἤθελε
2456 2656 2907 2729 παρακληθῆναι,
2957 2659 3040 2711 ὅτι
3087 2658 3187 2711 οὐκ
3234 2656 3359 2710 εἰσί.
3405 2676 3423 2707 ι
3467 2658 3573 2711 Διὰ
3616 2653 3711 2710 οὖν

2105 2748 2202 2819 τὴν
2249 2750 2430 2822 φωνὴν
2474 2750 2508 2822 ή
2556 2750 2779 2821 ἔμελλεν
2824 2748 3115 2819 ἀκούεσθαι
3154 2750 3261 2803 ἀπὸ
3300 2749 3511 2818 Ῥαμᾶ,
3548 2766 3717 2813 τουτέ

2106 2842 2254 2897 ἐστιν
2299 2844 2407 2897 ἀπὸ
2452 2844 2552 2915 τῆς
2600 2843 2858 2913 Ἀραϐίας
2906 2843 3053 2915 (ἐστι
3096 2842 3206 2914 γὰρ
3242 2842 3338 2895 καὶ
3388 2841 3558 2913 μέχρι
3611 2839 3706 2894 τοῦ

2102 2936 2199 2990 νῦν
2243 2938 2404 3000 τόπος
2450 2936 2783 3007 καλούμενος
2843 2938 2901 2988 ἐν
2962 2935 3190 3007 Ἀραϐίᾳ
3256 2933 3503 3004 Ῥαμᾶ),
3539 2931 3711 2985 κλαυ-

2103 3027 2238 3100 θμὸς
2284 3028 2507 3099 ἔμελλεν
2553 3029 2643 3082 τὸν
2690 3029 2852 3082 τόπον
2898 3027 3337 3100 καταλαμϐάνειν
3361 3066 3375 3089 ,
3402 3027 3537 3079 ὅπου
3590 3026 3711 3077 Ῥα-

2102 3123 2205 3195 χὴλ
2250 3125 2283 3193 ἠ
2329 3123 2466 3195 γυνὴ
2527 3121 2720 3175 Ἰακὼϐ
2766 3120 2860 3175 τοῦ
2912 3120 3297 3193 ἐπικληθέντος
3356 3118 3579 3189 Ἰσραὴλ
3610 3118 3706 3171 τοῦ

2104 3215 2259 3284 ἁγίου
2293 3214 2631 3286 πατριάρχου
2666 3211 2954 3277 τέθαπται,
2991 3211 3238 3266 τουτέστι
3282 3209 3379 3281 τὴν
3425 3207 3705 3280 Βηθλεέμ,

2104 3305 2406 3361 κλαιουσῶν
2440 3305 2548 3360 τῶν
2579 3303 2855 3374 γυναικῶν
2888 3306 2957 3358 τὰ
3000 3302 3166 3356 τέκνα
3213 3302 3282 3356 τὰ
3324 3301 3433 3354 ἴδια
3465 3300 3534 3353 τὰ
3570 3301 3708 3370 ἀνῃ-

2108 3398 2342 3470 ρημένα,
2392 3398 2487 3450 καὶ
2538 3397 2612 3468 μὴ
2659 3394 3007 3466 παράκλησιν
3040 3392 3281 3463 ἐχουσῶν
3316 3391 3408 3444 ἐπὶ
3442 3389 3519 3460 τῷ
3560 3407 3706 3461 συμ-

2104 3490 2359 3563 ϐεϐηκότι
2392 3491 2601 3554 αὑταῖς.
2640 3490 2751 3551 Καὶ
2795 3488 2903 3558 γὰρ
2949 3488 3008 3543 τὸ
3055 3489 3229 3538 εἰπεῖν
3277 3483 3367 3536 τὸν
3411 3483 3648 3535 Ἡσαΐαν
3685 3499 3700 3512 ο

2109 3602 2128 3633 ι
2169 3582 2413 3655 Λήψεται
2475 3581 2703 3652 δύναμιν
2761 3578 3051 3650 Δαμασκοῦ
3113 3576 3209 3630 καὶ
3268 3574 3442 3628 σκῦλα
3500 3573 3703 3643 Σαμα-

2106 3675 2275 3746 ρείας,
2320 3693 2337 3724 ι
2376 3672 2472 3744 τὴν
2505 3670 2597 3725 τοῦ
2633 3671 2871 3742 πονηροῦ
2906 3669 3158 3739 δαίμονος
3192 3666 3285 3719 τοῦ
3323 3668 3381 3719 ἐν
3413 3662 3706 3734 Δαμασκῷ

2100 3767 2371 3829 οἰκοῦντος
2403 3766 2630 3836 δύναμιν
2678 3766 2943 3835 ἐσήμαινε
2988 3758 3374 3832 νικηθήσεσθαι
3420 3755 3497 3827 τῷ
3559 3756 3704 3828 Χρι-

2103 3855 2231 3926 στῷ,
2268 3857 2385 3927 ἅμα
2394 3854 2471 3926 τῷ
2485 3854 2831 3927 γεννηθῆναι·
2853 3856 2989 3922 ὅπερ
3004 3852 3275 3905 δείκνυται
3290 3846 3700 3917 γεγενημένον.

2100 3951 2161 4003 Οἱ
2194 3949 2303 4021 γὰρ
2338 3948 2524 4019 μάγοι,
2558 3947 2750 4015 οἵτινες
2786 3943 3172 4015 ἐσκυλευμένοι
3216 3937 3359 4012 ἦσαν
3402 3939 3545 4009 πρὸς
3597 3939 3704 3993 πά-

2101 4061 2200 4107 σας
2245 4042 2419 4105 κακὰς
2465 4040 2692 4112 πράξεις
2735 4038 2833 4103 τὰς
2882 4033 3275 4109 ἐνεργουμένας
3308 4030 3413 4085 ὑπὸ
3444 4030 3542 4083 τοῦ
3578 4029 3703 4083 δαι-

2101 4137 2283 4209 μονίου
2343 4135 2585 4197 ἐκείνου,
2636 4130 2881 4193 ἐλθόντες
2925 4127 3018 4181 καὶ
3064 4124 3546 4197 προσκυνήσαντες
3616 4119 3700 4190 τῷ

2098 4228 2338 4303 Χριστῷ,
2373 4228 2653 4298 φαίνονται
2685 4222 3020 4285 ἀποστάντες
3052 4219 3153 4289 τῆς
3188 4215 3569 4284 σκυλευσάσης
3588 4212 3698 4265 αὐ-

2096 4325 2222 4388 τοὺς
2253 4322 2531 4392 δυνάμεως
2567 4318 2799 4387 ἐκείνης,
2831 4317 2900 4386 ἢν
2948 4316 3004 4366 ἐν
3052 4308 3336 4382 μυστηρίῳ
3382 4307 3700 4377 ἐσήμαινεν

2098 4420 2229 4489 ἡμῖν
2261 4417 2290 4468 ὁ
2335 4414 2490 4483 λόγος
2522 4413 2690 4466 οἰκεῖν
2709 4411 2765 4463 ἐν
2788 4402 3081 4478 Δαμασκῷ.
3110 4399 3468 4473 Ἀμαρτωλὴν
3491 4397 3556 4450 δὲ
3591 4396 3698 4449 καὶ

420 4505 511 4568 tis,
542 4518 605 4558 ea
636 4517 701 4558 ex
735 4503 844 4568 his,
892 4502 984 4572 qui
1034 4503 1266 4575 gratiam
1316 4518 1346 4556 a
1396 4505 1505 4559 Deo
1549 4514 1901 4573 acceperunt,
1939 4507 1990 4560 id

2107 4507 2278 4560 ἱδικον
2308 4499 2472 4560 οὖσαν
2506 4505 2565 4556 ὲν
2596 4497 2879 4571 παραϐολῇ
2913 4495 3012 4567 τὴν
3054 4492 3282 4563 δύναμιν
3329 4489 3550 4561 ἐκείνην
3590 4505 3702 4553 κα·-

491 4659 533 4690 ⁸³
574 4659 684 4714 Jer.
714 4674 867 4723 xxxx,
904 4659 991 4713 15.
1072 4658 1116 4689 ¹⁸
1156 4657 1260 4713 lsa.
1298 4674 1419 4720 vm,
1454 4659 1510 4713 4.

485 4811 598 4881 (80)
643 4813 788 4877 Τοὺς
820 4811 893 4865 τὰ
921 4812 1112 4879 Μίθρα
1137 4810 1457 4881 μυστήρια.
1496 4809 1673 4881 Supra
1703 4828 1850 4865 num.
1879 4812 1986 4867 70:

414 4885 477 4937 Οἱ
509 4884 577 4938 τὰ
609 4883 703 4935 τοῦ
737 4882 947 4953 Μίθρου
985 4880 1261 4953 μυστήρια
1286 4880 1685 4953 παραδιδόντες.
1736 4881 1991 4952 Legimus

412 4955 466 5007 iu
499 4956 648 5020 Apol.
683 4970 699 5007 ι
739 4951 864 5007 εἘν
891 4951 1003 5016 τοῖς
1035 4951 1348 5023 τοῦΜίθρα
1369 4951 1716 5022 μυστηρίοις.

484 5024 597 5093 (81)
630 5024 921 5078 Μυεῖσθαι
966 5025 1066 5077 ὑπ’
1100 5020 1315 5077 αὺτῶιῖ.
1362 5020 1533 5091 Supra
1553 5020 1989 5093 gobservavimus

412 5091 561 5149 num.
596 5094 685 5162 70,
723 5095 1042 5164 mysterium
1072 5094 1187 5146 sive
1216 5093 1512 5147 artilicium
1549 5091 1602 5144 in
1654 5106 1720 5164 eo
1750 5092 1984 5159 positum

412 5166 603 5230 fuisse,
635 5161 793 5234 quod
819 5166 1128 5219 sacerdotes
1149 5164 1397 5234 dicerent
1422 5178 1536 5234 eos,
1575 5161 1664 5234 qui
1695 5162 1987 5234 infitiaban-

415 5247 538 5299 tur,
591 5232 669 5290 ab
718 5234 1090 5302 ipso‘Mithra
1146 5232 1381 5297 initiari;
1439 5232 1643 5300 alioqui
1679 5232 1835 5302 nihil
1888 5246 1984 5287 eos

411 5321 664 5375 magnum
702 5301 798 5359 aut
829 5304 1102 5375 mirabile
1129 5304 1381 5375 dicturos
1421 5302 1609 5375 fuisse.
1663 5301 1988 5375 Quare‘oin-

410 5371 541 5431 nino
585 5375 871 5447 legendum
923 5373 1172 5445 μυεῖσθαι
1207 5375 1298 5427 ὑπ’
1325 5371 1509 5447 αὑτοῦ.
1544 5373 1723 5447 Quam
1752 5372 1982 5447 quidem

408 5442 737 5502 emendandi
781 5442 1045 5500 rationem
1092 5447 1381 5499 conlirmat
1419 5443 1685 5505 lustinus,
1734 5442 1861 5495 dum
1906 5442 1984 5494 ait

411 5518 727 5573 Mithriacos
752 5516 1089 5578 sacerdotes,
1121 5528 1178 5569 ut
1202 5516 1273 5568 ita
1296 5516 1555 5568 docerent
1582 5513 1847 5564 adductos
1863 5526 1984 5564 esse

409 5586 793 5664 verliis‘lsaiaa,
830 5587 912 5640 his
940 5587 1195 5664 nimirum
1230 5604 1243 5639 :
1278 5579 1443 5664 Οὗτος
1475 5583 1761 5664 οἰκήσειέν
1796 5579 1982 5664 ὑψηλῷ

411 5658 661 5731 σπηλαίῳ
722 5657 930 5731 πέτρας
990 5657 1329 5731 ἰσχυρᾶς...ἶ
1365 5650 1595 5724 βασιλέα
1637 5650 1773 5731 μετὰ
1824 5650 1981 5731 δόξης

406 5724 759 5795 ὕφεσθεζθιρ.
801 5724 1776 5799 Videnturiiie:tmdetn_seutentiam
1808 5724 1980 5799 accipi

408 5790 565 5879 posse
613 5790 725 5855 inec
755 5800 919 5854 verba
952 5796 1276 5853 Tertulliani
1307 5815 1320 5851 :
1356 5815 1374 5847 ι
1399 5794 1595 5853 Mitlira
1643 5792 1821 5863 signat
1872 5790 1980 5847 illic

2092 4812 2146 4867 in
2177 4810 2448 4865 frontibus
2479 4808 2678 4861 milites
2704 4821 2831 4861 suos
2856 4826 2868 4860 :
2896 4804 3133 4859 celebrat
3158 4812 3212 4858 et
3248 4802 3403 4873 panis
3432 4800 3687 4873 oblatio-

2090 4896 2213 4935 nem
2238 4892 2294 4935 et
2317 4880 2608 4947 imaginem
2644 4875 3337 4947 resurrectionisinducit,
3354 4872 3540 4947 et_sub
3566 4875 3695 4947 gla-

2091 4953 2181 5004 dio
2227 4941 2457 5004 redimit
2479 4962 2759 5003 coronam.
2795 4966 2813 4998 ι
2848 4946 3161 5015 Prwscript.
3196 4943 3366 5015 c.740.
3398 4941 3690 4999 Fabulosa

2091 5021 2179 5074 illa
2209 5023 2435 5091 deorum
2461 5019 2705 5072 evocatio
2748 5032 2836 5091 res
2867 5028 2951 5091 est
2981 5014 3139 5091 apud
3159 5014 3416 5083 antiquos
3445 5015 3692 5091 ρετινυιτ-

2090 5101 2237 5159 gata,
2268 5100 2327 5143 ut
2350 5090 2536 5159 videre
2565 5097 2648 5142 est
2679 5089 2819 5156 apud
2844 5081 3065 5159 Euseb.
3099 5081 3343 5159 Praepar.
3374 5100 3451 5136 ev.
3483 5081 3587 5159 lib.
3626 5081 3688 5149 ν,

2090 5151 2138 5215 ὅ.
2170 5151 2278 5215 8et
2311 5174 2464 5226 seqq.
2516 5157 2574 5211 In
2623 5151 2732 5225 quo
2764 5157 2982 5225 quidem
3032 5151 3690 5226 nequitimsacerdotum

2092 5231 2302 5301 insigne
2334 5223 2931 5301 haliemitsex‘emplum
2965 5226 3066 5301 _li_b_.
3102 5241 3238 5293 xvttl
3267 5223 3691 5301 Αιιιίῳιίιαςιιιη

2087 5294 2308 5368 Iosephi
2338 5314 2389 5353 c.
2416 5298 2467 5362 4,
2490 5298 2586 5368 υω
2610 5294 2859 5361 Paulina,
2893 5295 3087 5349 nobilis
3118 5306 3390 5368 matrona,
3424 5294 3692 5368 horribi-

2085 5371 2193 5425 lem
2217 5364 2275 5425 iu
2309 5369 2527 5423 modum
2558 5365 2883 5422 dedecorata
2921 5375 3195 5427 narratur,
3228 5365 3356 5418 dum
3390 5364 3440 5417 ei
3476 5377 3685 5416 sacer-

2085 5442 2239 5495 dotes
2293 5438 2445 5494 Isiaci
2500 5446 2800 5503 nocturnos
2852 5436 3134 5504 amplexus
3177 5433 3464 5497 Anubidis,
3497 5446 3688 5501 quem

2082 5511 2172 5565 illa
2213 5512 2377 5565 stulte
2406 5506 2789 5574 venerabatur,
2817 5503 3030 5573 juvenis
3055 5503 3338 5574 cujusdam
3369 5516 3504 5555 auro
3540 5517 3689 5555 cor-

2081 5581 2226 5650 rupti
2261 5581 2608 5649 promittunt.
2639 5576 2752 5651 Non
2774 5572 2985 5651 '_miruin
3019 5590 3169 5642 ergo,
3210 5575 3256 5629 si
3291 5572 3552 5651 Mithram
3586 5587 3692 5651 sa-

2082 5641 2335 5706 cerdotes
2365 5665 2395 5701 a
2427 5664 2486 5703 se
2517 5648 2733 5715 evocari
2764 5646 3060 5713 fingebant,
3089 5641 3153 5697 ut
3178 5659 3290 5715 eos
3324 5644 3440 5713 ipse
3471 5641 3688 5697 initia-

2084 5732 2190 5788 ret,
2220 5721 2310 5792 qui
2340 5720 2487 5776 illius
2516 5712 2790 5788 mysteriis
2817 5712 3021 5772 initiari
3056 5712 3330 5770 volebant.
