3962 6262
284 320 369 370 uel
1308 316 1649 373 DIALOGUS
1676 316 1820 373 CUM
1853 312 2222 372 TRYPHONE
2252 312 2519 369 JUD/EO.
3469 314 3572 369 662

281 409 374 474 ὶῶς
420 409 737 480 Σαμάρειαν
787 410 969 464 καλεῖ
1021 410 1163 483 (82).
1216 411 1333 465 Ὅτι
1378 412 1435 466 δὲ
1480 411 1765 482 Δαμασκὸς
1797 409 1864 478 τῆ

1996 414 2082 461 est
2103 421 2169 460 ex
2194 405 2348 460 nobis
2370 401 2715 469 Christianis,
2749 402 2987 471 discere;
3016 420 3353 477 nequaquam
3387 414 3571 460 autem

295 502 569 574 ’Δραϐικῆς
602 501 713 572 γῆς
746 498 821 573 ἦν
858 504 969 556 καὶ
1005 504 1194 569 ἐστιν,
1229 506 1276 556 εί
1321 504 1416 556 καὶ
1460 502 1555 557 νῦν
1602 501 1868 573 προσνενέ

1995 498 2049 552 in
2077 497 2328 553 omnibus
2351 497 2614 551 dimicare
2634 503 2691 549 et
2717 497 3047 552 contendere
3080 538 3097 564 ,
3155 510 3214 552 ut
3265 497 3571 553 doctrinam

291 611 443 665 μηται
474 592 582 662 (83)
616 595 689 662 τῇ
723 593 1125 667 Συροφοινίκῃ
1158 593 1446 664 λεγομένη,
1480 591 1589 645 οὐδ’
1624 589 1776 660 ὑμῶν
1808 608 1868 643 τι·

1993 599 2229 643 vestram
2259 588 2440 643 divina
2466 594 2779 655 contempta
2811 588 3123 643 stabiliatis.
3174 590 3353 657 Quare
3400 589 3569 644 etiam

292 704 372 750 νες
399 684 738 757 ἀρνήσασθαι
771 685 1069 739 δύνανται.
1110 687 1270 738 Ὥστε
1304 684 1464 737 καλὸν
1495 682 1561 737 ἂν
1593 682 1678 753 εἴη
1712 682 1856 753 ὑμᾶς

1993 682 2046 733 in
2079 694 2178 733 nos
2204 678 2470 734 translata
2527 685 2612 732 est
2666 677 2782 732 haec
2834 678 3030 747 gratia,
3083 689 3141 734 ut
3171 680 3249 734 ait
3285 679 3453 735 Isaias
3482 678 3565 737 his

299 775 343 834 ὦ
370 780 567 849 ἀνδρες,
598 778 636 832 ἃ.
672 777 755 848 μὴ
788 780 1099 849 νενοήκατε
1120 818 1135 840 ,
1169 776 1317 848 παρά
1348 775 1455 828 τῶν
1485 774 1757 827 λαϐόντων
1789 774 1868 842 χά-

1988 771 2169 825 verbis
2201 788 2214 824 :
2253 789 2272 821 ι
2311 769 2724 839 Appropinquat
2766 770 2900 824 mihi
2952 770 3181 840 populus
3219 770 3323 826 iste
3356 789 3371 826 :
3406 770 3566 826 labiis

306 889 381 944 ριν
408 871 510 926 ἀπὸ
537 870 633 923 τοῦ
667 868 813 924 Θεοῦ
850 868 1019 941 ἡμῶν
1053 867 1161 921 τῶν
1191 864 1527 938 Χριστιανῶν
1563 863 1852 935 μανθάνειν

1988 864 2101 919 suis
2138 863 2405 919 honorant
2450 876 2568 927 me,
2618 877 2717 917 cor
2771 872 2953 916 autem
3007 877 3200 917 eorum
3246 863 3404 935 longe
3426 872 3565 919 esta

300 965 423 1017 ἀλλᾶ
456 963 530 1034 μὴ
561 962 711 1016 κατά
746 962 939 1017 πάντα
955 959 1315 1030 ἀγωνίζεσθαι
1342 959 1409 1012 τὰ
1437 957 1681 1029 ὑμέτερα
1707 955 1868 1023 διδάγ-

1992 970 2081 1011 me
2110 971 2128 1022 ;
2156 955 2252 1011 sed
2287 956 2486 1010 frustra
2517 969 2602 1010 me
2633 955 2840 1021 colunt,
2865 958 3153 1026 'praacepta
3188 957 3466 1012 hominum
3499 972 3565 1011 ac

303 1069 435 1123 ματα
466 1051 784 1123 κρατύνειν,
819 1048 1191 1121 ἀτιμάζοντας
1237 1047 1304 1101 τὰ
1347 1046 1439 1100 τοῦ
1485 1046 1641 1099 Θεοῦ.
1676 1046 1766 1099 Διὸ
1796 1062 1867 1098 κα

1993 1047 2272 1102 doctrinas
2299 1047 2575 1103 docentes.
2606 1045 2901 1117 Propterea
2926 1062 3058 1103 ecce
3080 1062 3181 1117 ego
3227 1047 3479 1116 adjiciam
3506 1056 3567 1102 ut

297 1149 371 1209 εἰς
400 1148 547 1215 ἡμᾶς
584 1143 864 1216 μετετέθη
899 1145 933 1213 ὴ
966 1143 1127 1215 χάρις
1160 1139 1317 1211 αὕτη,
1346 1139 1421 1203 ὡς
1448 1140 1672 1202 Ἡσαΐας
1702 1138 1866 1208 φησὶν

1993 1138 2318 1193 transferam
2349 1136 2609 1208 populum
2641 1138 2838 1204 istum;
2872 1148 2929 1193 et
2967 1138 3297 1193 transferam
3349 1153 3462 1194 eos.
3496 1138 3564 1192 Et

296 1234 456 1289 εἰπὼν
487 1233 689 1297 οὕτως·
719 1252 737 1284 ι
763 1233 1008 1301 Ἐγγίζει
1028 1250 1117 1303 μοι
1148 1235 1175 1285 ὁ
1207 1231 1332 1293 λαὸς
1366 1223 1537 1293 οὗτος·
1575 1232 1683 1292 τοῖς
1717 1228 1868 1299 χείλε-

1992 1231 2239 1285 auferam
2288 1230 2614 1300 sapientiam
2647 1231 2976 1299 sapientium
3027 1230 3302 1300 ipsorum,
3348 1240 3403 1286 et
3433 1246 3561 1300 pru-

298 1347 372 1381 σιν
415 1326 604 1381 αὐτῶν
654 1325 867 1396 τιμῶσί
914 1342 1018 1397 με,
1066 1327 1099 1395 ἡ
1148 1324 1202 1376 δὲ
1251 1323 1449 1394 καρδία
1494 1322 1672 1375 αὐτῶν
1706 1322 1868 1394 πόρῥι

1990 1323 2224 1376 dentiam
2251 1322 2579 1391 prudentum
2610 1320 2838 1377 abolebo
2870 1322 2934 1378 "’.
2974 1342 2991 1373 ι

292 1420 480 1489 ἀπέχει
512 1418 611 1471 ἀπ’
649 1418 827 1487 ἐμοῦ·
870 1418 1048 1488 μάτην
1079 1417 1135 1469 δὲ
1170 1415 1413 1469 σέϐονταί
1450 1433 1551 1486 με,
1610 1416 1916 1485 ἐντάλματα
1968 1414 2269 1486 ἀνθρώπων
2314 1415 2405 1468 καὶ
2451 1413 2795 1478 διδασκαλίας
2839 1414 3195 1479 διδάσκοντες.
3245 1415 3343 1469 Διά
3400 1414 3557 1469 τοῦτο

294 1488 551 1581 ἰδοὺηὲγὼ
586 1511 891 1584 προσθήσω
924 1510 1017 1565 τοῦ
1054 1510 1361 1581 μεταθεῖναι
1394 1510 1483 1563 τὸν
1518 1509 1645 1563 λαὸν
1679 1509 1887 1573 τοῦτον,
1918 1509 2011 1561 καὶ
2045 1507 2346 1579 μεταθήσω.
2395 1507 2611 1571 αὐτούς.
2665 1508 2783 1561 Καὶ.
2837 1507 3029 1577 ἀφελῶ,
3065 1506 3162 1578 τὴν
3209 1506 3400 1576 σοφίαν
3445 1488 3561 1560 τῶν¹

292 1604 465 1671 σοφῶν
512 1603 738 1665 αὐτῶν,
785 1602 884 1673 τὴν
930 1601 987 1654 δὲ
1033 1600 1247 1653 σύνεσιν
1307 1600 1414 1654 τῶν
1473 1600 1707 1654 συνετῶν
1764 1600 2033 1671 ἀθετήσω.
2080 1618 2099 1651 ι
2149 1672 2152 1675 Α

355 1697 442 1752 79.
483 1697 598 1750 Καὶ
630 1699 661 1750 ό
696 1696 953 1767 Τρύφων,
988 1693 1388 1762 ὑπαγανακτῶν
1423 1694 1543 1765 μὲν,
1568 1693 1868 1764 αἰδούμενος

2058 1692 2145 1746 79.
2189 1690 2384 1744 Probat
2404 1701 2589 1746 contra
2607 1689 2935 1760 Tryphonem
2966 1687 3133 1743 malos
3157 1689 3371 1761 angelos
3394 1708 3427 1745 a
3449 1690 3557 1744 Deo

289 1788 341 1841 δὲ
373 1789 469 1852 ti;
501 1788 760 1859 Γραφὰς,
796 1788 871 1852 ὡς
899 1787 1149 1857 ἐδηλοῦτο
1179 1786 1285 1840 ἀπὸ
1318 1785 1409 1840 τοῦ
1445 1785 1735 1857 προσώπου
1781 1785 1881 1838 αὐ-

291 1881 400 1943 τοῦ,
434 1878 561 1933 εἷπε
597 1882 741 1951 πρὸς
776 1880 878 1950 μέ·
916 1879 997 1933 Td:
1031 1879 1129 1949 μὲν
1160 1878 1251 1931 τοῦ
1286 1876 1421 1931 Θεοῦ
1457 1878 1589 1946 ἅγιά
1621 1879 1797 1929 ἐστιν·
1827 1879 1882 1929 αί

289 1974 341 2026 δὲ
395 1972 673 2044 ὑμέτεραι
736 1972 1026 2043 ἐξηγήσεις
1085 1969 1508 2040 τετεχνασμέναι
1566 1968 1736 2033 εἰσιν,
1807 1968 1882 2032 ὡς

292 2067 534 2135 φαίνεται
571 2067 670 2120 καὶ
708 2068 772 2119 ἐκ
806 2065 913 2118 τῶν
961 2065 1315 2138 ὲξηγημένων
1362 2064 1468 2116 ὑπὸ
1515 2062 1643 2127 σοῦ,
1682 2063 1881 2135 μᾶλλον

289 2159 342 2210 δὲ
384 2159 479 2210 καὶ
530 2156 884 2227 βλάσφημοι·
921 2156 1185 2224 ἀγγέλους
1232 2154 1339 2225 γὰρ
1373 2152 1881 2223 πονηρευσαμένους

290 2250 379 2303 καὶ
410 2251 769 2311 ἀποστάντας
802 2247 897 2302 τοῦ
932 2248 1068 2302 Θεοῦ
1111 2246 1310 2316 λέγεις.

348 2404 544 2473 Κάγὼ,
582 2405 1006 2477 ἐνδοτικὼτερον
1039 2408 1104 2477 τῇ
1151 2407 1302 2475 φωνῇ
1338 2404 1753 2474 παρασκευάσαι
1785 2403 1880 2459 αὺ-

286 2498 369 2549 τὸν
403 2498 739 2566 βουλόμενος
788 2498 925 2570 πρὸς
970 2498 1030 2551 τὸ
1062 2498 1277 2552 ἀκούειν
1326 2516 1461 2568 μου,
1498 2498 1879 2569 ἀπεκρινάμην

285 2588 453 2656 λέγων
476 2605 491 2616 ·
536 2587 795 2657 ’Δγαμαί
843 2605 970 2651 σου,
1005 2586 1257 2659 ἄνθρωπε
1278 2629 1292 2653 ,
1328 2591 1385 2643 τὸ
1430 2590 1655 2654 εὐλαϐὲς
1687 2590 1876 2653 τοῦτο,

285 2680 375 2730 καὶ
407 2678 648 2749 εὔχομαι
697 2679 797 2749 τὴν
840 2679 1011 2750 αὐτὴν
1056 2680 1294 2735 διάθεσίν
1344 2699 1404 2734 σε
1450 2682 1594 2753 ἔχειν
1627 2681 1880 2752 καὶπερὶ

282 2772 338 2823 ὃν
366 2772 642 2825 διακονεῖν
678 2770 1059 2842 γεγραμμένοι
1092 2774 1227 2825 εἰσιν
1257 2776 1307 2827 οἱ
1354 2774 1609 2842 ἄγγελοι,
1655 2774 1732 2838 ὡς
1779 2776 1881 2827 Δα-

283 2862 396 2934 νιὴλ
430 2880 620 2933 ιρησιν,
659 2863 741 2915 ὃτι
775 2861 851 2927 ὡς
884 2862 995 2925 υἱὸς
1027 2862 1313 2934 ἀνθρώπου
1347 2866 1482 2936 πρὸς
1516 2868 1607 2919 τὸν
1639 2867 1877 2921 Παλαιὸν

282 2956 382 3008 τῶν
425 2954 661 3025 ἡμερῶν
709 2954 1043 3023 προσάγεται
1091 2954 1247 3026 (84),
1311 2958 1406 3010 καὶ
1470 2958 1618 3028 αὐτῷ
1679 2958 1878 3013 δίδοται

1982 1783 2250 1851 defecisse.
2275 1813 2347 1823 —-
2371 1780 2469 1835 Hic
2498 1780 2717 1851 Trypho
2775 1778 3129 1833 subirascens
3169 1779 3410 1846 quidem,
3458 1778 3569 1832 sed'

1986 1886 2160 1930 tamen
2198 1875 2510 1945 Scripturas
2542 1875 2832 1938 reveritus,
2860 1880 2921 1925 ut
2950 1886 3016 1927 ex
3048 1872 3168 1942 ejus
3214 1872 3362 1927 vultu
3397 1881 3555 1941 pate-

1983 1968 2096 2032 bat,
2128 1968 2202 2020 ita
2231 1966 2370 2020 dixit
2395 1963 2462 2018 ad
2500 1979 2586 2018 me
2618 1983 2631 2018 :
2668 1962 2868 2018 Sancta
2894 1962 3113 2031 quidem
3170 1962 3386 2031 eloquia
3421 1961 3554 2020 Dei:

1981 2060 2076 2113 sed
2107 2066 2302 2112 vestrae
2333 2055 2835 2125 interpretationes,
2871 2063 2931 2107 ut
2973 2054 3056 2107 vel
3099 2067 3165 2107 ex
3213 2052 3322 2119 his,
3370 2068 3493 2121 qme
3526 2066 3557 2106 a

1985 2158 2036 2201 te
2063 2149 2308 2217 exposita
2337 2155 2487 2213 sunt,
2526 2154 2780 2215 apparet,
2811 2154 2930 2199 arte
2964 2143 3303 2213 compositae,
3348 2142 3432 2196 vel
3459 2158 3557 2212 po-

1983 2240 2090 2293 tius
2123 2239 2319 2308 impiae.
2357 2237 2595 2308 Angelos
2625 2236 2771 2291 enim
2804 2236 3046 2305 improbe
3114 2250 3173 2290 se
3220 2235 3474 2306 gessisse,
3501 2242 3555 2287 et

1981 2344 2010 2382 ιι
2043 2329 2155 2383 Deo
2184 2327 2453 2382 defecisse
2483 2326 2640 2381 dicis.

2050 2419 2187 2474 Tum
2210 2434 2308 2485 ego
2334 2418 2629 2473 remissiori
2666 2432 2818 2482 voce,
2854 2428 2912 2471 ut
2942 2432 3065 2471 eum
3104 2416 3171 2469 ad
3206 2431 3290 2470 me
3332 2415 3553 2469 audien-

1981 2511 2108 2566 dum
2172 2526 2560 2580 praepararem,
2614 2511 2689 2562 ita
2744 2507 2997 2577 respondi
3037 2522 3052 2559 :
3088 2506 3364 2569 Admiror,
3423 2502 3557 2575 Try-

1979 2607 2106 2673 pho,
2141 2613 2286 2657 tuam
2337 2603 2483 2657 illam
2536 2602 2873 2671 religionem,
2919 2610 3077 2667 teque
3127 2600 3317 2653 eodem
3371 2600 3555 2651 animo
3642 2604 3651 2613 '

1981 2692 2121 2746 allici
2149 2707 2345 2761 precor
2384 2692 2437 2745 in
2485 2706 2631 2756 eum,
2667 2692 2751 2745 cui
2782 2691 3048 2759 scriptmn
3080 2698 3163 2743 est
3192 2687 3417 2757 angelos
3453 2688 3556 2740 mi—

1980 2783 2212 2836 nistrare
2231 2798 2247 2847 ;
2268 2781 2724 2851 quemadmodum
2744 2780 2820 2833 ait
2844 2777 3030 2833 Daniel
3054 2777 3115 2844 ιθ,
3142 2791 3267 2831 eum
3295 2786 3551 2846 tanquam

1981 2874 2148 2927 filium
2184 2872 2418 2928 hominis
2454 2872 2523 2926 ad
2563 2871 2861 2940 Antiquom
2898 2870 3105 2924 dierum
3139 2868 3356 2934 adduci,
3395 2868 3555 2936 eique

1982 2979 2205 3033 regnum
2255 2977 2417 3018 omne
2457 2962 2575 3017 dari
2628 2964 2680 3016 in
2729 2960 2985 3017 saeculum
3033 2959 3237 3014 saeculi.
3274 2958 3453 3028 Atque
3493 2967 3555 3014 ut

286 3048 424 3103 πᾶσα
472 3045 732 3115 βασιλεία
780 3047 859 3109 είς
904 3048 995 3100 τὸν
1039 3046 1209 3100 αἰῶνα
1252 3048 1343 3101 τοῦ
1392 3049 1606 3113 αἰῶνος.
1660 3050 1774 3103 Ἵνα
1817 3049 1868 3102 δὲ

1975 3066 2318 3125 perspectum
2370 3056 2595 3118 habeas,
2648 3051 2887 3128 Trypho,
2941 3065 3280 3120 nequaquam
3333 3049 3550 3119 propria

283 3141 584 3210 γνωρίζης,
636 3134 827 3203 εἷπον,
876 3132 921 3191 ὧ
969 3138 1255 3210 ἄνθρωπε,
1288 3140 1363 3213 μὴ
1408 3142 1655 3214 ἡμετέρᾳ
1700 3144 1875 3217 τόλμῃ

282 3232 668 3303 χρησαμένους
700 3229 798 3301 τὴν
834 3230 1090 3302 ἐξήγησιν
1132 3232 1365 3304 ταύτην,
1409 3235 1475 3305 ἢν
1525 3235 1750 3309 μέμφῃ,
1787 3255 1877 3289 πε-

285 3324 531 3393 ποιῆσθαι
569 3325 746 3393 ἡμεῖς,
786 3325 1094 3395 μαρτυρίαν
1130 3342 1211 3378 σοι
1244 3327 1337 3380 ἀπ’
1372 3330 1537 3382 αὑτοῦ
1572 3330 1663 3382 τοῦ
1712 3330 1875 3382 Ἡσα-

278 3417 358 3467 ω.
386 3415 565 3478 δώσω,
604 3418 690 3468 ὅτι
728 3417 995 3487 πονηροὺς
1038 3419 1304 3485 ἀγγέλους
1351 3420 1733 3491 κατῳκηκέναι
1779 3422 1875 3474 καὶ

280 3515 547 3565 κατοικεῖν
609 3511 767 3579 λέγει
821 3513 915 3565 καὶ
961 3514 1019 3565 ὲν
1063 3515 1224 3568 Τάνει
1269 3518 1333 3585 τῇ
1380 3516 1653 3585 Αἰγυπτίᾳ.
1698 3514 1871 3585 χώρᾳ.

282 3602 394 3654 Εἰσὶ
439 3603 498 3655 δὲ
547 3605 599 3656 οἱ
648 3602 799 3671 λόγοι
846 3597 1023 3656 οὗτοιο
1080 3625 1099 3657 ι
1142 3606 1277 3660 Οὐαὶ
1323 3606 1489 3660 τέκνα
1534 3607 1869 3661 ἀποστάται’

284 3692 398 3744 τάδε
431 3692 589 3760 λέγει
626 3691 871 3763 Κύριος·
925 3694 1243 3766 Ἑποιήσατε
1279 3696 1470 3768 βουλὴν
1516 3698 1578 3751 οὐ
1611 3699 1680 3751 δι’
1714 3697 1871 3769 ἐμοῦ,

284 3788 370 3837 καὶ
402 3786 681 3857 συνθήκας
716 3786 777 3839 οὐ
810 3786 899 3839 διὰ
930 3788 1021 3840 τοῦ
1056 3789 1364 3859 πνεύματός
1399 3807 1523 3860 μου,
1559 3791 1880 3863 προσθεῖναι

286 3878 550 3947 ἁμαρτίας
590 3878 677 3945 ἐφ’
717 3879 1045 3947 ἁμαρτίαις*
1081 3882 1130 3933 οἱ
1165 3882 1588 3952 πονηρευόμενοι
1624 3882 1735 3955 (85)
1769 3901 1871 3938 κα-

286 3969 498 4038 τιϐἦναι
545 3971 632 4033 είς
667 3968 944 4037 Αἴγυπτον
992 3970 1131 4041 (ἐμὲ
1176 3971 1231 4024 δὲ
1271 3974 1369 4026 οὐκ
1416 3973 1744 4047 ἠρώτησαν)
1777 3976 1870 4030 τοῦ

287 4061 613 4133 βοηθηθῑῃραι
661 4063 771 4115 ὑπὸ
815 4063 1044 4135 Φαραὼ,
1094 4066 1188 4118 καὶ
1234 4068 1605 4139 πεπασθῆναι
1662 4070 1873 4142 σκέπην

286 4156 611 4221 Αἰγυπτίων.
666 4157 861 4209 Ἔσται
908 4156 1015 4227 γὰρ
1062 4158 1188 4229 ὑμῖν
1233 4162 1265 4231 ή
1314 4161 1491 4234 σκέπη
1538 4161 1738 4233 Φαραὼ
1792 4165 1871 4228 είς

284 4245 559 4317 αἰσχύνην,
597 4246 693 4299 καὶ
727 4250 839 4309 τοῖς
872 4247 1185 4301 πεποιθόσιν
1232 4252 1317 4303 ἐπ’
1366 4253 1694 4321 Αἰγυπτίους
1736 4255 1873 4308 ὄνει-

1976 3161 2077 3200 nos
2102 3146 2324 3200 audacia
2356 3145 2614 3200 adductos
2644 3158 2791 3207 esse,
2822 3154 2881 3197 ut
2910 3158 3051 3205 eam,
3086 3141 3153 3194 de
3199 3156 3303 3212 qua
3352 3155 3552 3209 quere-

1975 3237 2075 3302 ris,
2118 3235 2625 3305 interpretationem
2693 3234 3114 3295 adhiberemus;
3177 3232 3548 3286 testimonium

1977 3328 2070 3382 tibi
2114 3344 2181 3382 ex
2229 3330 2346 3397 ipso
2376 3327 2512 3381 Isaia
2538 3326 2833 3396 proferam,
2865 3327 2956 3397 qui
2982 3325 3208 3379 Tanaim
3241 3338 3459 3396 quoque
3489 3325 3555 3380 in»

1975 3422 2195 3491 regione
2238 3420 2457 3490 {Egypti
2489 3420 2665 3475 malos
2704 3420 2927 3490 angelos
2964 3420 3238 3473 habitasse
3265 3420 3342 3471 ait
3366 3426 3422 3472 et
3449 3418 3550 3473 lla-

1974 3512 2168 3565 hilare.
2217 3511 2357 3565 Sunt
2402 3520 2582 3565 autem
2634 3512 2750 3565 haec
2779 3513 2939 3564 verba
2969 3528 2981 3564 :
3010 3528 3029 3560 ι
3063 3509 3154 3565 Vze
3178 3510 3273 3564 lilii
3306 3512 3548 3565 deserto-

1975 3618 2086 3669 res,
2117 3605 2232 3658 hzec
2261 3605 2391 3657 dicit
2419 3601 2947 3676 DominusJ‘ecistis
2975 3600 3285 3667 consilium,
3307 3616 3415 3655 non
3448 3615 3549 3669 per

1976 3709 2083 3759 me,
2112 3703 2166 3748 et
2191 3704 2347 3764 pacta
2383 3710 2491 3749 non
2529 3710 2625 3764 per
2655 3694 2908 3762 spiritum
2947 3708 3153 3759 meum,
3186 3702 3242 3747 ut
3270 3692 3546 3749 adderetis

1973 3797 2196 3856 peccata
2246 3787 2517 3857 peccatis;
2580 3786 2737 3856 177
2789 3785 3024 3855 maligne
3063 3795 3308 3855 agentes,
3342 3794 3402 3840 ut
3449 3786 3547 3840 de--

1972 3878 2306 3933 sccnderetis
2332 3880 2385 3931 in
2416 3877 2707 3948 [Egyptum
2737 3879 2862 3941 (me
2895 3887 3075 3932 autem
3105 3892 3213 3931 non
3243 3877 3545 3945 interroga-

1973 3969 2189 4037 verunt)
2222 3977 2278 4021 ιιι
2306 3968 2613 4036 acciperent
2639 3963 2899 4022 auxilium
2924 3984 2953 4021 a
2981 3966 3292 4031 Pharaone,
3316 3974 3369 4020 et
3393 3975 3544 4036 tege-

1974 4072 2163 4116 rentur
2208 4062 2521 4116 umbraculo
2577 4060 2983 4131 Aﬁgyptiorum.
3027 4059 3147 4113 Erit
3197 4060 3346 4114 enim
3389 4059 3544 4114 vobis

1971 4154 2236 4222 protectio
2260 4153 2557 4207 Pharaonis
2590 4154 2642 4205 in
2675 4151 3071 4215 confusionem,
3097 4161 3152 4203 et
3179 4150 3264 4203 his
3291 4150 3383 4219 qui
3410 4164 3543 4204 con-

1974 4246 2148 4301 fidunt
2180 4249 2232 4301 in
2261 4246 2537 4318 [Egyptiis
2566 4248 2939 4318 opprobrium.
2972 4246 3111 4299 Sunt
3135 4245 3278 4299 enim
3313 4246 3366 4299 in
3398 4245 3539 4301 Tani

280 4336 391 4397 δος·
439 4338 523 4389 ὅτι.
572 4337 717 4389 εἰσὶν
764 4340 823 4389 ὲν
870 4340 1032 4394 Τάνει
1078 4344 1310 4413 ἀρχηγοὶ
1355 4344 1575 4412 ἄγγελοι
1621 4348 1864 4418 πονηροί.

1973 4342 2265 4410 principes,
2290 4338 2465 4410 angeli
2490 4340 2727 4410 maligni.
2749 4338 2971 4393 Frustra
2992 4336 3315 4394 laborabunt
3346 4339 3412 4393 ad
3436 4352 3536 4406 po-

281 4428 464 4497 ὶίἀτην
498 4428 831 4482 κοπιάσουσι
865 4431 1001 4501 πρὸς
1034 4431 1189 4497 λαὸν,
1236 4432 1295 4496 ὃς
1340 4433 1738 4506 οὐκῶφελήσει
1773 4437 1869 4488 αὐ-

280 4518 396 4581 τοὺς
429 4521 509 4582 εἰς
546 4519 829 4590 βοήθειαν,
864 4521 979 4574 ἀλλ’
1013 4524 1093 4586 είς
1142 4523 1401 4595 αἰσχύνην
1449 4526 1543 4577 καὶ
1582 4526 1798 4589 ὄνειδος.
1843 4546 1861 4578 ›

294 4610 443 4664 ’Δῦὰ
476 4613 574 4664 καὶ
606 4612 889 4683 Ζαχαρίας
935 4614 1130 4684 φησὶν,
1165 4616 1239 4679 ὡς
1285 4616 1378 4669 καὶ
1423 4618 1583 4680 αὐτὸς
1628 4619 1867 4690 ἐμνημό-

349 4766 393 4797 ¹⁵
426 4766 535 4821 lsa.
562 4781 723 4830 uix,
761 4767 850 4821 l3.
931 4767 975 4798 ¹⁶
1014 4783 1134 4837 cap.
1173 4784 1271 4834 vu,
1308 4785 1358 4823 ν.
1395 4771 1482 4832 15,
1520 4771 1607 4823 14.

348 4881 459 4947 (89.)
485 4882 793 4952 ἡἘκείνην
824 4883 1022 4947 καλῶς
1056 4882 1384 4952 Σαμαᾉειαν
1424 4884 1610 4938 καλεῖ.
1655 4885 1861 4940 Similia

284 4952 438 5005 habet
471 4951 857 5024 Tertullianus
892 4953 984 5005 lib.
1017 4951 1144 5024 adv.
1182 4953 1421 5015 Judwos,
1461 4972 1510 5009 c.
1548 4958 1600 5016 9.
1635 4972 1689 5024 p.
1733 4957 1854 5018 195,

284 5024 465 5074 dicens
510 5042 524 5077 :
557 5041 575 5071 ι
612 5022 798 5087 Spolia
828 5034 1008 5076 autem
1045 5022 1324 5090 Samarize,
1355 5027 1498 5093 ipsos
1526 5022 1730 5093 magos,
1762 5026 1854 5093 qui

282 5108 395 5145 com
431 5093 586 5143 ιΙΙιιιιι
618 5093 1028 5159 cognovissent,
1058 5103 1112 5145 et
1138 5098 1450 5149 muneribus
1474 5095 1854 5157 honorassent,

282 5164 430 5228 quasi
468 5162 771 5213 Dominum
799 5171 852 5214 et
886 5179 1067 5229 regem
1100 5164 1198 5215 sub
1232 5166 1542 5218 testimonio
1578 5166 1771 5219 imlicis
1798 5176 1855 5219 et

283 5234 430 5284 ducis
463 5231 641 5284 stellas
668 5231 841 5298 spolia
867 5242 993 5284 sunt
1024 5232 1149 5285 facti
1180 5233 1460 5298 Sarnariae,
1491 5236 1522 5286 i.
1553 5251 1601 5291 e.
1632 5236 1854 5289 idolola-

285 5302 417 5361 triar,
456 5305 756 5353 credentes
789 5302 1042 5355 videlicet
1071 5304 1121 5354 in
1154 5302 1450 5359 Christum.
1486 5306 1849 5360 ldololatriam

281 5374 421 5423 enim
454 5371 729 5442 Samaria:
761 5372 981 5425 nomine
1021 5375 1247 5435 notavit,
1291 5385 1351 5428 ut
1381 5377 1749 5442 ignominiosae
1779 5375 1850 5428 ob

286 5441 654 5512 idololatriam
705 5456 812 5508 qua
848 5443 1172 5512 desciverat
1220 5454 1346 5498 tunc
1392 5441 1420 5497 a
1451 5445 1560 5499 Deo
1596 5445 1696 5499 sub
1727 5459 1854 5512 rege

282 5508 633 5565 Hierobomn.
668 5530 685 5561 ι
718 5510 921 5565 Confer
960 5512 1200 5578 ejusdem
1231 5514 1321 5568 lib.
1352 5530 1408 5568 ιιι
1435 5516 1555 5568 adv.
1587 5508 1847 5569 Marcion.

283 5582 451 5653 c.15,
482 5595 537 5647 p.
574 5579 699 5633 404.
722 5579 950 5653 JEnB.—-—
968 5581 1155 5651 Magos
1173 5583 1541 5642 Iertullianus
1562 5584 1728 5653 spolia
1747 5584 1852 5638 Sa-

289 5652 629 5723 niarimgnon,
656 5662 748 5723 ιιι-
774 5651 1047 5709 Justinus.
1078 5654 1366 5719 appellatos
1416 5651 1691 5709 existimat
1723 5656 1856 5723 quia

290 5722 484 5798 dial-inii
516 5721 697 5798 prada
727 5721 971 5798 fuerant,
1001 5724 1098 5774 sed
1130 5724 1253 5791 quia
1287 5725 1703 5798 ips_ius_Christ_i.

350 5791 461 5860 (35)
502 5791 634 5845 Νῦν
664 5792 1165 5861 πέσε-νενέμηται,
1203 5791 1319 5851 etc;
1345 5794 1616 5851 Justinuin
1663 5796 1713 5849 in
1747 5796 1847 5853 hac

1971 4434 2175 4505 pulum,
2207 4434 2298 4503 qui
2348 4435 2428 4487 eis
2476 4448 2581 4487 nou
2632 4432 2879 4500 proderit
2910 4432 2976 4485 ad
3022 4433 3304 4495 auxilium,
3345 4432 3438 4487 sed
3468 4432 3536 4487 ad

1973 4525 2367 4592 confusionem,
2409 4533 2465 4579 et
2505 4524 2853 4593 opprobrium
2877 4523 2940 4576 ‘7.
2969 4543 2987 4576 ι
3019 4522 3125 4579 Sed
3153 4532 3209 4578 et
3242 4523 3537 4578 Zacharias

1972 4616 2187 4685 dicit“,
2226 4619 2677 4686 quemadmodum
2713 4616 2828 4686 ipse
2857 4615 3317 4681 commemorasti,
3347 4614 3538 4670 diabo-

1701 4772 1743 4802 "
1782 4771 1887 4825 lsa.
1920 4786 2047 4834 xxx,
2075 4772 2189 4825 1-5.
2269 4772 2313 4802 ¹⁸
2351 4786 2472 4840 cap.
2506 4786 2588 4837 Ill,
2623 4788 2677 4825 v.
2706 4773 2755 4829 l.

1961 4886 2225 4960 divisione
2265 4889 2509 4960 sequitur
2555 4888 2945 4955 Tertullianus,
2977 4891 3070 4960 qui
3114 4887 3530 4960 Damascumin

1963 4957 2415 5027 Syrophtenicem
2446 4961 2826 5027 transcriptum
2860 4977 2980 5015 esse
2995 4957 3215 5015 asserit
3250 4974 3315 5014 ex
3345 4957 3535 5009 distin-

1962 5030 2141 5079 ctione
2174 5026 2460 5095 Syriarum
2497 5042 2525 5080 a
2557 5026 2813 5084 Romanis
2847 5031 3055 5084 scilicet
3104 5030 3266 5082 facta.
3302 5027 3530 5080 Tertull.

1960 5100 2087 5169 adv_._
2114 5096 2330 5149 Juda’os
2360 5112 2408 5150 c.
2525 5101 2699 5167 Atque
2723 5100 2845 5153 huic
2876 5100 3244 5169 suffragantur
3268 5098 3536 5151 Eusebius

1961 5176 2011 5218 et
2048 5165 2431 5234 Hieronymus,
2458 5165 2755 5225 Phoenicio:
2801 5165 3136 5225 ascribentes
3184 5172 3531 5222 Damascum.

1962 5235 2381 5308 Symphaznices
2400 5248 2578 5292 autem
2604 5249 2727 5292 sunt
2750 5240 2912 5293 medii
2938 5242 3078 5293 inter
3105 5243 3351 5308 Syroset
3370 5235 3533 5290 Plite-

1959 5311 2129 5368 nices,
2167 5317 2333 5377 atque
2377 5319 2654 5375 occupant
2686 5310 2935 5375 regiones
2969 5310 3020 5361 in
3054 5311 3338 5377 utriusque
3364 5310 3532 5360 conli-

1959 5378 2048 5431 nio
2096 5377 2249 5441 sitas,
2287 5376 2616 5446 Hierapolim
2668 5390 2794 5447 puta
2840 5379 3154 5433 Chalcidem
3205 5376 3265 5432 et
3304 5378 3531 5447 Marsyae

1959 5454 2229 5513 tractum;
2260 5445 2464 5516 quibus
2492 5445 2776 5503 accessere
2805 5449 3105 5503 Damascus
3133 5458 3187 5502 et
3230 5448 3389 5502 Ahila
3421 5445 3529 5515 Ly-

1956 5518 2140 5587 saniaz;
2160 5533 2295 5584 quas
2316 5516 2627 5587 qulesyriae
2642 5519 2919 5571 ascribunt
2948 5517 3269 5571 Ptolomaeus
3294 5531 3349 5570 et
3371 5518 3520 5569 Stra-

1955 5587 2044 5640 bo.
2080 5586 2336 5643 Bochart.
2365 5586 2632 5648 Canaan.,
2670 5588 2763 5640 lib.
2787 5604 2827 5651 l,
2861 5604 2907 5640 c.
2947 5589 2998 5649 Ι,
3032 5603 3085 5655 p.
3114 5588 3237 5641 365.
3268 5587 3419 5642 1338.
3477 5632 3481 5636 ,

1959 5710 1966 5723 ,
2024 5658 2134 5727 (84)
2174 5655 2557 5780 ἲΙροσάγεται.
2602 5657 2803 5728 Supple
2830 5659 2893 5711 ab
2927 5659 3007 5711 Itis
3037 5660 3126 5727 qui
3153 5669 3350 5721 astant,
3374 5672 3525 5711 nctu-

1959 5742 2019 5780 ne
2051 5744 2188 5780 auge
2217 5744 2282 5780 IS.

1954 5742 2019 5796 pe
2051 5742 2282 5796 angens.
2884 5787 2913 5793 κ

2023 5799 2134 5869 (85)
2174 5797 2659 5869 Ποννιρευόμενοι.
2700 5797 2755 5855 ln
2782 5799 2966 5857 Bibliis
2997 5800 3373 5873 πορευόμενον..
