3962 6262
415 315 523 373 663

1371 312 1428 368 S.
1463 312 1728 371 JUSTINI
1762 309 2173 381 PHILOSOPHI
2208 309 2295 367 ET
2327 306 2682 383 MARTYRIS

3548 314 3649 379 664

415 434 523 488 lum
568 431 787 499 stetisse
838 446 868 497 a
910 431 1120 495 dextris
1156 431 1282 487 Jesu
1313 429 1611 485 sacerdotis
1640 438 1698 483 ut
1724 429 1981 486 adversa-

2098 444 2298 491 ;sucac,
2332 427 2413 479 ὃτι
2445 427 2474 478 ὁ
2505 425 2746 489 διάϐολος
2780 426 3017 497 εἱστήκει
3051 427 3116 478 ἐκ
3146 425 3333 493 δεξιῶν
3360 425 3531 497 Ἰησου
3560 431 3649 485 τοῦ

414 537 567 584 retur
594 527 669 592 ei,
699 534 754 581 et
784 526 1070 581 Dominum
1104 523 1313 579 dixisse
1344 540 1358 577 :
1394 542 1413 573 ι
1446 522 1695 591 lncrepet
1727 532 1778 576 te
1804 521 1987 577 Domi-

413 631 537 678 nus.
568 617 660 685 qui
692 615 932 684 suscepit
960 612 1321 679 Hierusalem.
1354 630 1373 665 ›
1410 613 1489 666 Ac
1518 626 1733 667 rursum
1761 613 1815 667 in
1849 612 1987 667 libro

412 706 575 762 Job"
609 707 868 776 scriptum
899 715 1004 770 est,
1051 715 1110 760 ut
1159 713 1216 760 et
1261 706 1376 775 ipse
1407 704 1618 775 dixisti,
1648 704 1870 773 angelos
1896 719 1988 759 ve-

414 799 565 856 nisse
602 809 664 853 ut
692 799 1016 865 assisterent
1063 812 1247 862 coram
1299 796 1563 861 Domino;
1613 806 1668 853 et
1714 796 1984 868 diabolum

413 907 523 951 una
550 906 673 946 cum
707 890 812 945 illis
840 890 1100 946 adfuisse.
1132 889 1198 943 Et
1226 903 1255 941 a
1290 888 1469 959 Moyse
1502 889 1553 942 in
1586 888 1853 957 principio
1880 887 1988 943 Ge-

414 982 560 1038 nesis
595 983 857 1050 Scriptum
886 981 1148 1035 habemus
1174 979 1339 1053 Evam
1370 995 1399 1034 a
1430 988 1685 1047 serpente
1706 980 1985 1050 deceptam

415 1074 603 1148 fuisse,
649 1087 882 1143 eumque
914 1073 1052 1126 diris
1081 1073 1359 1127 devotum.
1397 1071 1464 1125 Et
1497 1072 1547 1125 in
1589 1072 1824 1142 [Egypto
1868 1086 1985 1125 ma-

414 1180 512 1235 gos
563 1165 768 1220 scimus
816 1172 1042 1218 conatos
1091 1176 1212 1217 esse
1259 1162 1461 1216 imitari
1504 1162 1764 1231 virtutem
1815 1164 1983 1225 illam.

414 1270 579 1325 quam
624 1269 721 1326 per
766 1254 973 1309 fidelem
1024 1253 1281 1307 famulum
1316 1253 1457 1310 Deus
1486 1257 1839 1323 operabatur.
1878 1255 1987 1311 Nec

412 1362 511 1419 vos
561 1348 694 1403 latet
738 1348 941 1402 dixisse
988 1346 1246 1401 Davidem
1281 1363 1295 1399 :
1328 1365 1345 1415 ι
1377 1346 1459 1400 Dii
1500 1346 1741 1415 gentium
1787 1349 1989 1415 daemoe

414 1443 503 1494 nia
525 1442 588 1493 ²⁰.
613 1460 632 1492 ι

482 1534 572 1589 80.
605 1535 807 1590 Justini
829 1539 1087 1592 sententia
1115 1535 1179 1589 de
1208 1551 1365 1605 regno
1395 1534 1540 1589 mille
1571 1550 1851 1589 annorum.
1885 1534 1986 1589 Re-

410 1636 645 1696 pugnant
677 1627 853 1695 plures
901 1631 1173 1688 catholici.
1200 1660 1270 1669 —
1302 1630 1377 1682 Ad
1424 1629 1538 1683 haec
1578 1628 1798 1697 Trypho
1826 1641 1840 1678 :
1864 1626 1983 1681 Jam

412 1720 531 1783 tibi,
569 1721 763 1790 inquit,
792 1722 927 1789 dixi,
958 1724 1010 1777 id
1045 1740 1074 1776 a
1114 1733 1164 1778 te
1192 1723 1245 1776 in
1282 1722 1536 1776 omnibus
1588 1720 1894 1791 provideri,
1928 1728 1987 1772 ut

2091 518 2303 590 ἱερέως,
2336 514 2669 570 ἀντικεῖσθαι
2700 515 2878 585 αὐτῷ·
2915 516 3011 568 καὶ
3043 517 3215 568 εἰπεῖν
3249 516 3380 587 (86)·
3421 537 3438 570 ι
3460 518 3655 576 Ἐπιτις

2091 612 2265 682 μήσαι
2299 626 2381 662 σοι
2396 609 2599 679 Κύριος
2632 608 2660 658 ὁ
2693 605 3045 687 ἐκδεξάμενος
3080 606 3194 678 (87)
3241 606 3606 680 Ἰερουσαλήμ.
3631 629 3650 662 ι

2088 706 2197 758 Kal.
2244 703 2404 758 πάλιν
2451 705 2509 756 ἐν
2556 700 2631 771 τῷ
2702 699 2819 754 Ἰὼϐ
2851 700 3187 771 γέγραπται,
3235 699 3311 763 ὡς
3357 700 3448 754 καὶ
3501 699 3658 766 αὐτὸς

2088 798 2255 870 ἔφης,
2303 800 2384 851 ὅτι
2425 798 2474 851 οἱ
2520 795 2741 864 ἄγγελοι
2783 791 2945 867 ἦλθον
2993 795 3181 866 στῆναι
3226 793 3532 866 ἔμπροσθεν
3559 794 3663 846 Κυ-

2092 886 2228 957 ρὶου,
2264 887 2358 940 καὶ
2390 887 2419 937 ὁ
2448 884 2690 947 διάϐολος
2724 885 2839 956 ἆμα
2873 884 3054 948 αὐτοῖς
3095 884 3363 957 ἐληλύθει.
3410 884 3520 938 Καὶ
3562 884 3663 938 ὑπὸ

2089 978 2367 1053 Μωῦσέως
2401 981 2456 1031 ἐν
2491 979 2631 1049 ἀρχῇ
2665 978 2762 1049 τῆς
2793 977 2832 1030 Γ
2835 976 3060 1041 ενέσεως
3075 977 3197 1046 ὅφιν
3211 976 3663 1049 πλανήσαντατὴν

2090 1069 2235 1123 Εὕαν
2266 1070 2651 1142 γεγραμμένον
2684 1069 2901 1141 ἔχομεν,
2937 1072 3032 1123 καὶ
3063 1068 3531 1141 κεκατηραμένον.
3556 1069 3663 1123 Καὶ

2089 1163 2147 1215 ὲν
2180 1162 2440 1233 Αἰγύπτῳ
2472 1162 2554 1215 ὅτι
2590 1162 2756 1233 μάγοι
2786 1157 2926 1233 ἦσαν
2974 1159 3281 1225 ἐξισοῦσθαι
3328 1159 3437 1231 (88)
3482 1161 3549 1230 τῇ
3581 1160 3665 1214 δυ-

2091 1256 2253 1324 νάμει
2299 1256 2365 1325 τῇ
2412 1252 2781 1323 ἐνεργουμένη
2832 1252 2924 1305 διὰ
2966 1250 3061 1305 τοῦ
3110 1251 3303 1305 πιστοῦ
3342 1249 3664 1322 θεράποντος

2090 1348 2367 1410 Μωῡσέως
2400 1346 2504 1399 ὑπὸ
2535 1344 2626 1399 τοῦ
2662 1344 2818 1411 Θεοῦ,
2854 1344 3115 1416 ἔγνωμεν·
3136 1347 3231 1398 κα)⁸
3262 1344 3427 1397 Δαόὶδ
3457 1344 3538 1397 ὅτι
3574 1362 3592 1393 ι
3615 1345 3662 1397 οἱ

2091 1440 2204 1493 θεοὶ
2237 1437 2341 1491 τῶν
2375 1436 2542 1497 ἐθνῶν
2574 1436 2829 1506 δαιμόνιά
2860 1439 3018 1500 εἰσιν,
3063 1456 3081 1488 ι
3119 1431 3308 1500 εἶπεν,
3355 1434 3659 1488 ἐπίστασθε.

2164 1531 2250 1585 80.
2292 1530 2403 1583 Καὶ
2435 1532 2463 1582 ὁ
2496 1528 2729 1601 Τρύφων
2772 1530 2909 1600 πρὸς
2953 1527 3125 1582 ταῦτα
3170 1527 3293 1599 ἔφη’
3332 1523 3502 1581 Εἶπον
3534 1527 3664 1598 πρὸς

2093 1623 2181 1685 σὲ,
2217 1616 2262 1675 ὧ
2308 1620 2593 1693 ἄνθρωπε,
2641 1622 2722 1673 ὃτι
2769 1620 3017 1692 ἀσφαλὴς
3065 1622 3124 1673 ἐν
3171 1621 3305 1673 πᾶσι
3356 1617 3667 1682 σπουδάζεις

2092 1709 2229 1765 εἶναι
2276 1715 2396 1779 ταῖς
2436 1713 2682 1784 Γραφαῖς
2728 1711 3225 1785 προσπλεκόμενος.
3275 1711 3411 1764 Εἰπὲ
3448 1709 3506 1762 δέ
3562 1726 3666 1780 μοι,

412 1816 712 1886 Scripturis
747 1818 1057 1887 implicatus
1092 1819 1145 1872 in
1184 1828 1301 1872 tuto
1338 1817 1593 1873 verseris.
1631 1816 1738 1870 Sed
1775 1830 1875 1883 age
1898 1814 1984 1869 dic

2098 1806 2301 1878 ὶληθῶς
2340 1807 2498 1877 ὑμεῖς
2544 1805 3029 1877 ἀνοικοδομηθῆναι
3063 1806 3154 1859 τὸν
3188 1805 3354 1858 τόπον
3400 1804 3669 1875 Ἰερουσα-

413 1906 545 1961 mihi
580 1923 748 1964 :vere
792 1910 937 1964 hunc
996 1924 1091 1965 vos
1136 1909 1641 1981 Hierosolymorum
1680 1907 1859 1962 locum
1900 1907 1987 1960 in-

411 2008 714 2054 Stauratum
750 2000 817 2053 iri
856 1999 1134 2065 fatemini,
1175 2015 1237 2056 ac
1278 2000 1530 2070 populum
1566 2006 1805 2053 vestrum
1850 2012 1986 2052 con-

412 2100 696 2156 gregatum
735 2090 825 2154 iri,
859 2099 914 2145 et
961 2106 1083 2145 cum
1125 2090 1350 2145 Christo
1394 2091 1548 2145 beate
1584 2089 1856 2144 victurum
1894 2103 1990 2142 ex-

411 2181 677 2246 spectatis
708 2197 811 2235 una
852 2197 974 2239 cum
1010 2182 1335 2251 patriarchis
1370 2191 1426 2237 et
1459 2182 1771 2251 prophetis.
1808 2180 1988 2249 iisque

410 2272 504 2341 qui
548 2288 615 2326 ex
654 2284 842 2328 nostro
877 2288 1074 2344 genere
1109 2274 1364 2337 fuerunt,
1410 2274 1495 2330 vel
1538 2276 1701 2328 etiam
1740 2274 1895 2329 nobis
1930 2288 1989 2329 se

413 2361 774 2429 adjunxerunt
809 2371 1097 2433 antequam
1130 2364 1381 2420 Christus
1408 2374 1593 2419 vester
1627 2365 1879 2428 veniret;
1919 2379 1987 2417 an

413 2464 472 2506 ut
507 2468 607 2508 nos
638 2455 880 2511 videaris
916 2456 1132 2511 abunde
1176 2458 1227 2511 in
1265 2458 1659 2515 controversiis
1704 2472 1986 2528 superare,

411 2562 477 2609 eo
504 2546 795 2618 confugisti
833 2557 892 2603 ut
926 2549 1041 2604 haec
1067 2548 1355 2605 fatereris?

475 2640 610 2695 Tum
648 2656 789 2711 ego:
842 2641 960 2699 Non
1008 2642 1085 2697 ita
1132 2644 1299 2698 miser
1337 2658 1492 2708 sum,
1557 2644 1808 2712 inquam.
1852 2643 1990 2715 Try-

410 2733 539 2801 pho,
569 2743 627 2787 ut
672 2733 819 2789 aliud
854 2734 1057 2800 dicam,
1108 2735 1256 2789 aliud
1293 2737 1546 2792 sentiam.
1585 2736 1706 2791 Tibi
1732 2736 1900 2805 igitur
1934 2748 1989 2793 et

410 2835 569 2881 antea
609 2826 895 2881 confessus
935 2842 1081 2894 sum,
1109 2844 1195 2884 me
1229 2838 1283 2884 et
1314 2829 1509 2903 multos
1540 2830 1677 2884 alios
1706 2831 1821 2885 haec
1858 2846 1985 2885 sen-

416 2922 540 2985 tire,
568 2922 638 2975 ita
672 2932 731 2975 ut
763 2921 988 2976 omnino
1021 2932 1367 2991 perspectum
1408 2922 1707 2976 habeamus
1730 2924 1807 2977 sic
1842 2924 1989 2978 futu-

414 3028 536 3067 rum
563 3030 577 3067 :
606 3022 662 3067 at
699 3013 899 3068 multos
934 3028 1145 3080 rursus,
1178 3026 1383 3083 eosque
1417 3028 1480 3067 ex
1518 3015 1611 3069 illo
1646 3014 1988 3070 Christiano-

413 3122 534 3162 rum
562 3121 783 3177 genere,
811 3108 954 3177 quod
998 3107 1141 3178 piam
1173 3116 1226 3163 et
1262 3123 1455 3178 puram
1486 3108 1735 3179 sequitur
1770 3118 1988 3164 senten-

416 3202 567 3266 tiam,
598 3201 651 3254 id
681 3216 787 3256 non
819 3216 1116 3272 agnoscere
1158 3201 1253 3255 tibi
1304 3200 1631 3271 signiﬁcavi.
1669 3200 1803 3255 Nam
1841 3201 1983 3271 quod

414 3303 623 3368 spectat
648 3297 714 3350 ad
743 3310 857 3363 eos,
888 3296 980 3366 qui
1007 3295 1305 3351 Christiani
1332 3296 1550 3366 quidem
1582 3297 1858 3361 dicuntur,
1888 3299 1984 3352 sed

414 3388 563 3444 athei
617 3397 674 3443 et
721 3388 872 3457 impii
920 3396 1046 3442 sunt
1101 3387 1365 3454 haeretici,
1413 3388 1732 3458 blasphema
1774 3388 1895 3443 illos
1931 3389 1984 3441 in

415 3478 670 3551 omnibus
693 3488 746 3533 et
776 3479 939 3550 impia
963 3489 1017 3533 et
1042 3479 1227 3559 insana
1248 3479 1445 3534 docere
1467 3479 1563 3534 tibi
1588 3477 1981 3541 demonstravi.

493 3632 535 3666 “
572 3648 690 3703 cap.
728 3649 765 3697 ι,
803 3648 854 3687 v.
883 3633 933 3685 6.
1011 3634 1057 3665 ³ο
1097 3632 1241 3689 Psal.
1272 3648 1392 3698 xcv,
1426 3633 1479 3686 5.

491 3784 602 3856 (86)
642 3786 753 3839 Kal
782 3752 1466 3858 elL‘rleasubaudiendum
1496 3788 1587 3840 τὸν
1622 3787 1847 3858 Κύριον,
1872 3802 1994 3857 qua:

419 3871 669 3927 vox__rion
706 3857 979 3927 omittitur
1007 3855 1145 3909 infra
1180 3857 1395 3927 n.115.

454 3924 716 4058 geuge
748 3923 1164 3998 ἐκδεξάμενος.
1200 3923 1340 3981 Infra
1372 3943 1426 3982 n.
1456 3927 1580 3994 “5,
1614 3928 1811 3998 legitur
1840 3927 1995 4030 satis

421 3993 831 4135 ξάῶῗῖςὶθάγοι
862 4062 1025 4137 ἦσαν
1056 4065 1427 4130 ἐξισοῦσθαι.
1476 4067 1546 4122 Ut
1578 4078 1867 4131 corruptus
1909 4069 1997 4122 hic

419 4136 573 4191 locus
599 4146 845 4192 sanetur.
876 4137 1154 4192 legendum
1186 4138 1401 4191 videtur
1426 4137 1705 4192 ἐποίησαν.
1738 4139 1828 4192 Sic
1850 4139 1995 4192 enim

421 4148 573 4191 meus
599 4148 845 4201 sanetur,
876 4148 1154 4207 legendum
1186 4148 1401 4191 Videtur
1426 4148 1705 4222 ἐποίησαν.
1738 4148 1828 4192 διο
1850 4148 1995 4193 enim

421 4207 596 4278 Exod.
627 4221 741 4270 VIII,
771 4222 825 4259 ν.
860 4207 926 4260 18
954 4207 1103 4278 :Kai.
1136 4206 1401 4278 ἐποίησαν
1435 4208 1697 4271 ὡσαύτως
1731 4210 1781 4260 οἱ
1806 4210 1995 4261 ἐπαοι-

418 4277 502 4357 δοὶ
548 4278 670 4357 ταῖς
704 4277 1073 4357 φαρμακείαις
1096 4276 1294 4357 ,αὐτῶν
1318 4277 1606 4357 ἐξαγαγεῖν
1642 4281 1863 4348 σκνῖφα,
1901 4280 1996 4332 καὶ

422 4345 835 4419 ούκᾲῂδύναντοζ
875 4346 1063 4419 Melius
1094 4345 1233 4419 forte
1259 4345 1577 4419 ἐπείρασαν.

496 4417 609 4487 (89)
652 4418 797 4487 Ἅμα
828 4417 970 4483 τοῖς.
1007 4417 1142 4471 Cutn
1179 4417 1417 4482 Christo,
1452 4428 1511 4472 ut
1543 4421 1714 4472 heatre
1748 4418 1869 4472 vitre
1903 4435 1995 4473 au-

2090 1898 2202 1969 λὴμ
2234 1897 2418 1951 τοῦτον
2451 1898 2782 1969 ὁμολογεῖτε,
2818 1898 2912 1951 καὶ
2948 1896 3382 1968 συναχθήσεσθαι
3420 1895 3518 1948 τὸν
3548 1894 3671 1949 λαὸν

2091 1991 2119 2043 ὑ
2129 1989 2265 2061 μῶν,
2292 1990 2387 2043 καὶ
2408 1989 2777 2061 εὐφρανθῆναι
2814 1989 2911 2042 σὺν
2939 1987 3017 2059 τῷ
3039 1985 3259 2059 Χριστῷ
3281 1986 3397 2057 ἅμα
3421 1988 3536 2048 τοῖς
3565 1984 3671 2056 (89)

2090 2081 2457 2153 πατριάρχαις
2491 2082 2587 2135 καὶ
2621 2083 2731 2143 τοῖς
2779 2081 3120 2151 προφήταις,
3157 2078 3253 2132 καὶ
3292 2079 3403 2141 τοῖς
3436 2076 3550 2131 ἀπὸ
3584 2075 3671 2130 τοῦ

2089 2173 2359 2245 ἡμετέρου
2393 2172 2604 2240 γένους,
2642 2171 2674 2242 ἢ
2710 2172 2806 2224 καὶ
2840 2170 2947 2227 τῶν
2981 2168 3338 2241 προσηλύτων
3369 2168 3675 2240 γενομένων

2091 2263 2220 2334 πρὶν
2256 2261 2427 2315 ἐλθεῖν
2462 2263 2490 2314 ύ
2501 2260 2615 2332 μῶν
2640 2262 2731 2315 τὸν
2747 2261 3003 2332 Χριστὸν,
3032 2259 3390 2331 προσδοκᾶτε·
3419 2259 3453 2330 ἢ
3490 2258 3574 2312 ἶνα
3596 2257 3676 2310 δό-

2090 2356 2187 2427 ξῃς
2234 2358 2589 2427 περικρατεῖν
2636 2352 2793 2425 ἡμῶν
2840 2355 2899 2406 ἐν
2947 2356 3065 2416 ταῖς
3114 2352 3412 2426 ζητήσεσι,
3447 2352 3589 2422 πρὸς
3618 2352 3675 2405 τὸ

2089 2447 2261 2501 ταῦτα
2292 2447 2569 2517 ὁμολογεῖν
2604 2436 2921 2517 ἐχώρησαςὲ

2160 2648 2330 2718 Κάγὼ
2364 2646 2535 2702 εἴποψ
2573 2651 2685 2719 Ούχ
2717 2647 2860 2702 οῦτω
2885 2648 3050 2712 τάλας
3084 2648 3216 2718 ἐγὼ,
3252 2643 3297 2703 ὦ
3332 2646 3675 2720 Τρύφων,ὠς

2090 2742 2251 2813 ἕτερα
2284 2740 2461 2810 λέγειν
2496 2741 2675 2813 παρ’δι
2711 2740 2909 2813 φρονῶ.
2962 2740 3303 2812 Ὠμολόγησα
3341 2740 3448 2812 (90)
3481 2736 3572 2794 οῦν
3597 2758 3675 2793 σοι

2090 2834 2185 2887 καὶ
2217 2834 2482 2906 πρότερον
2502 2875 2517 2897 ,
2551 2835 2634 2887 ὅτι
2682 2835 2792 2902 ἐγὼ
2829 2835 2927 2903 μὲν
2962 2835 3057 2887 καὶ
3090 2834 3239 2887 ἄλλοι
3288 2833 3479 2887 πολλοὶ
3512 2832 3675 2887 ταῦτα

2090 2926 2413 2999 φρονοῦμεν,
2450 2927 2524 2989 ὡς
2557 2928 2652 2980 καὶ
2686 2927 2902 2997 πάντως
2936 2926 3230 2980 ἐπίστασθε
3267 2927 3374 2997 (9|)
3406 2926 3564 2979 τοῦτο
3588 2942 3673 2994 γε-

2089 3020 2404 3092 νησόμενον·
2443 3019 2670 3083 πολλοὺς
2703 3020 2745 3072 δ’
2775 3015 2841 3072 αὖ
2877 3019 2971 3073 καὶ
3006 3018 3113 3072 τῶν
3146 3019 3243 3089 τῆς
3272 3019 3527 3089 καθαρᾶς
3568 3016 3673 3089 (92)

2090 3114 2184 3166 καὶ
2230 3111 2486 3175 εὐσεϐοῦς
2532 3111 2701 3167 ὄντων
2748 3110 3091 3182 Χριστιανῶν
3126 3109 3374 3181 γνώμης,
3409 3110 3569 3165 τοῦτο
3604 3109 3676 3181 μὴ

2088 3205 2372 3275 γνωρίζειν
2418 3204 2670 3276 ἐσήμανά
2717 3221 2819 3259 σοι.
2871 3204 3009 3268 Τοὺς
3047 3202 3156 3274 γὰρ
3202 3203 3537 3275 λεγομένους
3583 3202 3677 3273 μὲν

2089 3297 2478 3367 Χριστιανοὺς,
2514 3296 2670 3360 ὄντας
2703 3297 2759 3350 δέ
2798 3296 2991 3360 ἀθέους
3024 3296 3119 3349 καὶ
3152 3295 3369 3359 ἀσεϐεῖς
3416 3293 3676 3366 αἰρεσιώ-

2088 3405 2205 3451 τας,
2240 3389 2321 3441 ὅτι
2353 3387 2494 3441 κατὰ
2526 3388 2703 3441 πάντα
2740 3387 3037 3458 βλάσφημα
3064 3386 3160 3440 καὶ
3186 3387 3322 3441 ἄθεα
3346 3386 3443 3440 καὶ
3472 3385 3674 3458 ἀνόητα

2088 3478 2458 3543 διδάσκουσιν,
2494 3477 2739 3549 ἐδήλωσά
2773 3496 2873 3537 σοι.
2915 3480 3037 3533 Ὅτι
3069 3477 3113 3530 δ’
3137 3478 3239 3531 οὐκ
3274 3477 3361 3547 ἐφ’
3388 3476 3549 3549 ὑμῶν
3584 3477 3678 3550 μό-

2102 3787 2226 3841 dum
2266 3786 2409 3853 illius
2438 3787 2603 3842 verba
2639 3782 2827 3850 refert,
2863 3784 3145 3838 brevitatis
3173 3798 3340 3838 causa
3370 3781 3678 3851 praetermi-

2102 3854 2192 3911 sit.
2248 3857 2473 3925 Vitletur
2507 3854 2753 3909 Justinus
2802 3855 2897 3925 de
2924 3855 3319 3925 instauratione
3356 3854 3674 3925 Hierosoly-

2105 3942 2311 3979 morum
2359 3926 2684 3981 disseruisse
2722 3926 2773 3978 in
2823 3924 2995 3992 prima
3041 3933 3195 3992 parte
3240 3924 3454 3994 Dialogi
3498 3941 3555 3978 ιι.
3584 3925 3677 3989 45,

2104 3997 2191 4049 tibi
2224 3997 2290 4049 de
2326 3996 2394 4049 iis
2428 3996 2560 4066 agit,
2594 3996 2686 4065 qui
2712 4010 2778 4049 ex
2806 4006 2970 4065 gente
2995 3994 3303 4049 Judazorutn
3341 3994 3393 4048 in
3428 4010 3679 4051 resurre-

2095 4067 2281 4120 ctione
2314 4066 2689 4119 salvabuntur.

2165 4136 2275 4206 (9i)
2330 4136 2705 4206 ‘Exfgzao’de.
2752 4133 3063 4204 Legenduin
3096 4133 3449 4206 ἐπίστασθαι,
3488 4144 3548 4189 ιιι
3583 4135 3679 4190 ad—

2094 4205 2303 4260 monuit
2332 4205 2747 4268 Cl.‘Thirlbius,
2778 4208 2864 4260 cui
2917 4216 3096 4261 tamen
3135 4220 3241 4258 non
3283 4205 3514 4259 multum
3554 4220 3679 4275 pro—

2093 4278 2258 4332 batur
2307 4278 2423 4331 bare
2455 4276 2786 4346 emendatio.
2843 4276 3108 4345 Equidem
3160 4275 3236 4330 ita
3273 4275 3506 4344 legendo
3552 4276 3681 4346 quid

2093 4348 2331 4416 supersit
2361 4345 2701 4416 dillicultatis
2734 4361 2840 4399 non
2880 4347 3063 4416 video.

2168 4413 2283 4486 (92)
2322 4418 2431 4477 Καὶ
2465 4414 2585 4469 τῶν
2618 4415 2729 4484 τῆς
2772 4415 3059 4484 καθαρᾶς.
3108 4415 3311 4486 Durior
3354 4415 3529 4471 multo
3581 4413 3684 4472 Ire-

424 4468 609 4559 ...iés;
636 4468 1139 4559 emissurum;
1157 4468 1211 4541 ei
1229 4468 1637 4556 asparagi}.
1654 4468 1994 4559 scissas.
2025 4468 2071 4526 υ
2106 4468 2280 4548 "eis:
2301 4468 2446 4558 4.35;:
2470 4468 2723 4559 aquas;
2754 4468 3139 4559 ηιίέδξειίειιίί
3162 4468 3681 4559 manassias.

425 4561 549 4630 «lem
574 4558 877 4630 felicitatis.
918 4558 1286 4630 Interpunctio
1310 4568 1443 4630 ante
1470 4560 1602 4630 πρὶν
1636 4559 1810 4611 ἐλθεῖν
1844 4574 1998 4613 com-

426 4628 586 4681 mode
622 4628 833 4683 snblata
865 4628 919 4680 in
950 4628 1084 4682 edit.
1118 4626 1469 4683 Londiniensi.

498 4699 609 4768 (90)
662 4698 1055 4768 Ὠμοᾼόγησα.
1088 4697 1279 4768 Utrum
1306 4698 1496 4764 injuria
1528 4709 1829 4766 temporum
1850 4701 1999 4754 exci-

425 4766 608 4822 derint
631 4783 771 4838 quae
799 4766 1051 4823 Justinus
1083 4769 1149 4822 de
1184 4766 1687 4838 Hierosolymorum
1720 4770 1999 4823 instaura-

430 4839 575 4910 tione
611 4837 936 4910 disseruisse
960 4852 1021 4892 se
1057 4847 1264 4899 narrat,
1297 4855 1364 4890 an
1390 4837 1511 4891 cum
1550 4849 1743 4893 sancto
1770 4840 1996 4910 martyri

426 4908 717 4975 Dialogum
742 4909 999 4961 scribenti
1031 4911 1295 4963 hactenus
1325 4909 1376 4960 in
1404 4919 1635 4962 mentem
1668 4925 1773 4962 non
1811 4908 1995 4964 venis-

426 4988 569 5040 sent,
591 4994 733 5032 nunc
753 4978 933 5031 oblata
957 4980 1249 5033 occasione
1272 4979 1802 5034 commemorantur?
1826 4979 1993 5048 Equi-

427 5050 549 5119 dem
581 5048 757 5100 loctnn
796 5064 905 5101 non
935 5050 1112 5111 video,
1142 5065 1208 5102 ex
1238 5064 1346 5118 quo
1380 5050 1492 5101 haec
1521 5051 1771 5104 excidere
1804 5062 1994 5119 potue-

426 5118 567 5181 rint;
602 5119 734 5171 nihil
756 5119 901 5172 enim
933 5135 1208 5183 mancum,
1230 5119 1363 5172 nihil
1387 5118 1624 5173 hiulcum
1653 5121 1704 5173 in
1725 5118 1993 5188 superiori

424 5197 582 5255 parte
627 5188 861 5256 Dialogi.
912 5188 1276 5254 Quamobrem
1324 5190 1493 5242 multo
1542 5191 1723 5243 malim
1771 5192 1838 5242 ab
1876 5190 1992 5258 ipso

424 5259 663 5323 Justino,
691 5274 854 5326 quam
881 5260 953 5311 ab
974 5260 1103 5329 ipsis
1127 5261 1364 5313 librariis
1388 5263 1754 5327 praetermissa
1784 5261 1988 5318 dicere.

426 5329 567 5393 Quid
602 5329 747 5383 enim
787 5333 1007 5395 mirum,
1045 5332 1088 5384 si
1125 5332 1279 5398 l0nga
1316 5348 1379 5385 ac
1413 5332 1579 5383 variis
1614 5332 1776 5385 rebus
1813 5332 1992 5400 impli-

425 5409 547 5451 cata
594 5401 890 5469 disputatio
925 5416 1030 5453 nou
1065 5418 1131 5455 eo
1180 5416 1397 5469 semper
1446 5402 1637 5455 ordine
1696 5404 1989 5467 referatur,

426 5483 534 5541 quo
571 5470 758 5541 habita
787 5471 1001 5525 fuerat?
1032 5473 1208 5541 Atque
1237 5474 1395 5541 hujus
1426 5473 1503 5524 rei
1546 5474 1849 5540 exemplum
1882 5490 1990 5528 non

428 5539 587 5611 longe
640 5539 1012 5608 repetendum.
1072 5539 1201 5595 Nam
1250 5539 1413 5611 supra
1462 5558 1517 5595 n.
1558 5541 1648 5606 79,
1681 5539 1992 5598 referuntur

430 5609 734 5679 ’l'ryphonis
786 5614 852 5664 de
902 5614 1105 5683 angelis
1154 5609 1333 5677 dicta,
1372 5614 1465 5666 sed
1514 5629 1619 5666 non
1672 5622 1783 5666 tam
1820 5616 1986 5670 multa

430 5684 767 5744 referuntur,
801 5696 964 5751 quam
1004 5685 1170 5737 multa
1208 5685 1297 5737 ille
1331 5685 1563 5737 dixerat.
1605 5683 1693 5737 Ille
1723 5683 1864 5736 enim
1895 5684 1989 5740 zu.

430 5750 631 5827 ςιωτιω
678 5763 733 5805 et
781 5750 899 5810 Joni
952 5758 1259 5810 testimonia
1302 5754 1525 5817 citavit,
1554 5770 1674 5824 qua:
1721 5752 1983 5825 Justinus,

2109 4576 2128 4607 ι
2155 4556 2422 4623 Quoniam
2458 4564 2666 4623 autem,
2703 4556 2879 4627 inquit
2922 4557 3021 4613 lib.
3058 4570 3112 4620 ν,
3144 4571 3196 4611 c.
3230 4556 3320 4619 41,
3352 4556 3578 4624 quidam
3612 4571 3679 4610 ex

2104 4628 2192 4682 his
2220 4631 2312 4698 qui
2348 4636 2611 4698 putantur
2647 4638 2795 4682 recte
2818 4627 3142 4690 credidisse,
3185 4627 3681 4698 supergrediuntur

2100 4696 2737 4769 ordinempromotionis
2758 4697 3053 4769 iustorum,
3081 4706 3136 4769 et
3163 4707 3344 4769 motus
3376 4696 3683 4769 meditatio-

2101 4769 2187 4823 nis
2222 4770 2290 4821 ad
2326 4766 2753 4835 incorruptelam
2778 4766 3053 4837 ignorant,
3084 4767 3371 4822 haereticos
3405 4780 3601 4820 sensus
3628 4766 3680 4819 in

2100 4852 2158 4890 se
2196 4840 2482 4893 habentes.
2506 4856 2525 4889 ι
2566 4838 2633 4891 Ει
2667 4853 2789 4906 cap.
2818 4839 2851 4891 9
2879 4856 2892 4892 :
2925 4856 2944 4889 ι
2977 4837 3247 4903 Quoniam
3298 4837 3469 4899 igitur
3503 4846 3683 4890 trans-

2100 4907 2347 4962 feruntur
2377 4907 2731 4977 quorumdam
2760 4911 3048 4963 sententia:
3072 4910 3140 4962 ab
3166 4906 3439 4962 haereticis
3468 4921 3680 4961 sermo-

2098 4979 2281 5043 nibus,
2311 4990 2368 5035 et
2402 4988 2529 5034 sunt
2566 4978 2883 5047 ignorantes
2914 4978 3306 5046 dispositiones
3340 4977 3433 5031 Dei
3471 4986 3528 5030 et
3566 4991 3684 5046 my-

2096 5051 2325 5103 sterium
2356 5050 2630 5120 justorutn
2664 5049 3084 5103 resurrectionis
3111 5059 3167 5103 et
3200 5049 3375 5116 regni,
3410 5047 3556 5120 quod
3597 5058 3681 5103 est

2096 5119 2425 5191 principium
2454 5119 2859 5191 incorruptelie,
2894 5134 2989 5187 per
3019 5120 3165 5189 quod
3199 5134 3431 5190 regnum
3467 5119 3564 5185 qui
3598 5119 3681 5171 di-

2096 5193 2188 5259 gni
2212 5190 2434 5253 fuerint,
2458 5191 2717 5259 paulatim
2742 5198 3067 5243 assuescant
3088 5205 3291 5258 capere
3314 5192 3503 5249 Deum,
3520 5208 3539 5240 ιι
3567 5198 3677 5243 etc.

2096 5262 2359 5326 Quamvis
2393 5274 2572 5316 autem
2598 5261 2687 5315 hic
2717 5260 2955 5315 lrenteus
2979 5277 3009 5314 a
3040 5276 3136 5315 sua
3168 5261 3394 5315 lenitate
3425 5259 3681 5328 aliquan-

2096 5340 2206 5383 tum
2238 5331 2513 5395 discedat,
2551 5332 2637 5385 his
2673 5342 2850 5384 tamen
2889 5332 3094 5396 verbis,
3126 5349 3145 5382 ι
3172 5331 3457 5385 haereticos
3482 5344 3681 5385 sensus

2096 5400 2151 5453 iit
2192 5416 2251 5455 se
2288 5404 2575 5467 habentes,
2597 5420 2616 5452 ι
2648 5418 2755 5456 ιιοιι
2781 5403 3030 5456 haeresim
3062 5401 3464 5456 existimandus
3488 5410 3578 5454 est
3605 5400 3683 5453 si-

2093 5474 2382 5541 gnificare,
2416 5473 2511 5528 sed
2544 5473 2863 5542 opiniones,
2894 5487 3014 5541 qua:
3049 5488 3149 5527 sua
3186 5481 3383 5539 sponte
3414 5473 3677 5541 pietatem

2092 5560 2201 5597 non
2234 5546 2514 5608 lazilentes,
2551 5542 2826 5597 haereticis
2855 5550 2920 5596 ad
2956 5544 3304 5614 impietatem
3330 5543 3449 5596 usui
3490 5548 3677 5603 erant,

2091 5623 2145 5667 et
2212 5616 2494 5671 translata:
2557 5615 2889 5670 videbantur
2938 5616 3006 5668 ab
3035 5612 3341 5670 haereticis
3400 5614 3675 5667 sermoni-

2091 5688 2213 5741 bus.
