3962 6262
291 357 388 415 ωε

1354 358 1701 416 DlALOGUS
1732 358 1877 415 CUM
1910 360 2284 417 TRYPHONE
2315 362 2572 421 JUDASO.

3486 366 3594 423 ϐαι

295 501 391 536 νων
418 478 571 533 τοῦτο
593 477 787 549 λέγειν
832 497 909 552 με
948 478 1257 534 ἐπίστασθε
1291 479 1399 552 (95)
1419 521 1434 545 ,
1470 478 1579 533 τῶν
1610 480 1883 552 γεγενημέ

2014 482 2191 550 Atque
2234 490 2291 535 ttt
2336 482 2526 537 sciatis
2554 496 2640 535 me
2675 496 2780 535 non
2817 483 2957 553 apud
2994 497 3092 539 vos
3118 483 3264 539 solos
3296 483 3413 539 luec
3447 500 3583 555 prata

299 590 392 628 νων
422 573 549 643 ἡμῖν
578 570 767 639 λόγων
806 570 1116 637 ἁπάντων,
1146 572 1221 635 ὡς
1252 570 1478 642 δύναμίς
1508 589 1631 643 μου,
1662 572 1912 637 σύνταξιν

306 665 582 736 ποιήσομαι
603 679 617 693 ·
669 664 732 716 ὲν
770 657 874 726 οἷς
915 663 1022 717 καὶ
1055 662 1211 717 τοῦτο
1242 662 1606 734 ὁμολογοῦντά
1654 681 1722 735 με
1755 664 1784 717 ὸ
1816 664 1913 718 καὶ

314 758 433 828 πρὸς
476 755 621 825 ὑμᾶς
658 753 967 825 ὁμολογῶ,
1007 755 1287 827 ὲγγράψω.
1338 756 1413 809 Οὐ
1448 755 1557 827 γὰρ
1602 754 1913 827 ἀνθρώποις

322 849 499 921 μᾶλλον
531 846 565 917 ἢ
600 846 987 917 ἀνθρωπίνοις
1020 847 1341 917 διδάγμασιν
1384 846 1647 918 αἱροῦμαι
1680 848 1909 902 ἀκολου-

320 939 438 1001 θεῖν,
459 936 590 990 ἀλλὰ
619 935 745 1006 Θεῷ
787 936 893 989 καὶ
917 938 1034 1001 τοῖς
1059 937 1188 1009 παρ’
1206 937 1412 990 ἐκείνου
1434 937 1757 1008 διδάγμασιν
1777 938 1905 1011 (94).

318 1031 375 1083 Εἰ
416 1029 523 1099 γὰρ
570 1027 670 1080 καὶ
712 1028 1050 1082 συνεϐάλετε
1092 1029 1247 1099 ὑμεῖς
1278 1045 1386 1083 τισι
1432 1029 1743 1099 λεγομένοις
1775 1032 1909 1102 Χρις

318 1124 561 1184 στιανοῖς,
602 1120 704 1173 καὶ
737 1107 900 1173 τοῦτο
938 1120 1013 1192 μὴ
1046 1119 1413 1191 ὁμολογοῦσιν,
1442 1120 1578 1174 ἀλλὰ
1612 1120 1706 1174 καὶ
1742 1120 1908 1191 βλασ-

314 1215 508 1282 φημεῖν
574 1211 822 1283 τολμῶσι
870 1213 964 1265 τὸν
1022 1212 1155 1265 Θεὸν
1193 1211 1464 1283 Ἀϐραὰμ,
1504 1211 1599 1264 καὶ
1636 1211 1728 1264 τὸν
1773 1211 1907 1265 Θεὸν

326 1303 530 1367 Ἰσαὰκ,
550 1303 650 1356 καὶ
685 1303 777 1355 τὸν
804 1302 940 1356 Θεὸν
966 1301 1181 1366 Ἰακὼϐ,
1203 1302 1251 1355 οἳ
1284 1302 1379 1355 καὶ
1412 1301 1629 1369 λέγουσι
1659 1300 1733 1372 μὴ
1766 1296 1905 1355 εἶναι

312 1394 517 1465 νεκρῶν
566 1394 907 1457 ἀνάστασιν,
942 1392 1081 1448 ἀλλὰ
1126 1392 1242 1463 ἅμα
1287 1391 1364 1463 τῷ
1409 1392 1774 1460 ἀποθνήσκειν
1807 1392 1905 1455 τὰς

311 1483 483 1552 ψυχὰς
516 1482 703 1537 αὐτῶν
739 1483 851 1553 (95)
891 1480 1368 1552 ἀναλαμϐάνεσθαι
1400 1482 1609 1550 εἰςτὸν
1654 1481 1902 1552 οὐρανὸν,

318 1576 389 1647 μὴ
414 1574 729 1646 ὑπολάϐητε
766 1575 965 1638 αὐτοὺς
992 1573 1368 1646 Χριστιανούς
1397 1573 1585 1645 ὥσπερ
1619 1572 1739 1625 οὐδὲ
1771 1572 1905 1624 Ἰου-

314 1668 512 1731 eum,
534 1668 602 1721 ἄν
628 1684 715 1729 τις
741 1666 919 1738 ὀρθῶς
944 1666 1192 1739 ἐξετάσῃ,
1208 1666 1593 1737 ὁμολογήσειεν
1613 1660 1751 1717 εἶναι
1778 1664 1902 1726 τοὺς

317 1759 709 1823 Σαδδουκαίους
731 1800 746 1823 ,
783 1759 817 1829 ἢ
854 1759 953 1822 τὰς
985 1758 1177 1829 ὁμοίας
1209 1757 1450 1828 αἱρέσεις
1482 1754 1769 1819 Γενιστῶν,
1805 1753 1900 1808 καὶ

318 1852 599 1923 Meas-16w
637 1850 773 1921 (96),
801 1823 897 1904 καὶ
922 1823 1241 1913 Γαλιλαίων,
1268 1823 1363 1902 καὶ
1391 1846 1746 1919 Ἐλληνιανῶν
1766 1844 1896 1916 (97),
1930 1823 1973 1877 Β

320 1950 407 2004 καὶ
457 1949 804 2021 Φαρισαίων,
866 1946 1185 2002 Βαπτιστῶν
1232 1945 1338 2017 (98)
1400 1945 1526 2016 (καὶ
1587 1944 1660 2016 μὴ
1720 1943 1899 2015 ἀηδῶς

320 2040 578 2111 ἀκούσητέ
620 2056 724 2109 μου
764 2037 943 2091 πάντα
974 2036 1009 2090 ἃ
1046 2035 1226 2107 φρονῶ
1257 2034 1549 2103 λέγοντος),
1572 2032 1708 2088 ἀλλὰ
1740 2033 1897 2101 λεγο-

325 2133 505 2201 μένους
541 2132 643 2201 μὲν
679 2130 968 2193 Ἰουδαίους
1014 2129 1109 2183 καὶ
1142 2128 1308 2182 τέκνα
1339 2126 1625 2198 Ἀϐραὰμ,
1660 2125 1756 2179 καὶ
1788 2125 1899 2196 χεί-

319 2219 453 2273 λεσιν
483 2220 889 2291 ὁμολογοῦντας
920 2220 1013 2272 τὸν
1047 2218 1179 2272 Θεὸν
1198 2259 1213 2284 ,
1247 2217 1324 2282 ὡς
1355 2217 1520 2281 αὐτὸς
1566 2217 1838 2289 κέκραγεν
1869 2218 1897 2270 ὁ

321 2376 491 2500 F£93)
522 2378 646 2431 Ὅτι
683 2376 818 2430 δὲ...
853 2376 1204 2430 ἐπίστασθε.
1243 2375 1381 2431 Vide
1429 2376 1687 2432 adnotata
1738 2378 1804 2432 ad
1837 2394 1891 2434 n.

382 2516 487 2585 (94)
539 2518 733 2571 Ἀλλὰ
759 2516 882 2581 Θεῷ
913 2517 1013 2569 καὶ
1048 2516 1169 2587 ζοῖς
1194 2518 1327 2585 παρ’
1347 2517 1583 2571 ἐκείνου
1616 2516 1896 2587 διδάγμα-

316 2603 431 2639 alr.
459 2588 891 2641 Observandum
922 2595 1009 2641 est
1041 2585 1349 2649 Justinunt,
1381 2588 1505 2639 dtttn
1540 2596 1689 2639 tanto
1713 2585 1894 2642 studio

315 2656 551 2720 effertur,
587 2672 700 2711 non
740 2658 1004 2709 adversus
1039 2658 1342 2711 catholicos
1393 2658 1759 2721 adversarios,
1797 2659 1892 2711 sed

318 2730 573 2781 adversus
605 2728 899 2781 bazreticos
930 2725 1134 2792 ell‘erri,
1165 2743 1265 2781 nec
1291 2728 1358 2781 de
1389 2727 1529 2778 nuda
1563 2728 1710 2795 regni
1746 2728 1894 2782 mille

314 2812 577 2851 annorum
635 2798 920 2865 opinione,
967 2796 1059 2849 sed
1091 2798 1158 2850 de
1192 2807 1303 2850 toto
1343 2797 1765 2852 resurrectionis
1796 2800 1893 2852 d0-

313 2879 487 2935 gmate
520 2867 697 2936 loqui.
737 2867 1038 2936 Postquam
1084 2868 1227 2920 enim
1268 2867 1407 2919 dixit
1436 2883 1451 2920 :
1482 2885 1500 2917 ‹
1532 2866 1719 2934 Neque
1745 2869 1890 2921 enim

316 2938 691 2992 hominibus...
752 2936 1138 2991 adbtercndum
1190 2937 1322 2989 tnihi
1366 2951 1488 2991 esse
1541 2945 1748 2999 statuo,
1794 2938 1891 2992 sed

316 3008 417 3060 Deo
448 3017 503 3061 et
537 3008 607 3060 iis
644 3021 767 3075 qua:
797 3005 868 3059 ab
894 3020 963 3060 eo
996 3006 1195 3059 tradita
1233 3018 1379 3071 sunt,
1406 3026 1425 3058 ι
1464 3007 1647 3059 statim
1696 3008 1888 3060 addit:

320 3096 336 3125 ι
366 3075 490 3129 Nam
528 3078 574 3131 si
613 3078 784 3131 etiam
832 3076 1101 3130 incidistis
1145 3077 1197 3129 in
1249 3076 1561 3139 netmullos,
1604 3076 1693 3144 qui
1732 3078 1892 3131 Chri-

2016 572 2234 637 dieare;
2270 571 2467 625 librum
2499 584 2598 640 pro
2623 570 2833 627 viribus
2854 588 3174 643 componam
3199 574 3443 631 omnium
3472 590 3584 631 ser-

2014 679 2231 717 monum
2268 680 2403 733 quos
2439 664 2581 741 inter
2620 679 2717 719 nos
2753 665 3065 731 habuimus,
3098 667 3152 721 in
3185 668 3383 736 quibus
3433 671 3581 741 quod

2013 756 2151 825 apud
2193 771 2288 810 vos
2331 734 2614 826 proﬁtcor,
2664 757 2808 812 idem
2846 774 2934 812 me
2981 734 3331 830 profitentem
3375 734 3587 817 descri-

2013 847 2157 900 bam.
2205 846 2392 916 Neque
2427 848 2574 902 enim
2611 848 2925 904 hominibus
2974 851 3159 919 potius
3195 860 3289 905 aut
3326 853 3584 908 humanis

2012 938 2272 994 doctrinis
2305 938 2693 995 adhaerendum
2746 942 2879 995 mihi
2927 956 3051 997 esse
3102 950 3306 1008 statuo,
3341 946 3437 999 sed
3473 945 3586 1001 Deo

2014 1031 2174 1101 178
2201 1040 2255 1086 et
2289 1031 2354 1085 iis
2380 1046 2499 1100 qua:
2534 1034 2602 1088 ab
2635 1047 2700 1088 eo
2733 1034 2931 1087 tradita
2963 1043 3110 1089 sunt.
3146 1033 3308 1103 Nam,
3338 1036 3383 1090 si
3420 1037 3586 1091 etiam

2010 1122 2281 1177 incidistis
2328 1124 2381 1177 in
2431 1124 2725 1178 nonnullos
2755 1129 2847 1195 qui
2884 1125 3185 1181 Christiani
3236 1127 3453 1196 quidem
3485 1143 3587 1183 vo-

2007 1224 2223 1277 cantur,
2254 1216 2368 1269 haec
2397 1225 2576 1270 autent
2602 1217 2829 1272 minime
2855 1226 3063 1283 tenent,
3097 1220 3191 1272 sed
3216 1218 3385 1273 etiam
3410 1219 3583 1273 Deum

2006 1305 2237 1357 Abrahae
2270 1317 2327 1360 et
2361 1307 2528 1361 Deum
2562 1306 2715 1363 Isaae
2739 1317 2791 1361 et
2820 1309 2988 1361 Deum
3027 1308 3197 1364 Jacob
3228 1308 3585 1379 blasphemiis

2006 1405 2267 1463 appetere
2314 1400 2536 1465 audent,
2571 1413 2636 1452 ac
2685 1399 2887 1452 nullam
2938 1413 3059 1454 esse
3118 1409 3461 1456 mortuorum
3496 1415 3587 1455 re-

2004 1488 2427 1551 surrectionem,
2461 1489 2554 1544 sed
2586 1490 2774 1543 statim
2811 1501 2977 1559 atque
3007 1502 3336 1555 moriantur,
3360 1504 3578 1547 ammas

2005 1593 2133 1631 suas
2168 1580 2220 1631 in
2258 1578 2457 1634 cmlum
2491 1581 2693 1644 suscipi
2744 1580 2963 1645 dicunt;
3002 1590 3190 1636 cavete
3231 1597 3301 1637 ne
3344 1597 3440 1637 eos
3466 1582 3586 1637 eli-

2006 1670 2241 1725 stintetis
2275 1670 2649 1737 Christianos;
2688 1674 3153 1741 quemadmodum
3200 1687 3302 1727 nec
3347 1669 3581 1736 Judaaos,

2004 1761 2047 1813 si
2082 1760 2205 1829 quis
2256 1770 2403 1815 recte
2438 1762 2774 1829 perpendat,
2811 1777 2935 1816 esse
2987 1761 3245 1828 fateatur,
3284 1760 3583 1817 Saducteos

2001 1861 2054 1905 et
2080 1852 2284 1907 similes
2317 1862 2495 1907 sectas
2527 1853 2899 1917 Genistarum,
2928 1853 3301 1918 Meristarttm,
3331 1854 3584 1909 Galilaeo-

2001 1960 2143 2008 rum,
2178 1944 2621 2011 Hellenistarum,
2668 1944 3069 1999 Phariswortttn
3106 1954 3161 2000 et
3210 1945 3580 2014 Baptistarum

2002 2036 2092 2104 (ne
2121 2038 2275 2091 vobis
2312 2037 2587 2105 ingratum
2641 2038 2709 2092 sit
2750 2038 3013 2106 quidquid
3046 2038 3279 2091 sentiam
3322 2037 3582 2106 eloquen-

2003 2136 2106 2179 tem
2154 2128 2387 2195 audire),
2418 2129 2514 2181 sed
2565 2129 2785 2181 nomine
2842 2138 3002 2182 tenus
3052 2126 3273 2182 Judaaos
3326 2135 3383 2181 et
3439 2126 3581 2181 ﬁlios

1996 2221 2248 2285 Abrahae,
2278 2237 2353 2275 «ac
2386 2220 2549 2275 labiis
2599 2220 2768 2274 Deum
2821 2218 3085 2285 colentes,
3117 2218 3579 2289 quemadmodum

1997 2388 2175 2435 sectas
2202 2395 2264 2433 ac
2296 2379 2523 2433 invicem
2556 2389 2884 2448 pugnantes.
2919 2378 2976 2433 Si
3010 2376 3118 2430 vim
3152 2375 3439 2446 utriusque
3476 2390 3576 2448 no-

1997 2452 2161 2503 minis
2204 2450 2609 2518 cxpendamtts,
2637 2447 2874 2503 alterum
2915 2464 2943 2501 a
2976 2462 3176 2518 genere
3220 2448 3460 2518 ducitur,
3493 2447 3577 2498 al-

1996 2530 2172 2573 terum
2207 2534 2235 2571 a
2272 2515 2443 2588 parte.
2482 2518 2734 2573 ’l‘eStatur
2759 2515 3027 2587 Joscplttis
3064 2516 3241 2585 Antiq.
3278 2515 3380 2588 lib._
3412 2531 3573 2588 xvttt,

1996 2604 2044 2643 c.
2078 2591 2132 2652 2,
2157 2586 2467 2643 Judteorum
2506 2600 2686 2643 sectas
2715 2591 2783 2644 de
2821 2586 2933 2641 fato
2973 2596 3029 2641 et
3073 2586 3416 2652 providentia
3461 2586 3574 2640 dis-

1996 2662 2256 2718 sensisse,
2287 2660 2576 2712 Pltarisazi’s
2600 2661 2781 2713 omnia
2816 2659 3034 2727 quidem
3068 2659 3179 2711 Deo
3204 2656 3577 2710 subtnittenti,

1996 2730 2119 2791 bus,
2154 2729 2247 2781 sed
2281 2746 2385 2782 non
2421 2730 2540 2783 sine
2576 2729 2902 2796 exceptione
2939 2728 3279 2780 voluntatum
3312 2728 3577 2779 humana-

1995 2816 2144 2865 rum;
2180 2800 2397 2855 Essenis
2425 2814 2554 2853 vero
2586 2800 2718 2853 nihil
2745 2813 2967 2865 prorsus
2989 2797 3407 2865 excipientibus,
3430 2796 3575 2866 quod

1994 2886 2101 2922 non
2160 2870 2267 2922 Deo
2323 2867 2677 2936 subjicerent.
2733 2868 3076 2923 Crediderim
3131 2881 3262 2934 ergo
3302 2866 3577 2927 ,Genistas

1994 2940 2168 2993 dictos
2201 2938 2407 3003 fuisse,
2436 2940 2531 3006 qui
2567 2940 2825 2991 mundum
2861 2938 3159 3006 generatim
3192 2954 3220 2988 a
3256 2938 3361 2989 Deo
3397 2939 3577 2991 admi-

1994 3010 2247 3073 nistrari;
2290 3008 2564 3073 Meristas,
2595 3010 2684 3076 qui
2727 3008 2893 3061 fatum
2928 3008 3040 3060 sive
3073 3007 3471 3076 providentiam
3502 3008 3570 3060 ad

1996 3079 2237 3147 singulos
2291 3080 2538 3133 homines
2572 3074 2846 3146 pertinere
2893 3077 3211 3147 censebant.
3254 3074 3571 3143 Cujusmodi

312 3146 464 3237 stigni
511 3148 741 3229 quidem
782 3153 1075 3237 'vocantur,
1101 3164 1121 3197 ι
1152 3154 1259 3201 etc.
1293 3147 1357 3228 id
1388 3156 1473 3200 est
1502 3147 1548 3200 si
1574 3147 1804 3237 "vidistis
1831 3158 1887 3228 et
1914 3181 1955 3237 ε
1994 3146 2278 3237 dissidium
2320 3150 2464 3237 inter
2500 3150 2850 3229 philosophos
2894 3146 3138 3237 exstititt
3166 3161 3400 3213 quorum
3437 3161 3574 3237 non-

310 3216 551 3339 coll’c’tscuti
586 3218 744 3273 estis.
781 3216 950 3270 Fama
981 3216 1125 3271 enim
1150 3217 1350 3287 cogniti
1378 3226 1539 3271 erant
1574 3215 1876 3287 Tryphoni,

312 3303 364 3339 Il.
470 3326 484 3339 .

312 3303 364 3341 Il.
397 3303 484 3339 οὗ.

377 3357 487 3421 (95)
531 3356 648 3423 Τὰς
672 3357 883 3426 ψυχὰς
916 3354 1133 3410 αὐτῶν.
1182 3354 1426 3410 Justinus
1454 3371 1560 3410 non
1607 3356 1746 3411 alios
1790 3357 1883 3411 hic

314 3428 524 3487 refellit,
554 3442 728 3498 quam
758 3426 998 3498 nefarios
1032 3428 1336 3498 haereticos,
1368 3427 1459 3495 qui
1496 3442 1652 3481 suum
1688 3430 1741 3498 in
1769 3441 1885 3481 ca:-

312 3499 387 3550 los
411 3497 702 3551 ascensum
732 3498 895 3551 nullis
924 3497 1142 3564 ﬂagitiis
1170 3497 1371 3550 tardari
1405 3512 1567 3566 posse
1592 3497 1878 3563 dicebant;

311 3568 503 3620 deinde
535 3582 672 3620 vero
708 3579 1001 3636 postquam
1035 3566 1201 3621 semel
1235 3567 1544 3620 evolassent
1576 3568 1628 3619 in
1660 3568 1881 3632 malum,

314 3638 505 3690 nullum
531 3636 794 3704 deinceps
818 3639 884 3692 de
908 3638 1061 3692 bonis
1090 3646 1145 3691 et
1178 3636 1333 3691 malis
1354 3637 1645 3706 judicium,
1673 3638 1877 3693 nullam

312 3706 418 3760 fore
482 3708 968 3762 resurrectionem.
1027 3707 1257 3760 Eosdem
1308 3707 1573 3761 sectarios
1629 3707 1880 3761 refellunt

313 3777 538 3831 lrenzus
589 3776 688 3847 lib.
723 3792 765 3845 ι,
804 3793 926 3846 cap.
957 3777 1019 3830 21
1046 3816 1061 3843 ,
1092 3785 1169 3847 et_
1191 3776 1559 3831 Tertullianus
1601 3776 1876 3847 Scorpiac.

310 3862 420 3914 cap.
459 3847 552 3916 10.
575 3844 940 3916 Quinetiam
977 3850 1090 3914 ipse
1126 3844 1515 3916 Hieronymus,
1546 3862 1708 3915 quem
1736 3844 1877 3915 ὀρί-

314 3920 491 3971 niones
538 3915 970 3971 Millettariorum
1022 3927 1270 3971 secutum
1321 3915 1427 3971 non
1470 3932 1592 3972 esse
1633 3926 1876 3980 constat,

314 3992 414 4041 haec
446 3986 776 4055 Opinionutn
808 3996 1055 4055 portenta
1092 3987 1285 4041 eodem
1328 3988 1491 4041 modo
1527 4002 1591 4041 ac
1626 3987 1876 4042 Justinus

309 4060 625 4111 detestatur.
657 4058 751 4111 Sic
785 4059 931 4110 enim
969 4057 1021 4110 in
1054 4071 1143 4123 ep.
1181 4056 1252 4111 45
1293 4058 1361 4109 ad
1392 4057 1783 4124 Ctesiphontem
1810 4058 1879 4111 de

308 4127 616 4181 Manichzis
671 4124 1352 4195 loquiturzhlanichaeus,
1404 4129 1615 4196 inquit,
1671 4127 1877 4182 electos

306 4212 442 4259 suos,
479 4212 622 4265 quos
654 4199 797 4251 inter
825 4196 1020 4266 ἁψῖδας
1049 4197 1289 4251 Platonis
1326 4198 1380 4257 in
1412 4197 1729 4252 ctelestibus
1762 4198 1872 4250 col-

308 4270 461 4333 locat,
480 4269 619 4321 dicit
640 4268 791 4322 omni
818 4281 1006 4320 carere
1029 4281 1274 4335 peccato,
1300 4283 1421 4333 nec,
1438 4269 1484 4321 si
1509 4268 1695 4333 velint,
1721 4282 1880 4336 posse

304 4353 547 4406 peccare.
576 4356 593 4388 ι
634 4336 883 4392 Justinus
919 4353 1027 4391 non
1072 4338 1347 4391 immerito
1384 4346 1563 4402 cavet,
1614 4352 1683 4391 ne
1731 4338 1879 4404 ejus-

302 4409 439 4463 modi
493 4409 762 4475 homines
790 4421 889 4474 pro
933 4407 1263 4461 Christianis
1297 4408 1627 4462 habeantur.
1676 4406 1877 4461 Eorum

301 4480 442 4532 enim
478 4482 594 4530 vita
638 4489 699 4532 et
740 4477 988 4531 dootriua
1039 4477 1333 4545 plurimum
1385 4480 1619 4532 nocebat
1667 4478 1873 4531 nomini

302 4550 640 4605 Christiano.
678 4548 867 4603 Celsus
901 4550 1041 4617 apud
1076 4546 1365 4615 Origenetn
1411 4548 1661 4602 attribuit
1694 4548 1873 4601 omni-

303 4620 401 4672 bus
427 4619 769 4673 Christianis
802 4626 1109 4672 commenta
1144 4618 1525 4672 ltbionitarutu
1557 4619 1623 4671 de
1654 4618 1873 4673 Christo

303 4701 425 4743 nam
490 4703 565 4742 ex
618 4688 858 4758 Josepho
911 4687 948 4740 Ι.
985 4703 1036 4753 ι,
1086 4702 1139 4756 p.
1182 4688 1282 4752 5‘;
1350 4687 1736 4743 Gnostieorutn
1797 4686 1875 4751 De

304 4761 483 4813 mandi
527 4770 774 4812 creatore
808 4758 844 4811 l.
882 4773 956 4824 vi,
990 4774 1041 4826 p.
1080 4759 1221 4822 511,
1249 4768 1305 4813 et
1340 4758 1377 4813 l.
1410 4774 1527 4819 vm,
1559 4774 1614 4827 p.
1648 4758 1773 4822 587,
1811 4772 1876 4811 ac

303 4832 446 4896 ipsas
491 4831 665 4883 etiam
694 4829 1069 4897 Ophianorum
1112 4844 1286 4899 nugas
1326 4844 1381 4898 p.
1418 4828 1546 4893 297.
1588 4827 1880 4899 Undelre-

304 4916 444 4954 naaus
468 4907 540 4953 de
568 4900 689 4953 suis
716 4900 989 4953 haereticis
1016 4899 1053 4952 Ι.
1078 4916 1116 4962 ι,
1149 4898 1203 4953 c.
1226 4899 1319 4964 25,
1344 4918 1399 4953 n.
1430 4900 1498 4952 ὃς
1524 4918 1543 4951 ‹
1569 4900 1675 4953 Sed
1710 4898 1877 4953 vitam

303 4972 522 5039 quidem
559 4969 931 5033 luxuriosam,
960 4970 1284 5024 sententiam
1315 4980 1497 5024 autem
1529 4970 1776 5038 impiam,
1808 4971 1877 5039 ad

308 5038 547 5096 velamen
580 5040 805 5093 malitia:
837 5040 1101 5106 ipsorum,
1129 5043 1349 5096 nomine
1388 5040 1704 5093 abutuntur.
1732 5057 1751 5089 ι
1790 5038 1880 5091 Vi-

304 5118 456 5164 detur
495 5116 793 5180 interpres,
826 5124 885 5162 ut
921 5126 1061 5180 stupe
1097 5113 1258 5173 alias,
1290 5111 1507 5180 legisse,
1546 5109 1754 5165 ἄσωτον
1781 5123 1878 5177 pro

300 5181 525 5243 ἄσωτοι,
556 5192 613 5235 et
647 5179 808 5235 ἄθεον
842 5197 941 5249 pro
975 5179 1145 5239 ἄθεοι.
1179 5179 1402 5241 Vertere
1437 5182 1716 5237 debuisset
1748 5197 1767 5230 ι
1792 5180 1877 5231 lu—

306 5255 506 5306 xariosi
538 5263 594 5307 et
626 5254 799 5320 llllpll.
823 5270 841 5301 ι

369 5322 482 5393 (96)
538 5319 851 5393 Γενιάεῶν
876 5319 973 5374 καὶ
1008 5321 1336 5389 Μεριστῶν.
1386 5321 1641 5376 Genistas
1691 5330 1878 5375 auctor

306 5391 529 5448 indiculi
558 5391 846 5446 haeresium
881 5395 1025 5459 apud
1049 5394 1363 5463 llteronym.
1396 5392 1673 5463 itadietos
1703 5401 1874 5461 putat,

304 5468 423 5530 quia
456 5485 487 5513 σε
520 5478 725 5532 genere
772 5463 1007 5515 Abrahae
1049 5466 1155 5515 orti
1201 5461 1377 5517 erant.
1434 5461 1683 5516 Meristas
1726 5477 1874 5526 vero,

305 5551 424 5601 quia
459 5535 777 5601 Scripturas
814 5534 1165 5599 separabant.
1191 5532 1748 5603 Sealigerrlegendunt
1780 5547 1878 5600 pu-

309 5596 383 5655 tat
416 5596 673 5675 γεννῆται,
707 5604 778 5655 ita
812 5596 1055 5655 utiident
1088 5604 1195 5675 sint
1225 5621 1288 5657 ac
1316 5596 1591 5675 γεννῆται.
1624 5596 1878 5657 Geuistas

310 5672 592 5729 berrarius
652 5676 1046 5740 interpretatur
1103 5672 1382 5739 illustres,
1433 5672 1684 5728 Meristas
1748 5686 1879 5724 vero

312 5748 711 5799 schisutaticos.
742 5744 849 5797 Sed
879 5758 990 5796 non
1021 5744 1524 5799 attitttadverteruut
1553 5742 1749 5798 eruditi
1775 5742 1876 5794 viri

312 5814 562 5871 uetustas
586 5828 642 5871 et
668 5813 919 5872 Meristas
942 5817 1079 5868 inter
1100 5830 1159 5870 sc
1179 5817 1398 5887 opponi,
1420 5824 1478 5871 ut
1506 5816 1876 5886 discrepantes

1990 3219 2147 3283 nulli,
2191 3230 2252 3272 ut
2304 3220 2380 3271 ait
2429 3215 2675 3272 Justinus
2718 3215 2882 3271 initio
2930 3215 3160 3284 Dialogi,
3194 3234 3212 3266 ι
3246 3216 3573 3283 persuadere

1986 3291 2327 3342 conabantur
2361 3288 2525 3341 Deum
2571 3288 2812 3342 universi
2850 3288 3068 3355 quidem
3112 3300 3177 3339 ac
3227 3300 3484 3353 generum
3514 3295 3573 3340 et

1986 3360 2292 3424 specierum
2320 3373 2509 3411 curam
2535 3374 2753 3427 gerere;
2790 3358 2895 3411 ntei
2918 3366 3122 3420 autent,
3140 3370 3204 3409 ac
3231 3355 3567 3424 singulorum

1985 3442 2092 3481 non
2128 3440 2277 3481 Item.
2304 3448 2324 3479 ι

2055 3498 2164 3569 (97)
2203 3498 2545 3553 Γαλιλαίων
2577 3498 2675 3552 καὶ
2715 3494 3338 3569 ἙλλληνιανῷγηΡτί-ηιί
3364 3510 3394 3547 a
3424 3492 3567 3569 Juda

1983 3566 2210 3621 Galilaeo
2241 3570 2369 3631 orti,
2405 3570 2677 3637 iidemque
2708 3584 2771 3621 ac
2800 3569 3022 3621 Sicarii.
3053 3566 3411 3637 llellenianos
3435 3566 3571 3618 Sca-

1983 3638 2119 3706 liger
2151 3639 2220 3691 ab
2254 3639 2497 3693 llellenio
2545 3636 2682 3693 duce
2726 3638 2966 3702 deducit,
3010 3636 3352 3706 Serrariusa
3376 3636 3570 3689 Urzecu

1981 3703 2221 3777 quodam
2260 3718 2486 3763 auctore
2510 3719 2785 3762 sectze.—-
2807 3708 3168 3777 Γαλιλαίων.
3206 3703 3569 3777 Hujussectaa

1981 3774 2178 3833 auctor
2218 3788 2273 3833 et
2326 3780 2583 3848 princeps
2626 3778 2728 3832 fuit
2770 3778 2941 3833 Judas
2986 3774 3405 3848 Galilzeus,_qui_
3446 3786 3569 3848 post

1983 3848 2238 3902 exsiliunt
2294 3844 2437 3917 regis
2492 3844 2772 3914 Archelai,
2826 3863 2950 3901 cum
2994 3847 3223 3900 Romani
3279 3844 3337 3917 in
3380 3844 3568 3917 Jttdtea

1981 3932 2201 3971 censum
2227 3916 2387 3988 agere
2412 3918 2630 3983 vellent,
2658 3917 2951 3987 populares
2972 3931 3107 3988 suos
3134 3917 3200 3969 ad
3230 3916 3568 3972 retinendam

1980 3987 2276 4056 pristinam
2315 3990 2627 4042 libertatem
2653 3989 2938 4041 excitavit.
2969 3987 3099 4040 Vide
3130 3992 3251 4039 Act.
3286 3994 3472 4056 apos_t_.
3506 3999 3561 4049 v,

1979 4053 2083 4122 37,
2114 4068 2169 4111 et
2202 4056 2421 4125 Joseph.
2469 4060 2647 4129 Antiq.
2703 4074 2874 4129 xvttt,
2918 4072 2969 4110 c.
3003 4057 3069 4129 1,
3110 4056 3137 4126 §
3169 4056 3195 4109 1
3232 4067 3288 4109 et
3326 4057 3391 4129 15Σ
3423 4053 3569 4129 lion:

1983 4143 2248 4183 'rnomus.
2295 4124 2369 4181 Dc
2414 4129 2479 4181 iis
2516 4124 2711 4181 auctor
2754 4127 2980 4181 lndiculi
3029 4124 3268 4180 haeres:
3303 4143 3320 4175 ι
3353 4124 3567 4187 Galilaei

1984 4200 2179 4252 dteunt
2208 4198 2485 4252 Christum
2522 4199 2736 4251 venisse
2772 4209 2829 4252 et
2866 4198 3123 4251 docuisse
3154 4212 3283 4261 eos,
3318 4210 3385 4248 ne
3414 4196 3567 4249 dice-

1985 4279 2111 4321 rent
2147 4269 2429 4321 dominum
2474 4268 2744 4322 Caesarem
2778 4281 2913 4321 neve
2939 4268 3057 4334 ejus
3099 4266 3320 4334 monitis
3348 4276 3571 4319 uterctts

1984 4348 2141 4391 tur.t
2184 4366 2254 4375 —
2304 4337 2726 4406 'Eanarc'br.
2786 4333 2989 4391 Horum
3047 4345 3242 4406 [Atrteter
3291 4333 3563 4406 Justinu_nt

1984 4422 2144 4463 nemo
2185 4416 2433 4462 veterum
2470 4403 2808 4461 mentionem
2860 4408 3009 4461 fecit.
3046 4403 3162 4461 Jos.
3196 4406 3440 4474 Scaliger
3465 4403 3572 4474 (De

1983 4480 2149 4533 tribus
2171 4475 2503 4548 Judworum_
2516 4480 2669 4532 sectis
2700 4486 2964 4548 syntagm.
2985 4477 3073 4531 ed.
3104 4474 3221 4531 Jac.
3247 4474 3565 4548 Trigland.,

1905 4533 1949 4587 Ι)
1980 4549 2169 4616 Delph.
2206 4547 2449 4619 1703,},
2478 4546 2541 4603 P.
2577 4564 2614 4611 ι,
2664 4533 2889 4619 ι)ίόἹῶ
2919 4561 3039 4619 eos”
3066 4549 3135 4600 ab
3166 4533 3413 4619 auctore
3447 4533 3567 4597 sive

1981 4614 2341 4672 haeresiarcha
2371 4617 2617 4672 llellenio
2644 4614 2888 4681 deducit,
2923 4615 2977 4672 J.
3016 4616 3250 4669 Drttsius
3283 4614 3387 4681 (Ad
3414 4629 3567 4677 voces

1980 4686 2144 4743 Hebr.
2166 4688 2239 4741 Ν.
2270 4686 2411 4745 Text.
2436 4696 2800 4751 commentam,
2817 4685 3046 4741 Franck.
3064 4685 3207 4740 Fris.
3234 4685 3396 4747 1616,
3422 4683 3474 4744 4,
3504 4698 3568 4751 p.

1977 4758 2107 4828 219)
2133 4757 2471 4828 llerodianos
2488 4766 2640 4828 putat
2663 4760 2979 4828 designari._
2997 4757 3280 4810 Tltirlbius
3307 4755 3412 4826 legi
3449 4768 3564 4828 mas

1980 4828 2044 4881 ltt
2088 4826 2357 4880 Ἠλιακῶν
2402 4825 2868 4892 νθΓἙλκεσαίών,
2901 4826 3006 4891 vel,
3043 4828 3188 4894 quod
3237 4827 3461 4894 propius
3492 4825 3573 4889 ad

1978 4898 2256 4968 vulgarem
2292 4900 2581 4952 lectionem
2617 4901 2852 4961 accedit,
2898 4894 3279 4968 Ἑλληλιανῶν,
3307 4905 3365 4968 ut
3397 4894 3562 4968 intel-

1980 4964 2181 5093 ligatur
2210 4970 2448 5024 celebris
2476 4969 2570 5022 illa
2600 4968 2787 5025 schola
2822 4969 2889 5023 li.
2923 4964 3136 5022 llillelis
3165 4970 3282 5021 sive
3310 4964 3565 5031 Hellelis._

2031 5055 2157 5093 ττι).

2031 5056 2061 5093 ἰ’
2070 5055 2157 5092 T0.

2051 5109 2164 5177 (98)
2222 5108 2578 5177 Φαρισαίων,
2614 5106 2986 5163 Βαπτιστῶν.
3033 5105 3344 5177 Legendum
3403 5102 3560 5157 vide-

1980 5174 2067 5231 tur
2111 5174 2202 5232 xii.
2253 5174 2591 5232 Βαπτιστῶν.
2655 5182 3033 5233 lieeensentur
3089 5174 3233 5231 enim
3297 5174 3561 5227 lletnero-

1981 5250 2232 5317 baptisue
2257 5253 2397 5319 apud
2432 5250 2797 5317 Epiphanium
2839 5259 2958 5317 post
3000 5247 3328 5302 Pharisaeos.
3366 5245 3420 5319 In
3458 5245 3569 5319 hoc

1980 5313 2161 5372 autem
2193 5322 2257 5392 de
2282 5313 2446 5375 sectis
2470 5313 2714 5392 Judaicis
2742 5313 2952 5392 judicio
2977 5334 3085 5392 non
3112 5319 3361 5392 sequitur
3382 5313 3555 5392 Justi-

1980 5404 2082 5443 nus
2129 5391 2412 5458 opiniones
2476 5386 2809 5444 Judaeorut'n.
2855 5388 3138 5458 Quamvis
3170 5388 3318 5440 enim
3369 5386 3561 5454 purior

1982 5468 2129 5513 esset
2159 5457 2408 5515 doctrina
2440 5459 2862 5521 Pharisaeorum,
2881 5473 3046 5527 quant
3074 5457 3329 5520 aliorum,
3360 5467 3565 5527 omnes

1978 5545 2203 5599 prorsus
2254 5533 2349 5585 has
2383 5543 2565 5585 sectas
2610 5530 2766 5583 labiis
2812 5526 3001 5590 Deum,
3033 5544 3138 5582 non
3175 5527 3344 5581 corde
3367 5526 3567 5599 colere

1978 5595 2318 5666 pronuntiat.
2350 5601 2405 5653 ltt
2432 5614 2539 5668 quo
2568 5601 2786 5668 quidem
2818 5614 2941 5652 cum
2972 5608 3243 5651 metueret
3268 5611 3335 5650 ne
3354 5595 3559 5668 Judaeis

1980 5665 2034 5723 in
2062 5669 2323 5726 olfensam
2359 5665 2910 5733 ven—iretJverborutn
2945 5670 3204 5721 duritiem
3236 5668 3316 5721 sic
3344 5665 3567 5720 mollite

1982 5740 2257 5796 instituit:
2289 5760 2306 5791 ε
2338 5740 2414 5794 Ne
2446 5741 2604 5794 vobis
2628 5741 2901 5811 ingratum
2926 5740 2999 5794 sit
3023 5738 3285 5809 quidquid
3318 5737 3568 5799 sentiam,

1982 5811 2326 5892 cloquentem
2366 5812 2575 5872 audire.
2601 5831 2619 5868 t
