3962 6262
381 355 489 410 667

1348 353 1404 410 S.
1439 350 1706 410 JUSTINI
1737 349 2145 407 PlllLOSOPlIl
2189 349 2275 404 ET
2320 345 2674 403 MARTYRIS

3545 334 3655 393 668

381 476 498 544 ipse
536 470 927 538 Deus.clamat,
957 470 1124 527 corde
1158 479 1340 526 autem
1378 472 1538 540 longe
1574 473 1643 526 ab
1678 485 1744 524 eo
1776 485 1944 524 reum-

2060 468 2211 532 Θεὸς,
2246 468 2345 540 τὴν
2377 468 2434 521 δὲ
2468 465 2696 538 καρδίαν
2730 463 2919 534 πόρρω
2965 461 3111 532 ἔχειν
3157 461 3252 517 ἀπ’
3281 458 3468 518 αὐτοῦ.
3507 457 3650 527 Ἐγὼ

382 577 493 622 tos.
544 565 656 636 Ego
712 572 892 620 autem
938 575 995 620 et
1020 604 1036 629 ,
1067 565 1111 620 si
1146 565 1239 633 qui
1276 575 1426 619 recte
1461 565 1515 619 in
1551 564 1804 618 omnibus
1834 578 1960 616 sen-

382 659 544 722 tiunt,
574 657 902 722 Christiani,
922 667 978 712 et
1013 657 1202 712 carnis
1228 657 1688 713 resurrectionem
1725 655 1960 710 futuram

379 752 606 815 scimus,
631 759 687 804 et
721 751 868 806 mille
903 766 1076 805 annos
1101 751 1153 803 in
1187 752 1321 806 urbe
1355 751 1659 806 Jerusalem
1695 750 1961 805 aediﬁcata

379 851 434 894 et
467 853 659 895 ornata
696 851 750 895 et
797 843 1168 910 ampliﬁcata;
1208 845 1673 910 quemadmodmn
1707 843 1963 900 Etechiel

377 942 433 986 et
467 933 635 989 Isaias
664 944 722 988 et
755 936 935 990 caeteri
973 937 1255 1005 propheta:
1296 938 1641 1008 promittunt,

448 1090 538 1146 8|.
583 1089 820 1146 Probare
850 1101 1078 1146 conatur
1109 1093 1245 1146 hanc
1279 1093 1595 1146 sententiam
1637 1109 1701 1146 ea:
1731 1091 1881 1147 Isaia
1913 1104 1962 1148 et

377 1181 912 1253 Apocalypsi.——Sic
949 1185 1096 1239 enim
1138 1183 1308 1238 Isaias
1344 1185 1410 1239 de
1454 1185 1558 1238 hoc
1604 1185 1750 1240 mille
1785 1203 1960 1241 anno-

380 1291 500 1329 rum
529 1277 707 1347 spatio
735 1276 950 1332 loculus
973 1287 1057 1333 est
1081 1297 1094 1332 :
1121 1296 1139 1330 ι
1174 1279 1288 1332 Erit
1316 1278 1460 1332 enim
1497 1279 1699 1333 ccelum
1735 1297 1958 1345 novum,

376 1378 433 1424 et
483 1380 634 1425 terra
674 1385 837 1436 nova,
868 1383 922 1426 et
966 1386 1076 1425 non
1132 1371 1575 1426 recordabuntur
1610 1372 1875 1440 priorum,
1905 1382 1962 1428 et

378 1475 486 1514 non
517 1461 744 1516 venient
772 1477 940 1532 super
969 1477 1065 1517 cor
1094 1477 1285 1517 eorum
1309 1459 1449 1529 {sed
1491 1466 1747 1532 gaudium
1784 1474 1842 1521 et
1868 1481 1964 1520 ex-

377 1551 730 1608 sultationem
768 1555 1046 1610 invenient
1079 1556 1135 1610 in
1174 1557 1313 1627 ipsa,
1342 1572 1465 1626 quae
1499 1574 1600 1627 ego
1635 1573 1786 1613 creo.
1823 1557 1960 1625 Quia

377 1657 511 1698 ecce
544 1658 646 1714 ego
683 1645 826 1700 facio
875 1647 1303 1704 exsultationem
1330 1647 1664 1711 Jerusalem.
1702 1659 1758 1704 et
1793 1665 1962 1720 popu-

379 1733 490 1787 lum
525 1750 701 1791 meum
726 1738 1007 1805 laetitiam;
1047 1748 1102 1794 et
1128 1741 1414 1796 exsultabo
1442 1756 1605 1811 super
1630 1741 1957 1807 Jerusalem,

2065 561 2142 622 δὲ,
2171 561 2264 614 καὶ
2297 561 2350 613 εἰ
2378 559 2521 622 τινές
2553 561 2690 612 εἰσιν
2714 552 3122 628 ὀρθογνώμονες
3147 551 3288 605 κατὰ
3315 551 3492 604 πάντα
3519 551 3657 621 Χρι-

2067 653 2290 716 στιανοὶ,
2339 653 2435 706 καὶ
2483 649 2688 721 σαρκὸς
2734 648 3031 702 ἀνάστασιν
3065 642 3395 715 γενήσεσθαι
3423 642 3654 696 ἐπιστάμ-

2067 744 2227 815 μεθα·
2278 744 2372 798 καὶ
2419 742 2564 814 χίλια
2600 741 2692 814 ἐτη
2728 740 2837 811 (99)
2872 740 2931 792 ἐν
2976 734 3333 808 Ἰερουσαλὴμ
3363 733 3655 805 οἰκοδομηη

2065 834 2219 906 Θεισῃ
2267 833 2363 887 καὶ
2408 832 2744 904 κοσμηθείσῃ
2792 829 2888 884 καὶ
2933 825 3324 898 πλατυνθείσῃ,
3359 826 3410 877 οἱ
3437 824 3654 895 προφῆ-

2063 946 2150 981 ται
2187 928 2259 999 (l)
2307 926 2566 997 Ἰεζεκιὴλ
2601 925 2698 978 καὶ
2741 923 2989 987 Ἡσαΐας,
3025 920 3121 974 καὶ
3165 920 3216 972 οἱ
3259 918 3408 972 ἄλλοι
3455 917 3655 988 ὁμολοη

2062 1018 2159 1088 γοῦ
2167 1037 2271 1072 σιν.

2135 1111 2223 1166 8L
2266 1108 2458 1174 Οὕτως
2488 1111 2599 1179 γὰρ
2627 1109 2856 1172 Ἡσαΐας
2882 1107 3013 1179 περὶ
3037 1106 3136 1178 τῆς
3159 1103 3651 1178 χιλιονταετηρέδος

2062 1205 2262 1275 ταύτης
2295 1200 2466 1257 εἷπεψ
2510 1223 2527 1253 ι
2558 1203 2750 1255 Ἔσται
2784 1201 2893 1272 γὰρ
2925 1203 2953 1254 ὁ
2985 1199 3213 1272 οὐρανὸς
3245 1197 3452 1260 καινὸς,
3489 1195 3586 1249 καὶ
3613 1195 3652 1264 ἡ

2063 1300 2134 1372 γῆ
2170 1299 2353 1367 καινή·
2393 1297 2488 1350 καὶ
2521 1296 2581 1348 ού
2621 1296 2695 1366 μὴ
2734 1293 3016 1365 μνησθῶσι
3049 1292 3158 1346 τῶν
3184 1291 3487 1362 προτέρων,
3522 1287 3649 1342 οὐδὲ

2065 1395 2139 1467 μὴ
2173 1393 2375 1464 ἐπέλθῃ
2409 1389 2588 1445 αὐτῶν
2621 1391 2714 1443 ἐπὶ
2747 1389 2844 1460 τὴν
2877 1387 3120 1459 καρδίαν·
3159 1385 3270 1439 ἀλλ’
3301 1381 3654 1454 εὐφροσύνην

2061 1488 2157 1541 καὶ
2195 1485 2510 1556 ἀγαλλίαμα
2555 1484 2878 1556 εὑρήσουσιν
2912 1483 2969 1534 ὲν
3002 1481 3140 1551 αὐτῇ
3173 1480 3273 1533 ὅσα
3307 1475 3418 1546 ἐγὼ
3451 1473 3640 1536 κτίζω.

2064 1582 2183 1634 ’Ότι
2212 1579 2320 1632 ἰδοὺ
2348 1577 2459 1647 ἐγὼ
2491 1575 2630 1630 ποιῶ
2652 1575 2750 1646 τὴν
2795 1572 3148 1646 Ἰερουσαλὴμ
3179 1569 3517 1640 ἀγαλλίαμα,
3545 1566 3650 1620 καὶ

2060 1673 2151 1726 τὸν
2182 1671 2310 1725 λαόν
2339 1688 2440 1742 μου
2476 1668 2834 1740 εὐφροσύνην,
2863 1666 2956 1720 καὶ
2990 1664 3388 1734 ἀγαλλιάσομαι
3421 1660 3516 1714 ἐπὶ
3544 1661 3646 1712 Ίε-

2063 1764 2362 1836 ρουσαλὴμ,
2398 1762 2492 1817 καὶ
2525 1759 2971 1832 εύφρανθήσομαι
2995 1756 3074 1828 τῷ
3101 1756 3216 1828 λαῷ
3245 1773 3368 1828 μου.
3403 1753 3516 1807 Καὶ
3539 1752 3646 1806 οὑκ

377 1835 431 1882 et
466 1827 695 1883 lzetabor
728 1845 892 1898 super
925 1833 1128 1901 populo
1165 1849 1308 1888 meo.
1346 1833 1414 1888 Et
1440 1849 1550 1888 non
1588 1834 1732 1888 ultra
1767 1834 1944 1889 audie-

2059 1827 2138 1911 ἐτι
2179 1857 2238 1912 ού
2410 1827 2648 1924 ἀκουσόῇ
2698 1855 2756 1905 ὲν
2791 1827 2937 1922 ἀὐτῇ
2987 1827 3137 1921 φῴνὴ
3184 1827 3482 1918 κλαυθμοῦ,
3517 1842 3643 1899 οὐδὲ

379 1927 468 1971 tur
503 1919 557 1972 in
595 1934 658 1973 ea
694 1935 792 1974 vox
841 1921 1000 1978 fletus
1047 1939 1225 1994 neque
1263 1941 1367 1978 vox
1402 1925 1678 1983 clamoris.
1733 1926 1801 1980 Et
1844 1941 1951 1979 non

376 2008 484 2062 erit
517 2009 748 2078 amplius
785 2012 856 2066 ibi
909 2013 1200 2069 immatura
1239 2017 1440 2086 aliquis
1469 2025 1652 2083 :etate,
1679 2025 1734 2071 et
1765 2032 1952 2077 senex.

376 2100 466 2167 qui
493 2116 599 2155 non
625 2103 845 2172 impleat
870 2113 1079 2173 tempus
1105 2122 1282 2160 suum.
1313 2108 1427 2162 Erit
1446 2108 1594 2163 enim
1623 2108 1955 2163 adolescens

377 2191 519 2246 filius
561 2204 781 2247 centum
816 2211 1085 2252 annorum
1125 2216 1136 2251 :
1171 2199 1409 2253 moriens
1453 2214 1585 2255 vero
1624 2199 1786 2270 179
1821 2214 1950 2268 pec-

375 2296 532 2340 cator
551 2285 694 2342 ﬁlius
714 2297 932 2344 centum
963 2306 1253 2359 annorum,
1274 2295 1439 2347 etiam
1469 2293 1791 2350 maledictus
1820 2297 1948 2350 erit.

376 2377 443 2430 Et
496 2379 850 2434 aediﬁcabunt
894 2382 1112 2449 domos,
1162 2394 1216 2440 et
1268 2387 1370 2455 ipsi
1423 2385 1842 2454 inhabitabunt;
1897 2397 1952 2444 et

375 2470 702 2540 plantabunt
735 2474 947 2538 vineas,
979 2485 1036 2531 et
1063 2478 1165 2547 ipsi
1213 2479 1503 2534 comedent
1549 2481 1823 2551 genimina
1858 2496 1951 2535 ea-

375 2579 517 2632 rum,
549 2575 603 2620 et
643 2565 831 2621 vinum
863 2569 1081 2636 bibent;
1115 2585 1224 2624 non
1262 2572 1628 2640 aediﬁcabant,
1661 2583 1716 2630 et
1743 2573 1835 2629 alii
1869 2576 1955 2630 in-

374 2660 815 2727 habitabunt;et
842 2678 948 2718 non
983 2664 1330 2733 plantabunt,
1355 2667 1444 2720 alii
1482 2682 1613 2722 vero
1641 2669 1947 2724 comedent.

377 2749 592 2804 Etenim
628 2751 932 2808 secundum
961 2754 1077 2810 dies
1103 2755 1236 2826 ligni
1269 2759 1414 2822 vita),
1435 2769 1597 2829 erunt
1623 2758 1738 2814 dies
1767 2761 1948 2830 pepuli

374 2845 513 2912 mei;
543 2861 710 2916 opera
749 2847 994 2904 laborum
1036 2864 1224 2904 eorum
1265 2852 1790 2921 multiplicabuntur.
1823 2854 1950 2909 Ele-

371 2938 443 2992 eti
488 2941 592 2994 mei
652 2955 760 3010 non
834 2942 1167 2999 laborabunt
1216 2945 1273 2999 in
1317 2946 1552 3009 vanum';
1589 2961 1769 3016 neque
1809 2947 1950 3002 ﬁlios

373 3030 715 3098 generabunt
745 3033 797 3085 in
832 3035 1316 3103 maledictionem;
1352 3037 1479 3107 quia
1520 3052 1708 3092 semen
1740 3037 1946 3107 justum

371 3132 427 3176 et
462 3123 810 3180 benedicmm
857 3141 888 3182 a
929 3128 1158 3183 Domino
1192 3138 1374 3195 erunt,
1407 3139 1463 3184 et
1503 3140 1729 3197 nepotes
1757 3146 1969 3186 eorum.

371 3234 496 3272 cum
529 3220 630 3275 eis.
667 3220 734 3275 Et
758 3221 887 3287 erit,
919 3234 1213 3292 antequam
1246 3225 1348 3294 ipsi
1380 3225 1621 3281 clament
1652 3240 1752 3293 ego
1780 3241 1948 3281 exau-

372 3309 550 3376 diam;
585 3311 766 3366 adhuc
807 3311 1156 3382 loquentibus
1188 3314 1313 3381 illis,
1369 3316 1550 3371 dicam
1587 3335 1601 3372 :
1639 3316 1780 3389 Quid
1831 3320 1949 3373 est?

372 3399 509 3456 Tum
551 3402 662 3472 lupi
717 3415 774 3458 et
822 3406 943 3474 agni
998 3417 1292 3476 pascentur
1335 3409 1520 3475 simul,
1569 3420 1624 3464 et
1663 3409 1746 3464 lco
1789 3413 1945 3480 quasi

369 3493 471 3548 bos
524 3497 774 3552 comedet
831 3499 1042 3568 paleas,
1102 3511 1159 3555 et
1218 3516 1445 3572 serpens
1505 3511 1729 3570 terram,
1788 3507 1946 3576 quasi

370 3602 588 3656 panem.
621 3589 738 3645 Non
770 3593 1062 3661 nocebunt,
1081 3611 1254 3666 neque
1283 3608 1635 3666 corrumpent
1665 3599 1718 3652 in
1760 3609 1946 3655 monte

372 3691 594 3748 sancto;
629 3682 763 3738 dicit
793 3684 1058 3740 Dominus
1079 3688 1146 3739 ²¹.
1186 3706 1205 3740 ι
1251 3688 1402 3756 Quod
1433 3691 1602 3759 igitur
1632 3693 1717 3747 his
1748 3694 1801 3747 in
1827 3709 1948 3749 ver-

369 3774 458 3830 bis
490 3775 733 3832 dicitur:
771 3795 791 3829 ‹
830 3776 966 3834 Nam
998 3782 1298 3836 secundum
1339 3782 1458 3839 dies
1485 3784 1639 3858 ligni,
1679 3783 1797 3841 dies
1841 3799 1944 3857 po-

440 3933 483 3964 “
522 3934 625 3989 lsa.
657 3952 782 4002 va,
823 3936 890 3991 l7
921 3953 1088 4008 usque
1121 3941 1188 3995 ad
1221 3940 1409 3996 ﬁnem.

439 4053 554 4124 (99)
586 4053 697 4126 Καὶ
731 4055 897 4126 χίλια
936 4055 1061 4123 ἐτη.
1088 4056 1331 4112 Clericus
1359 4058 1624 4112 excidisse
1647 4064 1798 4126 putat
1829 4055 1933 4126 has

368 4139 549 4189 voces,
589 4124 830 4188 εὐσεϐεῖς
867 4124 1176 4195 βιώσεσθαι.
1225 4128 1329 4182 Sed
1369 4131 1502 4182 satis
1558 4124 1661 4181 est
1685 4125 1936 4196 supplere

367 4198 531 4268 verba
561 4197 919 4268 prtecedeqtia
945 4199 1266 4268 γενήσεσθαι
1291 4199 1649 4268 ἐπιστάμεθα.

440 4264 513 4335 (1)
553 4267 620 4343 Ol
649 4265 963 4343 .fzpogqﬁtar.
1002 4264 1327 4343 Legendum_
1352 4264 1508 4343 ὡςρῖ
1551 4268 1848 4343 προφῆται,
1863 4277 1937 4343 ,ιιι

361 4337 477 4405 jam
511 4335 666 4390 multi
714 4338 1240 4394 animadverterunt.
1278 4335 1623 4394 Manifestum
1666 4335 1752 4394 est
1789 4338 1934 4393 enim

365 4406 638 4462 Justinum
688 4406 777 4460 hic
806 4421 905 4461 suo
928 4418 982 4460 et
1016 4424 1202 4463 eorum
1238 4425 1375 4477 quos
1421 4422 1566 4465 recte
1594 4412 1645 4465 in
1683 4408 1936 4464 omnibus

365 4477 571 4549 sentire
614 4477 712 4549 ait,
751 4480 992 4541 nomine,
1024 4495 1144 4533 eam
1176 4481 1479 4534 doctrinam
1514 4481 1781 4549 proliteri,
1815 4493 1936 4547 qua:

365 4556 421 4602 et
439 4547 720 4620 haereticis
732 4551 1193 4620 resurrectioiiem
1223 4547 1545 4620 negantibus
1571 4561 1626 4606 et
1649 4549 1934 4604 catholicis

367 4633 591 4688 regnum
632 4618 779 4673 mille
810 4634 1074 4673 annorum
1123 4618 1491 4687 rejicientibus
1526 4623 1800 4675 contraria
1834 4621 1929 4675 sit.

365 4689 580 4744 Primos
620 4699 896 4760 oppugnat
948 4693 1369 4746 resurrectionis
1417 4693 1703 4759 professio,
1731 4692 1934 4744 alteros

297 4769 313 4788 '
367 4760 519 4829 regni
576 4759 726 4814 mille
775 4759 1041 4814 annorum
1099 4763 1457 4830 exspectatio.
1507 4763 1776 4816 Praeterea
1815 4772 1936 4830 post

367 4830 458 4885 illa
490 4831 653 4884 verba
680 4848 693 4883 :
721 4849 740 4881 ‹
771 4831 837 4885 Ει
859 4833 1041 4886 carnis
1069 4833 1526 4886 resurrectionem
1561 4834 1797 4886 futuram
1828 4832 1932 4884 sci-

367 4918 556 4972 mus”
590 4901 759 4955 ιιιιιΙιο
795 4902 975 4970 aptius
1025 4903 1244 4972 ponitur
1271 4920 1287 4958 :
1317 4921 1336 4954 ‹
1367 4904 1434 4956 Ει
1483 4906 1630 4958 mille
1674 4917 1845 4956 annos
1879 4902 1945 4954 in-

365 4973 501 5025 urbe
532 4971 856 5036 Jerusalem,
889 4971 1344 5041 quemadmodum
1387 4975 1660 5044 prOphetae
1707 4974 1934 5042 promit~

368 5051 511 5108 tuut,
538 5061 558 5095 ι
597 5058 759 5112 quam
805 5044 852 5098 si
899 5045 1136 5107 dicatur,
1170 5062 1189 5094 ι
1214 5043 1280 5098 Ει
1317 5046 1461 5099 mille
1490 5043 1679 5100 annos
1711 5049 1762 5099 in
1801 5044 1933 5095 urbe

363 5113 665 5167 Jerusalem
729 5116 1032 5169 instaurata
1083 5123 1139 5168 et
1184 5124 1444 5170 exornata
1499 5126 1552 5170 et
1602 5115 1930 5183 ampliﬁcata

364 5186 643 5256 prophetae
699 5185 949 5256 Ezechiel
997 5197 1051 5242 ct
1093 5185 1260 5240 Isaias
1303 5196 1359 5240 et
1399 5187 1488 5240 alii
1541 5187 1879 5256 promittunt.
1908 5203 1928 5234 ι

367 5255 472 5327 llis»
505 5257 660 5327 adde
691 5255 967 5310 Justinum
1015 5259 1176 5327 paulo
1219 5267 1346 5311 ante
1389 5255 1594 5312 dixisSe
1637 5265 1692 5310 el
1729 5257 1851 5327 sibi
1877 5264 1933 5313 et

368 5325 552 5378 multis
597 5326 719 5382 aliis
759 5328 826 5381 de
873 5330 974 5380 hoc
1004 5325 1174 5393 regno
1214 5329 1362 5381 mille
1405 5344 1670 5382 annorum
1708 5325 1931 5380 omnino

369 5411 684 5462 persuasum
714 5413 856 5452 esse.
889 5399 1147 5464 Quamvis
1178 5410 1356 5451 autem
1399 5401 1472 5452 ita
1500 5399 1707 5454 sentire
1753 5398 1932 5450 decla-

371 5477 451 5519 ret
496 5467 590 5533 qui
639 5478 786 5521 recte
824 5469 876 5522 in
915 5470 1169 5524 omnilms
1214 5468 1485 5536 sentiunt;
1525 5469 1814 5522 manifesta
1849 5477 1932 5521 est

367 5537 609 5609 adhibita
643 5539 712 5590 ab
739 5539 831 5592 illo
865 5540 1005 5592 inter
1030 5554 1124 5594 eos
1149 5541 1238 5609 qui
1270 5542 1720 5595 resurrectionem
1750 5551 1805 5592 et
1837 5554 1930 5591 eos

367 5607 460 5675 qui
491 5622 714 5678 regnum
755 5609 904 5663 mille
938 5607 1206 5663 annorum
1238 5613 1536 5677 negabant,
1560 5611 1792 5663 maxima
1815 5611 1928 5662 dis-

369 5679 577 5750 tinctio.
633 5680 689 5730 1°
732 5680 1004 5750 Quidquid
1050 5695 1243 5749 aspere
1288 5692 1351 5734 et:
1387 5685 1737 5735 vehementer
1770 5680 1926 5743 dicit,

367 5749 420 5820 id
466 5754 531 5802 ad
583 5751 786 5817 primos
827 5749 1054 5820 spectat.
1102 5750 1338 5805 Laudem
1386 5753 1507 5805 aliis
1550 5754 1650 5820 pia:
1683 5760 1738 5804 et
1781 5765 1930 5817 pura:

365 5819 630 5877 doctrina:
668 5819 880 5877 tribuit.
911 5822 971 5876 2ο
1001 5820 1214 5878 Primos
1245 5823 1338 5878 toti
1370 5819 1622 5879 Ecclesia:
1647 5824 1927 5879 adversari

2059 1947 2210 2019 φωνὴ
2255 1945 2520 2018 κραυγῆς.
2570 1944 2681 1998 Καὶ
2726 1942 2786 1995 ού
2825 1943 2897 2014 μὴ
2931 1941 3152 2012 γένηται
3187 1939 3265 1992 ἔτι
3299 1939 3416 1991 ἐκεῖ
3459 1935 3643 2007 ἄωρος

2057 2039 2312 2111 ἡμέραις,
2346 2035 2442 2089 καὶ
2475 2032 2784 2106 πρεσϐύτης
2817 2031 2875 2094 ὂς
2906 2031 3006 2083 οὐκ
3037 2029 3304 2100 ἐμπλήσει
3330 2026 3421 2080 τὸν
3445 2025 3641 2096 χρόνον

2056 2131 2240 2187 αὑτοῦ.
2281 2131 2472 2183 Ἔσται
2517 2127 2626 2199 γὰρ
2658 2129 2686 2180 ὁ
2719 2126 2869 2190 νέος,
2907 2125 3019 2186 υἱὸς
3163 2119 3356 2173 ἑκατὸν
3402 2116 3571 2172 ἐτῶν·
3609 2116 3640 2167 ὁ

2055 2227 2112 2280 δὲ
2163 2223 2524 2291 ἀποθνήσκων
2571 2216 2894 2289 ἁμαρτωλὸς
2941 2215 3055 2278 υἱὸς
3102 2212 3296 2266 ἑκατὸν
3347 2209 3503 2272 ἐτῶν,
3542 2207 3640 2272 καὶ

2055 2317 2454 2389 ὲπικατάρατος
2488 2313 2657 2366 ἔσται.
2694 2311 2805 2364 Καὶ
2837 2308 3274 2378 οἰκοδομήσουσιν
3307 2303 3510 2366 οἰκίας,
3542 2299 3642 2354 καὶ

2055 2410 2210 2464 αὐτοὶ
2242 2408 2600 2478 ὲνοικήσουσι,
2633 2404 2725 2457 κα)¹
2759 2399 3254 2471 καταφυτεύσουσιν
3285 2394 3648 2467 ἀμπελῶνας,

2057 2503 2150 2557 καὶ
2180 2501 2331 2555 αὐτοὶ
2363 2499 2642 2569 φάγωνται
2663 2498 2736 2569 (5)
2758 2497 2825 2550 τὰ
2858 2495 3170 2565 γεννήματα
3203 2489 3401 2553 αὐτῶν,
3428 2489 3520 2542 καὶ
3545 2487 3640 2540 τὸν

2052 2591 2193 2650 οἶνον
2243 2592 2487 2646 πίωνται·
2550 2591 2608 2643 ού
2667 2590 2741 2660 μὴ
2787 2587 3180 2657 οἱκοδομήσωσι
3216 2583 3312 2653 (4),
3348 2582 3442 2634 καὶ
3487 2579 3638 2632 ἄλλοι

2053 2686 2454 2756 κατοικήσουσι·
2492 2682 2588 2735 καὶ
2619 2682 2678 2736 ού
2718 2679 2792 2751 μὴ
2826 2678 3134 2747 φυτεύσωσι
3156 2715 3171 2740 ,
3207 2675 3302 2728 καὶ
3332 2672 3480 2728 ἄλλοι
3530 2670 3638 2740 φά-

2051 2793 2260 2847 γονται.
2307 2774 2466 2828 Κατὰ
2506 2772 2614 2845 γὰρ
2652 2772 2749 2834 τὰς
2781 2771 2994 2841 ἡμέρας
3026 2767 3118 2822 τοῦ
3154 2765 3310 2831 ξύλου
3353 2764 3452 2834 τῆς
3485 2761 3638 2832 ζωῆς

2053 2871 2109 2924 αἱ
2143 2868 2346 2939 ἡμέραι
2379 2864 2472 2919 τοῦ
2518 2862 2650 2917 λαοῦ
2698 2879 2799 2934 μου
2850 2861 3081 2914 ἔσονται’
3119 2859 3186 2912 τά
3218 2857 3354 2928 ἔργα
3390 2855 3496 2908 τῶν
3530 2854 3636 2907 πό-

2051 2978 2157 3014 νων
2186 2958 2362 3013 αὐτῶν
2403 2955 2787 3010 πλεονάσουσιν
2816 2953 2911 3024 (5).
2948 2954 3008 3006 Οἱ
3043 2949 3287 3004 ἐκλεκτοί
3325 2963 3425 3018 μου
3460 2946 3520 2997 ού
3560 2943 3636 3014 μὴ

2052 3054 2374 3124 πονήσουσιν
2405 3051 2484 3113 εἰς
2514 3049 2689 3113 κενὸν,
2724 3047 2840 3101 οὐδὲ
2877 3043 3357 3113 τεκνοποιήσουσιν
3396 3041 3476 3101 εἰς
3502 3054 3638 3090 κατ-

2053 3146 2191 3217 άραν
2210 3161 2223 3174 ο
2261 3145 2343 3196 ὅτι
2395 3143 2618 3213 σπέρμα
2642 3140 2849 3194 δίκαιον
2883 3137 2980 3191 καὶ
3011 3133 3372 3204 εὐλογημένον
3397 3129 3502 3183 ὑπὸ
3530 3130 3649 3217 Κυρι-

2057 3216 2173 3308 ρίου
2215 3234 2449 3298 ἔσονται,
2482 3231 2576 3285 καὶ
2604 3231 2800 3299 ἔγγονα
2837 3227 2909 3299 (6)
2943 3224 3124 3280 αὐτῶν
3157 3221 3272 3293 μετ’
3289 3218 3485 3274 αὐτῶν.
3521 3216 3638 3270 Καὶ

2053 3329 2206 3383 ἔσται
2257 3326 2386 3399 πρὶν
2420 3326 2453 3398 ἢ
2491 3321 2757 3395 κεκράξαι
2803 3321 3038 3382 αὐτοὺς,
3091 3315 3203 3384 ἐγὼ
3258 3311 3638 3381 ὲπακούσομαι

2053 3420 2246 3473 αὐτῶν·
2285 3419 2366 3472 ἔτι
2390 3417 2693 3470 λαλούντων
2727 3413 2924 3476 αὐτῶν,
2954 3409 3081 3482 ἐρᾶν
3114 3409 3178 3462 Τί
3206 3410 3352 3470 ὲστι;
3386 3405 3519 3457 Τότε
3549 3401 3640 3454 λύ-

2053 3531 2138 3567 κοι
2170 3513 2265 3567 καὶ
2299 3512 2461 3584 ἄρνες
2495 3510 2611 3582 ἅμα
2646 3507 3094 3580 βοσκηθήσονται,
3127 3499 3221 3555 κα).
3242 3499 3381 3552 λέων
3401 3497 3478 3559 ὼς
3508 3493 3638 3566 βοῦς

2055 3607 2284 3676 φάγεται
2317 3605 2496 3674 ἄχυρα
2516 3643 2530 3666 ,
2565 3601 2687 3670 ὄφις
2719 3599 2774 3652 δὲ
2807 3598 2912 3667 γῆν
2953 3596 3028 3659 ὼς
3060 3594 3244 3666 ἄρτον.
3295 3591 3410 3644 Ούκ
3441 3587 3637 3658 ἀδική-

2056 3715 2237 3751 σουσιν
2269 3697 2389 3749 οὐδὲ
2421 3693 2785 3766 λυμανοῦνται
2815 3690 2908 3742 ἐπὶ
2940 3688 3016 3759 τῷ
3039 3687 3155 3758 ὄρει
3187 3684 3264 3755 τῷ
3293 3683 3456 3752 ἁγίῳ,
3483 3680 3638 3747 λέγει

2055 3788 2281 3856 Κύριος.
2311 3805 2329 3838 ι
2369 3784 2444 3839 Τὸ
2490 3779 2584 3837 οὖν
2627 3781 2916 3855 εἰρημένον
2958 3780 3016 3831 ὲν
3049 3779 3162 3840 τοῖς
3205 3774 3388 3842 λόγοις
3422 3770 3637 3835 τούτοις

2041 4049 2306 4116 declarat,
2357 4048 2496 4104 alios
2544 4061 2679 4117 vero
2725 4059 3094 4115 nequaquam.
3145 4046 3204 4100 5°
3251 4045 3347 4100 His
3401 4048 3630 4117 Verbis,

2046 4140 2065 4172 ι
2088 4121 2152 4174 Ει
2179 4115 2632 4175 resurrectionem
2658 4115 2895 4170 futuram
2927 4117 3152 4181 scimus,
3177 4126 3232 4171 et
3259 4117 3406 4170 mille
3437 4115 3630 4186 annos,

2043 4190 2500 4259 quemadmodum
2530 4188 2807 4258 prophetae
2835 4188 3182 4256 promittunt,
3205 4207 3222 4240 ι
3253 4188 3390 4241 satis
3422 4189 3634 4246 indicat

2045 4260 2468 4316 resurrectionis
2524 4259 2828 4313 doctrinam
2906 4259 3152 4310 omnium
3212 4259 3630 4325 Scripturarum

2043 4332 2393 4394 auctoritate,
2419 4341 2476 4384 et
2510 4329 2809 4382 traditione
2837 4342 2901 4380 ac
2930 4328 3169 4382 unanimi
3203 4328 3464 4382 Ecclesia:
3497 4348 3633 4387 con-

2045 4417 2208 4456 sensu
2246 4401 2343 4455 niti
2366 4442 2381 4462 ,
2419 4399 2566 4468 regni
2606 4409 2792 4452 autem
2831 4397 2977 4450 mille
3012 4413 3277 4451 annorum
3311 4401 3632 4466 opinionem

1968 4508 2012 4562 Ι)
2045 4472 2482 4562 exqquibusdam
2545 4470 2871 4562 testimoniis
2922 4468 3220 4535 Scriptura:
3283 4470 3522 4550 deduci,
3557 4475 3630 4562 il!

2041 4539 2239 4610 quibus
2271 4543 2360 4609 qui
2409 4556 2633 4610 regnum
2681 4539 2829 4592 mille
2859 4553 3128 4592 annorum
3167 4541 3486 4607 perspicere
3524 4545 3627 4599 sibi

2038 4613 2386 4676 videbantur,
2415 4627 2510 4665 eos
2540 4619 2689 4666 recte
2723 4610 2776 4664 in
2805 4611 3060 4664 oumihus
3092 4611 3295 4664 sentire
3334 4612 3631 4666 existima-

2036 4682 2161 4746 bat;
2193 4684 2285 4752 qui
2336 4693 2517 4736 autem
2558 4681 2704 4752 idem
2749 4696 2855 4734 non
2890 4681 3320 4750 perspiciebant,
3351 4696 3452 4737 eos
3483 4686 3629 4738 vitu-

2037 4768 2168 4822 pera
2182 4751 2237 4807 re
2269 4768 2376 4807 non
2410 4751 2669 4806 audebat.

2108 4823 2186 4891 (2)
2232 4823 2380 4889 Υἱός.
2419 4823 2666 4877 Justinus
2708 4821 2760 4874 in
2815 4822 2918 4876 hoc
2947 4818 3104 4875 Isaiae
3141 4819 3430 4876 referendo
3473 4826 3633 4878 testi-

2038 4896 2225 4947 monio
2263 4910 2369 4948 non
2415 4894 2659 4960 sequitur
2689 4892 3048 4960 Septuaginta
3089 4893 3442 4961 interpretes,
3485 4897 3630 4959 apud

2034 4980 2172 5032 quos
2197 4964 2322 5017 illud
2351 4963 2489 5027 υἱός,
2512 4966 2658 5032 quod
2682 4962 2844 5031 paulo
2879 4973 3000 5032 post
3027 4979 3058 5015 a
3078 4961 3297 5016 Justiuo
3325 4965 3623 5031 repetitur,

2037 5044 2231 5087 neutro
2255 5035 2306 5088 in
2334 5034 2452 5090 loco
2481 5034 2696 5102 legitur.
2729 5032 2914 5102 Neque
2939 5034 3100 5086 etiam
3128 5033 3288 5102 iidem
3315 5047 3631 5100 agnoscunt

2034 5104 2267 5183 ἡμέραις
2302 5115 2423 5175 post
2453 5101 2651 5175 ἄωρος,
2679 5101 2855 5174 neque
2883 5103 3012 5157 illud
3046 5103 3147 5155 ὅσα
3173 5101 3284 5170 ἐγὼ
3319 5105 3514 5170 κτίζω.

2106 5196 2184 5264 (ὅ)
2212 5194 2536 5265 (Paron-tat.
2564 5193 2746 5249 Monet
2774 5196 3023 5250 eruditus
3051 5193 3414 5249 Londinensis
3445 5197 3630 5260 editor

2035 5264 2322 5350 legendum
2376 5283 2499 5322 esse
2563 5265 2831 5342 φάγονται
2885 5264 2956 5321 τά
3007 5266 3342 5336 γεννήματα,
3381 5277 3438 5320 et
3498 5284 3630 5323 uno:

2041 5353 2700 5477 Μῖῖῖαδὶκοδομήσωσι.
2733 5409 2919 5463 Codex
2967 5407 3150 5476 regius
3199 5406 3268 5461 ³ί¹
3316 5407 3628 5478 ¹¹¹³τεί¹¹θ¹¹¹

2031 5477 2532 5548 οἰκοδομήσουσιβι
2559 5494 2682 5531 mox
2712 5479 3060 5547 φυτεύσουσι.

2106 5549 2183 5619 (5)
2222 5547 2698 5619 Πλεονάσουσιν.
2741 5551 3000 5619 Mendose
3045 5548 3176 5601 illud
3242 5550 3471 5602 verbum
3527 5565 3632 5619 pro

2031 5617 2436 5740 πριλαιώσουσιν
2485 5619 2716 5689 positum
2767 5636 2892 5675 esse
2947 5618 3186 5675 Grabius
3225 5629 3282 5673 et
3337 5617 3626 5678 Thirlb‘ins

2032 5707 2064 5738 n
2090 5700 2353 5742 tservant.

2102 5710 2498 5883 Ξὲίξὲἒξγονα.
2534 5757 2723 5817 Melius
2749 5761 2944 5830 ἔκγονα
2974 5770 3033 5818 ιιι
3061 5761 3113 5816 in
3147 5758 3336 5816 Bibliis
3375 5760 3533 5816 Rom.
3572 5772 3629 5816 et

2143 5869 2154 5883 .
2229 5845 2496 5883 lllllLBwS.

2031 5828 2167 5885 Ald.
2183 5829 2496 5905 TltlttLBws.
