3962 6262
307 370 400 429 609

1412 380 1758 438 DIALOGUS
1790 382 1935 439 CUM
1978 381 2354 439 'rnvpnoma
2388 364 2673 438 mulso;

3492 378 3592 434 670

312 484 451 553 ἔφην
473 502 493 535 ι
513 484 675 539 Κατά
705 485 829 559 γὰρ
860 488 975 553 τὰς
1006 489 1222 563 ἡμέρας
1251 492 1339 547 τοῦ
1359 492 1516 560 ξύλου
1542 496 1617 567 (7)
1636 498 1691 549 αἱ
1710 497 1912 569 ἡμέραι

2023 501 2124 569 puli
2156 500 2259 554 mei
2296 510 2460 553 erunt
2499 522 2509 555 :
2546 512 2709 569 opera
2742 497 2990 551 laborum
3038 508 3228 551 eorum
3260 494 3593 564 multiplica—

316 574 394 631 τοῦ
424 574 545 628 λαοῦ
584 591 687 645 μου
724 576 988 645 ἔσονται,
1011 583 1081 637 τὰ
1097 582 1230 653 ἔργα
1253 584 1361 638 τῶν
1377 585 1554 639 πόνων
1569 586 1746 640 αὐτῶν
1763 589 1919 642 πλεο-

320 668 573 730 νάσουσιν,
600 688 618 719 ι
648 672 1048 742 νενοήκαμεν,
1092 676 1173 727 ὅτι
1206 676 1351 746 χίλια
1386 677 1481 748 ἔτη
1538 681 1596 732 ἐν
1635 683 1917 754 μυστηρίῳ

327 756 520 833 μηνύει.
555 758 647 822 Ὠς
675 759 796 831 γάρ
831 760 916 831 τῷ
946 763 1125 833 Ἀδὰμ
1163 766 1344 837 είρητο
1375 768 1457 820 ὅτι
1561 770 1604 821 δ’
1646 769 1711 823 ἂν
1737 771 1916 843 ἡμέρα

328 852 459 922 φ-άγη
475 851 580 904 ἀπὸ
594 848 689 904 τοῦ
708 850 902 918 ξύλου,
922 856 983 907 ἐν
998 856 1178 931 ἐκείνῃ
1194 859 1707 929 ἀποθανεῖται,ἕγνω
1714 880 1811 933 μεν
1827 864 1918 917 αύ-

326 944 406 995 τὸν
433 943 503 1013 μὴ
538 944 1035 1015 ἀναπληρώσαντα
1071 948 1213 1019 χίλια
1248 949 1362 1021 ἐτη.
1386 952 1706 1025 Συνήκαμεν
1735 954 1830 1007 καὶ
1855 954 1914 1007 τὸ

325 1035 622 1105 εἰρημένον,
658 1036 741 1088 ὅτι
760 1037 838 1108 (8)
862 1057 881 1089 ι
912 1039 1099 1111 ἡμέρα
1132 1041 1335 1111 Κυρίου
1370 1042 1445 1106 ὡς
1478 1043 1625 1114 χίλια
1652 1043 1744 1115 ἐτη
1764 1044 1860 1116 (9),
1890 1064 1909 1097 ι

324 1129 399 1190 εἰς
440 1126 598 1181 τοῦτο
648 1133 896 1198 συνάγει.
935 1133 1051 1185 Καὶ
1096 1133 1280 1205 ἐπειδὴ
1320 1134 1415 1187 καὶ
1460 1139 1741 1209 παρ’ήμῖν
1773 1139 1915 1209 ἀνήρ

322 1236 419 1282 ex,
449 1212 495 1287 ᾧ
526 1220 705 1291 ὄνομα
738 1222 1022 1294 Ἰωάννης,
1059 1220 1137 1287 εἷς
1171 1224 1279 1277 τῶν
1312 1226 1626 1279 ἀποστόλων
1659 1226 1752 1280 τοῦ
1786 1230 1916 1300 Χρι-
1947 1297 1952 1301 _

326 1311 443 1365 στοῦ
463 1353 480 1375 ,
516 1314 578 1366 ἐν
622 1315 970 1386 ἀποκαλύψει
1002 1316 1270 1390 γενομένῃ
1303 1317 1453 1389 αὐτῷ
1486 1318 1633 1390 χίλια
1665 1319 1759 1392 ἔτη
1795 1336 1915 1373 ποι-

322 1406 468 1475 ἠσειν
501 1406 561 1457 ἐν
618 1406 978 1478 Ἰερουσαλὴμ
1010 1408 1135 1471 τοὺς
1167 1407 1243 1479 τῷ
1275 1409 1527 1481 ἡμετέρῳ
1573 1409 1791 1482 Χριστῷ
1822 1428 1903 1464 πι-

323 1496 657 1562 στεύσαντας
690 1502 1093 1572 προεφήτευσε,
1120 1501 1215 1555 καὶ
1252 1501 1389 1571 μετὰ
1421 1502 1591 1557 ταῦτα
1624 1504 1723 1575 τὴν
1748 1504 1899 1559 καθο-

323 1586 496 1658 λικὴν,
514 1590 634 1652 καὶ,
654 1591 928 1645 συνελόντι
965 1594 1150 1661 φάναι,
1175 1595 1398 1649 αἰωνίαν
1420 1595 1762 1667 ὁμοθυμαδὸν
1795 1597 1913 1667 ἅμα

324 1681 539 1733 πάντων
586 1684 887 1737 ἀνάστασιν
933 1686 1263 1757 γενήσεσθαι
1324 1688 1418 1741 καὶ
1479 1688 1681 1760 κρίσιν.
1735 1690 1912 1761 Ὅπερ

326 1772 418 1838 καὶ
435 1774 464 1824 ό
486 1772 696 1844 Κύριος
719 1774 876 1845 ἡμῶν
904 1771 1077 1835 εἶπεν·
1103 1795 1122 1827 ι
1150 1775 1272 1831 ’Ότι
1295 1777 1417 1833 οὔτε
1443 1779 1780 1849 γαμήσουσιν
1798 1779 1907 1850 (l0)

328 1860 445 1913 οὗτε
498 1864 913 1935 γαμηθήσονται
934 1906 949 1930 ,
986 1866 1121 1921 ἀλλὰ
1158 1870 1432 1939 ἰσάγγελοι
1466 1870 1712 1936 ἔσονται,
1746 1872 1911 1925 τέκνα
1940 1857 1983 1912 Β

330 1952 415 2005 τοῦ
448 1953 584 2024 Θεού
620 1955 721 2025 τῆς
756 1958 1107 2023 ἀναστάσεως
1141 1960 1311 2025 ὄντες.
1344 1981 1364 2013 ι

398 2043 485 2097 82.
518 2045 681 2116 Παρὰ
715 2048 823 2119 γάρ
856 2048 1232 2119 ἡμῖν(11)καὶ
1269 2051 1433 2121 μέχρι
1467 2050 1561 2103 νῦν
1596 2053 1916 2124 προφητικά

327 2138 639 2213 χαρίσματά
658 2141 825 2194 ἐστιν.
846 2140 933 2207 Ἐξ
967 2135 1029 2194 οὗ
1065 2143 1158 2196 καὶ
1189 2145 1344 2197 αὐτοὶ
1375 2148 1613 2198 συνεῖναι
1652 2145 1915 2215 ὀφείλετε,

338 2231 415 2281 ὅτι
438 2230 503 2282 τὰ
537 2231 709 2284 πάλαι
747 2235 804 2285 ἐν
836 2234 912 2304 τῷ
944 2235 1091 2303 γένει
1126 2236 1276 2307 ὑμῶν
1309 2237 1439 2291 ὄντα
1472 2240 1553 2300 είς
1583 2239 1732 2309 ἡμᾶς
1763 2255 1921 2309 μετε-

339 2319 482 2391 τέθη.
523 2322 737 2394 Ὀνπερ
771 2322 829 2376 δὲ
861 2324 1061 2394 τρόπον
1093 2327 1187 2381 καὶ
1218 2328 1660 2400 ψευδοπροφῆται
1696 2328 1919 2382 ἐπὶτῶν

335 2412 456 2481 παρ’
507 2412 640 2482 ὑμῖν
687 2416 996 2485 γενομένων
1062 2419 1231 2486 ἁγίων
1292 2421 1587 2492 προφητῶν
1629 2416 1790 2492 ἦσαν,
1826 2422 1921 2475 καὶ

336 2502 456 2573 παρ’
490 2504 624 2573 ἡμῖν
672 2504 771 2557 νῦν
811 2506 996 2559 πολλοί
1030 2508 1133 2560 είσι
1166 2509 1261 2563 καὶ
1302 2509 1789 2579 ψευδοδιδάσκαλοια
1826 2508 1920 2573 οὓς

337 2595 698 2660 φυλάσσεσθαι
776 2600 1040 2667 προεῖπεν
1100 2601 1231 2670 ἡμῖν
1294 2601 1323 2653 ὁ
1379 2601 1646 2673 ἡμέτερος
1692 2601 1917 2673 Κύριος,

337 2685 407 2751 ὡς
448 2688 503 2743 ἐν
549 2687 745 2758 μηδενὶ
790 2689 1134 2761 ὑστερεῖσθαι
1196 2694 1367 2764 ἡμᾶς,
1402 2694 1795 2764 ἐπισταμένους
1838 2696 1920 2747 ὅτι

338 2778 684 2850 προγνώστης
716 2775 786 2851 ἦν
820 2781 927 2835 τῶν
964 2782 1102 2853 μετά
1150 2782 1245 2855 τὴν
1298 2784 1594 2838 ἀνάστασιν
1626 2784 1789 2838 αὐτοῦ
1823 2785 1920 2856 τὴν

336 2869 433 2922 ἀπὸ
484 2870 591 2923 τῶν
626 2872 862 2944 νεκρῶν,
899 2874 993 2927 καὶ
1026 2874 1209 2927 ἄνοδον
1258 2876 1355 2947 τὴν
1386 2878 1469 2940 εἰς
1501 2876 1752 2947 οὐρανὸν,
1794 2878 1921 2948 μελ-

2020 594 2243 655 buntur,
2270 610 2289 643 ι
2322 591 2472 645 mille
2495 606 2671 644 annos
2695 604 2896 644 arcane
2923 588 3195 659 designari
3217 588 3591 658 intelligimus.

2018 685 2152 741 Cum
2197 685 2344 740 enim
2384 683 2514 738 Adze
2573 682 2778 737 dictum
2840 681 3055 745 fuisset,
3085 696 3195 751 quo
3231 682 3319 735 die
3352 680 3419 735 de
3449 680 3594 749 ligno

2018 778 2243 840 edisset,
2275 791 2339 831 eo
2372 776 2729 839 moriturum,
2764 773 2913 828 mille
2942 772 3095 825 illum
3133 788 3308 827 annos
3346 787 3457 827 non
3489 773 3593 824 im-

2018 870 2249 940 plevisse
2278 870 2497 923 scimus.
2519 868 2650 922 Illud
2678 868 2879 921 etiam:
2910 883 2928 917 ι
2959 866 3081 919 Dies
3103 864 3313 919 Domini
3333 874 3592 931 tanquam

2017 961 2164 1015 mille
2193 962 2402 1025 anni“,
2450 978 2468 1011 ι
2502 959 2693 1015 eodem
2740 954 3025 1026 pertinere
3065 953 3439 1021 intelligimus.
3478 949 3594 1004 Huc

2016 1053 2224 1107 accedit
2274 1052 2419 1122 quod
2454 1052 2538 1104 vir
2585 1048 2730 1119 apud
2768 1062 2868 1101 nos
2917 1046 3137 1100 nomine
3164 1042 3423 1107 Joannes,
3455 1055 3594 1094 unus

2015 1157 2084 1198 ex
2111 1141 2311 1198 Christi
2343 1139 2628 1211 apostolis,
2655 1140 2709 1192 in
2748 1134 3090 1191 revelatione
3115 1134 3215 1203 ipsi
3254 1132 3426 1196 facta,
3449 1130 3594 1185 mille

2016 1246 2188 1286 annos
2234 1228 2589 1301 Jerosolymis
2644 1229 2994 1283 traducturos
3041 1225 3298 1295 praadixit
3340 1239 3456 1291 eos,
3501 1225 3595 1293 qui

2014 1322 2230 1377 Christo
2280 1332 2467 1376 nostro
2498 1320 2871 1385 crediderint,
2906 1333 2971 1373 ac
3017 1326 3209 1388 postea
3254 1316 3591 1388 generalem,

2014 1425 2089 1480 et,
2129 1423 2187 1469 ut
2243 1415 2410 1469 verbo
2465 1414 2680 1481 dicam,
2734 1428 2994 1469 aeternam
3050 1412 3383 1468 unanimiter
3430 1408 3593 1465 simul

2014 1508 2260 1563 omnium
2294 1507 2757 1562 resurrectionem
2784 1517 2839 1563 et
2857 1507 3125 1575 judicium
3152 1505 3417 1559 futurum.
3435 1498 3593 1567 Quod

2013 1599 2229 1668 quidem
2264 1606 2320 1653 et
2350 1598 2610 1652 Dominus
2642 1609 2831 1654 noster
2874 1597 3297 1669 pronuntiavit:
3335 1614 3353 1647 ι
3397 1592 3589 1664 Neque

2012 1694 2238 1759 nubent,
2263 1709 2441 1763 neque
2472 1697 2765 1759 nubentur,
2786 1694 2879 1749 sed
2910 1693 3148 1762 aequales
3176 1690 3386 1762 angelis
3408 1696 3591 1755 erunt,

2012 1798 2137 1839 cum
2171 1785 2281 1841 sint
2310 1787 2406 1841 tilii
2438 1784 2535 1842 Dei
2570 1786 3074 1843 resurrectionis”.
3108 1805 3130 1838 ι

2088 2046 2177 2101 8‘2.
2212 2046 2527 2117 Prophetica
2552 2050 2692 2103 dona
2720 2050 3035 2105 Judazorum
3062 2052 3324 2106 translata
3353 2053 3407 2106 in
3439 2052 3596 2108 Chri-

2020 2139 2239 2193 stianos.
2265 2140 2488 2209 —Apud
2532 2156 2629 2197 nos
2659 2144 2804 2197 enim
2834 2144 2996 2197 etiam
3036 2160 3179 2199 nunc
3211 2146 3350 2200 dona
3375 2155 3597 2202 exstant

2021 2230 2343 2300 prophetica
2373 2253 2387 2287 :
2432 2248 2498 2286 ex
2532 2249 2641 2303 quo
2662 2245 2717 2290 et
2759 2237 2858 2306 ipsi
2888 2238 3186 2307 intelligere
3218 2238 3446 2302 debetis,
3473 2255 3596 2309 quae

2020 2322 2163 2391 apud
2218 2339 2314 2379 vos
2377 2324 2507 2379 olim
2564 2326 2737 2392 fuere,
2785 2343 2848 2384 ea
2898 2329 2955 2384 in
3002 2344 3102 2384 nos
3140 2345 3260 2385 esse
3304 2330 3590 2385 translata.

2020 2414 2484 2481 Quemadmodum
2512 2428 2697 2474 autem
2729 2421 2873 2490 apud
2909 2436 3029 2488 vos,
3056 2438 3178 2477 cum
3212 2423 3386 2477 sancti
3410 2433 3597 2479 essent

2026 2507 2332 2577 prophetae,
2386 2508 2508 2564 l'alsi
2560 2525 2778 2581 quoque
2820 2512 3180 2578 exstiterunt,
3210 2512 3284 2567 ita
3341 2521 3397 2567 et
3450 2528 3596 2569 nunc

2021 2599 2291 2668 ejusmbdi
2383 2600 2632 2657 homines
2680 2617 2746 2657 ac
2811 2602 2932 2658 falsi
2994 2604 3244 2659 doctores
3299 2604 3441 2674 apud
3494 2620 3595 2659 nos

2022 2699 2342 2755 versantur;
2394 2705 2531 2760 quos
2599 2699 2660 2746 ut
2716 2706 3058 2756 caveremus,
3104 2692 3427 2762 praemonuit
3495 2706 3595 2746 nos

2021 2779 2283 2835 Dominus
2317 2789 2532 2850 noster,
2572 2782 2651 2837 ita
2687 2793 2751 2837 ut
2782 2783 2918 2839 nihil
2964 2782 3246 2853 imparatis
3272 2783 3427 2838 nobis
3458 2798 3595 2838 eve-

2024 2876 2157 2935 niat,
2206 2873 2408 2942 quippe
2454 2889 2580 2929 cum
2633 2876 2920 2942 praescium
2972 2889 3096 2929 eum
3146 2875 3386 2929 sciamus
3426 2873 3595 2929 fuisse

333 2960 522 3016 λόντων
556 2963 809 3034 γίνεσθαι
830 2966 981 3035 ἡμῖν.
1019 2962 1153 3022 Εἷπε
1200 2967 1312 3039 γὰρ
1344 2969 1427 3022 ὅτι
1471 2968 1795 3038 φονεύεσθαι
1826 2970 1920 3033 καὶ

335 3054 602 3122 μισεῖσθαι
638 3055 730 3110 διὰ
760 3056 821 3108 τὸ
845 3056 1013 3127 ὄνομα
1046 3057 1208 3118 αὑτοῦ
1247 3058 1531 3129 μέλλομεν,
1555 3061 1649 3114 καὶ
1683 3062 1762 3117 ὅτι
1785 3060 1918 3131 ψευ-

331 3146 663 3218 δοπροφῆται
699 3151 797 3202 καὶ
830 3150 1203 3227 ψευδόχριστοι
1246 3152 1429 3205 πολλοὶ
1462 3153 1554 3206 ἐπὶ
1586 3153 1665 3225 τῷ
1695 3155 1915 3225 ὀνόματι

2023 3148 2284 3202 Futurum
2341 3151 2486 3205 enim
2524 3166 2648 3207 esse
2685 3153 2846 3217 dixit,
2881 3161 2939 3206 ut
2972 3152 3348 3207 occideremur
3378 3160 3435 3205 et
3471 3152 3597 3207 odio

331 3238 487 3292 αὑτοῦ
512 3241 968 3312 παρελεύσονται,
991 3245 1083 3297 καὶ
1110 3244 1337 3308 πολλοὺς
1363 3244 1724 3317 πλανήσουσιν
1742 3264 1754 3277 ·
1780 3249 1915 3313 ὅπερ

2023 3239 2344 3298 haberemnr
2423 3251 2643 3310 propter
2716 3216 2911 3299 nomen
2977 3242 3115 3311 ejus,
3169 3258 3234 3298 ac
3296 3240 3420 3296 falsi
3469 3257 3597 3313 pro-

332 3334 416 3384 καὶ
448 3332 585 3385 ἔστι.
638 3333 837 3387 Πολλοὶ
871 3334 980 3405 γὰρ
1001 3336 1133 3389 άθεα
1167 3337 1259 3391 καὶ¹
1290 3336 1585 3408 βλάσφημα
1620 3339 1713 3392 καὶ
1758 3339 1915 3393 ἄδικα

2024 3333 2197 3401 phetze
2246 3345 2301 3388 et
2337 3332 2457 3393 falsi
2481 3333 2686 3389 Christi
2720 3335 2773 3389 in
2819 3336 3038 3391 nomine
3085 3335 3206 3403 ejus
3257 3334 3412 3388 multi
3468 3347 3597 3401 pro-

331 3424 383 3473 ἐν
413 3424 633 3495 ὀνόματι
672 3425 841 3478 αὐτοῦ
878 3429 1392 3500 παραχαράσσοντες
1424 3431 1688 3498 ἐδίδαξαν,
1724 3432 1817 3485 καὶ
1849 3430 1915 3484 τὰ

2024 3424 2207 3476 dirent
2258 3436 2313 3479 et
2358 3426 2619 3495 plurimos
2670 3427 3027 3491 seducerent;
3074 3426 3217 3496 quod
3270 3427 3486 3495 quidem
3540 3436 3598 3480 et

329 3515 430 3567 ἀπὸ
486 3516 584 3569 τοῦ
638 3517 953 3589 ἀκαθάρτου
996 3519 1301 3591 πνεύματος
1349 3521 1596 3575 διαϐόλου
1656 3522 1915 3593 ἐμϐαλλόστ

2024 3514 2224 3566 evenit.
2261 3513 2411 3568 Multi
2436 3515 2582 3569 enim
2612 3515 2776 3583 impia
2800 3526 2857 3569 et
2890 3514 3202 3583 blaspheme
3247 3523 3302 3569 et
3332 3513 3515 3583 iniqua
3540 3512 3595 3567 in

334 3624 460 3674 μενα
498 3612 621 3672 ταῖς
666 3610 926 3675 διανοίαις
959 3612 1136 3666 αὐτῶν
1168 3612 1440 3678 ἐδίδαξαν,
1476 3613 1566 3667 καὶ
1601 3615 1907 3669 διδάσκουσι

2023 3604 2138 3674 ejus
2181 3607 2399 3660 nomine
2441 3605 2815 3661 adulterantes
2866 3607 3234 3669 tradiderunt,
3270 3614 3324 3659 et
3360 3620 3480 3673 quas
3528 3603 3598 3657 ab

333 3696 485 3767 μέχρι
538 3697 670 3750 νῦν·
719 3698 815 3762 οὓς
858 3681 1057 3769 ὁμοίως
1102 3701 1229 3771 ὑμῖν
1269 3701 1615 3772 μεταπείθειν
1660 3704 1732 3775 μὴ
1776 3703 1911 3757 πλα-

2023 3696 2234 3764 impuro
2285 3698 2479 3766 Spiritu
2527 3697 2743 3753 diabolo
2768 3706 2922 3766 sunt,
2950 3712 3011 3751 ea
3048 3697 3321 3750 mentibus
3356 3694 3474 3750 suis
3508 3696 3593 3748 in-

331 3788 516 3842 νΞσθαι
539 3790 947 3860 ἀγωνιζόμεθα,
978 3792 1177 3857 εἰδότες
1200 3793 1281 3846 ὅτι
1298 3796 1406 3855 πᾶς
1436 3796 1464 3847 ὁ
1491 3794 1915 3865 δυνάμενος(Ιῖ)

2023 3788 2163 3858 jecta
2198 3788 2503 3841 docuerunt
2521 3796 2579 3842 et
2605 3788 2770 3842 etiam
2796 3803 2939 3842 nunc
2963 3788 3182 3843 docent.
3212 3783 3421 3851 Quibus
3450 3783 3595 3841 idem

330 3876 498 3945 λέγειν
543 3880 604 3932 τὸ
643 3880 844 3949 ἀληθὲς
876 3880 967 3933 καὶ
1005 3881 1078 3954 μὴ
1108 3880 1297 3949 λέγων,
1334 3881 1651 3953 κριθήσεται
1686 3883 1791 3935 ὑπὸ
1822 3881 1915 3937 τοῦ

2024 3881 2167 3949 quod
2190 3880 2344 3935 vobis
2372 3882 2701 3949 persuadere
2725 3894 3005 3941 conamur,
3031 3889 3090 3931 ut
3113 3878 3182 3932 ab
3204 3890 3393 3931 errore
3420 3876 3598 3930 disce-

334 3968 480 4035 Θεοῦ,
515 3972 593 4034 ὡς
624 3972 718 4024 διὰ
758 3972 852 4025 τοῦ
900 3972 1155 4045 Ἰεζεκιὴλ
1186 3974 1586 4045 διεμαρτύρατο
1617 3978 1646 4029 ὁ
1678 3976 1808 4041 Θεὸς
1840 3978 1915 4029 εί-

2030 3972 2193 4038 dant;
2220 3974 2420 4043 quippe
2442 3988 2562 4027 cum
2590 3980 2935 4041 perspectum
2966 3970 3265 4025 habeamus
3287 3966 3599 4036 quicunque

336 4057 461 4123 πὺν,
506 4063 591 4114 ὅτι
637 4080 657 4111 ι
701 4062 905 4115 σκοπὸν
941 4062 1161 4115 τέθεικά
1204 4080 1263 4119 σε
1306 4063 1383 4133 τῷ
1415 4064 1548 4136 οἴκῳ
1581 4065 1767 4120 Ἰούδα.
1798 4067 1915 4127 Ἐὰν

2027 4081 2218 4122 verum
2261 4066 2435 4137 possit
2470 4066 2672 4133 dicere,
2711 4079 2813 4120 nec
2870 4063 3038 4131 dicat,
3067 4076 3192 4119 eum
3240 4075 3271 4115 a
3318 4060 3432 4115 Deo
3448 4058 3597 4128 judi—

2020 2978 2231 3031 eorum,
2265 2981 2386 3035 quae
2422 2976 2543 3035 post
2576 2966 2747 3036 ipsius
2779 2968 3232 3022 resurrectionem
3255 2982 3321 3021 ex
3364 2968 3594 3023 mortuis

2021 3064 2075 3109 et
2133 3072 2423 3112 ascensum
2492 3061 2547 3114 in
2610 3061 2806 3115 cmlum
2865 3068 3124 3115 eventura
3188 3060 3349 3114 nobis
3412 3069 3593 3116 erant.

395 4241 441 4274 ι’
480 4240 626 4295 Psal.
655 4257 888 4315 Luxu,
915 4241 971 4296 4.
1048 4245 1095 4275 ³³
1132 4243 1266 4317 Luc.
1303 4262 1398 4312 xx,
1427 4247 1521 4312 35,
1554 4247 1645 4303 56.

399 4417 476 4485 (‘7)
506 4418 621 4471 Τοῦ
658 4416 873 4480 ξύλου.
896 4417 953 4472 ln
989 4419 1319 4474 editionihus
1350 4419 1785 4478 Graeco-Latinis
1815 4421 1913 4474 ad-

2020 4421 2478 4490 transgressionis
2502 4418 2812 4489 adimplens
2838 4419 3167 4490 sententiam
3207 4436 3226 4470 ο
3254 4420 3431 4490 (lno.

335 4489 476 4563 dim!
502 4489 605 4563 τῆς
629 4487 805 4556 ζωῆς,
836 4491 978 4558 quod
997 4492 1145 4546 deest
1163 4491 1216 4543 in
1248 4490 1528 4546 codicibus
1546 4508 1678 4547 mss.
1696 4493 1908 4560 etapud

2086 4487 2202 4562 (10)
2263 4493 2411 4546 Οὔτε
2466 4487 2866 4563 γαμήσουσιν.
2936 4489 3239 4544 Desituram
3299 4487 3593 4563 liberorum

335 4559 398 4612 ιι.
426 4558 795 4622 Stephanum.

396 4629 474 4697 (8)
633 4626 703 4702 τᾷ
716 4629 1038 4702 εἰρημένον,
1053 4629 1161 4702 ὅτι.
1179 4630 1485 4702 Legendum
1501 4645 1635 4702 esse
1656 4631 1747 4684 καὶ
1760 4632 1841 4685 ὅτι
1857 4631 1918 4684 τὸ

330 4698 646 4770 εἰρημένον,
673 4697 786 4770 jam
822 4700 1065 4753 nonnulli
1110 4697 1459 4757 monuerunt.
1497 4701 1703 4770 Legere
1731 4702 1916 4755 malim

331 4768 451 4823 cum
486 4768 743 4840 Thirlhio
779 4770 1050 4838 συνάγειν.
1090 4772 1194 4825 Sed
1240 4772 1551 4839 quod:idem
1580 4768 1717 4840 legit
1756 4771 1917 4840 paulo

334 4850 457 4893 ante
484 4838 584 4891 καὶ
622 4839 895 4907 ἔγνωμεν,
926 4840 978 4894 id
1015 4851 1184 4895 totum
1212 4838 1356 4896 hunc
1388 4842 1562 4897 locum
1610 4838 1913 4909 perturbat.

400 4912 480 4977 (9)
526 4910 709 4981 xum
761 4910 890 4976 ἐτη.
947 4910 1120 4964 Locus
1169 4912 1249 4966 sic
1292 4910 1648 4981 explicandus
1678 4911 1912 4966 videtur.

340 4978 512 5033 Verba
559 4979 674 5042 illa,
716 4996 736 5029 ι
772 4981 889 5032 dies
928 4983 1105 5049 populi
1154 4983 1247 5035 Dei
1279 4978 1437 5036 erunt
1463 4982 1761 5036 secundum
1799 4982 1916 5035 dies

336 5050 482 5115 ligni,
523 5069 541 5100 ι
584 5063 791 5102 arcane
826 5050 1114 5119 designant
1149 5052 1297 5108 mille
1343 5066 1535 5105 annos.
1580 5049 1715 5104 Nam
1776 5051 1916 5105 Deus

332 5122 460 5173 dicit
493 5138 509 5174 :
546 5138 565 5170 ι
596 5120 868 5171 Αύαιιιιιιιι
902 5124 1089 5174 eodem
1126 5122 1232 5183 die,
1263 5138 1372 5191 quo
1410 5122 1475 5175 de
1514 5122 1659 5189 ligno
1690 5122 1914 5181 edisset.

332 5191 660 5243 moriturum
707 5204 863 5254 esse;
904 5209 923 5240 ι
974 5192 1019 5245 is
1069 5202 1249 5245 autem
1288 5191 1388 5262 (μὴ
1430 5191 1627 5245 ἀναπλ.
1659 5210 1729 5241 ::
1757 5208 1775 5241 ι
1809 5206 1913 5262 non

334 5274 747 5314 russcnsssus
784 5274 884 5313 nsr
939 5271 1150 5329 tempus
1205 5260 1349 5317 mille
1377 5260 1669 5315 annorum
1708 5262 1753 5321 ι)
1800 5260 1920 5315 fere

334 5331 474 5383 mille
505 5344 684 5383 annos
725 5330 862 5381 vixit
888 5331 1112 5399 (Cenes.
1158 5348 1212 5397 v,
1247 5332 1341 5399 5):
1368 5332 1481 5386 dies
1514 5332 1676 5401 igitur
1699 5331 1911 5385 Domini

334 5410 416 5454 est
449 5408 716 5468 tanquam
753 5401 898 5454 mille
954 5402 1108 5462 anni,
1148 5412 1202 5455 et
1255 5416 1351 5468 per
1379 5402 1523 5455 mille
1558 5416 1725 5455 annos
1761 5402 1919 5459 Chri:

334 5482 447 5523 stus
497 5470 898 5540 Hierosolymis
950 5486 1074 5540 cum
1130 5472 1246 5525 suis
1298 5472 1915 5539 regnabit.—lrena:us

334 5543 462 5612 Adv.
503 5541 697 5594 haeres.
746 5556 799 5605 ν,
846 5556 895 5594 c.
941 5539 1033 5603 25,
1086 5540 1114 5612 §
1151 5542 1207 5605 2,
1240 5557 1292 5611 p.
1328 5543 1453 5609 52l,
1482 5543 1569 5595 ed.
1608 5540 1908 5596 Massuet.:

338 5628 359 5659 ι
379 5611 614 5677 Quidam
639 5621 819 5677 autem
854 5626 1049 5665 rursus
1074 5611 1129 5665 in
1158 5612 1508 5665 millesimum
1531 5626 1731 5665 annum
1758 5626 1913 5665 revo-

337 5691 459 5733 cant
518 5692 751 5735 mortem
793 5682 925 5735 Adae
961 5697 977 5733 :
1014 5682 1272 5749 quoniam
1304 5682 1446 5735 enim
1485 5701 1503 5731 ι
1546 5684 1662 5736 dies
1700 5680 1911 5736 Domini

338 5752 475 5805 sicut
501 5751 651 5805 mille
678 5752 807 5804 anni
836 5769 849 5805 :
886 5771 906 5803 ι
941 5767 1046 5806 non
1076 5753 1426 5821 superposuit
1448 5751 1526 5819 (h.
1562 5767 1612 5806 e.
1653 5752 1907 5817 excessit)

345 5832 520 5876 autem
573 5821 721 5878 mille
778 5837 978 5887 annos,
1035 5822 1130 5877 sed
1183 5824 1324 5879 intra
1381 5838 1474 5878 eos
1523 5830 1767 5879 mortuus
1801 5832 1906 5890 est,

2018 4558 2485 4631 procreationem'
2535 4558 2689 4626 dicit,
2746 4569 3035 4631 postquam
3067 4573 3288 4631 omnes
3344 4558 3597 4631 homines

2022 4628 2457 4698 resurrexerint;
2506 4646 2612 4685 non
2662 4632 2806 4698 quod
2849 4628 3026 4696 justos
3064 4629 3116 4681 in
3147 4628 3260 4691 illo,
3298 4629 3442 4695 quod
3487 4628 3595 4683 sibi

2021 4701 2282 4768 tingebat,
2315 4702 2462 4755 mille
2517 4715 2786 4755 annorum
2844 4715 3014 4769 regno
3048 4699 3233 4752 liberis
3254 4712 3473 4769 operam
3499 4699 3598 4751 da-

2021 4767 2173 4825 turos
2196 4772 2604 4840 suspicaretur;
2630 4770 2722 4823 sed
2749 4770 2874 4838 quia
2903 4767 3153 4840 sanctis:
3171 4767 3411 4840 omnium
3432 4770 3598 4820 bono.

2020 4856 2138 4893 rum
2194 4837 2380 4909 utique
2426 4837 2810 4909 spiritualium,
2848 4858 2881 4909 r
2906 4849 2965 4894 ut
2997 4840 3075 4909 ait
3114 4837 3594 4909 Tertullianusgttl,

2016 4910 2075 4961 in
2111 4907 2308 4974 illam,
2337 4926 2386 4964 c.
2424 4907 2517 4976 24,
2552 4930 2571 4962 ι
2606 4910 2763 4977 copia
2806 4927 2825 4960 ι
2862 4908 3165 4962 {ruentibus
3215 4917 3440 4960 caeteros
3482 4907 3596 4977 rho-

2017 4981 2193 5033 mines
2239 4992 2557 5036 consuetam
2603 4980 2730 5032 vita:
2773 4980 3036 5033 rationem
3092 4978 3350 5031 ducturos
3405 4976 3598 5029 existi-

2020 5050 2221 5109 mabat.
2246 5051 2413 5104 Nemo
2444 5066 2577 5105 sane
2604 5049 2879 5108 Justinum
2912 5051 3029 5102 sine
3053 5061 3262 5101 summa
3286 5047 3598 5100 temeritate

2027 5129 2337 5188 suspectum
2386 5121 2438 5174 in
2481 5121 2586 5175 hoc
2609 5134 2809 5188 genere
2833 5120 3033 5172 habere
3062 5116 3251 5188 possit,
3276 5115 3365 5188 qui
3396 5116 3596 5170 diserte

2019 5186 2179 5259 docet
2212 5191 2262 5243 in
2312 5192 2471 5259 Apol.
2505 5206 2546 5255 ι,
2573 5186 2912 5244 Christianos
2943 5189 3149 5259 idcirco
3178 5186 3436 5259 ad‘vitam
3466 5199 3597 5253 pro-

2016 5252 2592 5328 fundendam'paratos
2621 5273 2763 5319 esse,
2789 5259 2915 5326 quia
2938 5258 3037 5327 τῆς
3071 5255 3221 5328 παρὰ
3242 5252 3362 5328 Θξεῷ
3390 5252 3592 5328 591790-

2015 5329 2139 5451 γῆςθ
2164 5324 2437 5409 amatores
2488 5339 2633 5395 sunt,
2662 5329 2786 5396 quia
2806 5324 3042 5381 ἀἰωνίου
3077 5326 3170 5378 καὶ
3202 5324 3444 5395 καθαροῦ
3479 5325 3595 5395 βίου

2016 5414 2105 5450 επι
2148 5416 2364 5451 υιιουσι.

2016 5414 2364 5452 επιυυιιουσι.

2086 5418 2396 5539 (3ίῖἑά
2433 5469 2544 5539 γὰρ
2590 5470 2763 5539 ἡμῖν.
2813 5466 2952 5533 Quia
2996 5467 3159 5539 paulo
3211 5475 3336 5522 ante
3383 5463 3597 5539 digerat

2012 5534 2933 5615 Joannem,'unu'm'exﬁuodccim,
2964 5534 3242 5615 prophetae
3264 5535 3405 5607 apud
3436 5534 3593 5615 Chri-

2014 5610 2224 5665 stianos
2249 5626 2472 5665 munere
2502 5608 2848 5679 perfunctum
2876 5606 3028 5672 esse;
3063 5606 3189 5663 inde
3219 5606 3347 5679 nata
3376 5607 3597 5660 occasio

2014 5680 2271 5749 loquendi
2301 5681 2368 5735 de
2396 5678 2730 5749 propheticis
2756 5678 3197 5733 Christianorum
3232 5678 3412 5733 donis.

2084 5746 2196 5820 (:12)
2227 5750 2353 5816 Πᾶς
2394 5746 2427 5804 ὃ
2476 5746 2828 5820 δυνάμενος.
2880 5748 3028 5802 Citat
3078 5749 3222 5820 hanc,
3262 5746 3597 5820 sententiam

2014 5819 2257 5889 Joannes
2289 5822 2657 5880 Damasccnus
2690 5821 2745 5876 in
2780 5819 3089 5887 Parallclis,
3126 5835 3176 5891 p.
3205 5819 3270 5874 75
3286 5822 3330 5880 ι.
