3962 6262
321 343 418 400 671
1285 345 1345 402 S.
1386 346 1652 403 JUSTINI
1684 346 2096 404 PHILOSOPHI
2135 347 2224 403 ET
2259 347 2617 405 MARTYRlS
3485 345 3596 404 ὅτε

322 476 504 516 ratum
537 459 630 530 iri,
676 463 838 534 180
863 451 1320 533 quemadmodum
1358 463 1499 518 Deus
1527 478 1624 532 per
1648 463 1898 518 Ezechie-

2011 465 2236 539 ἁμάρτῃ
2264 467 2296 519 6
2323 464 2665 538 ἁμαρτωλὸς,
2683 465 2777 518 καὶ
2809 464 2882 536 μή
2914 464 3259 537 διαμαρτύρῃ
3286 463 3454 534 αὐτῷ,
3490 465 3596 519 αὑ-

319 553 424 609 letn
462 563 690 610 testatus
721 565 811 612 est
852 557 938 610 his
967 555 1149 611 verbis
1181 573 1197 611 :
1241 575 1260 608 ι
1305 554 1720 626 Speculatorem
1746 557 1898 624 posui

2004 558 2092 622 τὸς
2128 556 2226 627 μὲν
2252 559 2317 629 τῇ
2341 556 2586 629 ἁμαρτίᾳ
2617 555 2783 610 αὑτοῦ
2808 557 3112 621 ἀπολεῖται,
3138 557 3290 627 παρά
3320 556 3411 610 σοῦ
3441 557 3499 612 δὲ
3531 557 3599 612 τὸ

323 657 376 700 te
402 648 589 701 domui
625 645 782 701 Juda.
821 646 877 702 Si
912 649 1222 719 peccaverit
1254 658 1534 719 peccator,
1567 657 1622 704 et
1662 665 1767 704 non
1811 657 1898 702 te-

323 738 593 794 stiﬁcatus
621 740 670 795 ei
701 740 887 807 fueris,
924 741 1038 808 ipse
1065 740 1282 810 quidem
1305 752 1530 811 peccato
1561 758 1660 799 suo
1684 741 1898 812 peribit,

323 849 352 885 a
409 841 462 887 te
499 842 681 888 autem
735 836 1052 904 sanguinem
1088 835 1206 903 ejus
1248 837 1544 905 requiram.
1573 836 1668 891 Sin
1707 836 1898 890 testiﬁ-

317 933 472 979 catus
526 926 572 978 ei
627 925 817 989 fueris,
848 927 1118 981 innocens
1171 926 1363 980 eris".
1401 947 1421 981 ι
1473 928 1541 982 Et
1581 941 1680 981 nos
1727 926 1899 995 igitur

318 1027 464 1071 metu
501 1017 754 1084 adducti,
779 1032 1065 1075 sermones
1091 1019 1391 1074 secundum
1425 1018 1738 1088 Scripturas
1765 1033 1898 1072 con-

317 1108 462 1162 ferre
493 1110 800 1176 studemus,
836 1112 1060 1167 minime
1103 1123 1284 1166 autem
1316 1112 1562 1182 pecunia:
1595 1118 1689 1164 aut
1713 1109 1899 1180 gloriae

318 1198 640 1267 cupiditate,
675 1210 770 1253 aut
819 1215 1008 1257 amore
1037 1202 1359 1268 voluptatis.
1397 1200 1614 1254 Nullum
1659 1199 1804 1254 enim
1829 1213 1898 1254 ex

319 1289 404 1344 his
449 1300 533 1344 est
579 1292 744 1358 vitiis,
775 1291 926 1360 cujus
956 1307 1054 1347 nos
1082 1293 1368 1362 quisquam
1409 1306 1641 1363 arguere
1698 1290 1892 1360 possit.

316 1380 506 1450 Neque
545 1385 692 1438 enim
749 1385 1026 1449 similiter,
1061 1401 1124 1441 ac
1156 1386 1436 1456 principes
1481 1379 1665 1454 p0puli
1709 1384 1895 1446 vestri,

319 1475 502 1530 vivere
527 1476 801 1543 volumus,
830 1478 1029 1546 quibus
1063 1479 1207 1533 Deus
1238 1478 1341 1533 hoc
1378 1479 1638 1547 probrum
1665 1476 1851 1546 objicit
1884 1489 1902 1529 :

323 1584 342 1618 ι
381 1566 667 1638 Principes
719 1571 882 1624 vestri
943 1570 1074 1624 socii
1136 1569 1355 1633 furum,
1400 1570 1687 1640 diligentes
1743 1569 1903 1632 dona,

317 1673 716 1730 persequentes
755 1661 1172 1717 retributionem
1190 1663 1255 1714 ³⁸.
1279 1681 1300 1716 ι
1321 1661 1475 1728 Quod
1501 1663 1546 1715 si
1573 1675 1710 1730 quos
1740 1659 1906 1713 etiam

1999 642 2140 718 αἷμα
2184 647 2351 702 αὐτοῦ
2405 647 2712 719 ὲκζητήσω.
2754 647 2880 702 Ἐὰν
2921 648 2980 703 δὲ
3028 648 3376 723 διαμαρτύρῃ
3419 649 3596 720 αὐτῷ,

1997 739 2175 804 ἀθῶος
2221 739 2340 812 ἔσῃ.
2386 759 2406 792 ι
2444 741 2542 794 Διά
2585 740 2702 805 δέος
2743 734 2835 794 οὖν
2883 741 2976 794 καὶ
3015 742 3177 812 ἡμεῖς
3219 739 3600 812 σπουδάζομεν

1997 832 2205 904 ὁμιλεῖν
2239 834 2379 888 κατὰ
2412 833 2508 897 τὰς
2532 833 2772 904 Γραφάς,
2790 832 2903 886 ἀλλ’
2924 833 2983 886 οὐ
3000 832 3088 887 διὰ
3120 832 3558 906 φιλοχρηματίαν
3579 875 3598 900 ,

1999 923 2033 995 ἢ
2091 924 2414 994 φιλοδοξίαν,
2449 923 2482 995 ἢ
2519 923 2849 994 φιληδονίαν.
2889 924 2978 978 Ἑν
3023 924 3200 978 οὐδενὶ
3236 927 3346 997 γὰρ
3386 923 3602 980 τούτων

1999 1015 2217 1084 ἐλέγξαι
2257 1017 2407 1088 ἡμᾶς
2453 1016 2616 1079 ὄντας
2655 1016 2878 1070 δύναταί
2924 1034 3026 1080 τις.
3072 1017 3206 1071 Οὐδὲ
3245 1017 3355 1089 γὰρ
3387 1017 3603 1089 ὁμοίως

1996 1111 2109 1172 τοῖς
2153 1109 2379 1180 ἄρχουσι
2423 1107 2518 1163 τοῦ
2568 1107 2700 1163 λαοῦ
2733 1109 2826 1164 τοῦ
2884 1110 3150 1183 ὑμετέρου
3201 1111 3426 1182 θέλομεν
3468 1110 3600 1184 ζῇν,

1999 1199 2092 1264 οὓς
2124 1201 2370 1266 ὀνειδίζει
2399 1203 2428 1256 6
2463 1201 2596 1266 Θεὸς
2622 1202 2794 1270 λέγων
2815 1220 2830 1233 ο
2867 1222 2886 1254 ι
2922 1204 2983 1258 Ol
3006 1204 3265 1274 ἄρχοντες
3294 1203 3446 1275 ὑμῶν
3480 1221 3602 1258 κοι-

1999 1292 2157 1345 νωνοὶ
2202 1291 2468 1356 κλεπτῶν,
2496 1292 2776 1363 φιλοῦντες
2813 1293 2981 1364 δῶρα,
3017 1293 3306 1359 διώκοντες
3353 1295 3602 1350 ἀνταπό-

2006 1383 2165 1453 δομα.
2207 1403 2224 1434 ι
2263 1385 2327 1437 EE
2358 1384 2415 1438 δέ
2449 1403 2602 1449 τινας
2634 1386 2727 1439 καὶ
2751 1388 2808 1439 ὲν
2835 1389 2965 1458 ἡμῖν
2986 1387 3257 1450 τοιούτους
3275 1387 3598 1458 γνωρίζετε,

2010 1474 2127 1527 ἀλλ’
2160 1472 2254 1530 οὖν
2299 1493 2363 1545 γε
2413 1476 2510 1541 τὰς
2555 1477 2779 1549 Γραφάς
2811 1478 2904 1532 καὶ
2937 1478 3027 1532 τὸν
3062 1478 3293 1550 Χριστὸν
3340 1478 3428 1531 διὰ
3472 1479 3600 1541 τοὺς

2012 1566 2288 1630 τοιούτους
2336 1569 2410 1639 μὴ
2460 1568 2838 1641 βλασφημῆτε,
2888 1571 2984 1624 καὶ
3031 1569 3457 1642 παρεξηγείσθαι
3483 1571 3600 1639 (15)

2016 1659 2376 1731 σπουδάζητε.

319 1757 464 1809 inter
527 1770 628 1811 nos
691 1756 825 1812 tales
881 1758 1180 1826 noveritis,
1234 1774 1304 1813 ne
1365 1758 1680 1828 Scripturas
1729 1757 1932 1812 idcirco
1959 1763 2012 1809 et
2047 1756 2322 1813 Christum
2366 1757 2716 1827 blasphemiis
2754 1757 3041 1827 appetatis,
3065 1766 3159 1811 aut
3207 1770 3371 1829 prave
3425 1754 3602 1809 inter-

317 1848 520 1914 pretari
547 1849 832 1904 studeatis.

389 1940 477 1995 85.
511 1939 778 1995 Probatur
806 1943 1087 2012 psalmum,
1131 1965 1151 1998 ι
1199 1945 1344 2000 Dixit
1406 1946 1690 2011 Dominus,
1735 1965 1755 1999 ι
1793 1955 1893 2000 etc.

2069 1942 2158 1998 85.
2194 1941 2306 1996 Kal.
2347 1940 2455 2012 γὰρ
2515 1941 2576 1993 τό
2603 1958 2616 1970 ·
2660 1960 2678 1992 ι
2712 1940 2862 2009 λέγει
2893 1938 3097 2012 Κύριος
3121 1938 3197 2010 τῷ
3229 1938 3420 2010 Κυρίῳ
3457 1955 3562 2008 μου
3585 1958 3598 1969 ·

322 2031 566 2086 ΕτεεΙιὶιο
617 2049 721 2087 non
761 2036 1306 2092 convenire.——lllud
1334 2039 1509 2104 enim,
1542 2055 1560 2090 ι
1607 2039 1748 2091 Dixit
1789 2037 1899 2090 Do-

321 2122 503 2177 minus
555 2122 786 2179 Domino
838 2139 1002 2180 meo:
1036 2128 1178 2183 Sede
1210 2143 1239 2181 a
1272 2129 1480 2182 dextris
1523 2129 1682 2190 meis,
1730 2129 1902 2182 donec

319 2228 519 2281 ponam
550 2213 802 2269 inimicos
829 2223 949 2270 tuos
977 2217 1275 2271 scabellutn
1307 2219 1505 2286 pedum
1535 2226 1750 2271 tuorum
1772 2218 1838 2280 ’⁸,
1876 2234 1895 2267 ι

320 2305 397 2357 ita
453 2304 813 2372 interpretari
869 2309 989 2363 ausi
1045 2319 1175 2364 sunt
1231 2310 1480 2380 magistri
1515 2310 1705 2373 vestri,
1738 2321 1796 2362 ut
1848 2310 1899 2362 in

319 2395 606 2448 Ezechiant
632 2395 832 2450 dictum
854 2413 974 2453 esse
1003 2399 1412 2466 contenderent,
1449 2401 1605 2469 quasi
1639 2401 1684 2454 is
1713 2400 1903 2470 jussus

318 2488 391 2539 sit
422 2486 474 2539 in
498 2485 688 2541 dextra
727 2497 882 2557 parte
910 2491 1098 2557 templi
1129 2492 1480 2559 sedere,cum
1509 2494 1575 2546 ad
1601 2508 1722 2547 eum
1755 2494 1902 2546 misit

320 2595 418 2632 rex
466 2578 817 2648 Assyriorum
865 2582 1150 2648 minitans,
1179 2583 1339 2652 eique
1381 2598 1475 2651 per
1506 2582 1701 2637 lsaiam
1733 2584 1902 2654 signi-

319 2670 542 2723 ticatum
571 2680 654 2725 est
700 2687 768 2726 ne
812 2673 958 2728 hunc
986 2675 1224 2729 timeret.
1254 2677 1430 2744 Atque
1476 2674 1627 2730 Isaiae
1681 2678 1898 2746 quidem

320 2761 464 2814 dicta
502 2761 580 2816 sic
614 2763 883 2830 evenisse,
922 2772 979 2818 ut
1001 2766 1144 2820 dicta
1176 2766 1420 2831 fuerant,
1443 2777 1496 2821 et
1528 2783 1706 2838 regem
1734 2771 1899 2841 Assy-

321 2857 527 2907 riorum
586 2869 834 2911 aversum
900 2855 1068 2913 fuisse
1121 2861 1418 2928 quominus
1477 2859 1779 2915 Jerusalem
1847 2862 1900 2916 in

319 2946 510 3002 diebus
539 2948 785 3004 Ezechiae
808 2965 1171 3022 oppugnaret,
1195 2966 1358 3023 atque
1378 2955 1444 3008 ab
1471 2955 1664 3024 angelo
1688 2957 1899 3010 Domini

317 3041 500 3096 occisa
547 3041 602 3095 in
680 3044 878 3098 castris
907 3044 1253 3116 Assyriorum
1284 3047 1348 3099 ad
1373 3059 1587 3101 centum
1625 3049 1900 3119 octoginta

317 3134 558 3204 quinque
582 3135 864 3212 hominum
898 3137 1163 3204 millia,et
1195 3139 1443 3194 novimus
1473 3151 1528 3194 et
1552 3140 1895 3197 confitemur.

319 3225 594 3281 l’salmum
642 3237 822 3282 autem
856 3229 910 3282 in
944 3243 1066 3282 eum
1099 3229 1303 3283 dictum
1351 3247 1456 3284 non
1494 3233 1660 3287 fuisse
1692 3237 1901 3304 perspi-

2003 2034 2184 2088 Κάθου
2238 2035 2300 2086 ὲκ
2345 2032 2535 2099 δεξιῶν
2572 2049 2695 2103 μου,
2727 2033 2831 2095 ἕως
2878 2031 2943 2084 ἂν
2977 2021 3208 2094 θῶτοὺς
3242 2030 3469 2100 ἐχθρούς
3503 2046 3603 2081 σου

2003 2125 2290 2178 ὑποπόδιον
2334 2122 2445 2177 τῶν
2493 2123 2673 2176 ποδῶν
2714 2140 2829 2185 σου,
2865 2141 2882 2174 ι
2923 2121 3004 2184 εἰς
3049 2119 3296 2184 Ἐζεκίαν
3346 2119 3605 2192 εἰρῆσθαι

2004 2217 2307 2288 ἐτόλμησαν
2339 2216 2500 2281 ὑμῶν
2537 2216 2587 2268 οἱ
2634 2214 2945 2269 διδάσκαλοι
2975 2211 3364 2284 ἐξηγήσασθαι,
3399 2211 3476 2276 ὡς
3511 2229 3606 2264 κε-

2002 2309 2319 2373 λευσθέντος
2353 2306 2519 2363 αὐτοῦ
2549 2309 2606 2360 ἐν
2640 2307 2791 2379 δεξιᾷ
2823 2305 2915 2360 τοῦ
2951 2306 3079 2359 ναοῦ
3099 2306 3211 2377 (14)
3246 2305 3602 2374 καθεσθῆναι,

2001 2404 2090 2456 ὅτε
2113 2400 2501 2472 προσέπεμψεν
2521 2400 2669 2470 αὐτῷ
2687 2402 2715 2452 6
2742 2398 2992 2469 βασιλεὺς
3025 2397 3321 2469 Ἀσσυρίων
3338 2395 3601 2460 ἀπειλῶν,

2003 2498 2097 2548 καὶ
2144 2494 2422 2565 ἐσημάνθη
2479 2493 2627 2564 αὑτῷ
2673 2494 2762 2547 διὰ
2793 2493 2886 2546 τοῦ
2934 2493 3154 2545 Ἡσαΐου
3201 2492 3275 2563 μὴ
3317 2489 3604 2560 φοϐεῖσθα.

2002 2588 2183 2640 αὐτόν.
2220 2587 2332 2639 Καὶ
2360 2587 2442 2638 ὅτι
2480 2585 2579 2656 μὲν
2613 2585 2805 2653 γέγονε
2833 2585 2901 2638 τά
2936 2584 3196 2654 λεχθέντα
3223 2583 3330 2636 ὑπὸ
3375 2581 3602 2634 Ἡσαΐου

2001 2678 2194 2742 οὕτως,
2238 2678 2334 2730 καὶ
2377 2676 2703 2747 ἀπεστράφη
2732 2678 2760 2728 6
2791 2675 3039 2745 βασιλεὺς
3061 2674 3361 2746 Ἀσσυρίων
3393 2672 3486 2725 τοῦ
3524 2671 3603 2741 μὴ

2003 2769 2311 2840 πολεμῆσαι
2343 2769 2441 2840 τὴν
2469 2766 2825 2843 Ἰερουσαλὴμ
2861 2769 2917 2820 ὲν
2949 2765 3180 2838 ἡμέραις
3213 2765 3306 2818 τοῦ
3326 2763 3602 2826 Ἐζεκίου,

2003 2862 2097 2915 καὶ
2141 2862 2370 2930 ἄγγελος
2407 2863 2616 2932 Κυρίου
2651 2859 2859 2914 ἀνεῖλεν
2895 2863 2957 2912 ἐκ
2989 2859 3088 2928 τῆς
3123 2857 3471 2928 παρεμϐολῆς
3492 2856 3603 2909 τῶν

1963 2994 1965 2996 -
2001 2945 2306 3026 Ἀσσυρίων
2339 2956 2420 3018 εἰς
2449 2956 2642 3026 ἑκατὸν
2682 2951 3176 3023 ὀγδοηκονταπέντε
3211 2948 3477 3020 χιλιάδας,
3505 2945 3603 3000 καὶ

2002 3046 2343 3119 ἐπιστάμεθα
2389 3048 2483 3100 καὶ
2540 3044 2929 3116 ὁμολογοῦμεν.
2966 3045 3087 3095 ’Ότι
3109 3043 3165 3096 δὲ
3198 3045 3278 3106 εἰς
3310 3041 3471 3096 αὐτον
3499 3043 3604 3095 οὑκ

2001 3140 2218 3212 εἴρηται
2251 3141 2279 3190 6
2318 3137 2549 3208 ψαλμὸς,
2577 3137 2753 3205 δῆλον.
2788 3137 2942 3206 Ἔχει
2975 3135 3084 3205 γάρ
3116 3133 3289 3197 οὓτως
3312 3151 3324 3163 ’
3368 3153 3386 3183 ι
3433 3134 3602 3200 Λέγει

2003 3235 2208 3304 Κύριος
2240 3230 2344 3300 ττῷ
2376 3232 2570 3300 Κυρίῳ
2620 3246 2742 3300 μου·
2795 3228 2981 3281 Κάθου
3017 3230 3080 3280 ἐκ
3112 3225 3300 3292 δεξιῶν
3335 3233 3456 3296 μου,
3490 3225 3600 3288 ἕως

317 3332 483 3370 cuum
516 3325 634 3385 est;
678 3318 758 3373 sic
791 3319 936 3374 enim
964 3321 1184 3374 habet"
1223 3339 1237 3372 :
1275 3339 1294 3373 ι
1337 3322 1482 3377 Dixit
1513 3325 1897 3388 DominusDo-

2004 3321 2068 3375 ἂν
2103 3319 2181 3372 θῶ
2213 3321 2341 3381 τοὺς
2377 3317 2604 3390 ἐχθρούς
2639 3335 2730 3370 σου
2767 3317 3053 3371 ὑποπόδιον
3099 3317 3206 3369 τῶν
3249 3315 3423 3369 ποδῶν
3476 3332 3596 3369 σου.

324 3410 478 3462 ιιιίηο
503 3425 624 3464 meo
665 3426 680 3463 :
712 3411 852 3466 Sede
885 3427 913 3466 a
949 3413 1154 3466 dextris
1188 3414 1345 3477 meis,
1371 3415 1541 3469 donec
1572 3432 1767 3485 ponam
1793 3419 1896 3471 ini-

326 3502 502 3556 micos
537 3512 658 3558 tuos
691 3503 987 3558 scabellum
1023 3509 1219 3574 pedum
1252 3516 1487 3562 tuorum.
1528 3507 1744 3578 Virgant
1783 3514 1896 3565 vir-

322 3593 452 3647 tutis
485 3596 701 3648 emittet
727 3611 892 3665 super
923 3595 1252 3663 Jerusalem,
1305 3608 1362 3654 et
1417 3601 1791 3656 dominabitur
1839 3605 1894 3658 in

321 3682 501 3737 medio
554 3684 900 3739 inimicorum
950 3701 1196 3741 suorum.
1233 3688 1289 3742 In
1340 3688 1628 3758 splendore
1681 3701 1900 3746 sancto-

317 3790 440 3830 rutn
490 3791 555 3830 ex
615 3785 776 3831 utero
824 3787 956 3832 ante
1011 3777 1326 3836 Luciferum
1377 3764 1538 3851 genui
1577 3794 1648 3837 te.
1687 3783 1901 3840 Juravit

317 3865 601 3932 Dominus,
630 3875 684 3920 et
715 3881 821 3920 non
852 3868 1135 3937 pmnitebit
1167 3885 1330 3926 eum:
1365 3871 1444 3925 Tu
1468 3887 1526 3927 es
1548 3875 1801 3928 sacerdos
1846 3875 1900 3929 in

316 3967 580 4011 a-lernum
633 3961 935 4014 secundum
969 3961 1220 4015 ordinem
1257 3961 1684 4020 Melchisedech.
1720 3984 1740 4018 ι
1766 3965 1904 4020 Eze-

314 4051 501 4104 chiam
538 4051 702 4121 igitur
735 4067 842 4106 non
879 4067 1001 4107 esse
1033 4055 1370 4109 sacerdOtem
1421 4057 1477 4109 in
1523 4066 1784 4112 aeternum
1810 4071 1901 4114 se-

317 4145 556 4197 cundum
611 4145 858 4199 ordinem
916 4147 1342 4214 Melchisedech,
1374 4149 1498 4219 quis
1555 4167 1663 4205 non
1725 4152 1898 4206 fatea-

320 4237 444 4294 tur?
493 4235 601 4291 Nec
653 4252 777 4292 eum
825 4253 948 4294 esse
993 4238 1296 4294 Jerusalem
1355 4240 1731 4309 liberatorem,
1778 4243 1902 4312 quis

317 4329 527 4388 nescit?
566 4329 675 4388 Nec
707 4345 830 4385 eum
867 4332 919 4386 in
952 4331 1140 4387 urbem
1189 4334 1659 4405 Jerosolymorum
1689 4337 1898 4403 virgam

2015 3410 2233 3462 'Po't660v
2265 3409 2547 3479 δυνάμεως
2579 3408 2959 3472 ὲξαποστελεϊ(
2967 3407 3054 3476 15)
3083 3407 3174 3459 ἐπὶ
3218 3407 3526 3478 Ἱερουσαλὴ
3536 3424 3600 3477 μ,

2003 3503 2097 3556 καὶ
2131 3500 2556 3573 κατακυριεύσει
2582 3502 2640 3554 ἐν
2669 3500 2818 3571 μέσῳ
2850 3500 2956 3553 τῶν
2990 3497 3200 3573 ἐχθρῶν
3222 3499 3432 3552 σου.Ἐν
3459 3498 3602 3570 λαμ-

2003 3596 2234 3668 πρότητι
2261 3595 2373 3664 (16)
2404 3593 2513 3648 τῶν
2533 3594 2701 3662 ἁγίων
2725 3593 2831 3665 πρὸ
2869 3594 3175 3664 Ἑωσφόρου
3211 3592 3480 3664 ὲγέννησά
3513 3609 3598 3646 σε.

2006 3689 2211 3758 Ὠμοσε
2244 3686 2471 3758 Κύριος,
2505 3686 2598 3740 καὶ
2627 3687 2687 3740 οὐ
2726 3685 3235 3757 μεταμεληθήσεται
3256 3701 3270 3714 °
3309 3687 3380 3738 Σὺ
3416 3687 3601 3756 ἱερεὺς

2002 3779 2084 3842 εἰς
2113 3779 2206 3832 τὸν
2233 3779 2405 3833 αἰῶνα
2433 3779 2574 3833 κατὰ
2599 3779 2697 3850 τὴν
2730 3778 2882 3845 τάξιν
2915 3780 3268 3850 Μελχισεδέκ.
3309 3799 3327 3830 ι
3352 3781 3474 3834 Ὅτι
3501 3777 3602 3834 οὖν

2002 3870 2253 3936 Ἐζεκίας
2305 3872 2407 3924 οὐκ
2459 3871 2605 3924 ἐστιν
2638 3871 2819 3940 ἱερεὺς
2852 3874 2932 3936 εἰς
2966 3871 3057 3925 τὸν
3096 3872 3264 3926 αἰῶνα
3301 3872 3444 3926 κατά
3496 3873 3601 3944 τὴν

2002 3965 2153 4032 τάξιν
2173 3965 2530 4036 Μελχισεδὲκ,
2555 3965 2638 4028 τίς
2658 3964 2755 4035 οὐχ
2786 3963 3070 4034 ὁμολογεῖς
3101 3964 3194 4017 καὶ
3216 3965 3300 4017 ὅτι
3321 3964 3420 4016 οὐκ
3447 3962 3601 4017 ἐστιν

2001 4060 2030 4112 6
2060 4056 2422 4128 λυτρούμενος
2453 4057 2551 4128 τὴν
2597 4057 2973 4128 Ἰερουσαλὴμ,
3007 4057 3092 4122 τίς
3119 4058 3220 4111 οὐκ
3267 4059 3602 4123 ὲπίσταται;

2004 4153 2098 4206 καὶ
2139 4152 2222 4204 ὅτι
2259 4150 2452 4221 ῥάϐδον
2485 4149 2769 4220 δυνάμεως
2803 4151 2967 4214 αὐτὸς
3014 4151 3113 4204 οὐκ
3155 4150 3473 4204 ἀπέστειλεν
3514 4154 3600 4215 εἰς

2014 4239 2386 4311 Ἰερουσαλὴμ,
2407 4240 2500 4293 καὶ¹
2524 4240 2946 4311 κατεκυρίευσεν
2963 4242 3021 4294 ἐν
3053 4240 3201 4311 μέσῳ
3236 4241 3340 4294 τῶν
3377 4240 3596 4312 ἐχθρῶν

2002 4334 2189 4400 αὐτοῦ,
2238 4334 2352 4388 ἀλλ’
2401 4336 2430 4388 ὁ
2474 4333 2606 4395 Θεὸς
2660 4329 2730 4404 ἦν
2782 4335 2812 4386 6
2869 4332 3217 4404 ἀποστρέψας
3280 4334 3374 4386 ἀπ’
3425 4332 3599 4387 αὐτοῦ

388 4446 436 4481 ³⁸
472 4447 669 4502 Ezech.
707 4462 789 4508 Ill,
823 4446 911 4512 17,
948 4449 1036 4513 18,
1075 4449 1166 4504 19.
1241 4450 1287 4482 ²⁶
1314 4450 1417 4504 Isa.
1458 4466 1496 4513 ι,
1534 4449 1621 4504 23.
1703 4451 1750 4482 ’°
1788 4449 1892 4504 Psa

2009 4466 2087 4515 lx,
2124 4452 2178 4505 1.
2253 4451 2297 4483 ³⁷
2337 4448 2504 4515 lbid.,
2541 4447 2662 4505 1-4.

386 4566 501 4642 (15)
524 4569 621 4637 Μὴ
649 4569 1059 4642 ,ϐλασφημῆτε
1087 4569 1183 4623 καὶ
1201 4570 1680 4640 παρεξηγεῒσθαι.
1701 4571 1898 4626 Distin-

2012 4585 2206 4642 nempe
2245 4571 2410 4642 virga
2448 4569 2534 4631 illa
2561 4567 2810 4642 ‘virtutis
2842 4567 3231 4642 dominabitur,
3265 4572 3597 4642 potentissi-

317 4639 529 4706 guenda
581 4650 709 4694 sunt
749 4639 867 4709 qua:
906 4639 1176 4697 Justinus
1206 4658 1312 4695 non
1353 4639 1628 4705 distinxit,
1663 4651 1718 4696 et
1751 4643 1899 4702 blas-

321 4711 552 4782 phemiae
606 4711 672 4764 ad
725 4711 1027 4782 Christum,
1063 4725 1244 4779 pravae
1294 4711 1772 4782 interpretationes
1831 4714 1900 4769 ad

323 4780 638 4848 Scripturas
667 4780 986 4838 referendae.

392 4849 504 4923 (14)
550 4852 653 4923 Ἐν
681 4851 852 4920 δεξιᾷ
885 4855 990 4914 τοῦ
1026 4854 1199 4910 ναοῦ.
1237 4850 1364 4908 Hinc
1409 4850 1801 4923 Tertullianus,
1841 4863 1903 4907 ttt

321 4919 689 4993 LtilldiﬂenSlS
736 4919 966 4993 uterque
1014 4925 1191 4978 editor
1229 4919 1564 4990 observavit,
1605 4925 1656 4977 in
1704 4923 1843 4978 libro
1871 4941 1902 4978 v

319 4990 839 5064 Αιίιζεῇιιιηίοιιεηι,
872 4990 990 5064 cap.
1025 4995 1080 5057 9,
1109 4995 1405 5049 transtulit.

389 5061 503 5129 (15)
563 5062 811 5117 Ῥιὶϐδον
889 5061 1198 5133 δυνάμεως
1276 5063 1690 5130 ἑξαποστελεῖ.
1749 5062 1902 5120 Hunc

320 5130 500 5185 lucum
527 5133 686 5201 longe
729 5135 888 5189 aliter
911 5130 1054 5189 citat
1076 5130 1323 5189 Justinus
1353 5150 1520 5201 supra
1552 5151 1608 5188 n.
1634 5135 1724 5199 52,
1754 5145 1809 5188 et
1842 5137 1896 5190 in

324 5203 480 5268 Apol.
544 5220 583 5269 ι,
635 5220 689 5257 n.
733 5205 826 5259 45.
873 5207 1128 5259 Statuere
1165 5221 1268 5259 non
1317 5220 1531 5274 possunt
1577 5218 1752 5267 utrum
1784 5206 1900 5260 bch

319 5277 555 5345 varietas
616 5276 694 5345 in_
725 5275 995 5339 librarios,
1029 5293 1096 5330 an
1153 5277 1331 5344 ipsum
1378 5275 1431 5329 in
1465 5273 1737 5329 Justiuutn
1774 5276 1898 5345 reji-

318 5343 511 5415 tzienda
541 5346 632 5400 sit.
674 5343 778 5398 Sed
817 5347 994 5401 nullus
1031 5343 1219 5400 dubito
1248 5347 1378 5414 quin
1428 5345 1482 5399 in
1532 5347 1634 5401 hoc
1681 5343 1896 5415 Dialogi

319 5412 438 5484 loco
496 5418 569 5470 ita
623 5417 905 5484 scripserit
948 5416 1216 5480 Justinus,
1254 5412 1312 5469 ut
1345 5416 1396 5468 in
1442 5416 1610 5471 editis
1642 5412 1893 5470 habetur.

319 5481 520 5539 Probat
549 5488 695 5540 enim
739 5481 886 5542 hunc
936 5488 1202 5555 psalmum
1247 5486 1314 5540 ad
1367 5486 1656 5542 Ezechiaut
1713 5487 1896 5540 detor-

317 5557 474 5619 queri
503 5573 607 5610 non
655 5573 834 5627 posse,
863 5559 986 5625 quia
1013 5573 1116 5612 non
1149 5559 1260 5626 ipse
1285 5557 1545 5610 Ezechias
1571 5557 1772 5626 virgam
1798 5557 1899 5609 vir.—

327 5627 459 5695 tutis
483 5629 692 5690 emisit,
713 5629 809 5682 sed
836 5628 976 5682 Deus
1006 5631 1074 5682 ab
1094 5642 1160 5681 eo
1184 5627 1430 5695 plorante
1458 5629 1655 5682 avertit
1687 5628 1893 5680 hostes.

318 5692 433 5748 Non
485 5696 697 5765 legebat
746 5714 908 5765 ergo:
950 5716 971 5749 ι
1027 5692 1241 5765 virgam
1287 5699 1507 5752 virtutis
1559 5699 1772 5752 emittet
1801 5698 1894 5750 tihi

323 5765 606 5838 Dttlllillus.
661 5787 679 5819 ι
738 5768 994 5838 Legimus
1051 5770 1216 5821 etiam
1272 5782 1468 5835 supra,
1513 5768 1609 5820 καὶ
1656 5784 1896 5838 κατακυ-

320 5835 489 5914 pisae.
522 5838 626 5895 Sed
657 5839 758 5896 hoc
791 5835 910 5895 loco
937 5838 1274 5894 retinendum
1315 5840 1408 5899 καὶ
1450 5837 1893 5914 κατακυριεύσει.

2010 4638 2157 4698 πηιιηὶ
2207 4638 2412 4696 Christi
2462 4638 2709 4704 verbum,
2736 4639 2904 4706 quod,
2940 4650 2996 4691 ut
3037 4639 3273 4708 explicat
3319 4640 3594 4708 Justinus,

2009 4714 2351 4768 dominatum
2401 4720 2483 4766 est
2539 4710 2590 4764 in
2643 4710 2825 4763 medio
2868 4708 3230 4774 inimicorum,
3297 4713 3506 4764 scilicet
3539 4713 3594 4767 in

2009 4784 2186 4839 medio
2237 4785 2572 4841 dromonunt,
2607 4779 2697 4848 qui
2727 4779 3039 4852 agentibus
3061 4780 3403 4835 colebantur.
3441 4779 3598 4852 Legit

2004 4855 2210 4923 pariter
2248 4847 2641 4923 Tertttlliattus_
2664 4866 2714 4923 ν,
2753 4850 2807 4923 in
2861 4847 3062 4914 Mora,
3095 4864 3215 4916 cap.
3247 4852 3319 4905 9:
3355 4869 3374 4923 ι
3409 4863 3459 4905 et
3495 4847 3597 4906 dvo-

2007 4920 2302 4978 ininabitur
2335 4922 2387 4975 in
2429 4922 2604 4975 medio
2631 4920 2977 4973 inimicorum
3005 4928 3246 4974 tuorum.
3278 4940 3298 4972 ι
3329 4922 3460 4975 Illud
3495 4939 3595 4973 an.

2009 5003 2141 5057 tem,
2177 5011 2194 5042 ι
2251 5001 2465 5046 tuorum
2504 5012 2522 5044 ι
2563 5007 2666 5044 nou
2699 4990 2933 5059 quadrat
2961 4990 3104 5059 apud
3143 4989 3418 5045 Justinunt
3463 5007 3592 5046 cum

2009 5065 2076 5118 iis
2114 5078 2234 5132 quae
2265 5065 2594 5130 praecedunt.
2625 5059 2862 5115 Nimium
2905 5062 3049 5113 enim
3093 5061 3204 5114 haec
3252 5064 3483 5114 obscura
3536 5072 3594 5116 et

2007 5135 2141 5186 dura
2190 5143 2315 5186 sunt
2347 5151 2360 5187 :
2396 5133 2613 5203 Virgant
2670 5133 2889 5203 virtutis
2943 5132 3157 5203 emittet
3207 5132 3508 5198 (Cltrisms)
3536 5143 3595 5186 et

2009 5203 2147 5274 (illa)
2203 5202 2684 5274 dutnittabiturrin
2727 5202 2913 5274 tuedi0_
2951 5202 3589 5274 ittinticoruttt__tuoruttt.

2005 5271 2230 5328 Videtur
2269 5289 2398 5342 ergo
2428 5273 2711 5344 legentium
2755 5275 2812 5326 ὲν
2849 5272 2998 5344 μέσῳ
3023 5271 3130 5324 τῶν
3157 5271 3367 5344 ἐχθρῶν
3395 5271 3592 5337 αὑτοῦ,

2003 5355 2062 5399 ιιι
2099 5343 2258 5414 paulo
2306 5341 2447 5411 post.
2475 5341 2562 5397 ubi
2597 5341 2996 5399 Ezecbize’ltaac
3037 5345 3212 5412 aptari
3258 5341 3372 5398 non
3424 5358 3593 5414 posse

2004 5416 2338 5469 demonstrat
2361 5414 2630 5468 Justinus.

2077 5484 2190 5554 (t6)
2234 5486 2334 5538 Ἐν
2365 5484 2756 5553 λαμπρότητι.
2781 5483 2912 5551 Quae
2945 5482 3217 5554 antehaac
3251 5483 3419 5538 verba
3449 5494 3503 5539 et
3532 5486 3589 5540 in

1997 5552 2134 5609 locis
2165 5572 2326 5622 supra
2377 5552 2560 5610 citatis
2598 5554 2794 5608 Justiui
2825 5567 2879 5610 ct
2903 5552 3167 5624 illHBlHiiS
3202 5555 3477 5624 legunlur,
3520 5572 3587 5611 ea

1999 5628 2066 5678 ab
2097 5629 2211 5693 ipso
2231 5626 2446 5680 Justitto
2477 5627 2652 5679 omitti
2679 5637 2925 5692 puluere.
2955 5623 3073 5677 Non
3104 5623 3463 5684 euinttqtunt
3495 5626 3586 5680 hic

2000 5697 2265 5764 psalmum
2323 5700 2543 5752 reeitat.
2581 5695 2805 5765 Legitur
2840 5711 3002 5761 supra
3058 5711 3115 5747 n.
3172 5695 3242 5765 52
3284 5706 3338 5749 et
3383 5696 3478 5760 53,
3531 5709 3586 5750 et

1997 5765 2152 5833 Apol.
2210 5784 2246 5833 ι,
2292 5785 2344 5823 ιι.
2403 5767 2519 5823 15ς
2565 5767 2650 5821 Ἐν
2701 5769 2817 5830 ταῖς
2867 5765 3213 5838 λαμπρότησι
3252 5765 3360 5818 τῶν
3412 5767 3586 5836 ἁγίων

1999 5854 2113 5892 σου.
