3962 6262
410 344 515 401 075
1382 347 1439 403 S.
1472 344 1739 404 JUSTINI
1776 344 2188 402 PHILOSOPHI
2213 345 2302 401 ET
2341 344 2697 403 MARTYRIS
3556 352 3655 414 673

409 477 515 515 non
553 460 788 525 habere,
833 469 895 517 ut
923 462 1001 519 illi
1041 476 1429 534 exposuerunt,
1467 467 1600 523 sed:
1643 484 1663 518 ι
1694 466 1835 521 Ecce
1856 466 1956 521 ado

2088 466 2313 536 γμάτων
2347 465 2910 538 (Ξυσημαινομένων,
2960 468 3011 519 εί
3054 467 3191 539 γυνὴ
3236 469 3341 523 ἀπὸ
3375 475 3657 542 συνουσίας

406 550 703 607 iescéntula
748 552 802 607 in
840 564 996 611 utero
1035 557 1277 612 habebit.
1309 576 1329 610 ι
1369 557 1538 624 Quasi
1576 572 1706 613 vero
1742 573 1829 613 res
1866 573 1953 612 ma

2084 559 2288 612 τίκτειν
2333 557 2590 628 ἔμελλεν·
2630 558 2767 628 ὅπερ
2807 559 2978 610 πᾶσαι
3018 560 3074 611 αἱ
3128 560 3365 625 νεάνιδες
3406 568 3656 631 γυναῖκες

407 659 528 714 gnae
561 646 1037 716 significarentur,
1091 650 1134 704 si
1176 649 1372 707 mulier
1403 667 1471 706 ex
1517 652 1810 707 concubitu
1836 652 1956 722 pari

2084 648 2297 701 ποιοῦσι
2328 648 2464 719 πλὴν
2488 647 2595 700 τῶν
2633 646 2866 718 στειρῶν
2890 664 2902 676 ⁸
2930 647 2995 711 ἃς
3032 649 3126 701 xui
3159 649 3327 715 αὑτὰς
3377 652 3656 725 βουληθεὶς

410 750 534 795 tura
560 748 744 808 esset;
788 742 933 811 quod
962 741 1211 811 iuniores
1242 759 1436 799 omnes
1464 744 1723 799 mulieres
1750 744 1956 800 faciunt

2080 742 2110 793 6
2141 740 2272 803 Θεὸς
2307 742 2501 811 γεννᾷν
2536 739 2757 810 ποιῆσαι
2801 739 3042 804 δυνατός.
3098 741 3161 793 Ἡ
3208 743 3387 814 μήτηρ
3426 744 3533 816 γὰρ
3568 746 3655 798 τοῦ

406 834 660 902 exceptis
683 833 993 901 sterilibus;
1026 851 1335 905 quanquam
1361 845 1421 890 ut
1444 837 1561 892 istae
1578 838 1743 891 etiam
1762 838 1950 907 parian

2081 830 2333 902 Σαμουὴλ
2366 831 2439 901 μὴ
2473 832 2753 895 τίκτουσα,
2779 830 2866 885 διὰ
2901 831 3094 901 βουλὴν
3138 831 3275 886 Θεοῦ
3308 835 3494 888 τέτοκε
3516 853 3528 865 ·
3565 837 3658 889 καὶ

405 932 586 992 potest
620 925 764 980 Deus
794 925 1032 992 efiicere,
1071 927 1116 981 si
1150 928 1301 982 velit.
1326 926 1596 984 Samuelis
1628 930 1771 1001 enim
1806 939 1956 984 mate‘

2076 925 2110 994 ἡ
2145 922 2282 994 γυνὴ
2308 922 2400 975 τοῦ
2429 922 2582 991 ἁγίου
2619 922 2952 994 πατριάρχου
3003 923 3271 996 Ἀϐραάμ,
3304 928 3399 979 xui.
3449 926 3660 979 Ἑλισά-

407 1029 533 1070 cum
567 1031 672 1070 non
704 1027 943 1085 pareret,
978 1019 1072 1073 Dei
1100 1019 1382 1075 voluntate
1420 1022 1664 1089 peperit:
1697 1021 1776 1076 sic
1810 1022 1974 1076 etiam

407 1114 546 1155 uxor
580 1108 853 1176 Abrahaa,
896 1112 1071 1164 sancti
1106 1110 1255 1163 illius
1294 1112 1662 1180 patriarchae,
1713 1121 1769 1166 et
1802 1112 1978 1167 Elisa-

403 1198 519 1270 bet,
583 1212 705 1268 qua:
744 1197 1009 1256 Joannem
1048 1200 1356 1272 Baptistam
1390 1202 1600 1271 genuit,
1640 1211 1694 1257 et
1724 1204 1972 1272 quandam

403 1288 527 1343 alia:
560 1291 837 1350 similiter.
871 1292 1216 1362 Quapropter
1268 1294 1402 1348 nihil
1440 1295 1665 1349 omnino
1709 1296 1973 1366 suspicari

401 1381 632 1449 debetis,
666 1384 809 1453 quod
841 1401 948 1439 non
984 1386 1157 1455 possit
1182 1386 1325 1441 Deus
1367 1388 1571 1451 facere,
1614 1387 1659 1441 si
1702 1387 1851 1443 velit.
1888 1387 1975 1442 ln-

399 1478 597 1547 primis
631 1494 762 1536 vero
807 1496 930 1534 cum
967 1481 1283 1548 prmdictum
1319 1482 1392 1536 sit
1422 1482 1494 1536 ita
1523 1490 1866 1549 eventurum,
1906 1498 1973 1537 ne

397 1569 715 1639 prophetias
745 1570 1054 1625 adulterare
1082 1580 1177 1624 aut
1211 1585 1374 1639 prava
1401 1570 1853 1640 interpretatione
1878 1572 1974 1626 de-

398 1668 656 1731 torquere
685 1662 973 1728 audeatis;
1017 1663 1061 1717 si
1097 1662 1317 1730 quidem
1346 1663 1504 1717 vobis
1548 1662 1801 1734 iniuriam
1842 1663 1970 1719 solis

399 1753 632 1819 facietis,
670 1754 841 1809 Deum
864 1762 1049 1809 autem
1079 1752 1215 1807 nihil
1246 1753 1453 1808 laudetis

2079 1015 2225 1085 ϐετὴ
2262 1014 2352 1068 τὸν
2401 1014 2702 1085 βαπτιστὴν
2754 1014 3006 1086 Ἰωάννην
3042 1014 3276 1068 τεκοῦσα
3299 1057 3314 1081 ,
3358 1018 3454 1071 xui
3497 1018 3658 1073 ἄλλαι

2077 1105 2219 1168 τινὲς
2243 1105 2462 1175 ὁμοίως.
2491 1107 2655 1159 Ὥστε
2687 1106 2787 1160 οὑκ
2829 1106 3091 1160 ἀδύνατον
3140 1107 3543 1179 ὑπολαμϐάνειν
3575 1112 3657 1165 δεῖ

2077 1194 2222 1265 ὑμᾶς
2239 1194 2414 1249 πάντα
2446 1194 2704 1249 δύνασθαι
2727 1194 2817 1249 τὸν
2838 1195 2970 1250 Θεὸν
2991 1197 3089 1249 ὅσα
3106 1196 3375 1266 βούλεται.
3405 1201 3515 1253 Kui
3546 1202 3656 1272 μάν-

2074 1285 2232 1339 λιστα
2282 1286 2470 1357 ἐπειδὴ
2516 1289 2959 1358 ὲπεπροφήτευτο
3007 1288 3218 1358 μέλλειν
3265 1291 3538 1359 γίνεσθαι,
3576 1293 3655 1364 μὴ

2074 1377 2520 1450 παραγράφεινῆ
2558 1378 2983 1450 παρεξηγεῖσθαι
3025 1379 3259 1450 τολμᾶτε
3297 1382 3394 1447 τὰς
3442 1402 3657 1457 προφη-

2072 1467 2221 1530 τείας
2242 1484 2255 1497 ’
2292 1468 2416 1521 ἐπεὶ
2463 1469 2686 1533 ἑαυτοὺς
2735 1469 2929 1539 μόνους
2963 1470 3271 1542 ἀδικήσετε,
3314 1471 3403 1526 τὸν
3436 1474 3493 1527 δὲ
3518 1476 3655 1531 Θεὸν

2070 1559 2130 1611 οὑ
2167 1558 2417 1628 βλάψετε.

1997 1824 2040 1879 Β
2139 1799 2228 1855 85.
2247 1801 2358 1852 Καὶ
2374 1799 2482 1870 γὰρ
2497 1799 2593 1871 τὴν
2611 1798 2948 1873 προφητείαν
2977 1802 3072 1874 τὴν
3088 1803 3369 1872 λέγουσαν,
3397 1823 3413 1856 ι
3444 1806 3653 1877 ’Ἄρατε

468 1868 561 1945 S5.
600 1888 794 1944 Probat
842 1887 1113 1944 Christum
1143 1903 1252 1941 esse
1287 1887 1575 1941 Dominum
1627 1887 1876 1942 virtutum
1904 1900 1956 1939 ea

2069 1890 2263 1956 πύλας,
2286 1894 2333 1945 oi
2367 1868 2844 1963 ipim-regpudiv,
2871 1897 2964 1948 xui
2998 1868 3295 1968 ἐπάρθητε,
3328 1868 3490 1950 πύλαι
3518 1868 3655 1950 αἰώ-

396 1982 614 2035 Psalmo
650 1998 723 2048 Iv,
748 1990 794 2034 et
818 1998 882 2035 ex
905 1980 1019 2050 ejus
1055 1980 1276 2048 imperio
1302 1979 1355 2031 in
1383 1979 1670 2033 daemones.
1693 2009 1767 2019 -
1788 1979 1967 2047 Atque

396 2075 502 2130 hoc
542 2075 705 2129 etiam
738 2072 1092 2126 vaticinium:
1141 2086 1161 2120 ι
1208 2067 1407 2124 Tollite
1437 2078 1646 2138 portas,
1671 2068 1966 2138 principes,

391 2178 627 2231 vesuas,
662 2175 716 2220 et
746 2165 1036 2219 elevamini
1068 2174 1239 2232 porta
1270 2160 1574 2226 aeternales,
1606 2169 1667 2213 ut
1694 2158 1967 2234 ingredia-

396 2270 484 2312 tur
518 2256 632 2311 Rex
673 2256 867 2327 gloriae
895 2255 963 2318 ³⁸,
991 2274 1010 2307 ι
1051 2253 1274 2323 quidam
1308 2268 1376 2307 ex
1407 2252 1563 2307 vobis
1585 2253 1651 2305 ad
1674 2250 1963 2304 Ezechiam

392 2348 807 2417 interpretando
843 2348 1172 2413 detorquere
1209 2344 1441 2405 audent;
1480 2342 1568 2396 alii
1610 2342 1678 2395 ad
1714 2340 1961 2395 Salomo-

391 2454 547 2502 nem;
585 2453 707 2492 cum
757 2452 860 2492 nec
884 2437 939 2491 in
976 2436 1124 2490 hunc
1157 2451 1255 2490 nec
1282 2436 1334 2489 in
1373 2435 1546 2500 illum,
1583 2449 1681 2489 nec
1716 2434 1769 2488 in
1797 2434 1961 2489 ullum

390 2532 612 2587 omnino
648 2529 817 2584 alium
856 2544 925 2584 ex
969 2528 1172 2584 vestris
1206 2529 1425 2597 regibus
1453 2528 1658 2582 dictum
1704 2542 1828 2581 esse
1865 2529 1961 2582 de-

392 2622 689 2677 monstrari
744 2622 971 2693 possit,
1028 2620 1122 2675 sed
1165 2630 1373 2674 tantum
1418 2620 1472 2673 in
1529 2627 1776 2673 nostrum
1815 2620 1961 2673 hunc

390 2713 708 2774 Christum,
751 2713 845 2782 qui
881 2710 1132 2767 informis
1180 2719 1234 2765 et
1270 2710 1534 2781 inglorius
1566 2711 1845 2780 apparuit,
1901 2720 1963 2764 ut

390 2805 560 2861 lsaias
576 2813 630 2859 et
643 2802 806 2859 David
821 2813 876 2857 et
890 2801 1188 2871 Scriptura:
1216 2816 1405 2857 omnes
1424 2811 1725 2868 testantur;
1753 2802 1843 2870 qui
1866 2803 1961 2856 Do-

387 2898 571 2954 minus
586 2897 944 2952 estvirtutum
969 2909 1067 2964 per
1086 2894 1419 2948 voluntatem
1437 2892 1614 2947 Patris
1639 2895 1741 2949 hoc
1758 2896 1805 2949 ei
1826 2894 1963 2950 dan-

389 2990 494 3056 tis;
526 2990 622 3059 qui
641 3003 705 3043 ex
734 2985 967 3041 mortuis
994 2986 1160 3039 etiam
1190 2986 1491 3040 resurrexit
1517 2986 1675 3056 182
1692 2995 1746 3041 et
1765 3001 1958 3041 ascen-

389 3080 467 3136 dit
496 3080 549 3134 in
583 3078 807 3142 coelum,
828 3077 1285 3146 quemadmodum
1311 3085 1367 3131 et
1400 3077 1641 3146 psalmus
1663 3089 1718 3134 et
1745 3088 1957 3134 caatera:

2067 2000 2185 2048 νιοι,
2213 1985 2299 2037 ἴνα
2340 1985 2553 2056 εἰσέλθῃ
2575 1987 2603 2038 6
2635 1985 2894 2050 Βασιλεὺς
2912 1987 3006 2057 τῆς
3035 1988 3221 2058 δόξης,
3262 2008 3280 2038 ι
3335 1988 3533 2059 ὁμοίως
3568 1992 3653 2053 είς

2066 2074 2155 2127 τὸν
2186 2075 2430 2139 Ἐζεκίαν
2450 2076 2690 2147 τολμῶσί
2719 2082 2861 2140 τινες
2887 2076 2946 2141 ἐξ
2979 2077 3133 2148 ὑμῶν
3165 2078 3473 2149 ἐξηγεῖσθαι
3504 2080 3657 2150 εἰρῆ-

2066 2166 2208 2231 σθαι,
2243 2167 2390 2221 ἄλλοι
2428 2167 2485 2221 δὲ
2519 2171 2598 2232 είς
2643 2169 2960 2239 Σολομίιῦνα,⁸
2990 2169 3113 2222 οὑδὲ
3154 2171 3232 2234 εἰς
3270 2169 3492 2233 τοῦτον,
3524 2171 3653 2224 οὐδὲ

2064 2258 2144 2322 είς
2167 2259 2403 2322 ἐκεῖνον,
2439 2258 2563 2312 οὑτε
2612 2263 2689 2323 είς
2722 2260 2878 2314 ἄλλον
2923 2260 3108 2325 ἀπλῶς
3151 2261 3446 2332 λεγόμενον
3486 2262 3653 2332 ὑμῶν

2066 2346 2290 2416 βασιλέα
2319 2349 2543 2403 δυνατὸν
2572 2350 2951 2420 ἀποδειχθῆναι
2979 2353 3247 2423 είρῆσθαι,
3289 2355 3368 2416 είς
3398 2353 3453 2405 δὲ
3483 2355 3653 2423 μόνον

2062 2438 2248 2492 τοῦτον
2276 2438 2366 2493 τὸν
2392 2442 2655 2512 ἡμέτερον
2688 2442 2921 2517 Χριστὸν
2944 2483 2957 2507 ,
2999 2445 3087 2496 τὸν
3122 2444 3274 2514 ἀειδῆ
3326 2447 3420 2498 xui
3448 2447 3651 2518 ἄτιμον

2064 2529 2327 2597 φανέντα,
2352 2530 2426 2594 ὡς
2478 2532 2702 2596 Ἡσαΐας
2746 2532 2880 2603 ἔφη,
2910 2533 3003 2586 xui
3024 2534 3207 2599 Au6i8,
3244 2537 3337 2588 xui
3380 2537 3550 2591 πᾶσαι
3586 2542 3647 2592 αἱ

2060 2618 2274 2692 Γραφαί
2292 2638 2306 2651 ·
2332 2622 2391 2686 ὃς
2413 2623 2529 2674 ἐστι
2560 2622 2765 2694 Κύριος
2785 2623 2893 2676 τῶν
2925 2624 3207 2696 δυνάμεων
3229 2625 3317 2679 διὰ
3339 2625 3399 2678 τὸ
3430 2626 3648 2696 Θέλημα

2060 2709 2151 2763 τοῦ
2184 2710 2367 2776 δόντος
2407 2712 2553 2783 αὑτῷ
2584 2714 2799 2784 Πατρός
2819 2731 2833 2745 ⁵
2868 2714 2927 2779 ὃς
2960 2717 3051 2769 καὶ
3088 2716 3283 2786 ἀνέστη
3315 2718 3380 2768 ὲκ
3408 2717 3648 2788 νεκρῶν,

2060 2802 2153 2854 xui
2185 2801 2410 2872 ἀνῆλθεν
2438 2807 2517 2868 είς
2532 2804 2621 2858 τὸν
2639 2806 2886 2877 οὐρανὸν,
2925 2807 3000 2871 ὡς
3031 2808 3125 2860 xui
3158 2809 3186 2859 6
3208 2806 3419 2878 ψαλμὸς
3453 2810 3548 2861 xui
3585 2813 3647 2863 αί

2059 2891 2214 2946 ἄλλαι
2246 2894 2459 2964 Γραφαὶ
2494 2896 2735 2967 ἐδήλουν,
2763 2899 2859 2951 xui
2899 2898 3102 2967 Κύριον
3140 2899 3300 2953 αὑτὸν
3334 2898 3442 2953 τῶν
3481 2900 3650 2957 δυνά·

2062 3000 2207 3054 μεων
2229 2985 2611 3056 κατήγγελλον,
2635 2988 2709 3052 ὼς
2728 2990 2823 3041 xui
2853 2988 2945 3042 νῦν
2969 2991 3033 3042 ὲκ
3064 2989 3171 3043 τῶν
3209 2990 3300 3043 ὑπ’
3334 2990 3456 3060 ὄψιν
3494 3008 3649 3059 γινο-

2062 3076 2238 3147 μένων
2261 3080 2391 3149 ῥᾷον
2419 3079 2561 3149 ὑμᾶς
2593 3080 2901 3151 πεισθῆναι,
2935 3081 3031 3134 ὲάν
3074 3080 3280 3154 θέλητε.
3329 3084 3489 3138 Κατά
3526 3084 3647 3156 γὰρ

390 3171 692 3240 Scriptura:
725 3168 1211 3230 demonstrabant,
1250 3182 1485 3238 eumque
1514 3170 1799 3226 Dominum
1837 3173 1952 3227 vir-

2062 3167 2146 3221 τοῦ
2180 3169 2442 3240 ὀνόματος
2473 3171 2584 3243 (22)
2627 3172 2789 3225 αὑτοῦ
2813 3172 3003 3225 τούτου
3039 3172 3131 3226 τοῦ
3173 3173 3303 3227 Υἱοῦ
3346 3175 3439 3228 τοῦ
3478 3175 3642 3241 Θεῶ,

386 3272 563 3317 tutum
603 3260 1012 3330 praedicabant:
1059 3258 1113 3315 id
1146 3259 1293 3330 quod
1323 3263 1477 3315 vobis
1501 3262 1665 3316 etiam
1704 3279 1848 3319 nunc
1875 3264 1957 3318 fa-

383 3355 487 3412 cile
525 3363 700 3411 estex
735 3354 818 3409 his
849 3367 969 3422 qua:
1003 3351 1055 3405 in
1082 3352 1326 3411 omnium
1354 3353 1531 3407 oculis
1554 3362 1815 3423 geruntur
1838 3370 1957 3425 per-

382 3448 613 3517 spicere,
635 3448 681 3503 si
711 3446 912 3503 velitis.
946 3444 1081 3498 Nam
1109 3459 1206 3513 per
1237 3459 1433 3500 nomen
1467 3446 1636 3515 ipsius
1659 3446 1805 3502 illius
1827 3447 1952 3502 Filii

387 3541 481 3596 Dei
516 3551 572 3597 et
607 3540 784 3595 omnis
815 3547 1083 3594 creatura:
1106 3536 1489 3608 Primogeniti,
1518 3540 1608 3609 qui
1635 3554 1700 3593 ex
1727 3539 1951 3611 Virgine

384 3638 543 3685 natus
577 3639 682 3692 est,
701 3639 755 3683 et
790 3630 950 3683 homo
982 3628 1427 3698 perpessionibus
1454 3630 1719 3685 obnoxius
1753 3630 1950 3696 factus,

382 3735 440 3779 et
472 3725 571 3779 sub
603 3723 797 3778 Pontio
834 3720 1011 3777 Pilato
1047 3737 1077 3777 a
1112 3723 1315 3792 populo
1350 3734 1530 3782 vestro
1567 3728 1864 3783 crucifixus
1897 3739 1953 3784 et

384 3823 632 3870 mortuus
666 3821 772 3877 est,
807 3828 871 3867 ac
903 3813 1208 3866 resurrexit
1240 3828 1307 3867 ex
1345 3817 1574 3872 mortuis
1609 3828 1665 3873 et
1700 3822 1952 3874 ascendit

381 3904 437 3960 in
472 3902 693 3967 caelum,
719 3902 1043 3956 daemonium
1072 3903 1353 3971 quodlibet
1377 3905 1682 3975 adjuratum
1715 3911 1954 3964 vincitur

378 4004 435 4051 et
471 3993 781 4062 subjicitur.
825 3994 882 4047 Si
911 4008 1043 4048 vero
1078 4009 1178 4065 per
1208 4011 1403 4051 nomen
1430 4000 1710 4066 quodlibet
1741 4017 1951 4065 eorum,

379 4087 473 4156 qui
503 4085 645 4155 apud
667 4100 764 4140 vos
795 4084 1036 4149 fuerunt,
1069 4097 1163 4140 aut
1190 4104 1399 4159 regum,
1425 4099 1518 4143 aut
1538 4089 1833 4157 iustorum,
1859 4102 1954 4147 aut

377 4180 793 4250 prophetarum,
815 4189 909 4233 aut
930 4179 1369 4249 patriarcharum
1389 4196 1416 4235 a
1441 4182 1592 4237 vobis
1607 4185 1948 4252 adjurentur,

385 4273 597 4327 nullum
634 4272 960 4341 subjicietur
994 4272 1349 4328 daamouium.
1385 4273 1442 4330 Si
1478 4276 1604 4345 quis
1658 4285 1835 4330 tamen
1865 4292 1950 4331 ve-

388 4372 565 4417 strum
599 4377 697 4432 per
721 4361 891 4416 Deum
926 4361 1162 4417 Abrahae
1202 4372 1258 4418 et
1298 4364 1468 4419 Deum
1513 4367 1663 4421 Isaac
1688 4378 1745 4421 et
1777 4365 1945 4421 Deum

376 4451 567 4522 Jacob,
587 4454 823 4524 adiuret,
847 4453 1083 4509 fortasse
1101 4454 1563 4525 subjicieturJam
1579 4472 1711 4514 vero
1731 4458 1947 4513 exorci-

468 4610 511 4641 ³¹
547 4608 695 4664 Psal.
733 4623 890 4671 xxm,
925 4607 978 4661 7.

2055 3262 2149 3314 xui
2187 3263 2529 3332 πρωτοτόκου
2577 3265 2755 3335 πάσης
2805 3264 3065 3330 κτίσεως,
3093 3266 3187 3319 καὶ
3222 3266 3309 3320 διὰ
3358 3266 3644 3338 Παρθένου

2051 3350 2400 3419 γεννηθέντος
2430 3353 2525 3405 xui
2553 3352 2793 3423 παθητοῦ
2827 3354 3120 3425 γενομένου
3166 3354 3454 3426 ἀνθρώπου
3475 3397 3490 3421 ,
3540 3359 3644 3412 καὶ

2052 3440 2459 3510 σταυρωθέντος
2488 3445 2580 3496 ἐπὶ
2604 3444 2828 3497 Ποντίου
2846 3446 3076 3499 Πιλάτου
3093 3445 3195 3500 ὑπὸ
3223 3446 3315 3499 τοῦ
3336 3445 3464 3500 λαοῦ
3481 3448 3647 3518 ὑμῶν

2050 3534 2144 3585 xui
2176 3532 2573 3598 ἀποθανόντος,
2610 3538 2704 3589 xui
2757 3537 3089 3609 ἀναστάντος
3141 3541 3205 3591 ὲκ
3244 3538 3489 3609 νεκρῶν,
3538 3542 3643 3593 xui

2051 3625 2351 3690 ἀναϐάντος
2383 3628 2462 3691 εἰς
2495 3626 2584 3680 τὸν
2609 3628 2858 3697 οὐρανὸν,
2896 3632 3002 3683 πᾶν
3024 3629 3299 3700 δαιμόνιον
3358 3629 3643 3701 ὲξορκιζό-

2053 3733 2210 3786 μενον
2234 3719 2451 3770 νικᾶται
2476 3719 2569 3771 xui
2604 3719 2989 3774 ὑποτάσσεται.
3032 3722 3156 3775 Ἐὰν
3178 3722 3234 3774 δὲ
3266 3722 3406 3775 κατά
3431 3723 3641 3787 παντὸς

2051 3807 2314 3878 ὀνόματος
2348 3808 2458 3879 (2'5)
2493 3808 2601 3863 τῶν
2640 3811 2771 3881 παρ’
2818 3813 2945 3883 ὑμῖν
2978 3814 3354 3885 γεγενημένων
3389 3816 3421 3885 ἢ
3473 3814 3637 3885 βασι-

2053 3898 2258 3971 λέων,ἣ
2294 3901 2533 3967 δικαίων,
2557 3904 2590 3974 ἢ
2617 3906 2926 3976 προφητῶν,
2964 3907 2996 3978 ἦ
3033 3907 3383 3977 πατριαρχῶν
3416 3907 3637 3978 ἐξορκὶ-

2053 3989 2183 4061 ζητε
2218 3994 2396 4063 ὑμεῖς,
2419 3994 2516 4065 οὑχ
2543 3996 2942 4065 ὑποταγήσεται
2984 3996 3137 4049 οὐδὲν
3182 3995 3290 4050 τῶν
3320 3996 3631 4066 δαιμονίων.

2062 4082 2202 4135 Ἀλλ’
2246 4085 2296 4136 εἰ
2345 4084 2453 4156 ἄρα
2502 4084 2773 4155 ἐξορκίξοι
2824 4103 2909 4159 τις
2964 4084 3116 4157 ὑμῶν
3164 4087 3306 4139 κατὰ
3348 4086 3439 4139 τοῦ
3492 4086 3633 4140 Θεοῦ

2062 4176 2313 4247 Ἀϐραὰμ
2336 4176 2444 4247 (24)
2466 4217 2479 4241 ,
2514 4178 2608 4230 xui
2638 4176 2773 4229 Θεοῦ
2827 4176 3012 4230 Ἰσαὰκ
3034 4218 3048 4242 ,
3078 4179 3172 4230 xui.
3217 4176 3349 4230 Θεοῦ
3409 4176 3633 4243 Ἰακὼϐ,

2049 4268 2180 4331 ἴσως
2222 4268 2639 4339 ὑποταγήσεται.
2705 4268 2842 4339 Ἤδη
2886 4266 3066 4338 μέντοι
3098 4268 3146 4319 οἱ
3177 4267 3237 4332 ἐξ
3280 4267 3433 4338 ὑμῶν
3464 4269 3632 4341 ἐπορ-

2049 4361 2317 4431 κισταὶτῇ
2349 4360 2533 4431 τέχνῃ,
2557 4359 2747 4431 ὥσπερ
2774 4361 2867 4413 xui
2896 4360 2962 4413 τά
2993 4359 3140 4430 ἔθνη,
3162 4357 3435 4430 χρώμενοι
3468 4359 3628 4431 ἐξορε

2050 4454 2258 4519 κίζουσι
2285 4456 2381 4508 καὶ
2405 4454 2716 4525 θυμιάμασι
2753 4455 2848 4507 xui
2891 4452 3251 4523 καταδέσμοις
3300 4452 3409 4523 (25)
3452 4452 3631 4525 χρῶν-

448 4765 672 4833 (ειγος
688 4762 966 4833 μεγάλων
998 4762 1378 4832 πραγμάτων,
1419 4772 1527 4817 etc.
1564 4759 1825 4833 lrenmusg
1851 4761 1944 4814 lib.

2062 4762 2354 4833 politanum
2384 4762 2492 4817 col.
2524 4764 2650 4828 724,
2678 4773 2809 4818 tom.
2843 4763 2859 4817 l
2886 4762 3124 4818 Auctarii
3156 4761 3297 4833 iNovi
3328 4760 3623 4833 BiblsPI’.

392 4831 480 4897 tu,
527 4831 645 4900 eap.
687 4831 786 4887 ‘27:
823 4852 841 4884 ι
871 4833 1007 4897 Quid
1042 4831 1189 4887 enim
1242 4847 1499 4901 magnum
1552 4839 1647 4883 aut
1688 4831 1830 4898 quod
1863 4833 1938 4884 si-

377 4922 543 4970 gnuin
576 4905 729 4958 ﬁeret
753 4944 769 4968 ,
814 4904 866 4957 in
909 4919 972 4958 eo
1001 4904 1143 4973 quod
1177 4900 1581 4973 adulescentula
1618 4901 1934 4967 concipiens

377 4990 440 5027 ex
474 4976 591 5027 viro
619 4976 945 5043 peperisset,
970 4972 1116 5042 quod
1166 4972 1348 5025 evenit
1396 4972 1652 5026 omnibus
1690 4984 1811 5038 qua:
1844 4985 1945 5040 pa-

378 5045 530 5098 riunt
565 5043 903 5097 mulieribus.
943 5063 962 5095 »
996 5044 1306 5097 Tutnwius.

448 5114 560 5185 (22)
588 5113 747 5168 Κατὰ
779 5115 887 5184 γὰρ
912 5113 1016 5167 τοῦ
1050 5114 1337 5182 ὀνόματος
1357 5150 1372 5165 .
1395 5153 1407 5165 .
1429 5150 1441 5163 .
1468 5152 1481 5164 .
1506 5107 1941 5185 ὑποτάσσεται.

374 5183 567 5241 Brevis
604 5188 718 5239 haec
764 5183 967 5238 Christi
1022 5185 1249 5238 historia
1308 5198 1413 5235 non
1468 5183 1687 5233 videtur
1740 5191 1947 5235 temere

377 5258 559 5310 addita
600 5271 757 5319 esse;
799 5257 1165 5323 respiciuntur
1188 5254 1415 5305 fortasse
1438 5253 1673 5323 antiqua:
1696 5252 1946 5323 formulae

375 5326 747 5382 exorcizandi.
801 5322 1063 5394 Origenes
1098 5342 1145 5377 c.
1172 5324 1307 5377 Cels.
1352 5338 1390 5385 ι,
1419 5339 1469 5377 c.
1501 5322 1536 5394 6
1573 5322 1729 5391 (Opp.
1764 5322 1858 5394 ed.
1881 5323 1946 5375 de

376 5396 425 5449 la
453 5396 571 5450 Rue
593 5408 720 5450 tom.
738 5396 793 5465 l)
822 5412 875 5463 p.
903 5390 1038 5465 325:
1064 5395 1136 5447 Οὑ
1155 5395 1263 5465 γὰρ
1281 5390 1722 5465 κατακηλήσεᾲσιν
1746 5390 1947 5461 ἰσχύειν

376 5411 425 5449 ta
453 5411 571 5450 hue
593 5411 793 5465 tom.”
822 5412 875 5463 p.
904 5411 1038 5450 ,ηδε
1064 5411 1136 5447 υυ
1155 5411 1263 5516 γαρ
1281 5411 1716 5463 κατακηλησεσιν
1746 5411 1947 5461 ισχυειν

373 5465 639 5537 δοκοῦσιν,
675 5466 812 5520 ἀλλὰ
840 5465 931 5537 τῷᾔ
947 5464 1168 5535 ὀνόματι
1190 5465 1225 5537 Α’
1253 5464 1385 5537 quoi}
1419 5464 1556 5533 μετὰ
1583 5462 1683 5532 τῆς
1704 5464 1948 5530 ἀπαγγε-

374 5536 493 5600 λίας
514 5536 621 5591 τῶν
659 5537 787 5606 περὶ
812 5534 973 5589 αὑτὸν
989 5534 1283 5606 ,ἱστοριῶνέ
1307 5535 1483 5589 Οττο.

449 5609 557 5676 (‘25)
604 5601 767 5661 Κατᾶ
815 5605 1039 5676 παντὸς
1086 5601 1393 5674 ὀῶόματος,
1430 5615 1535 5659 etc.
1593 5604 1649 5676 Ὁ
1695 5601 1945 5676 Σολομῲν

373 5673 472 5730 οὑκ
494 5673 849 5730 ἐδεσπότευσε
890 5675 998 5728 τῶν
1048 5673 1314 5746 δαιμόνων
1340 5692 1353 5740 ;
1398 5675 1517 5746 οὑχὶ
1542 5675 1745 5736 πάντας
1763 5675 1850 5746 ὑφ]
1886 5673 1945 5725 ἒν

374 5748 450 5810 ὡς
480 5748 577 5800 ἕνα
604 5746 980 5817 συνέκλεισεν;
1011 5743 1319 5817 οὑχὶμέχρι
1356 5743 1721 5817 toﬁ-uilissva
1761 5743 1947 5817 τούτον

374 5818 703 5884 δεδοίκασιν;
728 5817 851 5873 ιιως
877 5815 1043 5874 Judaei
1074 5814 1216 5886 apud
1248 5814 1949 5873 Leontiutn’Constantino-

2102 4833 2187 4886 ide
2220 4831 2418 4903 Joseph
2460 4835 2639 4903 Antiq.
2676 4850 2775 4898 vn,
2814 4850 2867 4903 p.
2895 4834 3021 4901 257,
3060 4844 3113 4888 et
3140 4832 3417 4903 Gregentii
3466 4832 3620 4899 Disp.

2046 4902 2141 4959 fol.
2173 4903 2266 4955 27.
2322 4902 2631 4958 Turannius.

2119 4973 2231 5041 (9.4)
2259 4974 2419 5026 Κατὰ
2453 4974 2557 5025 τοῦ
2593 4973 2739 5033 Θεοῦ
2775 4974 3041 5043 Ἀϐραάμ.
3070 4973 3213 5043 idem
3243 4972 3438 5043 docent
3469 4972 3622 5025 citati

2051 5042 2119 5095 ab
2152 5043 2365 5096 erudito
2396 5043 2646 5097 Thirlbio
2672 5045 2906 5097 lrenwus
2938 5041 3068 5107 Ιξιι,
3101 5060 3149 5097 c.
3184 5042 3239 5105 6,
3262 5052 3319 5096 et
3352 5041 3622 5105 Origenes

2050 5128 2081 5164 v
2115 5113 2234 5164 adv.
2266 5110 2430 5172 Cels”
2460 5129 2511 5180 p.
2550 5115 2636 5175 i7,
2666 5122 2719 5165 et
2748 5114 2784 5165 Ι.
2817 5128 2890 5176 iv,
2919 5129 2969 5178 p.
3001 5114 3122 5166 184.
3159 5112 3300 5177 Quin
3333 5114 3499 5180 etiam
3534 5119 3615 5163 te-

2057 5191 2237 5236 statur
2262 5179 2527 5250 Origenes
2558 5184 2723 5235 Deum
2775 5183 3030 5245 Abrahae,
3078 5183 3227 5236 Isaac
3254 5191 3308 5235 et
3349 5179 3521 5233 Jacob
3551 5180 3620 5231 ab

2055 5252 2186 5320 ipsis
2230 5252 2394 5304 etiam
2429 5252 2667 5305 ethnicis
2700 5253 2752 5304 in
2789 5250 3251 5307 incantationibus
3297 5260 3352 5305 et
3388 5250 3619 5315 magicis

2051 5323 2463 5391 Operatiouihus
2512 5322 2803 5386 nominari,
2842 5323 2997 5383 ibitl.,
3023 5322 3115 5375 lih.
3151 5336 3225 5374 tv.

2122 5392 2234 5459 (25)
2264 5391 2372 5445 Καὶ
2419 5391 2741 5460 θυμιάμασι
2775 5392 2872 5445 καί
2907 5391 3319 5460 καταδέσμοις.
3381 5386 3619 5442 Mericus

2051 5463 2406 5515 Casaubonus
2435 5460 2561 5516 Not.
2596 5465 2662 5516 ad
2693 5462 2764 5516 Μ.
2810 5463 3009 5515 Aulon.
3058 5463 3095 5514 l.
3129 5460 3169 5527 Ι,
3220 5474 3416 5513 sanum
3473 5460 3617 5511 hunc

2051 5533 2250 5588 Justini
2291 5543 2606 5602 contextum
2655 5532 2914 5599 depravat
2944 5572 2959 5597 ,
2992 5531 3221 5602 legendo
3249 5529 3616 5602 καταδέσμοις

2048 5601 2285 5674 χρῶνται
2330 5601 2497 5674 ἐπῶν.
2532 5604 2749 5654 lnanen:
2785 5602 2924 5674 hanc
2956 5600 3337 5674 conjecturam
3375 5600 3617 5674 exagitat

2050 5668 2361 5735 ‘I’hirlbius,
2390 5673 2483 5741 qui
2513 5683 2688 5724 tamen
2721 5687 2751 5724 a
2777 5668 3099 5725 Casaubono
3144 5686 3251 5725 non
3280 5668 3532 5741 discedit
3560 5668 3615 5720 in

2051 5739 2474 5810 interpretandis
2517 5741 2895 5810 καταδέσμοις,
2932 5757 3067 5811 quos
3100 5749 3257 5811 putat
3309 5757 3329 5789 ι
3365 5739 3614 5811 carmina

2051 5809 2221 5869 fuisse
2244 5852 2261 5880 ,
2312 5814 2512 5883 quibus
2558 5809 2880 5869 daemonium
2903 5851 2919 5878 ,
2950 5809 3274 5867 sufﬁmentis
3309 5824 3377 5864 ex
3412 5809 3621 5864 theme-
