  <div class='ocr_page' id='page_1' title='image "/cluster/home/n/w/nwhite01/storage/ocr_20150623/6/mdp.39015004289917/350.png"; bbox 0 0 3962 6262; ppageno 0'>
   <div class='ocr_carea' id='block_1_1' title="bbox 350 392 438 446">
    <p class='ocr_par' dir='ltr' id='par_1_1' title="bbox 350 392 438 446">
     <span class='ocr_line' id='line_1_1' title="bbox 350 392 438 446; baseline -0.023 0"><span class='ocrx_word' id='word_1_1' title='bbox 350 392 438 446; x_wconf 80' lang='grc'><strong>677</strong></span> 
     </span>
    </p>
   </div>
   <div class='ocr_carea' id='block_1_2' title="bbox 1392 377 2625 445">
    <p class='ocr_par' dir='ltr' id='par_1_2' title="bbox 1392 377 2625 445">
     <span class='ocr_line' id='line_1_2' title="bbox 1392 377 2625 445; baseline -0.005 -1"><span class='ocrx_word' id='word_1_2' title='bbox 1392 386 1739 445; x_wconf 78' lang='lat' dir='ltr'><strong>DlALOGUS</strong></span> <span class='ocrx_word' id='word_1_3' title='bbox 1772 385 1921 445; x_wconf 82' lang='lat' dir='ltr'><strong>CUM</strong></span> <span class='ocrx_word' id='word_1_4' title='bbox 1955 380 2329 440; x_wconf 80' lang='lat' dir='ltr'><strong>TRYPHONE</strong></span> <span class='ocrx_word' id='word_1_5' title='bbox 2359 377 2625 440; x_wconf 55' lang='lat' dir='ltr'><strong>JUDJEO.</strong></span> 
     </span>
    </p>
   </div>
   <div class='ocr_carea' id='block_1_3' title="bbox 3517 385 3621 443">
    <p class='ocr_par' dir='ltr' id='par_1_3' title="bbox 3517 385 3621 443">
     <span class='ocr_line' id='line_1_3' title="bbox 3517 385 3621 443; baseline 0.019 -3"><span class='ocrx_word' id='word_1_6' title='bbox 3517 385 3621 443; x_wconf 83' lang='grc'><strong>678</strong></span> 
     </span>
    </p>
   </div>
   <div class='ocr_carea' id='block_1_4' title="bbox 351 500 1922 577">
    <p class='ocr_par' dir='ltr' id='par_1_4' title="bbox 351 500 1922 577">
     <span class='ocr_line' id='line_1_4' title="bbox 351 500 1922 577; baseline -0.002 -18"><span class='ocrx_word' id='word_1_7' title='bbox 351 524 442 565; x_wconf 82' lang='grc' dir='ltr'>ται,</span> <span class='ocrx_word' id='word_1_8' title='bbox 469 501 631 558; x_wconf 74' lang='grc' dir='ltr'>εἷπον.</span> <span class='ocrx_word' id='word_1_9' title='bbox 656 501 784 556; x_wconf 86' lang='grc' dir='ltr'>Ὅτι</span> <span class='ocrx_word' id='word_1_10' title='bbox 820 502 889 557; x_wconf 81' lang='grc' dir='ltr'><strong>δὲ</strong></span> <span class='ocrx_word' id='word_1_11' title='bbox 914 506 1023 559; x_wconf 76' lang='grc' dir='ltr'>καὶ</span> <span class='ocrx_word' id='word_1_12' title='bbox 1046 504 1272 577; x_wconf 77' lang='grc' dir='ltr'>ἄγγελοι</span> <span class='ocrx_word' id='word_1_13' title='bbox 1298 506 1392 559; x_wconf 79' lang='grc' dir='ltr'><strong>καὶ</strong></span> <span class='ocrx_word' id='word_1_14' title='bbox 1420 505 1679 577; x_wconf 85' lang='grc' dir='ltr'>δυνάμεις</span> <span class='ocrx_word' id='word_1_15' title='bbox 1701 505 1839 558; x_wconf 75' lang='grc' dir='ltr'>εἰσὶν</span> <span class='ocrx_word' id='word_1_16' title='bbox 1860 500 1922 565; x_wconf 63' lang='grc' dir='ltr'><strong>οἷς</strong></span> 
     </span>
    </p>
   </div>
   <div class='ocr_carea' id='block_1_5' title="bbox 2035 500 3620 577">
    <p class='ocr_par' dir='ltr' id='par_1_5' title="bbox 2047 500 3620 573">
     <span class='ocr_line' id='line_1_5' title="bbox 2047 500 3620 573; baseline 0.001 -17"><span class='ocrx_word' id='word_1_17' title='bbox 2047 512 2162 556; x_wconf 91' lang='lat' dir='ltr'><strong>stas</strong></span> <span class='ocrx_word' id='word_1_18' title='bbox 2196 508 2413 556; x_wconf 89' lang='lat' dir='ltr'><strong>vestros</strong></span> <span class='ocrx_word' id='word_1_19' title='bbox 2446 500 2560 555; x_wconf 80' lang='lat' dir='ltr'><strong>dixi</strong></span> <span class='ocrx_word' id='word_1_20' title='bbox 2590 507 2709 555; x_wconf 89' lang='lat' dir='ltr'><strong>arte</strong></span> <span class='ocrx_word' id='word_1_21' title='bbox 2756 501 3017 569; x_wconf 88' lang='lat' dir='ltr'><strong>adhibita,</strong></span> <span class='ocrx_word' id='word_1_22' title='bbox 3052 502 3279 573; x_wconf 85' lang='lat' dir='ltr'><strong>perinde</strong></span> <span class='ocrx_word' id='word_1_23' title='bbox 3300 510 3463 573; x_wconf 86' lang='lat' dir='ltr'><strong>atque</strong></span> <span class='ocrx_word' id='word_1_24' title='bbox 3485 518 3620 572; x_wconf 88' lang='lat' dir='ltr'><strong>gen-</strong></span> 
     </span>
    </p>
   </div>
   <div class='ocr_carea' id='block_1_6' title="bbox 346 595 1935 669">
    <p class='ocr_par' dir='ltr' id='par_1_6' title="bbox 346 595 1935 669">
     <span class='ocr_line' id='line_1_6' title="bbox 346 595 1935 669; baseline -0.002 -17"><span class='ocrx_word' id='word_1_25' title='bbox 346 596 569 664; x_wconf 72' lang='grc' dir='ltr'>ὁλὸγοςὸ</span> <span class='ocrx_word' id='word_1_26' title='bbox 589 596 684 666; x_wconf 81' lang='grc' dir='ltr'>τῆς</span> <span class='ocrx_word' id='word_1_27' title='bbox 707 596 1087 668; x_wconf 73' lang='grc' dir='ltr'>προφητείας</span> <span class='ocrx_word' id='word_1_28' title='bbox 1119 598 1219 668; x_wconf 85' lang='grc' dir='ltr'><strong>τῆς</strong></span> <span class='ocrx_word' id='word_1_29' title='bbox 1250 597 1336 652; x_wconf 82' lang='grc' dir='ltr'>διὰ</span> <span class='ocrx_word' id='word_1_30' title='bbox 1369 596 1535 651; x_wconf 71' lang='grc' dir='ltr'>Δαϐὶδ</span> <span class='ocrx_word' id='word_1_31' title='bbox 1576 599 1776 669; x_wconf 76' lang='grc' dir='ltr'>ἐπᾶραι</span> <span class='ocrx_word' id='word_1_32' title='bbox 1826 595 1935 667; x_wconf 74' lang='grc'>(26)</span> 
     </span>
    </p>
   </div>
   <div class='ocr_carea' id='block_1_7' title="bbox 347 682 1935 763">
    <p class='ocr_par' dir='ltr' id='par_1_7' title="bbox 347 682 1935 763">
     <span class='ocr_line' id='line_1_7' title="bbox 347 682 1935 763; baseline -0.001 -20"><span class='ocrx_word' id='word_1_33' title='bbox 347 691 434 753; x_wconf 72' lang='grc' dir='ltr'><strong>τὰς</strong></span> <span class='ocrx_word' id='word_1_34' title='bbox 464 687 651 752; x_wconf 76' lang='grc' dir='ltr'>πύλας,</span> <span class='ocrx_word' id='word_1_35' title='bbox 675 688 771 741; x_wconf 79' lang='grc' dir='ltr'>ἵνα</span> <span class='ocrx_word' id='word_1_36' title='bbox 813 689 1050 761; x_wconf 76' lang='grc' dir='ltr'><strong>εἰσέλθῃ</strong></span> <span class='ocrx_word' id='word_1_37' title='bbox 1074 682 1229 754; x_wconf 74' lang='grc' dir='ltr'>οὗτος</span> <span class='ocrx_word' id='word_1_38' title='bbox 1262 691 1291 743; x_wconf 87' lang='grc' dir='ltr'><strong>ὁ</strong></span> <span class='ocrx_word' id='word_1_39' title='bbox 1332 692 1397 743; x_wconf 79' lang='grc' dir='ltr'>ὲκ</span> <span class='ocrx_word' id='word_1_40' title='bbox 1433 689 1644 763; x_wconf 84' lang='grc' dir='ltr'>νεκρῶν</span> <span class='ocrx_word' id='word_1_41' title='bbox 1696 689 1935 752; x_wconf 80' lang='grc' dir='ltr'>ἀναστὰς</span> 
     </span>
    </p>
   </div>
   <div class='ocr_carea' id='block_1_8' title="bbox 345 779 1935 853">
    <p class='ocr_par' dir='ltr' id='par_1_8' title="bbox 345 779 1935 853">
     <span class='ocr_line' id='line_1_8' title="bbox 345 779 1935 853; baseline -0.003 -17"><span class='ocrx_word' id='word_1_42' title='bbox 345 781 531 853; x_wconf 79' lang='grc' dir='ltr'>Κύριος</span> <span class='ocrx_word' id='word_1_43' title='bbox 567 780 675 832; x_wconf 86' lang='grc' dir='ltr'><strong>τῶν</strong></span> <span class='ocrx_word' id='word_1_44' title='bbox 723 780 1028 851; x_wconf 76' lang='grc' dir='ltr'><strong>δυνάμεων</strong></span> <span class='ocrx_word' id='word_1_45' title='bbox 1063 780 1204 835; x_wconf 83' lang='grc' dir='ltr'>κατὰ</span> <span class='ocrx_word' id='word_1_46' title='bbox 1234 781 1294 834; x_wconf 83' lang='grc' dir='ltr'><strong>τὸ</strong></span> <span class='ocrx_word' id='word_1_47' title='bbox 1332 780 1547 851; x_wconf 82' lang='grc' dir='ltr'>θέλημα</span> <span class='ocrx_word' id='word_1_48' title='bbox 1588 779 1681 833; x_wconf 80' lang='grc' dir='ltr'>τοῦ</span> <span class='ocrx_word' id='word_1_49' title='bbox 1724 779 1935 851; x_wconf 84' lang='grc' dir='ltr'>Πατρὸς</span> 
     </span>
    </p>
   </div>
   <div class='ocr_carea' id='block_1_9' title="bbox 354 870 1929 945">
    <p class='ocr_par' dir='ltr' id='par_1_9' title="bbox 354 870 1929 945">
     <span class='ocr_line' id='line_1_9' title="bbox 354 870 1929 945; baseline -0.003 -17"><span class='ocrx_word' id='word_1_50' title='bbox 354 872 544 945; x_wconf 77' lang='grc' dir='ltr'>Ἰησοῦς</span> <span class='ocrx_word' id='word_1_51' title='bbox 564 872 833 945; x_wconf 76' lang='grc' dir='ltr'>Χριστὸς,</span> <span class='ocrx_word' id='word_1_52' title='bbox 852 874 883 925; x_wconf 88' lang='grc' dir='ltr'>ὁ</span> <span class='ocrx_word' id='word_1_53' title='bbox 906 872 1073 941; x_wconf 83' lang='grc' dir='ltr'>λόγος</span> <span class='ocrx_word' id='word_1_54' title='bbox 1102 872 1193 925; x_wconf 80' lang='grc' dir='ltr'><strong>τοῦ</strong></span> <span class='ocrx_word' id='word_1_55' title='bbox 1226 872 1391 926; x_wconf 78' lang='grc' dir='ltr'><strong>Δαϐὶδ</strong></span> <span class='ocrx_word' id='word_1_56' title='bbox 1405 872 1605 943; x_wconf 85' lang='grc' dir='ltr'>ὁμοίως</span> <span class='ocrx_word' id='word_1_57' title='bbox 1630 870 1929 935; x_wconf 70' lang='grc' dir='ltr'>ἀπέδειξενο</span> 
     </span>
    </p>
   </div>
   <div class='ocr_carea' id='block_1_10' title="bbox 339 962 1931 1038">
    <p class='ocr_par' dir='ltr' id='par_1_10' title="bbox 339 962 1931 1038">
     <span class='ocr_line' id='line_1_10' title="bbox 339 962 1931 1038; baseline -0.005 -15"><span class='ocrx_word' id='word_1_58' title='bbox 339 963 395 1023; x_wconf 71' lang='grc' dir='ltr'>οὗ</span> <span class='ocrx_word' id='word_1_59' title='bbox 424 968 517 1022; x_wconf 76' lang='grc' dir='ltr'>καὶ</span> <span class='ocrx_word' id='word_1_60' title='bbox 546 967 711 1021; x_wconf 75' lang='grc' dir='ltr'>πάλιν</span> <span class='ocrx_word' id='word_1_61' title='bbox 758 965 1254 1038; x_wconf 76' lang='grc' dir='ltr'><strong>ἐπιμνησθήσομαι</strong></span> <span class='ocrx_word' id='word_1_62' title='bbox 1286 964 1374 1017; x_wconf 82' lang='grc' dir='ltr'><strong>διὰ</strong></span> <span class='ocrx_word' id='word_1_63' title='bbox 1416 963 1636 1028; x_wconf 80' lang='grc' dir='ltr'><strong>τούτους</strong></span> <span class='ocrx_word' id='word_1_64' title='bbox 1683 964 1808 1025; x_wconf 82' lang='grc' dir='ltr'>τοὺς</span> <span class='ocrx_word' id='word_1_65' title='bbox 1856 962 1931 1034; x_wconf 82' lang='grc' dir='ltr'>μὴ</span> 
     </span>
    </p>
   </div>
   <div class='ocr_carea' id='block_1_11' title="bbox 340 1052 1929 1132">
    <p class='ocr_par' dir='ltr' id='par_1_11' title="bbox 340 1052 1929 1132">
     <span class='ocr_line' id='line_1_11' title="bbox 340 1052 1929 1132; baseline -0.006 -17"><span class='ocrx_word' id='word_1_66' title='bbox 340 1065 426 1116; x_wconf 72' lang='grc' dir='ltr'>καὶ</span> <span class='ocrx_word' id='word_1_67' title='bbox 447 1061 570 1132; x_wconf 77' lang='grc' dir='ltr'>χθὲς</span> <span class='ocrx_word' id='word_1_68' title='bbox 602 1058 871 1124; x_wconf 76' lang='grc' dir='ltr'>συνόντας</span> <span class='ocrx_word' id='word_1_69' title='bbox 904 1060 1040 1129; x_wconf 78' lang='grc' dir='ltr'>ἡμῖν</span> <span class='ocrx_word' id='word_1_70' title='bbox 1059 1074 1073 1087; x_wconf 89' lang='grc'><strong>·</strong></span> <span class='ocrx_word' id='word_1_71' title='bbox 1110 1058 1176 1110; x_wconf 86' lang='grc' dir='ltr'><strong>δι’</strong></span> <span class='ocrx_word' id='word_1_72' title='bbox 1206 1056 1299 1121; x_wconf 84' lang='grc' dir='ltr'><strong>οὓς</strong></span> <span class='ocrx_word' id='word_1_73' title='bbox 1335 1057 1431 1110; x_wconf 74' lang='grc' dir='ltr'><strong>καὶ</strong></span> <span class='ocrx_word' id='word_1_74' title='bbox 1463 1054 1634 1108; x_wconf 85' lang='grc' dir='ltr'>πολλὰ</span> <span class='ocrx_word' id='word_1_75' title='bbox 1667 1052 1774 1107; x_wconf 91' lang='grc' dir='ltr'><strong>τῶν</strong></span> <span class='ocrx_word' id='word_1_76' title='bbox 1803 1052 1929 1123; x_wconf 85' lang='grc' dir='ltr'>χθὲς</span> 
     </span>
    </p>
   </div>
   <div class='ocr_carea' id='block_1_12' title="bbox 338 1146 1930 1227">
    <p class='ocr_par' dir='ltr' id='par_1_12' title="bbox 338 1146 1930 1227">
     <span class='ocr_line' id='line_1_12' title="bbox 338 1146 1930 1227; baseline -0.006 -19"><span class='ocrx_word' id='word_1_77' title='bbox 338 1153 637 1227; x_wconf 83' lang='grc' dir='ltr'>είρημὲνων</span> <span class='ocrx_word' id='word_1_78' title='bbox 666 1154 763 1205; x_wconf 66' lang='grc' dir='ltr'>ἐπὶ</span> <span class='ocrx_word' id='word_1_79' title='bbox 802 1150 1120 1221; x_wconf 76' lang='grc' dir='ltr'>κεφαλαίων</span> <span class='ocrx_word' id='word_1_80' title='bbox 1153 1149 1313 1217; x_wconf 77' lang='grc' dir='ltr'>λέγω.</span> <span class='ocrx_word' id='word_1_81' title='bbox 1339 1150 1451 1202; x_wconf 74' lang='grc' dir='ltr'>Καὶ</span> <span class='ocrx_word' id='word_1_82' title='bbox 1484 1146 1578 1200; x_wconf 81' lang='grc' dir='ltr'>νῦν</span> <span class='ocrx_word' id='word_1_83' title='bbox 1608 1146 1743 1218; x_wconf 82' lang='grc' dir='ltr'>πρὸς</span> <span class='ocrx_word' id='word_1_84' title='bbox 1786 1147 1930 1217; x_wconf 84' lang='grc' dir='ltr'>ὑμᾶς</span> 
     </span>
    </p>
   </div>
   <div class='ocr_carea' id='block_1_13' title="bbox 338 1239 1925 1314">
    <p class='ocr_par' dir='ltr' id='par_1_13' title="bbox 338 1239 1925 1314">
     <span class='ocr_line' id='line_1_13' title="bbox 338 1239 1925 1314; baseline -0.006 -15"><span class='ocrx_word' id='word_1_85' title='bbox 338 1248 423 1300; x_wconf 67' lang='grc' dir='ltr'><strong>ἐὰν</strong></span> <span class='ocrx_word' id='word_1_86' title='bbox 450 1245 614 1299; x_wconf 75' lang='grc' dir='ltr'>τοῦτο</span> <span class='ocrx_word' id='word_1_87' title='bbox 643 1245 816 1314; x_wconf 78' lang='grc' dir='ltr'>λέγω,</span> <span class='ocrx_word' id='word_1_88' title='bbox 840 1247 890 1297; x_wconf 86' lang='grc' dir='ltr'><strong>εί</strong></span> <span class='ocrx_word' id='word_1_89' title='bbox 920 1247 1017 1298; x_wconf 70' lang='grc' dir='ltr'><strong>καὶ</strong></span> <span class='ocrx_word' id='word_1_90' title='bbox 1051 1242 1455 1312; x_wconf 83' lang='grc' dir='ltr'>ὲταυτολόγησα</span> <span class='ocrx_word' id='word_1_91' title='bbox 1501 1240 1611 1311; x_wconf 70' lang='grc'>(27)</span> <span class='ocrx_word' id='word_1_92' title='bbox 1650 1239 1925 1301; x_wconf 86' lang='grc' dir='ltr'>πολλάκις,</span> 
     </span>
    </p>
   </div>
   <div class='ocr_carea' id='block_1_14' title="bbox 337 1332 1927 1406">
    <p class='ocr_par' dir='ltr' id='par_1_14' title="bbox 337 1332 1927 1406">
     <span class='ocr_line' id='line_1_14' title="bbox 337 1332 1927 1406; baseline -0.006 -12"><span class='ocrx_word' id='word_1_93' title='bbox 337 1342 427 1394; x_wconf 72' lang='grc' dir='ltr'><strong>οὐκ</strong></span> <span class='ocrx_word' id='word_1_94' title='bbox 452 1341 659 1395; x_wconf 75' lang='grc' dir='ltr'>ἄτοπον</span> <span class='ocrx_word' id='word_1_95' title='bbox 693 1341 873 1391; x_wconf 72' lang='grc' dir='ltr'>εἰπεῖν</span> <span class='ocrx_word' id='word_1_96' title='bbox 901 1337 1225 1406; x_wconf 79' lang='grc' dir='ltr'>ἐπίσταμαι.</span> <span class='ocrx_word' id='word_1_97' title='bbox 1261 1335 1474 1387; x_wconf 87' lang='grc' dir='ltr'>Γελοῖον</span> <span class='ocrx_word' id='word_1_98' title='bbox 1514 1334 1610 1405; x_wconf 84' lang='grc' dir='ltr'><strong>μὲν</strong></span> <span class='ocrx_word' id='word_1_99' title='bbox 1642 1332 1750 1405; x_wconf 87' lang='grc' dir='ltr'>γὰρ</span> <span class='ocrx_word' id='word_1_100' title='bbox 1785 1334 1927 1402; x_wconf 85' lang='grc' dir='ltr'>πρᾶ-</span> 
     </span>
    </p>
   </div>
   <div class='ocr_carea' id='block_1_15' title="bbox 336 1421 1927 1502">
    <p class='ocr_par' dir='ltr' id='par_1_15' title="bbox 336 1421 1927 1502">
     <span class='ocr_line' id='line_1_15' title="bbox 336 1421 1927 1502; baseline -0.006 -18"><span class='ocrx_word' id='word_1_101' title='bbox 336 1432 447 1502; x_wconf 77' lang='grc' dir='ltr'>γμά</span> <span class='ocrx_word' id='word_1_102' title='bbox 476 1432 630 1483; x_wconf 75' lang='grc' dir='ltr'>ἐστιν</span> <span class='ocrx_word' id='word_1_103' title='bbox 663 1430 801 1501; x_wconf 50' lang='lat' dir='ltr'><strong>apex;</strong></span> <span class='ocrx_word' id='word_1_104' title='bbox 835 1431 927 1483; x_wconf 84' lang='grc' dir='ltr'><strong>τὸν</strong></span> <span class='ocrx_word' id='word_1_105' title='bbox 958 1428 1129 1498; x_wconf 73' lang='grc' dir='ltr'>ἥλιον,</span> <span class='ocrx_word' id='word_1_106' title='bbox 1153 1427 1247 1479; x_wconf 71' lang='grc' dir='ltr'><strong>καὶ</strong></span> <span class='ocrx_word' id='word_1_107' title='bbox 1281 1424 1379 1495; x_wconf 82' lang='grc' dir='ltr'>τὴν</span> <span class='ocrx_word' id='word_1_108' title='bbox 1414 1424 1644 1494; x_wconf 83' lang='grc' dir='ltr'>σελήνην</span> <span class='ocrx_word' id='word_1_109' title='bbox 1664 1463 1678 1487; x_wconf 93' lang='grc'><strong>,</strong></span> <span class='ocrx_word' id='word_1_110' title='bbox 1716 1423 1810 1474; x_wconf 76' lang='grc' dir='ltr'><strong>καὶ</strong></span> <span class='ocrx_word' id='word_1_111' title='bbox 1859 1421 1927 1475; x_wconf 80' lang='grc' dir='ltr'>τὰ</span> 
     </span>
    </p>
   </div>
   <div class='ocr_carea' id='block_1_16' title="bbox 336 1514 1925 1592">
    <p class='ocr_par' dir='ltr' id='par_1_16' title="bbox 336 1514 1925 1592">
     <span class='ocr_line' id='line_1_16' title="bbox 336 1514 1925 1592; baseline -0.006 -15"><span class='ocrx_word' id='word_1_112' title='bbox 336 1524 464 1576; x_wconf 70' lang='grc' dir='ltr'>ἄλλα</span> <span class='ocrx_word' id='word_1_113' title='bbox 487 1522 599 1591; x_wconf 74' lang='lat'><strong>(‘28)</strong></span> <span class='ocrx_word' id='word_1_114' title='bbox 624 1521 935 1592; x_wconf 37' lang='grc' dir='ltr'>ἄστρα-τὴν</span> <span class='ocrx_word' id='word_1_115' title='bbox 958 1518 1127 1590; x_wconf 80' lang='grc' dir='ltr'>αὐτὴν</span> <span class='ocrx_word' id='word_1_116' title='bbox 1158 1516 1276 1570; x_wconf 79' lang='grc' dir='ltr'>ὁδὸν</span> <span class='ocrx_word' id='word_1_117' title='bbox 1306 1518 1415 1579; x_wconf 70' lang='grc' dir='ltr'>ἀεὶ,</span> <span class='ocrx_word' id='word_1_118' title='bbox 1448 1516 1544 1569; x_wconf 74' lang='grc' dir='ltr'><strong>καὶ</strong></span> <span class='ocrx_word' id='word_1_119' title='bbox 1585 1515 1682 1577; x_wconf 80' lang='grc' dir='ltr'>τὰς</span> <span class='ocrx_word' id='word_1_120' title='bbox 1720 1514 1925 1587; x_wconf 85' lang='grc' dir='ltr'>τροπὰς</span> 
     </span>
    </p>
   </div>
   <div class='ocr_carea' id='block_1_17' title="bbox 335 1606 1925 1684">
    <p class='ocr_par' dir='ltr' id='par_1_17' title="bbox 335 1606 1925 1684">
     <span class='ocr_line' id='line_1_17' title="bbox 335 1606 1925 1684; baseline -0.005 -18"><span class='ocrx_word' id='word_1_121' title='bbox 335 1613 437 1666; x_wconf 86' lang='grc' dir='ltr'><strong>τῶν</strong></span> <span class='ocrx_word' id='word_1_122' title='bbox 458 1612 622 1684; x_wconf 83' lang='grc' dir='ltr'>ὡρῶν</span> <span class='ocrx_word' id='word_1_123' title='bbox 655 1611 932 1665; x_wconf 79' lang='grc' dir='ltr'>ποιεῖσθαι</span> <span class='ocrx_word' id='word_1_124' title='bbox 953 1650 968 1673; x_wconf 98' lang='grc'><strong>,</strong></span> <span class='ocrx_word' id='word_1_125' title='bbox 1006 1610 1101 1663; x_wconf 70' lang='grc' dir='ltr'><strong>καὶ</strong></span> <span class='ocrx_word' id='word_1_126' title='bbox 1129 1608 1220 1661; x_wconf 82' lang='grc' dir='ltr'><strong>τὸν</strong></span> <span class='ocrx_word' id='word_1_127' title='bbox 1263 1606 1590 1679; x_wconf 75' lang='grc' dir='ltr'>ψηφιστικὸν</span> <span class='ocrx_word' id='word_1_128' title='bbox 1637 1606 1805 1679; x_wconf 82' lang='grc' dir='ltr'>ἄνδρα</span> <span class='ocrx_word' id='word_1_129' title='bbox 1825 1646 1839 1668; x_wconf 92' lang='grc'><strong>,</strong></span> <span class='ocrx_word' id='word_1_130' title='bbox 1876 1606 1925 1657; x_wconf 78' lang='grc' dir='ltr'><strong>εἰ</strong></span> 
     </span>
    </p>
   </div>
   <div class='ocr_carea' id='block_1_18' title="bbox 336 1698 1926 1775">
    <p class='ocr_par' dir='ltr' id='par_1_18' title="bbox 336 1698 1926 1775">
     <span class='ocr_line' id='line_1_18' title="bbox 336 1698 1926 1775; baseline -0.005 -16"><span class='ocrx_word' id='word_1_131' title='bbox 336 1706 576 1772; x_wconf 75' lang='grc' dir='ltr'>ἐξετάζοι</span> <span class='ocrx_word' id='word_1_132' title='bbox 610 1705 675 1759; x_wconf 84' lang='grc' dir='ltr'>τὸ</span> <span class='ocrx_word' id='word_1_133' title='bbox 708 1705 819 1775; x_wconf 75' lang='lat'><strong>(29)</strong></span> <span class='ocrx_word' id='word_1_134' title='bbox 850 1704 918 1758; x_wconf 81' lang='grc' dir='ltr'>τὰ</span> <span class='ocrx_word' id='word_1_135' title='bbox 937 1703 1020 1765; x_wconf 70' lang='grc' dir='ltr'>δὶς</span> <span class='ocrx_word' id='word_1_136' title='bbox 1049 1700 1142 1754; x_wconf 88' lang='grc' dir='ltr'><strong>δύο</strong></span> <span class='ocrx_word' id='word_1_137' title='bbox 1170 1700 1314 1754; x_wconf 82' lang='grc' dir='ltr'>πόσα</span> <span class='ocrx_word' id='word_1_138' title='bbox 1348 1700 1485 1765; x_wconf 73' lang='grc' dir='ltr'>ἐστὶ,</span> <span class='ocrx_word' id='word_1_139' title='bbox 1518 1699 1605 1753; x_wconf 83' lang='grc' dir='ltr'><strong>διὰ</strong></span> <span class='ocrx_word' id='word_1_140' title='bbox 1634 1700 1695 1752; x_wconf 76' lang='grc' dir='ltr'>τὸ</span> <span class='ocrx_word' id='word_1_141' title='bbox 1729 1698 1926 1752; x_wconf 87' lang='grc' dir='ltr'>πολλά-</span> 
     </span>
    </p>
   </div>
   <div class='ocr_carea' id='block_1_19' title="bbox 337 1789 1924 1870">
    <p class='ocr_par' dir='ltr' id='par_1_19' title="bbox 337 1789 1924 1870">
     <span class='ocr_line' id='line_1_19' title="bbox 337 1789 1924 1870; baseline -0.005 -19"><span class='ocrx_word' id='word_1_142' title='bbox 337 1817 417 1863; x_wconf 81' lang='grc' dir='ltr'><strong>κις</strong></span> <span class='ocrx_word' id='word_1_143' title='bbox 449 1797 764 1870; x_wconf 77' lang='grc' dir='ltr'>εἰρηκέναι,</span> <span class='ocrx_word' id='word_1_144' title='bbox 792 1798 875 1849; x_wconf 84' lang='grc' dir='ltr'>ὅτι</span> <span class='ocrx_word' id='word_1_145' title='bbox 913 1795 1179 1866; x_wconf 79' lang='grc' dir='ltr'>τέσσαρα,</span> <span class='ocrx_word' id='word_1_146' title='bbox 1213 1790 1516 1870; x_wconf 80' lang='grc' dir='ltr'>παύσεσθαι</span> <span class='ocrx_word' id='word_1_147' title='bbox 1537 1790 1627 1844; x_wconf 83' lang='grc' dir='ltr'>τοῦ</span> <span class='ocrx_word' id='word_1_148' title='bbox 1652 1789 1813 1845; x_wconf 77' lang='grc' dir='ltr'>πάλιν</span> <span class='ocrx_word' id='word_1_149' title='bbox 1839 1790 1924 1843; x_wconf 84' lang='grc' dir='ltr'><strong>λέ-</strong></span> 
     </span>
    </p>
   </div>
   <div class='ocr_carea' id='block_1_20' title="bbox 2041 590 3617 662">
    <p class='ocr_par' dir='ltr' id='par_1_20' title="bbox 2041 590 3617 662">
     <span class='ocr_line' id='line_1_20' title="bbox 2041 590 3617 662; baseline 0.001 -16"><span class='ocrx_word' id='word_1_150' title='bbox 2041 601 2123 648; x_wconf 90' lang='lat' dir='ltr'><strong>tes</strong></span> <span class='ocrx_word' id='word_1_151' title='bbox 2148 593 2424 660; x_wconf 72' lang='lat' dir='ltr'><strong>adiurare,</strong></span> <span class='ocrx_word' id='word_1_152' title='bbox 2456 601 2513 647; x_wconf 88' lang='lat' dir='ltr'><strong>ct</strong></span> <span class='ocrx_word' id='word_1_153' title='bbox 2552 590 2819 647; x_wconf 78' lang='lat' dir='ltr'><strong>suilitibus</strong></span> <span class='ocrx_word' id='word_1_154' title='bbox 2854 608 2917 648; x_wconf 89' lang='lat' dir='ltr'><strong>ac</strong></span> <span class='ocrx_word' id='word_1_155' title='bbox 2952 594 3207 649; x_wconf 90' lang='lat' dir='ltr'><strong>amuletis</strong></span> <span class='ocrx_word' id='word_1_156' title='bbox 3241 596 3346 649; x_wconf 88' lang='lat' dir='ltr'><strong>uti.</strong></span> <span class='ocrx_word' id='word_1_157' title='bbox 3383 594 3617 662; x_wconf 77' lang='lat' dir='ltr'><strong>Angelos</strong></span> 
     </span>
    </p>
   </div>
   <div class='ocr_carea' id='block_1_21' title="bbox 2037 684 3618 757">
    <p class='ocr_par' dir='ltr' id='par_1_21' title="bbox 2037 684 3618 757">
     <span class='ocr_line' id='line_1_21' title="bbox 2037 684 3618 757; baseline -0.001 -16"><span class='ocrx_word' id='word_1_158' title='bbox 2037 694 2219 741; x_wconf 87' lang='lat' dir='ltr'><strong>autem</strong></span> <span class='ocrx_word' id='word_1_159' title='bbox 2250 694 2307 741; x_wconf 92' lang='lat' dir='ltr'><strong>et</strong></span> <span class='ocrx_word' id='word_1_160' title='bbox 2334 684 2568 740; x_wconf 78' lang='lat' dir='ltr'><strong>virtutes</strong></span> <span class='ocrx_word' id='word_1_161' title='bbox 2602 701 2763 750; x_wconf 88' lang='lat' dir='ltr'><strong>esse,</strong></span> <span class='ocrx_word' id='word_1_162' title='bbox 2813 701 2951 755; x_wconf 91' lang='lat' dir='ltr'><strong>quos</strong></span> <span class='ocrx_word' id='word_1_163' title='bbox 2997 687 3272 743; x_wconf 69' lang='lat' dir='ltr'><strong>Davidica:</strong></span> <span class='ocrx_word' id='word_1_164' title='bbox 3314 689 3618 757; x_wconf 73' lang='lat' dir='ltr'><strong>prophetia:</strong></span> 
     </span>
    </p>
   </div>
   <div class='ocr_carea' id='block_1_22' title="bbox 2035 777 3617 847">
    <p class='ocr_par' dir='ltr' id='par_1_22' title="bbox 2035 777 3617 847">
     <span class='ocr_line' id='line_1_22' title="bbox 2035 777 3617 847; baseline 0.001 -15"><span class='ocrx_word' id='word_1_165' title='bbox 2035 793 2219 833; x_wconf 86' lang='lat' dir='ltr'><strong>sermo</strong></span> <span class='ocrx_word' id='word_1_166' title='bbox 2254 787 2443 847; x_wconf 90' lang='lat' dir='ltr'><strong>portas</strong></span> <span class='ocrx_word' id='word_1_167' title='bbox 2470 778 2626 847; x_wconf 87' lang='lat' dir='ltr'><strong>jubet</strong></span> <span class='ocrx_word' id='word_1_168' title='bbox 2662 777 2936 842; x_wconf 84' lang='lat' dir='ltr'><strong>attollere,</strong></span> <span class='ocrx_word' id='word_1_169' title='bbox 2974 788 3031 832; x_wconf 92' lang='lat' dir='ltr'><strong>ut</strong></span> <span class='ocrx_word' id='word_1_170' title='bbox 3062 778 3299 833; x_wconf 75' lang='lat' dir='ltr'><strong>introeat</strong></span> <span class='ocrx_word' id='word_1_171' title='bbox 3341 779 3431 834; x_wconf 90' lang='lat' dir='ltr'><strong>ille</strong></span> <span class='ocrx_word' id='word_1_172' title='bbox 3468 779 3617 833; x_wconf 91' lang='lat' dir='ltr'><strong>redi-</strong></span> 
     </span>
    </p>
   </div>
   <div class='ocr_carea' id='block_1_23' title="bbox 2032 870 3614 937">
    <p class='ocr_par' dir='ltr' id='par_1_23' title="bbox 2032 870 3614 937">
     <span class='ocr_line' id='line_1_23' title="bbox 2032 870 3614 937; baseline -0.001 -10"><span class='ocrx_word' id='word_1_173' title='bbox 2032 873 2192 927; x_wconf 82' lang='lat' dir='ltr'><strong>vivus</strong></span> <span class='ocrx_word' id='word_1_174' title='bbox 2222 888 2287 927; x_wconf 83' lang='lat' dir='ltr'><strong>ex</strong></span> <span class='ocrx_word' id='word_1_175' title='bbox 2318 872 2570 937; x_wconf 84' lang='lat' dir='ltr'><strong>mortuis,</strong></span> <span class='ocrx_word' id='word_1_176' title='bbox 2615 870 2878 927; x_wconf 90' lang='lat' dir='ltr'><strong>Dominus</strong></span> <span class='ocrx_word' id='word_1_177' title='bbox 2904 872 3165 926; x_wconf 90' lang='lat' dir='ltr'><strong>virtutum</strong></span> <span class='ocrx_word' id='word_1_178' title='bbox 3194 874 3490 926; x_wconf 90' lang='lat' dir='ltr'><strong>secundum</strong></span> <span class='ocrx_word' id='word_1_179' title='bbox 3522 888 3614 926; x_wconf 81' lang='lat' dir='ltr'><strong>vo-</strong></span> 
     </span>
    </p>
   </div>
   <div class='ocr_carea' id='block_1_24' title="bbox 2036 961 3614 1029">
    <p class='ocr_par' dir='ltr' id='par_1_24' title="bbox 2036 961 3614 1029">
     <span class='ocr_line' id='line_1_24' title="bbox 2036 961 3614 1029; baseline -0.002 -10"><span class='ocrx_word' id='word_1_180' title='bbox 2036 965 2305 1019; x_wconf 87' lang='lat' dir='ltr'><strong>luntatem</strong></span> <span class='ocrx_word' id='word_1_181' title='bbox 2341 964 2544 1029; x_wconf 83' lang='lat' dir='ltr'><strong>Patris,</strong></span> <span class='ocrx_word' id='word_1_182' title='bbox 2575 961 2735 1019; x_wconf 88' lang='lat' dir='ltr'><strong>Jesus</strong></span> <span class='ocrx_word' id='word_1_183' title='bbox 2770 963 3044 1029; x_wconf 87' lang='lat' dir='ltr'><strong>Christus,</strong></span> <span class='ocrx_word' id='word_1_184' title='bbox 3080 964 3247 1018; x_wconf 78' lang='lat' dir='ltr'><strong>verba</strong></span> <span class='ocrx_word' id='word_1_185' title='bbox 3283 962 3503 1018; x_wconf 85' lang='lat' dir='ltr'><strong>Davidis</strong></span> <span class='ocrx_word' id='word_1_186' title='bbox 3537 964 3614 1017; x_wconf 85' lang='lat' dir='ltr'><strong>si-</strong></span> 
     </span>
    </p>
   </div>
   <div class='ocr_carea' id='block_1_25' title="bbox 2033 1058 3612 1128">
    <p class='ocr_par' dir='ltr' id='par_1_25' title="bbox 2033 1058 3612 1128">
     <span class='ocr_line' id='line_1_25' title="bbox 2033 1058 3612 1128; baseline -0.001 -15"><span class='ocrx_word' id='word_1_187' title='bbox 2033 1059 2242 1113; x_wconf 92' lang='lat' dir='ltr'><strong>militer</strong></span> <span class='ocrx_word' id='word_1_188' title='bbox 2274 1059 2675 1113; x_wconf 84' lang='lat' dir='ltr'><strong>demonstrant.</strong></span> <span class='ocrx_word' id='word_1_189' title='bbox 2716 1058 2849 1125; x_wconf 73' lang='lat' dir='ltr'><strong>Quae</strong></span> <span class='ocrx_word' id='word_1_190' title='bbox 2879 1059 3100 1128; x_wconf 85' lang='lat' dir='ltr'><strong>quidem</strong></span> <span class='ocrx_word' id='word_1_191' title='bbox 3139 1058 3338 1111; x_wconf 84' lang='lat' dir='ltr'><strong>iterum</strong></span> <span class='ocrx_word' id='word_1_192' title='bbox 3373 1072 3612 1111; x_wconf 88' lang='lat' dir='ltr'><strong>comme-</strong></span> 
     </span>
    </p>
   </div>
   <div class='ocr_carea' id='block_1_26' title="bbox 2032 1150 3608 1221">
    <p class='ocr_par' dir='ltr' id='par_1_26' title="bbox 2032 1150 3608 1221">
     <span class='ocr_line' id='line_1_26' title="bbox 2032 1150 3608 1221; baseline -0.001 -17"><span class='ocrx_word' id='word_1_193' title='bbox 2032 1151 2262 1206; x_wconf 85' lang='lat' dir='ltr'><strong>morabo</strong></span> <span class='ocrx_word' id='word_1_194' title='bbox 2293 1160 2519 1219; x_wconf 88' lang='lat' dir='ltr'><strong>propter</strong></span> <span class='ocrx_word' id='word_1_195' title='bbox 2554 1166 2649 1206; x_wconf 89' lang='lat' dir='ltr'><strong>eos</strong></span> <span class='ocrx_word' id='word_1_196' title='bbox 2683 1152 2775 1221; x_wconf 91' lang='lat' dir='ltr'><strong>qui</strong></span> <span class='ocrx_word' id='word_1_197' title='bbox 2812 1151 2929 1205; x_wconf 90' lang='lat' dir='ltr'><strong>heri</strong></span> <span class='ocrx_word' id='word_1_198' title='bbox 2966 1150 3246 1206; x_wconf 88' lang='lat' dir='ltr'><strong>nobiscum</strong></span> <span class='ocrx_word' id='word_1_199' title='bbox 3284 1166 3393 1206; x_wconf 90' lang='lat' dir='ltr'><strong>non</strong></span> <span class='ocrx_word' id='word_1_200' title='bbox 3425 1158 3608 1211; x_wconf 89' lang='lat' dir='ltr'><strong>erant,</strong></span> 
     </span>
    </p>
   </div>
   <div class='ocr_carea' id='block_1_27' title="bbox 2031 1242 3611 1311">
    <p class='ocr_par' dir='ltr' id='par_1_27' title="bbox 2031 1242 3611 1311">
     <span class='ocr_line' id='line_1_27' title="bbox 2031 1242 3611 1311; baseline 0.002 -19"><span class='ocrx_word' id='word_1_201' title='bbox 2031 1257 2261 1311; x_wconf 92' lang='lat' dir='ltr'><strong>quorum</strong></span> <span class='ocrx_word' id='word_1_202' title='bbox 2291 1242 2457 1296; x_wconf 83' lang='lat' dir='ltr'><strong>etiam</strong></span> <span class='ocrx_word' id='word_1_203' title='bbox 2483 1256 2649 1296; x_wconf 89' lang='lat' dir='ltr'><strong>causa</strong></span> <span class='ocrx_word' id='word_1_204' title='bbox 2685 1243 2853 1296; x_wconf 86' lang='lat' dir='ltr'><strong>multa</strong></span> <span class='ocrx_word' id='word_1_205' title='bbox 2878 1244 3136 1297; x_wconf 88' lang='lat' dir='ltr'><strong>hesterno</strong></span> <span class='ocrx_word' id='word_1_206' title='bbox 3162 1242 3253 1295; x_wconf 91' lang='lat' dir='ltr'><strong>die</strong></span> <span class='ocrx_word' id='word_1_207' title='bbox 3288 1244 3433 1297; x_wconf 86' lang='lat' dir='ltr'><strong>dicta</strong></span> <span class='ocrx_word' id='word_1_208' title='bbox 3462 1256 3611 1295; x_wconf 85' lang='lat' dir='ltr'><strong>surn-</strong></span> 
     </span>
    </p>
   </div>
   <div class='ocr_carea' id='block_1_28' title="bbox 2030 1332 3607 1403">
    <p class='ocr_par' dir='ltr' id='par_1_28' title="bbox 2030 1332 3607 1403">
     <span class='ocr_line' id='line_1_28' title="bbox 2030 1332 3607 1403; baseline 0 -16"><span class='ocrx_word' id='word_1_209' title='bbox 2030 1334 2219 1387; x_wconf 88' lang='lat' dir='ltr'><strong>matim</strong></span> <span class='ocrx_word' id='word_1_210' title='bbox 2258 1332 2461 1388; x_wconf 74' lang='lat' dir='ltr'><strong>refero.</strong></span> <span class='ocrx_word' id='word_1_211' title='bbox 2500 1334 2577 1388; x_wconf 87' lang='lat' dir='ltr'><strong>Ac</strong></span> <span class='ocrx_word' id='word_1_212' title='bbox 2604 1348 2747 1389; x_wconf 91' lang='lat' dir='ltr'><strong>nunc</strong></span> <span class='ocrx_word' id='word_1_213' title='bbox 2780 1333 3002 1403; x_wconf 90' lang='lat' dir='ltr'><strong>quidem</strong></span> <span class='ocrx_word' id='word_1_214' title='bbox 3037 1335 3082 1388; x_wconf 85' lang='lat' dir='ltr'><strong>si</strong></span> <span class='ocrx_word' id='word_1_215' title='bbox 3114 1334 3169 1387; x_wconf 90' lang='lat' dir='ltr'><strong>id</strong></span> <span class='ocrx_word' id='word_1_216' title='bbox 3208 1333 3368 1388; x_wconf 82' lang='lat' dir='ltr'><strong>vobis</strong></span> <span class='ocrx_word' id='word_1_217' title='bbox 3394 1334 3607 1396; x_wconf 79' lang='lat' dir='ltr'><strong>dixero,</strong></span> 
     </span>
    </p>
   </div>
   <div class='ocr_carea' id='block_1_29' title="bbox 2029 1424 3609 1493">
    <p class='ocr_par' dir='ltr' id='par_1_29' title="bbox 2029 1424 3609 1493">
     <span class='ocr_line' id='line_1_29' title="bbox 2029 1424 3609 1493; baseline 0 -15"><span class='ocrx_word' id='word_1_218' title='bbox 2029 1425 2131 1479; x_wconf 90' lang='lat' dir='ltr'><strong>etsi</strong></span> <span class='ocrx_word' id='word_1_219' title='bbox 2185 1439 2328 1493; x_wconf 83' lang='lat' dir='ltr'><strong>saepe</strong></span> <span class='ocrx_word' id='word_1_220' title='bbox 2359 1426 2551 1479; x_wconf 90' lang='lat' dir='ltr'><strong>eadem</strong></span> <span class='ocrx_word' id='word_1_221' title='bbox 2591 1425 2897 1489; x_wconf 79' lang='lat' dir='ltr'><strong>inculcavi,</strong></span> <span class='ocrx_word' id='word_1_222' title='bbox 2955 1424 3091 1478; x_wconf 86' lang='lat' dir='ltr'><strong>nihil</strong></span> <span class='ocrx_word' id='word_1_223' title='bbox 3146 1434 3329 1478; x_wconf 89' lang='lat' dir='ltr'><strong>tamen</strong></span> <span class='ocrx_word' id='word_1_224' title='bbox 3380 1424 3609 1479; x_wconf 89' lang='lat' dir='ltr'><strong>absurdi</strong></span> 
     </span>
    </p>
   </div>
   <div class='ocr_carea' id='block_1_30' title="bbox 2028 1514 3607 1581">
    <p class='ocr_par' dir='ltr' id='par_1_30' title="bbox 2028 1514 3607 1581">
     <span class='ocr_line' id='line_1_30' title="bbox 2028 1514 3607 1581; baseline -0.001 -12"><span class='ocrx_word' id='word_1_225' title='bbox 2028 1516 2301 1571; x_wconf 88' lang='lat' dir='ltr'><strong>dicturum</strong></span> <span class='ocrx_word' id='word_1_226' title='bbox 2320 1531 2442 1571; x_wconf 89' lang='lat' dir='ltr'><strong>esse</strong></span> <span class='ocrx_word' id='word_1_227' title='bbox 2465 1516 2699 1569; x_wconf 87' lang='lat' dir='ltr'><strong>conlido.</strong></span> <span class='ocrx_word' id='word_1_228' title='bbox 2726 1515 3035 1569; x_wconf 80' lang='lat' dir='ltr'><strong>Ridiculum</strong></span> <span class='ocrx_word' id='word_1_229' title='bbox 3057 1519 3202 1570; x_wconf 92' lang='lat' dir='ltr'><strong>enim</strong></span> <span class='ocrx_word' id='word_1_230' title='bbox 3225 1515 3410 1581; x_wconf 82' lang='lat' dir='ltr'><strong>fuerit,</strong></span> <span class='ocrx_word' id='word_1_231' title='bbox 3434 1514 3607 1571; x_wconf 91' lang='lat' dir='ltr'><strong>solem</strong></span> 
     </span>
    </p>
   </div>
   <div class='ocr_carea' id='block_1_31' title="bbox 2026 1607 3612 1673">
    <p class='ocr_par' dir='ltr' id='par_1_31' title="bbox 2026 1607 3612 1673">
     <span class='ocr_line' id='line_1_31' title="bbox 2026 1607 3612 1673; baseline -0.002 -10"><span class='ocrx_word' id='word_1_232' title='bbox 2026 1617 2083 1663; x_wconf 91' lang='lat' dir='ltr'><strong>et</strong></span> <span class='ocrx_word' id='word_1_233' title='bbox 2116 1607 2296 1662; x_wconf 90' lang='lat' dir='ltr'><strong>lunam</strong></span> <span class='ocrx_word' id='word_1_234' title='bbox 2335 1609 2525 1662; x_wconf 89' lang='lat' dir='ltr'><strong>videre</strong></span> <span class='ocrx_word' id='word_1_235' title='bbox 2547 1624 2610 1661; x_wconf 92' lang='lat' dir='ltr'><strong>ac</strong></span> <span class='ocrx_word' id='word_1_236' title='bbox 2632 1617 2865 1663; x_wconf 79' lang='lat' dir='ltr'><strong>caeteras</strong></span> <span class='ocrx_word' id='word_1_237' title='bbox 2891 1607 3079 1663; x_wconf 86' lang='lat' dir='ltr'><strong>stellas</strong></span> <span class='ocrx_word' id='word_1_238' title='bbox 3106 1607 3354 1662; x_wconf 85' lang='lat' dir='ltr'><strong>eamdem</strong></span> <span class='ocrx_word' id='word_1_239' title='bbox 3393 1621 3612 1673; x_wconf 79' lang='lat' dir='ltr'><strong>semper</strong></span> 
     </span>
    </p>
   </div>
   <div class='ocr_carea' id='block_1_32' title="bbox 2026 1698 3610 1768">
    <p class='ocr_par' dir='ltr' id='par_1_32' title="bbox 2026 1698 3610 1768">
     <span class='ocr_line' id='line_1_32' title="bbox 2026 1698 3610 1768; baseline -0.003 -15"><span class='ocrx_word' id='word_1_240' title='bbox 2026 1701 2171 1754; x_wconf 90' lang='lat' dir='ltr'><strong>viam</strong></span> <span class='ocrx_word' id='word_1_241' title='bbox 2208 1700 2491 1766; x_wconf 89' lang='lat' dir='ltr'><strong>insistere,</strong></span> <span class='ocrx_word' id='word_1_242' title='bbox 2528 1700 2863 1767; x_wconf 88' lang='lat' dir='ltr'><strong>easdemque</strong></span> <span class='ocrx_word' id='word_1_243' title='bbox 2899 1707 3292 1768; x_wconf 84' lang='lat' dir='ltr'><strong>tempestatum</strong></span> <span class='ocrx_word' id='word_1_244' title='bbox 3333 1698 3486 1752; x_wconf 80' lang='lat' dir='ltr'><strong>vices</strong></span> <span class='ocrx_word' id='word_1_245' title='bbox 3522 1710 3610 1750; x_wconf 87' lang='lat' dir='ltr'><strong>re—</strong></span> 
     </span>
    </p>
   </div>
   <div class='ocr_carea' id='block_1_33' title="bbox 2027 1788 3609 1861">
    <p class='ocr_par' dir='ltr' id='par_1_33' title="bbox 2027 1788 3609 1861">
     <span class='ocr_line' id='line_1_33' title="bbox 2027 1788 3609 1861; baseline -0.003 -14"><span class='ocrx_word' id='word_1_246' title='bbox 2027 1793 2261 1850; x_wconf 89' lang='lat' dir='ltr'><strong>ducere:</strong></span> <span class='ocrx_word' id='word_1_247' title='bbox 2301 1792 2578 1847; x_wconf 89' lang='lat' dir='ltr'><strong>rationum</strong></span> <span class='ocrx_word' id='word_1_248' title='bbox 2619 1799 3057 1861; x_wconf 88' lang='lat' dir='ltr'><strong>computatorem</strong></span> <span class='ocrx_word' id='word_1_249' title='bbox 3088 1830 3105 1854; x_wconf 95' lang='lat'><strong>,</strong></span> <span class='ocrx_word' id='word_1_250' title='bbox 3168 1792 3213 1844; x_wconf 85' lang='lat' dir='ltr'><strong>si</strong></span> <span class='ocrx_word' id='word_1_251' title='bbox 3266 1799 3491 1859; x_wconf 82' lang='lat' dir='ltr'><strong>rogetur</strong></span> <span class='ocrx_word' id='word_1_252' title='bbox 3524 1788 3609 1843; x_wconf 90' lang='lat' dir='ltr'><strong>bis</strong></span> 
     </span>
    </p>
   </div>
   <div class='ocr_carea' id='block_1_34' title="bbox 337 1862 1922 1959">
    <p class='ocr_par' dir='ltr' id='par_1_34' title="bbox 337 1862 1922 1959">
     <span class='ocr_line' id='line_1_34' title="bbox 337 1862 1922 1959; baseline -0.006 -18"><span class='ocrx_word' id='word_1_253' title='bbox 337 1862 468 1956; x_wconf 75' lang='grc' dir='ltr'>γειν,</span> <span class='ocrx_word' id='word_1_254' title='bbox 496 1862 584 1941; x_wconf 60' lang='grc' dir='ltr'>ἑτι</span> <span class='ocrx_word' id='word_1_255' title='bbox 625 1887 894 1959; x_wconf 84' lang='grc' dir='ltr'>τέσσαρα,</span> <span class='ocrx_word' id='word_1_256' title='bbox 926 1886 1022 1940; x_wconf 77' lang='grc' dir='ltr'><strong>καὶ</strong></span> <span class='ocrx_word' id='word_1_257' title='bbox 1057 1862 1124 1937; x_wconf 62' lang='grc' dir='ltr'>τὰ</span> <span class='ocrx_word' id='word_1_258' title='bbox 1161 1864 1294 1938; x_wconf 79' lang='grc' dir='ltr'>ἄλλα</span> <span class='ocrx_word' id='word_1_259' title='bbox 1328 1882 1529 1951; x_wconf 87' lang='grc' dir='ltr'>ὁμοίως</span> <span class='ocrx_word' id='word_1_260' title='bbox 1571 1882 1671 1934; x_wconf 80' lang='grc' dir='ltr'>ὅσα</span> <span class='ocrx_word' id='word_1_261' title='bbox 1712 1881 1922 1949; x_wconf 80' lang='grc' dir='ltr'>παγίως</span> 
     </span>
    </p>
   </div>
   <div class='ocr_carea' id='block_1_35' title="bbox 2035 1862 3608 1959">
    <p class='ocr_par' dir='ltr' id='par_1_35' title="bbox 2035 1880 3608 1952">
     <span class='ocr_line' id='line_1_35' title="bbox 2035 1880 3608 1952; baseline -0.002 -15"><span class='ocrx_word' id='word_1_262' title='bbox 2035 1883 2135 1938; x_wconf 84' lang='grc' dir='ltr'>ι]υο</span> <span class='ocrx_word' id='word_1_263' title='bbox 2169 1893 2297 1952; x_wconf 90' lang='lat' dir='ltr'><strong>quot</strong></span> <span class='ocrx_word' id='word_1_264' title='bbox 2332 1881 2570 1948; x_wconf 77' lang='lat' dir='ltr'><strong>faciant,</strong></span> <span class='ocrx_word' id='word_1_265' title='bbox 2607 1881 2711 1935; x_wconf 88' lang='lat' dir='ltr'><strong>etsi</strong></span> <span class='ocrx_word' id='word_1_266' title='bbox 2766 1894 2909 1950; x_wconf 66' lang='lat' dir='ltr'><strong>sazpe</strong></span> <span class='ocrx_word' id='word_1_267' title='bbox 2946 1880 3168 1947; x_wconf 83' lang='lat' dir='ltr'><strong>dixerit,</strong></span> <span class='ocrx_word' id='word_1_268' title='bbox 3206 1889 3463 1949; x_wconf 88' lang='lat' dir='ltr'><strong>quatuor,</strong></span> <span class='ocrx_word' id='word_1_269' title='bbox 3496 1895 3608 1934; x_wconf 87' lang='lat' dir='ltr'><strong>non</strong></span> 
     </span>
    </p>
   </div>
   <div class='ocr_carea' id='block_1_36' title="bbox 335 1969 1917 2049">
    <p class='ocr_par' dir='ltr' id='par_1_36' title="bbox 335 1969 1917 2049">
     <span class='ocr_line' id='line_1_36' title="bbox 335 1969 1917 2049; baseline -0.007 -16"><span class='ocrx_word' id='word_1_270' title='bbox 335 1980 699 2049; x_wconf 74' lang='grc' dir='ltr'>ὁμολογεῖται,</span> <span class='ocrx_word' id='word_1_271' title='bbox 726 1979 817 2031; x_wconf 81' lang='grc' dir='ltr'>ἀεὶ</span> <span class='ocrx_word' id='word_1_272' title='bbox 845 1975 1107 2038; x_wconf 82' lang='grc' dir='ltr'>ὡσαύτως</span> <span class='ocrx_word' id='word_1_273' title='bbox 1136 1971 1390 2041; x_wconf 80' lang='grc' dir='ltr'>λέγεσθαι</span> <span class='ocrx_word' id='word_1_274' title='bbox 1410 1972 1504 2025; x_wconf 70' lang='grc' dir='ltr'><strong>καὶ</strong></span> <span class='ocrx_word' id='word_1_275' title='bbox 1520 1969 1917 2041; x_wconf 83' lang='grc' dir='ltr'>ὁμολογεῖσθαι·</span> 
     </span>
    </p>
   </div>
   <div class='ocr_carea' id='block_1_37' title="bbox 338 2062 1922 2141">
    <p class='ocr_par' dir='ltr' id='par_1_37' title="bbox 338 2062 1922 2141">
     <span class='ocr_line' id='line_1_37' title="bbox 338 2062 1922 2141; baseline -0.005 -16"><span class='ocrx_word' id='word_1_276' title='bbox 338 2073 423 2125; x_wconf 66' lang='grc' dir='ltr'>τὸν</span> <span class='ocrx_word' id='word_1_277' title='bbox 458 2073 515 2125; x_wconf 76' lang='grc' dir='ltr'><strong>δὲ</strong></span> <span class='ocrx_word' id='word_1_278' title='bbox 568 2070 680 2125; x_wconf 74' lang='grc' dir='ltr'>ἀπὸ</span> <span class='ocrx_word' id='word_1_279' title='bbox 714 2069 823 2123; x_wconf 89' lang='grc' dir='ltr'><strong>τῶν</strong></span> <span class='ocrx_word' id='word_1_280' title='bbox 864 2066 1097 2141; x_wconf 80' lang='grc' dir='ltr'>Γραφῶν</span> <span class='ocrx_word' id='word_1_281' title='bbox 1140 2065 1247 2119; x_wconf 86' lang='grc' dir='ltr'><strong>τῶν</strong></span> <span class='ocrx_word' id='word_1_282' title='bbox 1302 2062 1654 2136; x_wconf 82' lang='grc' dir='ltr'>προφητικῶν</span> <span class='ocrx_word' id='word_1_283' title='bbox 1707 2062 1922 2134; x_wconf 88' lang='grc' dir='ltr'>ὁμιλίας</span> 
     </span>
    </p>
   </div>
   <div class='ocr_carea' id='block_1_38' title="bbox 337 2155 1919 2236">
    <p class='ocr_par' dir='ltr' id='par_1_38' title="bbox 337 2155 1919 2236">
     <span class='ocr_line' id='line_1_38' title="bbox 337 2155 1919 2236; baseline -0.006 -17"><span class='ocrx_word' id='word_1_284' title='bbox 337 2166 661 2236; x_wconf 81' lang='grc' dir='ltr'>ποιούμενον</span> <span class='ocrx_word' id='word_1_285' title='bbox 691 2166 810 2234; x_wconf 80' lang='grc' dir='ltr'>ὲᾷν,</span> <span class='ocrx_word' id='word_1_286' title='bbox 831 2164 927 2215; x_wconf 73' lang='grc' dir='ltr'><strong>καὶ</strong></span> <span class='ocrx_word' id='word_1_287' title='bbox 948 2160 1021 2232; x_wconf 82' lang='grc' dir='ltr'><strong>μὴ</strong></span> <span class='ocrx_word' id='word_1_288' title='bbox 1038 2161 1133 2224; x_wconf 79' lang='grc' dir='ltr'><strong>τὰς</strong></span> <span class='ocrx_word' id='word_1_289' title='bbox 1151 2158 1319 2222; x_wconf 80' lang='grc' dir='ltr'>αὐτὰς</span> <span class='ocrx_word' id='word_1_290' title='bbox 1351 2158 1439 2211; x_wconf 74' lang='grc' dir='ltr'>ἀεὶ</span> <span class='ocrx_word' id='word_1_291' title='bbox 1472 2156 1651 2224; x_wconf 83' lang='grc' dir='ltr'>λέγειν</span> <span class='ocrx_word' id='word_1_292' title='bbox 1674 2155 1919 2227; x_wconf 81' lang='grc' dir='ltr'>Γραφὰς,</span> 
     </span>
    </p>
   </div>
   <div class='ocr_carea' id='block_1_39' title="bbox 337 2248 1922 2328">
    <p class='ocr_par' dir='ltr' id='par_1_39' title="bbox 337 2248 1922 2328">
     <span class='ocr_line' id='line_1_39' title="bbox 337 2248 1922 2328; baseline -0.009 -15"><span class='ocrx_word' id='word_1_293' title='bbox 337 2259 447 2313; x_wconf 78' lang='grc' dir='ltr'>ἀλλ’</span> <span class='ocrx_word' id='word_1_294' title='bbox 464 2256 723 2328; x_wconf 74' lang='grc' dir='ltr'>ἡγεῖσθαι</span> <span class='ocrx_word' id='word_1_295' title='bbox 747 2254 942 2308; x_wconf 77' lang='grc' dir='ltr'>ἑαυτὸν</span> <span class='ocrx_word' id='word_1_296' title='bbox 979 2250 1183 2322; x_wconf 81' lang='grc' dir='ltr'>βέλτιον</span> <span class='ocrx_word' id='word_1_297' title='bbox 1213 2250 1309 2319; x_wconf 83' lang='grc' dir='ltr'>τῆς</span> <span class='ocrx_word' id='word_1_298' title='bbox 1338 2248 1560 2320; x_wconf 83' lang='grc' dir='ltr'>Γραφῆς</span> <span class='ocrx_word' id='word_1_299' title='bbox 1591 2248 1922 2317; x_wconf 88' lang='grc' dir='ltr'>γεννήσαντα</span> 
     </span>
    </p>
   </div>
   <div class='ocr_carea' id='block_1_40' title="bbox 334 2334 1921 2411">
    <p class='ocr_par' dir='ltr' id='par_1_40' title="bbox 334 2334 1921 2411">
     <span class='ocr_line' id='line_1_40' title="bbox 334 2334 1921 2411; baseline -0.008 -8"><span class='ocrx_word' id='word_1_300' title='bbox 334 2352 521 2403; x_wconf 69' lang='grc' dir='ltr'>εἰπεῖν.</span> <span class='ocrx_word' id='word_1_301' title='bbox 544 2350 739 2401; x_wconf 86' lang='grc' dir='ltr'>Ἔστιν</span> <span class='ocrx_word' id='word_1_302' title='bbox 768 2342 863 2399; x_wconf 80' lang='grc' dir='ltr'><strong>οὖν</strong></span> <span class='ocrx_word' id='word_1_303' title='bbox 884 2348 913 2398; x_wconf 90' lang='grc' dir='ltr'>ὁ</span> <span class='ocrx_word' id='word_1_304' title='bbox 932 2345 1089 2411; x_wconf 88' lang='grc' dir='ltr'>λόγος</span> <span class='ocrx_word' id='word_1_305' title='bbox 1115 2342 1181 2395; x_wconf 82' lang='grc' dir='ltr'><strong>δι’</strong></span> <span class='ocrx_word' id='word_1_306' title='bbox 1199 2334 1258 2394; x_wconf 74' lang='grc' dir='ltr'>οὗ</span> <span class='ocrx_word' id='word_1_307' title='bbox 1287 2340 1529 2411; x_wconf 82' lang='grc' dir='ltr'>ὲσήμανε</span> <span class='ocrx_word' id='word_1_308' title='bbox 1552 2338 1661 2410; x_wconf 80' lang='grc'>(50)</span> <span class='ocrx_word' id='word_1_309' title='bbox 1680 2337 1768 2391; x_wconf 87' lang='grc' dir='ltr'><strong>τὸν</strong></span> <span class='ocrx_word' id='word_1_310' title='bbox 1789 2338 1921 2391; x_wconf 83' lang='grc' dir='ltr'>Θεὸν</span> 
     </span>
    </p>
   </div>
   <div class='ocr_carea' id='block_1_41' title="bbox 326 2431 1922 2512">
    <p class='ocr_par' dir='ltr' id='par_1_41' title="bbox 326 2431 1922 2512">
     <span class='ocr_line' id='line_1_41' title="bbox 326 2431 1922 2512; baseline -0.006 -16"><span class='ocrx_word' id='word_1_311' title='bbox 326 2442 542 2512; x_wconf 74' lang='grc' dir='ltr'>δηλοῦν,</span> <span class='ocrx_word' id='word_1_312' title='bbox 576 2443 664 2495; x_wconf 75' lang='grc' dir='ltr'>ὅτι</span> <span class='ocrx_word' id='word_1_313' title='bbox 698 2442 797 2494; x_wconf 74' lang='grc' dir='ltr'>καὶ</span> <span class='ocrx_word' id='word_1_314' title='bbox 829 2436 1053 2507; x_wconf 78' lang='grc' dir='ltr'>ἄγγελοί</span> <span class='ocrx_word' id='word_1_315' title='bbox 1086 2437 1222 2488; x_wconf 80' lang='grc' dir='ltr'>εἰσιν</span> <span class='ocrx_word' id='word_1_316' title='bbox 1250 2435 1307 2487; x_wconf 82' lang='grc' dir='ltr'><strong>ὲν</strong></span> <span class='ocrx_word' id='word_1_317' title='bbox 1339 2432 1552 2507; x_wconf 84' lang='grc' dir='ltr'>οὐρανῷ</span> <span class='ocrx_word' id='word_1_318' title='bbox 1572 2473 1587 2497; x_wconf 95' lang='grc'><strong>,</strong></span> <span class='ocrx_word' id='word_1_319' title='bbox 1629 2433 1725 2486; x_wconf 76' lang='grc' dir='ltr'><strong>καὶ</strong></span> <span class='ocrx_word' id='word_1_320' title='bbox 1764 2431 1922 2486; x_wconf 84' lang='grc' dir='ltr'>δυνά-</span> 
     </span>
    </p>
   </div>
   <div class='ocr_carea' id='block_1_42' title="bbox 339 2524 1920 2605">
    <p class='ocr_par' dir='ltr' id='par_1_42' title="bbox 339 2524 1920 2605">
     <span class='ocr_line' id='line_1_42' title="bbox 339 2524 1920 2605; baseline -0.007 -16"><span class='ocrx_word' id='word_1_321' title='bbox 339 2554 456 2605; x_wconf 83' lang='grc' dir='ltr'>μεις</span> <span class='ocrx_word' id='word_1_322' title='bbox 479 2577 495 2597; x_wconf 94' lang='grc'><strong>,</strong></span> <span class='ocrx_word' id='word_1_323' title='bbox 522 2528 681 2599; x_wconf 74' lang='grc' dir='ltr'>οὗτος</span> <span class='ocrx_word' id='word_1_324' title='bbox 701 2550 715 2563; x_wconf 71' lang='grc'><strong>⁸</strong></span> <span class='ocrx_word' id='word_1_325' title='bbox 762 2552 779 2583; x_wconf 74' lang='grc' dir='ltr'><strong>ι</strong></span> <span class='ocrx_word' id='word_1_326' title='bbox 818 2533 1029 2585; x_wconf 79' lang='grc' dir='ltr'>Αἰνεῖτε</span> <span class='ocrx_word' id='word_1_327' title='bbox 1060 2529 1150 2582; x_wconf 82' lang='grc' dir='ltr'><strong>τὸν</strong></span> <span class='ocrx_word' id='word_1_328' title='bbox 1182 2527 1387 2598; x_wconf 86' lang='grc' dir='ltr'>Κύριον</span> <span class='ocrx_word' id='word_1_329' title='bbox 1425 2526 1490 2579; x_wconf 82' lang='grc' dir='ltr'><strong>ἐκ</strong></span> <span class='ocrx_word' id='word_1_330' title='bbox 1524 2524 1632 2579; x_wconf 89' lang='grc' dir='ltr'><strong>τῶν</strong></span> <span class='ocrx_word' id='word_1_331' title='bbox 1653 2524 1920 2596; x_wconf 81' lang='grc' dir='ltr'>οὐρανῶν,</span> 
     </span>
    </p>
   </div>
   <div class='ocr_carea' id='block_1_43' title="bbox 328 2618 1921 2690">
    <p class='ocr_par' dir='ltr' id='par_1_43' title="bbox 328 2618 1921 2690">
     <span class='ocr_line' id='line_1_43' title="bbox 328 2618 1921 2690; baseline -0.01 -5"><span class='ocrx_word' id='word_1_332' title='bbox 328 2632 529 2685; x_wconf 59' lang='grc' dir='ltr'>ἀἰνείτε</span> <span class='ocrx_word' id='word_1_333' title='bbox 557 2627 728 2681; x_wconf 80' lang='grc' dir='ltr'>αὑτὸν</span> <span class='ocrx_word' id='word_1_334' title='bbox 757 2627 816 2679; x_wconf 79' lang='grc' dir='ltr'>ὲν</span> <span class='ocrx_word' id='word_1_335' title='bbox 849 2626 960 2687; x_wconf 87' lang='grc' dir='ltr'>τοῖς</span> <span class='ocrx_word' id='word_1_336' title='bbox 992 2621 1254 2690; x_wconf 78' lang='grc' dir='ltr'>ὑψίστοις.</span> <span class='ocrx_word' id='word_1_337' title='bbox 1288 2620 1497 2672; x_wconf 80' lang='grc' dir='ltr'>Αἰνεῖτε</span> <span class='ocrx_word' id='word_1_338' title='bbox 1530 2619 1691 2672; x_wconf 83' lang='grc' dir='ltr'>αὐτὸν</span> <span class='ocrx_word' id='word_1_339' title='bbox 1722 2618 1921 2682; x_wconf 83' lang='grc' dir='ltr'>πάντες</span> 
     </span>
    </p>
   </div>
   <div class='ocr_carea' id='block_1_44' title="bbox 335 2709 1919 2789">
    <p class='ocr_par' dir='ltr' id='par_1_44' title="bbox 335 2709 1919 2789">
     <span class='ocr_line' id='line_1_44' title="bbox 335 2709 1919 2789; baseline -0.009 -13"><span class='ocrx_word' id='word_1_340' title='bbox 335 2726 388 2776; x_wconf 72' lang='grc' dir='ltr'>οἱ</span> <span class='ocrx_word' id='word_1_341' title='bbox 416 2720 635 2789; x_wconf 75' lang='grc' dir='ltr'>ἄγγελοι</span> <span class='ocrx_word' id='word_1_342' title='bbox 675 2715 876 2780; x_wconf 75' lang='grc' dir='ltr'>αὑτοῦ,</span> <span class='ocrx_word' id='word_1_343' title='bbox 915 2714 1115 2768; x_wconf 77' lang='grc' dir='ltr'>αἰνείτε</span> <span class='ocrx_word' id='word_1_344' title='bbox 1159 2710 1319 2765; x_wconf 79' lang='grc' dir='ltr'>αὐτὸν</span> <span class='ocrx_word' id='word_1_345' title='bbox 1354 2712 1524 2763; x_wconf 79' lang='grc' dir='ltr'>πᾶσαι</span> <span class='ocrx_word' id='word_1_346' title='bbox 1564 2712 1619 2763; x_wconf 91' lang='grc' dir='ltr'>αἱ</span> <span class='ocrx_word' id='word_1_347' title='bbox 1665 2709 1919 2780; x_wconf 87' lang='grc' dir='ltr'>δυνάμεις</span> 
     </span>
    </p>
   </div>
   <div class='ocr_carea' id='block_1_45' title="bbox 326 2815 568 2869">
    <p class='ocr_par' dir='ltr' id='par_1_45' title="bbox 326 2815 568 2869">
     <span class='ocr_line' id='line_1_45' title="bbox 326 2815 568 2869; baseline -0.012 0"><span class='ocrx_word' id='word_1_348' title='bbox 326 2815 512 2869; x_wconf 67' lang='grc' dir='ltr'>αὐτοῦ.</span> <span class='ocrx_word' id='word_1_349' title='bbox 549 2834 568 2866; x_wconf 73' lang='grc' dir='ltr'><strong>ι</strong></span> 
     </span>
    </p>
   </div>
   <div class='ocr_carea' id='block_1_46' title="bbox 396 2979 1922 3056">
    <p class='ocr_par' dir='ltr' id='par_1_46' title="bbox 396 2979 1922 3056">
     <span class='ocr_line' id='line_1_46' title="bbox 396 2979 1922 3056; baseline 0.007 -25"><span class='ocrx_word' id='word_1_350' title='bbox 396 2979 507 3033; x_wconf 76' lang='grc' dir='ltr'><strong>Καὶ</strong></span> <span class='ocrx_word' id='word_1_351' title='bbox 538 2979 807 3044; x_wconf 77' lang='grc' dir='ltr'>Μνασέας</span> <span class='ocrx_word' id='word_1_352' title='bbox 832 2979 891 3034; x_wconf 79' lang='grc' dir='ltr'><strong>δέ</strong></span> <span class='ocrx_word' id='word_1_353' title='bbox 922 2998 1009 3045; x_wconf 88' lang='grc' dir='ltr'><strong>τις</strong></span> <span class='ocrx_word' id='word_1_354' title='bbox 1038 2982 1261 3056; x_wconf 80' lang='grc' dir='ltr'>ὀνόματι</span> <span class='ocrx_word' id='word_1_355' title='bbox 1292 2986 1402 3040; x_wconf 91' lang='grc' dir='ltr'><strong>τῶν</strong></span> <span class='ocrx_word' id='word_1_356' title='bbox 1436 2986 1795 3041; x_wconf 79' lang='grc' dir='ltr'>συνελθόντων</span> <span class='ocrx_word' id='word_1_357' title='bbox 1824 2989 1922 3041; x_wconf 86' lang='grc' dir='ltr'>αὐ-</span> 
     </span>
    </p>
   </div>
   <div class='ocr_carea' id='block_1_47' title="bbox 326 3072 1920 3153">
    <p class='ocr_par' dir='ltr' id='par_1_47' title="bbox 326 3072 1920 3153">
     <span class='ocr_line' id='line_1_47' title="bbox 326 3072 1920 3153; baseline 0.006 -29"><span class='ocrx_word' id='word_1_358' title='bbox 326 3074 439 3135; x_wconf 76' lang='grc' dir='ltr'>τοῖς</span> <span class='ocrx_word' id='word_1_359' title='bbox 477 3074 544 3143; x_wconf 76' lang='grc' dir='ltr'>τῇ</span> <span class='ocrx_word' id='word_1_360' title='bbox 584 3072 824 3145; x_wconf 77' lang='grc' dir='ltr'>δευτέρα</span> <span class='ocrx_word' id='word_1_361' title='bbox 861 3074 1047 3147; x_wconf 79' lang='grc' dir='ltr'>ἡμέρᾳ</span> <span class='ocrx_word' id='word_1_362' title='bbox 1091 3075 1247 3131; x_wconf 76' lang='grc' dir='ltr'>εἶπε’</span> <span class='ocrx_word' id='word_1_363' title='bbox 1296 3079 1409 3134; x_wconf 76' lang='grc' dir='ltr'><strong>Καὶ</strong></span> <span class='ocrx_word' id='word_1_364' title='bbox 1451 3081 1612 3151; x_wconf 79' lang='grc' dir='ltr'>ἡμεῖς</span> <span class='ocrx_word' id='word_1_365' title='bbox 1657 3079 1920 3153; x_wconf 83' lang='grc' dir='ltr'>χαίρομεν</span> 
     </span>
    </p>
   </div>
   <div class='ocr_carea' id='block_1_48' title="bbox 326 3164 1792 3242">
    <p class='ocr_par' dir='ltr' id='par_1_48' title="bbox 326 3164 1792 3242">
     <span class='ocr_line' id='line_1_48' title="bbox 326 3164 1792 3242; baseline 0.007 -26"><span class='ocrx_word' id='word_1_366' title='bbox 326 3164 491 3217; x_wconf 66' lang='grc' dir='ltr'>πάλιν</span> <span class='ocrx_word' id='word_1_367' title='bbox 524 3165 874 3237; x_wconf 81' lang='grc' dir='ltr'>πειρωμένου</span> <span class='ocrx_word' id='word_1_368' title='bbox 910 3184 1005 3219; x_wconf 88' lang='grc' dir='ltr'><strong>σου</strong></span> <span class='ocrx_word' id='word_1_369' title='bbox 1037 3167 1105 3221; x_wconf 77' lang='grc' dir='ltr'><strong>τὰ</strong></span> <span class='ocrx_word' id='word_1_370' title='bbox 1139 3169 1277 3224; x_wconf 81' lang='grc' dir='ltr'>αὐτὰ</span> <span class='ocrx_word' id='word_1_371' title='bbox 1311 3170 1490 3241; x_wconf 83' lang='grc' dir='ltr'>λέγειν</span> <span class='ocrx_word' id='word_1_372' title='bbox 1524 3172 1593 3225; x_wconf 91' lang='grc' dir='ltr'><strong>δι’</strong></span> <span class='ocrx_word' id='word_1_373' title='bbox 1624 3174 1792 3242; x_wconf 76' lang='grc' dir='ltr'>ἡμᾶς.</span> 
     </span>
    </p>
   </div>
   <div class='ocr_carea' id='block_1_49' title="bbox 397 3239 1992 3335">
    <p class='ocr_par' dir='ltr' id='par_1_49' title="bbox 397 3239 1992 3335">
     <span class='ocr_line' id='line_1_49' title="bbox 397 3239 1992 3335; baseline 0.008 -30"><span class='ocrx_word' id='word_1_374' title='bbox 397 3254 572 3324; x_wconf 80' lang='grc' dir='ltr'>Κάγὼ</span> <span class='ocrx_word' id='word_1_375' title='bbox 606 3250 766 3309; x_wconf 76' lang='grc' dir='ltr'>εἷπον</span> <span class='ocrx_word' id='word_1_376' title='bbox 791 3272 806 3285; x_wconf 90' lang='grc'><strong>·</strong></span> <span class='ocrx_word' id='word_1_377' title='bbox 857 3258 1180 3324; x_wconf 74' lang='grc' dir='ltr'>Ἀκούσατε,</span> <span class='ocrx_word' id='word_1_378' title='bbox 1218 3239 1394 3331; x_wconf 76' lang='grc' dir='ltr'>φίλοι,</span> <span class='ocrx_word' id='word_1_379' title='bbox 1428 3262 1534 3315; x_wconf 91' lang='grc' dir='ltr'>τίνι</span> <span class='ocrx_word' id='word_1_380' title='bbox 1566 3239 1756 3335; x_wconf 71' lang='grc' dir='ltr'>Γραφῇ</span> <span class='ocrx_word' id='word_1_381' title='bbox 1801 3282 1920 3317; x_wconf 84' lang='grc' dir='ltr'>πει·</span> <span class='ocrx_word' id='word_1_382' title='bbox 1947 3239 1992 3297; x_wconf 73' lang='lat' dir='ltr'><strong>C</strong></span> 
     </span>
    </p>
   </div>
   <div class='ocr_carea' id='block_1_50' title="bbox 326 3341 1920 3427">
    <p class='ocr_par' dir='ltr' id='par_1_50' title="bbox 326 3341 1920 3427">
     <span class='ocr_line' id='line_1_50' title="bbox 326 3341 1920 3427; baseline 0.01 -34"><span class='ocrx_word' id='word_1_383' title='bbox 326 3341 558 3412; x_wconf 81' lang='grc' dir='ltr'>θόμενος</span> <span class='ocrx_word' id='word_1_384' title='bbox 609 3344 789 3398; x_wconf 78' lang='grc' dir='ltr'>ταῦτα</span> <span class='ocrx_word' id='word_1_385' title='bbox 837 3347 1081 3419; x_wconf 80' lang='grc' dir='ltr'>πράττω.</span> <span class='ocrx_word' id='word_1_386' title='bbox 1143 3350 1350 3422; x_wconf 80' lang='grc' dir='ltr'>Ἰησοῦς</span> <span class='ocrx_word' id='word_1_387' title='bbox 1397 3353 1678 3407; x_wconf 77' lang='grc' dir='ltr'>ἐκέλευσεν</span> <span class='ocrx_word' id='word_1_388' title='bbox 1700 3356 1920 3427; x_wconf 80' lang='grc' dir='ltr'>ἀγαπᾷν</span> 
     </span>
    </p>
   </div>
   <div class='ocr_carea' id='block_1_51' title="bbox 327 3436 1922 3522">
    <p class='ocr_par' dir='ltr' id='par_1_51' title="bbox 327 3436 1922 3522">
     <span class='ocr_line' id='line_1_51' title="bbox 327 3436 1922 3522; baseline 0.01 -35"><span class='ocrx_word' id='word_1_389' title='bbox 327 3436 421 3487; x_wconf 70' lang='grc' dir='ltr'>καὶ</span> <span class='ocrx_word' id='word_1_390' title='bbox 450 3438 575 3501; x_wconf 78' lang='grc' dir='ltr'>τοὺς</span> <span class='ocrx_word' id='word_1_391' title='bbox 607 3437 843 3511; x_wconf 83' lang='grc' dir='ltr'>ἐχθρούς</span> <span class='ocrx_word' id='word_1_392' title='bbox 866 3457 880 3470; x_wconf 67' lang='grc' dir='ltr'><strong>θ</strong></span> <span class='ocrx_word' id='word_1_393' title='bbox 912 3441 1051 3514; x_wconf 82' lang='grc' dir='ltr'>ὅπερ</span> <span class='ocrx_word' id='word_1_394' title='bbox 1080 3445 1175 3499; x_wconf 81' lang='grc' dir='ltr'><strong>καὶ</strong></span> <span class='ocrx_word' id='word_1_395' title='bbox 1206 3445 1293 3499; x_wconf 79' lang='grc' dir='ltr'><strong>διὰ</strong></span> <span class='ocrx_word' id='word_1_396' title='bbox 1331 3446 1552 3502; x_wconf 76' lang='grc' dir='ltr'>Ἡσαΐου</span> <span class='ocrx_word' id='word_1_397' title='bbox 1585 3450 1922 3522; x_wconf 84' lang='grc' dir='ltr'>ἐκεκήρυκτο</span> 
     </span>
    </p>
   </div>
   <div class='ocr_carea' id='block_1_52' title="bbox 468 3593 1051 3663">
    <p class='ocr_par' dir='ltr' id='par_1_52' title="bbox 468 3593 1051 3663">
     <span class='ocr_line' id='line_1_52' title="bbox 468 3593 1051 3663; baseline 0.01 -16"><span class='ocrx_word' id='word_1_398' title='bbox 468 3594 512 3626; x_wconf 82' lang='grc'><strong>³²</strong></span> <span class='ocrx_word' id='word_1_399' title='bbox 552 3593 704 3649; x_wconf 88' lang='lat' dir='ltr'><strong>Psal.</strong></span> <span class='ocrx_word' id='word_1_400' title='bbox 734 3611 965 3663; x_wconf 79' lang='lat' dir='ltr'><strong>chvm,</strong></span> <span class='ocrx_word' id='word_1_401' title='bbox 997 3598 1051 3653; x_wconf 81' lang='grc'>1.</span> 
     </span>
    </p>
   </div>
   <div class='ocr_carea' id='block_1_53' title="bbox 327 3752 1906 3824">
    <p class='ocr_par' dir='ltr' id='par_1_53' title="bbox 327 3752 1906 3824">
     <span class='ocr_line' id='line_1_53' title="bbox 327 3752 1906 3824; baseline 0.001 -17"><span class='ocrx_word' id='word_1_402' title='bbox 327 3752 485 3809; x_wconf 87' lang='lat' dir='ltr'><strong>niaco</strong></span> <span class='ocrx_word' id='word_1_403' title='bbox 514 3752 797 3824; x_wconf 81' lang='lat' dir='ltr'><strong>fugatum,</strong></span> <span class='ocrx_word' id='word_1_404' title='bbox 831 3754 904 3807; x_wconf 84' lang='lat' dir='ltr'><strong>ita</strong></span> <span class='ocrx_word' id='word_1_405' title='bbox 938 3752 1243 3807; x_wconf 85' lang='lat' dir='ltr'><strong>vinciretur</strong></span> <span class='ocrx_word' id='word_1_406' title='bbox 1267 3792 1283 3818; x_wconf 91' lang='lat'><strong>,</strong></span> <span class='ocrx_word' id='word_1_407' title='bbox 1314 3762 1375 3807; x_wconf 92' lang='lat' dir='ltr'><strong>ut</strong></span> <span class='ocrx_word' id='word_1_408' title='bbox 1414 3753 1595 3808; x_wconf 88' lang='lat' dir='ltr'><strong>redire</strong></span> <span class='ocrx_word' id='word_1_409' title='bbox 1633 3768 1743 3808; x_wconf 91' lang='lat' dir='ltr'><strong>non</strong></span> <span class='ocrx_word' id='word_1_410' title='bbox 1775 3768 1906 3823; x_wconf 89' lang='lat' dir='ltr'><strong>pos-</strong></span> 
     </span>
    </p>
   </div>
   <div class='ocr_carea' id='block_1_54' title="bbox 328 3824 1905 3896">
    <p class='ocr_par' dir='ltr' id='par_1_54' title="bbox 328 3824 1905 3896">
     <span class='ocr_line' id='line_1_54' title="bbox 328 3824 1905 3896; baseline -0.001 -18"><span class='ocrx_word' id='word_1_411' title='bbox 328 3835 433 3879; x_wconf 71' lang='lat' dir='ltr'><strong>set.</strong></span> <span class='ocrx_word' id='word_1_412' title='bbox 460 3842 479 3875; x_wconf 70' lang='grc' dir='ltr'><strong>ι</strong></span> <span class='ocrx_word' id='word_1_413' title='bbox 522 3825 940 3896; x_wconf 84' lang='lat' dir='ltr'><strong>Incantatione_s</strong></span> <span class='ocrx_word' id='word_1_414' title='bbox 976 3824 1099 3891; x_wconf 59' lang='lat' dir='ltr'><strong>illa},</strong></span> <span class='ocrx_word' id='word_1_415' title='bbox 1128 3840 1249 3893; x_wconf 69' lang='lat' dir='ltr'><strong>qua:</strong></span> <span class='ocrx_word' id='word_1_416' title='bbox 1271 3824 1525 3896; x_wconf 72' lang='lat' dir='ltr'><strong>dicuntur</strong></span> <span class='ocrx_word' id='word_1_417' title='bbox 1553 3825 1905 3896; x_wconf 80' lang='grc' dir='ltr'>κατάδεσμοι,</span> 
     </span>
    </p>
   </div>
   <div class='ocr_carea' id='block_1_55' title="bbox 328 3893 1910 3964">
    <p class='ocr_par' dir='ltr' id='par_1_55' title="bbox 328 3893 1910 3964">
     <span class='ocr_line' id='line_1_55' title="bbox 328 3893 1910 3964; baseline 0.001 -16"><span class='ocrx_word' id='word_1_418' title='bbox 328 3910 393 3948; x_wconf 83' lang='lat' dir='ltr'><strong>eo</strong></span> <span class='ocrx_word' id='word_1_419' title='bbox 415 3903 673 3962; x_wconf 87' lang='lat' dir='ltr'><strong>spectant</strong></span> <span class='ocrx_word' id='word_1_420' title='bbox 700 3895 845 3963; x_wconf 89' lang='lat' dir='ltr'><strong>apud</strong></span> <span class='ocrx_word' id='word_1_421' title='bbox 900 3894 1177 3951; x_wconf 86' lang='lat' dir='ltr'><strong>Platonem</strong></span> <span class='ocrx_word' id='word_1_422' title='bbox 1210 3911 1273 3948; x_wconf 91' lang='grc' dir='ltr'><strong>ιι.</strong></span> <span class='ocrx_word' id='word_1_423' title='bbox 1302 3893 1379 3948; x_wconf 89' lang='lat' dir='ltr'><strong>De</strong></span> <span class='ocrx_word' id='word_1_424' title='bbox 1414 3894 1566 3964; x_wconf 73' lang='grc' dir='ltr'>Περ..</span> <span class='ocrx_word' id='word_1_425' title='bbox 1598 3910 1653 3963; x_wconf 89' lang='lat' dir='ltr'><strong>p.</strong></span> <span class='ocrx_word' id='word_1_426' title='bbox 1694 3893 1824 3959; x_wconf 68' lang='lat'><strong>364,</strong></span> <span class='ocrx_word' id='word_1_427' title='bbox 1855 3907 1910 3950; x_wconf 90' lang='lat' dir='ltr'><strong>et</strong></span> 
     </span>
    </p>
   </div>
   <div class='ocr_carea' id='block_1_56' title="bbox 330 3964 1914 4034">
    <p class='ocr_par' dir='ltr' id='par_1_56' title="bbox 330 3964 1914 4034">
     <span class='ocr_line' id='line_1_56' title="bbox 330 3964 1914 4034; baseline 0.002 -17"><span class='ocrx_word' id='word_1_428' title='bbox 330 3966 469 4033; x_wconf 79' lang='lat' dir='ltr'><strong>apud</strong></span> <span class='ocrx_word' id='word_1_429' title='bbox 501 3965 646 4019; x_wconf 89' lang='lat' dir='ltr'><strong>alios</strong></span> <span class='ocrx_word' id='word_1_430' title='bbox 684 3964 989 4034; x_wconf 86' lang='lat' dir='ltr'><strong>scriptores</strong></span> <span class='ocrx_word' id='word_1_431' title='bbox 1014 4008 1031 4033; x_wconf 94' lang='lat'><strong>,</strong></span> <span class='ocrx_word' id='word_1_432' title='bbox 1092 3976 1154 4019; x_wconf 90' lang='lat' dir='ltr'><strong>ut</strong></span> <span class='ocrx_word' id='word_1_433' title='bbox 1189 3966 1467 4019; x_wconf 63' lang='lat' dir='ltr'><strong>daemones</strong></span> <span class='ocrx_word' id='word_1_434' title='bbox 1522 3978 1823 4019; x_wconf 84' lang='lat' dir='ltr'><strong>evocentur</strong></span> <span class='ocrx_word' id='word_1_435' title='bbox 1859 3978 1914 4020; x_wconf 93' lang='lat' dir='ltr'><strong>et</strong></span> 
     </span>
    </p>
   </div>
   <div class='ocr_carea' id='block_1_57' title="bbox 326 4035 1915 4105">
    <p class='ocr_par' dir='ltr' id='par_1_57' title="bbox 326 4035 1915 4105">
     <span class='ocr_line' id='line_1_57' title="bbox 326 4035 1915 4105; baseline -0.001 -16"><span class='ocrx_word' id='word_1_436' title='bbox 326 4050 514 4089; x_wconf 81' lang='lat' dir='ltr'><strong>eorum</strong></span> <span class='ocrx_word' id='word_1_437' title='bbox 543 4036 759 4089; x_wconf 79' lang='lat' dir='ltr'><strong>auxilio</strong></span> <span class='ocrx_word' id='word_1_438' title='bbox 785 4035 851 4089; x_wconf 88' lang='lat' dir='ltr'><strong>ad</strong></span> <span class='ocrx_word' id='word_1_439' title='bbox 874 4036 1161 4091; x_wconf 84' lang='lat' dir='ltr'><strong>arbitrium</strong></span> <span class='ocrx_word' id='word_1_440' title='bbox 1194 4035 1335 4105; x_wconf 81' lang='lat' dir='ltr'><strong>magi</strong></span> <span class='ocrx_word' id='word_1_441' title='bbox 1360 4044 1622 4100; x_wconf 88' lang='lat' dir='ltr'><strong>utantur;</strong></span> <span class='ocrx_word' id='word_1_442' title='bbox 1650 4036 1790 4104; x_wconf 91' lang='lat' dir='ltr'><strong>apud</strong></span> <span class='ocrx_word' id='word_1_443' title='bbox 1820 4036 1915 4089; x_wconf 83' lang='lat' dir='ltr'><strong>Ju-</strong></span> 
     </span>
    </p>
   </div>
   <div class='ocr_carea' id='block_1_58' title="bbox 327 4104 1916 4167">
    <p class='ocr_par' dir='ltr' id='par_1_58' title="bbox 327 4104 1916 4167">
     <span class='ocr_line' id='line_1_58' title="bbox 327 4104 1916 4167; baseline 0.002 -9"><span class='ocrx_word' id='word_1_444' title='bbox 327 4107 530 4160; x_wconf 75' lang='lat' dir='ltr'><strong>stinum</strong></span> <span class='ocrx_word' id='word_1_445' title='bbox 566 4116 757 4161; x_wconf 81' lang='lat' dir='ltr'><strong>autem</strong></span> <span class='ocrx_word' id='word_1_446' title='bbox 794 4120 860 4161; x_wconf 87' lang='lat' dir='ltr'><strong>eo</strong></span> <span class='ocrx_word' id='word_1_447' title='bbox 893 4114 1106 4162; x_wconf 90' lang='lat' dir='ltr'><strong>tantum</strong></span> <span class='ocrx_word' id='word_1_448' title='bbox 1158 4104 1494 4167; x_wconf 81' lang='lat' dir='ltr'><strong>referuntur,</strong></span> <span class='ocrx_word' id='word_1_449' title='bbox 1552 4115 1611 4160; x_wconf 92' lang='lat' dir='ltr'><strong>ut</strong></span> <span class='ocrx_word' id='word_1_450' title='bbox 1637 4110 1916 4161; x_wconf 70' lang='lat' dir='ltr'><strong>daemones</strong></span> 
     </span>
    </p>
   </div>
   <div class='ocr_carea' id='block_1_59' title="bbox 329 4176 1917 4244">
    <p class='ocr_par' dir='ltr' id='par_1_59' title="bbox 329 4176 1917 4244">
     <span class='ocr_line' id='line_1_59' title="bbox 329 4176 1917 4244; baseline 0.001 -15"><span class='ocrx_word' id='word_1_451' title='bbox 329 4177 686 4244; x_wconf 77' lang='lat' dir='ltr'><strong>expeﬂantur</strong></span> <span class='ocrx_word' id='word_1_452' title='bbox 734 4184 793 4230; x_wconf 89' lang='lat' dir='ltr'><strong>et</strong></span> <span class='ocrx_word' id='word_1_453' title='bbox 842 4192 914 4232; x_wconf 91' lang='lat' dir='ltr'><strong>ne</strong></span> <span class='ocrx_word' id='word_1_454' title='bbox 945 4186 1181 4233; x_wconf 87' lang='lat' dir='ltr'><strong>noceant</strong></span> <span class='ocrx_word' id='word_1_455' title='bbox 1229 4176 1702 4243; x_wconf 84' lang='lat' dir='ltr'><strong>constringautur.</strong></span> <span class='ocrx_word' id='word_1_456' title='bbox 1734 4177 1917 4243; x_wconf 86' lang='lat' dir='ltr'><strong>Quare</strong></span> 
     </span>
    </p>
   </div>
   <div class='ocr_carea' id='block_1_60' title="bbox 328 4246 1917 4319">
    <p class='ocr_par' dir='ltr' id='par_1_60' title="bbox 328 4246 1917 4319">
     <span class='ocr_line' id='line_1_60' title="bbox 328 4246 1917 4319; baseline 0.001 -20"><span class='ocrx_word' id='word_1_457' title='bbox 328 4262 433 4319; x_wconf 65' lang='lat' dir='ltr'><strong>[ton</strong></span> <span class='ocrx_word' id='word_1_458' title='bbox 463 4247 735 4319; x_wconf 81' lang='lat' dir='ltr'><strong>videntur</strong></span> <span class='ocrx_word' id='word_1_459' title='bbox 792 4247 933 4319; x_wconf 68' lang='lat' dir='ltr'><strong>idem</strong></span> <span class='ocrx_word' id='word_1_460' title='bbox 975 4264 1097 4302; x_wconf 79' lang='lat' dir='ltr'><strong>esse</strong></span> <span class='ocrx_word' id='word_1_461' title='bbox 1130 4263 1204 4319; x_wconf 67' lang='lat' dir='ltr'><strong>ag</strong></span> <span class='ocrx_word' id='word_1_462' title='bbox 1224 4246 1587 4319; x_wconf 84' lang='grc' dir='ltr'>περιάμματα</span> <span class='ocrx_word' id='word_1_463' title='bbox 1621 4248 1917 4319; x_wconf 16' lang='grc' dir='ltr'>ἀργηυίιιιιε</span> 
     </span>
    </p>
   </div>
   <div class='ocr_carea' id='block_1_61' title="bbox 328 4315 1917 4385">
    <p class='ocr_par' dir='ltr' id='par_1_61' title="bbox 328 4315 1917 4385">
     <span class='ocr_line' id='line_1_61' title="bbox 328 4315 1917 4385; baseline 0.001 -16"><span class='ocrx_word' id='word_1_464' title='bbox 328 4315 605 4371; x_wconf 78' lang='lat' dir='ltr'><strong>Eusebius</strong></span> <span class='ocrx_word' id='word_1_465' title='bbox 664 4333 725 4370; x_wconf 89' lang='grc' dir='ltr'><strong>ιιι</strong></span> <span class='ocrx_word' id='word_1_466' title='bbox 786 4316 1095 4372; x_wconf 73' lang='lat' dir='ltr'><strong>Demonslr.</strong></span> <span class='ocrx_word' id='word_1_467' title='bbox 1158 4315 1458 4385; x_wconf 75' lang='lat' dir='ltr'><strong>Evangel.,</strong></span> <span class='ocrx_word' id='word_1_468' title='bbox 1510 4332 1564 4385; x_wconf 91' lang='lat' dir='ltr'><strong>p.</strong></span> <span class='ocrx_word' id='word_1_469' title='bbox 1624 4315 1767 4381; x_wconf 37' lang='lat'><strong>127—,</strong></span> <span class='ocrx_word' id='word_1_470' title='bbox 1821 4327 1917 4371; x_wconf 86' lang='lat' dir='ltr'><strong>aut</strong></span> 
     </span>
    </p>
   </div>
   <div class='ocr_carea' id='block_1_62' title="bbox 331 4387 1912 4459">
    <p class='ocr_par' dir='ltr' id='par_1_62' title="bbox 331 4387 1912 4459">
     <span class='ocr_line' id='line_1_62' title="bbox 331 4387 1912 4459; baseline 0.001 -20"><span class='ocrx_word' id='word_1_471' title='bbox 331 4387 602 4441; x_wconf 78' lang='grc' dir='ltr'>σκυτίδων</span> <span class='ocrx_word' id='word_1_472' title='bbox 636 4388 995 4459; x_wconf 79' lang='grc' dir='ltr'>ἐξαρτήματα</span> <span class='ocrx_word' id='word_1_473' title='bbox 1039 4391 1179 4459; x_wconf 89' lang='lat' dir='ltr'><strong>apud</strong></span> <span class='ocrx_word' id='word_1_474' title='bbox 1218 4387 1544 4459; x_wconf 87' lang='lat' dir='ltr'><strong>Tatianum;</strong></span> <span class='ocrx_word' id='word_1_475' title='bbox 1613 4389 1729 4459; x_wconf 68' lang='lat' dir='ltr'><strong>[nec</strong></span> <span class='ocrx_word' id='word_1_476' title='bbox 1766 4389 1912 4459; x_wconf 88' lang='lat' dir='ltr'><strong>enim</strong></span> 
     </span>
    </p>
   </div>
   <div class='ocr_carea' id='block_1_63' title="bbox 328 4458 1916 4527">
    <p class='ocr_par' dir='ltr' id='par_1_63' title="bbox 328 4458 1916 4527">
     <span class='ocr_line' id='line_1_63' title="bbox 328 4458 1916 4527; baseline 0.001 -17"><span class='ocrx_word' id='word_1_477' title='bbox 328 4459 721 4527; x_wconf 65' lang='lat' dir='ltr'><strong>aegrotandum</strong></span> <span class='ocrx_word' id='word_1_478' title='bbox 748 4458 1300 4527; x_wconf 28' lang='lat' dir='ltr'><strong>Corporibus’apponi</strong></span> <span class='ocrx_word' id='word_1_479' title='bbox 1333 4460 1582 4511; x_wconf 85' lang='lat' dir='ltr'><strong>solebant</strong></span> <span class='ocrx_word' id='word_1_480' title='bbox 1605 4458 1669 4509; x_wconf 87' lang='lat' dir='ltr'><strong>ad</strong></span> <span class='ocrx_word' id='word_1_481' title='bbox 1697 4458 1916 4512; x_wconf 88' lang='lat' dir='ltr'><strong>morbos</strong></span> 
     </span>
    </p>
   </div>
   <div class='ocr_carea' id='block_1_64' title="bbox 330 4528 1918 4597">
    <p class='ocr_par' dir='ltr' id='par_1_64' title="bbox 330 4528 1918 4597">
     <span class='ocr_line' id='line_1_64' title="bbox 330 4528 1918 4597; baseline 0.001 -17"><span class='ocrx_word' id='word_1_482' title='bbox 330 4529 630 4583; x_wconf 88' lang='lat' dir='ltr'><strong>sanandos.</strong></span> <span class='ocrx_word' id='word_1_483' title='bbox 674 4528 784 4581; x_wconf 90' lang='lat' dir='ltr'><strong>Sed</strong></span> <span class='ocrx_word' id='word_1_484' title='bbox 818 4529 1151 4597; x_wconf 84' lang='lat' dir='ltr'><strong>persuadere</strong></span> <span class='ocrx_word' id='word_1_485' title='bbox 1188 4528 1322 4582; x_wconf 89' lang='lat' dir='ltr'><strong>mihi</strong></span> <span class='ocrx_word' id='word_1_486' title='bbox 1356 4544 1461 4581; x_wconf 84' lang='lat' dir='ltr'><strong>non</strong></span> <span class='ocrx_word' id='word_1_487' title='bbox 1495 4542 1717 4595; x_wconf 90' lang='lat' dir='ltr'><strong>possum</strong></span> <span class='ocrx_word' id='word_1_488' title='bbox 1750 4546 1918 4581; x_wconf 87' lang='grc' dir='ltr'>κατα-</span> 
     </span>
    </p>
   </div>
   <div class='ocr_carea' id='block_1_65' title="bbox 2030 1970 3608 2042">
    <p class='ocr_par' dir='ltr' id='par_1_65' title="bbox 2030 1970 3608 2042">
     <span class='ocr_line' id='line_1_65' title="bbox 2030 1970 3608 2042; baseline -0.003 -13"><span class='ocrx_word' id='word_1_489' title='bbox 2030 1985 2211 2031; x_wconf 87' lang='lat' dir='ltr'><strong>tamen</strong></span> <span class='ocrx_word' id='word_1_490' title='bbox 2239 1974 2445 2030; x_wconf 90' lang='lat' dir='ltr'><strong>idcirco</strong></span> <span class='ocrx_word' id='word_1_491' title='bbox 2472 1975 2726 2028; x_wconf 91' lang='lat' dir='ltr'><strong>desinere</strong></span> <span class='ocrx_word' id='word_1_492' title='bbox 2747 1982 2987 2042; x_wconf 91' lang='lat' dir='ltr'><strong>quatuor</strong></span> <span class='ocrx_word' id='word_1_493' title='bbox 3016 1971 3225 2039; x_wconf 90' lang='lat' dir='ltr'><strong>dicere,</strong></span> <span class='ocrx_word' id='word_1_494' title='bbox 3250 1971 3432 2026; x_wconf 88' lang='lat' dir='ltr'><strong>etalia</strong></span> <span class='ocrx_word' id='word_1_495' title='bbox 3458 1970 3608 2039; x_wconf 88' lang='lat' dir='ltr'><strong>ejus-</strong></span> 
     </span>
    </p>
   </div>
   <div class='ocr_carea' id='block_1_66' title="bbox 2028 2065 3608 2137">
    <p class='ocr_par' dir='ltr' id='par_1_66' title="bbox 2028 2065 3608 2137">
     <span class='ocr_line' id='line_1_66' title="bbox 2028 2065 3608 2137; baseline -0.004 -17"><span class='ocrx_word' id='word_1_496' title='bbox 2028 2067 2176 2121; x_wconf 91' lang='lat' dir='ltr'><strong>tnodi</strong></span> <span class='ocrx_word' id='word_1_497' title='bbox 2209 2107 2224 2132; x_wconf 95' lang='lat'><strong>,</strong></span> <span class='ocrx_word' id='word_1_498' title='bbox 2294 2080 2659 2137; x_wconf 69' lang='lat' dir='ltr'><strong>qumcumqne</strong></span> <span class='ocrx_word' id='word_1_499' title='bbox 2706 2073 2857 2118; x_wconf 90' lang='lat' dir='ltr'><strong>certo</strong></span> <span class='ocrx_word' id='word_1_500' title='bbox 2917 2074 3350 2129; x_wconf 90' lang='lat' dir='ltr'><strong>asseverantur,</strong></span> <span class='ocrx_word' id='word_1_501' title='bbox 3415 2065 3608 2117; x_wconf 90' lang='lat' dir='ltr'><strong>eodem</strong></span> 
     </span>
    </p>
   </div>
   <div class='ocr_carea' id='block_1_67' title="bbox 2029 2153 3605 2226">
    <p class='ocr_par' dir='ltr' id='par_1_67' title="bbox 2029 2153 3605 2226">
     <span class='ocr_line' id='line_1_67' title="bbox 2029 2153 3605 2226; baseline -0.003 -17"><span class='ocrx_word' id='word_1_502' title='bbox 2029 2170 2253 2226; x_wconf 84' lang='lat' dir='ltr'><strong>semper</strong></span> <span class='ocrx_word' id='word_1_503' title='bbox 2281 2158 2443 2211; x_wconf 90' lang='lat' dir='ltr'><strong>modo</strong></span> <span class='ocrx_word' id='word_1_504' title='bbox 2472 2156 2580 2210; x_wconf 91' lang='lat' dir='ltr'><strong>dici</strong></span> <span class='ocrx_word' id='word_1_505' title='bbox 2604 2165 2659 2209; x_wconf 90' lang='lat' dir='ltr'><strong>et</strong></span> <span class='ocrx_word' id='word_1_506' title='bbox 2688 2154 3031 2208; x_wconf 85' lang='lat' dir='ltr'><strong>asseverari:</strong></span> <span class='ocrx_word' id='word_1_507' title='bbox 3066 2169 3189 2207; x_wconf 89' lang='lat' dir='ltr'><strong>eum</strong></span> <span class='ocrx_word' id='word_1_508' title='bbox 3219 2163 3400 2207; x_wconf 91' lang='lat' dir='ltr'><strong>autem</strong></span> <span class='ocrx_word' id='word_1_509' title='bbox 3425 2153 3514 2220; x_wconf 92' lang='lat' dir='ltr'><strong>qui</strong></span> <span class='ocrx_word' id='word_1_510' title='bbox 3538 2166 3605 2205; x_wconf 77' lang='lat' dir='ltr'><strong>ex</strong></span> 
     </span>
    </p>
   </div>
   <div class='ocr_carea' id='block_1_68' title="bbox 2027 2245 3604 2318">
    <p class='ocr_par' dir='ltr' id='par_1_68' title="bbox 2027 2245 3604 2318">
     <span class='ocr_line' id='line_1_68' title="bbox 2027 2245 3604 2318; baseline -0.003 -16"><span class='ocrx_word' id='word_1_511' title='bbox 2027 2246 2333 2317; x_wconf 86' lang='lat' dir='ltr'><strong>Scripturis</strong></span> <span class='ocrx_word' id='word_1_512' title='bbox 2370 2249 2707 2318; x_wconf 88' lang='lat' dir='ltr'><strong>propheticis</strong></span> <span class='ocrx_word' id='word_1_513' title='bbox 2750 2245 3059 2305; x_wconf 86' lang='lat' dir='ltr'><strong>disserendi</strong></span> <span class='ocrx_word' id='word_1_514' title='bbox 3096 2245 3365 2300; x_wconf 88' lang='lat' dir='ltr'><strong>rationem</strong></span> <span class='ocrx_word' id='word_1_515' title='bbox 3416 2245 3604 2312; x_wconf 89' lang='lat' dir='ltr'><strong>depro-</strong></span> 
     </span>
    </p>
   </div>
   <div class='ocr_carea' id='block_1_69' title="bbox 2025 2334 3604 2407">
    <p class='ocr_par' dir='ltr' id='par_1_69' title="bbox 2025 2334 3604 2407">
     <span class='ocr_line' id='line_1_69' title="bbox 2025 2334 3604 2407; baseline -0.004 -16"><span class='ocrx_word' id='word_1_516' title='bbox 2025 2347 2163 2402; x_wconf 86' lang='lat' dir='ltr'><strong>mat,</strong></span> <span class='ocrx_word' id='word_1_517' title='bbox 2191 2338 2386 2393; x_wconf 79' lang='lat' dir='ltr'><strong>missas</strong></span> <span class='ocrx_word' id='word_1_518' title='bbox 2421 2336 2734 2407; x_wconf 86' lang='lat' dir='ltr'><strong>Scripturas</strong></span> <span class='ocrx_word' id='word_1_519' title='bbox 2769 2337 2977 2402; x_wconf 81' lang='lat' dir='ltr'><strong>facere,</strong></span> <span class='ocrx_word' id='word_1_520' title='bbox 3010 2351 3111 2391; x_wconf 84' lang='lat' dir='ltr'><strong>nec</strong></span> <span class='ocrx_word' id='word_1_521' title='bbox 3136 2334 3354 2391; x_wconf 88' lang='lat' dir='ltr'><strong>easdem</strong></span> <span class='ocrx_word' id='word_1_522' title='bbox 3392 2348 3604 2399; x_wconf 86' lang='lat' dir='ltr'><strong>semper</strong></span> 
     </span>
    </p>
   </div>
   <div class='ocr_carea' id='block_1_70' title="bbox 2028 2424 3606 2499">
    <p class='ocr_par' dir='ltr' id='par_1_70' title="bbox 2028 2424 3606 2499">
     <span class='ocr_line' id='line_1_70' title="bbox 2028 2424 3606 2499; baseline -0.002 -17"><span class='ocrx_word' id='word_1_523' title='bbox 2028 2428 2259 2495; x_wconf 83' lang='lat' dir='ltr'><strong>referre,</strong></span> <span class='ocrx_word' id='word_1_524' title='bbox 2297 2428 2394 2483; x_wconf 83' lang='lat' dir='ltr'><strong>sed</strong></span> <span class='ocrx_word' id='word_1_525' title='bbox 2431 2429 2629 2484; x_wconf 91' lang='lat' dir='ltr'><strong>melius</strong></span> <span class='ocrx_word' id='word_1_526' title='bbox 2657 2428 2865 2499; x_wconf 88' lang='lat' dir='ltr'><strong>aliquid</strong></span> <span class='ocrx_word' id='word_1_527' title='bbox 2899 2428 3181 2495; x_wconf 82' lang='lat' dir='ltr'><strong>Scriptura</strong></span> <span class='ocrx_word' id='word_1_528' title='bbox 3208 2424 3514 2495; x_wconf 85' lang='lat' dir='ltr'><strong>pariturum</strong></span> <span class='ocrx_word' id='word_1_529' title='bbox 3545 2439 3606 2479; x_wconf 87' lang='lat' dir='ltr'><strong>se</strong></span> 
     </span>
    </p>
   </div>
   <div class='ocr_carea' id='block_1_71' title="bbox 2030 2517 3608 2589">
    <p class='ocr_par' dir='ltr' id='par_1_71' title="bbox 2030 2517 3608 2589">
     <span class='ocr_line' id='line_1_71' title="bbox 2030 2517 3608 2589; baseline -0.003 -15"><span class='ocrx_word' id='word_1_530' title='bbox 2030 2520 2372 2575; x_wconf 79' lang='lat' dir='ltr'><strong>existimare.</strong></span> <span class='ocrx_word' id='word_1_531' title='bbox 2412 2519 2590 2574; x_wconf 78' lang='lat' dir='ltr'><strong>Verba</strong></span> <span class='ocrx_word' id='word_1_532' title='bbox 2629 2533 2836 2586; x_wconf 90' lang='lat' dir='ltr'><strong>autem,</strong></span> <span class='ocrx_word' id='word_1_533' title='bbox 2889 2518 3088 2589; x_wconf 89' lang='lat' dir='ltr'><strong>quibus</strong></span> <span class='ocrx_word' id='word_1_534' title='bbox 3126 2517 3296 2572; x_wconf 90' lang='lat' dir='ltr'><strong>Deum</strong></span> <span class='ocrx_word' id='word_1_535' title='bbox 3326 2517 3608 2573; x_wconf 80' lang='lat' dir='ltr'><strong>declarare</strong></span> 
     </span>
    </p>
   </div>
   <div class='ocr_carea' id='block_1_72' title="bbox 2026 2610 3607 2683">
    <p class='ocr_par' dir='ltr' id='par_1_72' title="bbox 2026 2610 3607 2683">
     <span class='ocr_line' id='line_1_72' title="bbox 2026 2610 3607 2683; baseline -0.001 -17"><span class='ocrx_word' id='word_1_536' title='bbox 2026 2612 2140 2666; x_wconf 80' lang='lat' dir='ltr'><strong>dixi</strong></span> <span class='ocrx_word' id='word_1_537' title='bbox 2178 2611 2400 2683; x_wconf 84' lang='lat' dir='ltr'><strong>angelos</strong></span> <span class='ocrx_word' id='word_1_538' title='bbox 2438 2612 2596 2683; x_wconf 80' lang='lat'><strong>183</strong></span> <span class='ocrx_word' id='word_1_539' title='bbox 2625 2622 2681 2667; x_wconf 93' lang='lat' dir='ltr'><strong>et</strong></span> <span class='ocrx_word' id='word_1_540' title='bbox 2708 2613 2942 2666; x_wconf 90' lang='lat' dir='ltr'><strong>virtutes</strong></span> <span class='ocrx_word' id='word_1_541' title='bbox 2982 2612 3036 2665; x_wconf 94' lang='lat' dir='ltr'><strong>in</strong></span> <span class='ocrx_word' id='word_1_542' title='bbox 3070 2610 3214 2666; x_wconf 62' lang='lat' dir='ltr'><strong>caelo</strong></span> <span class='ocrx_word' id='word_1_543' title='bbox 3249 2625 3394 2676; x_wconf 91' lang='lat' dir='ltr'><strong>esse,</strong></span> <span class='ocrx_word' id='word_1_544' title='bbox 3432 2614 3507 2665; x_wconf 90' lang='lat' dir='ltr'><strong>ita</strong></span> <span class='ocrx_word' id='word_1_545' title='bbox 3545 2626 3607 2665; x_wconf 88' lang='lat' dir='ltr'><strong>se</strong></span> 
     </span>
    </p>
   </div>
   <div class='ocr_carea' id='block_1_73' title="bbox 2028 2702 3605 2781">
    <p class='ocr_par' dir='ltr' id='par_1_73' title="bbox 2028 2702 3605 2781">
     <span class='ocr_line' id='line_1_73' title="bbox 2028 2702 3605 2781; baseline -0.001 -24"><span class='ocrx_word' id='word_1_546' title='bbox 2028 2702 2263 2758; x_wconf 90' lang='lat' dir='ltr'><strong>habent:</strong></span> <span class='ocrx_word' id='word_1_547' title='bbox 2300 2726 2319 2756; x_wconf 77' lang='grc' dir='ltr'><strong>ι</strong></span> <span class='ocrx_word' id='word_1_548' title='bbox 2342 2703 2583 2759; x_wconf 88' lang='lat' dir='ltr'><strong>Laudate</strong></span> <span class='ocrx_word' id='word_1_549' title='bbox 2610 2702 2899 2758; x_wconf 90' lang='lat' dir='ltr'><strong>Dominum</strong></span> <span class='ocrx_word' id='word_1_550' title='bbox 2925 2704 2993 2758; x_wconf 89' lang='lat' dir='ltr'><strong>de</strong></span> <span class='ocrx_word' id='word_1_551' title='bbox 3020 2703 3200 2781; x_wconf 69' lang='lat' dir='ltr'><strong>caelis,</strong></span> <span class='ocrx_word' id='word_1_552' title='bbox 3230 2703 3451 2757; x_wconf 91' lang='lat' dir='ltr'><strong>laudate</strong></span> <span class='ocrx_word' id='word_1_553' title='bbox 3478 2718 3605 2757; x_wconf 92' lang='lat' dir='ltr'><strong>eum</strong></span> 
     </span>
    </p>
   </div>
   <div class='ocr_carea' id='block_1_74' title="bbox 2025 2795 3607 2867">
    <p class='ocr_par' dir='ltr' id='par_1_74' title="bbox 2025 2795 3607 2867">
     <span class='ocr_line' id='line_1_74' title="bbox 2025 2795 3607 2867; baseline -0.001 -16"><span class='ocrx_word' id='word_1_554' title='bbox 2025 2796 2081 2851; x_wconf 90' lang='lat' dir='ltr'><strong>in</strong></span> <span class='ocrx_word' id='word_1_555' title='bbox 2117 2797 2371 2852; x_wconf 77' lang='lat' dir='ltr'><strong>excelsis.</strong></span> <span class='ocrx_word' id='word_1_556' title='bbox 2408 2797 2658 2852; x_wconf 91' lang='lat' dir='ltr'><strong>Laudate</strong></span> <span class='ocrx_word' id='word_1_557' title='bbox 2693 2812 2816 2853; x_wconf 91' lang='lat' dir='ltr'><strong>eum</strong></span> <span class='ocrx_word' id='word_1_558' title='bbox 2851 2811 3043 2851; x_wconf 87' lang='lat' dir='ltr'><strong>omnes</strong></span> <span class='ocrx_word' id='word_1_559' title='bbox 3081 2796 3260 2865; x_wconf 78' lang='lat' dir='ltr'><strong>angeli</strong></span> <span class='ocrx_word' id='word_1_560' title='bbox 3297 2797 3436 2867; x_wconf 89' lang='lat' dir='ltr'><strong>ejus,</strong></span> <span class='ocrx_word' id='word_1_561' title='bbox 3489 2795 3607 2850; x_wconf 89' lang='lat' dir='ltr'><strong>Iau-</strong></span> 
     </span>
    </p>
   </div>
   <div class='ocr_carea' id='block_1_75' title="bbox 2026 2889 3100 2958">
    <p class='ocr_par' dir='ltr' id='par_1_75' title="bbox 2026 2889 3100 2958">
     <span class='ocr_line' id='line_1_75' title="bbox 2026 2889 3100 2958; baseline -0.003 -13"><span class='ocrx_word' id='word_1_562' title='bbox 2026 2890 2151 2945; x_wconf 89' lang='lat' dir='ltr'><strong>date</strong></span> <span class='ocrx_word' id='word_1_563' title='bbox 2176 2906 2299 2945; x_wconf 91' lang='lat' dir='ltr'><strong>eum</strong></span> <span class='ocrx_word' id='word_1_564' title='bbox 2332 2906 2525 2946; x_wconf 90' lang='lat' dir='ltr'><strong>omnes</strong></span> <span class='ocrx_word' id='word_1_565' title='bbox 2556 2890 2786 2945; x_wconf 92' lang='lat' dir='ltr'><strong>virtutes</strong></span> <span class='ocrx_word' id='word_1_566' title='bbox 2821 2889 2938 2958; x_wconf 90' lang='lat' dir='ltr'><strong>ejus</strong></span> <span class='ocrx_word' id='word_1_567' title='bbox 2970 2890 3039 2943; x_wconf 80' lang='lat'><strong>“.</strong></span> <span class='ocrx_word' id='word_1_568' title='bbox 3081 2909 3100 2942; x_wconf 72' lang='lat' dir='ltr'><strong>i</strong></span> 
     </span>
    </p>
   </div>
   <div class='ocr_carea' id='block_1_76' title="bbox 2098 2981 3594 3051">
    <p class='ocr_par' dir='ltr' id='par_1_76' title="bbox 2098 2981 3594 3051">
     <span class='ocr_line' id='line_1_76' title="bbox 2098 2981 3594 3051; baseline 0.001 -16"><span class='ocrx_word' id='word_1_569' title='bbox 2098 2982 2197 3038; x_wconf 88' lang='lat' dir='ltr'><strong>Hic</strong></span> <span class='ocrx_word' id='word_1_570' title='bbox 2230 2997 2370 3037; x_wconf 87' lang='lat' dir='ltr'><strong>unus</strong></span> <span class='ocrx_word' id='word_1_571' title='bbox 2397 2998 2463 3038; x_wconf 79' lang='lat' dir='ltr'><strong>ex</strong></span> <span class='ocrx_word' id='word_1_572' title='bbox 2493 2983 2596 3048; x_wconf 86' lang='lat' dir='ltr'><strong>his,</strong></span> <span class='ocrx_word' id='word_1_573' title='bbox 2620 2982 2714 3051; x_wconf 91' lang='lat' dir='ltr'><strong>qui</strong></span> <span class='ocrx_word' id='word_1_574' title='bbox 2755 2981 3022 3051; x_wconf 90' lang='lat' dir='ltr'><strong>postridie</strong></span> <span class='ocrx_word' id='word_1_575' title='bbox 3051 2996 3176 3035; x_wconf 89' lang='lat' dir='ltr'><strong>cum</strong></span> <span class='ocrx_word' id='word_1_576' title='bbox 3205 2981 3286 3035; x_wconf 89' lang='lat' dir='ltr'><strong>eis</strong></span> <span class='ocrx_word' id='word_1_577' title='bbox 3326 2991 3594 3036; x_wconf 86' lang='lat' dir='ltr'><strong>venerant</strong></span> 
     </span>
    </p>
   </div>
   <div class='ocr_carea' id='block_1_77' title="bbox 2026 3073 3588 3145">
    <p class='ocr_par' dir='ltr' id='par_1_77' title="bbox 2026 3073 3588 3145">
     <span class='ocr_line' id='line_1_77' title="bbox 2026 3073 3588 3145; baseline 0.002 -18"><span class='ocrx_word' id='word_1_578' title='bbox 2026 3073 2279 3131; x_wconf 80' lang='lat' dir='ltr'><strong>Mnaseas</strong></span> <span class='ocrx_word' id='word_1_579' title='bbox 2308 3076 2550 3145; x_wconf 75' lang='lat' dir='ltr'><strong>nomine,</strong></span> <span class='ocrx_word' id='word_1_580' title='bbox 2604 3075 2789 3141; x_wconf 92' lang='lat' dir='ltr'><strong>nobis,</strong></span> <span class='ocrx_word' id='word_1_581' title='bbox 2834 3074 3031 3141; x_wconf 83' lang='lat' dir='ltr'><strong>inquit,</strong></span> <span class='ocrx_word' id='word_1_582' title='bbox 3087 3084 3402 3144; x_wconf 87' lang='lat' dir='ltr'><strong>pergratum</strong></span> <span class='ocrx_word' id='word_1_583' title='bbox 3446 3074 3588 3131; x_wconf 84' lang='lat' dir='ltr'><strong>facis</strong></span> 
     </span>
    </p>
   </div>
   <div class='ocr_carea' id='block_1_78' title="bbox 2025 3166 3348 3242">
    <p class='ocr_par' dir='ltr' id='par_1_78' title="bbox 2025 3166 3348 3242">
     <span class='ocr_line' id='line_1_78' title="bbox 2025 3166 3348 3242; baseline -0.002 -15"><span class='ocrx_word' id='word_1_584' title='bbox 2025 3169 2170 3242; x_wconf 88' lang='lat' dir='ltr'><strong>quod</strong></span> <span class='ocrx_word' id='word_1_585' title='bbox 2206 3169 2397 3226; x_wconf 88' lang='lat' dir='ltr'><strong>eadem</strong></span> <span class='ocrx_word' id='word_1_586' title='bbox 2426 3178 2613 3224; x_wconf 88' lang='lat' dir='ltr'><strong>nostra</strong></span> <span class='ocrx_word' id='word_1_587' title='bbox 2645 3182 2806 3223; x_wconf 87' lang='lat' dir='ltr'><strong>causa</strong></span> <span class='ocrx_word' id='word_1_588' title='bbox 2834 3166 3042 3224; x_wconf 83' lang='lat' dir='ltr'><strong>referre</strong></span> <span class='ocrx_word' id='word_1_589' title='bbox 3070 3169 3348 3224; x_wconf 85' lang='lat' dir='ltr'><strong>instituas.</strong></span> 
     </span>
    </p>
   </div>
   <div class='ocr_carea' id='block_1_79' title="bbox 2097 3259 3604 3335">
    <p class='ocr_par' dir='ltr' id='par_1_79' title="bbox 2097 3259 3604 3335">
     <span class='ocr_line' id='line_1_79' title="bbox 2097 3259 3604 3335; baseline -0.003 -16"><span class='ocrx_word' id='word_1_590' title='bbox 2097 3262 2571 3335; x_wconf 78' lang='lat' dir='ltr'><strong>AtegozAudite,</strong></span> <span class='ocrx_word' id='word_1_591' title='bbox 2628 3262 2874 3331; x_wconf 92' lang='lat' dir='ltr'><strong>inquam,</strong></span> <span class='ocrx_word' id='word_1_592' title='bbox 2936 3261 3124 3327; x_wconf 89' lang='lat' dir='ltr'><strong>amici,</strong></span> <span class='ocrx_word' id='word_1_593' title='bbox 3174 3276 3294 3330; x_wconf 63' lang='lat' dir='ltr'><strong>quae</strong></span> <span class='ocrx_word' id='word_1_594' title='bbox 3326 3275 3412 3316; x_wconf 91' lang='lat' dir='ltr'><strong>me</strong></span> <span class='ocrx_word' id='word_1_595' title='bbox 3450 3259 3604 3316; x_wconf 82' lang='lat' dir='ltr'><strong>Scri—</strong></span> 
     </span>
    </p>
   </div>
   <div class='ocr_carea' id='block_1_80' title="bbox 2026 3352 3605 3427">
    <p class='ocr_par' dir='ltr' id='par_1_80' title="bbox 2026 3352 3605 3427">
     <span class='ocr_line' id='line_1_80' title="bbox 2026 3352 3605 3427; baseline -0.002 -15"><span class='ocrx_word' id='word_1_596' title='bbox 2026 3366 2183 3427; x_wconf 91' lang='lat' dir='ltr'><strong>ptura</strong></span> <span class='ocrx_word' id='word_1_597' title='bbox 2220 3363 2280 3411; x_wconf 91' lang='lat' dir='ltr'><strong>ut</strong></span> <span class='ocrx_word' id='word_1_598' title='bbox 2307 3357 2380 3411; x_wconf 90' lang='lat' dir='ltr'><strong>ita</strong></span> <span class='ocrx_word' id='word_1_599' title='bbox 2410 3355 2672 3418; x_wconf 82' lang='lat' dir='ltr'><strong>facerem,</strong></span> <span class='ocrx_word' id='word_1_600' title='bbox 2704 3353 3003 3409; x_wconf 82' lang='lat' dir='ltr'><strong>induxerit.</strong></span> <span class='ocrx_word' id='word_1_601' title='bbox 3038 3352 3305 3423; x_wconf 68' lang='lat' dir='ltr'><strong>Prmcepit</strong></span> <span class='ocrx_word' id='word_1_602' title='bbox 3348 3353 3507 3409; x_wconf 83' lang='lat' dir='ltr'><strong>Jesus</strong></span> <span class='ocrx_word' id='word_1_603' title='bbox 3544 3364 3605 3409; x_wconf 90' lang='lat' dir='ltr'><strong>ut</strong></span> 
     </span>
    </p>
   </div>
   <div class='ocr_carea' id='block_1_81' title="bbox 2025 3428 3602 3518">
    <p class='ocr_par' dir='ltr' id='par_1_81' title="bbox 2025 3428 3602 3518">
     <span class='ocr_line' id='line_1_81' title="bbox 2025 3428 3602 3518; baseline -0.001 -13"><span class='ocrx_word' id='word_1_604' title='bbox 2025 3450 2190 3506; x_wconf 91' lang='lat' dir='ltr'><strong>etiam</strong></span> <span class='ocrx_word' id='word_1_605' title='bbox 2218 3448 2469 3503; x_wconf 86' lang='lat' dir='ltr'><strong>inimicos</strong></span> <span class='ocrx_word' id='word_1_606' title='bbox 2500 3428 2833 3518; x_wconf 77' lang='lat' dir='ltr'><strong>diligamits:</strong></span> <span class='ocrx_word' id='word_1_607' title='bbox 2873 3445 3016 3516; x_wconf 93' lang='lat' dir='ltr'><strong>quod</strong></span> <span class='ocrx_word' id='word_1_608' title='bbox 3048 3445 3191 3501; x_wconf 89' lang='lat' dir='ltr'><strong>idem</strong></span> <span class='ocrx_word' id='word_1_609' title='bbox 3246 3455 3302 3501; x_wconf 90' lang='lat' dir='ltr'><strong>et</strong></span> <span class='ocrx_word' id='word_1_610' title='bbox 3353 3447 3421 3501; x_wconf 88' lang='lat' dir='ltr'><strong>ab</strong></span> <span class='ocrx_word' id='word_1_611' title='bbox 3462 3445 3602 3503; x_wconf 85' lang='lat' dir='ltr'><strong>Isaia</strong></span> 
     </span>
    </p>
   </div>
   <div class='ocr_carea' id='block_1_82' title="bbox 2091 3753 3599 3828">
    <p class='ocr_par' dir='ltr' id='par_1_82' title="bbox 2091 3753 3599 3828">
     <span class='ocr_line' id='line_1_82' title="bbox 2091 3753 3599 3828; baseline 0.003 -19"><span class='ocrx_word' id='word_1_612' title='bbox 2091 3754 2205 3824; x_wconf 76' lang='lat'><strong>(‘26)</strong></span> <span class='ocrx_word' id='word_1_613' title='bbox 2239 3753 2515 3825; x_wconf 66' lang='lat' dir='ltr'><strong>’Erziipat.</strong></span> <span class='ocrx_word' id='word_1_614' title='bbox 2550 3757 2691 3812; x_wconf 85' lang='lat' dir='ltr'><strong>Ante</strong></span> <span class='ocrx_word' id='word_1_615' title='bbox 2718 3759 2861 3813; x_wconf 85' lang='lat' dir='ltr'><strong>hanc</strong></span> <span class='ocrx_word' id='word_1_616' title='bbox 2916 3772 3114 3828; x_wconf 14' lang='lat' dir='ltr'><strong>vocem,</strong></span> <span class='ocrx_word' id='word_1_617' title='bbox 3142 3758 3226 3813; x_wconf 86' lang='lat' dir='ltr'><strong>vel</strong></span> <span class='ocrx_word' id='word_1_618' title='bbox 3256 3758 3599 3828; x_wconf 82' lang='lat' dir='ltr'><strong>postlegen-</strong></span> 
     </span>
    </p>
   </div>
   <div class='ocr_carea' id='block_1_83' title="bbox 2018 3824 3599 3895">
    <p class='ocr_par' dir='ltr' id='par_1_83' title="bbox 2018 3824 3599 3895">
     <span class='ocr_line' id='line_1_83' title="bbox 2018 3824 3599 3895; baseline 0.001 -16"><span class='ocrx_word' id='word_1_619' title='bbox 2018 3826 2147 3879; x_wconf 92' lang='lat' dir='ltr'><strong>dum</strong></span> <span class='ocrx_word' id='word_1_620' title='bbox 2192 3828 2277 3882; x_wconf 93' lang='lat' dir='ltr'><strong>vel</strong></span> <span class='ocrx_word' id='word_1_621' title='bbox 2325 3824 2756 3882; x_wconf 90' lang='lat' dir='ltr'><strong>subaudiendum</strong></span> <span class='ocrx_word' id='word_1_622' title='bbox 2807 3824 3040 3883; x_wconf 87' lang='grc' dir='ltr'>κελεύει.</span> <span class='ocrx_word' id='word_1_623' title='bbox 3094 3824 3272 3895; x_wconf 56' lang='lat' dir='ltr'><strong>Stepe&#39;</strong></span> <span class='ocrx_word' id='word_1_624' title='bbox 3304 3843 3332 3882; x_wconf 87' lang='lat' dir='ltr'><strong>a</strong></span> <span class='ocrx_word' id='word_1_625' title='bbox 3380 3824 3599 3883; x_wconf 49' lang='lat' dir='ltr'><strong>Jus&#39;tino</strong></span> 
     </span>
    </p>
   </div>
   <div class='ocr_carea' id='block_1_84' title="bbox 2020 3898 3602 3965">
    <p class='ocr_par' dir='ltr' id='par_1_84' title="bbox 2020 3898 3602 3965">
     <span class='ocr_line' id='line_1_84' title="bbox 2020 3898 3602 3965; baseline 0.002 -16"><span class='ocrx_word' id='word_1_626' title='bbox 2020 3898 2386 3961; x_wconf 54' lang='lat' dir='ltr'><strong>praetermissa</strong></span> <span class='ocrx_word' id='word_1_627' title='bbox 2419 3898 2682 3965; x_wconf 86' lang='lat' dir='ltr'><strong>ejusmodi</strong></span> <span class='ocrx_word' id='word_1_628' title='bbox 2712 3900 2898 3954; x_wconf 87' lang='lat' dir='ltr'><strong>verba.</strong></span> <span class='ocrx_word' id='word_1_629' title='bbox 2937 3900 3073 3953; x_wconf 84' lang='lat' dir='ltr'><strong>Vide</strong></span> <span class='ocrx_word' id='word_1_630' title='bbox 3108 3915 3164 3951; x_wconf 92' lang='lat' dir='ltr'><strong>n.</strong></span> <span class='ocrx_word' id='word_1_631' title='bbox 3195 3899 3265 3952; x_wconf 90' lang='lat'><strong>89</strong></span> <span class='ocrx_word' id='word_1_632' title='bbox 3295 3908 3345 3952; x_wconf 92' lang='lat' dir='ltr'><strong>ct</strong></span> <span class='ocrx_word' id='word_1_633' title='bbox 3375 3900 3467 3954; x_wconf 90' lang='lat'><strong>90.</strong></span> <span class='ocrx_word' id='word_1_634' title='bbox 3502 3900 3602 3953; x_wconf 86' lang='lat' dir='ltr'><strong>Su-</strong></span> 
     </span>
    </p>
   </div>
   <div class='ocr_carea' id='block_1_85' title="bbox 2022 3966 3597 4039">
    <p class='ocr_par' dir='ltr' id='par_1_85' title="bbox 2022 3966 3597 4039">
     <span class='ocr_line' id='line_1_85' title="bbox 2022 3966 3597 4039; baseline 0.003 -21"><span class='ocrx_word' id='word_1_635' title='bbox 2022 3982 2120 4039; x_wconf 91' lang='lat' dir='ltr'><strong>pra</strong></span> <span class='ocrx_word' id='word_1_636' title='bbox 2158 3966 2407 4021; x_wconf 84' lang='lat' dir='ltr'><strong>Justinus</strong></span> <span class='ocrx_word' id='word_1_637' title='bbox 2442 3984 2634 4037; x_wconf 91' lang='lat' dir='ltr'><strong>nempe</strong></span> <span class='ocrx_word' id='word_1_638' title='bbox 2663 3986 2719 4023; x_wconf 94' lang='lat' dir='ltr'><strong>n.</strong></span> <span class='ocrx_word' id='word_1_639' title='bbox 2750 3969 2841 4034; x_wconf 81' lang='lat'><strong>56,</strong></span> <span class='ocrx_word' id='word_1_640' title='bbox 2882 3970 3131 4039; x_wconf 90' lang='lat' dir='ltr'><strong>probavit</strong></span> <span class='ocrx_word' id='word_1_641' title='bbox 3159 3969 3441 4023; x_wconf 86' lang='lat' dir='ltr'><strong>Christum</strong></span> <span class='ocrx_word' id='word_1_642' title='bbox 3472 3984 3597 4023; x_wconf 87' lang='lat' dir='ltr'><strong>esse</strong></span> 
     </span>
    </p>
   </div>
   <div class='ocr_carea' id='block_1_86' title="bbox 2027 4037 3598 4106">
    <p class='ocr_par' dir='ltr' id='par_1_86' title="bbox 2027 4037 3598 4106">
     <span class='ocr_line' id='line_1_86' title="bbox 2027 4037 3598 4106; baseline 0.003 -17"><span class='ocrx_word' id='word_1_643' title='bbox 2027 4037 2223 4105; x_wconf 78' lang='lat' dir='ltr'><strong>Regem</strong></span> <span class='ocrx_word' id='word_1_644' title='bbox 2253 4038 2437 4106; x_wconf 68' lang='lat' dir='ltr'><strong>gloria}</strong></span> <span class='ocrx_word' id='word_1_645' title='bbox 2470 4049 2527 4093; x_wconf 87' lang='lat' dir='ltr'><strong>et</strong></span> <span class='ocrx_word' id='word_1_646' title='bbox 2566 4039 2850 4093; x_wconf 90' lang='lat' dir='ltr'><strong>Dominum</strong></span> <span class='ocrx_word' id='word_1_647' title='bbox 2884 4037 3147 4094; x_wconf 75' lang='lat' dir='ltr'><strong>virtutum</strong></span> <span class='ocrx_word' id='word_1_648' title='bbox 3174 4049 3227 4092; x_wconf 89' lang='lat' dir='ltr'><strong>et</strong></span> <span class='ocrx_word' id='word_1_649' title='bbox 3279 4039 3598 4095; x_wconf 71' lang='lat' dir='ltr'><strong>(&#39;mlestibus</strong></span> 
     </span>
    </p>
   </div>
   <div class='ocr_carea' id='block_1_87' title="bbox 2022 4109 3597 4179">
    <p class='ocr_par' dir='ltr' id='par_1_87' title="bbox 2022 4109 3597 4179">
     <span class='ocr_line' id='line_1_87' title="bbox 2022 4109 3597 4179; baseline 0.001 -18"><span class='ocrx_word' id='word_1_650' title='bbox 2022 4109 2361 4179; x_wconf 83' lang='lat' dir='ltr'><strong>principibus</strong></span> <span class='ocrx_word' id='word_1_651' title='bbox 2389 4110 2609 4179; x_wconf 73' lang='lat' dir='ltr'><strong>przecipi</strong></span> <span class='ocrx_word' id='word_1_652' title='bbox 2664 4120 2723 4164; x_wconf 90' lang='lat' dir='ltr'><strong>ut</strong></span> <span class='ocrx_word' id='word_1_653' title='bbox 2754 4120 2939 4177; x_wconf 89' lang='lat' dir='ltr'><strong>portas</strong></span> <span class='ocrx_word' id='word_1_654' title='bbox 2968 4126 3099 4164; x_wconf 89' lang='lat' dir='ltr'><strong>suas</strong></span> <span class='ocrx_word' id='word_1_655' title='bbox 3152 4110 3447 4179; x_wconf 32' lang='lat' dir='ltr'><strong>attollant.“</strong></span> <span class='ocrx_word' id='word_1_656' title='bbox 3488 4109 3597 4165; x_wconf 84' lang='lat' dir='ltr'><strong>Sed</strong></span> 
     </span>
    </p>
   </div>
   <div class='ocr_carea' id='block_1_88' title="bbox 2022 4177 3594 4247">
    <p class='ocr_par' dir='ltr' id='par_1_88' title="bbox 2022 4177 3594 4247">
     <span class='ocr_line' id='line_1_88' title="bbox 2022 4177 3594 4247; baseline 0 -15"><span class='ocrx_word' id='word_1_657' title='bbox 2022 4178 2223 4232; x_wconf 84' lang='lat' dir='ltr'><strong>ibidem</strong></span> <span class='ocrx_word' id='word_1_658' title='bbox 2259 4194 2364 4232; x_wconf 90' lang='lat' dir='ltr'><strong>non</strong></span> <span class='ocrx_word' id='word_1_659' title='bbox 2407 4178 2642 4247; x_wconf 84' lang='lat' dir='ltr'><strong>legimus</strong></span> <span class='ocrx_word' id='word_1_660' title='bbox 2690 4182 2803 4234; x_wconf 65' lang='lat' dir='ltr'><strong>hiec</strong></span> <span class='ocrx_word' id='word_1_661' title='bbox 2832 4180 3038 4235; x_wconf 89' lang='lat' dir='ltr'><strong>verba:</strong></span> <span class='ocrx_word' id='word_1_662' title='bbox 3094 4198 3113 4231; x_wconf 74' lang='grc' dir='ltr'><strong>ι</strong></span> <span class='ocrx_word' id='word_1_663' title='bbox 3173 4177 3594 4235; x_wconf 60' lang='grc' dir='ltr'>[ιιιιιάιιισοιιιιι</span> 
     </span>
    </p>
   </div>
   <div class='ocr_carea' id='block_1_89' title="bbox 2019 4249 3597 4315">
    <p class='ocr_par' dir='ltr' id='par_1_89' title="bbox 2019 4249 3597 4315">
     <span class='ocr_line' id='line_1_89' title="bbox 2019 4249 3597 4315; baseline 0.001 -14"><span class='ocrx_word' id='word_1_664' title='bbox 2019 4262 2212 4302; x_wconf 87' lang='lat' dir='ltr'><strong>omnes</strong></span> <span class='ocrx_word' id='word_1_665' title='bbox 2246 4249 2421 4313; x_wconf 74' lang='lat' dir='ltr'><strong>angeli</strong></span> <span class='ocrx_word' id='word_1_666' title='bbox 2474 4250 2630 4315; x_wconf 86' lang='lat' dir='ltr'><strong>ejus,</strong></span> <span class='ocrx_word' id='word_1_667' title='bbox 2670 4250 2892 4305; x_wconf 82' lang='lat' dir='ltr'><strong>laudate</strong></span> <span class='ocrx_word' id='word_1_668' title='bbox 2945 4266 3070 4305; x_wconf 91' lang='lat' dir='ltr'><strong>eum</strong></span> <span class='ocrx_word' id='word_1_669' title='bbox 3127 4265 3319 4305; x_wconf 87' lang='lat' dir='ltr'><strong>omnes</strong></span> <span class='ocrx_word' id='word_1_670' title='bbox 3368 4250 3597 4305; x_wconf 80' lang='lat' dir='ltr'><strong>virtutes</strong></span> 
     </span>
    </p>
   </div>
   <div class='ocr_carea' id='block_1_90' title="bbox 2018 4315 3594 4387">
    <p class='ocr_par' dir='ltr' id='par_1_90' title="bbox 2018 4315 3594 4387">
     <span class='ocr_line' id='line_1_90' title="bbox 2018 4315 3594 4387; baseline 0.001 -15"><span class='ocrx_word' id='word_1_671' title='bbox 2018 4315 2158 4382; x_wconf 85' lang='lat' dir='ltr'><strong>ejus,</strong></span> <span class='ocrx_word' id='word_1_672' title='bbox 2196 4335 2216 4369; x_wconf 75' lang='grc' dir='ltr'><strong>ι</strong></span> <span class='ocrx_word' id='word_1_673' title='bbox 2252 4319 2453 4387; x_wconf 88' lang='lat' dir='ltr'><strong>quibus</strong></span> <span class='ocrx_word' id='word_1_674' title='bbox 2484 4330 2663 4376; x_wconf 85' lang='lat' dir='ltr'><strong>tamen</strong></span> <span class='ocrx_word' id='word_1_675' title='bbox 2699 4320 2948 4376; x_wconf 83' lang='lat' dir='ltr'><strong>Justinus</strong></span> <span class='ocrx_word' id='word_1_676' title='bbox 3003 4337 3126 4374; x_wconf 84' lang='lat' dir='ltr'><strong>mox</strong></span> <span class='ocrx_word' id='word_1_677' title='bbox 3164 4321 3308 4374; x_wconf 89' lang='lat' dir='ltr'><strong>dicet</strong></span> <span class='ocrx_word' id='word_1_678' title='bbox 3346 4334 3408 4375; x_wconf 90' lang='lat' dir='ltr'><strong>se</strong></span> <span class='ocrx_word' id='word_1_679' title='bbox 3438 4336 3594 4375; x_wconf 87' lang='lat' dir='ltr'><strong>usum</strong></span> 
     </span>
    </p>
   </div>
   <div class='ocr_carea' id='block_1_91' title="bbox 2017 4387 3641 4460">
    <p class='ocr_par' dir='ltr' id='par_1_91' title="bbox 2017 4387 3641 4460">
     <span class='ocr_line' id='line_1_91' title="bbox 2017 4387 3641 4460; baseline 0.001 -19"><span class='ocrx_word' id='word_1_680' title='bbox 2017 4387 2209 4452; x_wconf 80' lang='lat' dir='ltr'><strong>fuisse,</strong></span> <span class='ocrx_word' id='word_1_681' title='bbox 2244 4400 2304 4441; x_wconf 91' lang='lat' dir='ltr'><strong>ut</strong></span> <span class='ocrx_word' id='word_1_682' title='bbox 2330 4390 2586 4457; x_wconf 89' lang='lat' dir='ltr'><strong>probaret</strong></span> <span class='ocrx_word' id='word_1_683' title='bbox 2621 4391 2843 4460; x_wconf 80' lang='lat' dir='ltr'><strong>angelos</strong></span> <span class='ocrx_word' id='word_1_684' title='bbox 2870 4406 3013 4455; x_wconf 90' lang='lat' dir='ltr'><strong>esse,</strong></span> <span class='ocrx_word' id='word_1_685' title='bbox 3049 4392 3247 4460; x_wconf 85' lang='lat' dir='ltr'><strong>quibus</strong></span> <span class='ocrx_word' id='word_1_686' title='bbox 3280 4391 3596 4445; x_wconf 86' lang='lat' dir='ltr'><strong>mandatum</strong></span> <span class='ocrx_word' id='word_1_687' title='bbox 3638 4424 3641 4425; x_wconf 51' lang='grc' dir='ltr'><em>ν</em></span> 
     </span>
    </p>
   </div>
   <div class='ocr_carea' id='block_1_92' title="bbox 2019 4460 3599 4526">
    <p class='ocr_par' dir='ltr' id='par_1_92' title="bbox 2019 4460 3599 4526">
     <span class='ocr_line' id='line_1_92' title="bbox 2019 4460 3599 4526; baseline 0 -14"><span class='ocrx_word' id='word_1_688' title='bbox 2019 4467 2105 4512; x_wconf 91' lang='lat' dir='ltr'><strong>est</strong></span> <span class='ocrx_word' id='word_1_689' title='bbox 2139 4469 2199 4511; x_wconf 95' lang='lat' dir='ltr'><strong>ut</strong></span> <span class='ocrx_word' id='word_1_690' title='bbox 2225 4470 2410 4526; x_wconf 87' lang='lat' dir='ltr'><strong>portas</strong></span> <span class='ocrx_word' id='word_1_691' title='bbox 2439 4460 2772 4516; x_wconf 87' lang='lat' dir='ltr'><strong>attollerent.</strong></span> <span class='ocrx_word' id='word_1_692' title='bbox 2821 4461 2941 4516; x_wconf 89' lang='lat' dir='ltr'><strong>Non</strong></span> <span class='ocrx_word' id='word_1_693' title='bbox 3001 4470 3179 4514; x_wconf 83' lang='lat' dir='ltr'><strong>tamen</strong></span> <span class='ocrx_word' id='word_1_694' title='bbox 3230 4476 3457 4515; x_wconf 89' lang='lat' dir='ltr'><strong>mancus</strong></span> <span class='ocrx_word' id='word_1_695' title='bbox 3504 4470 3599 4513; x_wconf 88' lang='lat' dir='ltr'><strong>aut</strong></span> 
     </span>
    </p>
   </div>
   <div class='ocr_carea' id='block_1_93' title="bbox 2027 4528 3594 4600">
    <p class='ocr_par' dir='ltr' id='par_1_93' title="bbox 2027 4528 3594 4600">
     <span class='ocr_line' id='line_1_93' title="bbox 2027 4528 3594 4600; baseline -0.001 -18"><span class='ocrx_word' id='word_1_696' title='bbox 2027 4528 2238 4582; x_wconf 89' lang='lat' dir='ltr'><strong>hiulcus</strong></span> <span class='ocrx_word' id='word_1_697' title='bbox 2273 4528 2361 4583; x_wconf 91' lang='lat' dir='ltr'><strong>ille</strong></span> <span class='ocrx_word' id='word_1_698' title='bbox 2388 4530 2541 4585; x_wconf 91' lang='lat' dir='ltr'><strong>locus</strong></span> <span class='ocrx_word' id='word_1_699' title='bbox 2564 4542 2669 4597; x_wconf 89' lang='lat' dir='ltr'><strong>est,</strong></span> <span class='ocrx_word' id='word_1_700' title='bbox 2723 4548 2895 4600; x_wconf 84' lang='lat' dir='ltr'><strong>neque</strong></span> <span class='ocrx_word' id='word_1_701' title='bbox 2923 4532 3064 4585; x_wconf 91' lang='lat' dir='ltr'><strong>alius</strong></span> <span class='ocrx_word' id='word_1_702' title='bbox 3094 4531 3365 4600; x_wconf 83' lang='lat' dir='ltr'><strong>assignari</strong></span> <span class='ocrx_word' id='word_1_703' title='bbox 3398 4540 3594 4598; x_wconf 87' lang='lat' dir='ltr'><strong>potest,</strong></span> 
     </span>
    </p>
   </div>
   <div class='ocr_carea' id='block_1_94' title="bbox 330 4589 3599 4669">
    <p class='ocr_par' dir='ltr' id='par_1_94' title="bbox 330 4589 3599 4669">
     <span class='ocr_line' id='line_1_94' title="bbox 330 4589 3599 4669; baseline 0 -18"><span class='ocrx_word' id='word_1_704' title='bbox 330 4598 567 4669; x_wconf 78' lang='grc' dir='ltr'>δέσμους</span> <span class='ocrx_word' id='word_1_705' title='bbox 591 4600 739 4665; x_wconf 87' lang='lat' dir='ltr'><strong>apud</strong></span> <span class='ocrx_word' id='word_1_706' title='bbox 762 4589 1305 4669; x_wconf 71' lang='lat' dir='ltr'><strong>Justinumcarmina</strong></span> <span class='ocrx_word' id='word_1_707' title='bbox 1334 4614 1473 4652; x_wconf 77' lang='lat' dir='ltr'><strong>esse.</strong></span> <span class='ocrx_word' id='word_1_708' title='bbox 1496 4589 1629 4651; x_wconf 82' lang='lat' dir='ltr'><strong>Nam</strong></span> <span class='ocrx_word' id='word_1_709' title='bbox 1656 4599 1717 4651; x_wconf 75' lang='grc' dir='ltr'><strong>ιο</strong></span> <span class='ocrx_word' id='word_1_710' title='bbox 1754 4597 1921 4652; x_wconf 84' lang='lat' dir='ltr'><strong>Justi-</strong></span> <span class='ocrx_word' id='word_1_711' title='bbox 1948 4589 2004 4651; x_wconf 87' lang='lat' dir='ltr'><strong><em>D</em></strong></span> <span class='ocrx_word' id='word_1_712' title='bbox 2028 4600 2080 4651; x_wconf 91' lang='lat' dir='ltr'><strong>in</strong></span> <span class='ocrx_word' id='word_1_713' title='bbox 2117 4612 2225 4666; x_wconf 82' lang='lat' dir='ltr'><strong>quo</strong></span> <span class='ocrx_word' id='word_1_714' title='bbox 2256 4600 2312 4669; x_wconf 81' lang='lat' dir='ltr'><strong>id</strong></span> <span class='ocrx_word' id='word_1_715' title='bbox 2339 4589 2668 4668; x_wconf 40' lang='lat' dir='ltr'><strong>praestiterit.</strong></span> <span class='ocrx_word' id='word_1_716' title='bbox 2708 4589 2979 4657; x_wconf 71' lang='lat' dir='ltr'><strong>Jusiinus.</strong></span> <span class='ocrx_word' id='word_1_717' title='bbox 3014 4589 3291 4655; x_wconf 71' lang='lat' dir='ltr'><strong>immerito</strong></span> <span class='ocrx_word' id='word_1_718' title='bbox 3327 4589 3460 4669; x_wconf 78' lang='lat' dir='ltr'><strong>ergo</strong></span> <span class='ocrx_word' id='word_1_719' title='bbox 3489 4589 3599 4653; x_wconf 53' lang='lat' dir='ltr'><strong>cui;</strong></span> 
     </span>
    </p>
   </div>
   <div class='ocr_carea' id='block_1_95' title="bbox 336 4668 1907 4751">
    <p class='ocr_par' dir='ltr' id='par_1_95' title="bbox 336 4668 1907 4751">
     <span class='ocr_line' id='line_1_95' title="bbox 336 4668 1907 4751; baseline 0.002 -31"><span class='ocrx_word' id='word_1_720' title='bbox 336 4668 441 4751; x_wconf 44' lang='lat' dir='ltr'><strong>nus;</strong></span> <span class='ocrx_word' id='word_1_721' title='bbox 505 4671 740 4751; x_wconf 70' lang='lat' dir='ltr'><strong>opponit</strong></span> <span class='ocrx_word' id='word_1_722' title='bbox 802 4668 1121 4751; x_wconf 76' lang='grc' dir='ltr'>θυμιάματα</span> <span class='ocrx_word' id='word_1_723' title='bbox 1177 4680 1231 4725; x_wconf 89' lang='lat' dir='ltr'><strong>et</strong></span> <span class='ocrx_word' id='word_1_724' title='bbox 1276 4668 1651 4751; x_wconf 67' lang='grc' dir='ltr'>καταδέσμους</span> <span class='ocrx_word' id='word_1_725' title='bbox 1680 4670 1907 4751; x_wconf 54' lang='lat' dir='ltr'><strong>:erbis,</strong></span> 
     </span>
    </p>
   </div>
   <div class='ocr_carea' id='block_1_96' title="bbox 332 4737 1910 4805">
    <p class='ocr_par' dir='ltr' id='par_1_96' title="bbox 332 4737 1910 4805">
     <span class='ocr_line' id='line_1_96' title="bbox 332 4737 1910 4805; baseline 0.001 -16"><span class='ocrx_word' id='word_1_726' title='bbox 332 4741 537 4805; x_wconf 81' lang='lat' dir='ltr'><strong>quibus</strong></span> <span class='ocrx_word' id='word_1_727' title='bbox 559 4739 785 4793; x_wconf 69' lang='lat' dir='ltr'><strong>Judmos</strong></span> <span class='ocrx_word' id='word_1_728' title='bbox 815 4737 891 4792; x_wconf 86' lang='lat' dir='ltr'><strong>uti</strong></span> <span class='ocrx_word' id='word_1_729' title='bbox 918 4737 1111 4794; x_wconf 84' lang='lat' dir='ltr'><strong>solitos</strong></span> <span class='ocrx_word' id='word_1_730' title='bbox 1152 4755 1274 4795; x_wconf 86' lang='lat' dir='ltr'><strong>esse</strong></span> <span class='ocrx_word' id='word_1_731' title='bbox 1314 4737 1549 4794; x_wconf 75' lang='lat' dir='ltr'><strong>dixerat.</strong></span> <span class='ocrx_word' id='word_1_732' title='bbox 1576 4739 1632 4791; x_wconf 73' lang='lat'><strong>2°</strong></span> <span class='ocrx_word' id='word_1_733' title='bbox 1680 4737 1910 4794; x_wconf 86' lang='lat' dir='ltr'><strong>Testan-</strong></span> 
     </span>
    </p>
   </div>
   <div class='ocr_carea' id='block_1_97' title="bbox 332 4810 1911 4879">
    <p class='ocr_par' dir='ltr' id='par_1_97' title="bbox 332 4810 1911 4879">
     <span class='ocr_line' id='line_1_97' title="bbox 332 4810 1911 4879; baseline 0.001 -17"><span class='ocrx_word' id='word_1_734' title='bbox 332 4819 415 4862; x_wconf 87' lang='lat' dir='ltr'><strong>tur</strong></span> <span class='ocrx_word' id='word_1_735' title='bbox 466 4812 713 4863; x_wconf 73' lang='lat' dir='ltr'><strong>tremens</strong></span> <span class='ocrx_word' id='word_1_736' title='bbox 762 4821 817 4863; x_wconf 94' lang='lat' dir='ltr'><strong>et</strong></span> <span class='ocrx_word' id='word_1_737' title='bbox 848 4810 1114 4879; x_wconf 85' lang='lat' dir='ltr'><strong>Origenes</strong></span> <span class='ocrx_word' id='word_1_738' title='bbox 1155 4810 1373 4864; x_wconf 65' lang='lat' dir='ltr'><strong>Judaaos</strong></span> <span class='ocrx_word' id='word_1_739' title='bbox 1426 4826 1523 4879; x_wconf 80' lang='lat' dir='ltr'><strong>per</strong></span> <span class='ocrx_word' id='word_1_740' title='bbox 1570 4825 1765 4863; x_wconf 90' lang='lat' dir='ltr'><strong>nomen</strong></span> <span class='ocrx_word' id='word_1_741' title='bbox 1820 4811 1911 4863; x_wconf 84' lang='lat' dir='ltr'><strong>Dei</strong></span> 
     </span>
    </p>
   </div>
   <div class='ocr_carea' id='block_1_98' title="bbox 333 4879 1915 4951">
    <p class='ocr_par' dir='ltr' id='par_1_98' title="bbox 333 4879 1915 4951">
     <span class='ocr_line' id='line_1_98' title="bbox 333 4879 1915 4951; baseline 0.002 -20"><span class='ocrx_word' id='word_1_742' title='bbox 333 4881 590 4945; x_wconf 64' lang='lat' dir='ltr'><strong>Abrahae,</strong></span> <span class='ocrx_word' id='word_1_743' title='bbox 629 4880 785 4936; x_wconf 80' lang='lat' dir='ltr'><strong>Isaac</strong></span> <span class='ocrx_word' id='word_1_744' title='bbox 811 4891 866 4935; x_wconf 92' lang='lat' dir='ltr'><strong>et</strong></span> <span class='ocrx_word' id='word_1_745' title='bbox 890 4880 1058 4935; x_wconf 82' lang='lat' dir='ltr'><strong>Jacob</strong></span> <span class='ocrx_word' id='word_1_746' title='bbox 1085 4883 1358 4951; x_wconf 85' lang='lat' dir='ltr'><strong>adjurare.</strong></span> <span class='ocrx_word' id='word_1_747' title='bbox 1388 4879 1483 4935; x_wconf 86' lang='lat' dir='ltr'><strong>His</strong></span> <span class='ocrx_word' id='word_1_748' title='bbox 1513 4896 1642 4949; x_wconf 84' lang='lat' dir='ltr'><strong>ergo</strong></span> <span class='ocrx_word' id='word_1_749' title='bbox 1669 4880 1915 4934; x_wconf 90' lang='lat' dir='ltr'><strong>ethnico-</strong></span> 
     </span>
    </p>
   </div>
   <div class='ocr_carea' id='block_1_99' title="bbox 335 4951 1914 5007">
    <p class='ocr_par' dir='ltr' id='par_1_99' title="bbox 335 4951 1914 5007">
     <span class='ocr_line' id='line_1_99' title="bbox 335 4951 1914 5007; baseline 0.001 -4"><span class='ocrx_word' id='word_1_750' title='bbox 335 4967 447 5003; x_wconf 88' lang='lat' dir='ltr'><strong>rum</strong></span> <span class='ocrx_word' id='word_1_751' title='bbox 487 4951 837 5005; x_wconf 84' lang='lat' dir='ltr'><strong>carminibus</strong></span> <span class='ocrx_word' id='word_1_752' title='bbox 870 4966 978 5005; x_wconf 89' lang='lat' dir='ltr'><strong>non</strong></span> <span class='ocrx_word' id='word_1_753' title='bbox 1010 4954 1321 5007; x_wconf 90' lang='lat' dir='ltr'><strong>utebantur.</strong></span> <span class='ocrx_word' id='word_1_754' title='bbox 1346 4951 1401 5005; x_wconf 78' lang='lat'><strong>5°</strong></span> <span class='ocrx_word' id='word_1_755' title='bbox 1427 4952 1631 5005; x_wconf 68' lang='lat' dir='ltr'><strong>Prmter</strong></span> <span class='ocrx_word' id='word_1_756' title='bbox 1671 4953 1914 5005; x_wconf 88' lang='lat' dir='ltr'><strong>carmina</strong></span> 
     </span>
    </p>
   </div>
   <div class='ocr_carea' id='block_1_100' title="bbox 336 5021 1919 5091">
    <p class='ocr_par' dir='ltr' id='par_1_100' title="bbox 336 5021 1919 5091">
     <span class='ocr_line' id='line_1_100' title="bbox 336 5021 1919 5091; baseline 0.001 -18"><span class='ocrx_word' id='word_1_757' title='bbox 336 5022 749 5075; x_wconf 85' lang='lat' dir='ltr'><strong>adhibebantur</strong></span> <span class='ocrx_word' id='word_1_758' title='bbox 770 5024 1017 5091; x_wconf 61' lang='lat' dir='ltr'><strong>quaedam</strong></span> <span class='ocrx_word' id='word_1_759' title='bbox 1048 5023 1310 5077; x_wconf 81' lang='lat' dir='ltr'><strong>veneﬁcia</strong></span> <span class='ocrx_word' id='word_1_760' title='bbox 1343 5024 1407 5075; x_wconf 91' lang='lat' dir='ltr'><strong>ad</strong></span> <span class='ocrx_word' id='word_1_761' title='bbox 1432 5021 1781 5090; x_wconf 85' lang='lat' dir='ltr'><strong>expellendos</strong></span> <span class='ocrx_word' id='word_1_762' title='bbox 1809 5022 1919 5076; x_wconf 77' lang='lat' dir='ltr'><strong>da:-</strong></span> 
     </span>
    </p>
   </div>
   <div class='ocr_carea' id='block_1_101' title="bbox 334 5092 1916 5161">
    <p class='ocr_par' dir='ltr' id='par_1_101' title="bbox 334 5092 1916 5161">
     <span class='ocr_line' id='line_1_101' title="bbox 334 5092 1916 5161; baseline 0.001 -18"><span class='ocrx_word' id='word_1_763' title='bbox 334 5108 547 5155; x_wconf 82' lang='lat' dir='ltr'><strong>moues,</strong></span> <span class='ocrx_word' id='word_1_764' title='bbox 588 5102 649 5144; x_wconf 89' lang='lat' dir='ltr'><strong>ut</strong></span> <span class='ocrx_word' id='word_1_765' title='bbox 682 5093 949 5147; x_wconf 86' lang='lat' dir='ltr'><strong>discimus</strong></span> <span class='ocrx_word' id='word_1_766' title='bbox 980 5108 1045 5146; x_wconf 80' lang='lat' dir='ltr'><strong>ex</strong></span> <span class='ocrx_word' id='word_1_767' title='bbox 1080 5092 1315 5156; x_wconf 79' lang='lat' dir='ltr'><strong>Justino,</strong></span> <span class='ocrx_word' id='word_1_768' title='bbox 1346 5093 1437 5161; x_wconf 91' lang='lat' dir='ltr'><strong>qui</strong></span> <span class='ocrx_word' id='word_1_769' title='bbox 1489 5094 1540 5145; x_wconf 90' lang='lat' dir='ltr'><strong>in</strong></span> <span class='ocrx_word' id='word_1_770' title='bbox 1575 5092 1729 5161; x_wconf 87' lang='lat' dir='ltr'><strong>Apol.</strong></span> <span class='ocrx_word' id='word_1_771' title='bbox 1770 5109 1831 5156; x_wconf 92' lang='lat' dir='ltr'><strong>tt,</strong></span> <span class='ocrx_word' id='word_1_772' title='bbox 1862 5108 1916 5144; x_wconf 93' lang='lat' dir='ltr'><strong>n.</strong></span> 
     </span>
    </p>
   </div>
   <div class='ocr_carea' id='block_1_102' title="bbox 333 5160 1921 5231">
    <p class='ocr_par' dir='ltr' id='par_1_102' title="bbox 333 5160 1921 5231">
     <span class='ocr_line' id='line_1_102' title="bbox 333 5160 1921 5231; baseline 0 -16"><span class='ocrx_word' id='word_1_773' title='bbox 333 5160 402 5225; x_wconf 80' lang='grc'>6,</span> <span class='ocrx_word' id='word_1_774' title='bbox 462 5174 707 5216; x_wconf 82' lang='lat' dir='ltr'><strong>testatur</strong></span> <span class='ocrx_word' id='word_1_775' title='bbox 768 5166 1135 5218; x_wconf 75' lang='lat' dir='ltr'><strong>daemoniacos</strong></span> <span class='ocrx_word' id='word_1_776' title='bbox 1191 5164 1256 5217; x_wconf 90' lang='lat' dir='ltr'><strong>ab</strong></span> <span class='ocrx_word' id='word_1_777' title='bbox 1294 5160 1414 5217; x_wconf 84' lang='lat' dir='ltr'><strong>aliis</strong></span> <span class='ocrx_word' id='word_1_778' title='bbox 1474 5164 1921 5231; x_wconf 84' lang='lat' dir='ltr'><strong>adjuratoribus,</strong></span> 
     </span>
    </p>
   </div>
   <div class='ocr_carea' id='block_1_103' title="bbox 336 5231 1923 5295">
    <p class='ocr_par' dir='ltr' id='par_1_103' title="bbox 336 5231 1923 5295">
     <span class='ocr_line' id='line_1_103' title="bbox 336 5231 1923 5295; baseline 0 -11"><span class='ocrx_word' id='word_1_779' title='bbox 336 5234 786 5291; x_wconf 84' lang='lat' dir='ltr'><strong>incantatorihus</strong></span> <span class='ocrx_word' id='word_1_780' title='bbox 833 5246 888 5287; x_wconf 81' lang='lat' dir='ltr'><strong>et</strong></span> <span class='ocrx_word' id='word_1_781' title='bbox 919 5234 1176 5289; x_wconf 77' lang='lat' dir='ltr'><strong>veneficis</strong></span> <span class='ocrx_word' id='word_1_782' title='bbox 1225 5250 1331 5287; x_wconf 89' lang='lat' dir='ltr'><strong>non</strong></span> <span class='ocrx_word' id='word_1_783' title='bbox 1385 5244 1604 5287; x_wconf 82' lang='lat' dir='ltr'><strong>sanatos</strong></span> <span class='ocrx_word' id='word_1_784' title='bbox 1628 5274 1643 5295; x_wconf 88' lang='lat'><strong>,</strong></span> <span class='ocrx_word' id='word_1_785' title='bbox 1680 5234 1785 5286; x_wconf 83' lang='grc' dir='ltr'><strong>ὑπὸ</strong></span> <span class='ocrx_word' id='word_1_786' title='bbox 1815 5231 1923 5285; x_wconf 86' lang='grc' dir='ltr'><strong>τῶν</strong></span> 
     </span>
    </p>
   </div>
   <div class='ocr_carea' id='block_1_104' title="bbox 337 5304 1925 5376">
    <p class='ocr_par' dir='ltr' id='par_1_104' title="bbox 337 5304 1925 5376">
     <span class='ocr_line' id='line_1_104' title="bbox 337 5304 1925 5376; baseline -0.002 -18"><span class='ocrx_word' id='word_1_787' title='bbox 337 5304 512 5361; x_wconf 73' lang='grc' dir='ltr'>ἀλλων</span> <span class='ocrx_word' id='word_1_788' title='bbox 546 5305 770 5376; x_wconf 73' lang='grc' dir='ltr'>πάντων</span> <span class='ocrx_word' id='word_1_789' title='bbox 811 5304 1153 5376; x_wconf 77' lang='grc' dir='ltr'>ὲπορκιστῶν</span> <span class='ocrx_word' id='word_1_790' title='bbox 1187 5305 1281 5357; x_wconf 77' lang='grc' dir='ltr'><strong>καὶ</strong></span> <span class='ocrx_word' id='word_1_791' title='bbox 1310 5304 1561 5376; x_wconf 79' lang='grc' dir='ltr'>ἐπᾳστῶν</span> <span class='ocrx_word' id='word_1_792' title='bbox 1589 5304 1683 5356; x_wconf 70' lang='grc' dir='ltr'><strong>καὶ</strong></span> <span class='ocrx_word' id='word_1_793' title='bbox 1706 5320 1925 5376; x_wconf 83' lang='grc' dir='ltr'>φαρμα-</span> 
     </span>
    </p>
   </div>
   <div class='ocr_carea' id='block_1_105' title="bbox 338 5375 1926 5446">
    <p class='ocr_par' dir='ltr' id='par_1_105' title="bbox 338 5375 1926 5446">
     <span class='ocr_line' id='line_1_105' title="bbox 338 5375 1926 5446; baseline 0.001 -18"><span class='ocrx_word' id='word_1_794' title='bbox 338 5376 545 5433; x_wconf 77' lang='grc' dir='ltr'>κευτῶν</span> <span class='ocrx_word' id='word_1_795' title='bbox 580 5375 655 5446; x_wconf 61' lang='grc' dir='ltr'>μὴ</span> <span class='ocrx_word' id='word_1_796' title='bbox 691 5375 962 5439; x_wconf 74' lang='grc' dir='ltr'>Ξαθέντας,</span> <span class='ocrx_word' id='word_1_797' title='bbox 996 5376 1245 5444; x_wconf 88' lang='lat' dir='ltr'><strong>quotidie</strong></span> <span class='ocrx_word' id='word_1_798' title='bbox 1277 5392 1307 5429; x_wconf 91' lang='lat' dir='ltr'><strong>a</strong></span> <span class='ocrx_word' id='word_1_799' title='bbox 1336 5375 1666 5429; x_wconf 88' lang='lat' dir='ltr'><strong>Christianis</strong></span> <span class='ocrx_word' id='word_1_800' title='bbox 1712 5375 1926 5430; x_wconf 82' lang='lat' dir='ltr'><strong>sanari.</strong></span> 
     </span>
    </p>
   </div>
   <div class='ocr_carea' id='block_1_106' title="bbox 340 5446 1927 5509">
    <p class='ocr_par' dir='ltr' id='par_1_106' title="bbox 340 5446 1927 5509">
     <span class='ocr_line' id='line_1_106' title="bbox 340 5446 1927 5509; baseline -0.003 -6"><span class='ocrx_word' id='word_1_801' title='bbox 340 5449 429 5503; x_wconf 80' lang='lat' dir='ltr'><strong>Sic</strong></span> <span class='ocrx_word' id='word_1_802' title='bbox 452 5449 625 5500; x_wconf 83' lang='lat' dir='ltr'><strong>etiam</strong></span> <span class='ocrx_word' id='word_1_803' title='bbox 661 5450 712 5500; x_wconf 84' lang='lat' dir='ltr'><strong>in</strong></span> <span class='ocrx_word' id='word_1_804' title='bbox 740 5449 893 5501; x_wconf 80' lang='lat' dir='ltr'><strong>Actis</strong></span> <span class='ocrx_word' id='word_1_805' title='bbox 917 5450 976 5501; x_wconf 73' lang='grc' dir='ltr'>ὃ.</span> <span class='ocrx_word' id='word_1_806' title='bbox 1014 5446 1184 5499; x_wconf 83' lang='lat' dir='ltr'><strong>Piouii</strong></span> <span class='ocrx_word' id='word_1_807' title='bbox 1212 5464 1225 5499; x_wconf 90' lang='lat'><strong>:</strong></span> <span class='ocrx_word' id='word_1_808' title='bbox 1266 5464 1285 5497; x_wconf 74' lang='grc' dir='ltr'><strong>ι</strong></span> <span class='ocrx_word' id='word_1_809' title='bbox 1347 5446 1502 5500; x_wconf 80' lang='lat' dir='ltr'><strong>Sicut</strong></span> <span class='ocrx_word' id='word_1_810' title='bbox 1534 5448 1587 5499; x_wconf 89' lang='lat' dir='ltr'><strong>itt</strong></span> <span class='ocrx_word' id='word_1_811' title='bbox 1628 5448 1882 5499; x_wconf 88' lang='lat' dir='ltr'><strong>omnibus</strong></span> <span class='ocrx_word' id='word_1_812' title='bbox 1910 5484 1927 5509; x_wconf 88' lang='lat'><strong>,</strong></span> 
     </span>
    </p>
   </div>
   <div class='ocr_carea' id='block_1_107' title="bbox 340 5516 1925 5587">
    <p class='ocr_par' dir='ltr' id='par_1_107' title="bbox 340 5516 1925 5587">
     <span class='ocr_line' id='line_1_107' title="bbox 340 5516 1925 5587; baseline 0.001 -21"><span class='ocrx_word' id='word_1_813' title='bbox 340 5524 514 5585; x_wconf 67' lang='lat' dir='ltr'><strong>inquit</strong></span> <span class='ocrx_word' id='word_1_814' title='bbox 529 5518 591 5571; x_wconf 75' lang='grc'>5.</span> <span class='ocrx_word' id='word_1_815' title='bbox 612 5530 840 5587; x_wconf 85' lang='lat' dir='ltr'><strong>martyr,</strong></span> <span class='ocrx_word' id='word_1_816' title='bbox 874 5519 967 5587; x_wconf 87' lang='lat' dir='ltr'><strong>qui</strong></span> <span class='ocrx_word' id='word_1_817' title='bbox 1001 5517 1170 5571; x_wconf 89' lang='lat' dir='ltr'><strong>Deum</strong></span> <span class='ocrx_word' id='word_1_818' title='bbox 1207 5532 1342 5586; x_wconf 90' lang='lat' dir='ltr'><strong>pura</strong></span> <span class='ocrx_word' id='word_1_819' title='bbox 1380 5527 1559 5569; x_wconf 84' lang='lat' dir='ltr'><strong>mente</strong></span> <span class='ocrx_word' id='word_1_820' title='bbox 1593 5516 1925 5585; x_wconf 85' lang='lat' dir='ltr'><strong>suspiciunt,</strong></span> 
     </span>
    </p>
   </div>
   <div class='ocr_carea' id='block_1_108' title="bbox 340 5586 1926 5655">
    <p class='ocr_par' dir='ltr' id='par_1_108' title="bbox 340 5586 1926 5655">
     <span class='ocr_line' id='line_1_108' title="bbox 340 5586 1926 5655; baseline -0.002 -13"><span class='ocrx_word' id='word_1_821' title='bbox 340 5591 514 5655; x_wconf 78' lang='lat' dir='ltr'><strong>angeli</strong></span> <span class='ocrx_word' id='word_1_822' title='bbox 550 5586 1083 5651; x_wconf 30' lang='lat' dir='ltr'><strong>adesse’l‘estinant;</strong></span> <span class='ocrx_word' id='word_1_823' title='bbox 1120 5587 1195 5641; x_wconf 89' lang='lat' dir='ltr'><strong>ita</strong></span> <span class='ocrx_word' id='word_1_824' title='bbox 1226 5587 1509 5651; x_wconf 83' lang='lat' dir='ltr'><strong>veneﬁcis,</strong></span> <span class='ocrx_word' id='word_1_825' title='bbox 1545 5586 1631 5641; x_wconf 92' lang='lat' dir='ltr'><strong>vel</strong></span> <span class='ocrx_word' id='word_1_826' title='bbox 1675 5589 1926 5640; x_wconf 84' lang='lat' dir='ltr'><strong>incanta-</strong></span> 
     </span>
    </p>
   </div>
   <div class='ocr_carea' id='block_1_109' title="bbox 343 5658 1934 5727">
    <p class='ocr_par' dir='ltr' id='par_1_109' title="bbox 343 5658 1934 5727">
     <span class='ocr_line' id='line_1_109' title="bbox 343 5658 1934 5727; baseline -0.003 -14"><span class='ocrx_word' id='word_1_827' title='bbox 343 5661 570 5722; x_wconf 83' lang='lat' dir='ltr'><strong>tortbus,</strong></span> <span class='ocrx_word' id='word_1_828' title='bbox 599 5661 682 5711; x_wconf 69' lang='grc' dir='ltr'><strong>γει</strong></span> <span class='ocrx_word' id='word_1_829' title='bbox 727 5658 972 5713; x_wconf 81' lang='lat' dir='ltr'><strong>furorem</strong></span> <span class='ocrx_word' id='word_1_830' title='bbox 1018 5658 1120 5711; x_wconf 94' lang='lat' dir='ltr'><strong>sub</strong></span> <span class='ocrx_word' id='word_1_831' title='bbox 1165 5658 1569 5712; x_wconf 89' lang='lat' dir='ltr'><strong>vaticinationis</strong></span> <span class='ocrx_word' id='word_1_832' title='bbox 1604 5658 1786 5727; x_wconf 88' lang='lat' dir='ltr'><strong>specie</strong></span> <span class='ocrx_word' id='word_1_833' title='bbox 1834 5671 1934 5727; x_wconf 87' lang='lat' dir='ltr'><strong>per</strong></span> 
     </span>
    </p>
   </div>
   <div class='ocr_carea' id='block_1_110' title="bbox 341 5729 1928 5800">
    <p class='ocr_par' dir='ltr' id='par_1_110' title="bbox 341 5729 1928 5800">
     <span class='ocr_line' id='line_1_110' title="bbox 341 5729 1928 5800; baseline -0.002 -19"><span class='ocrx_word' id='word_1_834' title='bbox 341 5734 494 5800; x_wconf 68' lang='lat' dir='ltr'><strong>devia</strong></span> <span class='ocrx_word' id='word_1_835' title='bbox 546 5747 670 5782; x_wconf 84' lang='lat' dir='ltr'><strong>rura</strong></span> <span class='ocrx_word' id='word_1_836' title='bbox 725 5730 1097 5785; x_wconf 88' lang='lat' dir='ltr'><strong>vendentibus</strong></span> <span class='ocrx_word' id='word_1_837' title='bbox 1145 5729 1435 5800; x_wconf 58' lang='lat' dir='ltr'><strong>daemones</strong></span> <span class='ocrx_word' id='word_1_838' title='bbox 1472 5730 1871 5800; x_wconf 89' lang='lat' dir='ltr'><strong>obsequuntur.</strong></span> <span class='ocrx_word' id='word_1_839' title='bbox 1908 5745 1928 5778; x_wconf 71' lang='grc' dir='ltr'><strong>ι</strong></span> 
     </span>
    </p>
   </div>
   <div class='ocr_carea' id='block_1_111' title="bbox 341 5799 1934 5886">
    <p class='ocr_par' dir='ltr' id='par_1_111' title="bbox 341 5799 1934 5886">
     <span class='ocr_line' id='line_1_111' title="bbox 341 5799 1934 5886; baseline 0.002 -36"><span class='ocrx_word' id='word_1_840' title='bbox 341 5799 727 5886; x_wconf 51' lang='lat' dir='ltr'><strong>nauseam;</strong></span> <span class='ocrx_word' id='word_1_841' title='bbox 769 5801 1014 5872; x_wconf 85' lang='lat' dir='ltr'><strong>aliquam</strong></span> <span class='ocrx_word' id='word_1_842' title='bbox 1043 5814 1165 5857; x_wconf 84' lang='lat' dir='ltr'><strong>esse</strong></span> <span class='ocrx_word' id='word_1_843' title='bbox 1198 5800 1363 5857; x_wconf 84' lang='lat' dir='ltr'><strong>credo</strong></span> <span class='ocrx_word' id='word_1_844' title='bbox 1390 5799 1660 5870; x_wconf 75' lang='lat' dir='ltr'><strong>ejusmodi</strong></span> <span class='ocrx_word' id='word_1_845' title='bbox 1709 5815 1934 5872; x_wconf 81' lang='grc' dir='ltr'>φαρμα-</span> 
     </span>
    </p>
   </div>
   <div class='ocr_carea' id='block_1_112' title="bbox 342 5888 767 5944">
    <p class='ocr_par' dir='ltr' id='par_1_112' title="bbox 342 5888 767 5944">
     <span class='ocr_line' id='line_1_112' title="bbox 342 5888 767 5944; baseline 0.009 -20"><span class='ocrx_word' id='word_1_846' title='bbox 342 5888 493 5937; x_wconf 70' lang='grc' dir='ltr'>τειις</span> <span class='ocrx_word' id='word_1_847' title='bbox 515 5890 767 5944; x_wconf 76' lang='lat' dir='ltr'><strong>Spectem.</strong></span> 
     </span>
    </p>
   </div>
   <div class='ocr_carea' id='block_1_113' title="bbox 2015 4668 3597 4742">
    <p class='ocr_par' dir='ltr' id='par_1_113' title="bbox 2015 4668 3597 4742">
     <span class='ocr_line' id='line_1_113' title="bbox 2015 4668 3597 4742; baseline -0.001 -20"><span class='ocrx_word' id='word_1_848' title='bbox 2015 4680 2217 4742; x_wconf 72' lang='lat' dir='ltr'><strong>petitur</strong></span> <span class='ocrx_word' id='word_1_849' title='bbox 2255 4668 2491 4742; x_wconf 83' lang='lat' dir='ltr'><strong>librarii,</strong></span> <span class='ocrx_word' id='word_1_850' title='bbox 2528 4673 2673 4742; x_wconf 88' lang='lat' dir='ltr'><strong>quod</strong></span> <span class='ocrx_word' id='word_1_851' title='bbox 2726 4674 3019 4727; x_wconf 84' lang='lat' dir='ltr'><strong>omiserint</strong></span> <span class='ocrx_word' id='word_1_852' title='bbox 3063 4673 3192 4742; x_wconf 79' lang='lat' dir='ltr'><strong>haec</strong></span> <span class='ocrx_word' id='word_1_853' title='bbox 3234 4668 3441 4742; x_wconf 79' lang='lat' dir='ltr'><strong>verba;</strong></span> <span class='ocrx_word' id='word_1_854' title='bbox 3473 4673 3597 4742; x_wconf 89' lang='lat' dir='ltr'><strong>_scd</strong></span> 
     </span>
    </p>
   </div>
   <div class='ocr_carea' id='block_1_114' title="bbox 2016 4736 3599 4812">
    <p class='ocr_par' dir='ltr' id='par_1_114' title="bbox 2016 4736 3599 4812">
     <span class='ocr_line' id='line_1_114' title="bbox 2016 4736 3599 4812; baseline -0.001 -20"><span class='ocrx_word' id='word_1_855' title='bbox 2016 4736 2118 4812; x_wconf 81' lang='lat' dir='ltr'><strong>ipsi</strong></span> <span class='ocrx_word' id='word_1_856' title='bbox 2150 4736 2367 4792; x_wconf 81' lang='lat' dir='ltr'><strong>Justino</strong></span> <span class='ocrx_word' id='word_1_857' title='bbox 2399 4736 2501 4796; x_wconf 86' lang='lat' dir='ltr'><strong>hoc</strong></span> <span class='ocrx_word' id='word_1_858' title='bbox 2532 4736 2909 4806; x_wconf 80' lang='lat' dir='ltr'><strong>tribuendum,</strong></span> <span class='ocrx_word' id='word_1_859' title='bbox 2940 4742 3033 4812; x_wconf 92' lang='lat' dir='ltr'><strong>qui</strong></span> <span class='ocrx_word' id='word_1_860' title='bbox 3060 4741 3112 4794; x_wconf 93' lang='lat' dir='ltr'><strong>in</strong></span> <span class='ocrx_word' id='word_1_861' title='bbox 3143 4741 3434 4795; x_wconf 91' lang='lat' dir='ltr'><strong>scribendo</strong></span> <span class='ocrx_word' id='word_1_862' title='bbox 3462 4739 3599 4793; x_wconf 82' lang='lat' dir='ltr'><strong>Dia-</strong></span> 
     </span>
    </p>
   </div>
   <div class='ocr_carea' id='block_1_115' title="bbox 2017 4810 3598 4880">
    <p class='ocr_par' dir='ltr' id='par_1_115' title="bbox 2017 4810 3598 4880">
     <span class='ocr_line' id='line_1_115' title="bbox 2017 4810 3598 4880; baseline 0.001 -20"><span class='ocrx_word' id='word_1_863' title='bbox 2017 4810 2136 4879; x_wconf 82' lang='lat' dir='ltr'><strong>logo</strong></span> <span class='ocrx_word' id='word_1_864' title='bbox 2170 4812 2431 4863; x_wconf 89' lang='lat' dir='ltr'><strong>nonnulla</strong></span> <span class='ocrx_word' id='word_1_865' title='bbox 2470 4814 2741 4867; x_wconf 92' lang='lat' dir='ltr'><strong>interdum</strong></span> <span class='ocrx_word' id='word_1_866' title='bbox 2768 4810 2993 4874; x_wconf 79' lang='lat' dir='ltr'><strong>omittit,</strong></span> <span class='ocrx_word' id='word_1_867' title='bbox 3022 4826 3143 4880; x_wconf 69' lang='lat' dir='ltr'><strong>quae</strong></span> <span class='ocrx_word' id='word_1_868' title='bbox 3181 4822 3598 4880; x_wconf 67' lang='lat' dir='ltr'><strong>posteapppor-</strong></span> 
     </span>
    </p>
   </div>
   <div class='ocr_carea' id='block_1_116' title="bbox 2019 4878 3594 4949">
    <p class='ocr_par' dir='ltr' id='par_1_116' title="bbox 2019 4878 3594 4949">
     <span class='ocr_line' id='line_1_116' title="bbox 2019 4878 3594 4949; baseline -0.001 -17"><span class='ocrx_word' id='word_1_869' title='bbox 2019 4878 2153 4934; x_wconf 89' lang='lat' dir='ltr'><strong>tune</strong></span> <span class='ocrx_word' id='word_1_870' title='bbox 2186 4892 2505 4945; x_wconf 88' lang='lat' dir='ltr'><strong>occurrunt,</strong></span> <span class='ocrx_word' id='word_1_871' title='bbox 2536 4885 2650 4938; x_wconf 92' lang='lat' dir='ltr'><strong>sive</strong></span> <span class='ocrx_word' id='word_1_872' title='bbox 2683 4885 2733 4936; x_wconf 90' lang='lat' dir='ltr'><strong>id</strong></span> <span class='ocrx_word' id='word_1_873' title='bbox 2772 4892 2889 4936; x_wconf 88' lang='lat' dir='ltr'><strong>arte</strong></span> <span class='ocrx_word' id='word_1_874' title='bbox 2924 4893 2981 4937; x_wconf 91' lang='lat' dir='ltr'><strong>et</strong></span> <span class='ocrx_word' id='word_1_875' title='bbox 3006 4878 3127 4937; x_wconf 74' lang='lat' dir='ltr'><strong>data</strong></span> <span class='ocrx_word' id='word_1_876' title='bbox 3169 4878 3333 4949; x_wconf 88' lang='lat' dir='ltr'><strong>opera</strong></span> <span class='ocrx_word' id='word_1_877' title='bbox 3368 4878 3594 4942; x_wconf 78' lang='lat' dir='ltr'><strong>factum,</strong></span> 
     </span>
    </p>
   </div>
   <div class='ocr_carea' id='block_1_117' title="bbox 2019 4950 3596 5021">
    <p class='ocr_par' dir='ltr' id='par_1_117' title="bbox 2019 4950 3596 5021">
     <span class='ocr_line' id='line_1_117' title="bbox 2019 4950 3596 5021; baseline -0.002 -16"><span class='ocrx_word' id='word_1_878' title='bbox 2019 4953 2134 5005; x_wconf 87' lang='lat' dir='ltr'><strong>sive</strong></span> <span class='ocrx_word' id='word_1_879' title='bbox 2162 4953 2306 5019; x_wconf 88' lang='lat' dir='ltr'><strong>quod</strong></span> <span class='ocrx_word' id='word_1_880' title='bbox 2348 4954 2609 5007; x_wconf 85' lang='lat' dir='ltr'><strong>memoria</strong></span> <span class='ocrx_word' id='word_1_881' title='bbox 2644 4967 3033 5021; x_wconf 90' lang='lat' dir='ltr'><strong>nonnunquam</strong></span> <span class='ocrx_word' id='word_1_882' title='bbox 3072 4950 3281 5014; x_wconf 84' lang='lat' dir='ltr'><strong>ellluat,</strong></span> <span class='ocrx_word' id='word_1_883' title='bbox 3313 4966 3378 5003; x_wconf 89' lang='lat' dir='ltr'><strong>ac</strong></span> <span class='ocrx_word' id='word_1_884' title='bbox 3407 4959 3596 5018; x_wconf 83' lang='lat' dir='ltr'><strong>postea</strong></span> 
     </span>
    </p>
   </div>
   <div class='ocr_carea' id='block_1_118' title="bbox 2023 5024 3257 5086">
    <p class='ocr_par' dir='ltr' id='par_1_118' title="bbox 2023 5024 3257 5086">
     <span class='ocr_line' id='line_1_118' title="bbox 2023 5024 3257 5086; baseline -0.001 -11"><span class='ocrx_word' id='word_1_885' title='bbox 2023 5037 2110 5075; x_wconf 79' lang='lat' dir='ltr'><strong>res</strong></span> <span class='ocrx_word' id='word_1_886' title='bbox 2139 5024 2536 5086; x_wconf 62' lang='lat' dir='ltr'><strong>praetermissus</strong></span> <span class='ocrx_word' id='word_1_887' title='bbox 2572 5034 2811 5078; x_wconf 90' lang='lat' dir='ltr'><strong>revocet.</strong></span> <span class='ocrx_word' id='word_1_888' title='bbox 3254 5036 3257 5041; x_wconf 92' lang='lat'>&#39;</span> 
     </span>
    </p>
   </div>
   <div class='ocr_carea' id='block_1_119' title="bbox 2094 5087 3591 5165">
    <p class='ocr_par' dir='ltr' id='par_1_119' title="bbox 2094 5087 3591 5165">
     <span class='ocr_line' id='line_1_119' title="bbox 2094 5087 3591 5165; baseline -0.004 -18"><span class='ocrx_word' id='word_1_889' title='bbox 2094 5090 2206 5160; x_wconf 73' lang='grc'>(27)</span> <span class='ocrx_word' id='word_1_890' title='bbox 2248 5091 2752 5165; x_wconf 79' lang='grc' dir='ltr'>Ἐταυτολόγησα.</span> <span class='ocrx_word' id='word_1_891' title='bbox 2797 5091 3039 5163; x_wconf 91' lang='lat' dir='ltr'><strong>Uterque</strong></span> <span class='ocrx_word' id='word_1_892' title='bbox 3079 5094 3250 5147; x_wconf 82' lang='lat' dir='ltr'><strong>codex</strong></span> <span class='ocrx_word' id='word_1_893' title='bbox 3288 5106 3390 5145; x_wconf 90' lang='lat' dir='ltr'><strong>ms.</strong></span> <span class='ocrx_word' id='word_1_894' title='bbox 3427 5099 3482 5143; x_wconf 95' lang='lat' dir='ltr'><strong>et</strong></span> <span class='ocrx_word' id='word_1_895' title='bbox 3525 5087 3591 5143; x_wconf 73' lang='grc' dir='ltr'>Β.</span> 
     </span>
    </p>
   </div>
   <div class='ocr_carea' id='block_1_120' title="bbox 2025 5162 2789 5235">
    <p class='ocr_par' dir='ltr' id='par_1_120' title="bbox 2025 5162 2789 5235">
     <span class='ocr_line' id='line_1_120' title="bbox 2025 5162 2789 5235; baseline -0.001 -18"><span class='ocrx_word' id='word_1_896' title='bbox 2025 5162 2334 5235; x_wconf 79' lang='lat' dir='ltr'><strong>Stephanus</strong></span> <span class='ocrx_word' id='word_1_897' title='bbox 2357 5162 2789 5235; x_wconf 79' lang='grc' dir='ltr'>ὲπαυτολόγησα.</span> 
     </span>
    </p>
   </div>
   <div class='ocr_carea' id='block_1_121' title="bbox 2096 5231 3592 5301">
    <p class='ocr_par' dir='ltr' id='par_1_121' title="bbox 2096 5231 3592 5301">
     <span class='ocr_line' id='line_1_121' title="bbox 2096 5231 3592 5301; baseline 0 -17"><span class='ocrx_word' id='word_1_898' title='bbox 2096 5232 2209 5301; x_wconf 68' lang='lat'><strong>(28)</strong></span> <span class='ocrx_word' id='word_1_899' title='bbox 2241 5235 2443 5289; x_wconf 72' lang='grc' dir='ltr'>Ἄλλα.</span> <span class='ocrx_word' id='word_1_900' title='bbox 2478 5231 2646 5291; x_wconf 58' lang='grc' dir='ltr'>ιιωπά</span> <span class='ocrx_word' id='word_1_901' title='bbox 2666 5231 2853 5289; x_wconf 76' lang='lat' dir='ltr'><strong>vocem</strong></span> <span class='ocrx_word' id='word_1_902' title='bbox 2880 5272 2895 5298; x_wconf 97' lang='lat'><strong>,</strong></span> <span class='ocrx_word' id='word_1_903' title='bbox 2926 5250 3046 5301; x_wconf 64' lang='lat' dir='ltr'><strong>quae</strong></span> <span class='ocrx_word' id='word_1_904' title='bbox 3094 5234 3284 5288; x_wconf 89' lang='lat' dir='ltr'><strong>deerat</strong></span> <span class='ocrx_word' id='word_1_905' title='bbox 3316 5232 3370 5285; x_wconf 90' lang='lat' dir='ltr'><strong>in</strong></span> <span class='ocrx_word' id='word_1_906' title='bbox 3409 5231 3592 5293; x_wconf 86' lang='lat' dir='ltr'><strong>editis,</strong></span> 
     </span>
    </p>
   </div>
   <div class='ocr_carea' id='block_1_122' title="bbox 2028 5305 3001 5375">
    <p class='ocr_par' dir='ltr' id='par_1_122' title="bbox 2028 5305 3001 5375">
     <span class='ocr_line' id='line_1_122' title="bbox 2028 5305 3001 5375; baseline -0.001 -18"><span class='ocrx_word' id='word_1_907' title='bbox 2028 5305 2397 5375; x_wconf 82' lang='lat' dir='ltr'><strong>suppeditavit</strong></span> <span class='ocrx_word' id='word_1_908' title='bbox 2433 5316 2663 5375; x_wconf 85' lang='lat' dir='ltr'><strong>uterque</strong></span> <span class='ocrx_word' id='word_1_909' title='bbox 2697 5306 2868 5360; x_wconf 81' lang='lat' dir='ltr'><strong>codex</strong></span> <span class='ocrx_word' id='word_1_910' title='bbox 2898 5322 3001 5357; x_wconf 90' lang='lat' dir='ltr'><strong>ms.</strong></span> 
     </span>
    </p>
   </div>
   <div class='ocr_carea' id='block_1_123' title="bbox 2101 5374 3595 5444">
    <p class='ocr_par' dir='ltr' id='par_1_123' title="bbox 2101 5374 3595 5444">
     <span class='ocr_line' id='line_1_123' title="bbox 2101 5374 3595 5444; baseline -0.001 -18"><span class='ocrx_word' id='word_1_911' title='bbox 2101 5376 2215 5443; x_wconf 71' lang='lat'><strong>(29)</strong></span> <span class='ocrx_word' id='word_1_912' title='bbox 2254 5374 2545 5439; x_wconf 77' lang='grc' dir='ltr'>Ἐξετάζοι</span> <span class='ocrx_word' id='word_1_913' title='bbox 2578 5374 2662 5429; x_wconf 70' lang='grc' dir='ltr'>τό.</span> <span class='ocrx_word' id='word_1_914' title='bbox 2721 5376 3030 5444; x_wconf 86' lang='lat' dir='ltr'><strong>Legendum</strong></span> <span class='ocrx_word' id='word_1_915' title='bbox 3059 5374 3363 5440; x_wconf 77' lang='grc' dir='ltr'>ἐξετάζοιτο</span> <span class='ocrx_word' id='word_1_916' title='bbox 3392 5381 3445 5426; x_wconf 93' lang='lat' dir='ltr'><strong>et</strong></span> <span class='ocrx_word' id='word_1_917' title='bbox 3471 5386 3595 5425; x_wconf 77' lang='lat' dir='ltr'><strong>mox</strong></span> 
     </span>
    </p>
   </div>
   <div class='ocr_carea' id='block_1_124' title="bbox 2029 5444 3599 5501">
    <p class='ocr_par' dir='ltr' id='par_1_124' title="bbox 2029 5444 3599 5501">
     <span class='ocr_line' id='line_1_124' title="bbox 2029 5444 3599 5501; baseline 0.001 -6"><span class='ocrx_word' id='word_1_918' title='bbox 2029 5444 2089 5496; x_wconf 82' lang='grc' dir='ltr'><strong>ού</strong></span> <span class='ocrx_word' id='word_1_919' title='bbox 2124 5444 2445 5499; x_wconf 86' lang='grc' dir='ltr'>παύσεσθαι.</span> <span class='ocrx_word' id='word_1_920' title='bbox 2498 5448 2701 5501; x_wconf 80' lang='lat' dir='ltr'><strong>ibidem</strong></span> <span class='ocrx_word' id='word_1_921' title='bbox 2740 5447 2932 5500; x_wconf 82' lang='lat' dir='ltr'><strong>statuit</strong></span> <span class='ocrx_word' id='word_1_922' title='bbox 2975 5445 3057 5497; x_wconf 82' lang='lat' dir='ltr'><strong>Cl.</strong></span> <span class='ocrx_word' id='word_1_923' title='bbox 3094 5444 3371 5499; x_wconf 81' lang='lat' dir='ltr'><strong>Thirlbius</strong></span> <span class='ocrx_word' id='word_1_924' title='bbox 3426 5461 3443 5492; x_wconf 74' lang='grc' dir='ltr'>σ</span> <span class='ocrx_word' id='word_1_925' title='bbox 3480 5458 3599 5493; x_wconf 82' lang='lat' dir='ltr'><strong>0m-</strong></span> 
     </span>
    </p>
   </div>
   <div class='ocr_carea' id='block_1_125' title="bbox 2033 5513 3597 5587">
    <p class='ocr_par' dir='ltr' id='par_1_125' title="bbox 2033 5513 3597 5587">
     <span class='ocr_line' id='line_1_125' title="bbox 2033 5513 3597 5587; baseline -0.003 -20"><span class='ocrx_word' id='word_1_926' title='bbox 2033 5515 2164 5587; x_wconf 82' lang='lat' dir='ltr'><strong>nitto</strong></span> <span class='ocrx_word' id='word_1_927' title='bbox 2207 5516 2492 5587; x_wconf 87' lang='lat' dir='ltr'><strong>legendum</strong></span> <span class='ocrx_word' id='word_1_928' title='bbox 2521 5516 2773 5586; x_wconf 86' lang='grc' dir='ltr'>λέγεσθαι</span> <span class='ocrx_word' id='word_1_929' title='bbox 2802 5515 2893 5569; x_wconf 77' lang='grc' dir='ltr'>καὶ</span> <span class='ocrx_word' id='word_1_930' title='bbox 2926 5514 3216 5568; x_wconf 83' lang='grc' dir='ltr'>ποιεῖσθαι.</span> <span class='ocrx_word' id='word_1_931' title='bbox 3247 5534 3266 5567; x_wconf 77' lang='grc' dir='ltr'><strong>ι</strong></span> <span class='ocrx_word' id='word_1_932' title='bbox 3313 5513 3597 5587; x_wconf 66' lang='lat' dir='ltr'><strong>Sedhunc</strong></span> 
     </span>
    </p>
   </div>
   <div class='ocr_carea' id='block_1_126' title="bbox 2035 5582 3599 5653">
    <p class='ocr_par' dir='ltr' id='par_1_126' title="bbox 2035 5582 3599 5653">
     <span class='ocr_line' id='line_1_126' title="bbox 2035 5582 3599 5653; baseline -0.002 -15"><span class='ocrx_word' id='word_1_933' title='bbox 2035 5585 2213 5642; x_wconf 92' lang='lat' dir='ltr'><strong>locum</strong></span> <span class='ocrx_word' id='word_1_934' title='bbox 2260 5582 2440 5643; x_wconf 76' lang='lat' dir='ltr'><strong>minus</strong></span> <span class='ocrx_word' id='word_1_935' title='bbox 2488 5582 2775 5650; x_wconf 81' lang='lat' dir='ltr'><strong>intellexit,</strong></span> <span class='ocrx_word' id='word_1_936' title='bbox 2808 5602 3045 5653; x_wconf 80' lang='lat' dir='ltr'><strong>eumque</strong></span> <span class='ocrx_word' id='word_1_937' title='bbox 3084 5588 3218 5641; x_wconf 89' lang='lat' dir='ltr'><strong>satis</strong></span> <span class='ocrx_word' id='word_1_938' title='bbox 3268 5582 3467 5639; x_wconf 79' lang='lat' dir='ltr'><strong>refellit</strong></span> <span class='ocrx_word' id='word_1_939' title='bbox 3501 5598 3599 5649; x_wconf 88' lang='lat' dir='ltr'><strong>ap-</strong></span> 
     </span>
    </p>
   </div>
   <div class='ocr_carea' id='block_1_127' title="bbox 2035 5656 3377 5728">
    <p class='ocr_par' dir='ltr' id='par_1_127' title="bbox 2035 5656 3377 5728">
     <span class='ocr_line' id='line_1_127' title="bbox 2035 5656 3377 5728; baseline -0.001 -19"><span class='ocrx_word' id='word_1_940' title='bbox 2035 5659 2211 5726; x_wconf 84' lang='lat' dir='ltr'><strong>posita</strong></span> <span class='ocrx_word' id='word_1_941' title='bbox 2267 5668 2387 5725; x_wconf 90' lang='lat' dir='ltr'><strong>post</strong></span> <span class='ocrx_word' id='word_1_942' title='bbox 2416 5662 2638 5713; x_wconf 89' lang='lat' dir='ltr'><strong>verbum</strong></span> <span class='ocrx_word' id='word_1_943' title='bbox 2688 5656 3027 5728; x_wconf 85' lang='grc' dir='ltr'>ὁμολογεῖται</span> <span class='ocrx_word' id='word_1_944' title='bbox 3078 5658 3377 5728; x_wconf 65' lang='lat' dir='ltr'><strong>distinctio.</strong></span> 
     </span>
    </p>
   </div>
   <div class='ocr_carea' id='block_1_128' title="bbox 2109 5724 3598 5799">
    <p class='ocr_par' dir='ltr' id='par_1_128' title="bbox 2109 5724 3598 5799">
     <span class='ocr_line' id='line_1_128' title="bbox 2109 5724 3598 5799; baseline -0.003 -17"><span class='ocrx_word' id='word_1_945' title='bbox 2109 5728 2222 5798; x_wconf 77' lang='lat'><strong>(30)</strong></span> <span class='ocrx_word' id='word_1_946' title='bbox 2248 5724 2568 5799; x_wconf 61' lang='lat' dir='ltr'><strong>’Ea‘rjyars.</strong></span> <span class='ocrx_word' id='word_1_947' title='bbox 2600 5724 2904 5799; x_wconf 77' lang='lat' dir='ltr'><strong>Legéndutn</strong></span> <span class='ocrx_word' id='word_1_948' title='bbox 2933 5728 3200 5798; x_wconf 81' lang='grc' dir='ltr'>ὲσήμανα.</span> <span class='ocrx_word' id='word_1_949' title='bbox 3232 5724 3428 5799; x_wconf 72' lang='lat' dir='ltr'><strong>Liquet</strong></span> <span class='ocrx_word' id='word_1_950' title='bbox 3453 5724 3598 5799; x_wconf 75' lang='lat' dir='ltr'><strong>enim</strong></span> 
     </span>
    </p>
   </div>
   <div class='ocr_carea' id='block_1_129' title="bbox 2038 5796 3595 5869">
    <p class='ocr_par' dir='ltr' id='par_1_129' title="bbox 2038 5796 3595 5869">
     <span class='ocr_line' id='line_1_129' title="bbox 2038 5796 3595 5869; baseline -0.003 -17"><span class='ocrx_word' id='word_1_951' title='bbox 2038 5796 2313 5859; x_wconf 73' lang='lat' dir='ltr'><strong>Iustinum</strong></span> <span class='ocrx_word' id='word_1_952' title='bbox 2346 5796 2409 5855; x_wconf 77' lang='lat' dir='ltr'><strong>ea</strong></span> <span class='ocrx_word' id='word_1_953' title='bbox 2447 5796 2694 5869; x_wconf 82' lang='lat' dir='ltr'><strong>repetere</strong></span> <span class='ocrx_word' id='word_1_954' title='bbox 2714 5814 2833 5868; x_wconf 69' lang='lat' dir='ltr'><strong>qua:</strong></span> <span class='ocrx_word' id='word_1_955' title='bbox 2864 5796 3292 5869; x_wconf 36' lang='lat' dir='ltr'><strong>pridie&#39;dixcrat.</strong></span> <span class='ocrx_word' id='word_1_956' title='bbox 3326 5796 3400 5850; x_wconf 84' lang='lat' dir='ltr'><strong>Ita</strong></span> <span class='ocrx_word' id='word_1_957' title='bbox 3430 5798 3595 5850; x_wconf 82' lang='lat' dir='ltr'><strong>etiam</strong></span> 
     </span>
    </p>
   </div>
   <div class='ocr_carea' id='block_1_130' title="bbox 2042 5870 2725 5933">
    <p class='ocr_par' dir='ltr' id='par_1_130' title="bbox 2042 5870 2725 5933">
     <span class='ocr_line' id='line_1_130' title="bbox 2042 5870 2725 5933; baseline 0.012 -8"><span class='ocrx_word' id='word_1_958' title='bbox 2042 5870 2291 5926; x_wconf 86' lang='lat' dir='ltr'><strong>emendat</strong></span> <span class='ocrx_word' id='word_1_959' title='bbox 2323 5872 2403 5928; x_wconf 80' lang='lat' dir='ltr'><strong>Cl.</strong></span> <span class='ocrx_word' id='word_1_960' title='bbox 2430 5872 2725 5933; x_wconf 83' lang='lat' dir='ltr'><strong>Thirlbius.</strong></span> 
     </span>
    </p>
   </div>
  </div>
