3962 6262
447 356 571 412 1385

1419 345 1476 402 S.
1512 344 1774 403 IUSTINI
1815 345 2223 403 PHILOSOPHI
2258 345 2344 400 ET
2386 344 2745 402 MARTYRIS

3562 355 3672 411 θει-

455 475 613 543 ipsis,
650 485 771 541 qua:
803 469 1191 540 percontabor,
1225 465 1359 520 velle
1389 465 1718 536 perdiscere.
1747 466 1842 520 Dic
1870 468 2016 535 igilttt

2133 465 2304 533 Λόγου
2329 483 2340 494 ·
2383 485 2400 517 ι
2455 465 2821 530 Ἑξελεύσεται
2851 464 3042 535 ῥάϐδος
3070 466 3135 520 ἐκ
3161 467 3257 537 τῆς
3287 468 3426 542 ῥίζης
3463 470 3649 541 Ἰεσσαὶ,

453 567 587 622 inihi
620 583 633 619 :
670 578 793 616 cum
829 560 1112 629 Scriptura
1149 573 1244 627 per
1276 557 1469 611 Isaiam
1503 557 1649 611 dicat
1681 573 1692 608 :
1729 574 1747 606 ι
1780 555 2032 624 Egredie-

450 658 704 726 tnrvirga
736 657 802 709 de
825 654 1008 707 radice
1038 650 1211 713 Jesse,
1245 659 1300 703 et
1331 648 1429 703 ﬂos
1460 649 1717 702 ascendet
1748 649 1815 716 de
1848 650 2030 702 radice

449 749 628 812 Jesse,
662 756 717 801 et
747 747 1232 814 reqniescetsuper
1255 757 1374 795 enm
1406 740 1639 809 Spiritus
1666 739 2023 808 Dei,spiritus

451 841 732 907 sapientia:
746 847 798 892 et
817 835 1370 904 intellectus,splritns
1383 831 1592 886 consilii
1611 840 1663 884 et
1679 829 2026 893 fortitudinis,

449 933 675 1002 spiritus
722 931 967 986 scientia:
991 939 1045 984 et
1073 927 1310 998 pietatis,
1343 936 1395 979 et
1420 925 1645 994 replebit
1667 940 1786 978 enni
1807 925 2030 994 spiritus

452 1025 665 1078 timoris
708 1023 916 1076 Domini
945 1021 1066 1072 ":i
1100 1019 1242 1088 (lucc
1275 1026 1452 1070 autem
1498 1017 1658 1076 mihi,
1713 1015 1925 1080 aiebat,
1973 1016 2024 1070 iit

449 1118 728 1170 Christum
763 1115 904 1166 dicta
941 1127 1064 1167 esse
1095 1108 1410 1171 confessus,
1447 1121 1569 1160 eum
1623 1115 1802 1159 tamen
1857 1105 2024 1158 Deum

451 1204 843 1270 praeesstitisse
893 1201 1066 1260 dicis.
1127 1207 1182 1252 et
1223 1211 1441 1251 carnem
1485 1194 1686 1248 factum
1730 1195 2024 1249 secundum

370 1351 386 1360 ι
450 1295 789 1348 voluntatem
825 1293 1023 1355 Dci,ex
1052 1287 1558 1358 \‘irginebominem
1583 1287 1825 1356 genitum
1847 1284 2024 1355 esse;)

449 1388 724 1456 quomodo
760 1383 1146 1456 prmexstitisse
1176 1381 1535 1436 demonstrari
1567 1389 1765 1449 potest,
1799 1379 1888 1448 qui
1929 1394 2026 1449 per

449 1482 684 1536 virtutes
709 1478 950 1548 Spiritus
977 1474 1177 1540 sancti,
1213 1488 1347 1542 quas
1376 1486 1476 1541 per
1507 1469 1702 1526 Isaiam
1742 1482 2025 1526 enumerat

452 1571 757 1645 Scriptura,
793 1567 1095 1637 completur
1116 1607 1132 1630 ,
1165 1565 1391 1635 perinde
1418 1579 1482 1618 ac
1514 1563 1620 1618 illis
1657 1563 1916 1630 indigeat.

524 1663 660 1718 Tum
679 1676 812 1732 ego:
851 1659 1198 1721 Acutissinie,
1234 1657 1480 1725 inquam,
1521 1667 1570 1709 et
1599 1654 2020 1725 prudentissime

420 1754 618 1827 _'_'185
668 1752 1049 1820 interrogasti;
1099 1766 1227 1804 vere
1254 1750 1399 1804 enim
1432 1750 1647 1803 videtur
1673 1763 1793 1802 esse
1839 1748 2020 1802 ambi-

2136 559 2228 610 καὶ
2266 558 2422 621 ἄνθος
2449 558 2774 629 ἀναϐήσεται
2806 559 2872 611 ὲκ
2895 558 2995 629 τῆς
3028 559 3183 631 ῥίζης
3202 562 3406 628 Ἰεσσαὶ,
3433 566 3518 620 καὶ
3539 569 3651 622 ἀνα-

2133 650 2399 704 παύσεται
2437 651 2524 702 ἐπ’
2564 651 2725 704 αὐτὸν
2759 649 2986 721 Πνεῦμα
3029 651 3198 718 Θεοῦ,
3242 653 3444 726 πνεῦμα
3489 660 3655 727 σοφίας

2131 741 2223 792 καὶ
2262 741 2560 805 συνέσεως,
2601 741 2816 812 πνεῦμα
2860 741 3054 812 βουλῆς
3099 744 3194 796 καὶ
3239 743 3440 814 ἰσχύος,
3469 747 3659 818 πνεῦμα

2129 831 2381 900 γνώσεως
2411 832 2505 886 καὶ
2536 831 2817 897 εὐσεϐείας
2840 850 2853 864 ο
2882 834 2974 888 καὶ
3003 834 3271 905 ἐμπλήσει
3295 836 3444 890 αὐτὸν
3470 839 3660 909 πνεῦμα

2130 923 2293 992 φόϐου
2330 923 2466 977 Θεοῦ
2487 941 2502 954 υ
2543 943 2561 974 ι
2603 923 2717 996 (καὶ
2744 925 3080 998 ὁμολογήσας
3105 925 3216 997 (44)
3239 927 3403 981 ταῦτα
3431 929 3657 1000 πρὸςιμὲ,

2127 1014 2328 1085 ἔλεγεν,
2364 1017 2443 1080 είς
2470 1017 2705 1089 Χριστὸν
2736 1018 3018 1090 εἰρῆσθαι,
3050 1021 3144 1073 καὶ
3179 1019 3307 1074 Θεὸν
3335 1021 3485 1075 αὐτὸν
3511 1027 3656 1093 προῦ-

2128 1108 2406 1181 πάρχοντα
2447 1109 2660 1178 λέγεις,
2710 1112 2805 1164 καὶ
2862 1110 3003 1165 κατὰ
3052 1111 3151 1183 τὴν
3199 1111 3383 1182 βουλὴν
3426 1112 3510 1166 τοῦ
3543 1113 3660 1167 Θεοῦ

2130 1204 2596 1275 σαρκοποιηθέντα
2641 1203 2803 1256 αὑτὸν
2845 1203 3022 1272 λέγεις
3053 1203 3140 1256 διὰ
3167 1203 3266 1273 τῆς
3299 1204 3553 1276 Παρθένου
3581 1223 3659 1274 γε·

2126 1295 2417 1366 γεννῆσθαι
2470 1295 2754 1367 ἄνθρωπον
2769 1296 2810 1366 ⁹)
2874 1293 2994 1358 πῶς
3047 1295 3268 1348 δύναται
3316 1293 3664 1363 ἀποδειχθῆναι

2127 1391 2513 1461 προῦπάρχων,
2544 1390 2692 1451 ὅστις
2720 1387 2808 1441 διὰ
2833 1387 2940 1440 τῶν
2967 1386 3246 1458 δυνάμεων
3269 1385 3359 1438 τοῦ
3383 1384 3660 1454 Πνεύματος

2123 1483 2218 1536 τοῦ
2247 1484 2404 1551 ἁγίου
2423 1521 2438 1544 ,
2465 1481 2531 1544 ἃς
2552 1479 2886 1552 καταριθμεῖ
2913 1481 2944 1532 ὁ
2974 1479 3142 1548 Λόγος
3169 1477 3256 1532 διὰ
3286 1475 3514 1540 Ἡσαΐου,
3543 1475 3658 1545 πλη-

2129 1574 2343 1646 ροῦται,
2376 1573 2451 1637 ὡς
2483 1573 2669 1644 ἐνδεὴς
2693 1571 2899 1625 τούτων
2929 1570 3210 1642 ὑπάρχων.

2195 1665 2364 1735 Κάγὼ
2391 1664 2772 1736 ἀπεκρινάμην
2796 1681 2808 1693 ο
2842 1663 3252 1732 Νουνεχέστατα
3287 1661 3380 1731 μὲν
3417 1661 3502 1714 καὶ
3537 1674 3666 1712 συνε-

2122 1757 2334 1813 τώτατα
2361 1757 2648 1829 ἠρώτησας
2664 1773 2676 1786 ·
2701 1754 2917 1827 ἀληθῶς
2939 1755 3046 1825 γὰρ
3073 1753 3257 1825 ἀπόρη
3266 1770 3339 1824 μα
3357 1752 3494 1806 δοκεῖ
3516 1745 3661 1804 εἶναι’

439 1838 611 1916 ’θεειάὶ
632 1845 816 1910 locus;
849 1845 943 1898 sed
970 1854 1028 1896 ut
1053 1843 1242 1896 horum
1263 1856 1482 1910 quoque
1509 1841 1776 1894 rationem
1809 1839 2016 1907 perspi-

2120 1849 2232 1902 ἀλλ’
2253 1849 2339 1901 ἵνα
2360 1849 2476 1922 ἴδῃς
2498 1849 2591 1901 καὶ
2619 1847 2710 1900 τὸν
2733 1848 2862 1920 περὶ
2890 1845 3095 1900 τούτων
3120 1845 3301 1914 λόγον,
3330 1844 3484 1899 ἄκουε
3511 1838 3578 1896 ὢν
3596 1843 3666 1896 λέ-

413 1968 422 1976 -
453 1940 588 2002 cias,
621 1938 743 1991 audi
776 1951 897 2006 quae
921 1935 1168 1988 dicturus
1195 1948 1335 1988 sum.
1369 1932 1478 1986 Has
1501 1932 1743 2000 Spiritus
1769 1933 2018 1996 virtutes,

452 2046 576 2100 qua:
607 2045 770 2098 supra
794 2036 1130 2084 enumerata:
1163 2037 1315 2088 sunt,
1352 2041 1459 2080 non
1493 2025 1613 2079 ideo
1650 2022 1936 2093 Scriptura
1968 2022 2019 2075 in

403 2152 413 2165 ι-
451 2138 576 2178 cum
607 2123 859 2190 delapsas
901 2119 1054 2186 dicit,
1104 2117 1246 2187 quod
1282 2115 1391 2169 illis
1424 2114 1709 2184 indigeret,
1735 2112 1830 2166 sed
1875 2113 2020 2181 quod

410 2259 411 2262 η
454 2219 510 2278 in
543 2231 613 2270 eo
645 2214 979 2284 requietura:
1007 2219 1214 2274 essent,
1247 2209 1299 2264 id
1339 2218 1441 2271 est,
1484 2205 1645 2260 ﬁnem
1685 2207 1736 2259 iii
1765 2219 1832 2259 eo
1861 2204 2018 2259 habi-

407 2320 410 2322 '
451 2317 617 2372 ειη-δε,
642 2308 715 2360 ita
739 2305 942 2360 utnulli
968 2304 1224 2374 deinceps
1247 2303 1298 2356 in
1325 2310 1506 2354 vestro
1523 2313 1724 2370 genere
1745 2298 2020 2368 preplietac

453 2401 632 2456 veteri
667 2413 836 2451 more
864 2405 1184 2462 exstarent;
1231 2397 1374 2464 quod
1411 2393 1565 2446 vobis
1602 2391 1727 2445 licet
1759 2389 1841 2443 vel
1888 2389 2018 2458 ipsis

409 2491 626 2548 :oculis
655 2504 901 2544 cernere.
960 2487 1238 2540 P-osteum
1293 2485 1441 2539 enim
1495 2483 1676 2537 nullus
1728 2481 1870 2550 apud
1924 2495 2020 2534 vos

413 2614 421 2626 -
453 2582 671 2644 exstitit
700 2583 984 2650 propheta.
1025 2578 1230 2645 Atque,
1263 2585 1321 2629 ut
1353 2574 1507 2630 vobis
1545 2584 1729 2644 pateat
1782 2571 2014 2642 propheo

430 2689 558 2740 itas,
589 2689 712 2730 cum
747 2688 907 2727 unam
932 2670 1162 2739 quisque
1193 2678 1285 2722 aut
1310 2668 1539 2723 alteram
1561 2659 1827 2722 'virtutem
1861 2681 1890 2718 a
1911 2664 2020 2719 Deo

452 2769 819 2839 accepissent,
859 2780 927 2819 ea
952 2765 1152 2818 fecisse
1185 2775 1238 2817 et
1271 2763 1492 2826 dixisse,
1527 2777 1647 2830 quae
1678 2773 1775 2814 nos
1799 2773 2018 2828 quoque

450 2879 520 2918 ex
553 2862 851 2932 Scripturis
880 2856 1296 2920 didicimus,liis
1318 2855 1484 2908 etiam
1518 2867 1639 2922 qua:
1663 2870 1690 2906 a
1719 2867 1803 2905 ine
1829 2851 2019 2905 dicun-

455 2968 545 3011 tur
600 2955 841 3010 animum
892 2947 1530 3017 advertite-Sapientia
1568 2945 1714 2999 enim
1767 2945 2018 3013 spiritum

461 3050 722 3104 Salomon
760 3044 1015 3106 habebat,
1055 3041 1429 3111 intelligentiae
1458 3037 1758 3094 et-cmisilii
1803 3035 2016 3098 Daniel,

451 3135 793 3191 fortitudinis
810 3145 864 3189 et
888 3133 1108 3204 pietatis
1141 3131 1379 3202 Moyses,
1416 3127 1822 3194 timorisElias,
1842 3126 2018 3181 scien-

2123 1960 2222 2010 γω.
2258 1941 2471 2006 Ταύτας
2500 1941 2599 2004 τὰς
2630 1938 3120 2011 κατηριθμημένας
3139 1938 3235 1992 τοῦ
3265 1935 3561 2007 Πνεύματος
3584 1934 3665 1987 δυ-

2123 2033 2336 2102 νάμεις,
2366 2032 2465 2102 οὐχ
2494 2031 2570 2096 ὡς
2594 2030 2807 2094 ἐνδεοῦς
2840 2030 3005 2085 αὑτοῦ
3029 2029 3239 2083 τούτων
3267 2029 3435 2094 ὄντος,
3465 2025 3610 2097 φησὶν
3641 2024 3671 2077 ὁ

2121 2126 2291 2193 Λόγος
2322 2123 2714 2194 ἐπεληλυθέναι
2757 2124 2845 2178 ἐπ’
2879 2123 3076 2197 αὑτὸν,
3100 2121 3214 2176 ἀλλ’
3249 2121 3323 2186 ὼς
3362 2121 3444 2174 ἐπ’
3490 2121 3671 2173 ἐκεῖνον

2121 2219 2426 2273 ἀνάπαυσιν
2457 2218 2764 2289 μελλουσῶν
2793 2215 3082 2280 ποιεῖσθαι,
3119 2215 3400 2270 τουτέστιν
3421 2213 3502 2268 ἐπ’
3525 2210 3672 2267 αὑτοῦ

2122 2311 2296 2381 πέρας
2332 2309 2603 2365 ποιεῖσθαι
2641 2309 2752 2382 (43)
2774 2351 2788 2374 ,
2819 2310 2914 2364 τοῦ
2953 2309 3153 2380 μηκέτι
3183 2311 3249 2362 ἐν
3282 2307 3360 2378 τῷ
3383 2304 3670 2376 γένειύμῶν

2122 2403 2264 2456 κατὰ
2303 2405 2364 2457 τὸ
2411 2403 2636 2457 παλαιὸν
2681 2402 2802 2467 ἔθος
2844 2403 3133 2473 προφήτας
3167 2399 3518 2472 γενήσεσθαι⁸
3551 2399 3672 2468 ὅπερ

2121 2494 2214 2547 καὶ
2240 2494 2358 2564 ὄψει
2382 2495 2510 2566 ὑμῖν
2541 2495 2670 2548 ίδεῖν
2692 2498 2828 2549 ἐστι.
2860 2496 2992 2549 Μετ’
3011 2496 3224 2547 ἐκεῖνον
3247 2492 3355 2564 γὰρ
3376 2491 3539 2554 οὐδεὶς
3555 2489 3674 2551 ὅλως

2122 2588 2410 2659 προφήτης
2440 2590 2572 2658 παρ’
2603 2587 2730 2658 ὑμῖν
2763 2587 3076 2656 γεγένηται.
3100 2585 3212 2638 Καὶ
3243 2587 3326 2639 ὅτι
3350 2585 3396 2637 οἱ
3425 2582 3542 2654 παρ’
3561 2580 3672 2650 ὑμῖν

2121 2677 2418 2756 προφῆται,
2454 2677 2684 2739 ἕκαστος
2706 2677 2834 2747 μίαν
2858 2677 2978 2728 τινὰ
3007 2677 3040 2746 ἦ
3070 2677 3164 2729 καὶ
3187 2675 3452 2746 δευτέραν
3472 2672 3674 2738 δύναμιν

2121 2773 2271 2843 παρὰ
2301 2771 2393 2824 τοῦ
2427 2770 2562 2824 Θεοῦ
2589 2770 2978 2841 λαμϐάνοντες,
3003 2769 3176 2822 ταῦτα
3215 2768 3435 2821 ἐποίουν
3461 2764 3548 2817 καὶ
3570 2761 3676 2815 ἐλά-

2117 2863 2260 2926 λουν,
2295 2863 2330 2916 ἃ
2363 2863 2456 2917 καὶ
2492 2864 2650 2933 ἡμεῖς
2680 2863 2786 2914 ἀπὸ
2810 2860 2917 2914 τῶν
2939 2859 3173 2932 Γραφῶν
3197 2858 3498 2930 ἐμάθομεν,
3530 2869 3680 2907 κατα-

2118 2955 2346 3024 νοήσατε
2377 2954 2466 3006 καὶ
2494 2956 2561 3008 τὰ
2596 2953 2685 3006 ὑπ’
2723 2952 2854 3023 ἐμοῦ
2892 2951 3181 3022 λεγόμενα.
3223 2951 3425 3020 Σοφίας
3471 2948 3562 3018 μὲν
3583 2944 3679 3014 γὰρ

2119 3045 2332 3117 πνεῦμα
2362 3045 2612 3116 Σολομῶν
2643 3044 2788 3116 ἔσχε,
2823 3043 3090 3109 συνέσεως
3119 3043 3177 3096 δὲ
3213 3043 3314 3098 καὶ
3353 3040 3545 3112 βουλῆς
3583 3039 3671 3090 Aa-

2118 3139 2258 3210 νιὴλ,
2299 3138 2484 3210 ἰσχύος
2511 3138 2568 3190 δὲ
2613 3138 2704 3192 καὶ
2747 3138 3027 3203 εὐσεϐείας
3071 3136 3341 3206 Μωῦσῆς,
3377 3133 3471 3188 καὶ
3501 3130 3680 3191 ’Ἠλίας

452 3230 542 3282 tia:
577 3227 781 3294 Isaias;
811 3237 978 3294 atque
1003 3224 1096 3277 alii
1122 3222 1375 3276 similiter
1393 3231 1488 3274 ant
1509 3221 1752 3290 singulas
1783 3220 2010 3288 quisque

2120 3231 2300 3300 φόϐου.
2325 3231 2419 3284 καὶ
2435 3229 2687 3299 γνώσεως
2718 3231 2940 3295 Ἡσαΐας
2966 3247 2978 3260 ·
3012 3230 3106 3284 καὶ
3136 3231 3185 3283 οἱ
3219 3229 3369 3283 ἄλλοι
3390 3221 3455 3280 αὖ
3479 3222 3683 3296 ὁμοίως,

449 3321 709 3388 virtutes,
743 3326 839 3374 aut
866 3317 1112 3372 vicissim
1135 3331 1256 3370 cum
1283 3315 1388 3367 alia
1410 3313 1668 3384 quapiam
1698 3312 2019 3382 conjunctas

451 3413 728 3481 habuere;
762 3413 909 3469 velut
939 3413 1206 3470 Jereniias
1227 3420 1280 3466 et
1313 3410 1599 3465 duodecim
1641 3416 1696 3463 et
1733 3407 1925 3473 David,
1964 3417 2020 3459 et

448 3510 634 3560 caateri
663 3507 888 3561 omnino
905 3507 1213 3574 quicunque
1245 3503 1383 3572 apud
1407 3516 1501 3554 vos
1533 3500 1862 3554 exstiterunt
1889 3513 2016 3566 pro-

431 3599 648 3669 phetae.
674 3599 962 3665 Requievit
983 3596 1170 3666 igitur,
1201 3595 1252 3650 id
1284 3602 1387 3659 est,
1417 3595 1574 3649 desiit
1597 3593 1842 3662 Spiritus,
1865 3599 2017 3660 post-

420 3706 612 3760 --quam
660 3690 748 3743 ille
796 3689 1041 3752 advenit,
1085 3689 1241 3757 cujus
1280 3693 1542 3754 susceptae
1583 3685 1730 3738 inter
1760 3683 2013 3737 homines

446 3783 878 3851 dispensationis
923 3782 1263 3850 temporibus
1297 3780 1457 3833 linem
1491 3779 1632 3848 apud
1677 3792 1774 3833 vos
1812 3777 2015 3831 habere

410 3903 415 3910 -
443 3875 752 3943 oportebat,
773 3883 827 3928 et
857 3875 909 3928 in
943 3889 1008 3927 eo
1044 3871 1461 3942 requiescentia,
1496 3886 1706 3936 rursus,
1737 3880 1796 3924 ut
1819 3868 2015 3940 praedi-

445 3976 596 4020 ctum
629 3966 829 4032 fuerat,
852 3964 1053 4019 effundi
1078 3966 1218 4019 dona
1253 3965 1365 4030 illa,
1398 3963 1518 4032 qua
1545 3978 1609 4017 ex
1637 3964 1809 4033 gratia
1838 3964 2011 4016 virtu-

426 4055 787 4125 -tis'Spii-'itus
818 4057 902 4111 sui
937 4057 1168 4126 largitur
1195 4056 1302 4120 his,
1336 4058 1426 4123 qui
1475 4056 1529 4109 in
1558 4057 1731 4124 ipsum
1760 4057 2007 4114 credunt.

396 4177 398 4181 τ
445 4159 607 4218 prout
629 4163 900 4218 quemque
929 4149 1150 4215 dignum
1187 4148 1418 4216 judicat.
1449 4147 1602 4213 Quod
1637 4147 1856 4215 quidem
1887 4162 2008 4200 enin

406 4287 408 4289 .
442 4251 733 4312 postquam
769 4241 820 4294 in
857 4241 1056 4296 cmlnin
1088 4241 1427 4294 ascendisset
1469 4240 1542 4292 ita
1578 4237 1868 4299 facturum,
1897 4238 2008 4306 jam

443 4335 556 4388 dixi
585 4333 1008 4404 praenuntiatum
1045 4332 1237 4397 fuisse,
1276 4332 1582 4399 iterumque
1612 4332 1753 4384 dico.
1795 4332 2007 4382 Dictum

405 4437 527 4481 .-est
567 4425 766 4496 igitur:
801 4443 819 4476 ι
851 4424 1119 4478 Ascendit
1167 4425 1220 4476 in
1270 4423 1439 4476 altum
1473 4423 1786 4492 :captivazn
1854 4422 2009 4475 duxit

409 4520 839 4589 .captivitatem,
873 4517 1023 4570 dedit
1053 4518 1191 4571 dona
1223 4513 1761 4571 liliisb0tninum".i
1800 4513 1864 4566 Et
1889 4529 2008 4567 rur-

2119 3324 2151 3394 ἦ
2193 3323 2318 3393 μίαν
2351 3323 2601 3386 ἕκαστος,
2637 3323 2668 3392 ἢ
2721 3321 2946 3388 ἐναλλὰξ
2991 3321 3156 3394 ἀλλην
3204 3321 3333 3375 τινὰ
3389 3320 3504 3390 μετ’
3533 3315 3683 3385 ἄλλης

2117 3413 2398 3484 δυνάμεως
2433 3413 2620 3483 ἔσχον·
2659 3409 2770 3466 οἷον
2807 3415 2900 3466 καὶ
2926 3410 3224 3483 Ἱερεμίας,
3262 3413 3359 3466 καὶ
3393 3413 3442 3465 οἱ
3473 3409 3683 3471 δώδεκα,

2119 3507 2212 3559 καὶ
2235 3505 2422 3576 Δαϐὶδ,
2443 3508 2539 3560 καὶ
2567 3508 2615 3560 oi
2639 3505 2786 3561 ἄλλοι
2801 3505 2984 3570 ἁπλῶς
3007 3507 3119 3559 ὅσοι
3134 3506 3401 3574 γεγόνασι
3421 3503 3547 3575 παρ’
3569 3501 3685 3570 ὑμῖν

2119 3597 2414 3668 προφῆται.
2464 3597 2830 3652 Ἀνεπαύσατο
2885 3593 2979 3650 οὖν
3002 3637 3016 3661 ,
3076 3596 3361 3649 τουτέστιν
3390 3593 3684 3652 ἐπαύσατο,

2118 3687 2361 3752 ἐλθόντος
2395 3690 2605 3743 ἐκείνου
2645 3689 2758 3761 μεθ’
2794 3689 2852 3744 ὃν
2885 3690 2984 3760 τῆς
3016 3689 3334 3760 οἰκονομίας
3367 3687 3568 3756 ταύτης
3587 3685 3686 3746 τοῖς

2118 3782 2174 3833 ἐν
2210 3779 2516 3852 ἀνθρώποις
2550 3781 2713 3836 αὐτοῦ
2751 3781 3064 3851 γενομένοις
3101 3781 3214 3851 (46)
3248 3782 3463 3853 χρόνοις
3492 3776 3690 3832 παύσει·

2118 3874 2240 3928 σθαι
2291 3873 2396 3927 ἔδει
2441 3874 2578 3927 αὐτὰ
2628 3875 2722 3942 ἀφ’
2747 3873 2920 3944 ὑμῶν,
2956 3875 3050 3926 καὶ
3085 3875 3142 3925 ἐν
3175 3873 3358 3944 τούτῳ
3397 3873 3690 3926 ἀνάπαυσιν

2114 3965 2364 4028 λαϐόντα,
2403 3966 2582 4030 πάλιν,
2617 3965 2692 4030 ὡς
2745 3966 3212 4036 έπεπροφήτευτο,
3251 3961 3580 4035 γενήσεσθαι
3613 3959 3693 4012 δό-

2117 4074 2280 4127 ματα,
2318 4057 2352 4109 ἂ
2386 4055 2494 4108 ἀπὸ
2526 4057 2626 4127 τῆς
2667 4056 2887 4126 χάριτος
2932 4056 3028 4126 τῆς
3071 4055 3363 4127 δυνάμεως
3398 4052 3492 4107 τοῦ
3534 4048 3691 4103 Πνεύ-

2116 4149 2511 4219 ματοςέκείνου
2545 4151 2656 4212 τοῖς
2691 4151 2777 4201 ἐπ’
2813 4148 2973 4201 αὐτὸν
3008 4148 3335 4201 πιστεύουσι
3375 4141 3690 4208 δίδωσιν,ὼς

2111 4240 2258 4306 ἄξιον
2288 4242 2514 4294 ἕκαστον
2563 4241 2867 4294 ἐπίσταται.
2897 4241 3016 4293 Ὅτι
3066 4241 3530 4311 ἐπεπροφήτευτο
3588 4235 3693 4306 (47)

2110 4331 2264 4384 τοῦτο
2287 4331 2499 4401 μέλλειν
2524 4329 2769 4399 γίνεσθαι
2804 4329 2896 4382 ὑπ’
2923 4329 3085 4383 αὐτοῦ
3120 4330 3262 4400 μετὰ
3296 4330 3399 4400 τὴν
3433 4329 3514 4392 είς
3546 4327 3695 4398 obpa-

2109 4421 2198 4473 νὺν
2229 4421 2503 4473 ἁνέλευσιν
2537 4418 2718 4483 αὐτοῦ,
2741 4415 2889 4473 εἷπον
2918 4419 3014 4489 μὲν
3036 4419 3156 4489 ήδη,
3186 4421 3287 4473 καὶ
3323 4419 3491 4475 πάλιν
3536 4417 3692 4484 λέγω.

2110 4510 2275 4565 Εἶπεν
2309 4510 2430 4566 οὖν’
2469 4533 2487 4563 ι
2521 4512 2708 4585 Ἀνέϐη
2732 4517 2812 4577 εὶς
2847 4513 3001 4582 ὕψος,
3026 4512 3465 4583 ᾐχμαλώτευσεν
3501 4511 3695 4580 αίχμα-

440 4628 535 4667 sus
582 4611 635 4665 in
676 4611 782 4664 alio
826 4609 1082 4663 vaticinio
1115 4628 1127 4662 :
1163 4627 1180 4660 σ
1213 4609 1280 4663 Et
1321 4608 1426 4661 erit
1469 4616 1676 4676 postea,
1731 4603 2005 4658 effundam

2120 4607 2342 4659 λωσίαν·
2382 4605 2546 4659 ἔδωκε
2579 4605 2787 4676 δόματα
2830 4608 2941 4670 τοῖς
2989 4607 3120 4669 υἱοῖς
3173 4604 3288 4658 τῶν
3323 4603 3650 4676 ἀνθρώπων.
3675 4617 3692 4649 ι

419 4706 688 4777 spiritum
712 4717 889 4758 meum
922 4717 1090 4772 super
1114 4715 1582 4756 onmem-carnem
1609 4706 1666 4752 et
1697 4714 1858 4769 super
1895 4713 2010 4753 ser-

507 4907 553 4938 ³⁶
589 4905 694 4962 lsa.
734 4921 809 4968 XI,
847 4905 961 4959 1-5.
1037 4903 1080 4934 ³⁷
1116 4901 1256 4956 Psal.
1289 4916 1460 4963 um,
1501 4898 1577 4959 19.

487 5109 633 5184 ,(44)
655 5106 1086 5184 ’ομοβοτῄσαφ
1109 5106 1332 5184 Frustra
1361 5103 1686 5182 Syllrurgins
1713 5102 1996 5184 icgcndnm

424 5174 742 5250 νιὶίειιέπεῖ
775 5174 1149 5250 ὡμολόγησας.
1192 5175 1336 5250 Nihil
1368 5189 1594 5241 prorsus
1629 5175 1697 5250 in
1740 5174 1840 5250 hoc
1881 5179 1999 5223 loco

417 5242 722 5314 .viderunt,
761 5242 849 5318 qui
879 5242 1171 5318 JuStinum.
1211 5247 1430 5318 minime
1470 5259 1597 5297 vero
1629 5242 1994 5312 Tryphonem,

2117 4700 2227 4752 Καὶ
2255 4697 2413 4752 πάλιν
2447 4701 2504 4752 ἐν
2540 4697 2703 4769 ἑτέρᾳ
2737 4697 3043 4769 προφητείᾳ
3071 4698 3324 4769 εἴρηται·
3358 4715 3376 4748 ι
3408 4697 3522 4750 Καὶ
3551 4693 3698 4746 ἔσται

2110 5104 2423 5184 venientem
2454 5102 2862 5184 (lesignaverat,
2915 5102 3269 5184 postmodum
3301 5118 3376 5158 an
3413 5105 3532 5176 ipse
3559 5114 3704 5160 esset

2111 5175 2324 5227 miserit
2349 5173 2718 5239 sciscitatum;
2746 5191 2762 5222 ι
2788 5182 3064 5227 auctorem
3089 5173 3567 5237 hujussententia:
3599 5192 3702 5228 non

2105 5245 2322 5298 videtur
2360 5245 2617 5296 habuisse
2661 5241 2960 5306 .lnstinum,
2993 5244 3083 5310 qni
3132 5245 3238 5297 hoc
3292 5254 3518 5296 tantum
3577 5243 3708 5301 dicit

416 5322 553 5376 June
585 5312 938 5389 pronuntiare
970 5317 1220 5389 arbitrati
1257 5328 1404 5389 sunt.
1447 5387 1458 5389 _
1578 5381 1599 5389 _
1694 5383 1703 5389 _
1873 5382 1883 5389 _
1949 5381 1960 5389 _

2120 5328 2386 5389 supra,”n.
2411 5312 2514 5389 5l,_
2535 5312 2811 5389 Christum
2838 5313 3067 5368 Joannis
3090 5313 3409 5383 prophetia:
3437 5323 3497 5368 et
3525 5313 3706 5383 bapti-

507 5381 617 5463 (εειῆ
665 5388 989 5463 Ἐπ’ᾳὺτοῦ
1017 5386 1202 5463 πέρας
1231 5383 1540 5463 ποιεῖσθαι.
1572 5381 1838 5463 Jttstintim
1861 5381 1993 5463 \imi:

2120 5383 2265 5463 inin
2300 5384 2461 5463 linem
2479 5383 2848 5463 ‘imposui'sse.

432 5450 1003 5519 tat'nr'Tertullianns.
1037 5450 1133 5511 lib.
1171 5450 1201 5510 v
1258 5457 1378 5509 adv.
1435 5456 1630 5515 Μαι-ε..
1664 5468 1714 5507 c.
1753 5455 1804 5506 8.
1839 5452 1990 5517 Quod

2159 5452 2272 5522 (46)
2315 5451 2441 5518 Τοῖς
2467 5452 2536 5505 ἐν
2567 5450 2898 5522 ἀνθρώποις
2932 5452 3116 5507 αὑτοῦ
3153 5455 3542 5522 γενομένοις.
3596 5452 3698 5506 Le-

421 5550 610 5590 antem
661 5540 738 5591 ait
774 5530 890 5584 lib.
935 5529 1010 5581 De
1053 5528 1332 5596 baptismo,
1362 5524 1546 5581 c.10:
1579 5543 1598 5575 ι
1627 5523 1809 5596 Ipsum
1847 5523 1989 5588 quod

2120 5521 2326 5596 enihnn
2353 5524 2543 5596 τῆς-ἐν
2572 5521 2880 5596 ἀνθρῴποις
2907 5522 3054 5596 αὐτῷ
3079 5524 3420 5595 γενομένης.

405 5617 636 5670 cmleste
669 5613 721 5664 in
749 5611 954 5664 Joanne
991 5591 1188 5665 fuerat.
1231 5603 1479 5672 spiritum
1512 5593 1827 5673 prophetiae,
1855 5607 1975 5663 post

2150 5591 2271 5673 (έῖ)
2306 5591 2422 5673 Ὦς)
2454 5591 2957 5673 ἐπεπροέρήτευτο.
2996 5591 3322 5665 Legendum
3350 5591 3557 5653 'monet
3579 5592 3697 5665 Syl-

909 5679 962 5730 in
1021 5662 1302 5728 Dominum
1339 5662 1761 5750 translationem
1805 5662 1980 5750 usque

2120 5668 2313 5734 iurgius
2352 5665 2431 5716 ὅτι
2460 5663 2515 5718 δὲ
2545 5666 3008 5736 ἐπεπροφήτευτο.

413 5736 873 5818 Ᾱῖιυοίιιείυυὶεεο,
917 5758 973 5801 ut
1011 5762 1170 5816 quem
1211 5743 1592 5819 praedicaverat
1617 5781 1631 5804 ,
1675 5752 1837 5807 quem
1875 5736 1973 5790 ad-
2151 5761 2178 5812 ς
