3962 6262
375 365 474 422 889

1459 364 1806 425 DlALOGUS
1839 367 1985 427 CUM
2022 367 2388 427 TRYPHONE
2417 366 2685 428 JUDEO'.

3505 375 3625 433 690

373 482 596 550 τάρατος
626 480 741 550 γὰρ
775 481 806 532 ὁ
849 478 1244 550 σταυρούμενος
1279 478 1388 552 (61)
1412 482 1469 534 ὲν
1499 481 1576 552 τῷ
1608 481 1759 554 νόμῳ
1786 481 1927 553 λέγει

2045 483 2168 543 huic
2195 500 2410 554 quoque
2465 487 2541 540 rei
2573 485 2780 540 dandas
2811 484 3160 542 inclinarem.
3199 486 3391 542 Utrum
3429 500 3611 545 autem

374 587 456 624 ται
482 568 642 624 εἶναι.
682 572 848 624 Ὥστε
893 569 1029 643 πρὸς
1060 569 1212 624 τοῦτο
1230 573 1412 644 ἀκμὴν
1448 572 1785 639 δυσπείστως
1813 574 1938 646 ἔχω.

379 661 615 733 Παθητὺν
652 663 753 734 μὲν
781 661 875 715 τὸν
899 662 1128 732 Χριστὸν
1151 663 1230 716 ὅτι
1263 664 1318 718 αἱ
1341 663 1557 734 Γραφαὶ
1589 665 1940 738 κηρύσσουσι,

383 753 600 826 saepe»
634 755 784 806 ἐστιν
806 770 819 782 ·
857 753 905 805 εἰ
935 752 990 805 δὲ
1022 751 1108 805 διὰ
1135 751 1228 805 τοῦ
1258 755 1316 806 ὲν
1350 751 1427 824 τῷ
1451 753 1601 824 νόμῳ
1632 770 1943 826 κεκατῃρα-

391 845 537 914 μένου
579 845 808 909 πάθους,
847 843 1150 916 βουλόμεθα
1189 845 1401 917 μαθεῖν,
1440 847 1487 900 εξ
1516 847 1660 919 ἔχεις
1685 847 1780 901 καὶ
1814 848 1942 919 περὶ

390 934 558 989 τούτου
582 934 880 1000 ἀποδεῖξαι.

2052 587 2160 630 tam
2219 577 2501 631 inhoneste
2530 576 2806 631 Christum
2841 578 3161 633 cruciﬁxum
3196 579 3264 634 iri
3294 579 3612 648 praedictum

2051 667 2142 734 sit,
2184 668 2236 722 id
2279 667 2436 723 nobis
2477 669 2700 724 dubium
2751 668 2985 723 videtur.
3027 669 3349 725 Maledictus
3375 671 3520 725 enim
3555 671 3612 725 iu

2050 757 2170 828 lege
2220 757 2444 823 dicitur,
2496 759 2584 826 qui
2653 758 3024 827 crucifigitur;
3089 774 3264 828 quare
3319 760 3612 816 admodum

2051 846 2266 903 diﬂicile
2311 849 2384 902 sit
2428 848 2479 902 id
2515 849 2644 902 mihi
2683 851 3032 918 persuadere.
3083 848 3350 905 Passurus
3395 851 3614 919 quidem

2051 938 2301 994 Christus
2329 939 2611 995 manifeste
2629 941 2682 994 in
2715 940 3016 1011 Scripturis
3056 944 3406 1010 pradicatur;
3432 951 3614 997 utrum

396 1039 555 1084 autem
594 1029 943 1083 maledictum
997 1028 1128 1085 illud
1173 1029 1226 1084 in
1288 1028 1406 1101 lege
1456 1031 1703 1102 supplicii
1774 1045 1944 1102 genus
1978 1049 2265 1103 passurus,
2311 1035 2525 1090 discere
2560 1036 2830 1100 volumus,
2873 1036 2921 1092 si
2967 1037 3096 1108 quid
3140 1037 3310 1092 babes
3371 1037 3438 1091 ad
3493 1052 3612 1092 eam

399 1136 589 1191 quoque
620 1138 734 1177 rem
769 1123 1272 1177 demonstrandam.

457 1215 514 1267 Et
545 1215 635 1284 μὲν
669 1213 742 1286 μὴ
786 1213 977 1284 ἔμελλε
1010 1215 1236 1286 πάσχειν
1278 1217 1306 1270 ὁ
1337 1216 1588 1288 Χριστὸς,
1622 1218 1764 1288 φημὶ
1795 1216 1944 1289 αὐτῷ

403 1305 513 1374 ἐγὼ,
546 1305 672 1375 μηδὲ
703 1291 961 1376 προεῖπον
992 1306 1043 1358 οἱ
1075 1305 1374 1376 προφῆται,
1406 1305 1488 1359 ὅτι
1521 1306 1628 1360 ἀπὸ
1669 1307 1779 1361 τῶν
1820 1310 1944 1364 ἀνοι-

408 1395 522 1466 μιῶν
548 1394 635 1448 τοῦ
665 1393 794 1447 λαοῦ
827 1394 1122 1466 ἀχθήσεται
1153 1397 1232 1458 εἰς
1263 1394 1510 1462 θάνατον,
1545 1398 1638 1451 κει.)⁵
1669 1397 1945 1470 ἀτιμωθή-

410 1504 550 1550 σεται,
579 1488 666 1549 καὶ
699 1486 1143 1558 μαστιχθήσεται,
1177 1486 1269 1539 καὶ
1301 1489 1360 1539 ὲν
1389 1490 1500 1550 τοῖς
1531 1488 1752 1559 ἀνόμοις
1791 1489 1940 1559 λογι-

414 1577 648 1648 σθήσεται,
680 1577 773 1631 καὶ
803 1576 880 1638 ὡς
930 1574 1198 1646 πρόϐατον
1231 1577 1324 1630 ἐπὶ
1370 1576 1581 1649 σφαγὴν
1625 1578 1939 1650 ἀχθήσεται,

415 1660 465 1718 οὗ
488 1666 540 1720 τὸ
564 1667 703 1734 γένος
735 1664 1104 1737 ἐξηγήσασθαι
1147 1665 1290 1734 ἔχειν
1338 1667 1527 1720 οὐδένα
1558 1668 1720 1737 φησὶν
1749 1669 1780 1720 ὁ
1813 1685 1944 1740 προ-

421 1757 578 1826 φὴτης,
608 1756 773 1819 καλῶς
823 1751 937 1826 εἶχε
982 1755 1297 1826 θαυμάζειν.
1334 1757 1398 1810 El
1443 1757 1498 1810 δὲ
1547 1757 1703 1811 τοῦτό
1735 1760 1849 1814 ἐστι
1881 1760 1943 1813 τὸ

2120 1212 2179 1272 Si
2210 1217 2423 1288 quidem
2458 1233 2734 1288 passurus,
2775 1219 3017 1290 inquam,
3042 1217 3291 1278 Christus
3328 1239 3433 1278 non
3471 1223 3611 1280 fuis-

2041 1313 2150 1371 set,
2198 1319 2298 1360 nec
2343 1307 2621 1377 propheta
2672 1309 3052 1377 praedixisscnt
3091 1309 3230 1375 fore,
3275 1322 3333 1366 ut
3375 1316 3614 1380 peccatis

2046 1395 2229 1466 populi
2256 1398 2324 1453 ad
2363 1409 2594 1454 mortem
2623 1401 3006 1471 abduceretur,
3044 1401 3346 1458 adiceretur
3382 1403 3611 1474 ignomi-

2049 1488 2161 1554 nia,
2187 1487 2412 1560 ﬂagellis
2431 1491 2754 1556 caederetur,
2775 1502 2828 1548 et
2847 1493 2988 1548 inter
3004 1495 3277 1565 improbos
3295 1510 3612 1553 numerare-

2049 1589 2157 1646 tur,
2177 1590 2231 1636 et
2259 1593 2320 1636 ut
2339 1585 2456 1638 ovis
2482 1586 2548 1638 ad
2577 1585 2906 1640 occisionem
2941 1587 3248 1650 duceretur,
3267 1590 3423 1659 cujus
3443 1605 3611 1660 genus

2047 1689 2075 1729 a
2112 1675 2327 1730 nemine
2353 1677 2592 1730 enarrari
2616 1692 2771 1746 posse
2795 1679 2991 1733 asserit
3024 1679 3315 1749 propheta;
3350 1683 3493 1737 haud
3511 1683 3608 1738 abs

2046 1780 2106 1819 re
2131 1775 2275 1820 esset
2299 1767 2509 1823 mirari.
2559 1767 2654 1824 Sin
2696 1779 2876 1824 autem
2910 1771 3023 1824 haec
3059 1773 3274 1841 propria
3305 1786 3428 1828 eum
3479 1785 3608 1842 nota

425 1847 765 1919 χαρακτηρίζον
797 1847 960 1904 αὐτὸν
992 1849 1086 1900 καὶ
1119 1849 1250 1900 πᾶσι
1287 1849 1506 1919 μηνῦον,
1552 1849 1668 1914 πῶς
1699 1849 1818 1920 οὐχὶ
1851 1852 1927 1903 κα¹

2045 1857 2327 1929 distinguit
2353 1867 2409 1912 et
2443 1861 2694 1914 omnibus
2741 1861 3082 1916 manifestum
3133 1863 3294 1931 facit;
3335 1841 3607 1934 quomodo

430 1939 552 2005 ἡμεῖς
565 1938 865 2011 θαρροῦντες
898 1941 1338 2010 πεπιστεύκαμεν
1370 1942 1448 2004 εἰς
1476 1941 1669 2006 αὑτὸνς
1697 1943 1791 1995 καὶ
1823 1943 1936 1996 ὅσοι

435 2025 659 2093 νενοήκασι
669 2026 730 2079 τὰ
748 2026 858 2084 τῶν
881 2029 1193 2099 προφητῶν,
1215 2027 1403 2081 τοῦτον
1424 2029 1704 2099 φήσουσιν,
1723 2032 1822 2084 οὐκ
1852 2032 1937 2086 ἄλ-

436 2112 501 2164 λον
519 2113 625 2182 (62),
665 2119 706 2168 εἰ
741 2117 899 2186 μόνον
919 2119 1210 2172 ἀκούσειαν
1227 2119 1309 2172 ὅτι
1325 2113 1479 2182 οὗτος
1493 2123 1902 2194 ἐσταυρωμένος
1921 2139 1935 2187 ;

487 2204 553 2258 90.
578 2207 669 2258 Καὶ
695 2210 836 2279 ἡμᾶς
867 2206 982 2273 οὖν,
1019 2208 1140 2280 ἔφη,
1177 2209 1505 2280 προϐιϐασον
1547 2213 1611 2265 ἐκ
1655 2212 1762 2266 τῶν
1795 2215 1937 2284 Γρα-

437 2293 534 2362 φῶν,
561 2297 630 2350 ἵνα
653 2316 724 2351 σοι
748 2300 1056 2372 πεισθῶμεν
1097 2301 1188 2354 καὶ
1220 2303 1399 2372 ἡμεῖς.
1441 2302 1639 2356 Παθεῖν
1664 2305 1774 2375 ¹μὲν
1807 2305 1933 2378 γὰρ,

425 2391 493 2442 καὶ
516 2389 577 2454 ὡς
607 2391 860 2463 προεατον
877 2392 1208 2464 ἀχθήσεσθαι
1242 2393 1460 2466 οἴδαμεν
1476 2414 1488 2426 ο
1514 2399 1560 2450 εἰ
1585 2396 1639 2450 δὲ
1662 2399 1754 2451 καὶ
1780 2404 1944 2451 σταυ-’

417 2481 631 2551 ρωθῆναι,
663 2487 751 2537 καὶ
793 2485 964 2548 οὕτως
997 2483 1236 2555 αἰσχρῶς
1284 2485 1378 2538 καὶ
1410 2487 1618 2558 ἀτίμως
1648 2487 1935 2542 ἀποθανεῖν

415 2573 482 2625 διὰ
507 2575 583 2627 τοῦ
614 2576 1052 2648 κεκατηραμένου
1094 2579 1151 2630 ὲν
1192 2575 1270 2647 τῷ
1314 2577 1460 2649 νόμῳ
1504 2579 1750 2644 θανάτου,
1798 2580 1933 2634 ἀπό-

416 2662 550 2728 δειξον
577 2669 711 2737 ἡμῖν.
760 2668 949 2738 Ἡμεῖς
981 2669 1090 2740 γὰρ
1127 2669 1234 2723 οὐδ’
1267 2671 1347 2734 εἰς
1379 2670 1584 2724 ἔννοιαν
1624 2671 1811 2724 τούτου
1846 2672 1934 2726 ἐλ-

418 2755 506 2810 θεῖν
522 2758 791 2830 δυνάμεθα.
1897 2766 1903 2771 ’

471 2934 630 3001 Οἶσθα,
661 2938 812 3010 ἔφην,
845 2940 926 2993 ὅτι
959 2941 1062 2994 ὅσα
1105 2937 1258 2995 εἷπον
1294 2943 1388 2995 καὶ
1423 2943 1682 3016 ἐποίησαν
1715 2949 1762 2998 οἱ
1797 2965 1931 3020 προ-

421 3025 566 3094 φῆται,
584 3028 650 3092 ὡς
671 3033 759 3084 καὶ
788 3032 1114 3104 ὡμολογήθη
1141 3035 1269 3104 ὑμῖν
1303 3035 1436 3106 (65),
1475 3037 1809 3107 παραϐολαῖς
1841 3040 1934 3092 καὶ

420 3119 569 3186 τύποις
597 3126 934 3196 ἀπεκάλυψαν
969 3126 1102 3198 (64),
1147 3127 1222 3191 ὡς
1258 3127 1330 3200 μὴ
1367 3130 1562 3202 ῥᾳδίως
1599 3130 1666 3184 τὰ
1709 3131 1932 3186 πλεῖστα

537 3214 723 3269 πάντων
762 3218 1039 3288 νοηθῆναι,
1098 3218 1432 3290 κρύπτοντες
1481 3220 1580 3291 τὴν
1633 3223 1693 3275 ὲν
1751 3223 1929 3285 αὐτοῖς

425 3301 647 3372 ἀλήθειαν,
670 3307 739 3371 ὡς
769 3309 863 3362 καὶ
895 3310 1123 3380 πονῆσαι
1154 3310 1278 3374 τοὺς
1305 3307 1600 3381 ζητοῦντας
1633 3311 1812 3385 εὑρεῖν
1836 3315 1930 3367 καὶ

431 3391 590 3460 μαθεῖν.

482 3594 530 3648 Οἱ
554 3596 826 3669 δὲὲφησανο
864 3601 976 3656 Καὶ
1006 3601 1324 3674 ὡμολογήθη
1364 3607 1512 3675 ἡμῖν.
1553 3638 1556 3642 λ

492 3770 687 3863 ᾌκούοις
711 3779 771 3834 ἂν
803 3780 918 3846 οῦν,
943 3786 1105 3854 φημὶ,
1129 3785 1188 3838 τὸ
1218 3785 1354 3856 μετὰ
1376 3786 1546 3841 τοῦτο.
1570 3789 1807 3861 Μωῦσῆς
1821 3791 1929 3863 γὰρ

433 3860 596 3951 πρᾶζτος
609 3867 842 3937 ἐξέφανεν
858 3872 1018 3926 αὐτοῦ
1052 3874 1252 3946 ταύτην
1273 3875 1369 3946 τὴν
1385 3875 1646 3932 δοκοῦσαν
1662 3881 1926 3951 κατάραν,

431 3949 480 4004 δι’
502 3947 560 4007 ὧν
585 3962 779 4031 ἐποίησε
809 3964 1073 4034 σημείων.

485 4043 620 4104 Τίνων
644 4055 856 4118 τούτων,
892 4055 1018 4128 ἔφη,
1052 4055 1229 4124 λέγεις
1248 4074 1262 4121 ἶ

483 4135 578 4195 Ὅτε
603 4145 629 4196 ὁ
666 4143 804 4210 λαὸς,
853 4148 1013 4216 φημὶ,
1059 4148 1311 4218 ἐπολέμει
1343 4147 1420 4220 τῷ
1472 4149 1736 4222 Ἀμαλὴκ,
1772 4153 1865 4206 καὶ
1899 4155 1928 4207 ὀ

477 4319 563 4394 (61)
597 4325 1036 4394 Ἐπικατάρατος
1068 4327 1178 4392 γὰρ
1211 4327 1243 4378 ό
1268 4325 1730 4394 σταυρούμενος.
1763 4325 1928 4382 Miror

416 4393 671 4465 omissuma
703 4393 992 4465 Trypboue
1029 4395 1162 4465 illud
1191 4394 1294 4446 ὑπὸ
1320 4393 1415 4446 τοῦ
1449 4393 1602 4457 Θεοῦ,
1644 4413 1663 4445 ι
1705 4395 1927 4450 Maledi-

415 4471 508 4532 ctlt_s
539 4478 562 4515 a
593 4463 708 4528 Deo,
734 4485 753 4516 ι
779 4463 936 4532 quod
966 4467 1105 4531 apud
1142 4464 1507 4532 Septuaginta
1527 4465 1846 4532 interpretes
1870 4475 1924 4520 et

2043 1963 2149 2002 non
2183 1956 2240 2002 et
2280 1964 2377 2002 nos
2406 1949 2634 2004 fidenter
2673 1950 2724 2004 in
2769 1967 2892 2006 eum
2924 1953 3338 2008 credidissemus
3361 1971 3376 2020 ;
3403 1964 3458 2010 et
3485 1956 3612 2026 qui.

2050 2052 2266 2108 cunque
2292 2040 2582 2109 prophetas
2607 2041 2934 2112 intelligunt,
2961 2044 3102 2100 hunc
3119 2060 3257 2109 esse,
3283 2061 3388 2100 non
3417 2046 3606 2116 alium.

2041 2128 2086 2180 si
2123 2136 2334 2181 tantum
2362 2130 2583 2183 audiant
2611 2131 2929 2185 crucifixum
2958 2147 3100 2198 esse,
3133 2149 3238 2188 non
3271 2135 3553 2190 asserem?

2113 2221 2203 2276 90.
2269 2219 2486 2275 Crucem
2562 2223 3046 2293 prwsigni/icabant
3123 2237 3348 2280 extensa:
3417 2241 3609 2286 manus

2041 2311 2258 2383 Moysis.
2292 2343 2356 2353 -—
2400 2313 2506 2368 Nos
2539 2314 2726 2384 igitur,
2772 2314 2966 2383 inquit,
2995 2330 3059 2369 ex
3093 2315 3385 2385 Scripturis
3412 2317 3604 2380 edoce.

2039 2415 2098 2458 ut
2130 2406 2227 2474 ipsi
2256 2421 2470 2477 quoque
2498 2405 2593 2460 tibi
2623 2409 3009 2462 assentiamur.
3055 2407 3346 2463 Passurum
3379 2409 3522 2464 enim
3550 2419 3606 2464 et

2039 2502 2292 2565 tanquam
2335 2513 2487 2550 ovem
2547 2497 2833 2552 abductum
2886 2500 2948 2552 iri
3003 2500 3235 2566 scimus;
3282 2500 3376 2554 sed
3420 2510 3603 2554 utrum

2037 2588 2202 2642 etiam
2230 2589 2648 2660 cruciﬁgendus.
2680 2600 2734 2642 et
2764 2599 2868 2644 tam
2895 2591 3248 2656 ignominiose
3277 2603 3495 2661 tamque
3523 2593 3605 2647 in-

2036 2676 2260 2733 honeste
2290 2689 2516 2734 mortem
2565 2681 2619 2735 in
2671 2679 2786 2747 lege
2826 2680 3172 2735 maledictam
3219 2683 3487 2746 obiturus,
3519 2683 3604 2738 fac

2036 2769 2191 2825 nobis
2227 2771 2585 2826 demonstres.
2623 2772 2676 2826 id
2709 2774 2851 2826 enim
2883 2787 2981 2826 nos
3013 2787 3080 2827 ne
3117 2775 3356 2844 cogitare
3381 2775 3601 2846 quidem

2034 2877 2340 2932 possumus.

2107 2953 2278 3021 Nosti,
2332 2957 2570 3026 inquam,
2621 2958 2912 3027 pr0pbetas
2962 2972 3299 3027 quaecunque
3352 2956 3601 3014 fecerunt

2033 3057 2127 3102 aut
2160 3049 2433 3114 dixerunt,
2465 3064 2528 3102 ea
2554 3049 2722 3120 signis
2758 3059 2812 3103 et
2849 3049 3204 3119 imaginibus,
3241 3060 3298 3103 ut
3329 3049 3471 3105 inter
3503 3066 3604 3105 nos

2036 3143 2305 3207 convenit,
2351 3143 2657 3207 involvisse,
2695 3151 2753 3194 ut
2781 3157 2884 3196 non
2921 3141 3079 3196 facile
3111 3142 3364 3211 pleraque
3389 3143 3458 3197 ah
3478 3158 3599 3198 om-

2032 3233 2192 3287 nibus
2229 3233 2676 3302 intelligerentur.
2724 3243 2778 3287 et
2809 3235 3089 3287 veritatem
3135 3235 3218 3289 his
3241 3235 3398 3288 dietis
3428 3244 3481 3288 et
3511 3233 3600 3286 fa--

2030 3323 2133 3378 Ctis
2184 3324 2402 3378 insitam
2453 3325 2821 3392 abscondisse,
2873 3335 2933 3378 ut
2979 3334 3030 3379 et
3056 3325 3144 3394 qui
3189 3341 3307 3378 eam
3357 3325 3600 3380 invenire

2030 3427 2084 3469 et
2112 3415 2319 3470 discere
2354 3417 2656 3480 studerent,
2708 3432 2812 3470 non
2856 3416 2976 3470 sine
3018 3417 3205 3472 labore
3256 3416 3309 3472 id
3338 3430 3600 3486 asseque-

2032 3517 2234 3560 I'CIIIUI'.

2102 3595 2178 3647 Illi
2205 3605 2382 3650 autem
2430 3594 2725 3651 dixerunt:
2763 3598 2836 3652 De
2870 3598 2971 3653 hoc
3000 3610 3132 3652 sane
3159 3596 3302 3652 inter
3340 3611 3438 3653 nos
3467 3611 3598 3654 con-

1983 3748 1985 3751 ,
2030 3687 2196 3743 venit.

2093 3778 2231 3832 Audi
2262 3778 2446 3848 igitur,
2477 3778 2722 3847 inquam,
2748 3779 2876 3848 quid
2903 3789 3177 3848 sequatur.
3217 3779 3426 3850 Moyses
3452 3780 3593 3835 enim

2030 3880 2376 3938 apparentem
2420 3871 2564 3926 illam
2598 3874 2778 3927 crucis
2812 3874 3229 3928 detestationem
3279 3874 3486 3944 primus
3522 3874 3597 3936 si-

1954 3961 1961 3968 '
2031 3962 2170 4032 guis,
2195 3976 2314 4030 qua:
2349 3962 2416 4016 ab
2437 3977 2500 4016 eo
2530 3978 2783 4031 expressa
2818 3974 2962 4031 sunt,
2994 3963 3309 4027 declaravit.

2102 4053 2357 4118 Quamam
2389 4055 2513 4120 ista,
2549 4056 2724 4124 inquit
2753 4055 2880 4109 ille?

2098 4146 2233 4201 Cum
2284 4145 2530 4216 populus,
2565 4145 2807 4214 inquam,
2855 4161 2978 4208 eum
3025 4146 3248 4202 Amalec
3276 4144 3472 4200 bellum
3498 4160 3594 4218 ge-

2030 4320 2090 4376 S.
2143 4320 2526 4393 Hieronymus
2562 4321 2767 4393 ibidem
2808 4322 2992 4390 plures
3038 4322 3383 4393 conjecturas
3439 4321 3594 4386 facit,

2026 4403 2086 4444 ut
2119 4392 2346 4454 apostoli
2383 4393 2449 4444 ab
2490 4391 2713 4444 Hebraeo
2739 4391 3160 4459 discrepantiam
3189 4393 3446 4460 explicet.

2099 4463 2210 4531 (62)
2250 4461 2469 4514 Τοῦτον
2495 4460 2824 4528 φήσουσιν,
2860 4463 2970 4516 οὐκ
2995 4461 3206 4516 ἄλλον.
3245 4463 3394 4515 llauc
3430 4465 3596 4520 ratio-

413 4529 452 4604 in
475 4530 667 4604 Hebrafo
693 4524 906 4604 legitur.
939 4524 1155 4587 Solebat
1184 4524 1326 4586 enim
1349 4524 1383 4586 ἶ
1423 4548 1451 4586 a
1481 4524 1684 4587 Iudaeis
1718 4551 1813 4602 pro
1842 4536 1922 4588 in-
1953 4524 2000 4582 Ι)
2024 4524 2362 4604 ciiiationem
2397 4524 2697 4604 transtulit,
2726 4544 2783 4584 ut
2812 4524 3010 4604 multas
3043 4533 3197 4604 alias,
3225 4531 3594 4604 Tertullianus

405 4597 537 4672 fatain
557 4597 898 4672 objiciﬂluod
933 4603 1184 4657 Salvator
1215 4613 1397 4658 noster
1427 4615 1482 4656 et
1528 4597 1786 4658 Dominus
1818 4608 1918 4661 sub

404 4669 475 4721 Dei
499 4669 640 4725 fuerit
662 4669 972 4743 malédicto,
1005 4692 1024 4724 ι
1068 4683 1125 4726 ut
1157 4681 1383 4727 testatur
1415 4673 1773 4743 Hieronymus
1797 4675 1915 4742 (lib.

397 4753 428 4814 tt
450 4743 494 4793 in
521 4744 783 4808 epistolam
823 4750 890 4794 ad
921 4742 1140 4799 Galatas
1161 4758 1281 4810 cap.
1397 4745 1496 4814 qui
1517 4741 1655 4796 hanc
1685 4761 1702 4794 ι
1742 4741 1917 4796 farno-

391 4811 625 4864 sissimaui
657 4813 1010 4883 quaastionem
1044 4833 1061 4864 ι
1093 4822 1264 4867 vocat.
1308 4811 1446 4866 Infra
1470 4811 1737 4883 Justinus,
1775 4829 1920 4867 nem-

389 4894 516 4947 pen.
558 4883 642 4946 95,
676 4881 767 4936 ita
816 4884 959 4937 hunc
1009 4883 1179 4936 locum
1227 4883 1468 4952 profert;
1517 4902 1535 4934 ι
1594 4881 1916 4952 Maledictus

386 4952 535 5004 omnis
558 4957 643 5020 qui
679 4953 874 5022 pendet
910 4955 960 5005 in
986 4953 1160 5021 ligno;
1194 4950 1292 5005 irin
1320 4969 1426 5022 quo
1450 4953 1666 5022 quidem
1694 4950 1916 5006 Paulum

384 5023 623 5090 sequitur,
649 5026 765 5092 qui,
786 5023 1108 5076 utobservat
1139 5022 1514 5093 Hieronymus,
1536 5023 1770 5093 detraxit
1788 5023 1917 5076 illud

382 5109 398 5141 ι
429 5108 454 5144 a
483 5093 608 5156 Deo,
639 5091 839 5161 {quod
865 5095 1006 5160 apud
1039 5091 1385 5161 Septuaginta
1412 5107 1464 5147 et
1494 5095 1546 5146 in
1579 5091 1803 5146 Hebrazo
1836 5093 1917 5145 le-

371 5163 518 5228 gitur.
546 5175 598 5215 et
625 5164 830 5217 addidit
856 5165 952 5215 bas
970 5175 1151 5225 voces,
1186 5183 1205 5214 ι
1239 5163 1415 5216 omnis
1447 5181 1466 5215 ι
1493 5175 1547 5217 et
1581 5180 1598 5211 ι
1626 5163 1675 5214 iu
1694 5162 1858 5230 ligno,
1891 5181 1910 5214 ι

367 5246 471 5300 quae
501 5234 549 5286 in
584 5231 812 5286 Hebraeo
856 5233 1049 5286 desunt
1089 5243 1143 5285 et
1185 5235 1324 5300 apud
1367 5233 1719 5300 Septuaginta
1766 5248 1918 5300 repe-

365 5314 586 5357 riuntur.
621 5303 990 5357 ‘l'ertullianus
1023 5303 1074 5356 in
1121 5303 1259 5357 libro
1284 5305 1402 5357 adv.
1434 5302 1566 5358 Jud.
1602 5318 1650 5356 c.
1690 5302 1754 5355 l0
1781 5317 1833 5355 et
1859 5303 1914 5364 5,

359 5373 406 5426 in
433 5372 607 5427 Marc.
653 5388 776 5441 cap.
800 5374 853 5436 8,
890 5373 1014 5425 item
1056 5372 1146 5426 lib.
1195 5388 1221 5424 v
1256 5375 1504 5427 adversus
1530 5374 1766 5426 eumdem
1792 5387 1913 5438 cap.

355 5442 404 5504 3,
435 5453 566 5496 citat
614 5443 762 5497 hunc
810 5443 983 5496 locum
1015 5452 1070 5495 ut
1096 5445 1406 5513 Apostolus,
1438 5459 1502 5497 ac
1529 5444 1658 5496 nihil
1693 5457 1916 5510 prorsus

354 5516 470 5567 dicit
502 5530 569 5566 ex
601 5528 713 5581 quo
741 5513 1094 5578 qua-stionem
1124 5522 1189 5566 de
1222 5517 1326 5567 hoc
1357 5516 1474 5568 loco
1509 5514 1804 5581 Scriptura:
1834 5515 1916 5564 iii-

355 5595 424 5635 lcr
468 5581 695 5637 Judaaos
732 5593 790 5635 et
825 5583 1175 5647 ,Cbristiauos
1198 5586 1310 5652 jam
1345 5595 1456 5636 tum
1499 5592 1714 5638 enatam
1750 5584 1914 5636 fuisse

355 5657 716 5721 suspicemur.
758 5652 814 5705 lu
855 5653 993 5704 libro
1032 5665 1214 5707 autem
1246 5653 1364 5708 adv.
1391 5655 1524 5710 Jud.
1549 5669 1669 5720 cap.
1702 5654 1788 5714 10,
1823 5655 1912 5706 ubi

351 5729 483 5776 totus
515 5724 819 5792 Scriptura:
845 5721 998 5776 locus
1029 5724 1322 5792 profertur,
1354 5741 1456 5779 non
1488 5724 1760 5777 omittitur
1786 5724 1914 5778 illud

353 5811 371 5843 ι
409 5810 435 5847 a
466 5793 600 5860 Deo,
649 5811 672 5847 ι
722 5795 822 5849 sed
859 5794 1075 5849 videtur
1102 5812 1130 5849 ιι
1178 5795 1418 5852 librariis
1449 5795 1689 5853 additum
1721 5795 1910 5853 fuisse.

2022 4602 2076 4656 in
2119 4603 2314 4654 librum
2360 4603 2582 4654 tertium
2631 4600 2881 4656 adversus
2928 4601 3293 4655 Marcionem:
3329 4616 3349 4652 ε
3383 4603 3594 4658 Sullicit

2021 4672 2077 4724 in
2125 4685 2301 4724 meum
2342 4670 2640 4733 Christum,
2684 4673 2850 4740 inquit
2894 4686 3018 4738 cap.
3058 4671 3143 4732 19,
3187 4671 3355 4725 solius
3400 4676 3594 4728 mortis

2017 4741 2320 4811 prophetia.
2355 4741 2432 4792 Ex
2472 4743 2572 4794 hoc
2594 4742 2738 4793 enim
2763 4743 2902 4810 quod
2929 4757 3033 4794 non
3068 4751 3154 4811 est
3190 4743 3333 4795 edita
3358 4742 3595 4808 qualitas

2021 4810 2238 4872 inortis,
2277 4812 2450 4878 potuit
2479 4819 2534 4862 et
2563 4825 2657 4879 per
2680 4827 2898 4866 crucem
2931 4810 3192 4876 evenisse,
3222 4820 3351 4865 tunc
3382 4813 3472 4863 alii
3508 4815 3596 4865 de-

2019 4883 2260 4953 putanda
2294 4881 2458 4950 (forte
2481 4882 2862 4952 deputandam)
2893 4881 2937 4933 si
2966 4886 3019 4934 in
3047 4881 3212 4934 alium
3241 4881 3434 4936 fuisset
3459 4898 3594 4953 pra:-

2021 4952 2280 5004 dicatuin.
2323 4969 2342 5000 ι

2091 5021 2203 5097 (65)
2251 5017 3131 5097 Ὠμολοῃξθη(ὑμῖνηῐιοςεηάιιῃι
3160 5021 3309 5097 ἡμῖν³
3340 5021 3589 5097 ut_paulo

2018 5103 2144 5162 post
2177 5095 2229 5143 in
2266 5093 2448 5144 verbis
2481 5092 3017 5162 Tryphonislegitur.
3052 5093 3184 5145 Illud
3209 5095 3354 5144 enim
3388 5092 3588 5160 ὡμολον

2018 5161 2161 5232 γήθη
2214 5163 2347 5232 ἡμῖν
2375 5179 2478 5215 non
2511 5161 2652 5232 idem
2683 5161 2913 5232 valetiac
2942 5163 3176 5217 confessi
3205 5178 3414 5215 sumus.
3440 5165 3584 5218 lnl'ra

2021 5230 2086 5313 ii.
2115 5230 2268 5286 15οἷ
2295 5232 2375 5284 Τὰ
2417 5230 2920 5313 προῳμολογημένα
2962 5234 3113 5303 ἡμῖν,
3155 5250 3174 5282 ι
3205 5247 3264 5286 ea
3299 5233 3588 5304 deyuibus

2021 5313 2166 5355 tuler
2195 5319 2290 5355 nos
2318 5319 2591 5355 convenit.
2630 5321 2648 5354 ι
3460 5363 3467 5370 ι

2094 5372 2207 5442 (64)
2257 5371 2695 5440 Ἀπεκάλυψαν.
2722 5370 3032 5442 chendum
3059 5371 3282 5440 conjicit
3308 5370 3339 5424 Ἰ
3359 5369 3586 5425 liirlbius

2018 5442 2383 5512 ἐπεκάλυψαν,
2406 5447 2488 5496 cui
2511 5447 2760 5511 equidem
2786 5447 3107 5506 asseutirer,
3138 5445 3184 5496 si
3214 5444 3433 5496 verbum
3457 5442 3586 5494 ἁπο-

2017 5512 2279 5567 καλύπτω
2310 5531 2415 5567 non
2446 5514 2585 5566 idem
2620 5514 2888 5565 interdum
2915 5523 3059 5567 esset
3083 5529 3146 5568 ac
3179 5526 3320 5581 tego.
3354 5513 3471 5564 Mox
3500 5513 3584 5564 his

2016 5587 2218 5646 verbis,
2248 5585 2345 5656 τὴν
2373 5584 2643 5656 ἐνγαύτοίς
2673 5581 2948 5653 ἀλήθειαν,
2985 5602 3003 5635 ι
3037 5585 3254 5638 insitam
3293 5583 3396 5656 illis
3441 5582 3584 5656 veri-

2019 5661 2208 5720 tatem,
2245 5673 2263 5705 ι
2292 5653 2634 5721 intelligit,ut
2669 5664 2898 5721 patetex
2923 5671 2976 5707 n.
3004 5656 3097 5717 92,
3120 5666 3175 5708 et
3195 5654 3441 5722 pluribus
3460 5653 3584 5705 aliis

2019 5725 2172 5790 locis,
2207 5726 2258 5778 id
2280 5728 2423 5794 quod
2452 5724 2732 5793 prophetis
2770 5726 3103 5793 propositum
3121 5725 3246 5789 fuit,
3276 5738 3397 5794 cum
3423 5723 3585 5777 Chle

2013 5805 2158 5853 stum
2180 5810 2243 5850 ac
2261 5793 2456 5850 novam
2488 5797 2657 5866 legem
2689 5795 2849 5851 factis
2873 5803 2927 5850 et
2951 5795 3114 5850 dictis
3133 5793 3580 5866 pramuutiarent.
