3962 6262
381 349 483 406 σοι

1333 335 1389 395 εἰ
1417 336 1691 395 JUSTiNi’
1715 336 2123 394 PHILOSOPIII
2162 336 2252 391 ΕΤ
2285 335 2648 394 MAB'I‘YRIS

3516 333 3624 388 692

381 473 548 525 τεινρι,
580 477 642 518 ac
670 461 829 515 Navae
863 457 1023 524 illius,
1061 457 1152 526 qui
1190 455 1350 510 Jesus
1385 455 1795 524 cognominatus
1840 462 1938 517 est1

2049 450 2144 503 τοῦ
2164 450 2322 521 Ναυῆ·
2351 449 2466 514 υίὸς
2495 451 2523 501 ὁ
2555 446 2942 516 ἐπονομασθεὶς
2962 446 3043 518 τῷ
3074 445 3246 518 Ἰησοῦ
3270 447 3491 518 ὀνόματι
3521 449 3622 517 τῆς

382 561 591 622 primus
611 566 759 609 esset
790 554 844 607 in
879 553 1016 614 acie,
1051 549 1256 621 Moyses
1289 549 1403 616 ipse
1438 548 1600 618 188
1634 549 1798 602 Deum
1826 562 1950 601 ora-

385 651 496 710 hat,
533 650 783 702 manilius
809 645 1061 711 utrinque
1089 641 1358 694 extensis:
1385 640 1459 695 Or
1481 651 1660 692 autem
1688 649 1742 692 ct
1765 640 1948 692 Aaron

373 750 476 793 'eas
500 749 612 792 toto
646 739 736 792 die
763 737 1126 797 sustinebant,
1164 748 1230 786 ue
1259 747 1324 783 eo
1367 731 1568 784 lassato
1598 731 1948 783 demitteren-

381 841 486 886 tur.
529 829 586 886 Si
630 831 762 900 quid
811 829 954 882 enim
987 828 1053 881 de
1087 827 1188 880 hoc
1237 825 1390 894 signo
1435 839 1652 878 crucem
1704 824 1949 878 imitante

379 923 687 986 remiserat,
733 920 961 992 populus
988 917 1328 982 vincebatur,
1374 926 1435 971 ut
1477 918 1530 970 in
1567 916 1764 988 Moysis
1794 917 1948 972 libris

376 1014 636 1081 scriptum
660 1023 743 1067 est
760 1030 778 1066 :
801 1013 844 1066 si
863 1027 990 1066 vero
1015 1013 1067 1064 in
1091 1011 1192 1064 hoc
1219 1011 1322 1064 situ
1352 1008 1722 1076 permanebat,
1762 1008 1944 1061 tamliu

376 1101 694 1157 vincebatur
738 1103 980 1166 Amalec,
1021 1109 1072 1154 et
1114 1100 1204 1168 qui
1235 1099 1442 1152 viribus
1483 1098 1796 1167 prmtabat,
1849 1113 1947 1167 per

375 1206 592 1245 rrucem
618 1191 907 1260 pra‘smhat
930 1192 995 1244 δ’.
1021 1189 1205 1257 Neque
1230 1190 1370 1243 enim
1401 1197 1684 1258 propterea
1719 1189 1946 1256 p0pulus

375 1283 644 1338 vincebat.
673 1283 814 1352 quod
840 1281 1049 1352 Moyses
1079 1282 1148 1334 ita
1182 1289 1516 1348 precaretur,
1549 1282 1640 1334 sed
1668 1282 1791 1349 quia
1821 1298 1942 1336 cum

378 1389 576 1428 nomen
607 1372 733 1428 Jesu
756 1384 896 1427 esset
916 1375 977 1425 in
1007 1372 1179 1434 prima
1211 1373 1346 1434 acie,
1378 1372 1490 1438 ipse
1520 1374 1698 1425 crucis
1727 1374 1940 1439 signum

372 1468 689 1524 exhibebat.
727 1465 860 1530 Quis
893 1465 1039 1518 enim
1087 1474 1322 1516 vestrum
1361 1464 1572 1532 ignorat
1604 1479 1667 1519 ea
1709 1468 1944 1520 maxime

372 1575 538 1630 prece
575 1559 740 1614 Deum
784 1556 1010 1628 placari,
1041 1572 1160 1625 qum
1189 1571 1311 1609 eum
1345 1556 1545 1623 ejulatu
1575 1566 1631 1612 et
1662 1557 1940 1626 Iacrymis,

373 1667 442 1708 ae
470 1667 642 1722 prono
671 1665 900 1720 corpore
947 1659 1040 1703 aut
1074 1649 1226 1703 ﬂexis
1268 1649 1502 1718 gentibus
1541 1649 1824 1703 funditur?
1860 1651 1936 1702 Ad

376 1743 519 1797 inme
544 1752 722 1795 autem
761 1743 975 1795 modum
1006 1740 1057 1793 iu
1095 1739 1271 1807 lapide
1303 1740 1497 1793 sedens
1521 1755 1619 1794 uec
1653 1741 1767 1808 ipse
1792 1751 1939 1806 post-

2054 543 2230 613 μάχης
2261 538 2448 612 ἦρχεν,
2484 541 2640 603 αὐτὸς
2661 539 2900 608 Μωῦσῆς
2918 537 3116 609 ηύχετο
3134 538 3212 609 τῷ
3227 537 3364 608 Θεῷ,
3389 537 3486 602 τὰς
3511 544 3622 609 χεῖ-

2051 653 2150 705 ρας
2179 635 2453 705 ἑκατέρως
2497 633 2606 703 (65)
2653 632 2992 695 ἐκπετάσαςο
3043 633 3141 702 Ὢρ
3183 631 3240 684 δὲ
3280 631 3376 684 καὶ
3415 629 3624 702 Ἀαρὼν

2050 723 2424 786 ὑπεϐἀσταζον
2471 722 2640 785 αὑτὰς
2681 723 2964 792 πανῆμαρ,
3013 721 3098 774 ἵνα
3153 721 3227 791 μὴ
3285 721 3625 785 κοπωθέντος

2047 814 2213 868 αὐτοῦ
2248 813 2608 884 χαλασθῶσιν.
2643 813 2705 865 Et
2738 812 2846 882 γὰρ
2876 809 3184 865 ἐνεδεδώκει
3208 827 3260 862 τι
3282 809 3376 863 τοῦ
3413 812 3626 881 σχήμα-

2045 925 2137 972 τος
2184 909 2374 961 τούτου
2425 906 2520 960 τοῦ
2577 907 2668 960 τὸν
2724 906 2950 977 σταυρὸν
3005 905 3360 976 μιμουμένου,
3412 904 3488 967 ὡς
3541 903 3631 973 γέ-

2046 1016 2286 1072 γραπται
2320 1002 2378 1053 ὲν
2419 1001 2540 1064 ταῖς
2571 999 2850 1062 Μωῦσὲως
2894 999 3197 1069 γραφαῖς,ὁ
3229 997 3356 1061 λαὸς
3388 999 3626 1067 ἡττᾶτοο

2046 1095 2094 1145 εί
2125 1093 2182 1145 δὲ
2217 1095 2273 1146 ὲν
2307 1095 2370 1164 τῇ
2404 1092 2554 1159 τάξει
2586 1091 2746 1162 ἔμενε
2773 1092 2965 1164 ταύτῃ,
3015 1090 3257 1161 Ἀμαλὴκ
3290 1090 3508 1142 ἐνικᾶτο
3532 1104 3626 1142 το-

2049 1185 2234 1238 σοῦτον
2253 1202 2266 1215 ·
2303 1185 2410 1238 καὶι
2434 1184 2650 1254 ἰσχύων,
2685 1183 2773 1236 διὰ
2797 1183 2888 1237 τοῦ
2918 1183 3150 1254 σταυροῦ
3183 1182 3383 1252 ἴσχυεν.
3419 1182 3492 1233 Οὐ
3513 1180 3638 1250 γὰρς

2045 1277 2126 1328 ὅτι
2159 1276 2328 1339 οὕτως
2355 1274 2549 1345 ηὔχετο
2567 1275 2824 1344 Μωῦσῆς,
2846 1274 2933 1326 διὰ
2964 1273 3120 1326 τοῦτο
3153 1275 3417 1344 κρείσσων
3447 1274 3476 1324 ὁ
3500 1270 3627 1332 λαὸς

2046 1368 2273 1433 ἐγίνετο,
2322 1367 2433 1419 ἀλλ’
2480 1368 2562 1419 ὅτι
2612 1369 2668 1418 ὲν
2725 1367 2864 1436 ἀρ.χῇ
2894 1367 2992 1434 τῆς
3028 1365 3204 1436 μάχης
3237 1363 3329 1416 τοῦ
3363 1363 3626 1432 ὀνόματος

2045 1459 2136 1512 τοῦ
2186 1458 2357 1528 ἰησοῦ
2383 1459 2555 1521 ὄντος,
2591 1457 2752 1520 αὐτὸς
2785 1456 2844 1509 τὸ
2874 1459 3102 1527 σημεῖον
3119 1455 3222 1509 τοῦν
3247 1453 3480 1525 σταυροῦ
3513 1453 3626 1521 (66)

2045 1549 2236 1602 ἐποίει.
2274 1550 2372 1613 Τίς
2422 1548 2531 1620 γὰρ
2579 1549 2681 1600 οὐκ
2713 1547 3002 1601 ἐπίσταται
3037 1546 3209 1617 ὑμῶν,
3257 1548 3340 1600 ὅτι
3392 1545 3629 1617 μάλιστα

2049 1643 2149 1712 μὲν
2182 1645 2214 1713 ἡ
2249 1641 2591 1712 μετὰοίκτου
2618 1641 2710 1694 καὶ
2743 1640 2988 1711 δακρύων
3011 1640 3142 1709 εὐχὴ
3177 1638 3507 1709 μειλίσσεται
3536 1639 3629 1690 τὸν

2043 1732 2195 1797 Θεὸν,
2231 1735 2326 1785 καὶ
2355 1735 2404 1803 ἡ,
2439 1733 2506 1785 ὲν-
2531 1735 2736 1804 πρηνεί
2773 1731 3109 1794 κατακλίσει,
3163 1731 3256 1783 καὶ
3300 1733 3357 1783 ὲν
3407 1731 3629 1798 γόνασιν

372 1847 460 1898 ea,
498 1847 601 1887 nec
651 1833 789 1887 alius
823 1832 1106 1902 quisquam
1160 1830 1353 1883 oravit.
1399 1827 1574 1884 Habet
1600 1831 1766 1884 etiam
1804 1831 1938 1898 lapis

2046 1800 2387 1884 exaequas
2416 1800 2592 1886 τινοςῇ
2632 1800 2840 1875 ’Τοῦτον
2881 1822 2936 1874 δὲ
2968 1821 3058 1874 τὸν
3099 1821 3298 1892 τρόπον
3343 1819 3436 1871 ἐπὶ
3480 1818 3640 1870 λίθου-

371 1923 850 1995 signiﬁcationem,
887 1935 944 1978 ut
979 1922 1210 1991 ostendi,
1247 1921 1470 1978 Christo
1503 1924 1938 1978 convenientem.

442 2190 528 2246 9i.
566 2190 710 2245 Crux
731 2191 985 2256 praedicta
1013 2192 1066 2243 in
1085 2189 1523 2244 benedictionibus
1548 2188 1740 2259 Ioseph
1758 2201 1940 2246 etcum

367 2298 578 2349 serpens
613 2293 834 2338 erectus.
873 2313 942 2322 —
981 2284 1156 2353 Atque
1201 2284 1365 2340 etiam
1403 2284 1508 2338 alia
1545 2283 1687 2338 Deus
1729 2284 1942 2338 ratione

368 2389 466 2444 prl‘
494 2373 731 2442 Moysem
767 2375 877 2426 vim
922 2375 1167 2444 mysterii
1197 2377 1378 2430 crucis
1419 2375 1692 2443 indicans,
1718 2374 1850 2430 dicit
1885 2376 1938 2429 in

368 2463 766 2526 benedictione,
803 2479 906 2532 qua
937 2462 1174 2532 Juseplto
1220 2465 1528 2518 benedicit:
1581 2484 1600 2516 ι
1640 2466 1684 2518 Α
1717 2467 1939 2519 benedi-

367 2554 548 2609 ctione
579 2554 786 2609 Domini
804 2562 949 2609 terra
976 2557 1126 2622 ejus;
1153 2555 1220 2608 ab
1242 2556 1389 2608 horis
1409 2557 1529 2610 ειειί
1563 2567 1617 2610 ει
1636 2573 1778 2620 rore,
1803 2568 1853 2609 et
1871 2557 1939 2610 ab

372 2648 571 2717 abysso
613 2645 840 2701 fontium
863 2648 1115 2700 deorsum
1142 2657 1196 2703 et
1224 2663 1490 2717 aquarum
1514 2663 1791 2718 purarum,
1819 2666 1940 2717 get»

374 2743 521 2793 mina
556 2741 692 2794 solis
731 2739 1139 2803 conversionis;
1167 2750 1218 2794 et
1239 2757 1268 2793 a
1290 2743 1619 2796 coitionibus
1649 2745 1938 2809 mensium,

368 2844 420 2885 et
436 2850 464 2885 a
483 2833 684 2886 vertice
697 2834 983 2902 autiquoru
993 2851 1042 2888 ιιι
1060 2837 1264 2888 ιιιιιιιιίιι
1274 2852 1344 2896 ιιι,
1363 2844 1417 2887 et
1434 2852 1462 2886 ιι
1481 2836 1681 2891 vertice
1697 2836 1936 2901 collium,

365 2935 423 2978 et
452 2924 729 2980 ιιιιιιιίιιυιιι
762 2927 1103 2994 perennimn,
1137 2937 1191 2982 et
1213 2929 1483 2982 fructuum
1518 2938 1674 2983 terra:
1708 2930 1940 2998 plenitu-

363 3015 543 3081 (liuis;
583 3025 637 3069 et
663 3026 884 3086 accepta
909 3018 981 3080 ei,
1018 3018 1108 3086 qui
1141 3017 1286 3072 visus
1319 3026 1403 3070 est
1433 3018 1485 3070 in
1521 3018 1677 3080 rubo,
1715 3021 1939 3074 veniant

2044 1913 2428 1984 καθεζόμενος,
2455 1913 2579 1968 οὕτε
2605 1915 2766 1979 αὐτὸς
2787 1913 3014 1984 ηὔξατο,
3042 1912 3166 1967 οὔτε
3193 1911 3349 1974 ἄλλος
3379 1909 3632 1980 ὕστερον,

2047 2004 2200 2073 Ἔχει
2231 2003 2298 2057 δὲ.
2327 2005 2422 2057 καὶ
2454 2004 2494 2056 ὁ·
2525 2003 2672 2069 λίθος
2715 2003 3002 2075 σύμϐολον,
3047 2002 3121 2066 ὡς
3162 1999 3438 2065 ἀπέδειξα,
3490 2000 3638 2071 πρὸς

2042 2096 2134 2150 τὸν
2168 2098 2424 2170 Χριστόν.

2111 2211 2200 2266 9|.
2235 2213 2347 2266 Καὶ
2384 2213 2496 2285 γὰρ
2525 2212 2601 2266 δι’
2621 2212 2781 2268 ἄλλου
2827 2211 3046 2284 μηνύων
3081 2211 3182 2282 τὴν
3213 2211 3367 2280 ἰσχὺν
3396 2206 3491 2261 τοῦ
3522 2223 3634 2278 μυ-

2043 2303 2267 2376 στηρίου
2302 2303 2397 2357 τοῦ
2434 2305 2680 2376 σταυροῦι
2705 2305 2738 2357 δ’
2771 2303 2903 2368 Θεδς
2933 2303 3020 2357 διὰ
3050 2301 3348 2365 Μωΰσέως,
3381 2295 3536 2354 εἷπεν
3569 2299 3631 2352 ἓν

2041 2395 2261 2467 εὐλογίᾳ
2285 2397 2350 2466 ἥν
2380 2396 2591 2465 εὐλόγει
2621 2397 2712 2448 τὸν
2743 2394 2938 2466 Ἰωσήφ
2957 2412 2970 2425 ·
3001 2415 3018 2446 ι
3069 2393 3201 2447 Ἀπὸ
3227 2393 3477 2461 εὐλογίας
3509 2394 3634 2445 Κυ-

2043 2484 2156 2554 ρίου
2186 2489 2218 2557 ή
2270 2487 2340 2557 γῆ
2374 2486 2537 2539 αὐτοῦ
2558 2503 2570 2516 ο
2618 2487 2724 2540 ἀπὸ
2753 2486 2912 2558 ὡρῶν
2954 2485 3219 2558 οὐρανῶν,
3264 2486 3358 2538 καὶ
3383 2484 3626 2555 δρόσων·

2040 2577 2134 2630 καὶ
2159 2578 2266 2630 ἀπὸ
2289 2577 2525 2630 ἀϐύσσου
2561 2577 2751 2650 πηγῶν
2784 2576 3044 2639 κάτωθεν,
3070 2576 3164 2629 καὶ
3190 2575 3468 2646 καθαρῶν,
3495 2592 3627 2643 γεγε

2039 2669 2257 2740 νήματα
2291 2669 2399 2739 (67)
2430 2671 2578 2741 ἡλίου
2611 2669 2860 2741 τροπιῖιν·
2886 2669 2978 2722 καὶ
3009 2669 3116 2722 ἀπὸ
3150 2667 3384 2720 συνόδων
3418 2667 3634 2737 μηνῶν,

2040 2762 2133 2815 καὶ
2165 2762 2274 2816 ἀπὸ
2325 2764 2570 2834 κορυφῆς
2623 2763 2794 2834 ὀρέων
2846 2761 3040 2832 ἀρχῆς,
3089 2761 3191 2814 καὶ·
3230 2760 3338 2812 ἀπὸ
3383 2757 3629 2830 κορυφῆς

2042 2852 2264 2922 βουνῶν,
2303 2856 2398 2908 καὶ
2432 2855 2690 2926 ποταμῶν
2721 2854 2963 2907 ἀεννὰων
2997 2853 3130 2922 (68),
3154 2853 3248 2904 καὶ
3280 2849 3506 2921 καρπῶν
3523 2849 3630 2918 γῆς

2039 2942 2402 3015 πληρώσεως·
2440 2945 2534 2997 καὶ
2564 2944 2633 2997 τὰ
2678 2943 2843 2997 δεκτὰ
2895 2942 2973 3013 τῷ
3005 2941 3224 3010 ὀφθέντι
3262 2941 3320 2993 ὲν
3351 2943 3416 3010 τῇ
3454 2938 3628 3009 βάτῳ,

2039 3033 2283 3088 ἔλθοισαν
2314 3036 2406 3087 ἐπὶ
2433 3034 2673 3106 κεφαλὴν
2701 3035 2920 3106 Ἰωσὴφ,
2961 3034 3055 3086 καὶ
3092 3033 3185 3085 ἐπὶ
3218 3032 3479 3102 κορυφῆς.
3528 3032 3630 3080 Ao-

364 3121 530 3175 super
554 3118 716 3176 caput
751 3107 951 3176 Ioseph
987 3119 1042 3164 et
1068 3111 1346 3164 verticem.
1381 3108 1566 3164 Gloria
1590 3122 1813 3166 evectus
1851 3113 1935 3165 in-

2046 3123 2258 3190 ξασθεὶς
2289 3127 2348 3179 ὲν
2383 3125 2628 3195 ἀδελφοῖς
2647 3143 2659 3155 ·
2682 3125 3022 3197 πρωτότοκος
3047 3122 3250 3194 ταύρου
3281 3120 3466 3191 (69)τδ
3496 3118 3634 3171 κάλ-

370 3209 458 3254 ιει·
491 3198 706 3270 fratres,
746 3204 1138 3273 primogeuitus
1190 3205 1330 3258 tauri
1383 3205 1730 3272 pulchritudo
1780 3205 1933 3277 ejus;

367 3307 572 3346 cornua
607 3293 884 3348 unicoruis
908 3311 1112 3348 cornua
1145 3299 1290 3364 ejus;
1329 3297 1380 3349 in
1411 3298 1542 3365 ipsis
1582 3309 1769 3368 gentes
1801 3315 1936 3354 ven-

370 3384 545 3439 tilabit
587 3385 747 3439 simul
797 3387 923 3442 inde
971 3402 1142 3456 usque
1197 3389 1265 3443 ab
1313 3399 1559 3445 extremo
1597 3401 1755 3446 terra:
1787 3391 1855 3448 ⁴³.
1910 3412 1928 3446 ι

373 3478 661 3534 Unicornis
693 3479 838 3533 enim
887 3495 1090 3533 cornua
1142 3496 1298 3536 nemo
1347 3481 1528 3536 dicere
1577 3495 1669 3538 aut
1710 3485 1934 3542 demon-

368 3578 546 3622 strare
580 3569 751 3639 possit
785 3569 838 3624 in
867 3569 970 3623 alia
1003 3584 1063 3626 re
1091 3582 1189 3625 aut
1219 3571 1391 3643 ligura
1435 3574 1693 3640 inveniri,
1732 3578 1834 3631 nisi
1873 3577 1927 3632 in

440 3723 484 3756 "
525 3722 950 3789 Exod.xvn,li.
983 3726 1029 3757 ⁸³
1048 3724 1208 3781 Deut.
1244 3741 1438 3790 xxxiii,
1476 3727 1659 3783 15-17.

441 3879 556 3950 (65)
592 3878 925 3948 Ἐκατέρως.
957 3879 1278 3953 Sylburgius
1307 3892 1459 3951 putat
1487 3883 1589 3952 legi
1625 3897 1782 3953 posse
1809 3884 1937 3937 ἑκα-

602 4022 854 4101 {Maior
885 4020 990 4074 τοῦ
1020 4021 1304 4101 ᾳῖαιμροῦ.
1362 4022 1561 4101 Eadem
1608 4024 1836 4094 legimus
1880 4023 1934 4077 in

368 4091 592 4176 epistola
631 4091 894 4176 Barttabte
922 4108 975 4173 ιι.
1149 4091 1341 4176 Τοιιιιιι
1378 4098 1518 4176 h‘nnc
1548 4091 1934 4176 iocuin'trans-

370 4160 492 4215 tulit
518 4161 886 4218 'l‘ertullianus
923 4163 976 4215 in
1013 4160 1209 4215 librum
1241 4164 1362 4215 adv.
1386 4162 1518 4215 Jud.
1550 4180 1671 4232 cap.
1700 4165 1766 4218 10
1799 4176 1854 4219 et
1878 4165 1934 4230 5,

369 4234 492 4313 adv.
529 4231 701 4289 Marc.
737 4250 789 4288 c.
822 4232 1243 4316 l8:._Ex_i.stimat
1281 4235 1447 4316 etiam
1489 4233 1789 4316 gregorius
1828 4234 1937 4316 Na-

367 4303 666 4358 zianzenus
693 4319 863 4357 carm.
897 4302 990 4365 57),
1019 4302 1254 4372 Moysem
1303 4302 1624 4358 extendisse
1653 4320 1848 4359 manus
1879 4306 1932 4357 in

371 4374 589 4445 modum
644 4375 848 4428 crucis.
897 4375 1005 4445 S_ed
1059 4383 1241 4426 tamen
1296 4389 1427 4445 cum
1458 4373 1670 4443 Moyses
1719 4379 1928 4445 virgam

362 4443 619 4497 manibus
651 4454 876 4509 teneret,
909 4442 1075 4498 Josue
1105 4457 1239 4514 cum
1275 4443 1498 4497 Amalec
1525 4442 1796 4514 pugnante
1812 4442 1932 4514 idi-

2043 3215 2132 3280 λος
2148 3215 2339 3269 αὐτοῦ’
2377 3216 2582 3287 κέρατα
2615 3215 2981 3287 μοωκὲρωτος
3014 3213 3082 3267 τὰ
3102 3213 3311 3284 κέρατα
3343 3210 3508 3263 αὐτοῦ
3527 3227 3543 3240 ·
3569 3213 3631 3262 ὲν

2043 3304 2224 3367 αὐτοῖς
2245 3303 2372 3376 ἔθνη
2405 3308 2644 3376 κερατιεῖ
2676 3305 2793 3374 ἅμα
2825 3304 2930 3366 ἓως
2961 3302 3055 3354 ἀπ’
3096 3302 3268 3372 ἄκρου
3299 3299 3399 3370 τῆς
3431 3299 3558 3368 γῆς.
3605 3318 3626 3350 ι

2042 3393 2430 3466 Μονοκέρωτος
2471 3394 2579 3466 γὰρ
2623 3396 2830 3466 κέρατα
2873 3393 3082 3456 οὐδενὸς
3113 3392 3272 3446 ἄλλου
3304 3390 3632 3462 πράγματος

2042 3487 2074 3558 ἦ
2112 3488 2391 3558 σχήματος
2419 3486 2532 3560 ἔχοι
2563 3487 2628 3542 ἄν
2659 3503 2742 3549 τις
2772 3487 2883 3556 (70)
2919 3487 3092 3538 εἰπεῖν
3124 3485 3220 3536 καὶ
3251 3481 3549 3548 ἀποδεῖξαι,
3578 3485 3633 3536 ει

2045 3579 2121 3652 μὴ
2145 3579 2237 3633 τοῦ
2260 3579 2430 3634 τύπου
2460 3580 2519 3644 ὃς
2549 3579 2642 3634 τὸν
2675 3578 2907 3650 σταυρὸν
2937 3577 3228 3631 δείκνυσιν.
3254 3576 3365 3647 (71)
3404 3574 3638 3646 Ὀρθιον

2044 3885 2236 3958 currit,
2272 3884 2517 3958 additum
2552 3883 2722 3958 fuisse
2751 3894 2882 3956 puto
2908 3887 2978 3941 ob
3006 3901 3241 3958 sequens
3259 3888 3627 3958 adjectivum,

2045 3956 2339 4037 quodcum
2373 3954 2686 4011 ﬂuminibus
2711 3954 3021 4023 cunveniat,
3045 3954 3249 4030 aliquid
3276 3954 3469 4014 deesse
3493 3954 3623 4030 per;

2044 4035 2240 4079 suasit.

2113 4094 2226 4164 (69)
2247 4095 2626 4168 Πρωτότοκος
2657 4098 2897 4168 ταύρου.
2934 4097 3317 4164 Tertullianus,
3350 4099 3443 4168 qni
3480 4100 3622 4155 inci-

2039 4164 2117 4247 pit
2151 4169 2218 4219 ab
2246 4167 2331 4219 his
2366 4167 2566 4230 verbis,
2609 4185 2628 4247 ι
2660 4164 3014 4247 Tauridecor
3039 4170 3178 4247 ejus,
3217 4189 3236 4222 ι
3269 4164 3486 4225 videtur
3519 4187 3625 4228 re-

2035 4235 2212 4310 jicere
2248 4249 2434 4310 vocem
2477 4252 2496 4286 ι
2521 4238 2939 4310 Διιι-ιιιιοειξειιιιιιε
2990 4257 3008 4290 ι
3032 4235 3116 4310 _ad
3154 4254 3218 4292 ea
3255 4256 3376 4309 quae
3409 4256 3622 4310 przece-

2041 4304 2229 4380 dunt;
2261 4320 2324 4359 ac
2338 4304 2492 4380 [οι-ιε
2512 4304 2592 4380 ita
2625 4304 2822 4378 legisse
2857 4313 2998 4377 apud
3023 4304 3318 4380 Iustinum.
3343 4304 3496 4380 Quod
3529 4329 3625 4366 au-

2039 4384 2145 4429 tem
2181 4376 2319 4428 idem
2337 4374 2704 4431 Tertulllauus
2728 4394 2851 4432 mox
2876 4374 3076 4433 habet:
3111 4399 3130 4430 ι
3158 4374 3418 4438 Ναιίοηεε
3441 4385 3622 4437 venti-

2042 4444 2174 4524 Iabit
2209 4445 2412 4526 pariter
2444 4463 2614 4526 usque
2640 4449 2709 4526 ad
2729 4463 3004 4503 summum
3033 4460 3209 4519 terra},
3245 4471 3263 4504 ι
3295 4454 3512 4508 videtur
3534 4454 3624 4508 le-

366 4523 526 4589 xerat
562 4515 713 4589 enim
744 4533 775 4589 :_
798 4516 990 4589 rgias
1015 4529 1113 4582 ego
1144 4513 1298 4566 stabo
1332 4514 1382 4589 in
1422 4513 1808 4589 vertice‘collis
1838 4513 1935 4568 ha-

2046 4519 2182 4589 gisse
2204 4515 2494 4589 trg‘mdxpou
2514 4513 2613 4587 τῆς
2647 4517 2768 4589 γῆς.

361 4585 502 4656 hens
526 4585 736 4656 virgam
758 4585 847 4638 Dei
873 4587 924 4638 in
960 4599 1123 4638 manu
1152 4598 1269 4656 utea
1299 4584 1347 4652 ι)
1380 4599 1608 4656 euntque
1633 4584 1937 4652 Scriptura,

363 4663 423 4724 ut
447 4652 703 4709 observat
735 4657 996 4724 Origenes
1023 4652 1207 4708 bomil.
1251 4655 1307 4707 ll
1345 4655 1400 4707 in
1435 4652 1631 4724 Exod.,
1661 4671 1766 4706 non
1795 4657 1942 4709 dicat

367 4722 605 4792 Moysen:
650 4722 965 4780 extendisse
1022 4739 1232 4785 manus,
1288 4727 1381 4778 sed
1431 4723 1670 4789 IeVasse;
1716 4727 1939 4778 dubium

368 4798 642 4849 nonnullis
685 4797 896 4850 videtur
949 4796 996 4847 id
1031 4797 1175 4863 quod
1221 4792 1468 4848 Justinus
1511 4805 1566 4847 et
1609 4798 1699 4847 alii
1753 4795 1940 4862 plures

363 4865 574 4930 dixere,
623 4866 863 4937 Moysen:
897 4865 1156 4937 expansis
1189 4868 1440 4920 manibus
1483 4868 1710 4937 llguram
1755 4867 1938 4920 crucis

364 4935 728 5001 expressisse.
759 4936 934 4993 Julius
966 4935 1233 4990 Firmicus
1268 4938 1320 4988 in
1341 4937 1481 4990 libro
1515 4935 1590 4988 De
1610 4951 1789 4989 errore
1813 4953 1939 5003 pro-

370 5003 484 5072 {an.
519 5008 668 5076 relig.
715 5007 994 5060 existimat
1039 5021 1256 5060 crucem
1299 5020 1365 5060 ex
1399 5007 1544 5075 virga
1588 5021 1616 5057 a
1649 5005 1835 5076 Moyse
1859 5008 1939 5059 l'a-

366 5083 511 5126 ctam
537 5078 834 5131 fuisse.Ait
855 5081 1037 5131 enim:
1074 5095 1092 5126 ι
1131 5077 1200 5131 Ut
1237 5077 1457 5131 Amalec
1501 5080 1936 5141 vinceretnr,ex-

369 5145 539 5217 tensis
584 5149 832 5202 ntanibus
862 5146 1075 5217 Moyses
1118 5149 1232 5200 lnec
1268 5147 1512 5200 nnitatus
1546 5156 1630 5200 est
1672 5164 1876 5202 cornua
1921 5165 1933 5203 :

365 5224 429 5267 ut
456 5212 673 5271 facilius
708 5212 1028 5286 impetraret
1071 5218 1215 5286 quod
1248 5231 1575 5287 magnopere
1603 5219 1933 5286 postulabat,

368 5299 588 5357 crucem
634 5288 737 5342 sibi
772 5288 902 5342 l'ecit
932 5304 1000 5343 ex
1036 5289 1208 5357 virga.
1244 5306 1261 5338 ι
1311 5290 1374 5340 bt
1410 5289 1583 5341 infra:
1626 5306 1644 5338 ι
1681 5288 1745 5344 Ut
1772 5295 1936 5342 Ama-

366 5354 450 5430 lec
492 5358 832 5430 vinceretur,
865 5360 1010 5413 circa
1037 5354 1243 5429 virgam
1277 5357 1489 5430 Moyses
1531 5362 1793 5427 expansis
1821 5375 1936 5412 Ina-

367 5425 525 5480 uibus
557 5443 620 5479 ex
633 5428 886 5483 tenditur.
930 5445 949 5479 ι

439 5496 551 5567 (67)
565 5498 675 5551 Kal
693 5497 982 5566 καθαρῶν,
1009 5498 1364 5570 γεννήματα.
1390 5501 1669 5556 Existimat
1693 5499 1935 5554 eruditus

360 5563 731 5639 Ιιοιιιιιιιινιιειε
755 5563 933 5639 etii—tor
962 5563 1245 5639 legendtnu
1277 5589 1418 5635 esse,
1452 5587 1508 5626 ut
1538 5576 1588 5627 iu
1615 5572 1933 5637 Bibliis,xai.

363 5634 485 5709 καθ’
501 5636 682 5709 ᾲῶρανί
697 5655 858 5708 γεννη
866 5634 1072 5709 μάτων.

435 5707 544 5776 (68)
579 5708 690 5760 Καὶ
730 5707 1002 5778 ποταμῶν
1035 5711 1320 5765 ἀεννάων.
1360 5713 1488 5767 ΙΙΙιιιΙ
1538 5713 1628 5766 καὶ
1674 5713 1930 5784 ποταμῶν

357 5791 502 5848 quo:
542 5795 717 5852 neque
753 5784 806 5834 ιιι
854 5792 1002 5835 textu
1051 5797 1225 5851 neque
1259 5787 1399 5854 apud
1437 5787 1792 5856 Septuaginta
1839 5801 1928 5841 oc-

2041 4655 2078 4710 ἄ
2116 4587 2228 4654 (7U)
2256 4586 2425 4654 Ἐχοὶ
2445 4590 2522 4646 ἄν
2559 4586 2667 4656 τις.
2708 4586 2803 4645 Sic
2848 4601 3077 4660 uterque
3110 4592 3313 4646 codex:
3345 4592 3476 4647 editi
3503 4593 3620 4665 ἔχει

2079 4673 2106 4707 ν
2132 4673 2236 4710 τις.

2079 4673 2106 4707 ν
2132 4673 2236 4718 τις.

2115 4728 2226 4797 (71)
2283 4728 2584 4795 Ὄρθιογ...
2627 4727 3030 4798 πεπηγμένον.
3081 4727 3225 4783 Crux
3262 4729 3428 4798 igitur
3478 4734 3614 4790 nihil

2040 4796 2183 4874 aliud
2213 4807 2294 4852 est
2337 4802 2446 4874 nisi
2480 4802 2680 4874 lignum
2713 4796 2956 4853 erectum
2987 4798 3190 4870 (ὂρθιον
3223 4796 3420 4874 ξύλον).
3447 4804 3612 4874 Cujus

2041 4865 2194 4938 ligni,
2231 4884 2353 4921 cum
2382 4865 2765 4942 aliud'iignnm
2805 4865 3261 4942 trans\ersartuln
3296 4865 3610 4942 adaptatur,

2041 4953 2250 5010 summa
2281 4955 2404 5004 pars
2432 4938 2514 5009 (τὸ
2542 4939 2811 4992 ἀνώτατον
2852 4938 3056 5010 μέροςε
3089 4943 3143 4993 h.
3187 4956 3237 4994 e.
3278 4938 3488 5008 vertex,
3522 4938 3610 4999 cui

2043 5007 2450 5077 impingebatur
2475 5011 2663 5064 titulus
2684 5021 2778 5062 aut
2813 5007 2977 5063 causa
3010 5012 3225 5072 mortis)
3252 5011 3416 5064 habet
3439 5007 3609 5067 cornu

2042 5076 2310 5131 formam:
2349 5079 2555 5153 pariter
2602 5091 2831 5153 utraque
2875 5084 3261 5153 transversarii
3310 5083 3438 5149 ligni
3482 5100 3612 5153 pars

2039 5161 2353 5221 prominens
2380 5149 2468 5221 (τὰ
2486 5149 2652 5221 ἄκρα,
2680 5151 2735 5204 h.
2759 5167 2809 5206 e.
2841 5151 3238 5215 extremitates,
3268 5154 3466 5220 quibus
3482 5149 3612 5206 'tna-

2040 5233 2140 5292 nus
2174 5219 2340 5272 clavis
2377 5219 2754 5291 aﬁigebantur)
2785 5237 2956 5276 cornu
2986 5221 3220 5289 speciem
3250 5219 3430 5292 gerit;
3462 5224 3609 5278 aliud

2037 5289 2200 5340 etiam
2233 5303 2402 5343 cornu
2450 5289 2502 5343 in
2541 5291 2631 5346 illo
2669 5289 2813 5361 ligno
2849 5295 3114 5355 cernitur,
3155 5289 3297 5360 quod
3339 5293 3388 5361 in
3429 5297 3609 5348 media

2038 5373 2203 5433 cruce
2233 5363 2402 5413 lixnm
2429 5371 2534 5426 est,
2574 5373 2632 5415 ut
2659 5360 2932 5416 inSideant
2971 5365 3064 5432 qui
3108 5363 3255 5416 cruci
3293 5360 3608 5433 aﬂiguntur.

2039 5427 2222 5500 l_taque
2266 5445 2402 5483 crux
2437 5433 2736 5500 composila
2779 5444 2858 5486 est
2903 5449 2966 5486 ex
2989 5427 3264 5486 'rornibus
3305 5427 3608 5488 uiticornis.

2037 5496 2402 5554 Tertullianus
2437 5496 2578 5556 advf
2599 5501 2732 5559 Jud.
2763 5519 2812 5555 c.
2867 5504 2928 5555 l0
2955 5523 2968 5557 :
3019 5520 3038 5552 ι
3071 5503 3236 5556 'l‘auri
3270 5504 3436 5556 decor
3467 5506 3606 5572 ejus,

2035 5583 2238 5643 cot'uua
2269 5574 2549 5626 unieoruis
2583 5587 2787 5626 cornua
2824 5573 2965 5643 ejus,
2999 5576 3050 5625 in
3082 5575 3161 5625 eis
3195 5574 3445 5628 nationes
3475 5591 3611 5629 ven-

2037 5639 2212 5692 tilabit
2247 5645 2450 5709 pariter
2483 5644 2550 5695 ad
2575 5639 3046 5712 sumntum'nsque
3082 5654 3262 5696 terra).
3346 5643 3463 5696 Non
3499 5655 3606 5696 nll—

2034 5723 2139 5778 que
2177 5713 2490 5768 rbiuoceros
2519 5713 2891 5766 destinabatur
2921 5719 3199 5767 nntcornis
3231 5714 3307 5768 \el
3336 5717 3608 5767 minotau-

2037 5798 2129 5839 rus
2183 5785 2444 5855 bicornis,
2495 5785 2590 5839 sed
2637 5784 2886 5840 Christus
2921 5787 2972 5839 in
3039 5786 3127 5840 Illo
3163 5785 3604 5856 signiﬁcabatur,
