3962 6262
312 387 403 445 ιιι
1306 376 1652 435 Ι)1ᾹΙ.Οϐυ8
1686 374 1829 432 CUM
1867 370 2244 427 TRYPHONE
2280 367 2544 426 JUDIEO.

3457 364 3579 421 ω,

330 505 411 577 rip
436 505 480 557 τὸ
500 504 547 555 ’ἐν
568 502 680 553 ἐστι
715 498 920 565 ξύλον,
963 501 1057 570 ἀφ’
1092 490 1151 551 οὗ
1188 500 1300 552 ἐστι
1334 496 1394 549 τὸ
1426 495 1696 549 ἀνώτατον
1728 493 1882 564 μέρος

1992 504 2055 543 ea
2084 503 2204 557 qua:
2234 502 2448 541 crucem
2479 484 2721 538 exhibet.
2747 481 2970 537 Rectum
2996 482 3137 537 enim
3168 497 3334 535 unum
3359 480 3568 551 lignum

340 602 395 661 εἰς
415 596 541 667 κέρας
564 594 999 662 θπερηρμένον,
1046 592 1172 644 ὅταν
1204 590 1263 641 τὸ
1293 589 1418 643 ἄλλο
1451 586 1602 652 ξύλον
1637 602 1879 656 προσαρ-

349 688 490 758 positi},
508 688 580 738 καὶ
596 683 968 754 ἑκατέρωθεν
998 683 1075 745 ὡς
1109 682 1311 753 κέρατα
1337 679 1415 750 τῷ
1445 680 1525 731 ἐνὶ
1556 677 1745 747 κέρατι
1770 673 1879 745 (7‘2)

352 776 687 848 παρεζενγμένα
722 775 798 827 τὰ
828 775 985 846 ἄκρα
1008 773 1278 843 φαίνηται.
1304 774 1414 824 Καὶ
1437 770 1496 823 τὸ
1528 772 1585 823 ἐν
1617 768 1693 838 τῷ
1730 767 1881 837 μέσῳ

357 870 635 941 πηγνύμενον,
668 867 748 930 ὡς
787 867 971 937 κέρας
1000 868 1095 919 καὶ
1133 864 1263 918 αὐτὸ
1297 863 1480 933 ἐξέχον
1513 864 1678 924 ἐστὶν,
1714 860 1798 929 ἐφ’
1837 852 1882 927 ᾧ

359 961 600 1031 meam:
627 961 675 1011 οἱ
716 958 1127 1029 σταυρούμενοι
1147 975 1159 986 ·
1197 958 1289 1010 καὶ
1317 955 1571 1026 βλέπεται
1604 953 1679 1017 ὡς
1712 952 1882 1025 κέρας

360 1056 431 1105 καὶ
455 1053 555 1105 αὐτὸ
581 1052 665 1104 σὺν
694 1054 812 1113 τοῖς
848 1050 1035 1113 ἄλλοις
1072 1050 1267 1121 κέρασι
1309 1049 1882 1120 συνεσχηματισμένον

364 1145 434 1195 καὶ
458 1142 785 1214 πεπηγμένον.
819 1143 936 1195 Καὶ
962 1140 1044 1205 τὸ,
1082 1160 1098 1191 ι
1154 1141 1240 1193 Ἐν
1276 1140 1455 1203 αὐτοῖς
1478 1140 1602 1211 ἔθνη
1640 1143 1883 1211 κερατιεί

367 1234 453 1301 ἃμα
472 1233 554 1296 ἓως
584 1233 660 1285 ἀπ’
695 1234 873 1302 ἄκρου
917 1231 1018 1300 τῆς
1052 1232 1185 1302 γῆς,
1246 1250 1263 1280 ι
1308 1230 1603 1301 δηλωτικόν
1636 1233 1750 1284 ἐστι
1785 1230 1879 1284 τοῦ

369 1323 438 1374 νῦν
461 1324 779 1395 γεγενημένου
810 1326 1138 1395 πράγματος
1165 1327 1221 1377 ὲν
1252 1325 1387 1377 πᾶσι
1416 1327 1526 1388 τοῖς
1556 1324 1749 1378 ἔθνεσι.
1783 1327 1885 1377 Κε-

375 1417 637 1483 ρατισθέντες
662 1417 791 1489 γὰρ,
828 1418 1074 1470 τουτέστι
1122 1417 1536 1485 κατανυγέντες,
1571 1420 1618 1471 οἱ
1648 1420 1709 1470 ἐκ
1744 1418 1881 1471 πάν-

373 1523 453 1558 των
477 1509 558 1561 τῶν
590 1510 744 1563 ἐθνῶν
788 1512 877 1565 διὰ
920 1512 1111 1564 τούτου
1152 1511 1247 1564 τοῦ
1300 1512 1622 1584 μυστηρίου,
1658 1512 1735 1573 εἰς
1783 1510 1881 1580 τὴν

375 1595 612 1653 θεοσέόειαν
640 1604 955 1675 ἐτράπησαν
987 1603 1093 1656 ἀπὸ
1120 1602 1228 1655 τῶν
1252 1604 1493 1672 ματαίων
1528 1602 1761 1655 εἰδώλων
1788 1603 1882 1653 καὶ

376 1687 594 1759 δαιμόνων.
626 1694 742 1759 Τοῖς
776 1696 832 1748 δὲ
878 1696 1130 1766 ἀπίστοις
1174 1698 1234 1749 τὸ
1281 1697 1411 1749 αὐτὸ
1447 1696 1631 1766 σχῆμα
1678 1699 1757 1759 εἰς
1792 1713 1884 1749 κα·

358 1782 534 1837 tilum
571 1788 653 1841 καὶ
699 1787 1001 1857 καταδίκην
1046 1788 1330 1859 δηλοῦται·
1380 1788 1438 1841 ὃν
1485 1789 1681 1860 τρόπον
1721 1792 1777 1841 ἐν
1805 1788 1881 1859 τῷ

340 1878 428 1929 ἀπ’
450 1878 698 1945 Αἰγύπτου
735 1879 1004 1949 ἐξελθόντι
1037 1880 1149 1951 λαῷ
1194 1881 1281 1935 διά
1332 1899 1390 1933 τε
1432 1881 1526 1934 τοῦ
1564 1880 1733 1934 τύπου
1782 1881 1881 1951 τῆς

339 1967 578 2031 ἐκτάσεως
616 1968 721 2021 τῶν
765 1969 965 2041 χειρῶν
1010 1969 1103 2022 τοῦ
1148 1971 1452 2034 Μωῦσέως,
1507 1972 1598 2024 καὶ
1644 1972 1741 2042 τῆς
1787 1969 1881 2023 τοῦ

350 2058 482 2129 Ναυῆ
506 2059 609 2112 ιιἱοῦ
636 2061 976 2131 ἐπικλήσεως
998 2061 1090 2115 τοῦ
1116 2063 1378 2133 ὀνόματος
1421 2063 1617 2134 Ἰησοῦ,
1652 2065 1679 2116 ὁ
1717 2065 1883 2135 Ἀμα-

354 2148 440 2218 id}:
460 2151 542 2219 μὲν
566 2154 774 2222 ἡττᾶτο,
823 2152 1040 2225 Ἰσραὴλ
1082 2153 1138 2206 δὲ
1186 2154 1357 2207 ἐνίκα.
1416 2156 1525 2208 Καὶ
1558 2154 1644 2208 διὰ
1676 2155 1769 2209 τοῦ
1798 2156 1885 2209 τύ-

358 2257 441 2293 πον
480 2242 527 2295 δὲ
573 2245 659 2297 καὶ
691 2246 919 2316 σημείου
969 2244 1064 2297 τοῦ
1122 2246 1262 2300 κατὰ
1316 2249 1425 2301 τῶν
1479 2249 1749 2303 δακόντων
1806 2250 1884 2321 τῷ

372 2335 545 2407 Ἰσραὴλ
576 2338 674 2407 (75)
707 2340 884 2408 ὄφεων
925 2344 957 2410 ἡ
1000 2341 1252 2405 ἀνάθεσις
1299 2341 1547 2411 φαίνεται
1581 2343 1883 2414 γεγενημέ-

362 2440 416 2493 νη
444 2427 518 2479 ἐπὶ
547 2429 770 2499 σωτηρίᾳ.
798 2429 909 2481 τῶν
941 2432 1322 2497 πιστευόντων,
1370 2433 1451 2485 ὅτι
1484 2432 1571 2486 διὰ
1604 2432 1697 2486 τοῦ
1729 2450 1885 2487 σταυ-

371 2513 543 2581 ροιῖισθαι
577 2518 847 2587 μέλλοντος
880 2521 1108 2584 θάνατος
1139 2523 1464 2595 γενήσεσθαι
1499 2523 1685 2578 ἔκτοτε
1720 2543 1882 2597 προε-

370 2604 614 2673 κηρόσσετο
640 2609 711 2679 τῷ
741 2610 863 2679 ὄφει
883 2628 896 2640 ·
940 2613 1181 2683 σωτηρία
1218 2613 1274 2667 δὲ
1313 2617 1425 2678 τοῖς
1477 2616 1880 2687 καταδακνομέ-

370 2709 457 2756 νοις
482 2696 556 2748 ὑπ’
579 2699 744 2763 αὑτοῦ,
791 2704 886 2755 καὶ
920 2703 1321 2773 προσφεύγουσι
1369 2704 1445 2776 τῷ
1474 2705 1563 2758 τὸν
1614 2708 1885 2779 ἐσταυρω-

380 2784 500 2852 μένον
521 2790 614 2842 υἱὸν
640 2792 795 2845 αὐτοῦ
832 2794 1109 2864 πέμψαντι
1154 2799 1235 2860 εἰς
1278 2798 1369 2850 τὸν
1404 2799 1627 2870 κόσμον.
1664 2802 1740 2853 Οὐ
1774 2802 1883 2874 γὰρ

378 2874 451 2926 ἐπὶ
471 2877 564 2945 ὅφιν
592 2885 722 2953 ἡμᾶς
754 2886 1033 2940 πιστεύειν
1064 2888 1125 2940 τὸ
1176 2891 1511 2962 προφητικὸν
1548 2892 1763 2964 πνεῦμα
1795 2894 1882 2949 διὰ

383 2966 595 3037 Minicio;
622 2976 902 3043 ἐδίδασκεν,
938 2980 1099 3033 ὁπότε
1135 2983 1230 3035 καὶ
1265 2984 1603 3054 καταρᾶσθαι
1648 2986 1758 3056 (74)
1794 2990 1884 3042 αὑ-

382 3059 452 3154 τὸν
474 3062 546 3132 τὴν
567 3067 713 3140 ἀρχὴν
743 3072 850 3123 ὑπὸ
880 3072 973 3126 τοῦ
1006 3073 1139 3127 Θεοῦ
1159 3075 1325 3147 δηλοῖ,
1362 3079 1453 3130 καὶ
1487 3081 1544 3131 ἐν
1577 3077 1654 3148 τῷ
1687 3079 1882 3154 Ἡσαΐᾳ

384 3151 744 3228 ἀναιρεθήσεσθαι
791 3163 868 3227 t'og
919 3165 1173 3237 πολέμιον
1217 3167 1304 3221 διὰ
1349 3168 1450 3239 τῆς
1493 3170 1736 3242 μεγάλης
1784 3151 1883 3243 μα.-

386 3246 548 3315 κείρας,
572 3252 672 3321 ἥτις
701 3256 846 3309 ἐστὶν
877 3259 905 3309 ό
935 3259 1187 3330 Χριστὸς,
1226 3261 1500 3332 σημαίνει.

439 3336 505 3389 92.
538 3339 695 3397 Εἰοῦν
725 3364 810 3411 τις
864 3350 940 3420 μὴ
994 3351 1132 3421 μετὰ
1186 3352 1430 3425 μεγάλης
1501 3354 1721 3426 χάριτος
1779 3357 1876 3427 τῆς

387 3430 500 3500 παρὰ
533 3433 643 3491 Θεοῦ
671 3441 820 3494 λάϐοι
854 3443 1041 3513 νοῆσαι
1088 3444 1154 3497 τὰ
1198 3446 1469 3517 εἰρημένα
1515 3448 1608 3501 καὶ
1649 3466 1877 3518 γεγενη-

384 3522 492 3589 μένα
516 3527 598 3581 ὑπὸ
624 3532 717 3586 τῶν
749 3534 1068 3605 προφητῶν,
1097 3537 1247 3590 οὐδὲν
1282 3539 1440 3592 αὐτὸν
1460 3542 1656 3611 ,ὀνήσει
1690 3542 1749 3594 τὸ
1784 3544 1877 3608 τὰς

377 3614 524 3683 ῥήσεις
550 3620 702 3676 δοκεῖν
733 3625 993 3698 λέγειν,ἢ
1029 3627 1097 3681 τὰ
1128 3632 1493 3700 γεγενημένα,
1530 3634 1579 3685 εἰ
1615 3633 1690 3705 μὴ
1722 3634 1880 3703 λόγον

372 3705 461 3811 ἔξει
488 3714 563 3767 καὶ
591 3719 705 3811 crept
738 3720 916 3773 αὐτῶν
952 3722 1277 3777 ἀποδιδόναι.
1329 3724 1489 3779 Ἀλλὰ
1524 3728 1654 3798 μήτι
1687 3744 1751 3795 γε
1785 3730 1881 3783 καὶ

368 3806 756 3904 εὐκαταφρόνητα
819 3809 960 3874 δόξει
1019 3815 1128 3875 τοῖς
1186 3812 1399 3879 πολλοῖς
1464 3816 1570 3870 ὑπὸ
1634 3817 1742 3871 τῶν
1804 3819 1880 3889 μὴ

362 3900 574 3950 νοούντων
602 3900 732 3955 αὐτὰ
763 3900 1068 3973 λεγόμενα;
1106 3905 1154 3956 εἰ
1188 3904 1296 3977 γάρ
1329 3923 1412 3970 τις
1447 3906 1721 3973 ἐξετάζειν
1756 3907 1881 3978 βού-

353 3985 472 4041 λοιτο
498 3988 656 4059 ὑμᾶς,
690 3994 771 4047 ὅτι
819 3993 1008 4066 Ἑνὼχ,
1046 3996 1140 4049 καὶ
1186 3996 1309 4049 Νῶε
1343 3997 1459 4069 ἅμα
1504 4002 1615 4063 τοῖς
1648 3999 1879 4065 τέκνοις,

348 4079 427 4131 καὶ
455 4080 505 4132 εἴ
527 4099 657 4147 τινες
690 4084 838 4138 ἄλλοι
872 4085 1102 4139 τοιοῦτοι
1134 4089 1417 4155 γεγόνασι,
1456 4091 1593 4162 μήτε
1628 4093 1685 4145 ἐν
1720 4110 1879 4164 περι-

342 4174 461 4244 τομῇ
478 4176 770 4246 γενόμενοι,
791 4177 927 4247 μήτε
950 4178 1396 4245 σαϐϐατίσαντες,
1415 4181 1790 4253 εύηρέστησαν
1807 4183 1881 4255 τῷ

416 4328 456 4359 ⁸⁸
490 4328 587 4385 lsa.
619 4345 791 4393 mut,
815 4332 870 4387 1.

1985 593 2088 646 est,
2128 596 2156 633 a
2200 595 2307 650 quo
2346 594 2555 633 summa
2604 593 2731 647 pars
2779 579 2830 630 in
2884 592 3051 629 cornu
3108 575 3395 638 attollitur,
3443 592 3566 629 cum

1985 675 2295 741 adaptatum
2328 670 2489 724 fuerit
2514 669 2659 722 aliud
2689 668 2989 737 |ignum,et
3012 667 3269 736 utrinque
3296 677 3565 727 extrema,

1983 764 2149 818 veluti
2198 780 2399 818 cornua
2448 761 2535 815 uni
2573 759 2827 827 adjuncta
2877 774 3048 813 cornu
3090 758 3467 827 apparuerint.
3501 756 3567 809 Et

1983 857 2111 911 illud
2146 856 2286 925 quod
2321 857 2372 906 in
2404 853 2580 907 medio
2612 852 2813 923 ﬁgitur,
2838 862 2897 904 ut
2927 850 2975 905 ei
3010 851 3284 905 insideant
3313 852 3404 918 qui
3439 866 3559 906 ern-

1984 951 2293 1020 ciﬁguntur,
2331 948 2506 1015 ipsum
2542 946 2705 1000 etiam
2736 945 2900 997 veluti
2930 944 3199 1011 quoddam
3227 959 3396 996 cornu
3436 945 3565 997 emi-

1985 1056 2097 1107 net,
2135 1054 2189 1099 et
2233 1061 2399 1098 conm
2435 1042 2671 1113 speciem
2709 1040 2934 1094 exhibet
2983 1054 3104 1092 cum
3139 1036 3262 1091 aliis
3305 1038 3563 1091 cornibus

1985 1137 2384 1191 c0nl‘ormatum
2418 1148 2471 1188 et
2508 1135 2691 1187 ﬁxum.
2724 1131 2855 1185 Illud
2890 1142 3104 1184 autem:
3131 1151 3149 1182 ι
3179 1129 3273 1183 llis
3308 1129 3564 1184 cornibus

1984 1238 2170 1298 gentes
2198 1236 2341 1294 petet
2366 1227 2491 1279 inde
2527 1240 2695 1293 usque
2716 1225 2781 1276 ab
2809 1232 3050 1277 extremo
3085 1231 3261 1281 terrae,
3294 1239 3313 1272 ι
3342 1220 3390 1272 id
3421 1221 3563 1287 quod

1984 1323 2144 1377 hodie
2197 1322 2248 1374 in
2300 1319 2550 1373 omnibus
2606 1317 2860 1386 gentibus
2910 1314 3115 1367 factum
3163 1313 3432 1376 videmus,
3466 1314 3562 1365 de-

1987 1421 2272 1468 monstrat.
2303 1412 2480 1467 Cornu
2523 1411 2663 1464 enim
2701 1409 2879 1478 petiti,
2916 1408 2968 1461 id
3002 1416 3086 1461 est
3116 1407 3430 1474 compnneti
3468 1420 3564 1473 per

1985 1506 2088 1561 hoc
2120 1505 2436 1576 mysterium
2486 1501 2734 1556 homines
2771 1516 2839 1555 ex
2890 1500 3145 1555 omnibus
3194 1498 3446 1567 gentibus
3498 1497 3565 1550 ab

1986 1599 2239 1653 inanibus
2285 1596 2591 1652 simulacris
2643 1604 2699 1650 et
2746 1593 3079 1648 dmmonibus
3110 1594 3180 1647 ad
3217 1593 3310 1646 Dei
3357 1590 3563 1647 cultum

1987 1690 2233 1746 conversi
2279 1698 2427 1744 sunt.
2474 1688 2773 1743 lneredulis
2820 1696 2999 1741 autem
3047 1685 3189 1739 idem
3242 1686 3456 1754 signum
3508 1683 3561 1735 in

1987 1784 2258 1840 excidium
2318 1796 2373 1836 et
2423 1781 2933 1837 condemnationem
2986 1779 3343 1834 ostenditur:
3402 1776 3566 1847 189

1985 1874 2435 1944 quemadmodum
2472 1874 2525 1926 in
2573 1872 2769 1941 populo
2800 1871 2892 1941 qui
2926 1884 2993 1923 ex
3031 1868 3268 1941 {Egypto
3301 1870 3565 1923 discesse—

1986 1981 2093 2035 rat,
2130 1982 2225 2036 per
2248 1967 2394 2021 illam
2414 1982 2670 2019 manuum
2697 1963 2895 2035 Moysis
2921 1973 3271 2017 extensarum
3297 1962 3560 2030 speciem,

1985 2071 2039 2116 et
2084 2076 2179 2131 per
2224 2074 2417 2113 nomen
2464 2056 2590 2112 Jesu
2636 2058 2746 2111 tilio
2779 2056 2941 2109 Nava:
2984 2055 3294 2125 impositum
3339 2052 3564 2106 Amalec

1986 2154 2202 2219 quidem
2239 2151 2581 2215 vincebatur,
2622 2148 2784 2204 Israel
2835 2160 3021 2203 autem
3074 2148 3348 2202 vincebat.
3382 2148 3565 2214 Atque

1987 2244 2133 2299 illam
2170 2244 2335 2297 etiam
2379 2240 2629 2310 ﬁguram,
2668 2240 2905 2309 illudque
2933 2239 3148 2308 signum
3195 2237 3336 2307 quod
3369 2240 3566 2291 adven-

1984 2351 2077 2390 sus
2111 2335 2442 2402 serpentium
2492 2347 2705 2387 morsus
2751 2331 2936 2386 lsraeli
2986 2330 3295 2385 institutum
3342 2340 3449 2394 est,
3493 2329 3565 2383 ad

1984 2442 2175 2482 eorum
2211 2426 2440 2479 salutem
2492 2436 2732 2479 erectum
2780 2438 2900 2478 esse
2936 2422 3133 2493 liquet,
3177 2421 3265 2490 qui
3296 2421 3409 2492 jam
3446 2430 3571 2473 tum

1986 2521 2405 2589 przcnuutiatam
2449 2519 2618 2573 fuisse
2654 2518 2883 2571 credunt
2923 2528 2978 2570 et
3035 2525 3265 2569 mortem
3321 2515 3576 2583 serpenti:

1987 2628 2081 2683 per
2104 2627 2253 2678 eum,
2280 2611 2373 2680 qui
2416 2611 2809 2681 cruciﬁgendns
2842 2619 2983 2675 erat,
3029 2607 3289 2670 futuram,
3327 2617 3381 2662 et
3415 2607 3562 2662 salu-

1988 2714 2094 2759 tem
2148 2704 2213 2758 iis
2271 2704 2363 2772 qui
2415 2704 2686 2772 serpentis
2724 2701 3002 2756 morsibus
3050 2700 3162 2753 Ιαιεὶ
3215 2699 3283 2753 ad
3332 2714 3480 2763 eum,
3529 2713 3559 2750 ιι

1984 2811 2093 2866 quo
2123 2793 2421 2849 cruciﬁxus
2458 2792 2548 2847 ille
2594 2792 2768 2848 Filius
2805 2792 2862 2846 in
2899 2792 3158 2845 mundum
3208 2790 3407 2844 missus
3452 2798 3558 2850 est,

1988 2888 2326 2957 confugiunt.
2373 2885 2563 2955 Neque
2587 2887 2732 2941 enim
2767 2901 2866 2940 nos
2901 2885 2953 2939 in
2986 2894 3299 2952 serpentem
3336 2888 3561 2939 credere

1986 2980 2210 3051 spiritus
2253 2978 2603 3050 propheticus
2657 2993 2752 3046 per
2797 2976 3037 3048 Moysem
3075 2977 3322 3042 docebat,
3362 2976 3562 3045 quippe

1986 3089 2108 3130 cum
2151 3088 2274 3128 eum
2309 3076 2377 3129 ab
2414 3074 2571 3127 initio
2606 3072 2740 3127 diris
2778 3087 2807 3125 a
2842 3071 2953 3125 Deo
3000 3072 3252 3125 devotum
3297 3085 3419 3125 esse
3465 3071 3561 3122 ile-

1988 3176 2275 3233 monstret,
2311 3173 2367 3221 et
2401 3165 2542 3235 apud
2588 3162 2783 3217 Isaiam
2828 3177 3024 3230 magno
3070 3161 3246 3230 gladio
3276 3160 3343 3229 (is
3377 3167 3561 3213 autem

1981 3256 2251 3327 Christus)
2282 3265 2539 3326 tanquam
2579 3256 2792 3309 hostem
2819 3262 3072 3308 necatum
3097 3252 3164 3307 iri
3188 3252 3458 3321 signiﬁcet
3491 3252 3557 3305 “.

2052 3350 2144 3407 92.
2173 3350 2297 3404 Nisi
2327 3347 2623 3415 Scriptura:
2648 3365 2767 3403 cum
2791 3363 2981 3416 magna
3023 3346 3119 3401 Dei
3160 3347 3333 3414 gratia
3365 3344 3562 3398 intelli-

1979 3453 2193 3513 gantur,
2220 3458 2323 3495 non
2340 3440 2599 3495 videbitur
2630 3438 2770 3492 Deus
2793 3438 3027 3492 eamdem
3055 3452 3257 3502 semper
3276 3436 3549 3503 justitiam

1982 3536 2240 3589 docuisse.
2290 3565 2358 3573 —
2410 3536 2464 3587 Si
2516 3535 2636 3602 quis
2685 3533 2847 3603 igitur
2894 3547 3140 3600 magnam
3190 3530 3329 3584 hanc
3370 3547 3399 3582 a
3448 3528 3559 3581 Deo

1982 3627 2212 3699 gratiam
2262 3642 2368 3681 non
2419 3625 2713 3694 acceperit,
2767 3635 2826 3676 ut
2867 3625 3250 3691 prophetarum
3308 3620 3456 3673 dicta
3504 3629 3583 3675 et.

1983 3717 2131 3772 facta
2174 3716 2460 3788 intelligat,
2510 3714 2647 3770 nihil
2693 3713 2744 3767 ei
2788 3713 3030 3784 proderit
3076 3713 3238 3767 verba
3286 3721 3342 3765 et
3384 3722 3590 3781 gesta..

1984 3826 2215 3881 quorum
2249 3811 2515 3865 rationem
2550 3807 2772 3862 reddere
2803 3823 2907 3860 non
2936 3807 3128 3873 possit,
3157 3805 3338 3875 eloqui
3366 3805 3557 3862 videri.
3592 3862 3595 3865 ,
3664 3866 3669 3873 ,

1986 3902 2092 3959 Sed
2124 3918 2195 3957 an
2225 3917 2332 3957 non
2361 3901 2520 3959 etiam
2544 3907 2860 3967 contemptu
2894 3900 3053 3967 digna
3088 3896 3269 3953 multis
3301 3898 3561 3951 videbun-

1992 4007 2100 4062 tur,
2128 3996 2172 4051 si
2205 3996 2271 4050 ab
2298 3993 2383 4049 his
2428 3993 2517 4063 qui
2544 4007 2647 4046 non
2677 3991 2981 4060 intelligunt
3013 3988 3401 4058 proferantur?
3424 3989 3559 4043 Nam
3602 4034 3605 4039 ι

1989 4087 2035 4143 si
2062 4087 2188 4158 quis
2217 4101 2463 4158 quaerere
2505 4099 2570 4139 ex
2605 4082 2757 4137 vobis
2788 4080 2940 4147 velit,
2972 4095 3070 4136 cur
3112 4098 3235 4137 cum
3286 4081 3467 4143 Enoch
3502 4092 3563 4137 et

1988 4179 2101 4236 Noe
2132 4194 2253 4236 cum
2288 4178 2436 4244 ﬁliis,
2460 4178 2578 4233 etsi
2611 4178 2706 4251 qui
2742 4178 2835 4232 alii
2868 4176 3153 4249 ejusmodi,
3179 4178 3294 4231 sine
3320 4177 3561 4231 circum-

329 4520 505 4583 taurus
542 4512 609 4583 ob
645 4521 935 4581 utramque
976 4512 1416 4582 dispositionem,
1456 4514 1578 4569 aliis
1621 4516 1786 4582 ferus,
1822 4524 1877 4570 nt
1909 4522 1954 4578 D
1984 4515 2146 4571 decor
2180 4514 2327 4582 ejus;
2364 4529 2578 4583 {cornua
2628 4514 2906 4569 unicornis
2950 4529 3159 4568 cornua
3214 4514 3355 4582 ejus,
3394 4516 3446 4567 in
3483 4516 3561 4574 eis

325 4582 497 4650 jndex,
536 4582 658 4636 aliis
686 4594 1043 4660 .mansuetus,
1064 4596 1146 4660 _t_it
1180 4585 1441 4660 salvator,
1479 4585 1635 4655 cujus
1669 4602 1875 4641 cornua

326 4663 498 4707 essent
551 4652 732 4703 crucis
783 4652 1010 4708 extima.
1063 4653 1196 4708 Nam
1232 4665 1287 4709 et
1324 4656 1376 4711 in
1413 4652 1651 4711 anteiina
1704 4660 1878 4723 navis,

320 4741 437 4793 qua:
459 4727 632 4778 crucis
667 4740 795 4792 pars
829 4734 933 4787 est,
968 4739 1169 4779 cornua
1204 4729 1578 4783 extremitates
1600 4727 1756 4793 hujus
1791 4744 1883 4784 vo-

322 4806 527 4858 cantur,
561 4794 843 4848 unicornis
865 4804 1045 4866 autem
1081 4795 1251 4849 media
1277 4797 1881 4866 stipitepalusJEadem

319 4866 688 4935 deprehendes
717 4866 840 4918 adv.
876 4863 1045 4935 Marc,
1079 4882 1160 4929 ιιι,
1190 4881 1239 4918 c.
1283 4863 1367 4921 18.
1406 4868 1583 4921 Οττο.

388 4934 495 5003 (72)
531 4934 615 5007 Τῷ
639 4934 729 4987 ἐνὶ
760 4935 979 5003 κέρατι.
1010 4934 1105 4990 His
1139 4937 1321 4990 verbis
1358 4936 1458 5007 loci
1509 4937 1685 5005 hujus,
1722 4953 1881 5007 quem

318 5006 553 5062 nonnulli
590 5016 907 5074 corruptum
960 5006 1235 5061 immerito
1280 5006 1651 5073 crediderunt,
1691 5006 1886 5065 sensus

316 5079 637 5148 illustratur.
671 5075 787 5148 Non
820 5077 963 5129 enim
997 5077 1128 5129 dicit
1168 5075 1413 5148 Justinus
1450 5079 1731 5133 unicornis
1759 5094 1884 5148 spes

316 5151 449 5204 ciem
477 5147 627 5200 cruci
661 5146 900 5201 similem
934 5161 1080 5213 esse,
1112 5161 1287 5215 neque
1310 5147 1364 5202 in
1399 5149 1681 5202 unicornis
1713 5146 1883 5204 cornu

318 5228 592 5273 exstantes
652 5217 917 5290 ramulos,
967 5227 1025 5271 ut
1068 5219 1335 5290 opinatus
1392 5230 1475 5273 est
1538 5220 1881 5290 Sylburgins,

321 5289 722 5342 animadvertit.
767 5286 875 5343 Sed
925 5288 1187 5343 cornibus
1240 5286 1605 5353 unicornium',
1662 5286 1783 5358 qufe
1829 5292 1883 5345 in

321 5359 595 5428 Scriptura
643 5366 1033 5421 memorantur,
1072 5373 1290 5413 crucem
1328 5360 1619 5429 signiﬁcari
1657 5372 1884 5415 conten-

322 5430 417 5495 dit,
458 5428 582 5498 quia
610 5445 744 5484 crux
781 5428 915 5482 nihil
957 5429 1100 5483 aliud
1134 5437 1237 5495 est,
1272 5428 1434 5499 quam
1483 5447 1651 5486 unum
1685 5433 1911 5500 lignum.

324 5510 577 5563 erectum,
612 5501 730 5555 sive
761 5515 926 5553 unum
960 5514 1150 5562 cornu,
1182 5503 1267 5555 cui
1298 5503 1402 5555 duo
1423 5513 1688 5567 extrema,
1720 5504 1882 5555 veluti

325 5570 537 5623 totidem
580 5585 808 5632 cornua,
846 5569 1155 5624 adduntur:
1199 5572 1341 5627 aliud
1376 5572 1536 5625 etiam
1591 5588 1758 5626 cornu
1806 5574 1885 5624 in-

324 5641 543 5710 spicitur
576 5643 630 5695 in
685 5641 780 5695 illo
814 5640 982 5710 ligno.
1009 5642 1151 5709 quod
1188 5642 1239 5694 in
1288 5642 1466 5697 medio
1500 5645 1680 5697 crucis
1716 5644 1884 5696 lixnm

320 5720 414 5776 est,
464 5724 522 5764 ut
580 5712 858 5765 insideant
904 5713 1446 5781 quircruciﬁgnntur.
1507 5713 1659 5768 Hunc
1704 5715 1882 5767 locum

323 5782 453 5852 haud
478 5783 644 5837 aliter
676 5782 952 5836 intellexit
977 5780 1365 5845 Tertullianus,
1396 5786 1483 5852 qui
1512 5786 1564 5838 in
1598 5787 1736 5839 libro
1760 5787 1882 5836 adv.

320 5851 419 5906 Jud
468 5865 520 5909 et
548 5870 606 5910 ιιι
644 5856 766 5910 adv.
802 5852 971 5907 Marc.
998 5870 1119 5924 cap.
1157 5857 1249 5923 18,
1278 5859 1355 5911 sic
1396 5851 1634 5926 loquitur
1673 5873 1687 5911 :
1718 5856 1887 5911 Tauri

1989 4587 2239 4659 nat_i_ones
2264 4586 2549 4659 ventilabit
2566 4588 2769 4653 pariter
2793 4588 2860 4659 ad
2888 4601 3158 4659 summum
3179 4601 3349 4659 usque
3376 4593 3558 4659 teme.

1994 4673 2015 4706 ι
2066 4656 2184 4710 Non
2232 4654 2422 4725 utique
2473 4656 2786 4710 rliinoccros
2831 4655 3205 4708 destinabatur
3254 4654 3558 4725 unicornis.

1988 4726 2075 4781 vel
2112 4724 2455 4781 minotaurus
2481 4725 2751 4789 bicornis;
2781 4729 2875 4780 sed
2905 4726 3154 4779 Christus
3188 4726 3239 4777 in
3278 4724 3367 4777 illo
3387 4727 3556 4792 signi-

1989 4797 2277 4859 ﬁcabatur,
2313 4800 2608 4851 tanrusob
2646 4807 2929 4864 utramque
2965 4796 3400 4863 dispositionem,
3440 4798 3562 4849 aliis

1988 4869 2138 4922 ferus
2168 4879 2227 4920 ut
2255 4867 2459 4936 judcx,
2506 4867 2629 4919 aliis
2670 4876 3077 4936 mansuetusﬂut
3114 4866 3379 4930 salvator,
3406 4867 3561 4932 cujus

1989 4953 2194 4993 cornua
2230 4934 2412 4993 essent
2455 4938 2638 4991 crucis
2687 4940 2911 4991 extima.
2965 4934 3097 4988 Nam
3133 4945 3188 4988 et
3228 4936 3280 4989 in
3320 4945 3559 4988 anteum

1989 5009 2165 5075 navis,
2204 5024 2325 5078 quae
2370 5009 2550 5063 crucis
2598 5023 2726 5076 pars
2774 5021 2879 5073 est,
2926 5021 3131 5061 cornua
3180 5006 3561 5078 extremitates

1987 5076 2289 5147 vocantur;
2341 5080 2621 5133 unicornis
2653 5087 2832 5132 autem
2872 5078 3048 5132 media
3092 5077 3295 5143 stipitis
3330 5076 3504 5143 palus.
3537 5096 3553 5125 ι

1988 5147 2280 5204 Unieornis
2316 5165 2443 5218 ergo
2478 5164 2929 5205 cornuacrucem
2969 5156 3382 5218 reprmsentant,
3432 5147 3559 5213 quia

1988 5221 2164 5275 media
2200 5216 2403 5290 stipitis
2453 5222 2627 5288 palus,
2670 5221 2791 5275 sive.
2828 5233 2991 5273 unum
3043 5217 3170 5290 illud
3206 5216 3408 5286 lignum
3436 5233 3558 5271 ere-

1988 5300 2160 5355 ctum,
2211 5288 2297 5345 est
2329 5291 2609 5345 unicornis
2642 5292 2908 5358 quiednn,
2945 5290 3031 5342 cui
3069 5288 3173 5341 alia
3224 5302 3430 5342 cornua
3465 5292 3560 5340 ad-

1989 5359 2212 5424 duutur,
2250 5362 2375 5416 dum
2409 5362 2556 5431 aliud
2585 5360 2787 5431 lignum
2823 5362 3135 5431 adaptatur.

2064 5432 2178 5501 (75)
2218 5432 2302 5498 Τῷ
2358 5426 2996 5501 Ἰσραήλ.”ιὶθ[υτιιιιιιιι·
3027 5430 3143 5483 haec
3181 5430 3343 5484 verba
3373 5426 3441 5482 ad
3470 5442 3558 5481 se-

1989 5500 2165 5572 quens
2189 5504 2538 5574 participium
2583 5500 2947 5574 γεγενημένη,
2980 5517 3078 5555 nec
3109 5509 3436 5574 tieccsssest
3465 5514 3559 5553 aut

1990 5571 2051 5627 ea
2086 5571 2206 5642 post
2232 5572 2487 5634 ἀνάθεσις
2544 5573 2791 5641 rejicerc,
2827 5584 2881 5625 ιιι
2910 5574 3088 5640 placet
3113 5571 3422 5641 Sylbuzgio.
3466 5582 3559 5624 ant

1990 5638 2171 5714 legere
2201 5648 2290 5701 τὸν
2338 5638 2611 5715 Ἰσραήλβ
2664 5713 2679 5715 _
2778 5638 2784 5639 ⁷
2910 5638 2926 5640 _

2062 5712 2175 5788 (74)
2218 5712 2613 5785 Καταρᾶσθαι.
2660 5713 2884 5773 Rectius
2929 5712 3267 5785 κατηρᾶσθαι
3318 5720 3575 5784 tfuupote.

1990 5789 2286 5857 praeterito.
2325 5792 2675 5846 Smuactus.

3522 5984 3525 5987 _
3562 5934 3591 5971 Δ
