3962 6262
432 313 539 374 695

1414 307 1472 369 Β.
1514 309 1777 369 JUS'l‘lNI
1812 310 2221 369 PHILOSOPH]
2254 312 2341 368 ET
2378 309 2733 368 MARTYRIS

3578 313 3680 371 696

435 434 639 489 cisione
674 438 727 487 et
757 430 1002 488 sabbatis
1035 430 1339 502 placuerint
1370 431 1502 498 Deo,
1531 446 1627 499 per
1654 432 1791 485 alios
1837 430 1991 485 duces

2108 431 2261 503 Θεῷ,
2310 433 2394 497 τίς
2428 434 2462 504 ἡ
2493 428 2647 487 atria.
2677 428 2769 484 τοῦ
2803 429 2874 483 δι’
2909 428 3083 483 ἄλλων
3118 426 3431 499 προστατῶν
3448 426 3561 499 (75)
3585 430 3682 484 καὶ

433 534 490 577 et
520 522 656 593 legis
686 523 1080 578 institutionem
1117 532 1196 577 tot
1226 522 1423 592 elapsis
1450 524 1703 578 aetatibus
1733 523 1873 578 Deus
1908 523 2001 593 ju-

433 614 659 668 stificari
697 613 944 678 voluerit,
978 628 1071 668 eos
1094 614 1334 683 quidem,
1364 614 1454 685 qui
1490 614 1557 667 ab
1590 614 1901 668 Ahrahamo
1931 616 1999 670 ad

433 701 670 774 Moysem
716 701 959 766 fuerunt,
1000 716 1097 771 per
1140 701 1637 762 circumcisionem,
1683 714 1778 754 eos
1820 711 1996 755 autem

430 793 521 862 qui
547 800 666 862 post
688 791 954 863 Moysem,
983 802 1093 846 tum
1125 808 1221 861 per
1248 791 1740 856 circumcisionem,
1767 800 1876 845 tmn
1904 805 2000 858 per

433 883 535 937 alia
574 892 865 953 praecepta,
905 884 956 937 id
1003 892 1105 949 est,
1137 885 1447 951 sabbatum,
1484 885 1754 947 victimas,
1787 884 1998 939 cineres

438 984 494 1030 et
540 977 716 1043 dona;
749 978 1038 1031 calumniis
1076 987 1362 1047 appetetur
1408 977 1573 1043 Deus,
1612 978 1739 1044 nisi,
1785 992 1845 1033 ut
1881 978 1998 1048 jam

432 1069 564 1135 dixi,
604 1070 656 1124 id
690 1085 867 1125 causae
896 1071 1285 1125 demonstretis
1330 1070 1522 1137 fuisse,
1553 1072 1695 1141 quod
1743 1070 1997 1140 populum

431 1171 676 1215 vestrum
715 1162 978 1232 pnescius
1006 1162 1248 1215 omnium
1281 1161 1420 1216 Deus
1452 1162 1771 1216 meriturum
1801 1178 2000 1233 cogno-

430 1256 593 1316 verit,
625 1263 683 1308 ut
730 1255 1123 1325 Hierosolymis
1154 1254 1470 1324 pelleretur,
1503 1269 1602 1309 nec
1641 1255 1892 1323 cuiquam
1932 1270 1999 1312 eo

431 1346 638 1419 ingredi
682 1347 892 1402 liceret.
928 1347 1079 1401 Nulla
1106 1348 1250 1402 enim
1281 1363 1336 1403 re
1370 1348 1472 1403 alia
1503 1348 1907 1418 dignoscimini,
1938 1359 2001 1404 ut

425 1439 538 1509 jam
567 1438 701 1507 dixi,
721 1440 824 1495 nisi
854 1442 954 1495 ista
979 1442 1160 1496 carnis
1186 1442 1617 1497 circumcisione.
1646 1441 1833 1511 Neque
1853 1442 1997 1498 enim

429 1530 801 1585 Abrahamum
828 1532 1191 1599 Deusjustum
1219 1548 1314 1603 per
1336 1535 1810 1590 circumcisionem
1832 1534 1999 1590 fuisse

430 1631 658 1677 testatus
699 1631 802 1689 est,
833 1622 927 1677 sed
963 1638 1061 1693 per
1098 1623 1277 1679 ﬁdem.
1319 1626 1461 1679 Ante
1506 1626 1651 1681 enim
1691 1641 1854 1695 quam
1891 1626 2000 1681 cir-

430 1714 711 1769 cumcisus
743 1724 908 1780 esset,
948 1714 1021 1768 ita
1047 1715 1112 1769 de
1149 1730 1213 1769 eo
1251 1716 1456 1771 dictum
1488 1716 1718 1787 legimus
1752 1735 1766 1772 :
1805 1734 1825 1769 ι
1862 1716 1996 1774 Cre-

2108 524 2429 597 νομοθεσίας
2477 523 2615 595 μετά
2646 521 2917 586 τοσαύτας
2962 520 3157 589 γενεὰς
3189 519 3374 586 ἀξιοῦν
3424 521 3515 575 τὸν
3549 521 3683 577 Θεὸν

2104 613 2443 671 δικαιοῦσθαι
2479 614 2578 684 μὲν
2611 612 2734 676 τοὺς
2769 610 2877 665 ἀπὸ
2922 609 3169 683 Ἀϐραὰμ
3204 610 3368 683 μέχρι
3401 612 3682 678 Μωῦσέως

2103 708 2192 762 διὰ
2226 707 2547 778 περιτομῆς,
2570 704 2695 768 τοὺς
2712 704 2767 757 δὲ
2783 702 2891 758 ἀπὸ
2909 702 3187 766 Μωῦσέως
3220 703 3314 757 καὶ
3346 703 3436 757 διὰ
3465 720 3685 775 περιτο-

2107 798 2234 869 μῆς,
2260 797 2354 850 καὶ
2386 797 2490 850 τῶν
2522 794 2695 849 ἄλλων
2719 792 2966 858 ἐντολῶν,
2991 792 3235 846 τουτέστι
3271 792 3565 857 σαϐϐάτου,
3584 791 3683 847 καὶ

2104 889 2337 954 θυσιῶν,
2392 887 2486 941 καὶ
2520 887 2728 940 σποδῶν
2765 884 2907 956 (76),
2958 884 3052 937 καὶ
3087 882 3445 956 προσφορῶν,
3481 886 3531 935 εἰ
3567 883 3681 953 μὴ,

2103 982 2178 1046 ὡς
2213 981 2536 1053 προείρηται
2571 978 2661 1032 ὑπ’
2697 976 2854 1049 ἐμοῦ,
2890 976 3228 1043 ἀποδείξετε,
3262 978 3342 1030 ὃτι
3374 976 3461 1031 διὰ
3493 976 3553 1030 τὸ
3587 976 3685 1031 τὸν

2102 1071 2254 1135 Θεὸν,
2278 1070 2632 1144 προγνὼστην
2666 1070 2811 1135 ὄντα,
2832 1068 3129 1138 ἐγνωκέναι
3145 1067 3292 1132 ἀξιον
3313 1067 3685 1139 γενησόμενον

2102 1166 2192 1219 τὸν
2224 1165 2349 1218 λαὸν
2383 1163 2536 1235 ὑμῶν
2560 1161 2887 1234 ἐκϐληθῆναι
2920 1162 3027 1215 ἀπὸ
3058 1161 3154 1231 τῆς
3190 1160 3564 1233 Ἰερουσαλὴμ,
3583 1158 3683 1215 καὶ

2105 1257 2311 1329 μηδένα
2370 1252 2762 1326 ἐπιτρέπεσθαι
2821 1251 3081 1305 εἰσελθεῖν
3140 1254 3273 1304 ἐκεῖ.
3344 1250 3681 1321 (Οὑδαμόθεν

2104 1344 2215 1415 (77)
2242 1344 2347 1413 γὰρ
2379 1340 2671 1413 ἀλλαχόθεν
2706 1340 2829 1393 ἐστὲ
2862 1338 3273 1413 γνωριζόμενοι,
3296 1340 3371 1405 ὡς
3408 1342 3682 1413 προέφην,

2102 1439 2151 1490 εἰ
2189 1435 2263 1507 μὴ
2287 1435 2392 1488 ἀπὸ
2417 1434 2514 1505 τῆς
2548 1432 2677 1505 περὶ
2699 1432 2795 1503 τὴν
2829 1432 3009 1505 σάρκα
3041 1432 3364 1504 περιτομῆς.
3401 1433 3535 1486 υύδέ
3565 1433 3684 1505 γάρ

2114 1526 2363 1599 Ἀϐραὰμ
2406 1526 2493 1580 διὰ
2540 1526 2639 1595 τὴν
2672 1523 2976 1595 περιτομὴν
3007 1524 3214 1589 δίκαιος
3249 1519 3390 1578 εἶναι
3438 1524 3543 1577 ὑπὸ
3577 1523 3677 1578 τοῦ

2101 1617 2235 1670 Θεοῦ
2273 1615 2648 1689 ἐμαρτυρήθη,
2706 1614 2843 1668 ἀλλὰ
2888 1614 2975 1667 διὰ
3026 1614 3123 1686 τὴν
3166 1615 3364 1667 πίστιν.
3424 1615 3539 1686 Πρὸ
3585 1616 3681 1668 τοῦ

2101 1711 2210 1782 γὰρ
2242 1708 2644 1782 περιτμηθῆναι
2676 1708 2839 1761 αὐτὸν
2873 1706 3086 1779 εἴρηται
3121 1707 3250 1779 περὶ
3282 1707 3444 1761 αὐτοῦ
3470 1708 3644 1772 οὕτως
3664 1724 3682 1738 ⁶

432 1806 568 1860 didit
594 1807 867 1861 Abraham
894 1807 1021 1874 Deo,
1067 1817 1122 1862 et
1150 1818 1453 1879 reputatum
1508 1784 1593 1866 est
1634 1812 1683 1866 ei
1733 1813 1799 1867 ad
1835 1812 1991 1882 justi-

2117 1803 2471 1856 Ἐπίστευσε
2486 1801 2552 1855 δὲ
2569 1800 2647 1867 τῷ
2665 1798 2786 1864 Θεῷ
2801 1801 2856 1853 Ἀ
2866 1799 3072 1868 ϐραὰμ,
3093 1800 3190 1853 καὶ
3213 1800 3497 1869 ἐλογίσθη
3520 1798 3687 1865 αὺτῷ

433 1897 566 1951 tiam
583 1897 649 1952 ".
674 1915 693 1949 ι
727 1898 794 1952 Ει
820 1914 917 1953 nos
947 1900 1225 1968 igitur,qui
1246 1902 1296 1955 in
1319 1902 1582 1971 praeputio
1604 1904 1781 1957 carnis
1806 1914 1991 1959 nostra

2100 1900 2189 1963 εὶς
2214 1896 2624 1963 δικαιοσύνην.
2662 1896 2772 1949 Καὶ
2806 1896 2966 1967 ἡμεῖς
3000 1890 3091 1947 οῦν
3125 1894 3182 1945 ἐν
3216 1891 3550 1964 ἀκροϐυστίᾳ
3584 1893 3684 1963 τῆς

430 1988 706 2044 credimus
759 1989 872 2044 Deo
919 2005 1015 2061 per
1071 1992 1368 2060 Christum,
1416 2008 1481 2049 ac
1528 1996 1991 2053 circumcisiOuem

2104 1989 2307 2060 σαρκὸς
2340 1988 2499 2060 ἡμῶν
2534 1987 2879 2054 πιστεύοντες
2913 1988 2988 2059 τῷ
3021 1987 3139 2058 Θεῷ
3170 1988 3257 2041 διὰ
3290 1987 3382 2040 τοῦ
3419 1988 3682 2058 Χριστοῦ,

429 2095 549 2134 eam
599 2081 882 2146 habemus,
917 2098 1037 2153 quae
1082 2084 1237 2138 nobis
1266 2098 1384 2139 eam
1420 2088 1630 2155 adeptis
1672 2089 1911 2157 prodest,
1947 2090 1991 2145 id

2100 2082 2194 2135 καὶ
2240 2081 2545 2153 περιτομὴν
2592 2080 2807 2151 ἔχοντες
2853 2080 2949 2152 τὴν
2996 2079 3311 2149 ὠφελοῦσαν
3354 2082 3506 2150 ἡμᾶς
3552 2084 3685 2144 τοὺς

428 2180 513 2225 est
562 2173 738 2227 cordis
783 2175 1278 2239 circumcisionem,
1322 2176 1561 2229 futurum
1613 2193 1894 2248 speramus
1940 2188 1991 2234 ut

2100 2176 2492 2245 κεκτημένους,
2515 2174 2758 2227 τουτέστι
2793 2174 2890 2244 τῆς
2925 2172 3169 2245 καρδίας,
3205 2172 3403 2225 δίκαιοι
3424 2172 3522 2225 καὶ
3554 2171 3688 2224 ευά-

422 2258 554 2330 justi
580 2271 633 2316 et
660 2264 767 2317 Deo
796 2264 935 2333 grati
971 2266 1339 2333 reperiamur;
1377 2266 1421 2320 si
1450 2267 1665 2335 quidem
1692 2268 1803 2334 jam
1831 2269 1998 2323 etiam

426 2353 499 2408 ab
526 2367 592 2407 eo
620 2354 986 2409 testimonium
1023 2371 1120 2426 per
1149 2357 1495 2427 propheticos
1525 2373 1807 2420 sermones
1835 2374 1998 2416 acce-

429 2442 629 2511 pimus.
671 2442 825 2510 Quod
876 2453 1057 2498 autem
1115 2447 1342 2502 sabbata
1401 2462 1619 2504 servare
1670 2459 1725 2503 et
1772 2465 1998 2506 munera

424 2532 625 2589 oﬂ'erre
645 2535 784 2604 jussi
814 2536 968 2599 estis,
1011 2538 1263 2607 quodque
1300 2538 1476 2593 locum
1517 2540 1583 2593 de
1632 2556 1731 2595 suo
1774 2542 1996 2599 nomine

432 2624 691 2680 Dominus
718 2630 902 2682 vocari
928 2642 1119 2696 passus
1147 2639 1252 2692 est,
1284 2630 1385 2684 nisi
1415 2631 1464 2685 id
1491 2641 1768 2701 propterea
1797 2633 1995 2688 factum

429 2717 833 2783 demonstretis,
888 2734 979 2784 ne,
1028 2728 1087 2773 ut
1138 2720 1395 2784 diximus.
1458 2723 1525 2776 ad
1580 2723 1993 2780 simulacrorum

429 2807 635 2861 cultum
666 2809 871 2879 delapsi
920 2826 984 2866 ac
1034 2813 1128 2867 Dei
1171 2814 1543 2881 immemores,
1578 2817 1725 2885 impii
1755 2827 1811 2872 et
1848 2818 1993 2874 athei

428 2902 644 2967 essetis,
691 2905 879 2973 quales
929 2920 1147 2976 semper
1200 2922 1297 2963 vos
1353 2908 1523 2966 fuisse
1576 2922 1743 2981 patet.
1793 2914 1995 2985 (Atque

431 2993 571 3048 hanc
602 2993 768 3049 fuisse
797 3010 1042 3066 causam,
1071 3015 1170 3053 cur
1204 3000 1345 3057 Deus
1369 3004 1435 3055 de
1465 3004 1709 3058 sabbatis
1744 3016 1798 3060 et
1838 3007 1993 3062 donis

2102 2282 2279 2339 ρεστοι
2312 2264 2388 2335 τῷ
2420 2265 2539 2337 Θεῷ
2572 2264 2860 2335 ἐλπίζομεν
2896 2264 3128 2333 φανῆναι
3163 2281 3176 2294 ·
3215 2262 3403 2333 ἐπειδὴ
3449 2262 3545 2316 καὶ
3580 2264 3683 2334 ἤδη

2099 2358 2575 2431 μεμαρτυρήμεθα
2606 2358 2692 2413 διὰ
2724 2358 2829 2412 τῶν
2866 2357 3214 2431 προφητικῶν
3249 2356 3424 2424 λόγων
3458 2356 3553 2407 ὑπ’
3580 2356 3685 2407 αύ-

2095 2448 2235 2521 τοῦ.)
2283 2450 2355 2503 Τὸ
2386 2450 2441 2502 δέ
2489 2448 2834 2513 σαϐϐατίζειν
2883 2449 3028 2519 (78),
3076 2449 3170 2502 καὶ
3215 2448 3310 2512 τὰς
3361 2446 3685 2519 προσφορὰς

2097 2540 2286 2613 φέρειν
2318 2538 2673 2609 κελευσθῆναι
2720 2541 2887 2609 ὑμᾶς,
2924 2540 3018 2592 καὶ
3050 2540 3212 2592 τόπον
3244 2541 3325 2602 εἰς
3372 2537 3545 2609 ὄνομα
3581 2537 3679 2591 τοῦ

2094 2632 2227 2685 Θεοῦ
2265 2631 2974 2702 ἐπικληθῆναιάνασχέσθαι
3007 2632 3095 2684 τὸν
3129 2631 3352 2703 Κύριον,
3374 2629 3571 2694 ἴνα,ὼς
3608 2628 3685 2681 ετ-

2101 2740 2281 2795 ρηται,
2320 2723 2394 2795 μὴ
2430 2723 2937 2795 εἰδωλολατροῦντες
2970 2723 3065 2776 καὶ
3099 2722 3537 2794 ἀμνημονοῦντες
3581 2720 3679 2774 τοῦ

2095 2815 2249 2879 Θεοῦ,
2286 2815 2499 2880 ἀσεϐεῖς
2550 2816 2645 2870 καὶ
2691 2815 2839 2870 ἄθεοι
2874 2814 3141 2887 γένησθε,
3177 2814 3252 2880 ὡς
3287 2814 3375 2867 ἀεὶ
3411 2812 3678 2883 φαίνεσθε

2099 2906 2473 2975 γεγενημένοι.
2524 2904 2656 2975 (Καὶ
2690 2906 2771 2959 ὅτι
2803 2904 2892 2957 διὰ
2925 2903 3099 2959 ταῦτα
3132 2903 3445 2956 ἐνετέταλτο
3478 2905 3506 2955 6
3538 2902 3679 2966 Θεὸς

2098 2998 2195 3061 τὰς
2231 2997 2359 3068 περὶ
2394 2996 2676 3051 σαϐϐάτων
2709 2996 2803 3049 καὶ
2838 2996 3161 3068 προσφορῶν
3197 2994 3443 3059 ἐντολὰς,
3494 3010 3679 3064 προα-

430 3083 577 3152 leges
604 3087 763 3157 190
789 3090 1045 3155 sanciret,
1073 3107 1101 3145 a
1133 3107 1219 3147 me
1242 3108 1402 3162 supra
1430 3094 1861 3151 demonstratum
1885 3108 1990 3159 est,

2099 3089 2439 3144 ποδέδεικταξ
2476 3107 2567 3161 μοι
2599 3090 2686 3143 διὰ
2718 3090 2824 3145 τῶν
2860 3090 3276 3163 προειρημένων
3299 3106 3312 3119 ·
3350 3089 3436 3142 διὰ
3467 3088 3524 3140 δὲ
3545 3091 3679 3154 τοὺς

428 3178 524 3230 sed
559 3188 780 3246 propter
817 3196 910 3234 eos
955 3184 1045 3249 qui
1077 3182 1236 3238 hodie
1276 3195 1557 3249 venerunt,
1606 3189 1794 3243 eadem
1838 3204 1992 3257 paene

426 3268 606 3323 omnia
630 3280 873 3339 repetere
896 3273 1063 3343 volo.)
1102 3272 1237 3341 Nisi,
1273 3275 1517 3346 inquam,
1547 3280 1619 3332 ita
1656 3281 1749 3343 sit,
1784 3282 1990 3335 calum-

428 3359 535 3414 niis
569 3372 856 3431 appetetur
883 3364 1046 3430 Deus,
1077 3369 1228 3434 quasi
1265 3382 1363 3422 nec
1392 3366 1699 3424 futurorum
1731 3373 1992 3440 przescius

428 3448 525 3515 sit,
559 3466 656 3507 nec
681 3454 925 3509 eamdem
958 3470 1149 3510 omnes
1171 3457 1437 3525 justitiam
1479 3477 1701 3515 noscere
1730 3472 1784 3515 et
1806 3464 1990 3517 obser-

428 3554 561 3595 vare
598 3543 844 3600 docuerit
872 3547 1092 3616 (multas
1122 3550 1265 3605 enim
1295 3553 1671 3622 generationes
1706 3554 1989 3611 hominum

433 3642 559 3687 ante
599 3633 835 3706 Moysen:
869 3637 1039 3693 fuisse
1079 3639 1295 3709 liquet),
1320 3655 1421 3698 nec
1446 3659 1570 3699 vera
1611 3646 1682 3700 sit
1710 3645 1990 3716 Scriptura

427 3742 549 3796 qua:
593 3728 724 3783 dicit
770 3730 937 3785 Deum
986 3746 1104 3787 esse
1145 3749 1331 3788 verum
1374 3746 1422 3789 et
1449 3735 1680 3804 justum,
1721 3746 1775 3791 et
1799 3753 1990 3794 omnes

429 3819 545 3871 vias
582 3818 700 3889 ejus
730 3820 956 3897 judicia,
987 3838 1084 3878 nec
1132 3840 1251 3879 esse
1296 3826 1635 3896 iniquitatem
1678 3829 1731 3882 in
1762 3844 1846 3884 eo.
1880 3829 1986 3885 Sed

430 3908 558 3975 quia
585 3923 710 3963 vera
737 3920 822 3967 est
852 3911 1129 3984 Scriptura
1152 3933 1166 3981 ;
1193 3918 1359 3971 etiam
1384 3918 1525 3972 Deus
1554 3918 1688 3974 tales
1712 3936 1810 3974 vos
1845 3935 1986 3978 sem-

430 4013 527 4067 per
547 4014 666 4057 esse
698 4018 802 4057 non
834 4005 969 4070 vult,
1003 4007 1326 4077 insipientes
1350 4020 1403 4067 et
1435 4012 1604 4066 vestri
1637 4022 1905 4077 amantes,
1929 4022 1989 4070 ut

428 4107 552 4147 cum
585 4091 824 4161 Christo,
848 4098 939 4168 qui
973 4100 1178 4168 placuit.
1210 4101 1341 4165 Deo,
1370 4112 1423 4157 et
1445 4104 1511 4157 ab
1552 4117 1638 4165 eo,
1680 4114 1739 4157 ut
1762 4118 1829 4158 ex
1859 4118 1987 4158 san-

520 4249 564 4281 "
601 4250 738 4307 Gen.
771 4266 863 4318 xv,
897 4252 949 4307 6.

500 4406 612 4476 (75)
662 4406 744 4460 Δι’
771 4407 976 4461 ἄλλων
1029 4405 1395 4474 προστατῶν.

429 4478 534 4549 legi
574 4492 735 4549 posse
775 4477 1129 4549 «pocrayﬁiv,
1152 4480 1246 4549 sed
1277 4493 1371 4549 eos
1394 4477 1597 4549 refellit
1629 4492 1859 4549 sequens
1894 4493 1987 4531 vo-

429 4495 481 4533 te
520 4495 534 4529 I
578 4495 735 4545 posse
775 4495 1120 4549 προσταγων,
1152 4495 1246 4530 seu
1277 4495 1371 4531 eos
1400 4495 1597 4531 relellll
1629 4495 1859 4544 sequens
1894 4495 1986 4531 vo-

428 4495 680 4603 ca‘hnlum
723 4547 1064 4617 νομοθεσίας.
1109 4546 1304 4616 Liquet
1343 4548 1617 4602 Abraham
1662 4558 1717 4601 et
1749 4546 1986 4616 Moysem

427 4618 710 4689 aptissime
732 4614 1139 4689 hic:desiguari.

524 4687 611 4758 76)
641 4686 905 4758 Σποδῶν.
936 4684 1242 4758 Hcgendum
1278 4684 1541 4740 σπονδῶν.
1565 4686 1879 4743 Τιιιιιιιιιυε.

524 4690 590 4739 76
641 4690 905 4741 Σποδῶν.
936 4690 1242 4758 chendum
1278 4690 1541 4740 σπονδῶν.
1565 4690 1879 4743 Τιιιιιιοιιιε.

523 4690 613 4829 77)
651 4757 1003 4827 Οὐδαμόθεν.
1045 4758 1178 4813 Cum
1213 4771 1404 4811 sensus
1438 4758 1712 4811 absolutus
1755 4774 1858 4810 non
1893 4762 1986 4825 sit,

377 4881 385 4891 _
416 4828 489 4885 La
505 4828 641 4897 ngus
674 4838 801 4881 ante
837 4830 950 4882 lucc
979 4835 1140 4881 verba
1191 4828 1439 4897 apposuit
1472 4832 1536 4878 ad
1578 4829 1983 4884 conclusionem

416 4899 725 4968 superioris
762 4900 965 4965 periodi
998 4916 1011 4951 :
1060 4898 1252 4968 «Quid
1289 4897 1559 4968 habebitis
1593 4901 1734 4965 quod
1763 4913 1986 4967 respon-

417 4965 519 5021 dea
533 4967 639 5023 tis?
670 4984 689 5018 ι
738 4968 844 5021 Sed
887 4968 1063 5022 lucem
1090 4967 1217 5021 huic
1243 4967 1359 5022 loco
1386 4965 1582 5022 all'erre
1609 4965 1985 5025 conatus—sum

420 5051 524 5105 ope
550 5037 910 5107 parenthesis,
942 5054 1102 5107 quam
1136 5048 1316 5092 tamen
1350 5040 1401 5090 in
1432 5037 1624 5093 Latina
1662 5038 1988 5107 interpreta-

425 5109 577 5161 tione
607 5107 927 5161 servandam
957 5122 1061 5161 non
1088 5108 1237 5162 duxi.
1268 5110 1373 5162 Sed
1406 5117 1463 5161 ut
1489 5124 1707 5163 sensum
1737 5109 1987 5165 absolve-

426 5191 760 5248 rem,_supra
793 5178 992 5232 inserui
1016 5179 1130 5231 haec
1152 5179 1312 5233 verba
1348 5197 1361 5233 :
1393 5198 1412 5232 ι
1455 5179 1740 5232 calumniis
1761 5190 1985 5248 appete-

430 5246 747 5319 t_ur_Deus,
812 5266 832 5300 ι
880 5264 1000 5317 quae
1045 5250 1181 5319 infra
1233 5260 1546 5303 occurrunt.
1593 5278 1665 5319 έ-
1708 5246 1981 5319 Εϊμὴ...

424 5316 569 5389 ἐκεῖ.
600 5316 833 5389 Reposui
865 5316 1077 5389 signum
1124 5318 1585 5389 interrogationis.
1620 5316 1838 5389 Langus
1875 5316 1982 5377 non

428 5388 570 5443 male
597 5387 885 5443 subaudit:
919 5389 985 5442 Τί
1018 5387 1166 5453 ἕξετε
1197 5388 1635 5457 ἀποκρίνασθαι;
1676 5406 1695 5440 ι
1729 5387 1857 5457 Quid
1890 5392 1986 5446 ha-

429 5457 629 5513 bebitis
658 5460 799 5526 quod
830 5460 1245 5531 respondeatis?
1276 5478 1294 5511 ι
1340 5457 1500 5514 Tales
1526 5460 1903 5515 conclusiones
1928 5462 1984 5516 in

426 5542 680 5601 sermone
704 5529 1021 5594 quotidiano
1051 5544 1190 5601 sa‘pe
1213 5531 1463 5584 omittere
1496 5531 1752 5585 solemus.
1786 5531 1983 5597 Perpe-

432 5612 544 5648 ram
577 5596 783 5652 Μαι-οη.
817 5602 883 5652 ad
917 5596 1142 5655 sensum
1177 5601 1559 5654 absolvendum
1592 5602 1742 5654 addit
1776 5622 1788 5655 ε
1826 5618 1846 5651 ι
1878 5604 1983 5657 Ca-

431 5668 649 5743 l_u_mniis
671 5678 948 5743 appetetur
989 5671 1130 5724 Deus
1170 5689 1189 5723 ι
1220 5670 1383 5743 (intra
1415 5672 1558 5743 enim
1594 5688 1607 5725 :
1646 5686 1982 5743 συκοφαντηο

427 5733 653 5806 θήσεται
702 5733 935 5810 δΘεός),
969 5750 1022 5794 et
1069 5733 1236 5796 verba
1274 5740 1634 5811 οὐδαμόθεν...
1671 5742 1763 5794 ὑπ’
1790 5733 1976 5798 ἀὑτοῦ

2096 3182 2335 3253 σήμερον
2370 3181 2753 3247 ἐλθόντας,καὶ
2786 3184 2852 3236 τὰ
2886 3184 3023 3236 αὐτὰ
3058 3183 3239 3253 σχεδὸν
3272 3184 3447 3235 πάντα
3484 3180 3677 3251 βούλοο

2096 3291 2194 3344 μαι
2228 3274 2668 3345 ἀναλαμϐάνειν.)
2716 3275 2901 3338 Ἐπεὶ,
2937 3277 2985 3327 εἰ
3022 3274 3097 3345 μὴ
3130 3273 3283 3327 τοῦτό
3331 3276 3467 3334 ἐστι,
3506 3288 3677 3325 συκο-

2094 3369 2492 3441 φαντηθήσεται
2539 3372 2567 3422 6
2613 3369 2783 3433 Θεὸς,
2818 3369 2892 3432 ὡς
2958 3369 3095 3438 μήτε
3142 3368 3446 3439 πρόγνωσιν
3496 3366 3674 3435 ἔχων,

2094 3462 2231 3532 μήτε
2265 3460 2330 3513 τὰ
2363 3458 2500 3511 αὐτὰ
2542 3458 2728 3510 δίκαια
2773 3456 2979 3520 πάντας
3012 3457 3274 3510 διδάσκων
3320 3455 3415 3507 καὶ
3468 3454 3675 3507 εἰδέναι

2090 3553 2187 3606 καὶ
2234 3550 2525 3621 πράττειν’
2563 3548 2790 3619 (πολλαὶ
2835 3548 2943 3620 γὰρ
2977 3548 3162 3616 γενεαὶ
3210 3545 3514 3620 ἀνθρώπων
3563 3548 3676 3618 πρὸ

2094 3644 2373 3707 Μωῦσέως
2409 3644 2687 3712 φαίνονται
2720 3641 3139 3713 γεγενημέναι
3174 3642 3269 3693 καὶ
3301 3641 3400 3693 οὐκ
3432 3639 3674 3693 ἕστιΛό-

2094 3754 2189 3806 γος
2222 3738 2250 3787 6
2283 3735 2456 3804 λέγων
2480 3734 2608 3805 (79),
2631 3733 2706 3797 ὡς
2740 3734 2839 3786 οὐκ
2874 3733 3079 3805 ἀληθὴς
3102 3736 3129 3785 6
3156 3732 3288 3795 Θεὸς
3308 3732 3402 3783 καὶ
3433 3730 3673 3795 δίκαιος,

2093 3828 2187 3881 καὶ
2221 3830 2390 3881 πᾶσαι
2423 3827 2479 3879 αἱ
2512 3825 2621 3878 ὁδοὶ
2653 3824 2814 3878 αὑτοῦ
2851 3825 3081 3897 κρίσεις,
3104 3824 3198 3876 καὶ
3232 3824 3331 3875 οῦκ
3364 3823 3511 3875 ἐστιν
3545 3823 3673 3875 ἀδι-

2090 3920 2184 3973 κία
2218 3921 2274 3971 ἐν
2309 3917 2473 3988 αὐτῷ.
2523 3916 2741 3989 Ἐπειδὴ
2772 3917 2829 3970 δὲ
2864 3914 3066 3987 ἀληθὴς
3113 3917 3141 3968 6
3172 3914 3365 3983 Λόγος,
3403 3914 3500 3967 καὶ
3532 3912 3672 3978 Θεὸς

2093 4012 2239 4082 ὑμᾶς
2273 4009 2543 4074 τοιούτους
2594 4010 2669 4081 μὴ
2715 4006 2853 4062 εἶναι
2900 4007 3193 4071 ἀσυνέτους
3240 4006 3336 4059 καὶ
3370 4005 3669 4075 φιλαύτους

2092 4105 2181 4159 ἀεὶ
2218 4102 2485 4174 βούλεται,
2520 4104 2667 4166 ὅπως
2716 4100 2922 4171 σωθῆτε
2958 4100 3100 4170 μετά
3142 4098 3233 4151 τοῦ
3282 4097 3517 4169 Χριστοῦ
3555 4095 3671 4165 (80)

1450 4406 1728 4461 Nonnullis
1779 4407 1989 4461 videtur
2019 4452 2057 4465 ,η
2091 4409 2247 4465 uncis
2275 4409 2519 4464 includit.

2162 4479 2275 4548 (78)
2317 4479 2385 4533 Τὸ
2416 4478 2485 4532 δὲ
2516 4480 2949 4541 σαϐϐατίζειν...
2976 4480 3097 4535 ἵνα.
3136 4477 3234 4534 llic
3260 4478 3426 4533 etiam
3458 4478 3673 4549 aliquid

2092 4550 2281 4605 deesse
2309 4550 2597 4615 videbitur,
2630 4552 2731 4605 nisi
2769 4554 2881 4606 haec
2914 4552 3074 4605 verba
3112 4548 3421 4603 referantur
3449 4548 3518 4603 ad
3560 4548 3672 4603 su—

2091 4619 2302 4699 periora
2345 4621 2393 4672 εξ
2430 4618 2505 4699 μῂ
2538 4619 2847 4699 ἀποδείξετε
2880 4622 2983 4674 ὅτι.
3015 4622 3194 4699 Atque
3224 4620 3349 4699 inde
3373 4628 3539 4699 patet.
3560 4633 3670 4699 non

2088 4689 2207 4813 :iue
2258 4704 2419 4744 causa
2469 4689 2683 4761 Iungam
2734 4695 2874 4747 hanc
2926 4690 3296 4761 parenthesim
3352 4689 3669 4757 appositam

2114 4775 2279 4813 uisse.

2114 4775 2279 4814 UISSC.

2160 4775 2279 4908 ῗῗδί
2313 4830 2423 4884 Καὶ
2458 4832 2568 4908 οὐκ
2601 4830 2731 4884 ἐστι
2764 4831 2945 4899 ,λόγος
2978 4833 3011 4885 ὁ
3296 4828 3665 4908 Corruptissi-

2090 4916 2211 4954 mus
2254 4901 2445 4968 locus,
2475 4901 2633 4969 cujus
2677 4911 2852 4954 tamen
2901 4917 3006 4955 non
3049 4900 3281 4953 ditlicilis
3322 4900 3660 4969 emendatio.

2090 4969 2397 5040 Legendum
2426 4966 2569 5025 enim
2603 4988 2619 5025 :
2645 4970 2756 5024 Καὶ
2789 4971 2888 5023 οὐκ
2911 4970 3057 5023 ἔστιν
3090 4969 3295 5040 ἀληθὴς
3324 4970 3533 5040 λόγοςό
3566 4966 3660 5020 λέ-

2088 5037 2198 5112 γων
2245 5040 2321 5112 ὡς
2364 5039 2569 5112 ἀληθὴς
2618 5041 2723 5111 (νει
2742 5040 3009 5112 ἀληθινὸς
3035 5042 3125 5112 δἐι
3158 5037 3340 5112 εὐθὺς)
3373 5042 3401 5093 ὁ
3453 5037 3662 5111 Κύριος

2088 5110 2183 5181 καὶ
2215 5109 2603 5174 δίκαιος.“11ὲιό
2631 5109 2805 5164 variis
2833 5109 2895 5165 ex
2934 5110 3155 5181 psalmis
3186 5109 3469 5181 desumpta
3503 5109 3657 5162 sunt.

2087 5177 2220 5232 Illud
2277 5183 2459 5244 enim,
2519 5197 2541 5233 ι
2589 5188 2645 5235 et
2697 5196 2887 5236 omnes
2932 5177 3032 5235 via:
3079 5180 3197 5246 ejus
3244 5177 3469 5247 judicia,
3515 5197 3533 5229 ι
3589 5194 3659 5234 ex

2084 5252 2293 5318 psalmo
2329 5265 2554 5313 xxw,v.
2586 5252 2673 5304 10.
2707 5250 2836 5304 lllud
2884 5269 2902 5302 ι
2942 5262 2996 5305 et
3023 5266 3127 5304 non
3172 5261 3253 5303 est
3302 5251 3563 5318 iniquitas
3603 5250 3659 5303 in

2086 5332 2172 5387 eo,
2211 5340 2229 5372 ι
2252 5334 2319 5374 ex
2347 5320 2555 5390 psalmo
2590 5336 2676 5375 χοι
2700 5323 3037 5389 decerptum.
3075 5321 3153 5374 lta
3186 5320 3350 5374 etiam
3396 5318 3545 5373 hunc
3577 5318 3663 5373 lo-

2085 5403 2207 5443 cum
2238 5389 2334 5445 CL.
2360 5390 2641 5445 Thirlbius
2670 5395 2945 5445 emendat.

2122 5406 2207 5443 11111
2238 5406 2334 5445 ιιι..
2360 5406 2641 5445 ’[ιιιτιιιιιιε
2670 5406 2945 5446 emendat.

2158 5460 2268 5531 (80)
2296 5461 2457 5516 Μετὰ
2478 5460 2583 5516 τοῦ
2604 5461 2879 5529 Χριστοῦ.
2902 5459 3035 5531 cum
3064 5459 3305 5531 Christo,
3338 5470 3397 5513 ut
3428 5469 3661 5531 auctore

2083 5528 2467 5597 beatitudinis;
2504 5547 2612 5600 Quo
2645 5528 2804 5586 sensu
2839 5530 3036 5585 Paulus
3074 5528 3095 5583 l
3142 5529 3386 5586 Thessal.
3436 5546 3513 5592 tv,
3546 5528 3655 5583 l7:

2089 5620 2107 5653 ι
2143 5602 2211 5654 Ει
2240 5603 2318 5655 sic
2343 5617 2558 5671 semper
2588 5618 2707 5654 cum
2741 5601 2971 5671 Domino
3020 5601 3247 5671 erimus.
3287 5621 3305 5652 ι
3346 5600 3453 5671 S'Lc,
3484 5602 3656 5671 etiam

2083 5687 2245 5743 supra
2283 5688 2334 5726 ιι.
2365 5674 2435 5727 80
2466 5670 2483 5724 ξ
2513 5670 2893 5743 Εὐφρανθῆναι
2928 5671 3068 5741 μετά
3109 5670 3200 5725 τοῦ
3234 5670 3492 5743 Χριστοῦζ
3532 5670 3658 5743 luu-

2082 5738 2190 5797 tilis
2224 5758 2353 5813 ergo
2378 5758 2541 5813 opera
2568 5738 2649 5798 Cl.
2682 5738 2909 5796 'l‘bii'lbii
2930 5738 3169 5813 legentis
3196 5759 3207 5795 :
3234 5738 3389 5796 Μὶτά
3424 5740 3531 5796 τῶν
3567 5738 3658 5794 διὰ
