3962 6262
258 343 331 399 191
1224 333 1569 393 DIALOGUS
1604 333 1750 391 CUM
1786 327 2159 388 TRYPHONE
2188 329 2454 387 JUDIEO.

3373 330 3471 387 σεε

256 456 321 512 τοῦ
347 453 773 528 ιύαρεστοῦντος
821 454 904 525 τῷ
932 452 1051 524 Θεῷ
1070 492 1085 517 ,
1130 452 1225 507 καὶ
1274 450 1771 524 μεμαρτυρημένου
1791 487 1806 512 ,

1911 457 2120 501 ciorum
2151 446 2538 515 prophetarum
2589 445 2930 501 sermonibus
2958 444 3356 510 demonstravi,
3396 457 3475 504 te-

258 547 313 613 ὦς
342 548 600 621 1Ιιροέφην,
631 548 728 603 διὰ
754 547 871 601 τῶν
904 545 1072 616 ἀγίων
1107 544 1462 617 προφητικῶν
1494 544 1669 613 λόγων
1702 545 1800 613 τὴν

257 639 493 705 ἀπόδειξιν
528 640 797 710 ποιήσας.

308 735 381 790 9'5.
412 734 491 787 Τὰ
521 733 633 803 γὰρ
665 732 759 786 ἀεὶ
793 730 892 785 καὶ
922 730 993 785 δι’
1023 730 1145 783 ὅλου
1178 729 1360 784 δίκαια
1392 730 1488 783 καὶ
1514 729 1693 783 πᾶσαν
1725 728 1803 781 δι-

265 826 519 897 καιοσύνην
556 823 796 896 παρέχει
833 826 892 877 ἐν
936 822 1098 878 παντὶ
1130 822 1279 890 γένει
1327 820 1657 894 ἀνθρώπων·
1706 820 1803 875 καὶ

264 921 351 972 Isti
391 918 493 969 πᾶν
536 915 699 983 γένος
746 913 1032 984 γνωρίζον,
1077 913 1158 966 ὅτι
1196 911 1410 983 μοιχεία
1454 912 1656 975 κακὸν,
1704 910 1801 965 καὶ

270 1009 473 1079 πορνεία,
499 1006 595 1060 καὶ
628 1005 956 1077 ἀνδροφονία
989 1004 1118 1076 (81),
1137 1005 1231 1058 καὶ
1258 1005 1359 1059 ὅσα
1389 1002 1526 1058 ἄλλα
1556 1004 1798 1058 τοιαῦτα.

274 1103 364 1155 Κάν
394 1100 579 1162 πάντες
614 1098 931 1169 πράττωσιν
963 1097 1133 1161 αὐτὰ,
1169 1096 1283 1150 ἀλλ’
1319 1092 1410 1150 οὖν
1455 1114 1519 1166 γε
1552 1097 1645 1151 τοῦ
1682 1098 1800 1150 ὲπί-

278 1190 464 1243 euehat
507 1186 853 1252 ἀδικοῦντες,
901 1188 1031 1240 ὅταν
1083 1186 1364 1257 πράττωσι
1424 1188 1636 1252 ταῦτα,
1704 1188 1803 1241 οὐκ

283 1277 639 1350 ἀπηλλαγμένοι
672 1275 804 1341 εἰσὶ,
841 1276 981 1347 πλὴν
1012 1278 1125 1329 ὅσοι
1157 1277 1262 1330 ὑπὸ
1296 1276 1607 1348 ἀκαθάρτου
1642 1276 1805 1330 πνεύ-

287 1387 415 1439 ματος
458 1368 939 1440 ὲμπεφορημένοι,
992 1369 1087 1422 καὶ
1145 1370 1456 1441 ἀνατροφῆς
1502 1369 1597 1422 καὶ
1667 1368 1804 1422 ἐθῶν

287 1461 464 1529 φαύλων
494 1460 584 1515 κει)⁵
615 1460 799 1532 νόμων
832 1460 1087 1532 πονηρῶν
1117 1459 1508 1531 διαφθαρέντες
1527 1501 1541 1522 ,
1575 1460 1672 1525 τὰς
1706 1479 1805 1531 φυ-

286 1554 410 1616 σικὰς
438 1552 628 1616 ἐννοίας
661 1551 972 1617 ἀπώλεσαν,
1001 1552 1199 1623 μᾶλλον
1230 1552 1288 1605 δὲ
1322 1551 1572 1617 ἒσὸεσαν,
1608 1553 1640 1626 ἢ
1676 1554 1801 1605 ἐπε-

286 1643 513 1713 σχημένας
542 1643 748 1713 ἔχουσιν
796 1644 927 1716 (82).
990 1645 1139 1697 Ἰδεῖν
1184 1645 1292 1716 γάρ
1352 1645 1466 1698 ἔστι
1524 1645 1620 1700 καὶ
1682 1647 1805 1710 τοὺς

288 1735 508 1798 τοιούτους
550 1735 686 1805 (85)
737 1736 814 1806 μὴ
862 1736 928 1789 τὰ
978 1735 1114 1789 αὐτὰ
1160 1735 1353 1789 παθεῖν
1414 1736 1798 1808 βουλομένους,

1902 538 2222 592 stimouium
2259 536 2491 608 accepit,
2520 537 2750 592 salutem
2784 538 3199 607 assequamini.‘

1968 717 2057 773 95.
2090 717 2287 772 Eadem
2331 719 2558 789 justitiaz
2605 720 2739 772 ratio
2774 720 3018 774 omnibus
3048 721 3280 776 tradita.
3324 720 3478 775 lianc

1900 806 2143 864 Christus
2186 809 2392 864 duabus
2442 810 2721 879 praceptis
2770 811 3180 879 comprehendit.
3222 842 3294 852 —
3336 812 3477 867 Nam

1901 916 2021 971 quae
2049 916 2268 971 semper
2296 911 2350 956 et
2384 903 2584 971 ubique
2612 902 2756 973 justa
2792 912 2947 969 sunt,
2995 919 3059 959 ac
3106 914 3273 959 lotam
3314 906 3479 976 justi-

1901 991 2029 1046 tiam
2059 992 2111 1045 in
2147 993 2295 1046 omni
2327 993 2607 1049 hominum
2651 1009 2852 1064 genere
2875 995 3130 1064 exhibet;
3164 1011 3264 1051 nec
3308 997 3478 1053 ullum

1901 1090 1984 1137 est
2021 1095 2189 1153 genus
2229 1082 2372 1153 quod
2414 1082 2632 1154 iguoret
2658 1084 2985 1139 adulterium
3017 1102 3136 1142 esse
3184 1087 3385 1141 malum
3423 1095 3479 1143 et

1903 1170 2320 1226 fornicationem
2364 1182 2420 1227 et
2471 1173 2827 1229 homicidium
2882 1186 2938 1231 et
2985 1192 3327 1249 quaecunque
3371 1180 3479 1235 alia

1905 1263 2124 1318 similia.
2166 1263 2296 1329 Quae
2342 1265 2558 1333 quidem
2610 1266 2821 1320 etiamsi
2863 1281 3054 1322 omnes
3102 1268 3331 1335 faciant,
3366 1285 3477 1324 non

1905 1364 2081 1411 tamen
2112 1366 2476 1424 assequuntur
2509 1364 2586 1421 ut,
2614 1372 2740 1411 cum
2779 1373 2839 1413 ea
2868 1358 3104 1425 faciunt,
3132 1361 3318 1430 inique
3355 1377 3385 1416 a
3414 1377 3475 1416 se

1905 1448 2020 1502 fieri
2053 1447 2323 1518 ignorent,
2350 1447 2417 1502 iis
2438 1448 2679 1517 exceptis
2704 1449 3014 1521 quicunque
3045 1452 3259 1522 impuro
3285 1454 3479 1522 spiritu

1902 1537 2069 1608 pleni,
2104 1537 2190 1592 vel
2229 1552 2394 1607 prava
2437 1539 2799 1605 institutione,
2836 1550 2894 1595 et
2924 1541 3079 1597 malis
3125 1545 3387 1611 moribus,
3415 1560 3481 1600 ac

1905 1629 2131 1685 nefariis
2160 1628 2367 1699 legibus
2398 1633 2639 1700 corrupti
2672 1632 2954 1687 naturales
2985 1635 3234 1694 notiones
3285 1637 3479 1690 amise-

1906 1730 2054 1786 runt,
2086 1720 2168 1774 vel
2195 1722 2373 1791 potius
2400 1723 2804 1786 exstinxerunt,
2838 1733 2931 1777 aut
2965 1725 3224 1780 inhibitus
3267 1736 3475 1781 tenent.

292 1826 402 1896 ἂπερ
427 1826 562 1879 αὐτοὶ
592 1827 714 1890 τοὺς
747 1826 937 1891 ἄλλους
958 1826 1276 1892 διατιθέασι,
1294 1822 1396 1881 καὶ
1420 1829 1476 1881 ὲν
1500 1827 1806 1899 συνειδήσε-

1911 1814 2104 1871 Videre
2151 1818 2295 1871 enim
2344 1827 2427 1872 est
2470 1819 2632 1872 etiam
2677 1819 2940 1889 ejusmodi
2990 1820 3241 1875 homines
3288 1822 3478 1876 eadem

292 1932 356 1967 σιν
382 1917 569 1987 ἐχθραῖς
600 1918 773 1972 ταῦτα
805 1920 1157 1984 ὀνειδίζοντας
1182 1920 1426 1990 ἀλλήλοις
1460 1920 1605 1992 ἅπερ
1644 1921 1807 1991 ἐργά-

292 2008 449 2071 ζονται.
492 2011 641 2064 Ὅθεν
688 2030 779 2083 μοι
823 2013 971 2066 δοκεῖ
1027 2012 1204 2078 καλῶς
1251 2012 1500 2085 εἰρῆσθαι
1548 2013 1650 2066 ὑπὸ
1712 2012 1803 2065 τοῦ

293 2099 510 2171 ἡμετέρου
542 2101 739 2171 Κυρίου
788 2101 883 2156 καὶ
930 2102 1186 2173 Σωτῆρος
1234 2101 1405 2174 Ἰησοῦ
1440 2102 1674 2174 Χριστοῦ
1697 2142 1710 2165 ,
1748 2104 1806 2154 ἐν

291 2190 411 2243 δυσὶν
450 2193 667 2257 ἐντολαῖς
718 2196 903 2248 πᾶσαν
960 2194 1303 2266 δικαιοσύνην
1368 2196 1462 2248 καὶ
1526 2195 1806 2247 εὐσέϐειαν

292 2280 589 2350 πληροῦσθαι.
625 2283 745 2336 Εἰσὶ
766 2284 822 2337 δὲ
857 2276 1051 2338 αὗται·
1085 2283 1441 2353 Ἀγαπήσεις
1458 2284 1675 2351 Κύριοι·
1701 2282 1808 2335 τὸν

292 2372 410 2423 Θεέν
434 2390 532 2426 σου
568 2375 635 2439 ἐξ
665 2375 818 2443 ὅλης
849 2374 962 2443 τῆς
989 2375 1236 2444 καρδίας
1273 2391 1410 2438 σου,
1438 2375 1532 2429 καὶ
1563 2374 1632 2439 ἐξ
1658 2374 1807 2441 ὅλης

293 2461 379 2528 τῆς
398 2466 577 2532 ἱσχύος
590 2482 723 2520 σου·
742 2466 840 2520 καὶ
862 2466 967 2520 τὸν
999 2467 1263 2534 πλησίον
1290 2482 1407 2521 σου
1423 2467 1503 2533 ὡς
1525 2467 1801 2520 σεαυτόν.

302 2552 445 2624 Ὀγὰρ
466 2554 517 2620 ἐξ
542 2555 661 2626 ὅλης
692 2557 794 2627 τῆς
827 2557 1076 2628 καρδίας,
1112 2558 1207 2611 καὶ
1240 2557 1299 2621 ἐξ
1331 2558 1456 2629 ὅλης
1489 2558 1589 2628 τῆς
1627 2556 1806 2627 ἰσχύος

294 2644 475 2710 ἀγαπῶν
502 2648 583 2701 τὸν
612 2648 764 2712 Θεὸν,
802 2647 1016 2719 πλήρης
1051 2648 1334 2714 θεοσεϐοῦς
1368 2647 1593 2720 γνώμης
1625 2648 1804 2720 ὑπάρ-

292 2751 398 2801 χων,
422 2737 586 2792 οὐδένα
615 2740 773 2793 ἄλλον
806 2742 1026 2812 τιμήσει
1073 2739 1195 2793 θεόν
1215 2757 1229 2770 ·
1265 2741 1362 2794 καὶ
1397 2740 1627 2809 ἄγγελον
1664 2742 1807 2793 ἐκεῖ·

297 2824 443 2877 ναιᾶν
480 2830 683 2899 τιμῆσαι
712 2829 849 2883 Θεοῦ
901 2831 1258 2901 βουλομένου,
1309 2832 1397 2885 τὸν
1445 2830 1807 2902 ἀγαπώμενον

297 2914 373 2964 ὑπ’
400 2918 530 2972 αὺτοῦ
562 2921 645 2974 τοῦ
679 2922 887 2994 Κυρίου
920 2923 1016 2977 καὶ
1048 2922 1202 2977 Θεοῦ.
1238 2924 1350 2978 Καὶ
1396 2925 1424 2977 ὁ
1456 2924 1545 2977 τὸν
1578 2923 1806 2995 πλησίον

300 3004 543 3070 tight-210v
573 3013 815 3080 ἀγαπῶν,
845 3015 989 3086 ἅπερ
1022 3013 1169 3085 αὐτῷ
1204 3014 1449 3085 βούλεται
1484 3014 1681 3083 ἀγαθὰ,
1707 3015 1806 3066 κά-

300 3097 427 3169 κείνῳ
455 3101 777 3175 βουλήσεταγ
826 3107 1000 3171 οὐδεὶς
1047 3106 1103 3160 δὲ
1149 3106 1326 3177 ἑαυτῷ
1371 3107 1513 3161 κακὰ
1549 3107 1807 3177 βουλήσε-

300 3201 386 3240 ται.
427 3191 564 3246 Ταῦτ’
606 3191 695 3247 οὖν
741 3195 818 3266 τῷ
881 3196 1108 3268 πλησίον
1169 3197 1264 3251 καὶ
1310 3195 1511 3262 εὔξαιτ’
1560 3197 1660 3261 ἂν,
1711 3196 1807 3251 καὶ
1834 3174 1875 3232 C

301 3280 536 3349 ὲρτᾶσαιτο
563 3286 845 3355 γενέσθαι,
882 3290 1025 3362 ἆπερ
1057 3289 1153 3344 καὶ
1185 3289 1363 3361 ἐαυτῷ
1394 3292 1422 3343 ὁ
1455 3290 1545 3343 τὸν
1580 3290 1807 3360 πλησίον

304 3371 498 3437 ἀγαπῶν.
534 3378 754 3449 Πλησίον
799 3381 855 3433 δὲ
900 3380 1187 3453 ἀνθρώπου
1221 3382 1373 3435 οὐδὲν
1419 3382 1544 3436 ἄλλο
1590 3382 1737 3435 ἐστὶν
1771 3383 1803 3454 ἦ

302 3460 353 3511 τὸ
373 3465 646 3533 ὁμοιοπαθὲς
677 3471 774 3523 καὶ
806 3471 1023 3539 λογικὸν
1057 3471 1215 3536 ζῶον,
1249 3472 1279 3525 ὁ
1311 3471 1616 3543 ἄνθρωπος.
1673 3471 1804 3540 Διχῆ

304 3554 380 3611 οὖν
403 3562 482 3631 τῆς
520 3566 685 3637 πάσης
729 3564 1074 3637 δικαιοσύνης
1122 3566 1512 3637 τετμημένης,
1562 3567 1701 3637 πρός
1747 3581 1807 3617 τε

305 3648 410 3704 Θεὸν
434 3656 513 3708 καὶ
540 3657 869 3730 ἀνθρώπους,
904 3660 1074 3723 ὅστις,
1112 3659 1277 3729 φησὶν
1311 3659 1339 3710 6
1373 3658 1546 3727 Λόγος
1566 3699 1581 3721 ν
1619 3659 1809 3729 ἀγαπᾷ

310 3740 468 3813 Κύριον
493 3749 570 3801 τὸν
597 3750 725 3803 Θεὸν
759 3749 820 3814 ἐξ
865 3750 993 3821 ὅλης
1026 3750 1127 3819 τῆς
1160 3748 1407 3822 καρδίας,
1449 3749 1545 3803 καὶ
1591 3749 1650 3814 ἐξ
1683 3750 1811 3819 ὅλης

307 3833 383 3903 τῆς
412 3839 687 3907 ίσχύος,καὶ
719 3842 811 3895 τὸν
847 3842 1071 3912 πλησίον
1102 3842 1177 3904 ώς
1210 3842 1422 3905 ἑαυτὸν,
1439 3841 1641 3906 δίκαιος
1676 3841 1809 3913 ἀλη-

307 3922 390 3989 913;
416 3927 468 3980 ἂν
504 3933 598 4004 εἴη.
657 3933 845 4005 Ὑμεῖς
877 3934 934 3987 δὲ
965 3932 1088 3985 οὔτε
1125 3933 1262 4004 πρὸς
1309 3932 1474 3997 Θεὸν,
1512 3932 1635 3986 οὔτε
1670 3934 1807 4005 πρὸς

306 4015 403 4080 τοὺς
430 4024 698 4093 προφήτας,
726 4024 850 4077 οὒτε
874 4024 1009 4095 πρὸς
1043 4024 1269 4087 ἑαυτοὺς
1303 4022 1486 4091 φιλίαν
1519 4022 1552 4094 ἢ
1588 4022 1809 4092 ἀγάπην

303 4105 488 4175 ἔκνιντες,
517 4115 755 4169 οὐδέποτε
802 4115 1099 4186 ἐδείχθητε,
1135 4115 1249 4168 ἀλλ’
1282 4115 1357 4179 ὡς
1387 4114 1679 4178 δείκνυται,
1715 4115 1811 4167 καὶ

301 4199 615 4279 εἰδωλολάτραι
648 4208 877 4262 πάντοτε
898 4248 912 4271 ,
947 4208 1043 4261 καὶ
1088 4209 1268 4276 φονεῖς
1314 4206 1419 4261 τῶν
1464 4206 1687 4262 δικαίων
1720 4207 1811 4260 εύ-

352 4356 390 4387 ⁸⁶
418 4357 579 4417 Matth.
616 4378 752 4426 nn,
786 4361 877 4415 ‘57.

1907 1909 2015 1978 pati
2064 1908 2225 1973 nolle,
2268 1924 2386 1979 qua:
2431 1910 2531 1979 ipsi
2576 1910 2696 1964 aliis
2745 1910 2969 1976 faciunt,
3003 1927 3067 1966 ac
3112 1913 3212 1967 sibi
3248 1914 3479 1968 invicem

1910 1999 2128 2053 inimica
2182 2000 2516 2056 conscientia
2574 2001 2911 2069 exprobrare
2964 2018 3085 2071 quae
3140 2013 3476 2074 perpetrant.

1909 2090 2061 2146 Unde
2105 2092 2235 2145 mihi
2269 2091 2532 2161 praeclare
2548 2108 2587 2161 ,a
2621 2092 2853 2149 Domino
2881 2105 3071 2149 nostro
3110 2105 3163 2148 et
3195 2093 3480 2151 Salvatore

1905 2182 2032 2238 Jesu
2074 2184 2290 2239 Christo
2329 2184 2532 2238 dictum
2566 2186 2803 2252 videtur,
2837 2189 3043 2242 duobus
3087 2187 3480 2258 praeceptisjn-

1909 2275 2111 2331 stitiam
2141 2291 2375 2347 .omnem
2409 2286 2464 2331 et
2507 2277 2769 2347 pietatem
2821 2279 3105 2349 adimpleri
3146 2298 3162 2334 :
3208 2298 3227 2331 ι
3281 2280 3482 2349 Diliges

1908 2367 2192 2422 Dominum
2220 2367 2388 2423 Deum
2417 2379 2567 2423 tuum
2597 2385 2665 2424 ex
2698 2380 2812 2425 toto
2839 2372 3005 2425 corde
3033 2380 3150 2434 tuo,
3172 2380 3225 2425 et
3256 2386 3321 2424 ex
3354 2370 3482 2425 totis

1907 2459 2115 2514 viribus
2145 2460 2274 2525 tuis,
2308 2467 2361 2515 et
2387 2461 2698 2527 proximum
2735 2473 2884 2514 tuum
2926 2462 3067 2516 sicut
3095 2462 3323 2531 teipsum
3357 2460 3421 2513 ⁸⁸.
3455 2478 3474 2511 ι

1909 2552 2045 2606 Nam
2091 2554 2183 2623 qui
2229 2568 2298 2608 ex
2347 2561 2459 2608 toto
2505 2555 2667 2610 corde
2708 2563 2763 2609 et
2803 2571 2869 2608 ex
2913 2555 3040 2611 totis
3075 2554 3283 2609 viribus
3308 2554 3483 2624 diligit

1910 2644 2102 2708 Deum,
2146 2645 2194 2701 is
2238 2660 2361 2701 cum
2414 2646 2517 2716 piae
2566 2648 2849 2701 sententia:
2890 2646 3080 2717 plenus
3128 2649 3217 2715 sit,
3269 2647 3480 2702 nullum

1910 2738 2071 2791 alium
2103 2738 2260 2793 deum
2285 2738 2463 2801 colet,
2490 2739 2582 2794 sed
2623 2749 2800 2794 tamen
2825 2741 3076 2810 angelum
3108 2741 3272 2794 ctiam
3305 2739 3478 2805 illum,

1908 2827 2020 2881 Deo
2059 2827 2301 2896 iubente,
2349 2829 2510 2893 colet,
2550 2844 2713 2898 quem
2765 2831 2879 2899 ipse
2931 2829 3192 2885 Dominus
3240 2838 3295 2884 et
3339 2830 3484 2886 Deus

1908 2919 2102 2990 diligit.
2139 2920 2206 2973 Et
2239 2922 2330 2990 qui
2368 2922 2681 2989 proximum
2713 2922 2886 2991 diligit
2918 2932 3173 2989 tanquam
3210 2923 3478 2992 seipsum.

1907 3014 2099 3088 eadem
2140 3013 2215 3067 illi
2251 3016 2391 3068 bona
2438 3030 2499 3068 ac
2540 3014 2655 3084 ipse
2701 3015 2803 3069 sibi
2837 3016 3070 3083 optabit.
3105 3013 3272 3068 Nemo
3299 3024 3480 3069 autem

1909 3108 2011 3161 sibi
2042 3106 2181 3161 mala
2209 3108 2428 3162 evenire
2462 3107 2597 3164 vult.
2629 3106 2800 3177 Igitur
2829 3108 2920 3175 qui
2946 3108 3250 3175 proximum
3287 3106 3480 3175 diligit,

1909 3200 2098 3253 eadem
2139 3198 2214 3252 illi
2242 3213 2305 3252 ac
2334 3199 2447 3267 ipse
2477 3198 2581 3253 sibi
2604 3199 2915 3267 precabitur
2943 3213 3005 3253 ac
3032 3197 3267 3251 navahil.
3288 3197 3483 3251 Proxi-

1912 3307 2033 3345 mus
2064 3299 2246 3346 autem
2284 3290 2519 3344 hominis
2545 3306 2653 3343 non
2679 3290 2819 3344 alius
2849 3300 2953 3353 est,
2986 3305 3146 3359 quam
3177 3290 3304 3343 illud
3330 3290 3485 3344 simi-

1910 3379 2051 3434 libus
2073 3381 2515 3451 perpessionibus
2543 3381 2837 3435 obnoxium
2872 3391 2926 3435 et
2956 3382 3163 3434 ratione
3198 3381 3481 3449 praeditum

1910 3472 2133 3536 animal,
2167 3473 2351 3528 homo.
2395 3472 2649 3525 Bifariam
2695 3472 2862 3540 igitur
2893 3462 3180 3527 distributa
3209 3472 3352 3526 omni
3389 3472 3481 3540 ju-

1912 3563 2081 3629 stitia,
2112 3564 2165 3618 in
2206 3564 2369 3617 Deum
2409 3573 2463 3617 et
2504 3563 2791 3627 homines;
2837 3564 3168 3633 quicunque,
3214 3564 3289 3617 ait
3336 3561 3485 3618 Serio

1915 3665 2096 3724 ptura,
2125 3656 2301 3727 diligit
2330 3657 2617 3711 Dominum
2651 3658 2820 3711 Deum
2860 3672 2927 3710 ex
2957 3666 3069 3711 toto
3114 3656 3280 3711 corde
3321 3664 3375 3710 et
3411 3670 3482 3709 ex

1920 3749 2048 3803 totis
2088 3747 2331 3816 viribus,
2372 3756 2427 3803 et
2476 3748 2783 3818 proximum
2831 3757 2889 3801 ut
2937 3750 3209 3817 seipsum,
3258 3748 3306 3802 is
3357 3761 3483 3802 vere

1903 3838 2090 3905 justus
2121 3840 2303 3895 fuerit.
2334 3840 2440 3895 Vos
2468 3850 2649 3895 autem
2679 3856 2853 3908 neque
2881 3838 3033 3909 191
3085 3840 3136 3893 in
3174 3838 3362 3906 Deum,
3390 3854 3485 3893 ne-

1912 3948 2018 4004 que
2049 3934 2103 3989 in
2154 3934 2471 4004 prophetas,
2514 3946 2695 4002 neque
2733 3932 2785 3986 in
2837 3933 3198 4000 vosmetipsos
3243 3946 3483 3985 amorem

1912 4039 2152 4094 unquam
2199 4033 2293 4079 aut
2341 4026 2665 4080 charitatem
2700 4023 3062 4088 ideclarastis,
3096 4026 3188 4079 sed
3242 4038 3482 4091 semper,

1913 4126 1972 4170 ut
2006 4115 2351 4171 manifestum
2407 4124 2510 4179 est,
2563 4124 2617 4169 et
2667 4114 3085 4168 simulacrorum
3137 4114 3380 4168 cultores
3432 4125 3486 4169 et

1910 4207 2182 4278 iustorum
2219 4205 2599 4262 interfectores
2645 4219 2744 4259 vos
2785 4204 3126 4275 pra-buistis;
3162 4205 3237 4259 ita
3278 4216 3338 4260 ut
3382 4206 3486 4275 ipsi

292 4532 367 4586 ’θσῖ
407 4537 614 4609 Χριστοῦ
664 4540 854 4594 τούτου
914 4537 1351 4609 εύαρεστούντων
1419 4532 1496 4609 τῷ
1552 4535 1671 4609 Θεῷ
1721 4536 1806 4590 κα)

1922 4537 1990 4591 tis
2015 4536 2148 4605 lapsi
2181 4548 2325 4609 sunt.
2359 4553 2453 4592 sua
2480 4553 2754 4609 quemque
2778 4538 2932 4609 culpa
2966 4554 3193 4609 peccare
3237 4541 3487 4597 declarat

294 4590 1061 4682 μεμιρὲέρῆιὶένῶπᾶζξιηίειιίξ
1092 4617 1178 4661 est
1221 4608 1288 4682 de
1318 4590 1724 4682 q_uo__.l_ustinus_
1742 4621 1808 4660 ex

293 4681 359 4758 tot
382 4675 732 4758 prophetarum
768 4678 1095 4758 testimoniis
1136 4677 1388 4749 probavit
1430 4676 1584 4731 illum
1619 4690 1650 4729 a
1694 4675 1803 4732 Deo

293 4751 523 4815 accepisse
551 4751 941 4805 testimOnium.

322 4816 441 4898 ,(81)
481 4820 883 4898 Ἀνδροέρονία.
925 4817 1163 4889 Uterque
1204 4818 1326 4875 cod.
1365 4830 1498 4872 mss.
1528 4816 1807 4889 ἀνδρομα-

290 4889 440 4960 νξαοά
466 4889 777 4960 marginem.

294 5021 305 5032 ,
348 4958 439 5032 (82)
462 4961 529 5013 Ἦ
544 4957 963 5032 ὲέτεσχημένας
982 4958 1251 5028 ἔχουσιν.
1265 4957 1545 5032 Naturales
1562 4958 1809 5014 notiones

293 5026 335 5098 iu
364 5026 595 5094 ejusmodi
641 5026 955 5085 horninibus
988 5026 1283 5097 snspensas
1320 5030 1493 5098 magis
1524 5044 1682 5097 quam
1714 5043 1808 5095 pei-

290 5096 406 5170 pitus
428 5103 710 5156 exstinctae
738 5110 910 5170 putat,
938 5099 1076 5170 quia‘
1092 5096 1235 5151 nulla
1266 5107 1351 5153 est
1379 5096 1641 5170 naturalis
1670 5098 1807 5167 legis

286 5163 529 5241 ignoratio,
561 5186 679 5241 qua:
717 5163 822 5225 non
857 5163 1016 5224 facile
1040 5167 1241 5241 Christi
1282 5168 1455 5241 gratia
1494 5163 1803 5237 superetur.

282 5232 395 5308 Sed,
416 5232 544 5307 quod
579 5232 828 5295 'inaxime
855 5240 1257 5294 observandum
1284 5232 1385 5301 Est,
1420 5232 1807 5308 hanc'ignora-

281 5306 448 5362 tionem
478 5328 816 5381 nequaquam
842 5329 869 5364 a
892 5319 1117 5381 peccato
1140 5318 1388 5381 excusat.
1413 5307 1547 5362 Nam
1576 5306 1631 5363 13
1662 5308 1802 5381 illul-

279 5386 374 5430 tnm
410 5379 738 5435 discriminis
795 5383 947 5450 ponit
1007 5379 1354 5450 interLillum
1406 5379 1803 5448 ignorantiam,

270 5460 370 5520 que
399 5465 459 5503 ex
487 5464 711 5520 peccato
757 5447 1035 5520 originali,
1069 5447 1224 5504 malis
1253 5447 1710 5514 inStitutimiibns,
1742 5459 1800 5502 et

268 5515 448 5586 legibus
487 5515 670 5585 venit,
723 5535 779 5578 et
832 5515 974 5586 e'am,
1009 5534 1170 5588 quam
1223 5522 1429 5573 auctori
1478 5529 1685 5573 natura;
1713 5534 1805 5572 ac-

264 5598 453 5655 ceptam
486 5592 802 5647 referebant
833 5593 1067 5645 limretici
1098 5590 1239 5643 illius
1261 5592 1471 5655 :etatis;
1496 5592 1561 5644 de
1591 5598 1805 5654 postre-

263 5660 451 5734 [Inoboc
471 5678 673 5734 genere
688 5663 915 5734 fatetur,
938 5659 1234 5734 nihil_laudi
1258 5668 1352 5734 aut
1375 5662 1508 5734 vitio
1531 5661 1799 5734 reliquum

262 5724 352 5782 loci
386 5724 645 5795 futurum,
681 5733 838 5801 Apol.
860 5724 934 5803 ii,
967 5749 1025 5785 n.
1068 5730 1122 5783 7.
1165 5732 1238 5785 At
1269 5731 1518 5803 homines
1543 5731 1631 5799 qui
1652 5724 1800 5803 'pec-

259 5807 369 5854 cato
390 5803 544 5868 primi
574 5799 821 5872 parentis
853 5802 905 5858 in
946 5813 1172 5860 mortem
1204 5814 1255 5858 et
1286 5799 1527 5857 fraudem
1582 5799 1800 5869 serpen-

1916 4622 2075 4676 supra
2106 4624 2159 4661 n.
2188 4606 2275 4661 88.
2310 4609 2430 4662 Vid.
2462 4606 2614 4674 Apol.
2649 4606 2685 4674 ι,
2720 4626 2775 4663 n.
2808 4606 2897 4666 6i.
2946 4610 3047 4677 Qui
3105 4608 3205 4665 liae
3238 4612 3487 4666 laborant

1915 4677 2274 4747 ignoratione,
2300 4693 2393 4732 eos
2425 4680 2734 4733 miseriores
2766 4689 2918 4747 putat
2946 4682 3010 4732 iis
3060 4680 3112 4748 in
3145 4682 3336 4748 quibus
3369 4697 3476 4736 non

1913 4749 2227 4801 oblitterata
2275 4748 2409 4816 legis
2441 4750 2636 4801 divina:
2666 4751 2927 4817 cognitio.
2965 4750 3025 4803 2-
3058 4747 3113 4801 Id
3151 4747 3485 4806 discriminis

1916 4818 2065 4889 ponit
2094 4819 2235 4889 inter
2266 4818 2498 4889 Mosaica
2551 4822 2863 4887 praescripta
2896 4829 2949 4873 et
2995 4820 3165 4889 legem
3212 4821 3480 4887 divinam,

1914 4887 2056 4954 quod
2104 4887 2204 4940 ista
2250 4888 2416 4942 certis
2458 4889 2789 4957 temporibus
2822 4899 2875 4943 et
2918 4887 3303 4944 locis'aslricta
3352 4892 3483 4957 sint,

1913 4958 2027 5030 haec
2052 4967 2231 5030 autem
2258 4961 2418 5030 omni
2454 4960 2681 5030 tempori
2736 4969 2789 5013 et
2826 4960 2946 5030 loco
2988 4970 3040 5013 et
3079 4961 3359 5015 hominum
3390 4975 3484 5030 αθ·-

1911 5028 2028 5080 neri
2076 5027 2325 5095 imposita
2365 5029 2454 5081 sit.
2486 5028 2543 5082 5ο
2575 5028 2706 5083 Cum
2758 5029 2986 5083 ltabbini
3034 5031 3241 5082 veniam
3290 5027 3487 5087 darent

1911 5106 2143 5165 quatuor
2175 5107 2267 5151 aut
2290 5098 2529 5167 quinque
2567 5113 2799 5151 uxorum
2832 5100 3231 5162 ducendaruin,
3269 5116 3331 5153 ac
3368 5115 3483 5165 eos,

1908 5168 1998 5235 qui
2056 5169 2124 5220 ita
2185 5169 2482 5231 nubebant,
2537 5189 2554 5220 ε
2598 5169 2725 5223 nihil
2758 5184 2984 5235 peccare
3016 5187 3034 5219 ι
3095 5173 3486 5226 contenderent

1912 5238 2078 5290 n.15i
2096 5236 2470 5301 et'l4i,.lud:ei
2502 5240 2568 5291 ab
2596 5240 2740 5291 uinni
2764 5254 2986 5307 prorsus
3010 5240 3265 5308 scrupulo
3300 5242 3349 5294 in
3380 5242 3480 5297 hac

1910 5307 2611 5362 itabbinnrnmauctoritate
2635 5309 3076 5376 acquiescebant.
3094 5307 3199 5363 seu
3228 5326 3327 5363 eos
3352 5326 3479 5378 peu-

1906 5391 2045 5500 ἴοι-ο.
2080 5388 2132 5432 et
2162 5381 2399 5432 debitum
2436 5381 2545 5433 Deo
2575 5380 2892 5446 obsequium
2948 5378 3163 5433 violare
3194 5381 3480 5435 contendit

1944 5462 2176 5500 IlSIlllllS.

1944 5462 2176 5503 IISHIIIIS.

1978 5519 2093 5587 (85)
2149 5518 2294 5582 Τοὺς
2337 5519 2673 5591 (τοιούτους.
2734 5517 2933 5591 vocem
2996 5518 3303 5586 τοιούτους,
3360 5538 3480 5591 qum

1908 5588 2096 5660 deerat
2128 5591 2179 5642 in
2217 5590 2400 5660 editis.
2436 5599 2664 5658 uterque
2693 5588 2868 5660 codex
2911 5600 3018 5643 ms.
3080 5588 3475 5660 suppeditavit.

1908 5657 2075 5733 Paulo
2118 5670 2244 5712 ante
2273 5659 2558 5733 legendum
2579 5657 2799 5733 inouuit
2840 5657 3163 5733 Stephanus
3189 5657 3295 5715 ὖπὸ
3332 5662 3470 5733 φαύ-

1905 5728 2003 5801 λης
2041 5729 2352 5803 ἀνατροφῆς
2389 5729 2470 5786 vel
2503 5728 2609 5782 ὑπὸ
2642 5728 2817 5800 κακῆς
2852 5728 3181 5802 ἀνατροφῆς.
