3962 6262
439 297 546 359 895

1420 293 1478 354 Β.
1520 295 1784 355 JUS’l‘lNI
1818 296 2226 355 PHILOSOPHI
2260 298 2347 353 ET
2383 295 2738 354 MARTYRIS

3583 300 3685 358 696

441 418 646 474 cisione
680 422 734 472 et
763 415 1008 473 sabbatis
1041 415 1345 487 placuerint
1376 416 1509 483 Deo,
1537 431 1633 484 per
1660 416 1797 471 alios
1843 415 1996 470 ducet

2113 416 2267 488 Θεῷ,
2316 418 2399 483 τίς
2434 420 2467 489 ἠ
2498 415 2652 473 αἰτία
2682 414 2774 470 τοῦ
2808 415 2879 469 δι’
2914 414 3089 470 ἄλλων
3123 413 3437 486 προστατῶν
3454 413 3566 486 (75)
3591 418 3686 471 καὶ

439 518 496 562 et
526 507 662 577 legis
693 507 1086 563 institutionem
1123 516 1202 562 tot
1232 507 1429 578 elapsis
1456 509 1708 563 aetatibus
1739 508 1878 563 Deus
1914 509 2006 578 ju-

439 598 666 653 stilicari
703 598 950 663 voluerit,
984 614 1077 653 eos
1100 600 1340 668 quidem,
1370 598 1460 670 qtti
1495 599 1563 653 ab
1596 599 1907 654 Abrahamo
1937 602 2005 655 ad

439 685 677 758 Moysem
722 685 965 751 fuerunt,
1006 702 1103 756 per
1146 686 1643 748 circumcisionem,
1689 700 1784 740 eos
1825 696 2002 740 autem

437 777 528 846 qui
553 784 672 846 post
694 775 960 847 Moysem,
989 788 1100 831 tum
1131 793 1227 846 per
1254 777 1746 843 circumcisionem,
1773 785 1883 830 tuin
1910 791 2006 844 per

439 867 542 922 alia
580 878 871 938 praecepta,
911 869 962 923 id
1009 878 1111 934 est,
1144 870 1453 937 sabbatum,
1491 870 1760 933 victimas,
1792 870 2004 926 cineres

444 969 500 1014 et
546 962 722 1028 dona;
756 962 1044 1016 calumniis
1082 972 1368 1033 appetetur
1414 962 1579 1029 Deus,
1618 964 1745 1030 nisi,
1791 978 1850 1019 ut
1887 964 2003 1033 jam

438 1053 570 1119 dixi,
610 1054 662 1109 id
696 1069 873 1109 causa:
903 1056 1291 1110 demonstretis
1336 1055 1528 1123 fuisse,
1559 1058 1701 1127 quod
1748 1057 2003 1126 populum

437 1155 682 1200 vestrum
722 1147 984 1216 prtescius
1013 1148 1254 1201 omnium
1285 1146 1426 1201 Deus
1458 1148 1777 1202 meriturum
1806 1163 2005 1219 cogno-

435 1240 599 1301 verit,
631 1248 689 1293 ttt
738 1239 1130 1311 Hierosolymis
1160 1240 1475 1309 pelleretur,
1508 1254 1608 1295 nec
1647 1240 1898 1308 cuiquam
1938 1256 2004 1297 eo

436 1330 645 1404 ingredi
688 1331 898 1387 liceret.
934 1332 1085 1386 Nulla
1112 1333 1255 1387 enint
1287 1348 1342 1387 re
1377 1332 1478 1389 alia
1508 1334 1913 1403 dignoscimini,
1943 1344 2005 1389 ttt

431 1423 544 1494 jam
573 1423 707 1491 dixi,
727 1425 831 1480 nisi
861 1427 960 1479 ista
984 1427 1166 1481 carnis
1192 1426 1623 1483 circumcisione.
1651 1426 1838 1497 Neque
1858 1428 2003 1483 enim

435 1515 807 1570 Abrahamunt
834 1516 1197 1584 Deusjustum
1225 1533 1320 1587 per
1342 1520 1815 1575 circumcisionem
1837 1519 2005 1576 fuisse

436 1614 664 1662 testatus
705 1615 808 1673 est,
840 1606 932 1661 sed
969 1623 1066 1677 per
1104 1608 1283 1664 (idem.
1324 1610 1467 1664 Ante
1511 1612 1656 1666 enim
1696 1625 1859 1681 quam
1896 1611 2004 1666 cir-

436 1698 717 1753 cumcisus
749 1709 914 1764 esset,
954 1698 1027 1752 ita
1053 1699 1117 1754 de
1155 1714 1219 1754 eo
1257 1701 1461 1756 dictum
1494 1701 1724 1772 legimus
1757 1720 1772 1757 :
1811 1719 1830 1754 ‹
1867 1701 2001 1759 Cre-

2114 510 2434 582 νομοθεσίας
2482 509 2621 581 μετά
2651 507 2922 572 τοσαύτας
2967 506 3163 576 γενεὰς
3195 506 3379 573 ἀξιοῦν
3429 508 3521 561 τὸν
3554 508 3687 564 Θεὸν

2110 600 2448 657 δικαιοῦσθαι
2485 600 2583 669 μὲν
2616 598 2740 662 τοὺς
2775 596 2883 651 ἀπὸ
2928 595 3175 669 Ἀϐραὰμ
3210 596 3374 671 μέχρι
3406 598 3686 664 Μωῦσέως

2108 694 2198 748 διὰ
2232 694 2553 765 περιτομῆς,
2576 691 2701 755 τοὺς
2717 690 2772 744 δὲ
2788 689 2896 744 ἀπὸ
2914 689 3193 753 Μωῦσέως
3226 691 3320 744 καὶ
3352 690 3441 743 διὰ
3470 707 3688 762 περιτο-

2113 784 2239 855 μῆς,
2265 783 2359 836 καὶ
2392 782 2496 835 τῶν
2527 781 2700 836 ἄλλων
2724 778 2971 844 ἐντολῶν,
2995 778 3241 832 τουτέστι
3276 778 3569 844 σαϐϐάτου,
3588 778 3687 834 καὶ

2110 875 2342 939 θυσιῶν,
2397 874 2491 927 καὶ
2525 872 2733 926 σποδῶν
2770 870 2913 943 (76),
2963 870 3057 923 καὶ
3092 869 3450 941 προσφορῶν,
3486 872 3536 923 εἰ
3571 870 3685 941 μὴ,

2109 968 2184 1032 ὡς
2218 967 2541 1039 προείρηται
2576 965 2666 1018 ὑπ’
2702 964 2859 1035 ἐμοῦ,
2895 963 3233 1029 ἀποδείξετε,
3268 965 3348 1017 ὅτι
3379 962 3466 1018 διὰ
3498 963 3558 1017 τὸ
3591 962 3689 1016 τὸν

2107 1057 2259 1121 Θεὸν,
2283 1056 2637 1130 προγνώστην
2670 1056 2816 1121 ὄντα,
2837 1055 3134 1124 ἐγνωκέναι
3150 1054 3297 1118 ἄξιον
3318 1054 3689 1126 γενησόμενον

2108 1152 2197 1205 τὸν
2229 1151 2355 1205 λαὸν
2388 1149 2541 1221 ὑμῶν
2565 1147 2892 1220 ἐκϐληθῆναι
2926 1148 3032 1202 ἀπὸ
3063 1147 3159 1218 τῆς
3195 1147 3569 1219 Ἰερουσαλὴμ,
3586 1145 3687 1201 καὶ

2110 1243 2317 1314 μηδένα
2375 1238 2766 1311 ἐπιτρέπεσθαι
2826 1237 3086 1291 εἰσελθεῖν
3145 1240 3278 1290 ἐκεῖ.
3349 1237 3687 1309 (Ούδαμόθεν

2109 1330 2220 1400 (77)
2247 1330 2352 1399 γάρ
2385 1326 2675 1398 ἀλλαχόθεν
2710 1326 2835 1379 ἐστὲ
2867 1325 3278 1399 γνωριζόμενοι,
3301 1327 3377 1391 ὡς
3412 1328 3686 1399 προέφην,

2107 1424 2156 1475 εἰ
2194 1421 2267 1492 μὴ
2291 1421 2398 1474 ἀπὸ
2422 1420 2519 1490 τῆς
2553 1418 2682 1491 περὶ
2704 1418 2800 1489 τὴν
2834 1418 3013 1490 σάρκα
3045 1418 3369 1490 περιτομῆς.
3406 1419 3539 1473 οὐδὲ
3570 1419 3689 1491 γὰρ

2119 1512 2368 1584 Ἀϐραὰμ
2411 1512 2498 1565 διὰ
2545 1511 2643 1581 τὴν
2677 1508 2980 1581 περιτομὴν
3012 1510 3219 1575 δίκαιος
3254 1505 3396 1564 εἶναι
3443 1511 3547 1563 ὑπὸ
3581 1510 3681 1564 τοῦ

2106 1602 2239 1655 Θεοῦ
2278 1600 2653 1674 ἐμαρτυρήθη,
2710 1600 2847 1654 ἀλλά
2893 1600 2980 1653 διὰ
3030 1600 3127 1672 τὴν
3170 1601 3369 1654 πίστιν.
3428 1601 3542 1673 Πρὸ
3589 1602 3685 1654 τοῦ

2106 1696 2215 1767 γὰρ
2248 1693 2649 1767 περιτμηθῆναι
2681 1693 2844 1747 αὐτὸν
2878 1692 3091 1765 εἴρηται
3126 1693 3255 1765 περ)⁵
3286 1693 3448 1748 αὐτοῦ
3475 1694 3647 1758 οὕτως
3667 1710 3686 1724 ο

437 1790 872 1845 diditAbraltam
900 1791 1026 1858 Deo,
1073 1800 1129 1847 et
1156 1803 1459 1863 reputatum
1514 1769 1597 1850 est
1639 1797 1689 1851 ei
1738 1798 1805 1851 ad
1840 1797 1996 1867 justi.

2122 1788 2476 1841 Ἐπίστευσε
2490 1786 2557 1840 δὲ
2574 1786 2652 1852 τῷ
2670 1783 2790 1850 Θεῷ
2806 1786 2861 1839 Ἀ
2870 1785 3077 1855 ϐραὰμ,
3098 1785 3195 1839 καὶ
3217 1786 3501 1854 ἐλογίσθη
3523 1785 3691 1851 αὐτῷ

438 1882 571 1935 tiam
589 1881 655 1935 ".
680 1900 699 1933 ι
734 1882 800 1936 Ει
826 1898 923 1937 nos
952 1885 1231 1952 igitur,qui
1252 1886 1302 1940 in
1324 1888 1587 1955 praeputio
1609 1888 1786 1942 carnis
1811 1900 1996 1945 nostra

2105 1885 2193 1948 εἰς
2219 1881 2629 1948 δικαιοσύνην.
2666 1881 2776 1935 Καὶ
2810 1882 2971 1952 ἡμεῖς
3005 1876 3096 1933 οὖν
3130 1880 3187 1931 ἐν
3220 1877 3553 1949 ἀκροϐυστία
3586 1879 3688 1949 τῆς

435 1973 712 2027 credimus
765 1973 878 2029 Deo
924 1989 1021 2045 per
1077 1976 1373 2045 Christum,
1421 1993 1486 2034 ac
1534 1980 2003 2037 circumcisiouem

434 2079 554 2119 eam
604 2066 887 2131 habemus,
922 2084 1043 2138 qua:
1087 2068 1243 2123 nobis
1273 2083 1389 2124 eam
1426 2073 1635 2140 adeptis
1676 2074 1916 2143 prodest,
1952 2075 2006 2130 id

433 2165 519 2209 est
567 2158 744 2212 cordis
789 2160 1284 2223 circumcisionem,
1328 2160 1567 2214 futurum
1618 2178 1899 2233 Speramus
1946 2174 2005 2219 ut

428 2243 559 2315 justi
586 2256 639 2301 et
665 2248 773 2302 Deo
801 2249 940 2317 grati
976 2250 1345 2318 reperiamur;
1382 2250 1426 2305 si
1456 2252 1669 2320 quidem
1697 2253 1807 2319 jam
1835 2255 2003 2308 etiam

432 2337 505 2392 ab
532 2351 598 2392 eo
625 2338 992 2393 testimonium
1029 2356 1126 2411 per
1154 2342 1500 2412 propheticos
1530 2358 1812 2405 sermones
1840 2359 2003 2401 acce-

434 2426 635 2497 pimus.
677 2426 831 2494 Quod
881 2438 1063 2483 autetn
1121 2432 1347 2487 sabbata
1406 2447 1625 2488 servare
1675 2443 1730 2488 et
1776 2450 2003 2491 munera

429 2516 631 2574 oll‘erre
650 2520 790 2589 jussi
820 2521 973 2584 estis,
1017 2522 1268 2593 quodque
1305 2523 1481 2577 locum
1522 2524 1588 2578 de
1637 2541 1736 2579 suo
1779 2528 2001 2584 nomine

438 2608 697 2665 Dominus
724 2614 907 2666 vocari
934 2627 1125 2680 passus
1153 2623 1257 2677 est,
1289 2615 1391 2669 nisi
1420 2616 1469 2669 id
1496 2626 1773 2685 propterea
1801 2619 1999 2673 factum

434 2701 838 2767 demonstretis,
894 2719 984 2769 ne,
1033 2713 1093 2757 ut
1144 2705 1400 2768 diximus,
1463 2708 1531 2761 ad
1586 2708 1998 2765 simulacrorum

434 2791 640 2846 cultum
671 2794 876 2863 delapsi
926 2810 989 2851 ac
1040 2797 1133 2852 Dei
1176 2798 1547 2867 immemores,
1583 2802 1730 2871 impii
1760 2812 1816 2857 et
1852 2804 1997 2859 athei

433 2886 649 2951 essetis,
696 2889 885 2957 quales
934 2904 1153 2961 semper
1205 2906 1302 2948 vos
1358 2893 1528 2951 fuisse
1581 2906 1747 2966 patet.
1798 2899 2000 2970 (Atque

437 2977 576 3033 hanc
607 2978 773 3033 fuisse
802 2995 1048 3051 causam,
1077 3000 1175 3038 cur
1209 2985 1350 3041 Deus
1375 2988 1440 3041 de
1470 2989 1714 3043 sabbatis
1749 3001 1803 3045 et
1844 2992 1998 3047 donis

2109 1974 2311 2045 σαρκὸς
2345 1974 2503 2045 ἡμῶν
2538 1973 2883 2040 πιστεύοντες
2918 1974 2993 2044 τῷ
3026 1973 3143 2043 Θεῷ
3176 1974 3262 2027 διὰ
3295 1972 3386 2026 τοῦ
3424 1974 3686 2044 Χριστοῦ,

2104 2068 2199 2120 καὶ
2246 2067 2549 2139 περιτομὴν
2597 2065 2812 2136 ἔχοντες
2858 2066 2954 2137 τὴν
3001 2065 3315 2135 ὠφελοῦσαν
3359 2068 3510 2136 ἡμᾶς
3556 2070 3689 2130 τοὺς

2104 2160 2497 2230 κεκτημένους,
2520 2160 2763 2212 τουτέστι
2798 2160 2895 2229 τῆς
2930 2159 3174 2230 καρδίας,
3210 2158 3407 2211 δίκαιοι
3428 2158 3525 2212 καὶ
3557 2157 3693 2210 ευά-

2106 2268 2283 2323 ρεστοι
2317 2249 2392 2320 τῷ
2424 2251 2543 2322 Θεῷ
2578 2250 2865 2321 ἐλπίζομεν
2901 2250 3133 2319 φανῆναι
3168 2267 3181 2279 ·
3220 2249 3408 2319 ἐπειδὴ
3453 2250 3549 2302 καὶ
3584 2250 3686 2321 ἤδη

2103 2343 2580 2416 μεμαρτυρήμεθα
2610 2344 2697 2398 διά
2728 2344 2834 2397 τῶν
2870 2343 3219 2416 προφητικῶν
3254 2342 3428 2409 λόγων
3462 2342 3557 2394 ὑπ’
3585 2343 3689 2394 αὖ-

2100 2433 2239 2505 τοῦ.)
2288 2436 2360 2488 Τὸ
2390 2435 2445 2487 δὲ
2494 2433 2839 2499 σαϐϐατίζειν
2888 2436 3033 2505 (78),
3080 2434 3174 2488 καὶ
3220 2434 3315 2499 τὰς
3366 2434 3690 2505 προσφορὰς

2102 2526 2290 2598 φέρειν
2322 2524 2678 2594 κελευσθῆναι
2725 2526 2891 2595 ὑμᾶς,
2928 2526 3022 2578 καὶ
3055 2526 3216 2578 τόπον
3249 2527 3330 2589 εἰς
3377 2525 3549 2595 ὄνομα
3586 2523 3684 2578 τοῦ

2098 2617 2231 2670 Θεοῦ
2270 2616 2979 2688 ἐπικληθῆναιάνασχέσθαι
3012 2618 3099 2669 τὸν
3133 2617 3357 2689 Κύριον,
3379 2616 3576 2681 ἴνα,ὡς
3613 2614 3690 2669 ει-

2106 2726 2285 2781 ρηται,
2325 2709 2398 2781 μὴ
2434 2708 2941 2781 εἰδωλολατροῦντες
2975 2709 3071 2762 καὶ
3104 2708 3541 2781 ἀμνημονοῦντες
3585 2707 3685 2761 τοῦ

2099 2801 2254 2865 Θεοῦ,
2291 2800 2504 2865 ἀσεϐεῖς
2555 2802 2649 2855 καὶ
2696 2801 2844 2855 ἄθεοι
2879 2800 3111 2873 γένησθε
3132 2842 3146 2866 ,
3182 2800 3257 2865 ὡς
3292 2800 3380 2854 ἀεὶ
3415 2798 3682 2869 φαίνεσθε

2104 2891 2477 2961 γεγενημένοι.
2529 2890 2661 2960 (Καὶ
2694 2892 2775 2944 ὃτι
2807 2890 2897 2943 διὰ
2930 2889 3103 2944 ταῦτα
3137 2889 3450 2943 ἐνετέταλτο
3482 2891 3511 2941 ὁ
3543 2888 3684 2953 Θεὸς

2103 2984 2200 3047 τὰς
2234 2983 2364 3053 περὶ
2398 2982 2680 3036 σαϐϐάτων
2714 2982 2808 3035 καὶ
2842 2982 3166 3054 προσφορῶν
3201 2980 3447 3044 ἐντολὰς,
3500 2996 3684 3051 προα-

434 3068 582 3137 leges
609 3071 768 3142 190
794 3075 1050 3140 sanciret,
1078 3092 1106 3129 a
1138 3091 1224 3131 me
1246 3093 1407 3147 supra
1435 3080 1866 3136 demonstratum
1890 3094 1995 3146 est,

2104 3074 2444 3129 ποδέδεικταί
2481 3093 2572 3146 μοι
2603 3075 2690 3129 διὰ
2723 3076 2829 3130 τῶν
2865 3076 3280 3149 προειρημένων
3304 3092 3316 3105 ³
3354 3076 3441 3129 διά
3473 3074 3529 3127 δέ
3551 3076 3684 3140 τοὺς

432 3163 529 3214 sed
564 3173 786 3231 propter
822 3180 915 3219 eos
960 3168 1050 3234 qui
1083 3167 1242 3223 hodie
1282 3181 1562 3234 venerunt.
1611 3176 1799 3229 eadem
1843 3189 1996 3242 paene

2104 3168 2340 3239 σήμερον
2374 3167 2757 3233 ὲλθόντας,καὶ
2791 3169 2857 3222 τὰ
2891 3170 3027 3222 αὐτὰ
3062 3168 3244 3238 σχεδὸν
3277 3170 3451 3221 πάντα
3488 3166 3682 3238 βούλο-

431 3254 610 3308 omnia
634 3265 878 3324 repetere
901 3258 1069 3327 volo.)
1108 3258 1242 3327 Nisi,
1278 3260 1522 3331 inquam,
1553 3265 1624 3316 ita
1661 3266 1754 3329 sit,
1788 3267 1995 3320 calum-

433 3344 540 3399 niis
574 3357 861 3415 appetetur
887 3349 1051 3414 Deus,
1082 3354 1233 3419 quasi
1270 3367 1368 3407 nec
1398 3351 1704 3409 futurorum
1736 3359 1995 3425 prtescius

432 3433 529 3499 sit,
563 3451 661 3491 nec
685 3439 930 3494 eamdem
963 3455 1154 3496 omnes
1176 3441 1443 3510 justitiant
1483 3462 1706 3500 noscere
1735 3458 1789 3501 et
1811 3449 1995 3502 obser-

432 3539 565 3580 vare
602 3528 848 3585 docuerit
877 3532 1097 3601 (multas
1128 3535 1270 3589 enim
1300 3539 1676 3606 generationes
1711 3539 1993 3596 hominum

437 3626 563 3673 ante
603 3618 839 3691 Moysem
873 3622 1044 3679 fuisse
1084 3624 1301 3695 liquet),
1325 3641 1426 3683 nec
1451 3644 1575 3683 vera
1616 3631 1687 3685 sit
1715 3630 1994 3701 Scriptura

432 3727 554 3780 qua:
597 3713 729 3768 dicit
776 3716 942 3770 Deum
991 3731 1109 3772 esse
1150 3734 1337 3773 verum
1378 3731 1427 3774 et
1454 3720 1685 3788 justum,
1726 3731 1781 3777 ct
1804 3738 1994 3779 omnes

433 3804 550 3856 vias
586 3803 705 3874 ejus
735 3804 961 3883 judicia,
991 3823 1089 3864 nec
1137 3825 1256 3865 esse
1301 3811 1640 3881 iniquitatem
1682 3813 1736 3867 in
1767 3828 1851 3869 eo.
1884 3814 1991 3870 Sed

434 3892 562 3960 quia
589 3908 714 3949 vera
742 3905 827 3952 est
856 3896 1133 3969 Scriptura
1157 3918 1171 3966 ;
1197 3903 1363 3957 etiam
1389 3903 1530 3957 Deus
1558 3903 1693 3959 tales
1717 3921 1815 3959 vos
1850 3921 1991 3963 sem-

434 3998 532 4051 per
551 3999 670 4041 esse
702 4002 807 4043 non
839 3990 973 4055 vult,
1007 3992 1331 4062 insipientes
1355 4006 1408 4051 et
1440 3998 1609 4051 veSIri
1642 4008 1909 4063 amantes,
1933 4008 1994 4056 ttt

432 4092 556 4132 cunt
590 4076 829 4147 Christo,
852 4082 943 4153 qui
977 4084 1182 4153 placuit
1215 4086 1346 4149 Deo,
1375 4089 1517 4142 etab
1557 4102 1643 4149 eo,
1685 4100 1743 4143 ut
1767 4104 1833 4143 ex
1864 4104 1991 4143 san-

524 4234 569 4266 ⁸³
606 4234 742 4291 Gen.
776 4251 867 4303 xv,
902 4237 953 4291 6.

504 4390 616 4461 (75)
666 4390 981 4445 Δι’ᾶλλων
1033 4390 1400 4459 προστατῶν.
1456 4390 1733 4446 Nonnullis
1783 4392 1994 4447 videtur

433 4462 539 4533 legi
578 4476 740 4533 posse
780 4462 1134 4533 ﬂpQGTaT6)V,_
1157 4464 1251 4533 sed
1282 4478 1375 4516 eos
1405 4462 1602 4516 refellit
1634 4477 1863 4533 sequens
1899 4478 1991 4516 vo-

433 4531 684 4587 cabulum
728 4531 1069 4602 νομοθεσίας.
1114 4531 1308 4600 Liquet
1348 4533 1621 4587 Abraham
1666 4542 1721 4586 et
1753 4531 1989 4601 Moysen]

431 4602 714 4672 aptissime.
736 4598 1143 4672 hic:designari.

503 4670 616 4743 (te)
646 4670 909 4743 Σποδῶν.
940 4669 1247 4743 [legendum
1282 4669 1545 4724 σπονδῶν.
1569 4671 1883 4743 Tntantus.

503 4674 594 4742 (76
646 4674 909 4725 Σποδῶν.
940 4674 1247 4743 chendum
1282 4674 1545 4724 σπονδῶν.
1569 4674 1883 4729 Tntantus.

503 4674 617 4813 (77)
655 4741 1008 4810 Οὐδαμόθεν.
1050 4743 1183 4797 Cum
1218 4755 1408 4796 sensus
1443 4742 1716 4797 absolutus
1759 4759 1862 4795 non
1897 4747 1989 4811 sit,

381 4865 390 4875 ,
420 4812 493 4869 La
509 4812 646 4880 ttgus
679 4822 805 4865 ante
842 4813 955 4865 hare
984 4820 1146 4865 verba
1196 4813 1444 4881 apposuit
1477 4816 1541 4863 ad
1584 4814 1987 4869 conclusionem

421 4882 730 4952 superioris
766 4884 970 4949 periodi
1003 4900 1016 4935 :
1065 4900 1084 4933 ι
1118 4883 1256 4947 Quid
1295 4882 1563 4952 habebitis
1597 4886 1738 4949 quod
1767 4898 1990 4952 respon-

422 4950 644 5006 deatis?
676 4968 694 5001 ι
743 4952 849 5004 Sed
892 4952 1067 5006 lucem
1094 4952 1222 5005 huic
1248 4952 1364 5006 loco
1391 4950 1586 5007 all'erre
1613 4950 1990 5010 conatus—sum

424 5034 528 5089 ope
554 5020 915 5091 parenthesis,
947 5038 1107 5091 quam
1142 5032 1321 5077 tamen
1355 5024 1405 5075 iit
1436 5022 1628 5077 Latina
1666 5022 1993 5091 interpreta-

429 5094 581 5145 tione
611 5091 932 5145 servandam
962 5107 1066 5145 tton
1093 5092 1242 5147 duxi.
1273 5094 1378 5146 Sed
1411 5101 1467 5145 ut
1494 5108 1711 5147 sensum
1741 5094 1991 5149 absolve-

431 5176 571 5225 rem,
604 5176 765 5230 supra
798 5162 997 5217 inserui
1022 5163 1135 5216 hzec
1158 5164 1317 5216 verba
1353 5181 1366 5217 :
1398 5181 1417 5215 ι
1459 5162 1744 5216 calumniis
1765 5175 1988 5232 appete-

434 5242 519 5284 tur
572 5230 751 5287 Deus.
817 5250 837 5284 ι
884 5248 1005 5287 quas
1049 5234 1187 5285 inl'ra
1238 5243 1550 5287 occurrunt.
1598 5262 1669 5272 —
1712 5235 1783 5287 El
1833 5233 1985 5287 uit...

457 5247 519 5284 lll‘
572 5246 751 5289 Deus.
817 5250 837 5284 ι
884 5248 1005 5289 ουω
1049 5246 1187 5285 ιηιτο
1238 5246 1550 5287 occurrunt.
1598 5262 1669 5272 -
1712 5246 1783 5287 Et
1832 5246 1985 5289 μὴ...

434 5248 519 5284 tur
572 5248 751 5298 ueus,
817 5250 837 5284 ι
884 5248 1005 5301 ηοω
1049 5248 1187 5285 intra
1238 5248 1550 5287 occurrunt.
1598 5262 1669 5272 —
1712 5248 1783 5287 Et
1827 5248 1985 5303 μη...

428 5300 573 5355 ἐκεῖ.
605 5301 837 5373 Reposui
868 5304 1082 5373 signum
1129 5302 1590 5373 interrogationis.
1624 5302 1839 5373 Langus
1879 5320 1986 5361 non

433 5373 574 5426 male
601 5372 849 5426 subaudit
876 5389 890 5426 :
924 5373 990 5426 Τί
1023 5371 1171 5437 ἕξετε
1202 5372 1639 5441 ἀποκρίνασθαι;
1680 5390 1699 5425 c
1733 5371 1860 5441 quid
1894 5376 1990 5429 ha-

433 5441 633 5497 bebitis
662 5444 803 5510 quod
835 5444 1249 5515 respondeatis?
1281 5462 1299 5495 ι
1344 5441 1504 5499 'l‘ales
1530 5445 1907 5499 conclusiones
1932 5446 1988 5500 in

431 5526 684 5584 sermone
708 5513 1025 5579 quotidiana
1055 5529 1195 5584 sa‘pe
1218 5515 1468 5568 omittere
1500 5515 1756 5569 solemus.
1791 5516 1988 5581 Perpe-

435 5596 549 5633 ram
581 5580 787 5636 Harant.
822 5586 888 5636 ad
922 5580 1146 5639 sensum
1182 5585 1563 5638 absolvendum
1597 5586 1746 5638 addit
1780 5606 1792 5639 :
1830 5602 1849 5635 ι
1882 5580 1987 5641 Ca-

435 5651 653 5727 l_u_ntttiis
675 5662 953 5727 appetetur
994 5655 1135 5709 Deus
1175 5673 1193 5707 ι
1225 5654 1388 5727 (infra
1420 5656 1563 5727 enim
1599 5672 1612 5708 :
1650 5671 1986 5727 συκοφαντη-

430 5717 657 5790 θῄσεται
706 5717 939 5795 δ’Θεός),
974 5735 1026 5779 et
1073 5717 1241 5780 verba
1278 5723 1639 5794 οὐδαμόθεν...
1675 5726 1767 5779 ὑπ’
1795 5717 1981 5782 ἀὑτοῦ

2100 3276 2198 3330 μαι
2233 3259 2673 3331 ἀναλαμϐάνειν.)
2720 3261 2905 3325 Ἐπεὶ,
2942 3262 2990 3313 εἰ
3026 3260 3101 3331 μὴ
3134 3259 3288 3312 τοῦτό
3335 3262 3471 3320 ἐστι,
3510 3275 3681 3312 outco-

2098 3355 2496 3427 φαντηθήσεται
2543 3357 2572 3408 ὁ
2617 3354 2788 3419 Θεὸς,
2823 3355 2897 3418 ὼς
2962 3356 3098 3425 μήτε
3146 3354 3451 3424 πρόγνωσιν
3500 3352 3680 3422 ἔχων,

2097 3448 2235 3517 μήτε
2269 3445 2335 3497 τὰ
2367 3443 2504 3497 αύτά
2546 3443 2733 3496 δίκαια
2777 3443 2982 3505 πάντας
3016 3443 3278 3495 διδάσκων
3324 3441 3420 3493 καὶ
3472 3440 3680 3493 εἰδέναι

2094 3538 2191 3591 καὶ
2238 3536 2529 3607 πράττειν·
2567 3533 2794 3605 (πολλαὶ
2840 3534 2947 3605 γὰρ
2980 3533 3166 3601 γενεαὶ
3214 3531 3519 3605 ἀνθρώπων
3568 3535 3681 3605 πρὸ

2098 3629 2377 3692 Μωῦσέως
2413 3630 2691 3697 φαίνονται
2724 3628 3084 3698 γεγενημέναι
3106 3627 3143 3697 ·)
3178 3626 3273 3679 καὶ
3306 3626 3404 3678 οὐκ
3437 3625 3679 3679 ἒστιΛόο

2098 3739 2193 3791 γος
2226 3722 2254 3773 ὁ
2288 3720 2460 3789 λέγων
2483 3720 2612 3789 (79),
2635 3719 2710 3783 ὡς
2744 3719 2844 3772 ούκ
2878 3718 3084 3790 ἀληθὴς
3105 3721 3133 3771 ὁ
3160 3717 3293 3781 Θεὸς
3312 3718 3407 3769 καὶ
3438 3717 3677 3782 δίκαιος,

2098 3813 2191 3866 καὶ
2225 3815 2394 3867 πᾶσαι
2427 3813 2483 3865 αἱ
2516 3810 2624 3863 ὁδοὶ
2657 3810 2818 3863 αὐτοῦ
2855 3811 3085 3882 κρίσεις,
3108 3810 3202 3862 καὶ
3236 3810 3335 3861 οὐκ
3369 3808 3516 3861 ἐστιν
3549 3809 3678 3861 ἁδι⁴

2094 3905 2189 3959 κία
2222 3906 2279 3957 ἐν
2313 3902 2477 3974 αὐτῷ.
2526 3902 2745 3973 Ἐπειδὴ
2776 3902 2833 3955 δέ
2867 3900 3070 3972 ἀληθὴς
3117 3903 3145 3954 ὁ
3176 3900 3370 3969 Λόγος,
3408 3901 3504 3952 καὶ
3536 3899 3676 3965 Θεὸς

2097 3997 2243 4067 ὑμᾶς
2277 3995 2547 4060 τοιούτους
2597 3996 2673 4067 μὴ
2719 3990 2857 4047 εἶναι
2904 3992 3197 4057 ἀσυνέτους
3244 3993 3341 4045 καὶ
3375 3991 3673 4060 φιλαύτους

2097 4090 2185 4143 ἀεὶ
2222 4088 2489 4160 βούλεται,
2524 4090 2671 4151 ὅπως
2719 4084 2927 4157 σωθῆτε
2963 4086 3104 4156 μετὰ
3146 4084 3238 4137 τοῦ
3287 4083 3521 4155 Χριστοῦ
3559 4081 3676 4152 (80)

2095 4394 2251 4449 uncis
2279 4394 2523 4449 includit.

2167 4464 2279 4533 ('78)
2320 4465 2388 4519 Τὸ
2420 4464 2489 4518 δὲ
2521 4466 2953 4527 σαϐϐατὶζειν...
2980 4466 3101 4521 ἵνα.
3140 4463 3239 4520 Hic
3265 4464 3431 4519 etiam
3462 4464 3679 4535 aliquid

2095 4536 2285 4589 deesse
2313 4536 2601 4600 videbitur,
2634 4538 2735 4590 nisi
2772 4539 2884 4591 hate
2916 4539 3078 4591 verba
3115 4535 3425 4590 refcrantur
3453 4535 3522 4588 ad
3576 4551 3676 4589 su-

2095 4605 2306 4676 periora
2349 4606 2397 4658 el
2434 4604 2509 4676 μὴ
2542 4605 2851 4669 ἀποδείξετε
2884 4608 2987 4660 ὃτι.
3019 4608 3198 4675 Atque
3228 4607 3353 4659 inde
3376 4614 3542 4676 patet_
3567 4620 3675 4658 non

2091 4674 2211 4798 ‘sine
2262 4673 2686 4746 causa’longant
2738 4681 2878 4732 hanc
2931 4673 3301 4746 parenihesim
3356 4673 3674 4744 appositam

2117 4760 2283 4798 uisse.

2117 4760 2283 4799 ωεεθ.

2164 4816 2276 4885 (79)
2317 4816 2426 4869 Kal
2461 4817 2572 4870 οὐκ
2605 4816 2735 4870 ἔστι
2767 4817 2948 4885 λόγος
2982 4819 3015 4871 ό
3048 4814 3258 4886 λέγων.
3300 4814 3669 4886 Corruptissi-

2094 4900 2215 4955 mus
2258 4886 2448 4953 locus,
2479 4887 2636 4955 cujus
2680 4897 2855 4940 tamen
2904 4903 3010 4941 non
3052 4885 3285 4939 dillicilis
3326 4885 3664 4955 emendatio.

2094 4953 2573 5025 Legendumenitit
2607 4956 2760 5010 ιΚαὶ
2793 4957 2892 5009 οὐκ
2914 4956 3061 5009 ἔστιν
3092 4954 3298 5025 ἀληθὴς
3329 4955 3538 5025 λόγοςό
3570 4953 3664 5006 λέ-

2092 5024 2202 5098 γων
2248 5025 2324 5098 ᾡς
2367 5024 2573 5098 ἀληθὴς
2622 5026 2726 5096 (vel
2746 5025 3012 5098 ἀληθινὸς
3038 5028 3128 5098 _vel
3161 5024 3344 5098 εὐθὺς)
3377 5028 3405 5079 ό
3456 5024 3666 5097 Κύριος

2091 5094 2187 5166 καὶ
2218 5094 2607 5159 οἰκαιοςζΗιιλο
2635 5094 2808 5149 νει-ἰῆς
2836 5094 2898 5151 ex
2938 5096 3159 5166 psalmis
3189 5094 3473 5165 desumpta
3507 5094 3661 5148 sunt.

2091 5162 2224 5217 lllud
2281 5167 2463 5229 enim,
2523 5182 2545 5218 ι
2593 5173 2648 5219 et
2700 5182 2891 5222 omnes
2935 5162 3035 5221 ita:
3082 5166 3200 5232 ejus
3247 5162 3473 5233 judicia,
3520 5183 3539 5215 ι
3592 5180 3663 5220 ex

2088 5237 2298 5302 psalmo
2332 5250 2558 5298 utv,v.
2590 5236 2676 5289 10.
2710 5236 2840 5290 Illud
2887 5255 2906 5288 ι
2945 5247 2999 5291 et
3027 5252 3130 5290 non
3176 5246 3257 5288 est
3305 5236 3567 5302 iniquitas
3607 5236 3662 5289 in

2090 5316 2175 5371 eo,
2215 5324 2233 5357 ι
2256 5319 2322 5359 ex
2351 5306 2559 5375 psalmo
2594 5321 2679 5360 XCI
2702 5308 3041 5375 decerptum.
3078 5306 3157 5360 Ita
3188 5306 3354 5360 etiam
3399 5305 3549 5359 hunc
3579 5305 3665 5360 lo-

2090 5388 2211 5428 cum
2242 5374 2338 5429 CL.
2364 5375 2645 5430 'l'ltirlhius
2673 5379 2948 5430 emendat.

2126 5391 2211 5428 um
2242 5391 2338 5429 LL.
2365 5391 2645 5430 ’[ιιιτιυιιιε
2673 5391 2948 5431 emendat.

2162 5444 2273 5516 (80)
2300 5446 2461 5501 Μετὰ
2482 5446 2587 5501 τοῦ
2608 5446 2882 5514 Χριστοῦ.
2904 5444 3038 5516 cum
3067 5445 3309 5516 Christo,
3342 5456 3400 5499 ut
3432 5454 3664 5500 auctore

2088 5513 2471 5582 beatitudinis;
2508 5532 2615 5585 quo
2648 5513 2808 5571 Sensit
2843 5515 3038 5570 Paulus
3077 5513 3099 5568 ι
3145 5514 3389 5571 Thessal.
3439 5532 3517 5580 tv,
3550 5516 3656 5569 l7:

2093 5604 2111 5637 ι
2148 5586 2215 5638 Ει
2245 5588 2322 5640 sic
2348 5602 2561 5655 semper
2591 5602 2710 5639 cum
2745 5586 2974 5657 Domino
3023 5587 3250 5657 eritnus.
3290 5606 3309 5637 ι
3349 5585 3659 5657 ἓφνειίίιιω

2087 5672 2249 5729 supra
2287 5673 2339 5711 n.
2370 5658 2439 5712 80
2469 5654 2487 5709 ξ
2516 5654 2907 5729 Εύᾲφραίνθῆναι
2932 5656 3072 5729 μετά
3112 5655 3203 5709 τοῦ
3238 5654 3495 5729 Χριστοῦζ
3534 5656 3658 5729 Ιιιυς

2086 5722 2194 5782 tilis
2228 5743 2356 5798 ergo
2382 5742 2545 5798 opera
2571 5722 2653 5783 Cl.
2686 5722 2913 5781 'l‘hii'lbii
2934 5722 3173 5797 legentis
3199 5745 3211 5780 :
3238 5722 3392 5781 Μετὰ
3427 5725 3534 5780 τῶν
3569 5722 3659 5779 διὰ
