3962 6262
247 353 323 409 σοι

1215 343 1562 403 DIALOGUS
1597 343 1743 401 CUM
1778 337 2152 398 TRYPHONE
2181 339 2446 398 ιυυιεο.

3366 340 3463 398 ονε

246 467 312 522 τοῦ
341 464 768 539 ιύαρεστοῦντος
814 464 894 536 τῷ
923 462 1043 534 Θεῷ
1063 502 1077 527 ,
1122 462 1217 517 καὶ
1265 461 1763 534 μεμαρτυρημένον.)
1784 497 1798 521 ,

1904 467 2112 511 ctorum
2143 456 2531 525 prophetarum
2581 455 2922 511 sermonibus
2951 454 3348 520 demonstravi,
3388 467 3467 514 te~

249 558 304 623 ὡς
336 559 597 632 προέφην,
629 558 723 613 διὰ
750 557 862 610 τῶν
894 555 1065 626 ἁγίων
1100 554 1453 627 προφητικῶν
1487 555 1662 623 λόγων
1694 556 1792 623 τὴν

249 650 490 715 ἀπόδειξιν
524 650 790 720 ποιήσας.

300 746 375 800 93.
407 745 486 798 Τά
516 744 627 814 γὰρ
660 743 753 797 ἀεὶ
786 740 883 796 καὶ
915 740 984 795 δι’
1015 740 1138 794 ὅλου
1170 739 1352 795 δίκαια
1384 741 1480 793 καὶ
1506 740 1685 793 πᾶσαν
1717 738 1795 791 δι-

260 836 515 907 καιοσύνην
551 834 789 906 παρέχει
826 836 884 887 ὲν
929 832 1091 888 παντὶ
1124 832 1272 901 γένει
1319 830 1650 905 ἀνθρώπων
1698 830 1795 885 καὶ

258 931 346 983 Im
385 929 487 979 πᾶν
530 926 693 994 γένος
739 923 1024 995 γνωρίζον,
1070 923 1151 977 ὅτι
1187 921 1402 993 μοιχεία
1447 922 1649 985 κακὸν,
1697 921 1793 975 καὶ

263 1019 465 1091 πορνεία,
492 1017 587 1070 καὶ
622 1015 949 1087 ἀνδροφονία
981 1014 1111 1086 (81),
1129 1015 1223 1068 καὶ
1250 1016 1351 1069 ὅσα
1381 1013 1518 1068 ἄλλα
1548 1014 1791 1067 τοιαῦτα.

267 1112 357 1165 Κᾶν
386 1111 573 1173 πάντες
608 1108 923 1179 πράττωσιν
956 1107 1125 1171 αὐτὰ,
1161 1106 1275 1160 ἀλλ’
1311 1102 1403 1161 οὖν
1448 1124 1511 1176 γε
1544 1107 1637 1161 τοῦ
1674 1108 1793 1160 ὲπί-

271 1200 457 1254 στισθαι
501 1198 846 1262 ἀδικοῦντες,
894 1198 1023 1250 ὅταν
1076 1196 1356 1267 πράττωσι
1418 1197 1629 1261 ταῦτα,
1696 1198 1795 1251 οὐκ

276 1288 632 1359 ἀπηλλαγμένοι
665 1286 796 1351 εἰσὶ,
833 1286 974 1357 πλὴν
1004 1288 1117 1339 ὅσοι
1150 1287 1254 1340 ὑπὸ
1289 1286 1600 1358 ἀκαθάρτου
1634 1286 1797 1340 πνεύ-

279 1398 407 1451 ματος
451 1378 933 1451 ὲμπεφορημένοι,
985 1379 1079 1432 καὶ
1137 1380 1448 1451 ἀνατροφῆς
1494 1379 1589 1433 καὶ
1659 1378 1796 1432 ἐθῶν

279 1472 457 1539 φαύλων
486 1470 576 1525 καὶ
607 1471 792 1541 νόμων
826 1470 1079 1542 πονηρῶν
1110 1469 1500 1541 διαφθαρέντες
1519 1510 1533 1533 ,
1568 1470 1664 1535 τὰς
1698 1489 1797 1541 φυ-

278 1563 402 1626 σικὰς
430 1563 620 1627 ἑννοίας
654 1562 965 1627 ἀπώλεσαν,
994 1562 1192 1633 μᾶλλον
1223 1562 1281 1616 δὲ
1314 1561 1564 1627 ἔσϐεσαν,
1600 1564 1633 1636 ἢ
1668 1564 1794 1615 ἐπε-

279 1652 505 1722 σχημένας
534 1654 741 1724 ἔχουσιν
788 1654 919 1726 (8‘2).
982 1655 1131 1708 Ἰδεῖν
1177 1655 1284 1727 γάρ
1345 1655 1458 1708 ἐστι
1516 1654 1612 1710 καὶ
1674 1657 1797 1721 τοὺς

281 1744 501 1808 τοιούτους
544 1745 679 1815 (83)
730 1746 807 1817 μὴ
855 1746 921 1799 τὰ
970 1746 1107 1799 αὐτά
1152 1745 1346 1799 παθεῖν
1406 1746 1791 1817 βουλομένους,

1895 549 2215 602 stimonium
2251 546 2484 618 accepit,
2513 547 2742 602 salutem
2776 548 3191 617 assequamini.‘

1960 727 2049 784 93.
2082 727 2280 782 Eadem
2323 729 2551 799 justitiaa
2597 729 2732 782 ratio
2766 730 3010 783 omnibus
3040 731 3272 787 tradita.
3317 730 3470 785 Hanc

1892 816 2135 874 Christus
2178 819 2384 874 duobus
2434 820 2713 889 praeceptis
2762 820 3173 889 comprehendit.
3214 852 3286 862 —
3329 822 3470 877 Nam

1893 925 2013 982 quae.
2041 927 2260 982 semper
2289 921 2341 967 et
2375 913 2576 981 ubique
2604 913 2748 982 justa
2785 921 2940 979 sunt,
2988 929 3052 968 ac
3098 925 3266 970 totam
3307 916 3472 986 justi-

1894 1001 2021 1056 tiam
2052 1002 2103 1055 in
2139 1003 2287 1056 omni
2319 1003 2599 1059 hominum
2643 1018 2844 1074 genere
2867 1005 3122 1073 exhibet;
3156 1021 3256 1061 nec
3300 1007 3470 1063 ullum

1894 1101 1976 1147 est
2014 1106 2182 1163 genus
2222 1093 2364 1162 quod
2406 1093 2625 1164 ignoret
2651 1094 2978 1149 adulterium
3008 1112 3128 1152 esse
3177 1097 3378 1151 mal-nm
3415 1105 3471 1153 et

1895 1181 2312 1236 fornicationem
2356 1192 2413 1237 et
2463 1183 2820 1239 homicidium
2875 1196 2930 1241 et
2977 1202 3319 1259 qtnecnnqne
3363 1190 3471 1245 alia

1898 1273 2116 1329 similia.
2158 1273 2289 1339 ane
2336 1275 2551 1343 quidem
2601 1275 2813 1330 etiamsi
2855 1291 3046 1333 omnes
3095 1278 3323 1345 faciant,
3359 1295 3469 1334 non

1897 1374 2074 1421 tamen
2104 1375 2468 1434 assequuntur
2501 1374 2578 1431 ut,
2606 1382 2732 1421 eum
2770 1383 2831 1423 ea
2860 1368 3096 1435 faciunt,
3124 1370 3311 1440 inique
3347 1386 3377 1426 a
3406 1387 3467 1427 se

1897 1458 2013 1512 fieri
2045 1457 2315 1528 ignorent,
2342 1457 2409 1512 iis
2431 1458 2671 1528 exceptis
2696 1460 3007 1531 quicunque
3037 1461 3251 1532 impuro
3277 1464 3471 1532 spiritu

1895 1547 2062 1618 pleni,
2096 1546 2183 1602 vel
2221 1562 2386 1617 prava
2429 1549 2791 1615 institutione,
2828 1560 2886 1605 et
2916 1551 3072 1607 malis
3118 1554 3379 1621 moribus,
3407 1571 3474 1610 ac

1898 1639 2124 1695 nefariis
2152 1638 2359 1709 legibus
2390 1643 2631 1710 corrupti
2664 1643 2946 1697 naturales
2977 1645 3226 1705 notiones
3277 1648 3472 1701 amise-

1900 1741 2046 1795 runt,
2079 1730 2161 1785 vel
2188 1731 2366 1801 potius
2392 1733 2796 1795 exstinxerunt,
2830 1744 2923 1787 aut
2957 1735 3217 1789 inhibitas
3260 1745 3467 1791 tenent.

286 1836 396 1906 ἀπερ
422 1836 555 1889 αὐτοὶ
584 1837 707 1901 τοὺς
741 1836 929 1901 ἄλλους
951 1836 1269 1901 διατιθέασι,
1288 1832 1388 1892 ’καὶ
1413 1839 1469 1891 ὲν
1493 1838 1798 1909 συνειδήσε-

1903 1824 2097 1881 Videre
2143 1828 2287 1881 enim
2336 1836 2420 1882 est
2462 1829 2624 1882 etiam
2669 1830 2932 1899 ejusmodi
2982 1830 3234 1885 homines
3280 1832 3470 1886 eadem

287 1942 350 1978 σιν
376 1927 562 1997 ἐχθραῖς
593 1928 766 1982 ταῦτα
797 1930 1151 1995 ὀνειδίζοντας
1175 1929 1419 2000 ἀλλήλοις
1452 1930 1597 2002 ᾶπερ
1637 1931 1799 2001 ἐργά-

286 2018 443 2081 ζονται.
486 2021 634 2075 Ὅθεν
681 2040 772 2093 μοι
816 2023 963 2076 δοκεῖ
1019 2022 1196 2088 καλῶς
1244 2022 1493 2094 εἰρῆσθαι
1539 2023 1642 2076 ὑπὸ
1704 2022 1795 2076 τοῦ

288 2109 504 2181 ἡμετέρου
534 2111 733 2181 Κυρίου
781 2111 876 2166 καὶ
923 2112 1179 2183 Σωτῆρος
1226 2112 1398 2184 Ἰησοῦ
1433 2113 1666 2184 Χριστοῦ
1689 2151 1703 2175 ,
1741 2113 1798 2165 ὲν

287 2199 407 2253 δυσὶν
444 2203 660 2267 ἐντολαῖς
712 2206 895 2258 πᾶσαν
953 2204 1296 2276 δικαιοσύνην
1360 2206 1454 2259 καὶ
1518 2204 1798 2257 εὐσέϐειαν

290 2290 584 2360 πληροῦσθαι.
619 2294 737 2346 Εἰσὶ
759 2294 815 2347 δὲ
850 2286 1044 2348 αὗταν
1077 2293 1434 2363 Ἀγαπήσεις
1451 2295 1667 2360 Κύριον
1694 2293 1800 2345 τὸν

288 2382 406 2433 Θεάν
430 2400 527 2437 σου
562 2385 629 2449 ἐξ
658 2386 810 2452 ὅλης
841 2384 954 2453 τῆς
981 2385 1228 2453 καρδίας
1266 2401 1402 2449 σου,
1430 2386 1525 2438 καὶ
1556 2384 1624 2449 ἐξ
1650 2384 1799 2452 ὅλης

289 2471 374 2537 τῆς
392 2476 571 2543 ισχύος
584 2493 716 2529 σου·
735 2477 833 2531 καὶ
856 2477 960 2531 τὸν
992 2478 1255 2544 πλησίον
1283 2492 1399 2532 σου
1416 2477 1495 2543 ὡς
1517 2477 1794 2531 σεαυτόν.

298 2562 442 2634 Ὀγάρ
463 2565 512 2629 ἐξ
537 2566 655 2637 ὅλης
686 2567 787 2637 τῆς
819 2567 1069 2638 καρδίας,
1105 2568 1200 2621 καὶ
1233 2567 1291 2632 ἐξ
1323 2568 1449 2639 ὅλης
1482 2568 1581 2638 τῆς
1619 2566 1798 2638 ἰσχύος

296 2654 473 2720 ἀγαπῶν
498 2658 578 2711 τὸν
606 2658 757 2722 Θεὸν,
794 2658 1008 2730 πλήρης
1044 2658 1327 2723 θεοσεϐοῦς
1361 2658 1586 2730 γνώμης
1618 2658 1796 2730 ὑπάρ-

292 2760 394 2811 χων,
420 2747 580 2802 οὐδένα
609 2750 765 2803 ἄλλον
798 2753 1019 2822 τιμήσει
1066 2749 1188 2803 θεόν
1208 2768 1221 2780 ·
1258 2751 1355 2804 καὶ
1390 2749 1620 2819 ἄγγελον
1656 2752 1800 2802 ἐκεῖ·

292 2835 438 2887 νονᾶν
474 2841 677 2909 τιμῆσαι
705 2839 842 2893 Θεοῦ
894 2841 1251 2912 βουλομένου,
1301 2842 1389 2895 τὸν
1438 2840 1799 2912 ἀγαπώμενον

292 2924 368 2975 ὑπ’
394 2928 524 2982 αὐτοῦ
555 2932 638 2984 τοῦ
673 2932 880 3004 Κυρίου
913 2933 1008 2986 καὶ
1041 2932 1195 2986 Θεοῦ.
1231 2935 1343 2988 Καὶ
1388 2936 1416 2987 6
1448 2935 1538 2987 τὸν
1572 2933 1798 3005 πλησίον

296 3013 358 3079 ὡς
381 3018 538 3073 ἔτην
567 3024 808 3091 ἀγαπῶν,
837 3025 982 3096 ἅπερ
1015 3023 1162 3095 αὺτῷ
1196 3024 1440 3096 βούλεται
1476 3024 1674 3093 ἀγαθὰ,
1699 3025 1799 3077 κά-

295 3107 422 3180 κείνῳ
448 3112 770 3185 βουλήσεταν
819 3117 992 3181 οὐδεὶς
1040 3117 1096 3171 δὲ
1142 3116 1319 3188 ἑαυτῷ
1363 3117 1506 3171 κακά
1542 3117 1799 3188 βουλήσε-

295 3211 381 3249 ται.
422 3200 558 3256 ταῦτ’
600 3202 688 3258 οὖν
734 3206 811 3277 τῷ
873 3206 1100 3278 πλησίον
1162 3208 1257 3262 καὶ
1301 3206 1504 3272 εὔξαιτ’
1552 3207 1652 3270 ἂν,
1703 3207 1798 3261 καὶ
1826 3184 1867 3242 C

296 3290 530 3359 ὲρ’ἴέὶααιτο
558 3297 800 3365 γενέσθαι
823 3342 838 3365 ,
874 3301 1017 3373 ἅπερ
1050 3301 1146 3354 καὶ
1178 3300 1355 3371 ἐαυτῷ
1386 3303 1414 3353 6
1448 3301 1537 3353 τὸν
1572 3300 1799 3370 πλησίον

298 3381 493 3448 ἀγαπῶν.
529 3389 747 3460 Πλησίον
791 3392 848 3445 δὲ
893 3391 1180 3464 ἀνθρώπου
1215 3392 1365 3445 οὐδὲν
1412 3392 1536 3446 ἄλλο
1583 3392 1795 3463 ἐστ).νῆ

297 3470 347 3522 τὸ
368 3476 639 3544 ὁμοιοπαθὲς
671 3482 767 3534 καὶ
799 3482 1015 3550 λογικὸν
1049 3482 1207 3546 ζῶον,
1242 3483 1271 3535 6
1303 3481 1609 3553 ἄνθρωπος.
1665 3482 1796 3550 Διχῆ

294 3564 371 3621 οὖν
394 3573 474 3642 τῆς
512 3578 677 3647 πάσης
722 3576 1066 3647 δικαιοσύνης
1114 3576 1504 3648 τετμημένης,
1554 3577 1693 3648 πρός
1740 3592 1799 3628 τε

292 3660 399 3715 Θεὸν
425 3668 503 3720 καὶ
531 3668 862 3741 ἀνθρώπους,
897 3671 1066 3735 ὅστις,
1105 3669 1269 3740 φησὶν
1303 3669 1331 3721 ὁ
1365 3668 1538 3737 Λόγος
1558 3709 1573 3731 ν
1612 3669 1801 3739 ἀγαπᾷ

295 3752 459 3825 Κύριον
484 3760 562 3812 τὸν
589 3761 718 3813 Θεὸν
752 3760 812 3825 ἐξ
858 3761 985 3831 ὅλης
1018 3760 1119 3829 τῆς
1151 3759 1399 3833 καρδίας,
1441 3758 1537 3813 καὶ
1584 3759 1642 3824 ἐξ
1675 3760 1802 3829 ὅλης

294 3844 372 3914 τῆς
401 3850 680 3917 ἰσχύοςααὶ
712 3854 804 3905 τὸν
840 3852 1064 3923 πλησίον
1094 3852 1169 3915 ὡς
1203 3850 1633 3916 ἑαυτὸν,δίκαιος
1669 3851 1801 3923 ἀλη-

294 3933 379 3999 θῶς
406 3937 459 3991 ἂν
496 3944 591 4013 εἴη.
650 3944 838 4015 Ὑμεῖς
870 3944 926 3997 δὲ
958 3942 1080 3996 οὔτε
1117 3944 1254 4014 πρὸς
1301 3943 1467 4007 Θεὸν,
1503 3942 1627 3996 οὔτε
1662 3945 1799 4015 πρὸς

294 4026 393 4090 τοὺς
420 4034 691 4103 προφήτας,
719 4034 842 4087 οὗτε
866 4034 1001 4105 πρὸς
1035 4034 1261 4097 ἑαυτοὺς
1296 4032 1478 4101 φιλίαν
1512 4032 1544 4105 ἢ
1580 4033 1802 4102 ἀγάπην

293 4115 481 4185 tm,
510 4125 749 4179 οὐδέποτε
794 4124 1091 4197 ἐδείχθητε,
1127 4125 1241 4179 ἀλλ’
1274 4125 1349 4189 ὠς
1380 4124 1671 4188 δείκνυται,
1708 4125 1803 4177 καὶ

292 4209 607 4289 ιέὰυλολάτραι
641 4218 869 4272 πάντοτε
891 4258 904 4281 ,
940 4219 1035 4271 καὶ
1081 4219 1260 4286 φονεῖς
1306 4216 1412 4272 τῶν
1456 4217 1679 4272 δικαίων
1712 4217 1803 4270 εὑ-

346 4366 384 4397 “
412 4367 573 4427 Matth.
609 4388 745 4436 nit,
779 4371 871 4426 57.

1899 1918 2007 1988 pati
2056 1917 2218 1982 nolle,
2260 1934 2379 1989 qum
2423 1920 2522 1990 ipsi
2568 1920 2688 1975 aliis
2737 1920 2962 1986 faciunt,
2995 1937 3059 1976 ac
3105 1922 3204 1977 sibi
3240 1924 3471 1977 invicem

1902 2009 2120 2063 inimica
2174 2010 2509 2067 conscientia
2566 2011 2903 2079 exprobrare
2956 2028 3077 2081 quae
3132 2023 3469 2083 perpetrant.

1901 2100 2053 2157 Unde
2098 2102 2228 2156 mihi
2261 2101 2524 2171 praeclare
2541 2118 2579 2171 .a
2614 2102 2846 2159 Domino
2874 2115 3063 2159 nostro
3102 2114 3155 2158 et
3187 2104 3472 2161 Salvatore

1897 2193 2024 2247 .lesu
2066 2194 2282 2249 Christo
2321 2194 2525 2248 dictum
2557 2196 2795 2261 videtur,
2829 2198 3036 2251 duobus
3079 2198 3361 2268 praeceptis
3384 2197 3472 2265 jn-

1901 2286 2103 2341 stitiam
2133 2300 2368 2357 .omnem
2402 2295 2457 2341 et
2500 2287 2761 2356 pietatem
2813 2290 3098 2357 adimpleri
3138 2308 3154 2344 :
3200 2309 3219 2341 ι
3273 2290 3475 2359 Diliges

1900 2378 2184 2432 Dominum
2213 2377 2381 2433 Deum
2409 2388 2559 2433 tuum
2589 2395 2657 2435 ex
2690 2390 2805 2435 toto
2832 2383 2997 2435 corde
3026 2390 3143 2444 tuo,
3165 2390 3217 2435 et
3248 2396 3313 2434 ex
3346 2381 3474 2435 totis

1899 2470 2108 2524 viribus
2137 2470 2267 2535 tuis,
2300 2477 2353 2525 et
2380 2471 2690 2537 proximum
2727 2483 2876 2524 tuum
2918 2472 3060 2527 sicut
3087 2472 3315 2541 teipsum
3349 2470 3415 2523 ⁸⁸.
3447 2487 3467 2521 ι

1901 2562 2037 2617 Nam
2084 2564 2175 2633 qui
2221 2578 2290 2617 ex
2340 2571 2452 2619 toto
2497 2564 2659 2620 corde
2700 2573 2755 2619 et
2796 2581 2862 2618 ex
2905 2565 3032 2621 toﬁs
3067 2564 3275 2619 viribus
3300 2564 3475 2634 diligit

1903 2654 2095 2719 Deum,
2139 2656 2186 2710 is
2230 2670 2353 2710 cum
2407 2656 2510 2726 pia:
2558 2658 2841 2712 sententia:
2882 2656 3073 2727 plenus
3120 2659 3210 2724 sit,
3261 2657 3472 2711 nullum

1902 2748 2063 2802 alium
2095 2748 2252 2803 deum
2278 2749 2420 2803 colet
2441 2792 2455 2812 ,
2483 2750 2575 2804 sed
2615 2759 2792 2804 tamen
2818 2751 3068 2820 angelum
3100 2751 3264 2804 etiam
3297 2750 3471 2815 illum,

1900 2837 2013 2891 Deo
2051 2836 2293 2906 iubente,
2341 2839 2502 2902 colet,
2543 2854 2705 2908 quem
2758 2840 2872 2909 ipse
2923 2839 3184 2895 Dominus
3232 2848 3288 2894 et
3331 2840 3476 2896 Deus

1900 2929 2095 3000 diligit.
2132 2930 2198 2983 Et
2232 2932 2323 3000 qui
2361 2932 2673 3000 proximum
2705 2932 2879 3001 diligit
2910 2942 3165 2999 tanquam
3202 2933 3470 3002 seipsum.

1899 3025 2092 3097 eadem
2133 3022 2206 3077 illi
2244 3026 2383 3078 bona
2430 3040 2492 3078 ac
2532 3025 2647 3095 ipse
2694 3025 2797 3079 sibi
2829 3026 3062 3093 optabit.
3096 3023 3265 3079 Nemo
3292 3033 3473 3080 autem

1902 3118 2004 3171 sibi
2034 3116 2173 3171 mala
2202 3118 2420 3172 evenire
2455 3118 2589 3173 vult.
2622 3116 2792 3187 Igitur
2822 3118 2912 3185 qui
2938 3118 3242 3186 proximum
3279 3117 3472 3186 diligit,

1902 3210 2090 3263 eadem
2132 3208 2207 3262 illi
2234 3223 2297 3262 ac
2326 3209 2439 3277 ipse
2470 3208 2573 3263 sibi
2596 3209 2908 3278 precabitur
2936 3224 2997 3263 ac
3025 3207 3259 3261 navabil.
3280 3207 3475 3262 Proxi-

1904 3317 2025 3355 mus
2057 3310 2238 3356 autem
2276 3301 2512 3354 hominis
2537 3316 2645 3353 non
2671 3301 2811 3355 alius
2841 3310 2946 3364 est,
2978 3316 3138 3369 quam
3170 3300 3296 3353 illud
3323 3301 3477 3355 simi-

1903 3390 2043 3444 libus
2066 3391 2507 3461 perpessionibns
2535 3391 2829 3445 obnoxium
2864 3402 2919 3445 et
2949 3392 3155 3444 ratione
3190 3392 3474 3459 praeditum

1903 3482 2125 3546 animal,
2159 3483 2343 3538 homo.
2387 3482 2641 3535 Bil’ariam
2688 3482 2854 3550 igitur
2885 3483 3172 3537 distributa
3201 3482 3345 3535 omni
3382 3482 3473 3550 ju-

1904 3573 2073 3639 stitia,
2105 3574 2157 3628 in
2198 3575 2362 3628 Deum
2401 3582 2456 3627 et
2496 3573 2783 3638 homines;
2829 3575 3161 3643 quicunque,
3206 3574 3282 3627 ait
3328 3571 3478 3628 Scri-

1907 3675 2088 3735 ptura,
2117 3666 2293 3738 diligit
2322 3668 2609 3721 Dominum
2644 3668 2812 3722 Deum
2852 3682 2919 3721 ex
2950 3675 3061 3721 toto
3107 3666 3271 3721 corde
3313 3675 3367 3720 et
3403 3680 3475 3719 ex

1912 3760 2040 3813 totis
2080 3758 2323 3826 viribus,
2364 3767 2419 3813 et
2468 3759 2775 3828 proximum
2823 3767 2882 3811 ut
2930 3760 3201 3827 seipstnn,
3250 3759 3298 3812 is
3349 3772 3476 3812 vere

1895 3849 2083 3916 justus
2113 3851 2295 3907 fuerit.
2325 3851 2433 3907 Vos
2460 3860 2641 3906 antem
2672 3866 2846 3918 neque
2873 3849 3025 3920 l9]
3077 3850 3129 3903 in
3166 3849 3354 3915 Deum,
3383 3864 3477 3903 ne-

1904 3958 2011 4014 que
2042 3944 2095 3999 in
2146 3945 2463 4015 prOphetas,
2506 3957 2688 4012 neque
2725 3942 2777 3996 in
2829 3943 3190 4011 vosmetipsos
3236 3956 3475 3995 amorem

1905 4050 2145 4104 unquam
2190 4044 2285 4089 aut
2333 4036 2658 4090 eharitatem
2693 4034 3054 4099 {declat-astis,
3088 4036 3181 4089 sed
3234 4049 3475 4101 semper,

1906 4136 1965 4181 ut
1999 4124 2343 4181 manifestum
2399 4135 2503 4189 est,
2555 4134 2610 4180 et
2660 4125 3078 4179 simulacrorum
3130 4124 3372 4178 cultores
3424 4135 3478 4180 et

1902 4217 2174 4288 iustorum
2212 4215 2592 4272 interfectores
2638 4229 2737 4269 vos
2778 4214 3119 4286 praebuistis;
3155 4215 3230 4270 ita
3270 4225 3330 4270 ut
3375 4216 3479 4285 ipsi

290 4542 363 4596 ἀὖ
403 4547 609 4618 Χριστοῦ
658 4550 847 4604 τούτου
907 4546 1343 4620 εὐαρεστούντων
1412 4543 1489 4620 τῷ
1545 4545 1663 4620 Θεῷ
1714 4546 1798 4600 xui

1914 4548 1982 4602 tis
2007 4546 2141 4615 lapsi
2173 4558 2446 4620 sunt.isua
2472 4563 2747 4620 quemque
2771 4550 2925 4619 culpa
2958 4565 3185 4620 peccare
3230 4552 3479 4608 declarat

293 4599 779 4691 μεμαρτυρημὲνῷνξ
793 4599 1065 4691 ξιιτίέιυῖξ
1084 4599 1192 4671 εει
1214 4599 1281 4691 de
1296 4599 1715 4691 iquo_.i_ustinus‘
1735 4599 1799 4671 ex

292 4691 357 4737 lot
380 4686 725 4755 prophetarum
760 4688 1088 4745 testimoniis
1128 4687 1381 4759 probarit
1423 4687 1576 4741 illum
1611 4700 1643 4739 ι
1686 4686 1796 4742 Deo

292 4759 519 4824 accepisse
548 4761 935 4815 testimonium.

322 4826 439 4907 ,(81)
479 4829 876 4907 Ἀνδροφονία.
918 4826 1155 4899 Uterque
1197 4828 1319 4885 cod.
1358 4841 1491 4882 mss.
1521 4827 1800 4899 ἀνδρομα-

291 4898 438 4970 ﬁt:qu
463 4898 769 4970 marginem.

292 5030 303 5041 ,
346 4966 437 5042 i8?)
458 4972 525 5023 Ἡ
540 4966 957 5042 ἐὰεσχημένας
976 4968 1243 5038 ἔχουσιν.
1259 4967 1538 5042 Naturales
1554 4968 1802 5025 notiones

292 5036 590 5113 iurejusmodi
635 5036 948 5095 hominibus
982 5036 1276 5113 suspensas
1314 5041 1486 5108 magis
1516 5055 1674 5113 quam
1708 5053 1801 5113 pe-

290 5108 405 5180 pitus
426 5113 702 5181 exstinctas
730 5121 903 5181 putat,
931 5109 1072 5181 quia_
1087 5108 1233 5181 nulla
1259 5117 1344 5163 est
1372 5110 1633 5181 naturalis
1663 5108 1800 5177 legis

289 5178 526 5251 instigatio,
556 5195 672 5251 qua
709 5178 815 5235 non
851 5179 1009 5234 facile
1034 5178 1235 5233 Christi
1276 5178 1447 5251 gratia
1486 5190 1795 5251 superetur.

286 5240 395 5318 Sed,
416 5240 541 5317 quod
573 5240 821 5306 'tnaxime
849 5251 1250 5305 observandum
1277 5240 1379 5310 Est.
1412 5240 1800 5318 hanc-ignora-

284 5314 451 5391 tionem,
476 5338 809 5391 nequaquam
836 5339 863 5375 a
884 5329 1111 5387 peccato
1133 5328 1381 5391 excusat.
1406 5318 1540 5372 Nam
1569 5314 1625 5373 l3
1655 5318 1795 5391 Mul-

282 5393 375 5438 tum
410 5389 731 5446 discriminis
786 5392 941 5461 ponit
972 5390 1347 5461 inter-Villam
1398 5389 1795 5458 ignorantiam,

275 5468 371 5531 ῃιηε
400 5474 456 5513 ex
484 5474 703 5530 peccato
750 5458 1028 5531 originali,
1062 5458 1217 5514 malis
1247 5461 1703 5525 insﬁtntionilms,
1735 5469 1792 5511 et

274 5523 446 5593 legibus
484 5523 662 5597 venit,
716 5545 770 5588 et
824 5523 966 5597 Eam,
1001 5544 1163 5599 quam
1215 5531 1422 5583 auctori
1471 5523 1798 5583 naturzeac-

271 5608 451 5664 ceptam
484 5603 795 5657 referebant
826 5602 1059 5656 haeretici
1090 5601 1231 5653 illius
1254 5602 1464 5665 :etatis;
1489 5601 1553 5654 de
1584 5608 1797 5665 postre-

270 5668 449 5743 thohoe
469 5688 666 5743 genere
681 5674 906 5736 fatetur,
930 5669 1227 5743 nihil_laudi
1251 5678 1346 5743 aut
1367 5672 1501 5743 vitio
1524 5671 1793 5743 reliquum

271 5732 355 5790 loci
389 5732 639 5813 laturum,
672 5743 831 5812 Apol.
866 5732 927 5807 ll,
960 5759 1017 5796 n.
1060 5741 1115 5793 7.
1158 5741 1231 5795 At
1262 5741 1510 5813 homines
1535 5741 1624 5809 qui
1644 5732 1793 5813 'pec-

268 5815 371 5861 cato
391 5812 539 5877 primi
568 5809 814 5883 parentis
846 5813 897 5867 in
938 5823 1165 5870 mortem
1196 5824 1248 5869 st
1278 5809 1519 5867 fraudem
1574 5809 1793 5880 serpen-

1908 4633 2068 4687 supra
2099 4634 2152 4671 n.
2180 4616 2268 4671 88.
2303 4619 2422 4673 Vid.
2455 4616 2607 4684 Apol.
2642 4616 2678 4684 ι,
2712 4636 2768 4673 n.
2801 4616 2890 4677 6f.
2939 4621 3039 4687 Qui
3097 4618 3197 4675 liae
3230 4622 3479 4676 laborant

1907 4687 2268 4756 ignoratione,
2293 4704 2386 4742 eos
2418 4690 2727 4743 miseriores
2759 4699 2911 4757 putat
2939 4692 3003 4742 iis
3051 4690 3104 4758 in
3137 4692 3328 4758 quibus
3362 4708 3469 4747 non

1905 4759 2219 4811 oblitterata
2268 4758 2401 4826 legis
2433 4760 2628 4811 divinze
2659 4761 2920 4827 cognitio.
2958 4760 3016 4813 2°
3050 4757 3105 4811 Id
3143 4757 3477 4817 discriminis

1908 4829 2057 4899 ponit
2086 4829 2228 4899 inter
2258 4828 2491 4883 Mosaica
2544 4833 2855 4898 przcseripta
2889 4839 2941 4883 et
2987 4830 3157 4899 legem
3204 4832 3472 4896 divinam,

1906 4898 2049 4965 quod
2096 4898 2196 4951 ista
2243 4899 2408 4953 certis
2450 4900 2781 4967 temporibus
2815 4910 2868 4953 et
2910 4898 3295 4955 locisastricta
3344 4902 3475 4967 sint,

1906 4968 2020 5041 haec
2045 4978 2224 5041 autem
2251 4972 2410 5041 omni
2447 4970 2673 5041 tempori
2728 4980 2782 5023 et
2818 4970 2938 5041 loco
2980 4981 3033 5024 et
3071 4971 3350 5025 hominum
3383 4987 3476 5041 ge-

1904 5038 2021 5091 neri
2068 5038 2317 5106 imposita
2358 5040 2447 5093 sit.
2479 5039 2535 5093 5ο
2567 5039 2699 5094 Cum
2751 5040 2978 5093 ltabbini
3026 5042 3234 5092 veniam
3282 5038 3480 5098 darent

1904 5116 2136 5175 quatuor
2168 5109 2522 5178 autquinque
2560 5124 2791 5161 uxorum
2824 5111 3223 5172 duceudaruin,
3261 5128 3323 5164 ac
3360 5126 3475 5176 eos,

1902 5178 1991 5246 qni
2048 5179 2116 5231 ita
2178 5180 2475 5241 nubebant,
2529 5199 2546 5229 ι
2590 5179 2718 5233 nihil
2750 5194 3026 5245 peccaret
3087 5184 3479 5237 contenderent

1905 5247 2463 5312 ιι.154ο1141,1ιιι1;ι·ἰ
2493 5250 2560 5301 ab
2588 5250 2732 5301 omni
2756 5264 2978 5317 prorsus
3003 5251 3257 5318 scrupulo
3293 5253 3341 5305 in
3372 5252 3473 5308 hac

1902 5318 2604 5372 liabbinorutnauctoritate
2627 5319 3068 5389 acquiescebarnt.
3086 5320 3191 5372 Sed
3221 5337 3319 5374 eos
3345 5336 3471 5389 per-

1899 5401 2038 5511 ἷκε-θ.
2073 5399 2125 5442 et
2155 5391 2392 5443 debitum
2428 5392 2537 5443 lleo
2567 5389 2884 5456 obsequium
2940 5388 3156 5443 violare
3185 5388 3472 5446 contendit

1936 5472 2169 5511 nsttnus.

1936 5472 2169 5513 tlSllﬂllS.

1972 5529 2086 5597 (85)
2142 5528 2287 5592 Τοὺς
2341 5528 2665 5593 τοιούτους.
2726 5526 2925 5601 Vocem
2988 5528 3295 5597 τοιούτους,
3353 5548 3473 5601 qua!

1900 5598 2089 5671 deerat
2122 5601 2172 5652 in
2210 5600 2392 5671 editis.
2428 5609 2656 5671 uterque
2685 5598 2862 5671 codex
2904 5610 3010 5653 ms.
3072 5598 3467 5671 suppeditavit.

1900 5668 2068 5744 _Panlo
2110 5681 2237 5722 ante
2266 5669 2551 5744 legendum
2575 5670 2792 5744 _monui_t
2833 5668 3155 5744 Stephanus
3182 5668 3288 5726 ὕπὸ
3324 5672 3462 5744 φαῦ-

1898 5738 1996 5811 λης
2034 5740 2344 5813 ἀνατροφῆς
2382 5739 2463 5796 vel
2496 5738 2601 5792 ὑπὸ
2634 5738 2809 5811 κακῆς
2845 5738 3172 5812 ἀνατροφῆς.
