3962 6262
471 350 577 407 699

1424 351 1480 407 S.
1517 351 1777 409 JUSTINI
1812 352 2216 408 PHILOSOPHI
2249 351 2335 406 ET
2374 348 2730 406 MARTYRIS

3586 354 3735 409 700‘

472 469 638 523 etiam
668 460 883 523 Christo
915 484 1106 524 manus
1142 468 1457 532 intuleritis,
1489 479 1651 537 atque
1689 471 1953 531 hactenus
1984 473 2024 526 ίι

2146 468 2428 541 ρὶσκεσθε,
2477 469 2550 532 ὡς
2598 469 2692 521 καὶ
2740 468 2932 538 μέχρις
2979 468 3147 521 αὐτοῦ
3193 468 3290 521 τοῦ
3330 467 3565 541 Χριστοῦ
3612 470 3713 535 τὰς

472 571 647 615 vestra
679 562 1048 629 permaneatis
1083 564 1346 627 nequitia,
1383 563 1515 615 diris
1541 563 1707 616 etiam
1740 578 1835 616 eos
1870 579 2037 633 agen-

472 664 571 713 tes,
595 653 686 719 qui
729 668 849 706 eum
885 669 1045 720 quem
1072 639 1446 717 crticiﬁxistis,
1473 654 1748 708 Christum
1794 670 1914 708 esse
1944 655 2038 708 de-

468 754 798 798 monstrant.
847 745 926 797 Ad
975 745 1088 798 limo
1122 746 1294 799 etiam
1336 746 1506 809 illutn,
1544 754 1601 798 ut
1631 745 1722 799 Dei
1760 745 2037 799 inimicum

465 849 519 889 et
567 838 939 899 maledictum,
984 836 1038 889 in
1094 851 1314 891 crucem
1364 847 1543 891 actmn
1593 852 1715 891 esse
1766 839 2034 891 conamini

465 932 874 993 demonstrare;
933 930 1073 996 quod
1126 944 1258 984 sane
1311 930 1471 983 alieni
1528 948 1554 983 ιι
1609 932 1819 986 ratione
1869 933 2033 985 animi

462 1022 630 1071 vostri
661 1037 797 1089 opus
835 1031 936 1073 est.
966 1020 1098 1073 Nam
1131 1037 1252 1075 cum
1293 1037 1359 1075 ex
1400 1022 1570 1091 signis
1605 1038 1634 1074 a
1668 1021 1849 1091 Moyse
1879 1022 2036 1079 factis

463 1112 794 1180 iiitcllgendi
842 1114 1053 1180 copiam
1104 1113 1350 1167 habeatis
1397 1128 1519 1167 eum
1568 1129 1689 1169 esse
1723 1114 2030 1177 Christum;

465 1221 570 1256 non
616 1206 774 1259 modo
823 1220 926 1259 non
960 1206 1145 1269 vultis,
1178 1207 1273 1260 sed
1302 1206 1465 1259 etiam
1516 1206 1569 1258 in
1617 1209 1897 1276 angustias
1935 1221 2034 1260 nos

463 1296 659 1361 coniit-i
724 1313 882 1364 posse
937 1298 1359 1359 existimantes,
1423 1298 1757 1366 quaestiones
1830 1297 2032 1366 ponitis

462 1404 797 1457 quiet-utique
828 1390 879 1441 in
916 1401 1151 1443 mentem
1185 1391 1428 1452 veniunt,
1456 1405 1554 1444 nec
1590 1399 1771 1442 tamen
1801 1390 1898 1458 ipsi
1929 1390 2030 1443 ha-

462 1481 601 1533 betis
625 1482 767 1548 quod
805 1482 1021 1547 dicatis,
1052 1482 1096 1535 si
1134 1496 1294 1550 quem
1338 1480 1629 1535 ﬁrmiorem
1660 1478 2028 1534 Christianum

459 1572 819 1628 olTenderitis.

539 1666 629 1719 94.
680 1666 797 1730 Quo
828 1683 981 1720 sensu
1012 1666 1324 1719 maledicta:
1352 1666 1441 1736 qui
1467 1667 1651 1734 pendet
1680 1664 1736 1718 in
1765 1665 1925 1733 ligno.
1958 1694 2028 1704 —

462 1757 630 1809 Dicite
655 1757 798 1811 enim
830 1758 958 1811 mihi
984 1774 998 1810 :
1020 1758 1207 1811 Nonne
1240 1759 1381 1811 Deus
1411 1770 1518 1824 est,
1548 1759 1638 1827 qui
1668 1773 1763 1827 per
1785 1756 2023 1827 Moyseio

2143 562 2329 630 χεῖρας
2363 560 2640 613 ἐπιϐαλεῖν
2673 560 2839 630 ὑμᾶς,
2875 560 2967 612 καὶ
3003 560 3164 630 μέχρι
3204 560 3295 613 νῦν
3329 560 3608 629 ἐπιμένειν
3640 564 3708 630 τῇ

2141 654 2309 724 κακία
2367 654 2555 724 ὑμῶν,
2594 654 3013 725 καταρωμένους
3061 654 3157 706 καὶ
3208 654 3314 706 τῶν
3372 654 3557 707 τοῦτον
3617 654 3711 706 τὸν

2140 746 2553 816 ἐσταυρωμένον
2616 746 2703 814 ὑφ’
2767 744 2919 816 ὑμῶν
2967 746 3395 799 ἀποδεικνύντων
3429 741 3567 798 εἶναι
3617 745 3710 797 τὸν

2137 835 2387 907 Χριστόν.
2438 836 2548 889 Καὶ
2582 836 2717 907 πρὸς
2752 835 2957 899 τούτοις
2992 839 3196 890 ἐκεῖνον
3237 838 3337 908 μὲν
3382 838 3456 899 ὡς
3505 836 3719 908 ἐχθρὸν

2134 926 2268 979 Θεοῦ
2288 928 2382 980 καὶ
2398 928 2777 998 κατηραμένον
2808 927 3017 992 ἀξιοῦτε
3037 928 3415 982 ἀποδεικνύναι
3433 928 3712 998 ἐσταυρῶ-

2136 1018 2292 1073 σθαι·
2314 1021 2451 1090 ὅπερ
2484 1020 2582 1089 τῆς
2600 1019 2879 1088 ἀλογίστου
2912 1018 3065 1090 ὑμῶν
3098 1018 3319 1090 γνώμης
3335 1020 3494 1090 ἔργον
3529 1019 3700 1070 ἐστίν.

2138 1111 2387 1179 Ἔχοντες
2405 1112 2511 1180 γὰρ
2545 1110 2798 1182 ἀφορμὰς
2833 1110 2939 1163 ἀπὸ
2971 1108 3077 1162 τῶν
3122 1110 3428 1180 γενομένων
3462 1108 3709 1179 σημείων

2134 1201 2241 1272 (84)
2258 1201 2345 1255 διὰ
2373 1202 2646 1265 Μωῦσέως
2679 1201 2918 1255 συνιέναι
2945 1202 3025 1254 ὅτι
3046 1194 3198 1265 οὗτός
3232 1203 3398 1265 ἐστιν,
3430 1201 3489 1253 οὐ
3517 1200 3708 1271 βούλε-

2133 1291 2246 1355 σθε,
2284 1292 2415 1346 ἀλλὰ
2448 1293 2543 1346 καὶ
2576 1294 2709 1364 πρὸς
2754 1292 2980 1357 τούτοις,
3016 1293 3159 1362 ἡμᾶς
3194 1291 3406 1359 ἀλογείν
3450 1290 3709 1345 δύνασθαι

2133 1384 2638 1456 ὑπολαμϐάνοντες,
2677 1386 2955 1456 συζητεῖτε
3007 1387 3143 1456 ὅπερ
3205 1385 3333 1453 ὑμῖν
3380 1382 3706 1453 συμϐαίνει,

2132 1475 2229 1528 καὶ
2276 1475 2436 1545 ὑμεῖς
2486 1477 2742 1547 ἀπορεῖτε
2789 1475 2996 1543 λόγων,
3031 1476 3156 1529 ὅταν
3207 1474 3408 1545 εὐτόνῳ
3436 1473 3540 1526 τινὶ
3571 1474 3710 1543 Χρι-

2132 1567 2337 1638 στιανῴ
2372 1586 2435 1620 συ
2443 1568 2700 1639 μεάλητε.

2200 1683 2287 1738 94.
2325 1684 2530 1737 Εἴπατε
2564 1686 2673 1756 γάρ
2707 1701 2830 1756 μοι·
2868 1684 3003 1754 Οὐχὶ
3034 1684 3165 1748 Θεὸς
3196 1678 3265 1754 ἦν
3297 1685 3326 1736 ὁ
3386 1680 3707 1751 ἐντειλάμε-

2131 1794 2220 1841 νος
2252 1776 2341 1830 διὰ
2368 1778 2664 1840 Μωῦσέως,
2704 1778 2842 1847 μήτε
2888 1776 3072 1829 εἰκόνα
3108 1777 3245 1845 μήτε
3277 1774 3529 1845 ὁμοίωμα
3564 1775 3708 1843 μήτε

460 1851 738 1918 ιινςιιςεῃῑι,
768 1865 834 1904 ne
857 1866 962 1919 qua
995 1852 1172 1919 imago
1204 1862 1296 1903 aut
1320 1851 1670 1905 simulacrum
1703 1851 1816 1906 sive
1840 1868 2024 1907 eorum

2134 1868 2240 1922 τῶν
2272 1869 2331 1921 ἐν
2363 1868 2577 1940 οὐρανῷ
2609 1868 2741 1933 ἄνω,
2778 1870 2917 1939 μήτε
2963 1868 3069 1922 τῶν
3102 1868 3194 1919 ἐπὶ
3227 1867 3331 1936 γῆς
3364 1867 3500 1929 ὅλως
3547 1864 3709 1933 ποιῆ-

455 1960 575 2014 quaz
591 1945 639 1997 iii
661 1943 797 1997 coelo
812 1959 1048 2006 sursum,
1067 1944 1179 1997 sive
1192 1960 1378 1997 eorum
1391 1958 1510 2012 quae
1522 1945 1572 1997 itt
1591 1954 1730 1998 terra
1745 1956 1869 1999 sunt
1881 1946 2032 2001 deor-

459 2053 602 2099 sum,
621 2038 845 2090 omnino
865 2034 1205 2103 eﬂingeretur
1227 2037 1249 2090 ?
1268 2045 1323 2091 et
1342 2047 1516 2090 tamen
1538 2037 1719 2107 ipsein
1744 2037 2030 2096 solitudine

456 2142 554 2194 per
581 2127 818 2196 Moysem
839 2125 1041 2191 cil'ecit,
1063 2138 1121 2180 ut
1148 2144 1373 2197 serpens
1392 2145 1572 2184 tenens
1592 2131 1766 2198 ﬁeret,
1795 2149 2029 2203 eumque

456 2220 610 2285 signo
636 2219 905 2285 imposuit,
927 2234 1032 2287 quo
1049 2220 1202 2288 signo
1225 2222 1602 2287 servabantur,
1625 2224 1717 2293 qui
1745 2239 1773 2277 a
1799 2239 2028 2295 serpen-

457 2308 602 2361 tibus
650 2308 815 2362 tuorsi
860 2307 1093 2376 fuerant,
1134 2325 1232 2365 nec
1268 2311 1431 2364 ullam
1477 2313 1751 2383 injustitia:
1804 2316 2020 2385 culpam

454 2401 707 2454 sustinet.
768 2400 873 2455 Per
922 2403 1061 2455 hanc
1114 2404 1257 2455 enim
1311 2420 1423 2457 rem
1485 2406 1800 2475 mysterium
1861 2408 2016 2475 illud,

453 2503 510 2543 ut
541 2507 704 2559 supra
763 2492 893 2557 dixi,
953 2493 1302 2561 pl‘a‘AliCtlbttl,
1337 2511 1442 2564 quo
1498 2497 1769 2567 serpentis
1802 2500 2019 2569 quidem

454 2586 616 2648 illius,
653 2585 805 2653 cuius
852 2603 1019 2655 opera
1069 2590 1449 2656 praevaricatio
1480 2591 1642 2644 etiam
1684 2591 1786 2646 sub
1812 2593 2020 2648 Adamo

458 2677 695 2741 indurta,
727 2686 1047 2743 potestatem
1089 2692 1210 2730 sese
1236 2677 1621 2731 dissoluturum
1655 2678 2019 2746 praedicabat;

453 2765 803 2821 credentibus
836 2777 1014 2821 autent
1072 2768 1123 2820 in
1158 2784 1279 2821 eum
1313 2767 1405 2836 qui
1444 2783 1536 2837 per
1573 2769 1675 2823 hoc
1707 2768 1940 2838 signum,
1966 2769 2020 2825 id

452 2869 535 2910 cst
566 2875 661 2927 per
687 2876 929 2924 crucem,
952 2876 1212 2929 passurus
1238 2861 1620 2924 erat,salutem
1652 2878 1718 2915 ex
1744 2863 2015 2918 morsibus

452 2954 746 3019 serpentis,
778 2954 868 3022 qui
905 2954 1035 3006 nihil
1081 2953 1226 3007 aliud
1270 2963 1394 3006 sunt
1438 2969 1598 3023 quam
1632 2971 1812 3023 prava:
1844 2957 2017 3011 actio-

454 3062 570 3108 nes,
598 3046 1010 3101 simuiacrorutn
1042 3050 1217 3101 cultus
1243 3058 1298 3100 et
1325 3048 1429 3101 alia
1461 3048 1659 3117 iniusta
1689 3048 1856 3115 facta;
1882 3068 2018 3105 nun-

2135 1978 2246 2025 σαι,
2272 1961 2366 2015 καὶ
2387 1962 2546 2025 αὐτὸς
2564 1964 2620 2014 ἐν
2644 1964 2709 2032 τῇ
2739 1962 2928 2032 ἐρήμῳ
2950 1959 3036 2014 διὰ
3063 1959 3154 2012 τοῦ
3175 1957 3451 2021 Μωῦσέως
3472 1959 3561 2011 τὸν
3576 1957 3711 2026 χαλ-

2132 2053 2264 2106 κοῦν
2312 2054 2435 2122 ὅφιν
2493 2055 2766 2125 ἐνήργησε
2818 2050 3101 2120 γενέσθαι,
3168 2049 3264 2103 καὶ
3324 2049 3418 2101 ἐπὶ
3480 2050 3711 2119 σημεῖον

2130 2145 2326 2217 ἔστησε
2362 2146 2492 2215 (85),
2526 2146 2591 2199 δι’
2626 2138 2686 2199 οὗ
2721 2144 2954 2216 σημείου
2987 2142 3248 2206 ἐσώζοντο
3279 2144 3327 2195 οἱ
3361 2141 3707 2211 ὀφιὸδηκτιοκ

2132 2238 2227 2291 καὶ
2260 2238 2500 2302 ἁναίτιός
2535 2240 2680 2291 ἐστιν
2714 2237 2947 2301 ἀδικίας.
2982 2236 3297 2304 Μυστήριον
3325 2234 3434 2304 γὰρ
3464 2232 3553 2287 διὰ
3584 2232 3680 2286 τού

2129 2352 2223 2389 του
2245 2376 2260 2400 ,
2295 2334 2370 2395 ὡς
2406 2331 2669 2403 προέιρην,
2707 2332 3011 2400 ἐκήρυσσε,
3058 2327 3125 2379 δι’
3159 2321 3220 2380 οὗ
3267 2326 3556 2380 καταλύειν
3604 2326 3708 2395 μὲν

2126 2426 2225 2497 τὴν
2260 2426 2488 2495 δύναμιν
2534 2422 2625 2475 τοῦ
2660 2422 2835 2490 ὄφεως
2870 2419 2960 2476 τοῦ
2995 2420 3090 2472 καὶ
3122 2420 3220 2490 τὴν
3253 2418 3564 2487 παράϐασιν
3598 2418 3707 2470 ὑπὸ

2125 2512 2217 2564 τοῦ
2265 2510 2433 2580 Ἀδὰμ
2465 2508 2717 2577 γενέσθαι
2752 2508 3125 2578 ἐργασαμένου
3165 2509 3436 2578 ἐκήρυσσε
3472 2525 3484 2535 ·
3525 2523 3707 2576 σωτη-

2130 2602 2250 2674 ρίαν
2281 2600 2337 2653 δέ
2367 2601 2478 2664 τοῖς
2518 2597 2860 2652 πιστεύουσιν
2892 2598 2984 2649 ἐπὶ
3016 2597 3201 2649 τοῦτον
3234 2597 3327 2649 τὸν
3359 2598 3445 2650 διὰ
3476 2596 3566 2649 τοῦ
3604 2613 3707 2665 ση-

2128 2692 2280 2762 μείου
2329 2689 2550 2753 τούτου,
2586 2688 2827 2741 τουτέστι
2874 2688 2965 2739 τὸν
3005 2685 3365 2757 σταυροῦσθαι
3415 2686 3703 2756 μέλλοντα,

2125 2782 2235 2834 ἀπὸ
2267 2780 2374 2833 τῶν
2405 2779 2698 2850 δηγμάτων
2730 2777 2822 2830 τοῦ
2856 2778 3052 2847 ὄφεως,
3089 2778 3231 2847 ἅπερ
3266 2778 3402 2829 εἰσὶν
3437 2778 3491 2829 αἱ
3527 2778 3705 2829 κακαὶ

2124 2870 2385 2941 πράξεις,
2421 2869 2884 2941 εἰδωλολατρεῐαι,
2933 2870 3027 2922 καὶ
3072 2868 3230 2921 ἄλλαι
3275 2868 3495 2921 ἀδικίαι.
3546 2869 3705 2920 Ἐπεὶ

2123 2964 2170 3015 εἰ
2207 2960 2282 3032 μὴ
2315 2960 2472 3015 τοῦτο
2504 2960 2824 3033 νοηθήσεται
2846 2999 2860 3023 ,
2894 2961 3012 3013 δότε
3067 2978 3157 3031 μοι
3188 2959 3344 3028 λόγον
3384 2961 3504 3012 ὅτου
3538 2960 3705 3031 χάριν

2125 3054 2215 3107 τὸν
2263 3053 2497 3123 χαλκοῦν
2527 3053 2650 3123 ὅφιν
2677 3052 2917 3122 Μωῡσῆς
2952 3053 3044 3105 ἐπὶ
3078 3051 3305 3122 σημείου
3338 3051 3446 3121 (86)
3478 3052 3701 3122 ἔστησε,

455 3140 649 3193 liabat.
679 3136 793 3194 Nisi
818 3139 964 3194 enim
998 3140 1068 3194 ita
1107 3154 1192 3195 res
1222 3140 1575 3212 intelligatur,
1603 3143 1870 3198 rationein
1897 3144 2020 3200 date

2133 3144 2223 3199 καὶ
2262 3144 2624 3216 προσϐλέπειν
2656 3144 2765 3215 (87)
2809 3144 2968 3197 αὑτὸν
3016 3143 3129 3213 (88)
3182 3144 3303 3208 τοὺς
3337 3143 3704 3214 δακνομένους

524 3451 637 3521 (84)
677 3454 964 3522 Σημείων.
993 3451 1194 3520 Nempe
1236 3468 1386 3507 mneo
1413 3462 1663 3521 serpente
1683 3461 1732 3507 et
1767 3451 2018 3508 manibus

452 3526 521 3575 ad
555 3522 948 3590 prolligaiidnm
976 3524 1195 3588 Amalec
1224 3525 1274 3576 iii
1301 3525 1485 3577 crucis
1522 3538 1727 3577 morem
1753 3525 2014 3577 extensis.

457 3593 714 3645 Miracula
742 3610 771 3646 a
802 3593 980 3662 Moyse
1009 3594 1151 3646 edita
1195 3594 1521 3662 interpretes
1545 3592 1633 3647 hic
1664 3608 1883 3662 prorsus
1918 3594 2016 3645 itii-

454 3664 649 3715 merito
683 3660 1002 3717 obtrtitliitit.
1024 3662 1128 3715 Res
1162 3679 1255 3732 per
1277 3678 1334 3715 se
1357 3660 1637 3715 manifesta
1661 3660 2019 3717 confirmatur

452 3748 517 3786 ex
556 3733 638 3785 his
669 3749 788 3797 qua?
822 3734 872 3785 itt
910 3735 1156 3786 eamdem
1188 3732 1510 3801 sententiam
1541 3732 1791 3801 leguntur
1816 3745 1870 3785 ιι.
1925 3734 2015 3787 90.

523 3803 636 3870 (85)
677 3801 810 3855 Ἐπὶ
866 3802 1116 3871 σημεῖον
1158 3803 1405 3869 ἔστησε.
1462 3800 1788 3871 Vertendum
1853 3802 2014 3865 duxi,

457 3889 477 3922 ι
522 3874 677 3940 signo
706 3870 984 3938 imposuit,
1024 3892 1043 3923 ι
1080 3873 1129 3925 id
1162 3882 1241 3927 est
1267 3872 1439 3929 cruci.
1473 3870 1607 3924 Nam
1631 3870 1769 3941 signi
1803 3873 2019 3927 nomine

453 3958 671 3996 t-rncetn
730 3944 984 4012 intelligit
1032 3943 1299 4007 Justinus,
1347 3953 1401 3997 et
1444 3954 1749 4009 serpentem
1804 3957 2015 3996 amenm

455 4013 603 4064 t-rnci
641 4013 949 4080 impositum
988 4013 1152 4065 fuisse
1196 4012 1500 4073 existimat,
1532 4020 1590 4064 ut
1634 4012 1799 4064 etiam
1830 4014 2018 4065 obser-

455 4083 574 4133 vavi
608 4085 658 4133 in
684 4093 795 4135 not.
824 4084 889 4134 ad
920 4099 972 4134 ιι.
1002 4084 1070 4137 00
1118 4081 1270 4148 ΛιιοΙ.
1299 4098 1334 4134 l.
1367 4082 1477 4135 Hoc
1503 4082 1618 4149 ipso
1647 4083 1698 4133 in
1729 4080 1847 4135 loco
1876 4082 2016 4135 idem

456 4152 697 4205 det-Iurat
727 4153 810 4206 Itis
845 4154 1027 4206 verbis
1055 4171 1068 4204 :
1110 4172 1127 4204 t
1171 4160 1225 4205 ιιι
1253 4168 1375 4205 eum
1407 4154 1496 4221 qui
1526 4167 1621 4219 per
1649 4154 1748 4204 hoc
1777 4152 2016 4220 signum,

456 4225 505 4274 id
537 4232 615 4275 est
671 4238 765 4291 per
793 4238 1033 4288 crucem,
1077 4234 1195 4276 erat
1244 4237 1519 4289 passurus.
1571 4240 1590 4273 ι
1627 4221 1822 4275 Eadem
1859 4223 2024 4291 liabet

456 4306 610 4346 vetns
641 4290 896 4346 liaruaba:
931 4294 1217 4361 interpres.
1266 4294 1356 4347 Sic
1386 4293 1529 4345 enim
1563 4290 1793 4361 legimus
1820 4308 1876 4345 ιι.
1909 4290 1973 4344 15
2001 4309 2012 4344 :

459 4381 478 4413 ι
539 4365 654 4428 Ipse
706 4366 936 4433 Moyses.
982 4360 1084 4432 qui
1130 4371 1466 4431 prteceperat
1501 4360 1685 4433 :_N_on
1727 4362 1823 4414 erit
1877 4361 2018 4414 vobis

453 4434 723 4503 conﬂatile
747 4474 761 4495 ,
793 4430 979 4500 ﬁneque
999 4430 1320 4500 'scniptile,
1363 4434 1475 4501 ipse
1525 4430 1655 4484 fecit
1714 4441 2017 4503 serpentem

452 4520 689 4565 anteum,
743 4514 799 4555 ut
833 4506 1060 4572 lignram
1105 4504 1230 4557 Jesn
1276 4507 1605 4572 ostenderet,
1656 4510 1711 4572 et
1755 4502 1934 4569 posuit
1970 4503 2024 4555 in

454 4591 639 4625 t'rut-e.
700 4594 718 4624 ι
774 4570 1003 4642 Legebat
1037 4591 1166 4643 ergo
1210 4570 1303 4625 ἐπὶ
1338 4572 1589 4642 σημείου.
1641 4570 1735 4643 At;
1763 4572 1921 4624 hodie
1968 4572 2021 4643 in

457 4656 605 4696 textu
657 4640 1003 4699 ιιεειιιιιίιειξο
1045 4640 1228 4705 verba,
1278 4658 1343 4696 ac
1385 4640 1592 4695 tantum
1638 4640 1883 4710 legimus,
1930 4640 2025 4693 καὶ

454 4713 962 4786 τίϐησιννένδόξως,
1018 4732 1037 4765 ι
1092 4725 1144 4767 et
1179 4713 1411 4786 gloriose
1452 4711 1705 4786 collocat.
1757 4729 1775 4762 ι
1828 4711 2023 4786 Justitti

454 4782 724 4852 opinionis
754 4788 1107 4853 ascriptoretn
1146 4782 1215 4838 ac
1248 4783 1535 4838 verborum
1566 4782 1894 4853 imitatorem
1924 4782 2023 4853 ha-

458 4851 647 4909 Iii-ntns
681 4851 1096 4916 'l‘et'ttillianutn,
1127 4856 1218 4924 qtti
1265 4853 1319 4907 iit
1368 4854 1461 4906 lib.
1515 4854 1639 4924 adv.
1696 4851 1915 4904 Judazos
1948 4851 2025 4905 sic

459 4926 693 4993 loquitur
744 4942 864 4994 cap.
918 4926 980 4979 ’11
1017 4942 1031 4978 :
1069 4943 1085 4975 t
1138 4921 1281 4979 Idem
1314 4938 1504 4978 rursus
1532 4921 1745 4991 Moyses
1774 4930 1898 4990 post
1941 4924 2024 4974 in-

461 4996 739 5048 teroietatn
766 5000 945 5049 omnis
979 4996 1052 5050 rei
1090 4994 1523 5055 similitudinem,
1555 5008 1654 5045 cur
1675 5008 1884 5047 ieneum
1913 5007 2025 5046 ser-

457 5080 673 5132 pvn.em
746 5068 892 5137 ligno
955 5068 1306 5133 impositum,
1377 5064 1663 5137 pendentis
1726 5063 1915 5117 habitu
1973 5064 2023 5114 iii

456 5134 823 5202 speetartiluiii
865 5138 1049 5191 lsraeli
1084 5136 1321 5189 salutare
1357 5134 1661 5203 proposuit,
1692 5148 1757 5187 eo
1786 5144 2028 5201 tempore

456 5224 563 5271 qtto
596 5227 623 5257 a
672 5213 1024 5274 ενι-νοιιιιιιιιε
1048 5218 1167 5274 post
1201 5206 1563 5260 idololatriant
1585 5208 2029 5257 extertntnaban-

458 5280 587 5329 tot"!
619 5277 730 5330 Nisi
759 5281 901 5344 quod
955 5280 1042 5330 hic
1089 5277 1423 5331 Dominieatn
1472 5290 1694 5328 crucem
1724 5275 2028 5328 intentabat

457 5364 562 5413 qua
600 5364 827 5415 serpens
864 5349 1113 5401 diabolus
1149 5349 1557 5416 publicabatur,
1589 5354 1644 5399 et
1673 5344 1801 5399 laeso
1832 5344 2027 5416 cuique

456 5419 524 5468 ali
550 5418 832 5483 ejusmodi
889 5415 1156 5482 colubns,
1200 5418 1251 5470 id
1280 5427 1379 5479 est,
1410 5416 1615 5485 angelis
1641 5430 1781 5482 ejus,
1811 5428 1840 5466 a
1890 5415 2027 5467 deli-

456 5498 675 5541 ctorutn
711 5497 990 5555 pereuntia
1022 5489 1087 5540 ad
1123 5488 1324 5543 Christi
1357 5502 1536 5540 crucrs
1564 5497 1905 5539 sacramenta
1949 5486 2031 5536 itt-

459 5566 629 5619 tento,
672 5558 818 5613 raltts
841 5558 1211 5612 elliciebatur?
1243 5566 1374 5611 Nam
1402 5558 1493 5625 qui
1529 5557 1671 5608 illam
1699 5565 1826 5608 tunc
1858 5559 2028 5623 respi-

458 5632 678 5692 ciebat,
732 5647 760 5680 a
812 5645 993 5683 niot'su
1044 5633 1372 5697 serpentium
1428 5628 1779 5679 tiberabatur.
1841 5644 1860 5677 ι
1934 5627 2031 5678 ιιι

457 5702 679 5766 nubium
716 5709 798 5751 est
857 5700 987 5766 quiti
1040 5698 1320 5766 legendum
1375 5713 1479 5751 non
1530 5700 1605 5766 sit
1653 5716 1671 5748 t
1726 5709 2030 5764 serpentem

460 5764 608 5837 ligno
648 5764 988 5839 impositum,
1031 5788 1050 5821 ι
1087 5764 1205 5835 Sed,
1240 5779 1294 5821 ut
1335 5774 1475 5837 apud
1519 5765 1813 5836 Justinnut,
1851 5787 1867 5820 t
1916 5785 2031 5824 ser-

2124 3462 2347 3523 pentem
2380 3453 2533 3521 signo
2568 3453 2900 3523 impositum.
2936 3453 3033 3506 »1ο
3063 3451 3425 3507 Tertullianns
3454 3450 3704 3521 Scriptu-

2126 3540 2199 3594 ιω
2216 3524 2377 3578 verba
2409 3523 2501 3575 ἐπὶ
2528 3524 2755 3594 σημείου
2778 3522 2966 3576 Latine
2996 3524 3189 3577 reddit.
3220 3524 3327 3576 Cur
3347 3538 3477 3590 ergo
3508 3543 3523 3573 t
3550 3524 3703 3593 ligno

2126 3593 2441 3662 impositum
2492 3612 2511 3645 ι
2564 3593 2888 3647 reddidisset
2927 3595 3107 3661 potius
3140 3608 3303 3661 quam
3361 3612 3379 3642 ι
3419 3595 3617 3662 signo;
3676 3612 3698 3641 ι

2126 3677 2248 3716 cum
2279 3665 2578 3732 praesertim
2604 3664 2841 3728 signum,
2866 3672 2926 3717 ut
2959 3663 3365 3732 observavimus
3388 3664 3452 3714 ad
3488 3664 3644 3730 Apol.
3684 3678 3705 3715 ι

2127 3731 2511 3800 διερεθιιιοειιι
2543 3734 2849 3801 signiﬁcet?
2876 3736 2935 3786 ’2ο
2970 3731 3213 3786 Justinus
3260 3734 3310 3784 in
3341 3733 3529 3786 eodem
3579 3735 3704 3786 loco

2127 3802 2401 3871 Apologia:
2448 3818 2465 3856 ι
2511 3804 2681 3871 ipSam
2716 3817 2950 3871 icrucem
2995 3818 3193 3856 tereani
3248 3802 3413 3857 fuisse
3463 3803 3700 3855 indicat.

2124 3869 2242 3926 Non
2273 3869 2393 3926 erat
2426 3869 2557 3941 ergo
2589 3886 2685 3925 cur
2715 3870 3106 3938 Tertulliauus,
3137 3873 3229 3940 qui
3263 3889 3386 3927 eum
3425 3872 3710 3935 imitatur,

2138 3941 2338 4010 lignum
2373 3943 2461 3996 hic
2482 3944 2817 3996 obtruderet.

2198 4031 2311 4102 (86)
2360 4032 2487 4085 Ἐπὶ
2526 4031 2796 4102 σημείου.
2836 4030 2911 4086 Ita
2955 4033 3059 4088 duo
3092 4045 3227 4087 mss.
3270 4031 3501 4086 codices.
3551 4030 3702 4085 Editi

2127 4101 2221 4154 ἐπὶ
2254 4104 2497 4154 σημεῖον.

2158 4118 2221 4154 πι
2254 4118 2497 4173 σημειον.

2197 4193 2327 4276 (81),
2350 4195 2778 4276 Προσξλέπειν.
2804 4194 2870 4249 R.
2904 4193 3211 4276 Stephanus
3232 4203 3284 4276 et
3314 4192 3704 4276 'cotlicesmss.

2127 4264 2476 4335 προϐλέπειν.
2508 4268 2610 4320 Sed
2642 4278 2819 4319 tamen
2859 4266 3055 4320 retinui
3091 4263 3478 4335 προσϐλέπειν,
3507 4272 3565 4312 υι
3603 4264 3708 4314 lia-

2127 4335 2287 4389 betur
2318 4337 2372 4388 iit
2405 4337 2736 4390 editionibus
2760 4335 3211 4397 Graeco-Latinis,
3231 4345 3393 4402 atque
3430 4344 3487 4386 ut
3512 4333 3705 4400 legen-

2052 4413 2098 4467 ι)
2125 4405 2252 4459 dum
2284 4420 2405 4461 esse
2433 4408 2665 4475 quisque
2695 4407 2975 4476 perspicit.

2130 4568 2198 4623 ad
2236 4570 2556 4638 marginem.
2600 4567 2655 4622 Si
2700 4571 2842 4632 hanc
2885 4569 3211 4637 scripturam
3243 4581 3581 4638 sequamur,
3620 4567 3702 4617 i.a

2128 4639 2265 4692 verti
2300 4636 2502 4707 poterit
2535 4655 2549 4692 :
2583 4656 2601 4689 t
2645 4638 2963 4706 Serpentem
2991 4636 3202 4707 anteum
3240 4636 3450 4706 Moyses
3482 4636 3642 4703 signo
3679 4654 3696 4683 ι

2127 4708 2208 4778 (id
2248 4706 2333 4764 est
2370 4708 2546 4779 cruci)
2578 4709 2853 4779 imposuit,
2886 4723 2951 4779 ac
2984 4706 3149 4779 jussit
3180 4708 3415 4779 ut_illud
3462 4709 3705 4779 respict-

2132 4774 2259 4849 rent
2279 4780 2372 4849 qui
2399 4774 2564 4834 morsi
2600 4774 2840 4836 fuerant,
2887 4777 2965 4830 lta
2990 4774 3226 4849 videtur
3254 4776 3449 4849 legisse
3482 4774 3705 4849 Tertul-

2129 4846 2332 4910 liatius,
2368 4859 2426 4902 ut
2462 4859 2611 4918 patet
2646 4864 2712 4904 ex
2760 4850 2844 4902 his
2873 4849 3014 4902 illius
3044 4848 3224 4901 verbis
3267 4847 3424 4899 modo
3466 4846 3697 4918 citatis:

2134 4935 2154 4969 ι
2188 4918 2322 4973 Natu
2354 4915 2617 4988 qui-illam
2641 4920 2956 4989 aspiciebat,
2988 4934 3020 4989 a_
3048 4932 3230 4971 morsu
3262 4915 3601 4989 serpentium
3635 4915 3705 4964 li-

2130 4985 2442 5044 berabattir.
2478 5008 2496 5041 ι
2537 4991 2641 5044 Sed
2673 4985 2853 5043 tamen
2889 4986 3024 5042 nihil
3056 4987 3371 5040 mutandum
3404 4985 3557 5050 duxi,
3583 4994 3699 5037 tuin

2130 5060 2257 5127 quia
2297 5058 2544 5115 Justinus
2576 5061 2712 5114 infra
2763 5077 2818 5114 n.
2877 5059 2999 5123 H2,
3053 5065 3277 5111 sanatos
3304 5056 3439 5108 dicit
3476 5071 3574 5110 eos
3604 5057 3701 5122 qui

2131 5140 2434 5198 serpentem
2463 5131 2846 5194 intuebantur;
2878 5141 2990 5183 tum
3018 5128 3147 5196 quia
3181 5142 3268 5181 res
3303 5128 3495 5179 eodem
3531 5127 3700 5183 redit,

2131 5203 2248 5254 sive
2283 5200 2397 5269 ipsa
2429 5217 2584 5267 crux,
2615 5203 2665 5253 iii
2708 5216 2813 5270 qua
2844 5202 3018 5253 victus
3047 5213 3293 5265 serpens,
3331 5198 3448 5270 sive
3489 5198 3605 5262 ipse
3649 5212 3702 5244 ιιι

2132 5265 2692 5341 cruce—triumphatos
2723 5265 2947 5340 Serpens
2980 5270 3300 5341 aspiciatur.
3330 5265 3447 5341 Etsi
3475 5281 3705 5341 serpen-

2137 5350 2241 5410 tem
2276 5338 2521 5410 plerique
2550 5338 2831 5397 morientis
2862 5339 3064 5395 Christi
3101 5348 3155 5391 et
3185 5338 3433 5390 saltantis
3470 5338 3702 5410 ligurum

2132 5406 2303 5464 fuisse
2379 5406 2669 5475 dixerunt,
2728 5426 2835 5464 non
2891 5412 3112 5465 defuere
3159 5410 3247 5476 qui
3304 5423 3427 5460 eunt
3493 5406 3699 5457 utabuti

2137 5481 2455 5552 triumphati
2505 5486 2733 5552 ﬁguram
2776 5482 3040 5535 dicerent.
3101 5477 3494 5552 Tertulliauus,
3541 5478 3703 5544 cujus

2131 5550 2245 5618 jam
2281 5547 2447 5607 verba
2474 5547 2774 5615 ret'ulimus,
2802 5552 2945 5605 idem
2976 5553 3135 5603 docet
3159 5550 3212 5601 iu
3238 5549 3375 5601 libro
3408 5547 3483 5600 De
3521 5552 3701 5603 idatu-

2137 5622 2318 5687 latria,
2352 5638 2472 5692 cap.
2498 5624 2554 5688 5,
2583 5637 2775 5690 nempe
2805 5640 2823 5672 t
2852 5620 3082 5689 eﬂigiem
3112 5621 3236 5672 terei
3261 5623 3553 5692 serpentis,
3572 5635 3697 5674 stis-

2137 5697 2288 5765 pensi
2312 5696 2362 5748 iii
2396 5698 2633 5762 modum,
2661 5693 2884 5763 ﬁguram
2909 5692 3221 5765 designasse
3251 5691 3551 5765 Dominicte
3576 5706 3700 5745 ριιις

2139 5760 2269 5823 cisa
2298 5760 2656 5836 serpentibus,
2702 5760 2758 5821 id
2789 5774 2878 5839 est
2915 5764 2980 5818 ab
3014 5764 3222 5835 angelis
3257 5763 3461 5819 diaboli
3498 5760 3704 5817 tiburti-

2383 4498 2784 4573 At’izdr.__l)_uo
2840 4513 2991 4573 mss.‘
3026 4496 3247 4551 codices
3286 4496 3487 4549 habent
3546 4494 3705 4573 αὐτῷ
