3962 6262
220 363 291 421 'M
1203 374 1545 434 DIALOGUS
1577 378 1722 435 CUM
1756 379 2137 437 TRYPHONE
2168 379 2435 437 IUDIEO.

3366 379 3473 433 702

220 480 556 561 ικέλευσε,καὶ
580 482 1010 556 ἐθεραπεύοντο
1037 491 1091 543 οῖ
1110 490 1427 563 δακνόμενοι
1449 511 1461 519 ‘
1499 495 1593 549 καὶ
1622 495 1772 550 ταῦτα

1898 512 1999 552 cur
2030 497 2238 567 Moyses
2261 504 2566 565 serpentem
2594 509 2804 549 aeneum
2851 496 3006 562 signo
3038 494 3378 564 imposuerit,
3405 510 3470 549 ac

218 574 342 638 αὐτὸς
372 558 656 641 κελεύσας,
693 578 940 650 μηδενὸς
978 581 1120 647 ὅλως
1158 558 1409 656 ὁμοίωμα
1449 588 1644 639 ποιεῖν.

1892 590 2122 657 jusserit
2168 598 2227 642 ut
2265 603 2391 643 eum
2449 589 2813 649 intuerentur,
2844 588 2935 656 qui
2992 588 3263 641 morsilms
3315 587 3467 654 petiti

221 666 416 730 hiet-ant,
445 683 513 722 ex
576 686 691 740 quo
723 674 902 728 etiam
943 675 1025 731 illi
1078 678 1454 744 sanabantnr;
1502 682 1662 749 idque
1725 696 1848 736 cum
1888 685 2004 753 ipse
2048 686 2345 748 sanxisset,
2388 698 2455 737 ue
2504 683 2664 755 ullius
2709 684 2934 736 omnino
2980 683 3063 736 rei
3112 682 3467 736 simulacrum

215 760 356 814 ﬁeret.

264 854 358 906 Καὶ
395 856 423 907 ό
456 855 657 928 ἕτερος
702 858 816 913 τῶν
846 863 917 933 τῇ
949 861 1182 934 δευτέρα
1223 863 1543 935 ἀφιγμένων
1592 861 1778 919 εἶπενο

218 944 425 1014 Ἀληθῶς
453 942 626 1013 εἶπας
647 966 665 979 ο
699 951 803 1003 οὐκ
836 952 1044 1024 ἔχομεν
1082 952 1237 1022 λόγον
1269 952 1488 1009 διδόναι.
1531 955 1641 1009 Καὶ
1674 957 1782 1029 γὰρ

208 1040 295 1108 ἐγὼ
312 1043 436 1113 περὶ
463 1044 667 1098 τούτου
694 1045 960 1111 πολλάκις
978 1050 1104 1113 τοὺς
1126 1049 1477 1116 διδασκάλους
1497 1049 1683 1124 ὴρώτη
1692 1070 1779 1117 σα,

206 1133 279 1185 καὶ
307 1134 477 1199 οὐδεὶς
510 1154 609 1205 μοι
640 1136 806 1206 λόγον
842 1140 1161 1194 ἀπέδωκεν
1198 1140 1337 1195 ὥστε
1377 1141 1500 1212 λέγε
1530 1145 1595 1198 σὺ
1628 1145 1663 1200 ἃ
1693 1146 1780 1200 λέ-

202 1242 327 1289 γεξ·
360 1229 721 1301 προσέχομεν
754 1231 867 1305 γάρ
903 1250 987 1285 σοι
1016 1237 1312 1307 μυστήριον
1342 1237 1779 1293 ἀποκαλύπτοντι

202 1315 256 1368 δι’
278 1310 460 1373 ὤνκαὶ
486 1321 560 1375 τὰ
594 1322 707 1375 τῶν
736 1323 1036 1395 προφητῶν
1063 1326 1366 1399 διδάγματα
1396 1331 1780 1402 συκοφαντητά

203 1409 314 1461 ἑστι.

258 1499 456 1567 Κάγώ·
511 1503 731 1577 Ὃνπερ
780 1504 875 1560 οὖν
922 1510 1125 1581 τρόπον
1166 1513 1226 1565 τὸ
1275 1519 1498 1585 σημεῖον
1537 1517 1625 1571 διὰ
1682 1514 1775 1572 τοῦ

202 1591 380 1660 χαλκοῖ)
419 1595 605 1663 ὄφεως
635 1599 893 1665 γενέσθαι
987 1603 1118 1668 Θεὸς
1153 1606 1407 1661 ἐκέλευσε
1428 1649 1443 1671 ,
1492 1610 1587 1662 καὶ
1621 1611 1777 1665 ἀναί-

203 1685 297 1748 τιός
328 1688 498 1751 ἐστιν,
532 1688 684 1742 οὕτω
718 1691 783 1762 δὴ
830 1694 925 1746 καὶ
957 1697 1016 1749 ὲν
1057 1696 1134 1767 τῷ
1175 1699 1327 1770 νόμῳ
1357 1701 1572 1774 κατάρα
1601 1706 1778 1757 κεῖται

202 1778 325 1830 κατὰ
346 1778 452 1832 τῶν
489 1784 923 1854 σταυρουμένων
950 1786 1047 1841 ἀνθ
1058 1788 1253 1860 ρώπων
1273 1809 1285 1821 ·
1318 1794 1417 1846 οὐκ
1443 1794 1520 1847 ἔτι
1541 1794 1604 1866 δὴ
1638 1797 1780 1850 κατὰ

204 1867 282 1919 τοῦ
310 1870 549 1940 Χριστοῦ
587 1872 683 1925 τοῦ
726 1874 863 1930 Θεοῦ
915 1880 1129 1950 κατάρα
1177 1885 1376 1945 κεῖται,
1412 1883 1479 1937 δι’
1511 1877 1571 1938 οὗ
1616 1883 1780 1952 σώζει

208 1959 391 2025 πάντας
424 1963 553 2030 τοὺς
587 1966 838 2040 κατάρας
872 1968 999 2036 ἀξια
1032 1972 1363 2044 πράξαντας.

269 2052 349 2107 95.
395 2056 507 2109 Καὶ
555 2058 667 2127 γάρ
708 2061 819 2112 πᾶν
869 2062 1026 2130 γένος
1070 2064 1373 2136 ἀνθρώπων
1418 2066 1777 2139 εὑρεθήσεται

214 2141 305 2196 ὑπὸ
333 2146 575 2217 κατάραν
599 2148 680 2201 δν.
714 2151 872 2206 Κατά
897 2152 988 2207 τὸν
1021 2155 1187 2226 νόμον
1216 2157 1495 2223 Μωῦσέως
1512 2160 1777 2214 ἐπικατά-

225 2244 360 2295 pars;
401 2232 507 2303 γάρ
534 2236 753 2305 εἴρηται
803 2241 915 2304 πᾶς
946 2240 1005 2305 ὃς
1046 2241 1147 2294 οὐκ
1179 2242 1410 2313 ἐμμένει
1440 2246 1498 2297 ἐν
1532 2248 1641 2311 τοῖς
1681 2264 1777 2315 γε-

223 2322 528 2391 γραμμένοις
572 2328 632 2380 ἐν
674 2329 752 2399 τῷ
805 2330 997 2403 βιϐλίῳ
1053 2334 1146 2388 τοῦ
1195 2336 1361 2407 νόμον
1410 2336 1503 2391 τοῦ
1551 2338 1777 2409 ποιῆσαι

228 2412 359 2465 αὐτὰ.
406 2414 512 2468 Καὶ
568 2418 748 2484 οὐδεὶς
796 2423 1042 2495 ἀκριϐῶς
1098 2426 1272 2481 πάντα
1319 2429 1610 2501 ἐποίησεν,
1668 2431 1775 2484 οὐδ’

229 2504 360 2571 ὑμεῖς
388 2510 681 2591 τολμήσετε
715 2514 997 2568 ἀντειπεῖν
1015 2534 1028 2546 ·
1061 2517 1176 2570 ἀλλ’
1199 2520 1339 2571 εἰσὶν
1367 2520 1417 2573 οἳ
1452 2521 1655 2591 μᾶλλον
1683 2522 1777 2575 καὶ

229 2594 361 2667 ἦττον
392 2588 627 2675 ἀλλήλων
660 2606 728 2659 τὰ
777 2609 1148 2680 ἐντεταλμένα
1182 2588 1474 2680 ἐφύλαξαν.
1538 2617 1598 2668 ΕΞ
1633 2616 1689 2668 δὲ
1726 2617 1774 2668 οἱ

232 2690 316 2744 id
342 2696 423 2746 τὴν
466 2698 629 2768 νόμον
662 2700 851 2753 τοῦτον
885 2701 991 2754 ὑπὸ
1023 2703 1267 2776 κατάραν
1301 2704 1580 2773 φαίνονται
1635 2704 1775 2759 εἶναι

227 2781 301 2836 διὰ
327 2786 378 2838 τὸ
407 2788 476 2860 μὴ
509 2790 687 2845 πάντα
733 2793 989 2861 φυλάξαι,
1025 2796 1148 2867 οὐχὶ
1182 2798 1313 2851 πολὺ
1353 2798 1556 2868 μᾶλλον
1592 2800 1775 2853 πάντα

228 2873 285 2924 τά
328 2876 439 2945 ἔθνη
470 2884 801 2951 φανήσονται
834 2884 939 2936 ὑπὸ
972 2887 1216 2958 κατάραν
1249 2886 1379 2940 ὄντα
1429 2888 1524 2941 καὶ
1557 2889 1773 2942 εἰδωλο-

226 2960 506 3034 ληροῦντα,
535 2973 628 3024 καὶ
648 2973 1137 3045 παιδοφθοροῦντα,
1167 2976 1345 3031 καὶτὰ
1370 2976 1507 3030 ἄλλα
1523 2978 1667 3031 κακὰ
1686 2979 1776 3049 ἐρ-

225 3052 502 3124 γαζόμενας
534 3060 595 3113 Εἰ
619 3056 715 3114 οὖν
741 3063 837 3117 καὶ
856 3064 947 3117 τὸν
964 3066 1158 3119 ἑαυτοῦ
1188 3068 1231 3119 Χ
1243 3067 1422 3137 ριστὸν
1439 3068 1579 3139 ὑπὲρ
1593 3067 1698 3121 τῶν
1712 3070 1775 3121 ὲκ

222 3148 401 3213 παντὸς
411 3150 592 3217 γένους
609 3154 708 3207 ἀνθ
718 3154 916 3227 ρώπων
932 3159 961 3209 ὁ
972 3158 1162 3229 Πατὴρ
1174 3158 1279 3212 τῶν
1295 3159 1430 3213 ὅλων
1445 3161 1542 3225 τάς
1559 3162 1775 3215 πάντων

221 3239 438 3307 κατάρας
456 3242 819 3307 ἀναδέξασθαι
867 3246 1154 3319 ἐϐουλήθη,
1186 3249 1340 3314 εἰδὼς
1374 3252 1454 3304 ὅτι
1477 3252 1773 3324 ἀναστήσει

218 3327 361 3379 αὐτὸν
388 3333 766 3404 σταυρωθέντα
778 3336 875 3390 καὶ
891 3338 1252 3403 ἀποθανόντα,
1273 3342 1361 3397 διὰ
1374 3342 1426 3396 τί
1440 3343 1515 3408 ὡς
1532 3362 1772 3417 κεκατη-

217 3419 434 3508 ραμένου
464 3423 551 3475 τοῦ
586 3426 987 3497 ὑπομείναντος
1020 3432 1160 3486 κατὰ
1192 3433 1289 3505 τὴν
1304 3434 1396 3488 τοῦ
1414 3436 1626 3508 Πατρδς
1645 3437 1770 3508 βου-

212 3504 299 3601 λὴν
330 3511 489 3566 ταῦτα
521 3515 715 3569 παθεῖν
750 3518 840 3571 τὸν
874 3519 1033 3590 λόγον
1068 3504 1305 3590 ποιεῖτε,
1342 3527 1437 3579 καὶ
1471 3504 1592 3599 odii
1629 3504 1771 3601 μᾶλ-

210 3595 290 3649 λσν
321 3603 532 3670 ἑαυτοὺς
564 3607 854 3679 θρηνεῖτε;
889 3614 953 3665 Εἰ
988 3615 1097 3688 γὰρ
1129 3616 1225 3671 καὶ
1270 3618 1299 3669 ὁ
1345 3595 1768 3691 ῙῙατὴρΗαότοῦν

210 3690 294 3741 καὶ
328 3695 479 3761 αὐτὸς
508 3699 704 3754 παθεῖν
729 3703 903 3756 ταῦτα
938 3705 1099 3759 αὑτὸν
1133 3707 1273 3781 ὑπὲρ
1300 3708 1392 3763 τοῦ
1427 3710 1769 3783 ἀνθρωπείου

207 3783 383 3885 γένους
408 3790 729 3862 ἐνήργησεν,
758 3796 917 3865 ὑμεῖς
946 3798 1042 3869 οὐχ
1066 3799 1141 3863 ὡς
1171 3801 1367 3873 γνώμῃ
1395 3802 1528 3856 Θεοῦ
1561 3806 1770 3878 ὑπηρε-

204 3882 409 3976 aia-.5;-
431 3882 582 3937 τοῦτο
609 3886 906 3955 ἐπράξατε.
953 3890 1087 3943 Οὐδὲ
1136 3891 1279 3963 γάρ,
1318 3896 1444 3959 τοὺς
1481 3899 1769 3969 προφήτας

206 3972 568 4071 ἀναιροῦντες,
624 3978 912 4033 εὐσέϐειαν
965 3983 1319 4054 εἰργάσασθε.
1384 3988 1497 4041 Καὶ
1556 3992 1631 4062 μή
1684 4010 1769 4057 τις

370 4064 599 4133 λεγέτω·
639 4070 703 4121 Εἰ
734 4071 763 4121 ὁ
796 4072 989 4145 Πατὴρ
1020 4074 1181 4128 αὐτὸν
1208 4075 1439 4148 ἠθέλησε
1474 4060 1646 4136 ταῦτα
1664 4101 1770 4137 πα-

203 4149 325 4213 θεῖν,
356 4157 436 4210 ἵνα
480 4160 555 4229 τῷ
595 4161 828 4231 μώλωπι
870 4166 1031 4219 αὐτοῦ
1063 4169 1204 4233 ἴασις
1235 4170 1462 4241 γένηται
1504 4173 1580 4245 τῷ
1620 4176 1768 4244 γένει

202 4243 299 4293 τῶν
330 4248 644 4320 ἀνθρώπων,
675 4254 829 4308 οὐδὲν
859 4256 1215 4330 ἠδικήσαμεν.
1246 4262 1309 4316 Εἰ
1337 4264 1438 4332 μὲν
1470 4243 1562 4318 οὖν
1597 4285 1767 4337 μετα-

200 4338 431 4405 νοοῦντες
454 4345 546 4397 ἐπὶ
578 4350 691 4409 τοῖς
718 4349 1149 4421 ἡμαρτημένοις,
1176 4354 1271 4407 καὶ
1297 4356 1612 4424 ἐπιγνόντες
1642 4360 1766 4412 τοῦ-

1965 863 2065 917 Hic
2109 864 2250 917 alius
2284 880 2347 917 ex
2398 865 2525 927 illis,
2563 865 2652 934 qui
2690 865 2953 933 postridie
2983 872 3292 918 venerant:
3326 863 3480 918 Veri

1892 954 2105 1023 inquit,
2164 956 2389 1017 dixisti;
2451 956 2713 1007 rationem
2760 954 2954 1008 afferre
3002 970 3106 1009 non
3156 970 3375 1024 possum
3398 972 3459 1004 ns

1890 1046 2023 1101 Nam
2058 1060 2111 1102 et
2140 1064 2237 1118 ego
2272 1061 2412 1116 smpe
2439 1061 2501 1099 ea
2530 1047 2595 1098 de
2625 1063 2682 1098 re,
2713 1047 3002 1117 magistros
3038 1056 3253 1101 nostros
3293 1047 3453 1099 inter

1888 1141 2098 1211 rogavi,
2134 1154 2233 1194 nec
2262 1142 2550 1210 quisquam
2583 1138 2711 1191 mihi
2740 1139 3001 1191 rationem
3033 1138 3287 1192 reddidit.
3317 1136 3361 1202 ρ
3383 1150 3477 1184 na—

1887 1242 2109 1301 pmpter
2163 1247 2327 1302 perge
2370 1232 2510 1300 quod
2562 1232 2743 1284 dicere
2792 1229 3116 1291 instituisti;
3171 1227 3269 1280 tibi
3321 1227 3469 1279 enim

1888 1324 2205 1395 mysterium
2258 1323 2555 1377 recludenti
2604 1321 2958 1386 attemlimus,
3007 1335 3115 1388 qua
3170 1320 3237 1373 de
3300 1334 3465 1372 causa

1889 1418 2052 1471 etiam
2088 1418 2483 1484 prophetarum
2512 1414 2733 1470 oracula
2760 1412 3053 1467 calumniis
3093 1420 3343 1480 pateant.

1968 1508 2131 1579 192
2175 1509 2312 1563 Tum
2367 1525 2509 1579 ego:
2550 1507 3015 1574 Quemadmodum
3069 1505 3210 1567 Deus
3252 1505 3463 1573 sigumu

1886 1615 1984 1671 per
2028 1610 2330 1669 serpentem
2375 1616 2582 1655 aeneum
2641 1600 2755 1654 fieri
2805 1597 2989 1667 jussit,
3025 1612 3128 1651 uec
3181 1606 3359 1649 tamen
3407 1596 3460 1647 iu

1888 1693 2041 1761 culpa
2071 1702 2184 1757 est;
2224 1695 2303 1747 sic
2337 1694 2388 1747 in
2434 1694 2548 1762 lege
2590 1692 2899 1745 maledictio
2950 1690 3126 1759 posita
3157 1699 3238 1743 ρει
3281 1689 3331 1741 in
3366 1689 3465 1740 ho-

1884 1782 2063 1835 mines
2111 1784 2427 1844 cruciﬁxos,
2473 1796 2817 1851 nequaquam
2874 1790 3055 1834 autem
3091 1779 3144 1832 iu
3191 1778 3463 1833 Christum

1882 1871 2000 1939 Dei,
2038 1889 2138 1941 per
2168 1888 2327 1944 quem
2359 1889 2574 1934 omnes.
2607 1873 2699 1941 qui
2735 1888 2823 1928 res
2855 1870 3243 1926 maledictione
3272 1870 3464 1939 dignas

1879 1974 2192 2032 gesserunt,
2222 1979 2250 2015 a
2285 1962 2393 2017 Deo
2424 1961 2733 2017 salvantur.

1952 2054 2041 2110 95.
2094 2054 2336 2109 Christus
2382 2054 2804 2109 maledictiouem
2843 2053 2990 2107 nobis
3032 2052 3264 2106 debitam
3310 2051 3361 2103 iu
3406 2066 3467 2104 se

1880 2150 2126 2217 suscepit.
2160 2178 2229 2188 —
2282 2147 2415 2202 Nam
2448 2161 2608 2203 omne
2658 2150 2954 2202 humanum
3004 2161 3173 2215 genus
3226 2144 3457 2198 maledi-

1880 2243 2043 2299 ctioni
2094 2243 2393 2297 obnoxiqu
2459 2240 2783 2309 reperietur.
2836 2239 3153 2293 Maledictus
3197 2238 3339 2292 enim
3373 2252 3466 2290 se-

1880 2336 2121 2393 cundnm
2176 2335 2348 2406 legem
2404 2333 2605 2405 Moysis
2650 2336 2828 2387 dictus
2873 2332 3253 2401 eSI,quisquis
3287 2349 3306 2381 ι
3354 2345 3460 2383 non

1879 2436 2164 2498 permanet
2209 2428 2261 2480 in
2306 2426 2387 2481 eis
2441 2442 2561 2493 qua:
2605 2427 2806 2495 scripta
2848 2434 2974 2480 sunt
3019 2425 3072 2478 in
3116 2424 3254 2478 libro
3300 2421 3458 2491 legis,

1880 2530 1935 2574 ut
1967 2519 2134 2574 faciat
2158 2534 2219 2572 ea
2252 2519 2317 2572 ⁸⁷.
2346 2538 2364 2569 ι
2392 2517 2563 2574 Nemo
2593 2530 2743 2573 certe
2779 2517 2960 2573 omnia
2991 2524 3245 2572 accurate
3274 2515 3460 2569 obser-

1878 2614 2023 2665 vavit
2058 2614 2256 2681 (neque
2293 2612 2346 2665 id
2380 2627 2478 2667 vos
2499 2627 2696 2680 negare
2723 2609 3042 2680 audebitis),
3072 2608 3165 2663 sed
3195 2607 3285 2661 alii
3337 2608 3464 2661 aliis

1878 2705 1998 2775 plus
2028 2715 2120 2759 aut
2152 2706 2329 2759 minus
2362 2714 2631 2773 praecepta
2661 2704 3051 2758 observarunt.
3074 2700 3229 2767 Quod
3265 2700 3310 2755 si
3339 2714 3461 2763 eos,

1877 2801 1968 2869 qui
2009 2798 2109 2853 sub
2140 2798 2241 2851 hac
2274 2797 2389 2867 lege
2420 2806 2569 2859 sunt,
2601 2797 2702 2849 sub
2731 2795 3107 2849 maledictione
3136 2808 3253 2849 esse
3286 2801 3458 2861 patet,

1876 2887 2019 2957 quod
2047 2902 2153 2940 non
2192 2887 2373 2941 omnia
2405 2886 2856 2952 observavet-int;
2891 2902 2959 2938 an
2993 2900 3101 2938 non
3138 2884 3307 2937 multo
3345 2898 3461 2935 ma-

1876 2979 1960 3047 gis
1998 2977 2204 3047 patebit
2240 2988 2429 3046 gentes
2472 2991 2685 3039 oumes,
2738 2991 2861 3044 qua:
2909 2974 3205 3029 simulacra
3248 2972 3461 3035 colunt,

1802 3101 1844 3157 Ο
1881 3072 2063 3141 pueris
2103 3081 2296 3139 stupra
2333 3069 2596 3132 inferunt,
2627 3078 2681 3123 et
2710 3069 2815 3122 alia
2850 3068 3057 3123 nefarie
3090 3066 3321 3131 faciunt,
3356 3067 3463 3119 sub

1880 3163 2262 3218 maledictione
2292 3161 2449 3217 esse?
2481 3161 2652 3230 Igitur
2680 3160 2723 3214 si
2756 3175 2852 3229 pro
2875 3159 3187 3214 hominibus
3218 3173 3283 3212 ex
3307 3158 3457 3211 omni

1876 3270 2075 3326 genere
2124 3269 2281 3307 suum
2311 3254 2478 3306 etiam
2507 3252 2786 3307 Christum
2838 3251 3045 3304 Parens
3075 3250 3459 3303 universorum

1877 3345 2287 3399 maledictiones
2318 3344 2558 3397 omnimu
2590 3346 2642 3398 in
2675 3360 2734 3398 se
2777 3343 3055 3409 suscipere
3088 3341 3277 3403 voluit.
3326 3356 3453 3395 cum

1877 3438 2138 3501 futurum.
2169 3440 2368 3503 sciret,
2426 3447 2483 3491 ιιι
2527 3452 2648 3491 eum
2705 3436 3026 3491 crucifixum
3069 3441 3123 3487 et
3180 3441 3455 3486 mortuum

1874 3531 2142 3585 excitaret
2173 3532 2238 3586 ad
2269 3532 2430 3584 vitam
2454 3547 2468 3595 ;
2488 3545 2585 3584 cur
2613 3531 2679 3583 de
2709 3544 2794 3592 eo,
2824 3529 2915 3596 qui
2944 3527 3247 3581 secundum
3280 3524 3460 3579 Patris

1875 3624 2211 3678 voluntatem
2266 3625 2379 3677 haec
2429 3623 2540 3692 pati
2592 3637 2698 3677 nou
2739 3622 2959 3691 refugit,
3013 3619 3169 3689 quasi
3206 3619 3253 3673 is
3285 3618 3458 3671 ntale-

1875 3718 2053 3771 dicms
2104 3716 2315 3780 fuisset,
2367 3718 2441 3769 ita
2494 3714 2805 3786 loquimini,
2858 3730 2920 3769 ac
2961 3730 3067 3768 non
3110 3713 3289 3783 potius
3326 3725 3457 3764 vos—

1875 3808 2135 3875 metipsos
2184 3806 2412 3875 lugetis?
2462 3806 2572 3861 Etsi
2626 3806 2774 3861 enim
2823 3805 2892 3859 ab
2938 3805 3055 3874 ipso
3094 3804 3260 3858 etiam
3311 3802 3462 3855 illius

1872 3899 2037 3954 Patre
2069 3900 2374 3969 perfectum
2418 3911 2521 3965 est,
2566 3910 2627 3955 ut
2659 3906 2773 3955 haec
2824 3914 2921 3968 pro
2970 3899 3211 3953 humano
3257 3910 3458 3968 genere

1874 4004 2174 4062 pateretur,
2207 4009 2548 4065 nequaquam
2596 4009 2696 4049 vos
2744 3993 2798 4047 id
2835 3993 3059 4059 fecistis,
3091 4002 3150 4046 ut
3198 3993 3291 4046 Dei
3320 4007 3453 4047 con-

1872 4084 2384 4140 silioinservirctis:
2414 4087 2743 4149 nequeenim
2772 4087 2825 4139 in
2846 4084 3124 4153 prophetis
3142 4082 3459 4137 occidendis

1871 4176 2129 4247 pietatem
2174 4179 2446 4233 coluistis.
2482 4176 2590 4231 Nec
2621 4179 2914 4247 quisquam
2960 4192 3028 4230 ex
3060 4175 3215 4231 vobis
3258 4173 3451 4228 dicat:

1872 4270 1928 4325 Si
1963 4270 2130 4324 voluit
2165 4269 2327 4324 Pater
2366 4272 2480 4326 hzec
2507 4286 2628 4325 cum
2669 4268 2799 4339 pati,
2831 4279 2890 4320 ut
2927 4267 3044 4336 ejus
3075 4267 3247 4321 livore
3282 4279 3457 4336 genus

1874 4368 2168 4420 humanum
2222 4376 2549 4428 sanarctur,
2601 4363 2735 4417 nihil
2800 4378 2899 4416 nos
2954 4360 3127 4429 iniqui
3195 4358 3449 4414 fecimus.

200 4443 285 4477 τον
315 4427 445 4485 εἶναι
472 4436 563 4488 τὸν
607 4438 862 4508 Χριστὸν,
907 4441 1004 4494 καὶ
1048 4443 1413 4512 φυλάσσοντες
1454 4449 1617 4502 αὐτοῦ
1668 4451 1765 4515 τὰς

1885 4457 2023 4526 Quod
2056 4458 2101 4512 si
2128 4458 2241 4511 haec
2268 4458 2339 4511 ita
2368 4457 2583 4520 dicetis,
2612 4464 2671 4509 ut
2695 4470 2791 4509 vos
2814 4442 3144 4522 eorum-qua:
3169 4452 3446 4521 peccastis

202 4519 421 4621 “3011;,
448 4527 622 4621 ⁶ταῦτα
650 4530 853 4599 φήσετε
882 4530 1014 4602 (89),
1047 4534 1241 4603 ἄφεσις
1277 4538 1409 4608 ὑμῖν
1438 4540 1547 4593 τῶν
1579 4542 1766 4615 ἀμαρ-

204 4616 323 4662 tuin
348 4616 421 4666 ὄτι
448 4616 621 4678 ἔσται,
644 4623 903 4693 προεῖπον
921 4639 934 4651 ⁸
968 4625 1017 4676 εἰ
1042 4623 1098 4678 δὲ
1123 4626 1287 4680 αὑτοῦ
1316 4646 1373 4681 τε
1404 4631 1638 4697 ἐκείνου,
1668 4635 1762 4687 καὶ

1870 4552 2156 4622 pteniteat,
2205 4561 2374 4621 atque
2428 4552 2571 4605 hunc
2619 4550 2895 4604 Christum
2946 4561 3067 4601 esse
3114 4546 3449 4615 agnoscatis.

1874 4642 2105 4712 ejusque
2156 4644 2408 4697 mandata
2466 4642 2732 4707 servetis;
2774 4640 2886 4710 jam
2937 4639 3048 4693 dixi
3106 4638 3152 4671 ⁸⁸
3214 4638 3450 4692 futuram

203 4709 303 4753 uin
334 4709 405 4770 εἰς
426 4710 630 4763 ἐκεῖνον
661 4714 1028 4769 πιστευόντων
1054 4722 1391 4790 καταρᾶσθε,
1421 4725 1515 4777 καὶ
1562 4726 1766 4780 ὁπόταν

1885 4709 2026 4790 vobis
2036 4746 2381 4803 peccatorum
2404 4709 2798 4791 remissionem.
2826 4734 2933 4789 Sed
2953 4734 2998 4789 si
3017 4741 3072 4787 et
3103 4733 3278 4801 ipsum
3302 4730 3450 4784 illum

206 4793 432 4857 ἐξουσίαν
473 4803 655 4873 ἔχητε,
690 4808 989 4878 ἀναιρεῖτε,
1024 4811 1139 4877 πῶς
1181 4813 1304 4884 οὐχὶ
1352 4816 1449 4871 καὶ
1477 4818 1536 4871 τὸ
1568 4819 1763 4891 ἐκείνῳ

209 4888 602 4980 ξειὸείληκέναι
629 4898 728 4962 τὰς
754 4902 945 4970 χεῖρας
979 4902 1152 4971 ὑμῶν,
1170 4905 1245 4971 ὡς
1270 4909 1419 4980 παρά
1444 4910 1645 4964 ἀδίκων
1671 4888 1765 4966 καὶ

210 4974 545 5069 ἁμαρτωλῶν,
563 4989 658 5041 καὶ
678 4989 874 5060 μέχρις
900 4990 1021 5043 ὅλου
1051 4994 1184 5066 σκλη
1195 4974 1497 5069 ροκαρδὶων
1525 5005 1619 5056 καὶ
1647 5004 1772 5056 ἀσυ⁶

208 5068 359 5125 νέτων
381 5076 808 5151 ἐκζητηθήσεται
828 5098 843 5147 ;

265 5377 306 5407 "
343 5381 495 5439 Deut.
536 5402 711 5449 um,
745 5385 839 5441 26.
916 5388 964 5421 ⁸⁸
1006 5406 1168 5461 supra
1204 5408 1258 5448 n.
1296 5392 1386 5449 47.

204 5564 331 5646 fitfit,
368 5580 486 5646 nos,
529 5566 803 5646 .dumiper
844 5570 1197 5646 semetipsam
1248 5570 1542 5646 diabolum,
1584 5574 1635 5627 id
1682 5583 1769 5628 est

203 5640 487 5713 umentem
529 5638 898 5713 interfectum
934 5638 1238 5713 stupendit.
1288 5660 1307 5693 ι
1358 5640 1499 5697 Hinc
1541 5659 1767 5713 serpens

206 5713 298 5783 gon
343 5702 768 5783 Cbristi__zd::oc
804 5710 912 5783 sed
937 5702 1232 5783 ἀντίτυπος
1269 5715 1407 5783 apud
1441 5702 1766 5782 Gregorium

210 5763 324 5853 lin.
355 5785 492 5853 orat.
656 5763 780 5845 pag.
813 5778 949 5853 692,
972 5791 1040 5853 _ct
1086 5763 1415 5853 Stertiniuqu

210 5835 349 5897 Phor.
385 5848 501 5904 cod.
535 5835 670 5915 252,
702 5835 895 5919 σιῖιεεδι.
927 5835 1015 5904 16.

1872 4840 1930 4884 et
1973 4846 2088 4895 eos,
2136 4831 2229 4900 qui
2277 4831 2329 4884 in
2364 4830 2513 4883 illum
2548 4830 2799 4892 credunt,
2831 4827 2966 4882 diris
2997 4826 3197 4896 agatis,
3240 4834 3295 4877 et
3326 4840 3453 4876 cum

1877 4922 2107 4976 facultas
2157 4923 2352 4987 aderit,
2385 4924 2687 4979 occidatis:
2722 4917 2993 4990 quomodo
3031 4933 3138 4970 non
3170 4916 3337 4969 etiam
3385 4916 3454 4963 ub

1874 5015 2051 5071 illatas
2080 5015 2129 5072 ei
2178 5031 2370 5069 manus
2413 5030 2586 5083 pana:
2633 5028 2662 5067 a
2714 5014 2886 5077 vobis,
2922 5024 2981 5066 ut
3024 5010 3093 5062 ab
3142 5005 3360 5076 iniustis
3397 5017 3454 5058 et

1875 5109 2251 5180 peccatoribus
2297 5120 2351 5162 et
2397 5111 2563 5163 corde
2603 5109 2826 5164 omnino
2881 5100 3169 5160 obduratis
3211 5108 3266 5153 et
3314 5099 3452 5151 iusi-

1874 5202 2170 5273 pientibus,
2206 5202 2551 5272 repetentur?

1942 5575 2055 5646 (89)
2096 5576 2296 5650 Ταῦτα
2344 5575 2589 5646 φήσετε.
2639 5578 2840 5650 Nempe
2879 5583 3045 5635 Deum
3092 5581 3315 5637 Patrem
3350 5599 3445 5637 vo-

1870 5645 2361 5720 luisseAChristum
2400 5651 2514 5703 haec
2558 5652 2689 5720 pati.
2741 5645 2799 5704 ut
2850 5652 3020 5708 livore
3053 5652 3170 5720 ejus
3218 5670 3447 5707 sanare-

1870 5734 2009 5789 mur.
2047 5716 2116 5789 At
2166 5734 2506 5787 nequaquam
2549 5716 2755 5774 Iuda-is
2796 5716 3158 5789 conceditfut
3193 5738 3251 5779 se
3294 5726 3449 5780 occi-

1869 5787 2046 5843 dendo
2072 5787 2291 5845 Christo
2330 5790 2460 5845 nihil
2487 5806 2743 5860 peccasse
2774 5794 2981 5851 dicant.
