3962 6262
524 331 623 387 103

1439 331 1498 388 5.
1534 328 1801 388 IUSTINI
1837 324 2252 387 PHILOSOPIII
2287 324 2377 381 ET
2412 321 2768 380 MABTYRIS

3654 317 3763 375 τω

586 442 671 497 96.
713 440 1017 497 Maledictio
1040 442 1134 497 illa
1158 441 1430 513 prtedim'o
1450 442 1548 512 [uit
1573 459 1749 497 eorum
1771 460 1888 513 qua
1909 441 2072 497 Iuda!

2263 436 2350 494 96.
2388 436 2497 490 Καὶ
2522 437 2630 506 γὰρ
2662 435 2720 489 τὸ
2746 433 3034 506 εἰρημένον
3060 431 3118 486 ιν
3139 430 3215 502 τῷ
3247 428 3395 502 νόμῳ
3418 470 3434 494 ,
3469 447 3486 480 ι
3525 428 3607 481 ὅτι
3634 428 3762 480 ἐπι.

519 534 711 599 facturi
752 545 924 589 erant.
968 565 1033 575 —
1087 532 1221 588 Nam
1274 534 1418 604 quod
1461 535 1511 589 in
1556 535 1673 605 lege
1727 534 1931 590 dictum
1980 543 2082 597 est,

521 641 542 673 ι
588 622 906 679 Maledictns
941 626 1118 679 omnis
1156 625 1247 694 qui
1300 626 1495 692 pendet
1528 624 1579 678 in
1627 625 1771 694 ligno
1801 626 1868 693 δ’,
1906 644 1924 677 ι
1978 640 2083 678 non

514 712 657 780 quod
688 711 829 767 Deus
868 713 1159 767 maledicat
1185 712 1310 767 huic
1347 711 1630 777 cruciﬂxo,
1663 728 1812 779 spem
1845 721 2082 765 nostram

510 818 577 855 ex
610 804 713 857 hoc
744 805 967 859 Christo
999 804 1263 859 crucifixo
1297 819 1613 873 suspensam
1645 804 1955 869 conﬁrmat,
1990 804 2083 858 sed

510 895 657 963 quod
706 895 966 964 praedicat
1020 895 1163 949 Deus
1214 895 1266 948 id
1310 895 1453 965 quod
1496 908 1594 947 vos
1644 908 1857 959 omnes,
1905 904 1956 948 et
1990 893 2081 963 qui

512 983 680 1037 vestri
710 984 918 1039 similes
945 994 1094 1052 Slilll,
1125 986 1268 1039 lillllc
1308 998 1431 1038 esse
1464 981 1567 1052 qui
1615 993 1743 1037 ante
1770 983 1950 1038 omnia
1980 992 2081 1051 est,

511 1079 569 1125 et
616 1082 856 1128 aeternus
902 1073 997 1129 Dei
1050 1076 1303 1128 sacerdos
1345 1080 1403 1126 et
1445 1087 1542 1126 rex
1591 1080 1646 1126 et
1690 1074 1939 1128 Christus
1977 1084 2080 1137 est,

512 1162 847 1233 ignorantes,
896 1165 1092 1220 facturi
1140 1164 1329 1218 eratis.
1364 1162 1519 1231 Quod
1566 1164 1783 1233 quidem
1825 1163 1955 1219 licet
1998 1165 2083 1219 vel

512 1253 645 1323 ipsis
671 1254 843 1310 oculis
871 1253 1074 1309 factum
1106 1255 1360 1309 videatis.
1386 1254 1494 1311 Vos
1525 1256 1669 1317 enim
1703 1254 1755 1309 in
1791 1257 2084 1326 synagogis

512 1347 713 1402 vestris
754 1346 1083 1402 maledicitis
1128 1346 1403 1415 omnibus,
1437 1348 1529 1417 qui
1578 1349 1644 1403 ab
1684 1362 1752 1403 eo
1798 1349 1929 1402 facti
1961 1359 2085 1404 sunt

510 1437 842 1505 ChriStiani;
882 1438 1135 1508 idemque
1187 1437 1397 1492 faciunt
1432 1451 1643 1494 caeteras
1678 1451 1870 1510 gentes
1894 1481 1911 1506 ,
1965 1456 2085 1508 quae

513 1528 685 1597 ipsam
718 1528 1150 1583 maledictionem
1189 1528 1241 1581 in
1278 1543 1390 1582 rem
1438 1527 1745 1593 conferunt,
1777 1543 1964 1583 necem
2004 1529 2085 1583 in-

511 1618 777 1684 ferentes,
807 1617 852 1673 si
897 1616 1020 1686 quis
1048 1625 1261 1672 tantum
1307 1618 1547 1672 fateatur
1571 1631 1630 1672 se
1661 1632 1785 1671 esse
1813 1615 2082 1671 Christia-

511 1724 661 1763 num.
722 1710 933 1775 Quibus
991 1709 1247 1762 omnibus
1297 1709 1528 1762 dicimus
1581 1730 1593 1763 :
1645 1707 1800 1779 193
1857 1707 2077 1763 Fratres

2188 531 2489 602 κατάρατος
2519 532 2626 594 πᾶς
2652 531 2679 582 ὁ
2696 527 3042 600 κρεμάμενος
3070 524 3163 578 ἐπὶ
3197 523 3405 589 ξύλου,›
3426 521 3525 591 οὐχ
3553 520 3629 584 ὡς
3661 520 3760 573 τοῦ

2185 620 2318 674 Θεοῦ
2366 619 2753 692 καταρωμένου
2782 620 2969 671 τούτου
2994 615 3087 668 τοῦ
3127 614 3559 687 ὲσταυρωμένου,
3600 610 3763 683 ἡμῶν

2185 712 2327 763 τονοῖ
2356 708 2451 780 τὴν
2478 709 2665 762 ὲλπίδα
2698 705 3121 777 ὲκκριμαμένην
3148 707 3255 758 ἀπὸ
3282 704 3373 758 τοῦ
3410 702 3761 775 σταυρωθέν-

2184 820 2274 867 τος
2314 800 2569 873 Χριστοῦ,
2600 799 2713 853 ἀλλ’
2755 799 2829 863 ὡς
2874 798 3224 869 προειπόντος
3264 795 3355 849 τοῦ
3395 793 3528 847 Θεοῦ
3563 794 3622 847 τὸ
3664 790 3761 861 ὑφ’

2184 892 2339 964 ὑμῶν
2370 891 2476 963 (90)
2512 892 2727 945 πάντων
2764 888 2860 942 καὶ
2893 887 2998 942 τῶν
3026 888 3226 959 ὁμοίων
3251 888 3379 957 ὑμῖν
3415 886 3489 958 μὴ
3528 885 3762 938 ἐπιστά-

2186 1002 2348 1057 μενον
2389 984 2500 1057 (91)
2543 982 2732 1036 τοῦτον
2772 977 2910 1035 εἶναι
2952 980 3042 1033 τὸν
3074 980 3180 1052 πρὸ
3212 979 3428 1032 πάντων
3480 976 3629 1039 ὄντα,
3660 975 3765 1028 καὶ

2183 1073 2399 1130 αἰώνιον
2426 1074 2518 1129 τοῦ
2560 1072 2694 1127 Θεοῦ
2741 1073 2915 1147 ἱερέα,
2954 1071 3052 1126 καὶ
3085 1066 3333 1142 βασιλέα,
3365 1070 3461 1122 καὶ
3500 1068 3769 1141 Χριστὸν,Δ

2187 1167 2446 1239 μέλλοντα
2487 1163 2749 1236 γίνεσθαι.
2785 1165 2964 1236 Ὅπερ
3000 1162 3096 1216 καὶ
3140 1161 3260 1232 ὄψει
3303 1161 3430 1215 ἰδεῖν
3460 1161 3589 1231 ὑμῖν
3640 1160 3764 1212 ἔστι

2183 1259 2483 1330 γινόμενον.
2525 1258 2712 1329 Ὑμεῖς
2735 1257 2841 1328 γὰρ
2873 1257 2930 1309 ὲν
2962 1258 3080 1319 ταῖς
3115 1257 3454 1323 συναγωγαῖς
3476 1251 3629 1323 ὑμῶν
3658 1268 3763 1305 κα·-

2183 1349 2422 1423 ταρᾶσθε
2467 1348 2685 1403 πάντων
2735 1347 2841 1401 τῶν
2894 1346 2989 1401 ἀπ’
3032 1346 3239 1399 ἐκείνου
3290 1344 3594 1416 γενομένων
3644 1342 3760 1414 (9Ξ)

2183 1441 2540 1517 Χριστιανῶν,
2564 1442 2661 1496 καὶ
2687 1441 2755 1495 τὰ
2787 1440 2922 1495 ἄλλα
2954 1439 3080 1512 ἔθνη
3122 1438 3157 1492 ἃ
3185 1438 3279 1492 καὶ
3310 1437 3505 1508 ἐνεργῆ
3532 1436 3628 1507 τὴν
3653 1453 3761 1488 κα-

2184 1533 2352 1604 τάραν
2374 1530 2713 1603 ἐργάζονται,
2747 1529 3072 1602 ἀναιροῦντα
3096 1529 3220 1592 τοὺς
3254 1527 3414 1597 μόνον
3444 1524 3775 1597 ὁμολογοῦνς

2183 1640 2280 1687 τας
2315 1624 2540 1687 ἑαυτοὺς
2571 1619 2710 1675 εἶναι
2736 1618 3092 1692 Χριστιανούς
3114 1636 3127 1648 ·
3160 1612 3240 1681 οἷς
3281 1619 3443 1688 ἡμεῖς
3474 1616 3642 1669 ἀπασι
3669 1614 3765 1666 λέ-

2184 1732 2373 1786 γομενο
2397 1716 2516 1768 ’Ὁτι
2543 1714 2762 1782 ἀδελφοὶ
2779 1711 2934 1782 ἡμῶν
2956 1713 3077 1764 ἐστε
3098 1728 3110 1740 '
3142 1709 3407 1777 ὲπίγνωτε
3439 1708 3637 1779 μᾶλλον
3662 1706 3773 1777 τὴν.

509 1802 677 1854 nostri
705 1800 880 1865 estis;
916 1801 1045 1869 quin
1091 1801 1268 1869 potius
1301 1800 1391 1854 Dei
1423 1800 1706 1855 veritatem
1739 1803 2068 1871 cognoscite.

2180 1807 2432 1879 ἀλήθειαν
2461 1806 2549 1860 τοῦ
2590 1806 2745 1860 Θεοῦ.
2797 1805 2906 1857 Καὶ
2939 1804 3013 1875 μὴ
3046 1802 3381 1875 πειθομένων
3432 1803 3561 1873 ἡμῖν
3619 1801 3765 1871 μήτε

504 1892 636 1946 Cum
666 1903 845 1947 autem
879 1908 979 1947 nec
1001 1907 1097 1946 vos
1124 1907 1224 1946 nec
1258 1893 1375 1945 illos
1409 1891 1711 1955 ﬂectamus,
1743 1894 1833 1946 sed
1863 1894 2077 1963 utrique

506 1997 535 2035 a
574 1984 734 2038 nobis
776 1984 1127 2038 dimicatione
1170 1984 1529 2048 contendatis,
1560 1994 1618 2038 ut
1650 1999 1843 2038 nomen
1876 1986 2075 2039 Christi

504 2090 794 2144 negemus;
848 2086 1076 2130 mortem
1127 2078 1303 2146 potius
1342 2077 1591 2146 eligimus
1640 2087 1695 2133 et
1725 2078 2073 2147 perferimus,

504 2168 727 2222 minime
799 2169 949 2223 dubii
1007 2170 1137 2237 quin
1188 2169 1328 2223 Deus
1391 2185 1728 2240 quaecunque
1786 2172 1929 2227 bona
1981 2189 2079 2244 per

501 2260 778 2315 Christum
828 2261 1103 2330 promisit,
1137 2275 1200 2315 ea
1249 2262 1406 2316 nobis
1452 2265 1797 2331 praastiturus
1844 2265 1937 2319 sit.
1993 2267 2078 2321 Ad

503 2354 618 2407 hare
649 2353 830 2407 omnia
866 2369 964 2423 pro
1017 2356 1169 2409 vobis
1205 2368 1446 2419 oramus,
1497 2365 1556 2408 ut
1595 2356 1849 2411 Christus
1898 2359 2069 2413 vestri

501 2445 849 2500 misereatur.
886 2444 934 2498 ls
960 2447 1103 2498 enim
1148 2448 1312 2499 etiam
1349 2461 1445 2514 pro
1472 2446 1706 2502 inimicis
1737 2450 1946 2516 precari
1976 2449 2075 2503 do-

498 2536 612 2589 cuit
643 2535 728 2589 his
762 2534 944 2588 verbis
974 2556 985 2589 :
1023 2553 1042 2586 ι
1084 2535 1298 2604 Diligite
1336 2537 1582 2592 inimicos
1611 2548 1823 2594 vestros
1855 2560 1868 2594 :
1900 2552 2075 2596 estote

501 2624 719 2693 benigni
752 2635 804 2677 et
843 2625 1254 2692 misericordes,
1288 2627 1429 2681 sicut
1458 2638 1509 2680 et
1541 2627 1703 2681 Pater
1754 2638 1934 2705 vester
1962 2646 2075 2684 ete-

501 2716 652 2770 lestis
679 2716 745 2770 '°.
790 2735 807 2767 ι
850 2714 1288 2786 Omnipotentem
1326 2720 1471 2771 cnim
1512 2721 1675 2774 Deum
1707 2722 1950 2776 videmus
1977 2724 2074 2777 be-

501 2808 721 2876 nignum
768 2822 890 2862 esse
936 2817 990 2862 et
1036 2810 1468 2872 misericordem,
1506 2811 1673 2865 solem
1721 2827 1877 2867 suum
1914 2829 2076 2884 super

500 2898 741 2966 ingratos
772 2900 977 2967 pariter
1007 2910 1061 2955 et
1088 2900 1267 2970 justos
1297 2904 1428 2955 oriri
1461 2902 1776 2969 iacientem,
1807 2920 1870 2959 ac
1914 2922 2074 2975 super

498 2998 718 3043 sanctos
755 3000 809 3045 et
845 2992 1125 3060 improbos
1152 2993 1449 3061 plnentem,
1484 3011 1621 3065 quos
1650 3013 1839 3052 omnes
1864 2998 2073 3066 judica-

502 3090 681 3134 turum
714 3099 930 3152 quoque
961 3101 1018 3138 se
1048 3100 1168 3139 esse
1198 3086 1400 3141 docuit.

569 3173 658 3229 97.
694 3175 827 3228 Alia:
860 3176 1034 3229 crucis
1065 3175 1264 3231 Christi
1315 3179 1704 3247 praedictiones.
1761 3212 1830 3222 —
1883 3181 2071 3252 Neque

496 3264 663 3318 etiam
696 3266 826 3319 illud
866 3276 1071 3323 temere
1107 3269 1310 3323 factum
1362 3280 1466 3335 est,
1524 3281 1581 3325 nt
1615 3274 1876 3342 propheta
1926 3275 2075 3346 Moy-

498 3371 607 3417 ses,
640 3358 1038 3412 sustinentibus
1072 3358 1190 3428 ejus
1237 3375 1432 3413 manus
1465 3359 1541 3415 Or
1563 3363 1848 3424 etAaron,
1886 3363 1936 3415 in
1976 3365 2074 3418 hoc

497 3456 641 3500 statu
676 3448 741 3500 ad
774 3464 1061 3517 vesperam
1094 3465 1267 3519 usque
1310 3463 1673 3519 permaneret.
1709 3453 1842 3507 Nam
1878 3464 1931 3509 et
1971 3455 2074 3508 Do-

498 3537 677 3590 minus
701 3537 813 3592 fere
844 3555 1016 3606 usque
1050 3540 1116 3593 ad
1149 3556 1432 3610 vesperam
1483 3544 1536 3596 in
1583 3543 1728 3613 ligno
1772 3546 1996 3608 mansit,
2022 3553 2077 3599 et

495 3628 564 3679 ad
597 3644 880 3698 vesperam
935 3630 1269 3699 sepelierunt
1312 3648 1457 3697 eum,
1522 3633 1715 3688 deinde
1775 3637 2075 3689 resurrexit

499 3726 659 3777 tertia
685 3725 791 3780 die.
820 3723 975 3790 Quod
1000 3725 1173 3793 ipsum
1199 3724 1415 3780 Davidis
1441 3740 1577 3780 voce
1606 3727 1681 3780 ita
1714 3726 2071 3795 prtedicatum

496 3816 679 3870 fuerat
708 3834 720 3869 :
755 3834 773 3867 ι
804 3817 952 3872 Voce
982 3833 1102 3872 mea
1128 3817 1192 3871 ad
1220 3820 1503 3872 Dominum
1532 3819 1788 3885 clamavi,
1820 3829 1875 3873 et
1899 3834 2071 3873 exau-

492 3907 633 3961 divit
663 3924 748 3962 me
774 3909 841 3964 de
868 3920 1048 3963 monte
1090 3919 1281 3963 sancto
1330 3925 1449 3964 suo.
1485 3912 1595 3980 Ego
1635 3911 1867 3970 dormivi
1900 3921 1955 3966 et
1984 3928 2073 3965 so-

496 4010 721 4070 poratus
774 4014 935 4055 sum:
989 4001 1277 4054 exsurrexi
1336 4002 1463 4070 quia
1529 4001 1785 4056 Dominus
1833 4003 2073 4071 suscepit

497 4108 584 4147 me
606 4093 704 4146 δ’.»
741 4092 819 4147 Ac
850 4109 946 4163 per
978 4093 1173 4147 Isaiam
1224 4093 1477 4148 similiter
1512 4109 1621 4164 quo
1652 4094 1844 4149 mortis
1872 4110 2072 4164 genere

495 4183 745 4237 obiturus
770 4194 941 4250 esset,
996 4185 1069 4238 ita
1125 4188 1586 4254 praenuntiatum:
1630 4206 1648 4238 ι
1674 4187 1916 4257 Expandi
1957 4204 2071 4241 ma-

497 4289 598 4326 nus
636 4288 784 4327 meas
815 4274 880 4326 ad
905 4275 1169 4345 papuium
1224 4275 1568 4329 incredulum
1606 4286 1662 4330 et
1688 4278 2070 4331 contradicen-

496 4375 623 4430 tcm,
659 4365 1026 4420 ambulantem
1060 4366 1114 4420 in
1152 4366 1238 4421 via
1270 4384 1375 4422 non
1415 4368 1556 4423 bona
1582 4371 1683 4426 ".t
1722 4372 1855 4425 Eum
1885 4380 2065 4425 autem

564 4501 609 4537 ιο
628 4494 782 4551 Deut.
807 4495 1031 4567 “1,25.
1098 4501 1145 4533 '°
1184 4499 1318 4558 Luc.
1355 4518 1427 4568 vr,
1463 4504 1556 4558 '55.
1631 4504 1674 4537 "
1719 4505 1861 4563 Psal.
1899 4521 1980 4569 ut,
2008 4505 2062 4561 5.

2180 1901 2403 1961 ἐκείνων
2446 1900 2584 1971 μήτε
2618 1898 2794 1969 ὑμῶν,
2828 1898 2962 1952 ἀλλὰ
2994 1894 3279 1968 ἀρνεῖσθαι
3310 1895 3457 1967 ἡμᾶς
3499 1892 3559 1944 τὸ
3588 1890 3766 1962 ὄνομα

2178 1992 2270 2044 τοῦ
2300 1989 2534 2062 Χριστοῦ
2563 1985 3001 2059 ἀγωνιζομένων,
3035 1985 3396 2041 θανατοῦσθαι
3440 1983 3639 2055 μᾶλλον
3670 1985 3763 2037 αἱ·

2182 2081 2423 2153 ρούμεθα
2446 2082 2538 2135 καὶ
2565 2082 2927 2153 ὑπομένομεν,
2965 2079 3342 2149 πεπεισμένοι,
3370 2078 3452 2130 ὅτι
3483 2074 3638 2129 πάνθ’
3657 2077 3765 2129 ὅσα

2179 2174 2530 2246 ὑπέσχηταιὸ
2565 2174 2695 2238 Θεὸς
2722 2172 2809 2226 διὰ
2844 2173 2935 2226 τοῦ
2967 2171 3204 2245 Χριστοῦ
3236 2170 3435 2240 ἀγαθὰ,
3484 2168 3759 2224 ἀποδώσει

2175 2265 2327 2335 ἡμῖν.
2368 2262 2478 2315 Καὶ
2510 2263 2645 2334 πρὸς
2679 2262 2887 2326 τούτοις
2918 2264 3083 2314 πᾶσιν
3112 2259 3385 2332 εὐχόμεθα
3411 2260 3553 2330 ὑπὲρ
3578 2257 3763 2329 ὑμῶν,

2178 2355 2264 2407 ἵνα
2294 2353 2550 2426 ὲλεηθῆτε
2582 2354 2686 2407 ὑπὸ
2728 2352 2821 2406 τοῦ
2868 2352 3122 2425 Χριστοῦ.
3154 2346 3323 2417 Οὗτος
3368 2352 3477 2423 γὰρ
3520 2348 3763 2414 ἐδίδαξεν

2175 2445 2325 2518 ἡμᾶς
2352 2446 2448 2500 καὶ
2471 2444 2609 2517 ὑπὲρ
2636 2443 2741 2496 τῶν
2773 2444 2981 2517 ἐχθρῶν
3020 2443 3293 2514 εὔχεσθαι,
3330 2440 3497 2495 εἰπών
3516 2458 3529 2470 ·
3555 2460 3574 2491 ι
3596 2441 3768 2508 Ἀγα-

2177 2537 2315 2588 πᾶτε
2348 2537 2469 2600 τοὺς
2496 2536 2724 2607 ἐχθροὺς
2747 2535 2922 2605 ὑμῶν’
2943 2534 3157 2603 γίνεσθε
3185 2532 3413 2606 χρηστοῗ
3434 2533 3526 2585 καὶ
3554 2532 3765 2603 nix-rip-

2178 2640 2359 2695 μονες,
2399 2624 2472 2689 ὼς
2504 2624 2642 2678 καὶὸ
2670 2626 2861 2697 Πατὴρ
2886 2624 3039 2695 ὑμῶν
3070 2628 3098 2678 ὁ
3126 2624 3391 2695 οὐράνιος.
3433 2643 3451 2674 ι
3494 2623 3603 2675 Καὶ
3648 2623 3765 2693 γὰρ

2175 2716 2265 2768 τὸν
2292 2715 2704 2788 παντοκράτορα
2726 2715 2857 2769 Θεὸν
2893 2717 3124 2788 χρηστὸν
3148 2715 3242 2767 καὶ
3268 2714 3584 2783 οἰκτίρμονα
3612 2712 3765 2785 όρῶο

2178 2826 2298 2879 μεν,
2330 2810 2419 2863 τὸν
2442 2810 2589 2881 ἥλιον
2620 2812 2783 2865 αὑτοῦ
2807 2806 3168 2865 ’ἀνατέλλοντα
3197 2811 3289 2863 ἐπὶ
3313 2811 3637 2882 ἀχαρίστους
3664 2811 3769 2869 καὶ.

2174 2902 2431 2969 δικαίους,
2463 2906 2557 2957 καὶ
2591 2904 2850 2976 βρέχοντα
2879 2906 2969 2958 ἐπὶ
3004 2905 3184 2968 ὁσίους
3206 2905 3299 2958 καὶ
3329 2904 3597 2976 πονηρούς
3621 2923 3635 2936 ο
3659 2902 3765 2969 οὓς

2175 2994 2381 3058 πάντας
2404 2995 2485 3047 ὅτι
2523 2995 2618 3048 καὶ
2646 2994 2851 3067 κρίνειν
2875 2994 3077 3066 μέλλει,
3116 2994 3339 3061 ἐδίδαξε.

2247 3173 2467 3229 97.Kai
2503 3174 2611 3247 γὰρ
2656 3173 2775 3227 οὐδὲ
2809 3174 2870 3227 τὸ
2913 3174 3106 3247 μέχρις
3149 3173 3386 3245 ἑσπέρας
3444 3174 3623 3244 μεῖναι
3662 3170 3765 3227 τὸν

2175 3264 2459 3333 προφήτην
2488 3263 2747 3334 Μωῦσῆν,
2777 3265 2865 3316 ὅτε
2889 3264 2988 3327 τὰς
3027 3267 3213 3334 χεῖρας
3245 3263 3407 3315 αὑτοῦ
3444 3262 3761 3315 ὑπεῦἀστα-

2175 3358 2267 3422 ζον
2310 3359 2410 3429 Ὣρ
2432 3358 2525 3411 καὶ
2566 3357 2796 3430 Ἀαρὼν,
2840 3359 2931 3411 ἐπὶ
2960 3357 3052 3411 τοῦ
3085 3360 3365 3429 σχήματος
3401 3356 3589 3409 τούτου
3630 3357 3761 3428 εξκῆ

2175 3448 2384 3517 γέγονε.
2416 3447 2525 3500 Καὶ
2580 3448 2689 3519 γὰρ
2744 3449 2770 3499 ὁ
2812 3448 3013 3519 Κύριος
3054 3448 3237 3517 σχεδὸν
3280 3447 3470 3518 μέχρις
3515 3446 3762 3517 ἑσπέρας

2175 3539 2386 3610 ἔμεινεν
2406 3540 2499 3592 ἐπὶ
2528 3539 2619 3591 τοῦ
2662 3537 2838 3603 ξύλου,
2861 3540 2955 3592 καὶ
2986 3538 3118 3611 προς
3156 3539 3393 3609 ἑσπέραν
3417 3538 3621 3607 ἔθαψαν
3653 3539 3760 3591 αὖ·

2173 3630 2295 3684 τόν·
2339 3625 2457 3683 εἶτα
2510 3630 2706 3700 ἀνέστη
2745 3632 2811 3701 τῇ
2860 3630 3019 3701 τρίτῃ
3058 3630 3259 3701 ἡμέρᾳ.
3311 3628 3481 3681 Τοῦτο
3524 3629 3611 3681 διὰ
3650 3632 3761 3681 Δα-

2174 3722 2259 3776 ῶδ
2314 3722 2485 3787 οὕτως
2531 3723 2902 3793 ὲκπειρὼνητο·
2944 3743 2961 3774 ι
2990 3726 3141 3794 Φωνῇ
3210 3740 3311 3793 μου
3370 3723 3507 3794 πρὸς
3549 3722 3761 3793 Κύριον

2174 3815 2469 3887 ἐκέκραξα,
2502 3817 2593 3870 καὶ
2622 3816 2894 3887 ἐπήκουσέ
2926 3833 3028 3886 μου
3069 3815 3127 3882 ἐξ
3165 3816 3326 3887 ὅρους
3375 3815 3529 3883 ἁγίου
3561 3815 3757 3869 αὐτοῦ.

2186 3906 2325 3976 Ἐγὼ
2363 3906 2663 3979 ὲκοιμήθην
2685 3908 2779 3961 καὶ
2808 3907 3050 3960 ῦπνωσω
3074 3906 3395 3978 ὲξηγέρθην,
3425 3907 3507 3959 ὅτι
3545 3907 3760 3977 Κύριος

2173 3998 2494 4055 ἀντελάϐετό
2539 4016 2693 4070 μου.»
2745 3999 2854 4052 Καὶ
2890 3998 2977 4051 διὰ
3030 3999 3249 4051 Ἡσαΐου
3315 3997 3515 4068 ὁμοίως
3566 3996 3763 4069 εἴρητο

2172 4092 2301 4163 περὶ
2338 4090 2548 4158 τούτου,
2579 4091 2645 4144 δι’
2674 4086 2732 4145 οὗ
2771 4091 2973 4162 τρόπου
2998 4091 3359 4161 ἀποθνήσκειν
3391 4089 3640 4159 ἔμελλεν,
3660 4089 3761 4143 οὓ-

2168 4201 2297 4246 τως·
2345 4202 2364 4235 (
2402 4184 2734 4250 Ἐξεπέτασά
2785 4201 2884 4255 μου
2925 4183 3023 4247 τὰς
3080 4187 3266 4255 χεῖρας
3313 4184 3407 4237 ἐπὶ
3437 4182 3561 4235 λαὸν
3591 4184 3762 4235 ἀπει-

2172 4274 2387 4340 θοῦντα,
2407 4274 2502 4328 καὶ
2521 4275 2866 4342 ἀντιλέγοντα
2887 4278 3001 4340 τοῖς
3024 4274 3410 4346 πορευομένοις
3436 4275 3543 4344 (95)
3563 4276 3621 4327 ὲν
3642 4274 3757 4345 ὁδῷ

2171 4367 2231 4421 οὐ
2254 4368 2411 4440 καλῇ.
2427 4387 2445 4421 ι
2465 4368 2575 4422 Καὶ
2600 4369 2680 4421 ὅτι
2709 4367 2930 4441 ἔμελλεν
2951 4368 3286 4435 ἀνίστασθαι,
3327 4368 3488 4431 αὐτὸς
3519 4367 3757 4431 Ἡσαῖας

2162 4507 2209 4539 ⁸⁸
2249 4506 2354 4563 lsa.
2390 4508 2597 4574 va,2.

566 4653 677 4730 (90)
722 4656 794 4730 Ίζῤ
828 4653 929 4730 ὑφ’
960 4654 1299 4730 ,ὑμῶνλειᾳ
1341 4654 1460 4730 1am
1507 4656 1640 4711 duas
1671 4658 2063 4724 explicationes

2180 4662 2388 4723 vestris,
2428 4678 2447 4713 ι
2488 4672 2596 4717 etc.
2634 4662 2740 4719 Sed
2786 4677 2910 4718 cum
2962 4662 3092 4717 illud
3129 4661 3491 4730 ἐπιστάμενον
3527 4660 3753 4727 passive

494 4724 787 4795 testimonii
814 4739 841 4795 a
870 4724 1075 4779 ludatis
1097 4725 1294 4789 objecti
1321 4727 1646 4795 subjecerat,
1676 4744 1816 4782 mmc
1846 4731 2061 4783 tertiam

491 4794 755 4861 adjnngit.
812 4794 1191 4849 Contendebat
1242 4794 1426 4863 primo
1472 4797 1638 4860 illud,
1676 4813 1694 4849 ι
1733 4798 2062 4853 Maledictus

489 4864 669 4934 munis
720 4867 809 4932 qui
863 4867 1063 4934 pendet
1112 4880 1141 4916 a
1189 4865 1368 4933 ligno,
1421 4885 1440 4918 ι
1492 4868 1673 4919 itidem
1723 4878 1780 4921 ut
1829 4869 2060 4923 Mosaica

491 4931 765 5006 instituta,
806 4931 881 4988 ita
915 4931 1314 5006 exponendum,
1340 4952 1484 5000 esse,
1525 4946 1585 4989 ut
1618 4952 1956 5006 nequaquam
2007 4939 2061 4992 in

494 5002 604 5054 sola
643 5003 819 5057 littera
858 5002 1184 5058 ltmreanius.
1207 5006 1272 5056 2°
1306 5005 1531 5059 Fatetur
1567 5007 1635 5060 ad
1662 5002 1939 5061 Christum
1977 5024 2063 5063 re-

492 5071 618 5149 ferri
650 5084 1125 5149 poss_e,qr_tatenns
1156 5075 1207 5127 in
1237 5091 1296 5149 se
1334 5078 1569 5149 suscepit
1593 5077 2057 5149 maledictionem,

494 5141 545 5191 in
571 5155 732 5207 quam
753 5141 919 5197 Judaei
950 5154 1004 5197 et
1029 5156 1215 5211 gentes
1246 5141 1567 5199 inciderant.
1592 5147 1656 5200 5°
1684 5146 1834 5200 Nune
1867 5141 2059 5202 iisdem

495 5211 677 5265 verbis
710 5214 1111 5280 przedietionem
1136 5230 1347 5277 eorum,
1373 5231 1492 5284 quae
1518 5215 1690 5270 Jndmi
1724 5218 1774 5271 in
1804 5217 2063 5272 Christia-

492 5295 596 5335 nos
626 5284 971 5336 commissuri
1007 5294 1183 5345 erant,
1218 5287 1485 5341 contineri
1521 5288 1880 5341 demonstrat.

569 5350 683 5427 (91)
729 5351 827 5420 Μὴ
872 5351 1288 5427 έπιστάμενον.
1343 5356 1400 5409 Si
1455 5371 1745 5426 sequamur
1789 5357 2059 5427 vulgatam

490 5424 847 5496 scripturam,
881 5424 953 5496 ita
988 5426 1317 5496 reddendum
1353 5426 1499 5482 erit:
1532 5424 1551 5478 ἒ
1596 5427 1702 5481 Sed
1738 5424 2061 5496 quod'Deus

495 5493 889 5565 praedixeritid
919 5494 1059 5561 quod
1109 5508 1159 5565 a7
1184 5496 1340 5550 vobis
1374 5499 1628 5551 omnibus
1653 5508 1711 5551 et
1748 5493 1816 5550 ab
1849 5498 1937 5563 iis,
1967 5499 2059 5565 qni

495 5560 649 5613 vobis
701 5563 906 5634 similes
938 5560 1107 5626 sunt,
1150 5564 1455 5634 ignoratur,
1494 5569 1636 5622 hunc
1686 5568 1897 5622 scilicet
1926 5560 2063 5621 enm

495 5644 637 5693 esse,
667 5633 756 5698 qui
794 5641 921 5686 ante
961 5634 1141 5686 omnia
1177 5633 1282 5699 est,
1318 5648 1371 5690 et
1408 5647 1645 5690 reternns
1681 5638 1770 5691 Dei
1808 5639 2065 5691 sacerdos

494 5699 684 5777 etltex
709 5710 763 5754 et
792 5701 1044 5777 Christus
1074 5702 1289 5777 futurus
1315 5719 1465 5777 erat;
1488 5708 1629 5776 quod
1656 5709 1874 5777 quidem
1909 5708 2062 5762 vobis

497 5772 660 5823 etiam
702 5771 871 5826 oculis
900 5787 1126 5828 cernere
1156 5774 1303 5833 licet.
1344 5771 1458 5832 Vos
1484 5771 1629 5838 enim
1674 5771 1729 5834 in
1774 5779 2062 5848 synagngis

2168 4734 2307 4785 sumi
2348 4747 2451 4786 non
2485 4733 2711 4798 debeat;
2742 4749 2975 4802 cumque
3016 4742 3278 4801 przeterea
3331 4731 3613 4802 pr_a:dietio
3651 4732 3750 4787 hic

2170 4812 2469 4856 memorata
2511 4804 2739 4856 nimium
2766 4800 3038 4871 generalis
3067 4802 3206 4855 foret
3240 4812 3296 4855 et
3323 4816 3350 4853 a
3375 4800 3575 4855 Justini
3614 4815 3751 4869 pro-

2169 4872 2348 4937 posito
2384 4874 2678 4933 remotior;
2719 4873 2895 4927 nullus
2923 4874 3112 4927 dubito
3141 4872 3268 4938 quin
3310 4871 3594 4937 legendum
3626 4871 3697 4923 sit
3732 4890 3747 4925 :

2170 4941 2245 4992 Τὸ
2277 4942 2368 5013 ὑφ’
2407 4941 2563 5013 ὑμῶν
2600 4943 2818 4997 πάντων
2850 4943 2947 4997 καὶ
2979 4942 3084 4996 τῶν
3115 4942 3318 5012 ὁμοίων
3351 4941 3479 5013 ὑμῖν
3515 4941 3592 5012 μὴ
3627 4942 3757 4995 ἐπι-

2170 5012 2542 5084 σταμένων....
2588 5013 2780 5084 μέλλον
2813 5012 3283 5084 γίνεσθαι.-ριι‹)‹1
3323 5012 3541 5084 quidem
3577 5026 3749 5084 quam

2168 5081 2295 5150 apte
2349 5081 2730 5154 haereatfcum
2782 5081 3056 5154 proposito
3090 5081 3149 5137 S.
3200 5081 3460 5154 martyris
3505 5082 3750 5150 perspici

2170 5160 2351 5275 galeis:
2374 5152 2656 5275 eTbLatina
2685 5152 3154 5223 interpretatione.
3188 5154 3265 5207 Ita
3296 5153 3460 5206 etiam
3483 5154 3750 5208 emendat

2236 5260 2251 5275 ο
2351 5240 2417 5275 lll‘
2480 5240 2583 5275 ιιιε.

2168 5222 2251 5277 Cl.
2286 5222 2583 5278 Thirlbius.

2243 5293 2367 5363 (92),
2394 5293 2762 5362 Γενομένων.
2798 5292 3063 5349 Observat
3092 5291 3415 5363 Sylburgius
3448 5290 3552 5355 legi
3582 5306 3751 5358 posse

2168 5362 2499 5433 λεγομένων.
2550 5366 2657 5418 Sed
2696 5365 2828 5419 nihil
2866 5379 3093 5432 prorsus
3138 5362 3455 5433 mutandum
3502 5362 3749 5433 videtur.

2170 5432 2324 5503 Saepe
2356 5432 2606 5489 Justinus
2660 5436 2761 5490 hac
2807 5435 3061 5504 loquendi
3116 5433 3332 5488 ratione
3378 5432 3579 5486 utitur.
3621 5432 3751 5486 Vid.

2167 5504 2357 5558 0.123
2392 5515 2443 5559 et
2481 5504 2604 5558 158.

2241 5574 2350 5644 (95)
2394 5575 2523 5646 Τοῖς
2552 5577 2997 5646 πορευομένοις.
3041 5577 3115 5631 lla
3156 5574 3357 5645 legitur
3382 5573 3434 5646 in
3468 5575 3661 5630 Bibliis
3677 5584 3751 5646 _et

2167 5643 2339 5713 Supra
2377 5664 2430 5700 n.
2464 5645 2555 5712 ⁸24,
2598 5643 2652 5702 et
2702 5643 2856 5713 Apol.
2897 5664 2936 5709 ι,
2973 5663 3026 5701 n.
3059 5646 3129 5701 35
3160 5643 3339 5700 et'57.
3374 5644 3648 5701 Observat
3676 5643 3747 5699 ﬁ.

2171 5716 2477 5786 Stephanus
2502 5718 2601 5789 legi
2637 5718 2686 5773 in
2713 5718 2958 5789 exelupla
2972 5718 3016 5774 ri
3048 5716 3524 5790 πονηρευομένοις.
