3962 6262
2022 205 2053 248 4

524 344 631 399 7οπ

1446 339 1506 394 S.
1540 336 1802 394 JUS’HN‘I
1839 333 2250 393 PHILOSOPHI
2293 332 2381 388 ET
2417 331 2775 388 MARTXBIS

3677 343 3770 400 708

525 463 768 532 dispersa
817 466 947 513 sunt
984 456 1175 512 omnia
1220 469 1345 509 ossa
1405 469 1547 510 mea.
1578 454 1813 509 Factum
1862 450 1956 507 est.
2001 466 2096 507 cor

2207 448 2338 521 νήθη
2364 449 2447 519 (1)
2468 451 2501 520 ὴ
2534 448 2733 521 καρδία
2755 466 2856 519 μου
2876 447 3014 502 ὡσεὶ
3043 451 3209 522 κηρὸς
3229 452 3525 525 τηκόμενος
3552 458 3610 509 ὲν
3633 460 3774 533 μέσῳ

525 568 709 607 meum
735 552 881 606 sicut
906 564 1033 605 cera
1071 550 1387 619 liquescens
1429 548 1483 602 in
1526 547 1706 601 medio
1730 546 1938 601 ventris
1971 547 2098 600 mei.

523 643 757 700 Exaruit
793 642 941 697 velut
972 650 1111 695 testa
1158 641 1336 695 virtus
1387 654 1531 704 mea,
1555 650 1611 694 et
1645 638 1827 708 lingua
1857 652 1976 693 mea
2002 639 2105 693 ad-

526 737 683 792 haesit
717 734 967 788 faucibus
1024 734 1185 798 meis,
1217 744 1274 786 et
1304 733 1358 786 in
1402 731 1684 801 pulverem
1717 731 1913 785 mortis
1942 729 2106 785 dedu-

523 828 653 883 xisti
677 840 788 881 me.
818 824 1090 892 Quoniam
1118 822 1597 879 circumdederunt
1629 838 1715 877 me
1739 836 1907 877 canes
1925 822 2100 889 multi,

525 919 821 974 consilium
851 917 1270 989 malignantium
1300 914 1514 970 obsedit
1540 929 1649 970 me.
1670 913 1955 970 Fuderunt
1983 930 2103 969 ma-

522 1030 628 1068 nus
656 1027 808 1067 meas
843 1020 898 1066 et
948 1014 1118 1081 pedes
1157 1023 1327 1073 meos,
1380 1007 1870 1062 diuumeraverunt
1918 1007 2104 1062 omnia

523 1119 648 1157 ossa
683 1117 824 1157 mea.
877 1102 980 1171 Ipsi
1036 1115 1170 1155 vero
1213 1100 1734 1163 consideraverunt,
1766 1109 1822 1154 et
1859 1099 2107 1168 inspexe-

524 1204 654 1250 l‘uul.
683 1210 786 1255 me,
816 1194 1125 1247 diviserunt
1177 1191 1281 1246 sibi
1329 1190 1658 1245 vestimenta
1686 1204 1829 1257 mea,
1860 1200 1915 1245 et
1940 1205 2107 1261 super

523 1298 731 1340 vestem
763 1300 941 1338 meam
975 1285 1245 1337 miserunt
1274 1290 1497 1336 sortem.
1523 1280 1603 1336 Tu
1624 1292 1826 1349 autem,
1853 1281 2101 1348 Domine,

524 1396 592 1433 ne
616 1378 960 1449 elengaveris
988 1375 1249 1431 auxilium
1277 1386 1429 1428 tuum
1460 1390 1489 1427 a
1520 1389 1628 1440 me,
1657 1377 1710 1429 in
1732 1374 2104 1430 defensionem

523 1486 701 1525 meam
741 1470 971 1538 respice.
1004 1466 1144 1521 Erue
1194 1482 1223 1520 a
1286 1465 1498 1521 framea
1546 1467 1784 1520 animam
1814 1482 2013 1530 meam,
2052 1477 2107 1520 et

522 1565 592 1617 de
647 1580 810 1616 manu
845 1562 997 1616 canis
1031 1560 1249 1614 unicam
1306 1574 1505 1613 meam.
1550 1558 1771 1612 Salvum
1817 1572 1904 1611 me
1928 1558 2012 1612 fac
2034 1559 2106 1613 de

521 1672 618 1710 ore
649 1655 842 1720 leonis,
885 1662 940 1707 et
975 1669 1003 1707 a
1046 1654 1313 1707 cornibus
1350 1652 1697 1705 unicornium
1736 1650 2102 1706 humilitatem

522 1762 718 1801 meam.
778 1746 1028 1799 Narrabo
1072 1760 1270 1799 nomen
1323 1754 1474 1797 tuum
1530 1742 1799 1796 fratribus
1849 1744 2014 1808 meis,
2046 1742 2100 1797 in

2204 543 2305 615 τῆς
2336 543 2545 607 κοιλίας
2587 561 2711 615 μου.
2775 543 3076 617 Ἐξηράνθη
3122 547 3201 611 ὡς
3256 548 3523 620 ὄστρακον
3565 554 3599 622 ἡ
3633 553 3774 624 ισχύς

2208 650 2333 707 μου,
2367 637 2461 690 καλ⁵
2487 638 2520 707 ἡ
2555 636 2777 705 γλῶσσά
2810 654 2911 708 μου
2938 637 3259 710 κεκόλληται
3289 641 3368 712 τῷ
3397 642 3631 715 λάρυγγί
3658 664 3773 716 μου”

2207 730 2303 782 καὶ
2332 730 2413 791 εἰς
2442 727 2571 801 χοῦν
2604 728 2835 783 θανάτου
2864 731 3177 802 κατήγαγές
3199 749 3289 803 με.
3329 733 3449 787 ’Ὁτι
3472 736 3778 792 ἐκύκλωσάν

2209 838 2278 893 με
2301 821 2463 884 κύνες
2502 820 2725 885 πολλοὶ,
2774 824 3065 895 συναγωγὴ
3115 826 3573 897 τωνηρευομένων
3607 829 3779 901 περιέ-

2208 931 2338 985 σχον
2384 930 2474 985 με.
2524 912 2761 984 Ὠρυξαν
2801 913 2990 984 χεῖράς
3018 931 3125 984 μου
3170 917 3265 969 καὶ
3315 917 3485 981 πόδας
3510 936 3639 990 μου,
3668 920 3779 989 ἐξη-

2208 1005 2482 1076 ρίθμησαν
2520 1004 2697 1058 πάντα
2714 1004 2783 1057 τὰ
2803 1006 2936 1057 ὀστᾶ
2979 1022 3100 1075 μου.
3157 1006 3321 1059 Αὐτοὶ
3362 1006 3418 1060 δὲ
3454 1009 3779 1079 κατενόησαν

2205 1101 2300 1153 καὶ
2337 1098 2549 1153 ὲπεῖδόν
2571 1114 2659 1169 με·
2694 1098 3070 1170 διεμερίσαντο
3100 1098 3168 1151 τά
3204 1100 3399 1169 ἱμάτιά
3420 1120 3523 1172 μου
3555 1103 3777 1166 ἑαυτοῖς⁸

2205 1192 2301 1244 καὶ
2334 1191 2426 1243 ἐπὶ
2452 1190 2545 1243 τὸν
2581 1190 2873 1260 ἱματισμόν
2895 1207 2995 1261 μου
3017 1189 3208 1244 ἔϐαλον
3228 1192 3447 1262 κλῆρον.
3479 1193 3553 1245 Σὺ
3580 1193 3660 1257 δὲ,
3684 1194 3781 1247 Κύ-

2209 1290 2313 1354 ριε,
2340 1282 2415 1354 μὴ
2466 1283 2749 1356 μακρύνῃς
2792 1282 2889 1353 τὴν
2930 1283 3184 1355 βοήθειάν
3229 1301 3320 1337 σου
3375 1286 3473 1338 ἀπ’
3506 1286 3675 1355 ἐμοῦ·
3709 1289 3783 1351 εἰς

2205 1375 2305 1447 τὴν
2331 1375 2609 1446 ἀντίληψιν
2634 1394 2734 1446 μου
2782 1377 3035 1449 πρόσχες·
3074 1376 3232 1448 ῥῦσαι
3254 1379 3363 1431 ἀπὸ
3398 1379 3673 1449 ῥομφαίας
3690 1379 3785 1451 τὴν

2204 1468 2382 1540 ψυχήν
2409 1486 2528 1540 μου,
2560 1469 2654 1522 καὶ
2704 1470 2769 1521 ὲκ
2814 1470 2993 1540 χειρὸς
3020 1469 3178 1533 κυνὸς
3231 1470 3328 1541 τὴν
3362 1471 3632 1541 ,μονογενῆ
3660 1490 3774 1543 μου.

2206 1560 2385 1613 Σῶσόν
2436 1578 2504 1630 με
2538 1562 2603 1613 ὲκ
2646 1560 2911 1631 πόματος
2957 1560 3190 1625 λέοντος,
3235 1561 3330 1614 καὶ
3384 1562 3494 1614 ἀπὸ
3542 1564 3782 1632 κεράτων

2209 1654 2595 1724 μονοκερώτων
2640 1656 2739 1727 τὴν
2788 1655 3116 1707 ταπείνωσιν
3162 1672 3285 1725 μου.
3345 1654 3687 1725 Διηγήσομαι
3725 1654 3785 1709 τὸ

2205 1747 2378 1819 ὄνομά
2409 1765 2503 1800 σου
2558 1751 2673 1812 τοῖς
2720 1748 2971 1819 ἀδελφοῖς
3008 1766 3128 1820 μου·
3170 1750 3227 1802 ὲν
3270 1748 3421 1819 μέσῳ
3464 1749 3784 1817 Ἐκκλησίας

522 1839 703 1892 medio
734 1837 991 1892 Ecclesia:
1022 1837 1259 1891 cantabo
1308 1846 1382 1890 te.
1417 1834 1519 1901 Qui
1552 1836 1760 1889 timetis
1789 1833 2100 1901 Dominum,

2207 1808 2435 1913 ὑμνήσω
2460 1859 2540 1894 σε.
2584 1808 3118 1913 Οἱ-φοόούμενοιΠτὸν
3163 1808 3367 1915 Κύριον
3390 1808 3667 1895 αἰνέω-ιε’
3694 1808 3784 1895 αὐζ

522 1930 739 1983 laudate
765 1944 931 1995 eum;
984 1929 1299 1982 universum
1346 1942 1530 1982 semen
1556 1927 1749 1995 Jacob,
1791 1928 2100 1998 glorificate

518 2038 668 2076 eum.
700 2021 1062 2076 Timeateum
1100 2035 1262 2075 omne
1285 2035 1470 2075 semen
1510 2020 1672 2074 Israel
1699 2021 1800 2073 ⁸³.»

592 2115 682 2171 99.
732 2113 897 2168 Initio
943 2114 1134 2183 psalmi
1160 2115 1314 2167 verba
1345 2111 1543 2167 Christi
1593 2114 1884 2167 morientis.
1906 2144 1977 2154 —
2009 2112 2105 2171 His

523 2208 770 2262 recitatis
794 2206 948 2260 intuli
978 2223 992 2259 :
1023 2205 1217 2260 Tutum
1261 2220 1393 2276 ergo
1417 2205 1686 2275 psalmum
1726 2207 1780 2260 in
1821 2206 2102 2262 Christum

523 2300 599 2352 ita
632 2313 753 2353 esse
781 2298 1019 2362 dictum,
1052 2314 1119 2352 ex
1144 2299 1210 2352 iis
1231 2299 1643 2362 demonstrabo,
1668 2314 1789 2367 qua:
1812 2314 1998 2353 rursus
2036 2300 2102 2353 ii-

524 2393 633 2445 lum
653 2406 917 2445 enarratis
939 2391 1267 2445 edisseram.
1308 2389 1462 2455 Quod
1508 2390 1675 2460 igitur
1698 2393 1881 2445 statim
1925 2392 2101 2447 dicit:

527 2502 548 2534 ι
578 2483 742 2549 Deus,
770 2482 912 2537 Deus
938 2497 1116 2547 meus,
1151 2482 1363 2551 respice
1396 2484 1448 2537 in
1478 2498 1583 2546 me,
1608 2499 1775 2551 quare
1795 2498 1879 2537 me
1904 2484 2104 2538 dereli-

525 2576 733 2645 quisti?
758 2595 777 2627 ι
821 2577 908 2631 his
930 2575 1111 2631 verbis
1134 2576 1440 2645 antiquitus
1464 2577 1869 2645 praedicabatur
1892 2576 1940 2629 id
1962 2576 2104 2646 quod

522 2670 725 2726 Christi
752 2680 993 2739 tempore
1019 2670 1312 2724 dicendum
1355 2678 1502 2722 erat.
1538 2665 1699 2720 Cruci
1728 2669 1879 2721 enim
1909 2669 2105 2723 aflixus

524 2761 774 2814 dicebat:
807 2780 823 2810 ι
848 2760 1011 2820 Dens,
1034 2759 1176 2813 Deus
1202 2774 1372 2823 meus,
1398 2774 1570 2828 quare
1595 2774 1679 2813 me
1705 2760 2099 2828 dereliquisti?»

522 2854 591 2909 Et
618 2869 738 2921 quae
766 2862 1098 2921 sequuntur:
1126 2850 1343 2921 (Longe
1365 2869 1391 2903 a
1415 2851 1591 2907 salute
1631 2867 1747 2907 mea
1775 2854 1941 2908 verba
1968 2853 2103 2909 deli-

523 2961 737 3003 ctorum
763 2962 1030 3001 meorum.
1075 2944 1217 2999 Deus
1256 2958 1430 3008 iiieus,
1458 2945 1710 2999 clamabo
1739 2959 1833 3012 per
1870 2945 2012 2999 diem
2049 2953 2105 2999 et

521 3052 629 3098 non
651 3042 936 3104 csaudies,
958 3048 1011 3093 et
1036 3049 1211 3098 nocte,
1228 3046 1402 3091 etnon
1424 3038 1491 3091 ad
1517 3037 1882 3104 ignorantiam
1901 3036 2030 3090 mihi
2052 3055 2099 3102 ςι

521 3135 637 3189 huic
658 3131 1114 3203 quemadmodum
1139 3140 1196 3183 et
1233 3145 1295 3184 ea
1327 3144 1451 3199 quae
1477 3128 1731 3183 Christus
1769 3138 1889 3184 erat
1932 3128 2100 3183 factu-

2211 3151 2426 3222 ἔμελλε,
2461 3128 2750 3206 ἐλέλεκτο.-
2766 3155 2845 3225 Τῇ
2879 3154 2988 3225 γὰρ

522 3245 638 3289 rus,
663 3229 735 3289 ita
767 3227 906 3281 dicta
932 3233 1083 3280 sunt.
1107 3222 1227 3289 Quo
1249 3222 1395 3277 enim
1423 3223 1510 3277 die
1539 3223 1947 3294 cruciﬁgendus
1964 3233 2101 3292 erat,

520 3335 643 3375 eum
673 3330 783 3377 tres
801 3334 869 3372 ex
895 3315 1179 3386 discipulis
1223 3316 1279 3368 in
1308 3324 1546 3369 montem
1571 3315 1664 3385 qui
1691 3315 1895 3370 dicitur
1919 3300 2103 3369 Oiiva-

521 3428 666 3480 rum,
691 3412 894 3480 quique
918 3415 1120 3480 templo
1160 3408 1663 3480 llierosolymitano
1686 3425 1750 3464 ex
1777 3410 2008 3464 adverso
2026 3409 2103 3463 si-

520 3516 606 3562 tus
627 3516 731 3569 est,
758 3520 940 3559 secum
972 3505 1334 3573 perduxisset,
1370 3504 1443 3557 ita
1470 3504 1800 3573 precabatur
1827 3522 1840 3557 :
1871 3522 1890 3556 ι
1920 3503 2103 3573 Pater,

519 3600 564 3652 si
593 3599 707 3652 fieri
754 3608 954 3667 potest,
995 3606 1238 3652 transeat
1282 3612 1311 3649 a
1361 3610 1448 3649 me
1492 3593 1635 3648 calix
1692 3596 1851 3652 iste.»
1899 3595 2105 3648 Deinde

521 3692 664 3746 hanc
688 3706 903 3759 precem
924 3691 1167 3744 addidit:
1205 3708 1222 3739 ι
1251 3688 1367 3743 Νοιι
1399 3689 1541 3743 sicut
1561 3704 1661 3758 ego
1682 3688 1824 3752 volo,
1848 3689 1940 3742 sed
1965 3690 2106 3741 sicut

522 3793 579 3836 tu
600 3782 763 3837 vis“.
781 3802 799 3835 ι
824 3781 1029 3846 Quibus
1051 3781 1235 3835 verbis
1257 3781 1503 3836 declarat
1531 3798 1590 3836 se
1614 3798 1740 3836 vere
1763 3782 2103 3852 perpessioni

517 3876 816 3931 obnoxium
849 3874 1122 3927 hominem
1162 3873 1365 3928 factum
1391 3889 1533 3928 esse.
1564 3873 1724 3944 195
1749 3876 1856 3928 Sed
1883 3890 1950 3928 ne
1980 3875 2102 3943 quis

516 3972 673 4025 dicat
710 3989 724 4025 :
765 3969 1054 4041 lgnorabat
1113 3968 1277 4037 igitur
1311 3984 1370 4022 se
1399 3982 1523 4022 esse
1561 3985 1883 4037 passurum;
1916 3969 2099 4022 statim

521 4065 669 4118 addit
697 4064 747 4117 in
772 4062 1026 4132 psalmo;
1079 4078 1097 4111 ι
1132 4060 1197 4113 Et
1240 4078 1345 4114 non
1393 4061 1458 4115 ad
1497 4061 1858 4129 ignorantiam
1904 4062 2092 4115 mihi.»

520 4155 989 4221 Quemadmodum
1038 4156 1182 4210 enim
1266 4156 1376 4209 Deo
1444 4154 1508 4209 ad
1567 4154 1930 4223 ignorantiam
1990 4168 2097 4206 non

520 4248 647 4311 fuit,
688 4248 830 4316 quod
873 4248 1142 4300 Adamum
1192 4249 1554 4318 interrogavit
1597 4248 1819 4302 ubinam
1841 4255 2005 4315 esset,
2044 4257 2099 4301 et

522 4341 752 4395 Cainum
781 4341 999 4394 ubinam
1019 4340 1185 4405 Abel,
1213 4341 1307 4395 sed
1346 4351 1402 4393 ut
1427 4356 1864 4409 unumquemque
1904 4355 2092 4407 argue-

522 4442 605 4486 ret
627 4432 804 4501 qualis
825 4442 996 4498 esset,
1043 4440 1097 4487 et
1119 4434 1362 4486 omnium
1389 4434 1627 4501 cognitio
1649 4435 1715 4487 ad
1758 4448 1854 4488 nos
1897 4433 2099 4502 scripto

2203 1935 2314 1987 τόν·
2362 1935 2506 1989 ἅπαν
2537 1935 2598 1987 τὸ
2623 1934 2844 2006 σπέρμα
2885 1934 3077 1990 Ἰακὼϐ
3107 1934 3366 1998 δοξάσατε
3396 1935 3580 1987 αὐτόν.
3615 1934 3782 2003 Φοϐη-

2203 2026 2456 2098 θήτωσαν
2500 2026 2597 2079 ἀπ’
2623 2025 2789 2080 αὐτοῦ
2824 2025 2970 2080 άπαν
2998 2026 3057 2079 τὸ
3090 2026 3312 2098 σπέρμα
3353 2026 3624 2098 Ἰσραήλ.»

2274 2140 2363 2195 99.
2407 2140 2518 2192 Καὶ
2565 2138 2731 2193 εἰπὼν
2762 2139 2953 2204 ταῦτα,
3014 2140 3316 2211 ἐπήνεγκαο
3376 2139 3537 2193 Ὄλον
3572 2134 3669 2193 οὖν
3699 2138 3784 2191 τὸν

2203 2231 2418 2304 ψαλμὸν
2450 2232 2624 2296 οὕτως
2670 2231 2938 2296 ἀποδείξω
2968 2233 3094 2303 ὑμῖν
3127 2234 3207 2296 εἰς
3230 2232 3322 2285 τὸν
3369 2232 3608 2304 Χριστὸν
3643 2234 3784 2303 εἰρη-

2209 2325 2387 2395 μένον,
2420 2323 2581 2377 πάλιν
2617 2324 2782 2377 αὑτὸν
2802 2324 2868 2378 δι’
2891 2318 2966 2378 ὦν
3012 2324 3334 2396 ὲξηγοῦμαι.
3398 2326 3463 2378 Ὃ
3501 2321 3599 2378 οὖν
3630 2325 3787 2388 εὐθὺς

2202 2416 2375 2485 λέγει·
2406 2437 2423 2468 ι
2449 2418 2506 2470 Ὁ
2526 2416 2678 2483 Θεὸς,
2695 2417 2866 2479 ὁΘεός
2884 2434 3006 2488 μου,
3031 2418 3265 2489 πρόσχες
3289 2435 3377 2488 μοι
3396 2436 3407 2446 ·
3434 2419 3522 2471 ἵνα
3538 2418 3593 2470 τί
3624 2421 3785 2486 ἐγκα-

2204 2509 2423 2574 τέλιπές
2446 2527 2548 2581 με;
2577 2529 2595 2561 ι
2632 2510 2790 2563 τοῦτο
2828 2511 3031 2565 ἄνωθεν
3066 2516 3345 2583 προεῖπεν,
3374 2512 3511 2583 ὅπερ
3544 2513 3641 2565 ἐπὶ
3666 2513 3788 2583 Χρι-

2208 2601 2333 2655 στοῦ
2363 2601 2555 2672 ἔμελλε
2588 2601 2839 2669 λέγεσθαι
2858 2602 2952 2672 (2).
2976 2601 3316 2673 Σταυρωθεὶς
3334 2601 3443 2673 γὰρ
3472 2598 3650 2655 εἶπεν·
3675 2623 3694 2653 ι
3730 2604 3785 2653 '0

2206 2691 2358 2755 Θεὸς,
2376 2690 2547 2754 ὁΘεός
2568 2709 2690 2762 μου,
2709 2691 2795 2745 ἵνα
2813 2692 2865 2744 τί
2882 2691 3237 2760 ἐγκατέλιπές
3256 2709 3323 2762 με
3345 2708 3358 2756 ;
3385 2711 3404 2744 ι
3426 2692 3534 2745 Καὶ
3544 2691 3615 2745 τά
3640 2692 3783 2763 ὲξῆςο

2212 2801 2229 2833 ι
2256 2782 2489 2854 Μακράν
2522 2782 2628 2836 ἀπὸ
2662 2782 2762 2851 τῆς
2796 2783 3067 2853 σωτηρίας
3100 2799 3201 2853 μου
3235 2785 3284 2835 οἱ
3312 2782 3457 2852 λόγοι
3477 2784 3585 2837 τῶν
3620 2802 3789 2856 παρα-

2207 2876 2515 2945 πτωμάτων
2572 2891 2689 2945 μου.
2754 2874 2810 2928 Ὀ
2849 2875 2980 2938 Θεός
3015 2893 3137 2946 μου,
3202 2876 3539 2947 κεκράξομαι
3572 2878 3789 2949 ἡμέρας

2208 2968 2344 3039 πρὸς
2376 2969 2457 3034 σὲ,
2498 2970 2593 3021 καὶ
2645 2970 2746 3022 οὐκ
2782 2969 3100 3041 εἰσακούσῃ,
3163 2970 3256 3022 καὶ
3298 2971 3511 3035 νυκτὸς,
3559 2972 3659 3023 καὶ
3690 2972 3789 3023 οὐκ

2206 3062 2285 3123 εἰς
2339 3062 2521 3115 ἄνοιαν
2580 3061 2656 3131 (5)
2706 3062 2859 3132 ἐμοί·
2908 3081 2927 3115 ι
2978 3061 3167 3134 ὥσπερ
3210 3064 3303 3115 καὶ
3337 3063 3476 3116 αὐτὰ
3519 3063 3555 3117 ἆ
3617 3066 3791 3117 ποιεῖν

3019 3159 3204 3228 ἡμέρᾳ
3223 3153 3367 3230 ᾗπερ
3395 3155 3589 3227 ἔμελλε
3629 3174 3790 3209 σταυ-

2209 3242 2452 3315 ροῦσθαι,
2484 3247 2633 3316 τρεῖς
2664 3245 2771 3298 τῶν
2804 3246 3057 3317 μαθητῶν
3079 3246 3238 3298 αὐτοῦ
3262 3246 3593 3316 παραλαϐὼν
3619 3249 3700 3310 εἰς
3730 3245 3793 3299 τὸ

2204 3334 2329 3407 ὅρος
2365 3336 2425 3388 τὸ
2459 3336 2750 3407 λεγόμενον
2796 3337 3041 3405 Ἐλαιὼν,
3072 3339 3478 3410 παρακείμενον
3514 3338 3685 3403 εὐθὺς
3712 3337 3790 3408 τῷ

2204 3427 2319 3498 ναῷ
2347 3427 2425 3499 τῷ
2458 3430 2517 3482 ὲν
2549 3430 2922 3502 Ἰερουσαλὴμ,
2955 3430 3153 3503 ηὔχετο
3197 3431 3402 3501 λέγων·
3456 3451 3474 3482 ι
3500 3432 3711 3504 Πάτερ,
3742 3433 3791 3485 εὶ

2203 3517 2426 3570 δυνατόν
2477 3521 2632 3587 ἐστι,
2704 3519 3020 3592 παρελθέτω
3067 3521 3129 3573 τὸ
3180 3523 3441 3593 ποτήριον
3486 3520 3647 3574 τοῦτο
3696 3522 3790 3573 ἀπ’

2206 3608 2395 3679 ἐμοῦ.»
2421 3610 2532 3663 Καὶ
2555 3610 2693 3682 μετὰ
2712 3610 2869 3664 τοῦτο
2898 3613 3186 3684 εὐχόμενος
3214 3613 3382 3681 λέγει·
3410 3633 3425 3664 ι
3456 3613 3548 3684 Μὴ
3569 3613 3650 3675 ὡς
3680 3611 3791 3681 ἐγὼ

2206 3699 2485 3771 βούλομαι,
2521 3702 2633 3754 ἀλλ’
2670 3703 2745 3766 ὡς
2795 3704 2861 3756 σὺ
2913 3703 3111 3766 θέλεις·
3144 3723 3163 3754 ι
3210 3704 3386 3774 δηλῶν
3432 3703 3519 3757 διὰ
3552 3703 3789 3764 τούτων,

2203 3792 2285 3845 ὅτι
2319 3792 2533 3863 ἀληθῶς
2576 3793 2815 3865 παθητὸς
2850 3794 3135 3864 ἄνθρωπος
3166 3796 3476 3865 γεγένηται.
3522 3795 3668 3847 Ἀλλ’
3703 3794 3791 3846 ἵνα

2205 3885 2280 3955 μή
2314 3900 2399 3946 τις
2418 3882 2572 3955 λέγῃ·
2611 3883 2821 3951 Ἠγνόει
2862 3880 2974 3947 οὖν,
3026 3886 3107 3937 ὅτι
3144 3884 3327 3954 μέλλει
3362 3884 3614 3952 πάσχειν,
3654 3883 3793 3936 ἐπάο

2201 3991 2286 4043 γει
2321 3976 2378 4027 ὲν
2410 3973 2487 4045 τῷ
2517 3973 2718 4044 ψαλμῷ
2750 3973 2910 4037 εὐθύς
2930 3992 2942 4003 ο
2972 3993 2989 4024 ι
3016 3976 3125 4027 Καὶ
3152 3974 3252 4025 οὐκ
3272 3975 3349 4036 εἰς
3378 3972 3563 4025 ἄνοιαν
3603 3973 3785 4043 ἐμοί.»

2202 4068 2408 4137 Ὂνπερ
2437 4066 2637 4137 τρόπον
2657 4067 2777 4120 οὐδὲ
2800 4066 2877 4136 τῷ
2899 4067 3019 4138 Θεῷ
3051 4069 3129 4131 εἰς
3163 4066 3345 4119 ἄνοιαν
3373 4061 3440 4135 ἦν
3475 4064 3536 4116 τὸ
3574 4064 3792 4134 ἐρωτᾷν

2199 4160 2289 4211 τὸν
2336 4159 2526 4229 Ἀδάμ,
2570 4159 2673 4212 ποῦ
2734 4162 2901 4225 ἐστιν,
2946 4158 3067 4212 οὐδὲ
3113 4159 3204 4211 τὸν
3238 4158 3396 4217 Κάῖν,
3433 4154 3535 4209 ποῦ
3587 4155 3788 4217 Ἅϐελ,

2199 4250 2313 4302 ἀλλ’
2338 4252 2417 4315 εἰς
2438 4251 2498 4302 τὸ
2534 4249 2761 4303 ἕκαστον
2790 4249 3001 4319 ἐλέγξαι
3026 4250 3206 4313 ὁποῖός
3240 4251 3373 4313 ἐστι,
3400 4247 3491 4298 καὶ
3522 4247 3608 4309 εἰς
3637 4248 3792 4315 ἡμᾶς

2199 4343 2298 4414 τὴν
2333 4344 2533 4412 γνῶσιν
2571 4343 2784 4398 πάντων
2813 4344 2903 4399 διὰ
2928 4344 3019 4396 τοῦ
3048 4344 3424 4414 ἀναγραφῆναι
3455 4339 3632 4392 ἐλθεῖν
3655 4357 3669 4368 ·
3695 4338 3793 4391 καὶ

2199 4433 2374 4499 οὕτως
2517 4436 2812 4507 ἐσήμαινεν
2832 4437 2928 4488 οὐκ
2958 4438 3037 4497 εἰς
3056 4435 3237 4488 ἄνοιαν
3270 4432 3365 4502 τὴν
3396 4430 3613 4491 ἑαυτοῦ,
3648 4428 3794 4482 ἀλλὰ

524 4526 845 4594 consignata
870 4525 1219 4594 perveniret;
1242 4525 1314 4578 ita
1340 4536 1394 4579 et
1419 4524 1670 4581 Christus
1713 4525 1954 4581 declarat
1986 4542 2090 4579 non

2207 4528 2305 4581 τῶν
2334 4527 2663 4598 νομιζόντων
2686 4527 2762 4599 μὴ
2807 4523 2945 4581 εἶναι
2982 4526 3143 4580 αὐτὸν
3178 4522 3431 4595 Χριστὸν,
3474 4521 3592 4574 ἀλλ’
3623 4523 3795 4592 ἡγουο

598 4705 644 4735 ⁸⁵
681 4704 824 4759 Psal.
857 4721 973 4767 XXI,
1008 4704 1163 4758 1—24.
1257 4706 1303 4737 ⁸⁸
1343 4703 1532 4757 Matth.
1570 4719 1719 4769 XXVI,
1750 4702 1844 4759 29.

595 4862 671 4934 (l)
716 4860 1018 4934 Ἐγεννήθη.
1066 4861 1288 4934 Legitur
1338 4862 1389 4914 in
1441 4858 1912 4934 utroque‘codiee
1977 4871 2095 4934 ‘ms.

524 4927 809 5003 ἐγεννὴθτγ⁹
852 4927 998 5002 quod
1045 4927 1262 5003 quidem
1316 4942 1463 4987 recte
1509 4927 1820 4985 emendavit
1871 4929 1937 4981 ιι.
1975 4927 2097 4980 Ste-

568 5016 761 5058 hamus.

525 5021 761 5073 pnanus.

598 5074 673 5142 (‘2)
733 5071 1044 5143 Λέγεσθαι.
1096 5071 1323 5127 Frustra
1367 5070 1689 5143 Sylburgius
1735 5069 2097 5143 obtruditys-

525 5141 731 5196 νέσθαι.
772 5141 888 5198 illex
915 5144 1058 5196 enim
1094 5153 1220 5210 aget
1246 5141 1492 5197 Justinus
1517 5143 1581 5195 de
1612 5143 1677 5195 iis
1704 5156 1825 5209 qua:
1846 5141 2097 5210 Christus

529 5212 777 5266 facturus
799 5225 954 5279 erat;
1014 5208 1162 5267 nunc
1218 5216 1285 5268 de
1325 5212 1394 5266 iis
1424 5227 1545 5281 qua:
1599 5208 1865 5265 dicturus.
1910 5208 2098 5277 Neque

524 5286 693 5337 etiam
726 5284 1037 5353 legendum,
1077 5296 1134 5337 ut
1174 5284 1317 5353 idem
1364 5297 1437 5353 se,
1474 5282 2096 5353 abrArcerioutnonitum

527 5353 695 5407 fuisse
725 5350 877 5424 dicit,
910 5354 1015 5407 ὑπὸ
1036 5354 1270 5422 Χριστοῦ
1296 5352 1486 5424 ἔμελλε
1515 5350 1786 5424 λέγεσθαι.
1805 5350 1936 5404 Illud
1958 5350 2104 5402 enim

524 5424 621 5475 ἐπὶ
645 5423 882 5495 Χριστοῦ
917 5437 1126 5493 tempus
1158 5429 1408 5492 designat
1456 5432 1531 5495 et
1566 5423 1856 5495 apponitur
1894 5434 2098 5489 praece-

526 5496 674 5547 denti
702 5492 829 5549 ’νομί
855 5495 1081 5556 ἄνωθεν,
1123 5512 1244 5563 qua:
1278 5497 1418 5547 idem
1453 5494 1595 5545 Valet
1625 5510 1690 5545 ac
1733 5492 1862 5545 olim
1907 5502 1962 5543 et
1992 5505 2093 5542 au-

531 5565 775 5632 tiqttitus.
815 5564 945 5619 Vide
976 5567 1111 5618 itil'ra
1151 5584 1202 5617 ll.
1240 5566 1357 5628 HI,
1394 5565 1493 5616 115
1516 5572 1569 5615 et
1598 5564 1718 5616 H9.

599 5634 958 5705 κ5)ν”Ανοιαν.
1007 5637 1330 5705 Sylburgius
1382 5636 1511 5700 legit
1549 5632 1790 5702 ἄγνοιαν.
1832 5630 1938 5705 Sed
1978 5631 2089 5697 ipsa

528 5718 632 5756 vox
670 5704 823 5757 ἄνοια
850 5707 991 5759 idem
1026 5704 1297 5760 interdum
1330 5708 1471 5757 valet
1504 5719 1567 5756 ac
1591 5705 1803 5770 ἄγνοια.
1840 5704 2088 5754 Athena-

528 5790 691 5844 goras
713 5774 902 5845 Legat.
932 5792 985 5829 ιι.
1020 5776 1074 5841 9,
1108 5777 1184 5831 ait
1205 5777 1582 5843 imperatores,
1612 5788 1749 5843 quos
1772 5770 2087 5841 alloquitur,

2200 4857 2300 4910 οὐκ
2330 4856 2612 4926 ἀνοήτους,
2654 4869 2760 4908 non
2790 4854 3009 4926 ignaros
3040 4869 3161 4911 esse
3188 4856 3518 4923 scriptorum
3558 4854 3797 4925 Muysis.

2201 4924 2605 4993 Theodoretus,
2630 4940 2790 4993 quem
2836 4924 3182 4979 manifestum
3232 4938 3315 4979 est
3348 4927 3545 4995 legisse
3569 4924 3794 4986 ἄνοιαν,

2203 4997 2562 5066 ignorationis
2614 4996 2977 5063 suspicionem
3020 4997 3229 5066 pariter
3274 5013 3301 5048 ιι
3347 4998 3567 5049 Christo
3604 5012 3798 5048 reum-

2204 5065 2310 5119 vel.
2347 5066 2438 5120 Sic
2497 5066 2645 5119 enim
2694 5067 2976 5137 loquitur;
3029 5065 3198 5118 Τοῦτο
3226 5066 3336 5137 γὰρ
3372 5065 3688 5137 παρεδήλου
3732 5067 3799 5117 τὸ

2203 5138 2316 5191 Οὐκ
2344 5140 2421 5203 εἰς
2448 5137 2634 5190 ἄνοιαν
2672 5138 2814 5207 ἐμοί.
2834 5136 3083 5207 Νενόηκα
3108 5137 3218 5207 γάρ
3241 5137 3315 5199 ὡς
3349 5138 3408 5189 οὐ
3453 5136 3629 5207 μάτην
3662 5138 3798 5188 ἀνε-

2202 5207 2364 5260 ϐάλου
2402 5207 2645 5279 τὴνγτῆς
2699 5206 2963 5279 αἰτήσεως
3008 5206 3193 5269 δόσιν,
3236 5207 3371 5279 ἀλλὰ
3412 5206 3556 5277 μέγα
3594 5224 3650 5258 τι
3695 5208 3798 5260 καὶ

2212 5277 2478 5349 σωτήριον
2516 5277 2724 5331 ὲκτοῦ
2781 5277 2985 5349 πάθους
3028 5278 3342 5347 οἰκονομῶν.
3400 5279 3604 5349 Statuit
3651 5295 3796 5345 ergo

2214 5347 2613 5415 Tlteouoretus,
2640 5351 2823 5403 itidem
2862 5360 2919 5401 ut
2942 5347 3206 5411 Justinus,
3253 5350 3337 5402 his
3370 5347 3548 5403 verbis
3576 5350 3684 5402 οὐκ
3708 5352 3795 5409 εἰς

2198 5419 2386 5474 ἄνοιαν
2424 5420 2567 5490 ἐμοί,
2592 5421 2885 5489 significari
2911 5418 3187 5490 Christum
3216 5420 3383 5487 probe
3417 5419 3794 5483 intellexisse,

2199 5491 2329 5558 quid
2364 5489 2468 5545 sibi
2517 5502 2837 5543 eventurum
2890 5501 3058 5543 esset.
3120 5489 3238 5542 Mox
3272 5491 3622 5544 scribendum
3655 5505 3796 5544 esse

2212 5559 2458 5627 Ἐλαιῶν,
2493 5572 2549 5615 ιιι
2577 5558 2741 5624 infra,
2769 5559 2851 5613 Cl.
2878 5558 3158 5615 Thirlhius
3189 5560 3491 5613 admonuit.

2270 5633 2348 5703 (4)
2388 5630 2498 5688 Καὶ
2532 5631 2742 5697 οὕτως.
2793 5632 2927 5684 Cum
2979 5632 3106 5685 illud
3150 5630 3241 5683 καί
3286 5633 3428 5703 idem
3462 5629 3646 5685 valeat
3676 5628 3794 5686 hoc

2198 5696 2411 5760 loc‘o'ac
2443 5723 2461 5755 ι
2495 5704 2590 5771 ita,
2624 5720 2645 5757 ι
2687 5696 2972 5772 legendum
3004 5705 3217 5757 videtur
3244 5701 3339 5755 καὶ
3368 5696 3543 5765 οὗτος.
