3962 6262
249 377 332 434 γω
1245 374 1596 434 Βιλιοουε
1627 374 1772 434 CUM
1805 372 1844 430 τ

1951 373 2184 432 PHONE
2214 373 2478 432 JUDIEO.

3423 375 3532 431 ’110

239 491 390 563 μένων
414 489 760 546 θανατώσειν
802 493 1016 558 αὑτὸν,
1045 495 1146 549 καὶ
1170 495 1246 559 ὡς
1276 495 1450 550 κοινὸν
1477 495 1762 568 ἄνθρωπον
1795 496 1844 550 ὲν

1959 493 2025 547 ad
2051 507 2206 546 suam
2228 505 2370 556 esse,
2398 490 2494 546 sed
2522 493 2588 543 ad
2614 503 2801 543 eorum
2852 491 3238 560 ignorantiam,
3280 492 3370 562 qui
3405 506 3532 546 eum

227 583 334 652 ιεου
349 582 536 654 μένειν
559 581 666 654 (5)-

275 846 387 900 100.
428 845 506 898 Τὸ
543 845 608 898 δὲ
641 846 1018 914 ἀκόλουθον,
1056 869 1074 901 ι
1107 850 1176 903 Σὺ
1207 850 1262 902 δὲ
1301 848 1358 901 έν
1389 848 1530 918 ἀγίῳ
1554 848 1847 912 γατοικεϊς,

217 940 242 991 ό
283 938 500 1000 ἔπαινος
553 939 660 992 τοῦ
726 939 1013 1020 Ὶσραὴλδ,
1072 961 1090 994 ι
1149 943 1477 1012 ἐσήμαινεν,
1513 941 1595 994 ὅτι
1627 940 1848 992 ἐπαίνου

217 1027 344 1095 ἀξιον
370 1031 468 1083 xui.
497 1030 878 1103 θαυμασμοῦ
932 1035 1120 1106 μέλλει
1161 1037 1365 1100 ποιεῖν,
1413 1032 1551 1105 μετά
1583 1032 1643 1085 τὸ
1690 1050 1850 1086 σταυ-

224 1122 442 1193 ρωθῆναι
475 1123 852 1179 ἀνίστασθαι
890 1125 1105 1196 μέλλων
1141 1128 1206 1196 τῇ
1234 1124 1392 1198 τρίτῃ
1430 1125 1615 1198 ἡμέρᾳ
1656 1127 1720 1178 ἐκ
1763 1141 1850 1178 νε-

225 1213 353 1285 κρῶν
373 1230 386 1242 ·
419 1214 450 1265 ὃ
488 1215 612 1269 ἀπὸ
642 1214 752 1268 τοῦ
784 1216 1012 1287 Πατρὸς
1041 1216 1201 1270 αὑτοῦ
1224 1216 1404 1270 λαϐὼν
1433 1216 1565 1288 ἔχει.
1592 1217 1712 1269 Ὅτι
1739 1214 1848 1286 γὰρ

231 1307 307 1358 καὶ
339 1307 542 1360 Ἰακὼϐ
593 1309 708 1362 καὶ
758 1309 991 1380 Ἰσραὴλ
1031 1309 1274 1362 καλεῖται
1319 1312 1349 1367 ό
1391 1310 1625 1382 Χριστὸς
1649 1351 1664 1372 ,
1709 1308 1847 1363 ἀπέ-

435 1401 540 1454 καὶ
591 1402 663 1454 οὐ
726 1401 901 1474 μόνον
943 1403 1002 1456 ὲν
1031 1405 1096 1474 τῇ
1134 1401 1351 1474 εὐλογίᾳ
1396 1403 1491 1455 καὶ
1521 1403 1720 1474 Ἰωσὴφ
1751 1401 1846 1456 καὶ

237 1493 385 1546 Ἰούδα
409 1493 484 1546 τὰ
515 1496 664 1566 περὶ
705 1495 881 1549 αὐτοῦ
920 1494 1255 1566 κεκηρύχθαι
1289 1496 1346 1547 ὲν
1382 1494 1668 1565 μυστηρίῳ
1709 1493 1846 1546 ἀττέ-

237 1583 394 1647 δειξα·
439 1585 542 1637 καὶ
580 1587 646 1637 ὲν
689 1585 778 1657 τῷ
820 1585 1139 1656 Εὐαγγελίῳ
1183 1585 1238 1637 δὲ
1282 1585 1591 1655 γέγραπται
1640 1583 1840 1637 εἰπών·

243 1696 260 1726 ι
288 1677 472 1730 Πάντα
494 1695 594 1748 μοι
611 1679 995 1750 παραδέδοται
1026 1677 1236 1731 ὑπὸτοῦ
1257 1677 1472 1748 Πατρός
1495 1695 1506 1706 ·
1523 1697 1541 1728 ι
1568 1678 1660 1732 καὶ
1705 1697 1721 1727 ι
1738 1676 1843 1730 Οὑ-

1955 585 2234 639 Christum
2261 599 2368 638 non
2391 597 2536 648 esse,
2561 584 2655 638 sed
2679 599 2739 637 se
2783 598 2972 637 necem
3011 584 3058 638 ei
3084 584 3352 646 illaturos,
3377 599 3532 638 euin-

1955 692 2083 745 que,
2124 685 2183 730 ut
2225 690 2570 730 communem
2594 676 2894 740 hominem,
2926 675 2977 729 in
3003 674 3189 730 inferis
3213 691 3536 730 mansurum

1953 769 2366 823 existimabant.

2025 862 2147 918 100.
2181 861 2298 928 Quo
2325 879 2480 916 sensu
2518 862 2759 919 Christus
2799 860 2965 916 Iacob
3003 871 3052 916 et
3081 860 3252 915 Israel
3274 871 3323 914 et
3354 859 3537 914 Filius

1951 955 2199 1009 hominis.
2224 953 2474 1020 ——Quod
2509 963 2690 1006 autem
2722 953 2970 1021 sequitur
3003 968 3019 1008 :
3059 969 3078 1002 ι
3113 950 3192 1004 'l‘u
3231 961 3413 1004 autem
3473 949 3533 1003 in

1951 1053 2140 1100 sancto
2181 1044 2418 1110 habitas,
2457 1042 2784 1110 lauslsrael,
2819 1063 2838 1096 ›
2879 1044 3195 1098 declarabat
3238 1057 3362 1096 eum
3416 1055 3532 1094 rem

1950 1135 2110 1191 laude
2139 1138 2356 1207 dignam
2387 1149 2443 1193 et
2467 1137 2833 1192 admiratione
2859 1137 3155 1196 facturum,
3189 1145 3248 1189 ut
3293 1133 3387 1205 qui
3422 1143 3534 1188 ter-

1954 1226 2028 1282 tio
2053 1227 2141 1282 die
2169 1238 2289 1296 post
2327 1229 2505 1284 crucis
2535 1229 2858 1297 supplicium
2924 1237 3338 1282 resurrecturus
3384 1234 3537 1278 esset

1946 1333 2016 1374 ex
2045 1321 2276 1375 mortuis
2310 1336 2324 1372 :
2366 1321 2418 1374 id
2457 1320 2602 1389 quod
2634 1335 2661 1372 a
2689 1318 2848 1372 Patre
2873 1329 3156 1385 acceptum
3203 1317 3391 1370 habet.
3441 1312 3536 1368 Ja-

1948 1410 2053 1464 cob
2085 1411 2231 1466 enim
2263 1420 2318 1464 et
2342 1411 2764 1480 Israeliprohavi
2801 1410 3079 1466 Christum
3117 1408 3336 1474 vocari;
3386 1407 3537 1478 ejus-

1948 1518 2056 1571 que
2118 1519 2207 1559 res
2240 1519 2346 1558 non
2376 1504 2428 1557 in
2462 1503 2574 1558 sola
2603 1502 2821 1572 Josephi
2855 1513 2912 1557 et
2949 1501 3101 1557 Judae
3153 1502 3535 1557 benedictione

1948 1610 2146 1650 arcane
2173 1597 2499 1666 praedicatus
2530 1611 2652 1651 esse
2681 1596 3080 1659 demonstravi,
3113 1597 3206 1648 sed
3262 1595 3430 1649 etiam
3475 1595 3531 1648 in

1945 1691 2237 1759 Evangelio
2293 1690 2497 1745 dixisse
2527 1689 2784 1744 scribitur
2816 1707 2828 1740 :
2866 1707 2883 1740 ι
2923 1689 3117 1744 Omnia
3153 1688 3280 1742 mihi
3333 1687 3531 1741 tradita

228 1769 336 1831 -ᾶὲις
381 1768 670 1837 γινώσκει
718 1770 814 1823 τὸν
861 1770 1079 1843 Πατέρα
1115 1771 1161 1823 εί
1204 1769 1276 1842 μὴ
1309 1772 1338 1823 ό
1376 1770 1536 1832 Υἱός·
1581 1770 1701 1823 οὐδὲ
1750 1769 1842 1822 τὸν

1950 1795 2072 1839 sunt
2110 1799 2140 1837 a
2183 1783 2344 1837 Patre
2379 1801 2393 1836 :
2431 1793 2528 1837 et:
2561 1781 2734 1838 Nemo
2763 1782 2912 1835 novit
2939 1778 3158 1834 Patrem
3185 1779 3286 1833 nisi
3321 1778 3529 1845 Filius;

245 1863 356 1915 τίον
389 1865 438 1915 εί
476 1863 559 1933 μὴ
595 1866 627 1916 ὁ
675 1864 877 1934 Πατὴρ
903 1865 997 1916 καὶ
1028 1858 1110 1926 οἷς
1142 1863 1207 1917 ἂν
1230 1866 1259 1917 ό
1283 1864 1408 1926 Υἱὸς
1437 1862 1783 1938 ἀποκαλύψῃ.
1822 1883 1840 1915 ›

1950 1892 2120 1946 neque
2145 1875 2341 1931 Filium
2365 1877 2467 1930 nisi
2494 1875 2736 1940 Pater,et'
2756 1875 2845 1928 cui
2866 1874 3036 1929 Filius
3067 1871 3391 1928 revelaverit
3417 1873 3523 1926 ⁵⁷.»

245 1955 631 2024 laxa}.st
663 1950 763 2008 οὖν
801 1956 934 2026 ἡμῖν
964 1953 1140 2008 πάντα
1167 1955 1267 2008 ὅσα
1293 1955 1390 2009 καὶ
1415 1955 1524 2009 ἀπὸ
1556 1953 1663 2008 τῶν
1698 1957 1842 2027 Γρα-

248 2047 354 2116 φῶν
384 2047 475 2100 διὰ
508 2049 622 2118 τῆς
657 2047 889 2119 χάριτος
917 2047 1082 2101 αὑτοῦ
1111 2049 1467 2118 νενοήκαμεν,
1500 2047 1717 2114 γνόντες
1748 2049 1846 2102 αὑ-

245 2139 329 2192 τὸν
360 2139 724 2211 πρωτότοκον
759 2140 859 2211 μὲν
888 2139 983 2192 τοῦ
1023 2139 1180 2204 Θεοῦ,
1215 2141 1308 2193 καὶ
1349 2140 1456 2211 πρὸ
1491 2140 1707 2194 πάντων
1737 2139 1845 2194 τῶν

250 2232 596 2300 κτισμάτωνο
645 2233 748 2285 καὶ
793 2231 902 2285 τῶν
939 2235 1291 2305 πατριαρχῶν
1333 2235 1469 2296 υἱὸν,
1523 2235 1712 2308 ἐπειδὴ
1756 2235 1844 2289 διὰ

247 2323 340 2393 τῆς
512 2324 720 2392 γένους
749 2324 930 2379 αὐτῶν
959 2326 1235 2396 Παρθένου
1269 2327 1723 2399 σαρκοποιηθεὶς,
1751 2330 1847 2383 καὶ

241 2415 534 2486 ἅνθρωπος
572 2416 764 2487 ἀειδὴς
789 2457 804 2480 ,
840 2418 1034 2489 ἄτιμος
1073 2418 1164 2472 καὶ
1195 2419 1437 2491 παθητὸς
1465 2421 1726 2492 ὑπέμεινε
1755 2439 1848 2491 γε-

252 2508 452 2561 νέσθαι.
488 2509 660 2562 Ὅθεν
695 2509 791 2562 καὶ
819 2509 876 2562 ὲν
897 2511 1010 2574 τοῖς
1030 2509 1212 2578 λόγοις
1240 2511 1405 2565 αὐτοῦ
1433 2510 1535 2584 ἔφη
1561 2553 1576 2577 ,
1605 2513 1693 2567 ὅτε
1719 2515 1847 2585 περὶ

251 2599 340 2651 τοῦ
369 2601 608 2671 πάσχειν
660 2600 828 2655 αὑτὸν
875 2601 1089 2673 μέλλειν
1131 2603 1399 2672 διελέγετο
1419 2646 1433 2670 ,
1460 2605 1542 2658 ὅτι
1571 2623 1589 2656 t
1636 2607 1727 2657 Δεῖ
1756 2606 1847 2660 τὸν

255 2692 376 2744 Υίον
407 2693 504 2746 τοῦ
544 2693 847 2766 ἀνθρώπου
894 2695 1063 2748 πολλά
1109 2696 1302 2750 παθεῖν
1321 2738 1336 2761 ,
1373 2698 1466 2750 xal.
1513 2698 1848 2770 ἀποδοκιμα-

253 2785 440 2854 σθῆναι
475 2786 588 2840 ὑπὸ
634 2786 747 2840 τῶν
779 2787 1088 2859 Φαρισαίων
1146 2790 1241 2844 καὶ
1299 2790 1706 2862 Γραμματέων,
1754 2793 1848 2846 καὶ

251 2878 678 2949 σταυρωθῆναι,
729 2881 824 2933 καὶ
884 2883 950 2952 τῇ
1003 2881 1164 2955 τρίτῃ
1215 2883 1400 2954 ἡμέρᾳ
1460 2882 1777 2954 ἀναστῆναι.
1823 2901 1840 2935 i

249 2967 373 3020 Υἱὸν
407 2967 501 3024 οὖν
531 2971 831 3044 ἀνθρώπου
859 2974 1050 3028 ἑαυτὸν
1080 2975 1282 3044 ἔλεγεν,
1322 2977 1438 3046 ἦτοι
1467 2976 1574 3030 ἀπὸ
1599 2978 1699 3049 τῆς
1727 2995 1848 3047 γεν-

249 3063 456 3132 νήσεως
498 3065 605 3134 τῆς
631 3064 726 3118 διὰ
756 3067 1033 3138 Παρθένου
1057 3110 1072 3135 ,
1113 3069 1234 3139 ἧτις
1266 3065 1334 3140 ἦν
1369 3070 1464 3140 (ὡς
1506 3069 1663 3142 ἔφην)
1740 3071 1847 3125 ἀπὸ

249 3153 336 3205 τοῦ
380 3157 584 3216 Δαεὶδ,
618 3161 719 3211 καὶ
771 3159 1001 3227 Ἰακὼϐ,
1051 3161 1144 3215 καὶ
1190 3162 1408 3226 Ἱσαάκ,
1458 3165 1554 3216 καὶ
1595 3164 1845 3236 Ἀϐραὰμ

1950 1970 2118 2025 Nobis
2146 1971 2314 2040 igitur
2350 1969 2614 2024 revelavit
2660 1967 2843 2024 omnia
2901 1981 3240 2037 quaecunque
3267 1967 3432 2020 etiam
3463 1980 3532 2020 ex

1947 2059 2249 2130 Scripturis
2279 2075 2375 2129 per
2396 2058 2510 2127 ejus
2540 2059 2776 2131 gratiam
2808 2058 3195 2124 intelleximus,
3218 2072 3340 2111 eum
3365 2072 3532 2127 agno-

1946 2165 2164 2210 scentes
2201 2155 2625 2225 primogenitum
2658 2153 2751 2208 Dei
2785 2166 2926 2220 esse,
2968 2162 3023 2207 et
3055 2160 3180 2205 ante
3210 2166 3295 2206 res
3341 2167 3534 2208 omnes

1947 2255 2183 2311 creatas,
2213 2257 2268 2300 et
2300 2247 2737 2315 patriarcharum
2766 2245 2956 2312 lilium,
2997 2255 3056 2300 ut
3089 2246 3179 2315 qui
3206 2258 3270 2299 ex
3312 2245 3533 2316 Virgine

1947 2341 2016 2394 ab
2046 2340 2129 2393 eis
2164 2347 2284 2394 orta
2318 2353 2447 2393 caro
2471 2338 2666 2406 factus,
2693 2336 2946 2392 informis
2970 2335 3132 2390 homo
3178 2346 3234 2389 et
3267 2335 3532 2404 inglorius
3571 2380 3577 2385 .

1893 2469 1900 2474 η
1947 2439 2004 2484 et
2032 2429 2479 2499 perpessionibus
2512 2427 2783 2483 obnoxius
2823 2427 2939 2481 ﬁeri
2971 2426 3224 2481 voluerit.
3285 2424 3425 2480 lliuc
3476 2425 3529 2479 iu

1947 2521 2300 2576 sermonibus
2334 2521 2458 2574 suis
2487 2520 2724 2583 dicebat,
2758 2533 2878 2572 cum
2907 2518 2974 2572 de
3021 2518 3200 2571 futura
3261 2532 3357 2571 sua
3411 2531 3535 2586 pas-

1949 2613 2104 2668 sione
2143 2613 2441 2668 dissereret
2470 2627 2483 2664 :
2512 2629 2532 2663 ι
2558 2609 2787 2680 Oportet
2817 2609 3014 2664 Filiqu
3074 2608 3313 2664 hominis
3366 2607 3531 2662 multa

1946 2702 2080 2771 pati,
2105 2710 2159 2754 et
2184 2701 2511 2772 reprobaria
2535 2699 2826 2754 Pharisacis
2840 2710 2894 2754 et
2919 2697 3127 2754 Scribis
3144 2695 3454 2766 etcruciligi
3479 2707 3536 2750 et

1950 2793 2110 2849 tertia
2145 2793 2235 2848 die
2270 2807 2555 2864 resurgere
2584 2791 2652 2848 ⁵⁸.
2695 2810 2713 2842 ι
2739 2791 2934 2845 Filium
2958 2789 3120 2860 igitur
3159 2788 3392 2844 hominis
3428 2789 3536 2843 sei-

1947 2900 2104 2955 psum
2133 2884 2368 2948 dicebat,
2401 2883 2488 2938 vel
2511 2884 2639 2953 quia
2663 2892 2825 2935 natus
2855 2890 2975 2936 erat
3010 2896 3076 2935 ex
3123 2879 3530 2949 Virgine,quae,

1949 2985 2008 3027 ut
2037 2975 2150 3044 jam
2181 2973 2316 3039 dixi,
2340 2990 2410 3029 ex
2440 2973 2660 3029 Davidis
2697 2982 2750 3028 et
2783 2971 2972 3026 Jacobi
2999 2983 3052 3026 et
3084 2971 3256 3026 lsaaci
3284 2982 3340 3026 et
3361 2971 3534 3025 Abra-

1950 3067 2093 3120 hami
2122 3080 2323 3136 genere
2353 3073 2470 3119 orta
2497 3077 2650 3134 erat;
2687 3066 2770 3120 vel
2795 3066 2919 3136 quia
2946 3065 3115 3136 ipsius
3147 3073 3308 3134 pater
3356 3062 3533 3118 exsti-

1948 3157 2014 3209 tit
2036 3155 2311 3210 Abraham
2341 3161 2395 3208 et
2423 3169 2610 3209 eorum
2654 3169 2791 3223 quos
2821 3152 3094 3214 recensui,
3119 3166 3185 3205 ex
3221 3149 3419 3220 quibus
3433 3163 3532 3219 ge-

247 3246 438 3312 γένους
466 3266 479 3279 ο
511 3249 546 3321 ἢ
575 3250 668 3303 διὰ
689 3252 752 3304 τὸ
779 3248 917 3306 εἶναι
946 3254 1106 3308 αὐτὸν
1137 3255 1228 3307 τὸν
1250 3255 1503 3328 Ἀϐραὰμ
1531 3257 1743 3328 πατέρα
1769 3257 1842 3328 (6)

1950 3263 2050 3303 nus
2071 3247 2224 3302 ducit
2258 3245 2453 3301 Maria.
2477 3245 2610 3300 Nam
2644 3245 2736 3316 qui
2764 3245 2998 3300 fetutinas
3033 3257 3302 3313 genuere,
3327 3253 3421 3295 eos
3462 3239 3531 3294 li-

249 3340 341 3390 καὶ
371 3340 585 3392 τούτων
627 3343 740 3395 τῶν
786 3345 1305 3418 κατηριθμημένων,
1342 3347 1400 3415 ἐξ
1440 3341 1514 3402 ὧν
1548 3349 1778 3418 κατάγει
1811 3350 1845 3420 ἡ

249 3433 436 3503 Μαρία
467 3434 532 3487 τὸ
576 3436 756 3504 γένος.
808 3439 918 3492 Καὶ
950 3438 1061 3511 γὰρ
1092 3440 1334 3511 πατέρας
1360 3440 1467 3496 τῶν
1493 3441 1846 3513 γεννωμένων

247 3528 366 3589 ταῖς
417 3527 766 3599 θυγατράσιν
813 3529 991 3582 αὐτῶν
1040 3531 1244 3584 τέκνων
1294 3532 1421 3594 τοὺς
1466 3533 1574 3586 τῶν
1621 3532 1846 3604 θηλειῶν

247 3620 585 3690 γεννήτορας
611 3619 981 3690 ἐπιστάμεθα.
1013 3622 1125 3675 Καὶ
1150 3621 1260 3695 γὰρ
1288 3622 1416 3675 Υίὺν
1448 3621 1585 3676 Θεοῦ
1612 3623 1846 3695 Χριστὸν

248 3713 389 3766 κατὰ
434 3714 539 3784 τὴν
577 3714 673 3767 τοῦ
710 3715 926 3785 Πατρός
957 3713 1120 3767 αὑτοῦ
1167 3714 1510 3784 ἀποκάλυψιν
1558 3716 1848 3785 ἐπιγνόντα

243 3804 410 3856 αὐτὸν
438 3806 540 3857 ἕνα
569 3805 683 3858 τῶν
719 3805 977 3877 μαθητῶν
1001 3805 1163 3859 αὐτοῦ
1201 3806 1421 3877 Σίμωνα
1453 3807 1718 3881 πρότερον
1747 3826 1847 3862 κα-

247 3897 508 3971 λούμενον
534 3901 867 3971 ἐπωνόμασε
896 3901 1099 3974 Πέτρον
1119 3919 1133 3932 ·
1163 3903 1258 3955 καὶ
1292 3902 1420 3957 Υἱὸν
1437 3901 1572 3956 Θεοῦ
1604 3921 1848 3976 γεγραμ-

251 3990 409 4056 μένον
433 3991 602 4044 αὑτὸν
626 3993 688 4043 ὲν
713 3995 828 4054 τοῖς
855 3991 1379 4063 ἀπομνημονεύμασι
1405 3994 1512 4046 τῶν
1537 3995 1846 4048 ἀποστόλων

249 4082 414 4134 αὐτοῦ
449 4085 696 4152 ἔχοντες,
724 4085 822 4137 καὶ
847 4085 974 4137 Υίὸν
1001 4085 1161 4139 αὐτὸν
1186 4085 1450 4154 λέγοντες,
1488 4088 1844 4158 νενοήκαμεν,

251 4176 344 4224 καὶ
380 4177 488 4245 πρὸ
523 4175 749 4227 πάντων
798 4177 1138 4247 ποιημάτων,
1175 4177 1281 4230 ἀπὸ
1316 4177 1409 4230 τοῦ
1439 4179 1651 4250 Πατρὸς
1686 4179 1846 4233 δυνά-

253 4279 343 4331 μει
376 4264 546 4317 αὑτοῦ
581 4268 684 4322 καὶ
728 4265 892 4338 βουλῇ
928 4267 1258 4338 προελθόντα
1289 4269 1382 4340 (ὃς
1413 4271 1508 4324 καὶ
1527 4270 1716 4342 Σοφία,
1752 4272 1848 4324 καὶ

259 4353 480 4424 Ἡμέρα
513 4355 617 4425 (7),
653 4359 751 4410 καὶ
791 4359 1070 4432 Ἀνατολὴ,
1095 4361 1188 4414 καὶ
1210 4362 1492 4432 Μάχαιρα,
1523 4363 1617 4415 καὶ
1650 4361 1811 4426 Λίθος
1830 4402 1846 4428 ,

251 4449 350 4499 καί
400 4446 631 4509 Ῥάεδος
655 4487 671 4510 ,
706 4451 800 4501 καὶ
844 4450 1038 4504 Ἰακὼὸ
1061 4491 1076 4514 ,
1112 4453 1205 4505 καὶ
1251 4453 1462 4524 Ἰσραὴλ
1485 4495 1500 4519 ,
1533 4455 1652 4506 κατ’
1691 4453 1848 4508 ἄλλον

253 4542 348 4593 ιαί
381 4539 547 4593 ἄλλον
571 4540 778 4610 τρόπον
805 4544 862 4596 ἐν
889 4546 1000 4605 τοῖς
1023 4543 1129 4596 τῶν
1160 4545 1453 4616 προφητῶν
1482 4545 1660 4615 λόγοις
1684 4565 1848 4621 προσ-

1948 3343 2228 3407 berorum,
2264 3353 2404 3409 quos
2439 3338 2563 3393 ﬁlia:
2599 3337 2926 3406 suscipiunt,
2960 3343 3142 3406 patres
3163 3347 3282 3388 esse
3303 3331 3528 3386 scimus.

1949 3433 2082 3488 Nam
2103 3439 2158 3488 et
2187 3448 2357 3486 unum
2381 3446 2450 3486 ex
2481 3427 2761 3499 discipulis
2801 3427 2935 3492 suis,
2973 3426 3066 3496 qui
3098 3439 3222 3480 eum
3257 3421 3532 3478 revelante

1949 3525 2119 3594 ipsius
2145 3523 2310 3580 Patre
2333 3522 2533 3578 Filium
2579 3520 2674 3574 Dei
2728 3518 3006 3574 Christum
3039 3530 3162 3571 esse
3208 3520 3529 3584 agnoverat,

1947 3617 2172 3674 Petrum
2197 3615 2490 3686 appellavit
2521 3629 2645 3669 cum
2677 3612 2830 3683 prius
2865 3609 3054 3666 Simon
3095 3616 3408 3664 vocaretur.
3462 3605 3532 3661 Et

1949 3722 2073 3762 cum
2107 3723 2234 3762 eum
2265 3705 2461 3762 Filium
2492 3705 2585 3760 Dei
2620 3717 2743 3759 esse
2770 3705 2824 3758 iu
2858 3699 3274 3756 commentariis
3307 3704 3528 3769 aposto-

1948 3802 2121 3857 lorum
2161 3804 2420 3872 scriptum
2465 3803 2733 3874 legamus,
2766 3810 2823 3856 et
2850 3799 3050 3855 Filium
3096 3797 3328 3852 dicimus
3377 3795 3527 3850 illum

1947 3909 2004 3956 et
2028 3914 2150 3955 esse
2179 3899 2553 3969 intelligimus,
2609 3912 2672 3952 ac
2701 3906 2829 3951 ante
2873 3908 3062 3949 omnes
3095 3905 3180 3947 res
3212 3901 3426 3946 creatas
3459 3902 3526 3944 ex

1949 3992 2134 4058 Patre,
2167 3993 2342 4063 ip'sius
2400 3991 2599 4044 virtute
2653 4000 2708 4043 et
2748 3989 3053 4050 voluntate,
3100 3984 3368 4054 prodiisse
3415 3982 3528 4053 (qui

1947 4083 2167 4152 quidem
2199 4094 2255 4136 et
2287 4081 2567 4151 Sapientia
2597 4088 2652 4133 et
2677 4077 2801 4132 Dies
2828 4087 2882 4131 et
2915 4076 3111 4130 Oriens
3137 4083 3190 4128 et
3219 4072 3441 4128 Gladius
3470 4080 3529 4126 et

1948 4175 2112 4244 Lapis
2157 4184 2209 4229 et
2244 4173 2406 4246 Virga
2437 4184 2491 4228 et
2519 4172 2688 4226 Jacob
2736 4183 2792 4226 et
2822 4171 2983 4225 Israel
3046 4168 3152 4221 alio
3209 4177 3374 4235 atque
3419 4163 3530 4218 alio

1951 4269 2112 4324 modo
2140 4269 2193 4323 in
2242 4267 2634 4339 prophetarum
2676 4262 2832 4317 libris
2891 4259 3195 4328 appellatus
3224 4258 3328 4325 est)
3363 4261 3418 4308 et
3456 4267 3526 4308 ex

1953 4364 2182 4435 Virgine
2212 4364 2486 4418 hominem
2518 4375 2638 4416 esse
2669 4357 2893 4421 factum,
2927 4363 2985 4408 ut
3013 4368 3115 4422 qua
3168 4351 3255 4404 via
3310 4347 3524 4402 initium

1949 4466 2070 4512 orta
2097 4472 2124 4510 a
2163 4465 2418 4524 serpente
2453 4450 2818 4508 inohedientia
2853 4448 3080 4517 accepit,
3111 4445 3295 4498 eadem
3327 4451 3381 4494 et
3413 4439 3528 4493 dis-

1951 4548 2276 4603 solutionem
2301 4545 2597 4616 acciperet.
2625 4543 2733 4596 Eva
2767 4541 2912 4596 enim
2947 4553 3069 4593 cum
3114 4535 3270 4603 virgo
3299 4539 3442 4585 esset
3471 4542 3527 4586 et

249 4633 592 4702 ηγόρευται)
613 4649 627 4660 ’
658 4635 753 4685 καὶ
781 4633 867 4686 διὰ
894 4635 992 4705 τῆς
1018 4611 1294 4709 Παρθένου
1329 4611 1610 4712 ἀνθρωπος
1635 4611 1844 4708 γεγονέ-

1952 4643 2288 4711 incorrupta,
2308 4652 2562 4695 sermone
2591 4635 2863 4703 serpentis
2885 4639 3174 4698 concepto,
3212 4623 3525 4679 inobedien-

253 4743 338 4776 ναι
365 4725 470 4794 (8),
516 4725 603 4777 ἵνα
639 4727 735 4779 καὶ
767 4726 833 4778 δι’
858 4722 926 4798 ἧς
958 4727 1076 4780 ὁδοῦ
1109 4732 1142 4800 ὴ
1187 4730 1296 4784 ἀπὸ
1325 4730 1421 4784 τοῦ
1454 4731 1630 4801 όφεως
1662 4749 1843 4803 παρα-

258 4821 350 4891 κοὴ
385 4819 487 4890 τήν
526 4819 704 4890 ἀρχὴν
741 4819 897 4873 ἔλαϐε
918 4860 933 4884 ,
969 4823 1064 4875 καὶ
1094 4821 1182 4876 διὰ
1211 4823 1416 4895 ταύτης
1462 4825 1563 4896 τῆς
1597 4825 1716 4881 ὀδοῦ
1752 4829 1844 4882 καὶ

345 5018 390 5049 ⁸⁷
431 5016 636 5072 Matth.
673 5018 868 5080 xr,27.
963 5019 1010 5051 ⁵⁸
1051 5019 1242 5076 Matth.
1277 5037 1393 5087 xw,
1429 5021 1520 5077 2-1.

325 5198 402 5336 ξε)
443 5199 691 5253 Μένειν.
728 5198 956 5256 Beatius
983 5204 1183 5272 μενεῖν.
1222 5200 1448 5258 Τιιιιιιιι.

351 5272 408 5335 I5)
437 5270 646 5324 Αὑτὸν
672 5270 783 5324 τὸν
824 5272 1070 5336 Ἀϐραὰμ
1107 5272 1352 5336 πατέρα.
1414 5272 1448 5327 1V

250 5273 259 5302 ‘
327 5270 408 5336 (ὕ)
437 5270 646 5324 Αὑτὸν
672 5270 783 5341 τὸν
824 5270 1070 5340 Ἀϐραὰμ
1107 5272 1352 5340 πατέρα.
1414 5271 1568 5327 Nulla
1611 5287 1838 5341 prorsus

253 5341 360 5393 erit
385 5343 663 5395 sententia
695 5340 798 5395 nisi
827 5341 1075 5412 legamus
1097 5343 1283 5397 αὐτοῦ.
1314 5343 1419 5398 Sed
1445 5353 1504 5396 ut
1537 5340 1840 5397 illustretur

259 5420 754 5484 littusfontertus,
787 5427 1012 5484 necesse
1053 5425 1136 5468 est
1180 5429 1306 5468 cum
1335 5413 1581 5484 Thirlbio
1610 5413 1837 5484 legere:

472 5483 576 5558 τὸν
615 5481 787 5553 Ἀδὰμ
821 5483 1069 5554 πατέρα,
1109 5501 1128 5535 ι
1161 5485 1248 5539 vel
1291 5484 1420 5553 quia
1467 5483 1640 5554 ipsius
1669 5479 1839 5553 pater

256 5554 466 5606 exstitit
497 5555 693 5606 Adam.
729 5573 748 5605 ι

329 5623 406 5690 t7)
436 5623 546 5676 Kal
595 5623 835 5695 Ἡμέρα.
859 5621 1098 5676 Caeteras
1128 5625 1522 5692 appellationes
1549 5623 1750 5695 quibus
1769 5638 1834 5677 ex

253 5688 396 5746 locis
424 5688 664 5747 deducat
693 5688 951 5749 Justinus
983 5711 1088 5747 non
1126 5688 1339 5750 diliicile
1378 5707 1461 5750 est
1492 5688 1836 5749 animadver-

257 5772 394 5815 tere.
431 5763 558 5831 Quo
595 5775 775 5820 autem
819 5766 872 5817 in
909 5764 1209 5833 Scriptura:
1249 5767 1370 5820 loco
1411 5766 1688 5820 Christum
1735 5778 1832 5832 ap-

254 5834 451 5900 pellari
489 5835 643 5894 Diem
672 5836 1098 5902 existimaverit,
1134 5851 1238 5904 non
1269 5838 1355 5903 ita
1394 5836 1552 5894 facile
1587 5845 1672 5892 est
1705 5850 1831 5904 pro-

1957 4732 2086 4785 Iiam
2116 4742 2172 4786 et
2202 4741 2431 4787 mortem
2466 4728 2694 4800 peperit.
2744 4725 2915 4780 Maria
2968 4731 3147 4775 autem
3185 4716 3372 4785 Virgo,
3401 4729 3524 4768 cum

1959 4825 2118 4897 196
2150 4827 2305 4880 Iidem
2329 4833 2384 4880 et
2417 4825 2672 4895 gaudium
2701 4818 3062 4890 percepisset,
3106 4807 3378 4867 nuntianti
3423 4822 3525 4860 an-

1946 5201 2227 5258 nuntiare.
2277 5199 2384 5254 Sed
2422 5209 2604 5254 tamen
2659 5197 2873 5251 videtur
2921 5195 2974 5249 in
3027 5192 3212 5248 animo
3265 5187 3530 5244 habuisse

1946 5273 2079 5327 illud
2111 5271 2337 5340 psalmi:
2361 5290 2376 5321 ι
2401 5270 2524 5324 Haec
2557 5278 2641 5340 est
2673 5268 2790 5322 dies
2821 5282 2981 5340 quam
3008 5264 3150 5340 ‘l'ecit
3185 5261 3466 5340 Dominus.
3506 5275 3526 5309 ι

1948 5342 2048 5397 Hie
2080 5330 2226 5396 enim
2263 5343 2544 5398 Christum
2574 5339 2725 5393 Diem
2761 5330 3022 5410 appellari
3073 5335 3234 5389 docet
3276 5330 3529 5385 Clemens

1945 5411 2583 5478 Alexandrinus,Strom.
2617 5424 2711 5480 v1._
2732 5425 2785 5477 p.
2817 5408 2942 5480 ϐδεῖ.
3129 5472 3142 5480 _
3318 5469 3329 5480 .

2020 5465 2096 5553 (ἑ)
2141 5465 2832 5553 Ἀγθρωὲτοςγγξγονέφίαμ
2871 5475 3038 5530 Recte
3075 5469 3359 5553 admonuit
3385 5465 3528 5522 Gra-

1947 5541 2166 5607 bius'ad
2194 5541 2339 5606 lreii.
2369 5568 2425 5621 p.
2449 5541 2595 5612 1:5.9,
2619 5550 2922 5621 legendum
2950 5558 3075 5599 esse
3113 5541 3397 5621 ἄνθρωπογ
3435 5553 3528 5621 γεέ

1945 5623 2176 5692 γονέναι.
2210 5609 2615 5690 ρυυᾶψηαάυ
2642 5609 2708 5672 οἱ
2738 5617 2985 5686 apposita
3015 5609 3526 5692 parenthesidonge

1944 5679 2286 5748 contnuodiim
2320 5679 2441 5747 esse
2465 5699 2634 5760 patet,
2660 5679 2824 5760 quani
2859 5679 3306 5760 cum_Sy_|burgio
3340 5679 3524 5760 legere

1943 5764 2133 5832 γέγονε
2159 5775 2252 5816 aut
2275 5750 2572 5818 subaudire
2601 5750 2962 5830 προείρηται,
2991 5750 3284 5824 ὑπέμεινεν
3328 5750 3412 5804 vel
3448 5750 3496 5802 si

1942 5837 2066 5889 utile
2091 5834 2242 5904 quid.
