3962 6262
431 414 534 471 τιι

1364 410 1420 467 S.
1456 409 1717 467 JUSTINI
1745 406 2153 467 PHILOSOPHI
2188 406 2275 466 ΕΤ
2313 406 2670 465 MARTYRIS

3581 410 3689 467 713

431 530 550 596 gelu
588 527 825 585 Galtrieli
852 526 1034 582 lzetum
1072 529 1345 592 nuntium,
1374 542 1567 597 nempe
1596 526 1856 597 Spiritum
1894 526 1985 579 Do-

2106 524 2397 577 κατάλυσιν
2445 524 2603 596 λάϐῃ.
2651 523 2925 595 Παρθένος
2979 524 3086 596 γὰρ
3139 520 3274 579 οὖσα
3308 526 3383 595 (9)
3431 526 3545 579 Εὕα
3591 530 3687 583 καὶ

428 622 559 675 ιιιἱηί
592 621 644 674 in
670 636 786 673 eam
822 632 1280 690 superventurum
1308 631 1363 674 et
1390 621 1644 674 virtutem
1668 619 1930 673 Altissimi
1961 620 2013 673 ei

427 714 897 776 obumbraturam,
938 713 1170 782 ideoque
1221 714 1272 766 id
1321 714 1463 781 quod
1500 721 1821 768 nasceretur
1850 728 1915 767 ex
1947 724 2009 764 ea

429 816 704 869 sanctum,
731 820 855 860 esse
876 805 1075 860 Filium
1128 806 1248 872 Dei,
1300 805 1615 875 respondit:
1656 823 1675 857 ι
1712 804 1837 860 Fiat
1874 804 2011 858 mihi

426 895 720 949 secundum
741 895 965 948 verbum
990 907 1136 949 tuum
1161 897 1229 949 ".
1275 914 1293 946 ι
1322 896 1398 949 Ex
1431 896 1532 950 hac
1552 895 1641 949 ille
1662 896 1877 964 genitus
1906 903 2009 961 est,

424 988 491 1042 de
517 1003 627 1057 quo
654 998 731 1041 tot
762 988 1070 1058 Scripturas
1116 991 1291 1044 dictas
1322 1003 1445 1043 esse
1493 988 2005 1054 demonstravimus,

422 1093 521 1147 per
549 1094 708 1147 quem
755 1080 899 1134 Deus
934 1091 1263 1148 serpentem,
1314 1079 1473 1147 eique
1523 1078 1856 1132 assimilatas
1898 1094 2000 1132 an-

422 1170 571 1237 gelos
595 1178 649 1222 et
682 1170 933 1222 homines
983 1169 1271 1237 proﬂigat;
1333 1182 1428 1221 eos
1479 1174 1657 1220 autem
1706 1166 1797 1234 qui
1842 1179 2005 1234 prave

424 1260 693 1315 factorum
734 1259 1109 1329 pceuiteutiam
1151 1267 1315 1328 agunt
1345 1266 1398 1311 et
1429 1256 1481 1309 in
1523 1272 1647 1311 eum
1693 1255 1942 1319 credunt,
1972 1271 2001 1307 a

423 1362 595 1403 morte
620 1354 835 1405 liberat.

2107 618 2368 688 ἄφθορος,
2403 617 2494 670 τὸν
2529 616 2685 684 λόγον
2717 617 2807 671 τὸν
2840 617 2946 669 ἀπὸ
2977 618 3069 670 τοῦ
3100 618 3276 687 ὄφεως
3312 619 3683 685 συλλαϐοῦσα,

2107 708 2391 781 παρακοὴν
2434 709 2530 760 καὶ
2572 708 2800 761 θάνατον
2847 709 3019 762 ἔτεκε.
3058 711 3248 764 Πίστιν
3285 712 3340 765 δὲ
3374 715 3469 767 καὶ
3509 715 3687 785 χαρὰν

2106 800 2347 854 λαϐοῦσα
2387 800 2576 872 Μαρία
2607 802 2639 873 η
2676 801 2982 873 Παρθένος,
3033 803 3514 875 εὐαγγελιζομένου
3547 808 3684 879 αὐτῇ

2107 891 2347 963 Γαϐριὴλ
2395 891 2662 960 ἀγγέλου,
2714 892 2796 944 ὅτι
2854 893 3075 964 Πνεῦμα
3125 896 3328 966 Κυρίου
3384 899 3472 949 ἐπ’
3516 898 3687 968 αὐτὴν

2108 983 2481 1048 ἐπελεύσεται,
2499 986 2595 1037 καὶ
2619 984 2845 1055 δύναμις
2860 986 3110 1055 Ὑψίστου
3146 990 3455 1042 ἐπισκιάσει
3481 992 3649 1061 αύτήν
3666 1009 3681 1021 ο

2107 1076 2186 1128 διὸ
2229 1077 2324 1129 καὶ
2363 1073 2425 1127 τὸ
2471 1074 2806 1146 γεννώμενον
2845 1076 2904 1143 ἐξ
2941 1078 3109 1148 αὐτῆς
3160 1080 3311 1147 ἅγιόν
3363 1082 3509 1134 ἐστιν
3556 1082 3687 1144 Υἱὸς

2107 1166 2264 1231 Θεοῦ,
2291 1167 2621 1239 ἀπεκρίνατο
2642 1182 2656 1197 ·
2687 1187 2706 1217 ι
2740 1168 2951 1221 Γένοιτό
2978 1187 3066 1239 μοι
3092 1171 3235 1224 κατά
3256 1170 3314 1224 τὸ
3338 1173 3489 1244 ῥῆμά
3518 1191 3631 1226 σου.
3658 1194 3677 1225 ι

2107 1259 2217 1310 Καὶ
2250 1257 2337 1310 διὰ
2367 1258 2571 1327 ταύτης
2610 1260 2932 1330 γεγέννηται
2966 1256 3152 1326 οὗτος,
3215 1265 3343 1334 περὶ
3376 1260 3435 1317 οῦ
3461 1265 3561 1329 τὰς
3595 1285 3685 1319 τοο

2110 1347 2314 1410 σαύτας
2334 1347 2557 1419 Γραφάς
2589 1348 2947 1419 ἀπεδείξαμεν
2981 1352 3258 1421 εἰρῆσθαι,
3293 1352 3358 1405 δι’
3395 1348 3455 1405 οῦ
3482 1357 3511 1406 6
3546 1357 3684 1419 Θεὸς

418 1448 509 1498 τόν
540 1463 597 1498 τε
631 1445 751 1515 ὅφιν
791 1449 885 1501 καὶ
918 1450 1042 1509 τοὺς
1074 1446 1436 1517 ὁμοιωθέντας
1470 1446 1733 1514 ἀγγέλους
1801 1445 1896 1497 καὶ
1961 1442 2280 1515 ἀνθρώπους
2349 1442 2644 1496 καταλύει·
2702 1446 3018 1517 ἀπαλλαγὴν
3050 1446 3106 1498 δὲ
3165 1447 3258 1500 τοῦ
3298 1447 3527 1503 θανάτου
3565 1454 3679 1515 τοῖς

421 1537 914 1609 μεταγινώσκουσιν
948 1540 1053 1592 ἀπὸ
1083 1539 1190 1593 τῶν
1238 1539 1457 1607 φαύλων
1502 1540 1597 1591 καὶ
1645 1536 1989 1589 πιστεύουσιν
2019 1539 2097 1599 είς
2131 1536 2293 1589 αὐτὸν
2329 1534 2637 1605 ἐργάζεται.

490 1634 615 1691 101.
646 1634 887 1689 Christus
911 1638 1086 1688 omnia
1108 1636 1174 1689 ad
1199 1633 1410 1689 Patrem
1452 1634 1631 1704 refert.
1656 1664 1723 1674 ——
1756 1633 1885 1699 Qua:
1903 1649 2001 1685 au-

419 1735 527 1780 tem
550 1728 603 1780 in
635 1726 845 1796 psalmo
891 1736 1197 1793 sequuntur
1228 1743 1241 1779 :
1279 1745 1297 1778 ¢
1329 1726 1384 1779 ln
1431 1736 1481 1779 te
1512 1736 1870 1795 speraverant
1902 1740 2001 1794 pa-

2181 1631 2300 1687 101.
2346 1630 2427 1683 Τά
2471 1631 2527 1683 δὲ
2576 1629 2839 1682 ἀκόλουθα
2884 1631 2979 1683 τοῦ
3028 1633 3239 1704 ψαλμοῦ
3280 1636 3447 1689 ταῦτα
3490 1638 3547 1689 ἐν
3594 1632 3680 1699 οἷς

2108 1721 2288 1791 λέγει’
2321 1742 2339 1774 ι
2394 1724 2516 1775 Ἐπὶ
2551 1724 2632 1775 σοὶ
2665 1723 2897 1793 ἤλπισαν
2930 1726 2979 1776 οἱ
3011 1727 3243 1797 πατέρες
3281 1729 3435 1798 ἡμῶν
3462 1745 3477 1758 ’
3512 1728 3678 1800 ηλπι-

418 1830 530 1872 trcs
555 1819 749 1884 nostri,
784 1828 1146 1886 speraverunt
1172 1827 1225 1871 et
1260 1818 1501 1873 liberasti
1538 1832 1654 1880 eos,
1695 1818 1762 1869 ad
1808 1829 1859 1872 te
1885 1817 1985 1872 cla-

2104 1830 2222 1877 σαν,
2260 1813 2354 1865 καὶ
2390 1811 2605 1884 ἐρρύσω
2657 1813 2871 1876 αὐτούς.
2932 1814 3073 1885 Πρὸς
3111 1817 3168 1868 σέ
3206 1797 3510 1889 ἐκέκραξαν
3535 1797 3674 1889 UO).

418 1921 709 1966 maverunt
756 1920 812 1965 et
868 1926 971 1965 non
1024 1919 1148 1965 sunt
1187 1910 1428 1965 confusi.
1481 1910 1592 1979 Ego
1641 1921 1821 1964 autem
1876 1926 1996 1964 sum

415 2006 617 2058 vermis
655 2012 841 2058 etnon
871 2004 1071 2057 homo:
1111 2002 1462 2071 opprobrium
1498 2001 1776 2057 hominum
1820 2012 1875 2055 et
1902 2001 1998 2054 ab-

412 2092 586 2161 jectio
608 2095 822 2162 populi;
856 2112 874 2147 ι
906 2108 970 2147 ea
996 2093 1277 2147 declarant
1325 2103 1509 2162 patres
1538 2093 1607 2147 ab
1639 2093 1729 2148 illo
1780 2094 1995 2162 agnosci

360 2193 367 2199 '
419 2201 536 2249 eos,
562 2186 652 2255 qui
682 2194 1042 2255 speraverant
1069 2184 1122 2238 in
1164 2184 1355 2247 Deum,
1386 2194 1442 2239 et
1471 2186 1536 2239 ab
1577 2200 1643 2239 eo
1692 2185 1825 2239 salvi
1869 2180 1995 2237 facti

417 2287 580 2343 sunt,
608 2278 699 2347 qui
722 2278 939 2347 quidem
967 2287 1020 2331 et
1050 2286 1238 2346 patres
1267 2284 1422 2331 erant
1448 2275 1691 2343 Virginis
1735 2277 1896 2340 illius,
1926 2293 1992 2331 ex

415 2383 523 2436 qua
550 2365 771 2439 'geuitus
798 2378 881 2423 est
908 2371 1072 2423 homo
1105 2370 1281 2423 factus
1307 2385 1322 2422 :
1355 2368 1620 2437 simulque
1638 2369 1751 2437 ipse
1775 2371 1994 2423 demon-

413 2469 560 2517 strat
585 2476 707 2514 sese
743 2461 809 2514 ab
837 2464 1027 2515 eodem
1059 2461 1168 2515 Deo
1194 2470 1470 2515 servatum
1501 2460 1588 2527 iri,
1611 2476 1709 2517 nec
1725 2475 1783 2513 se
1804 2460 1993 2514 volun-

416 2558 527 2605 tate
560 2566 654 2605 sua
682 2563 775 2605 aut
803 2552 1009 2605 viribus
1030 2552 1325 2620 quidquam
1350 2552 1531 2606 facere
1560 2551 1839 2621 gloriatur.
1858 2550 1991 2606 Nam

412 2650 469 2695 et
494 2642 633 2695 idem
663 2643 715 2695 in
740 2644 901 2697 terris
928 2644 1160 2699 faciebat
1193 2659 1210 2697 :
1253 2655 1308 2697 et
1339 2630 1461 2697 cum
1494 2645 1541 2698 ei
1576 2644 1796 2713 quidam
1843 2645 1992 2700 dice-

412 2742 536 2787 ret:
581 2752 599 2784 t
642 2734 903 2804 Magister
923 2735 1082 2801 bone,
1125 2753 1143 2786 ι
1176 2736 1498 2807 respondit:
1547 2753 1566 2786 ι
1615 2736 1753 2802 Quid
1786 2752 1871 2792 me
1894 2751 1990 2805 ap-

412 2824 579 2894 pellas
602 2826 839 2879 honum?
869 2826 1019 2881 Unus
1045 2829 1218 2881 bonus
1258 2835 1346 2880 est
1388 2828 1547 2881 Pater
1592 2843 1744 2881 meus
1793 2828 1881 2897 qui
1934 2829 1988 2881 in

411 2917 567 2971 caelis
594 2928 676 2971 est
702 2918 767 2972 ‘°.
800 2918 894 2973 llis
926 2930 1104 2974 autem
1136 2919 1352 2973 verbis:
1385 2938 1403 2970 ι
1434 2919 1543 2989 Ego
1566 2935 1682 2973 sum
1713 2920 1914 2976 vermis
1934 2928 1989 2975 et

412 3022 519 3060 non
544 3009 722 3073 homo,
740 3010 1086 3077 opprobrium
1111 3011 1390 3064 hominum
1410 3019 1465 3062 et
1489 3009 1721 3078 abjectio
1738 3009 1936 3080 plebis,
1961 3027 1980 3060 ι

2102 1906 2196 1957 καὶ
2241 1905 2302 1957 ού
2346 1904 2813 1976 κατῃσχύνθησαν.
2864 1906 3004 1973 Ἐγὼ
3045 1904 3100 1958 δέ
3160 1909 3275 1977 είμι
3332 1909 3677 1980 σκώληξκαὶ

2098 1997 2198 2049 οὐκ
2246 1996 2563 2068 ἄνθρωπος’
2598 1998 2800 2060 ὄνειδος
2831 1997 3163 2069 ἀνθρώπων,
3200 2001 3294 2052 καὶ
3336 2001 3680 2073 ἐξουθένημα

2098 2087 2225 2140 λαοῦ
2246 2126 2260 2151 ,
2306 2106 2323 2139 ι
2362 2088 2634 2159 δηλωτικά
2671 2091 2786 2141 ἐστι
2820 2089 2911 2142 τοῦ
2945 2092 3039 2143 καὶ
3084 2089 3323 2161 πατέρας
3358 2093 3516 2145 αὑτὸν
3545 2096 3679 2163 ὀμο-

2097 2163 2273 2247 λογεῖν
2314 2182 2441 2244 τοὺς
2472 2181 2799 2246 ἐλπίσαντας
2839 2184 2930 2235 ἐπὶ
2963 2183 3053 2235 τὸν
3096 2182 3228 2235 Θεὸν
3272 2186 3367 2238 καὶ
3402 2186 3677 2250 σωθέντας

2097 2272 2187 2324 ὑπ’
2218 2273 2401 2338 αὐτοῦ,
2436 2274 2629 2338 οἵτινες
2663 2277 2757 2328 καὶ
2792 2275 3025 2347 πατέρες
3056 2271 3195 2345 ἦσαν
3225 2275 3325 2345 τῆς
3357 2276 3632 2347 Παρθένου
3656 2320 3673 2343 ,

2093 2362 2161 2416 δι’
2204 2360 2272 2436 ἧς
2318 2366 2575 2437 ἐγεννήθη
2631 2366 2914 2437 ἄνθρωπος
2973 2368 3262 2437 γενόμενος
3295 2385 3308 2399 ⁸
3358 2369 3455 2421 καὶ
3509 2370 3676 2433 αὐτὸς

2097 2458 2435 2528 σωθήσεσθαι
2476 2458 2581 2511 ὑπὸ
2606 2458 2698 2511 τοῦ
2730 2458 2891 2511 αὑτοῦ
2926 2458 3060 2512 Θεοῦ
3090 2459 3329 2530 μηνύων,
3365 2460 3479 2513 ἀλλ’
3511 2464 3573 2514 ού
3601 2466 3672 2534 τῇ

2092 2550 2256 2604 αὐτοῦ
2294 2550 2453 2623 βουλῇ
2497 2552 2529 2622 ἢ
2569 2550 2712 2621 ἰσχύϊ
2745 2553 3003 2622 πράττειν
3042 2569 3095 2604 τι
3142 2552 3510 2623 καυχώμενος.
3556 2555 3673 2607 Καὶ

2092 2640 2202 2713 γὰρ
2233 2643 2325 2694 ἐπὶ
2354 2643 2455 2713 γῆς
2506 2643 2568 2695 τὸ
2622 2643 2753 2695 αὐτὸ
2795 2643 2997 2714 ἔπραξε
3031 2644 3176 2714 (11)·
3229 2644 3475 2713 λέγοντος
3519 2644 3673 2716 αὑτῷ

2090 2750 2263 2799 τινος,
2306 2754 2323 2786 ι
2372 2735 2668 2789 Διδάσκαλε
2717 2736 2921 2803 ἀγαθέ,
2958 2754 2974 2786 ι
3014 2737 3381 2807 ἀπεκρίνατο,
3422 2755 3441 2787 ι
3496 2738 3560 2789 Τί
3598 2754 3671 2807 με

2090 2824 2265 2893 λέγεις
2297 2825 2499 2895 ἀγαθόν
2525 2842 2538 2890 ;
2574 2821 2652 2887 εἷς
2677 2828 2823 2879 ἐστιν
2857 2827 3087 2895 ἀγαθὸς,
3122 2830 3151 2880 6
3194 2829 3384 2900 Πατήρ
3414 2847 3513 2899 μου
3547 2834 3575 2884 6
3606 2835 3671 2884 ἐν

2089 2921 2200 2981 τοῖς
2226 2918 2490 2989 οὐρανοῖς.
2519 2936 2537 2969 ι
2568 2918 2639 2970 Τὸ
2659 2916 2715 2969 δὲ
2748 2920 2916 2970 εἰπεῖν
2935 2957 2949 2981 ,
2977 2938 2995 2968 ι
3020 2917 3160 2986 Ἐγώ
3192 2922 3307 2989 είμι
3336 2920 3547 2990 σκώληξ
3569 2923 3670 2974 καὶ

2086 3010 2187 3063 ούκ
2217 3009 2532 3081 ἄνθρωπος,
2583 3010 2785 3073 ὄνειδος
2828 3010 3130 3081 ἀνθρώπων
3181 3013 3277 3065 καὶ
3325 3012 3671 3084 ἐξουθένημα

410 3115 473 3153 ea
505 3100 1069 3170 praedicebantur-qum
1084 3111 1138 3155 et
1170 3102 1360 3155 adesse
1390 3110 1440 3155 et
1466 3102 1683 3156 evenire
1707 3100 1778 3155 illi
1809 3102 1983 3155 mani-

2095 3100 2248 3167 λαοῦ,
2290 3120 2309 3153 ι
2345 3101 2488 3173 άπερ
2524 3101 2903 3170 φαίνεταικαὶ
2950 3103 3081 3157 ὅντα
3123 3106 3218 3159 καὶ
3267 3106 3525 3174 γινόμενα
3549 3104 3668 3176 (1‘2)

412 3191 611 3245 festum
640 3202 744 3246 est.
778 3192 945 3246 Nobis
965 3194 1131 3256 enim,
1168 3193 1475 3248 hominibus
1524 3195 1575 3248 in
1609 3208 1731 3248 eum
1763 3194 1984 3248 creden-

410 3280 581 3347 tibus,
611 3283 959 3350 opprobrium
988 3284 1186 3352 ubique
1207 3293 1287 3338 est
1323 3299 1338 3338 :
1366 3303 1386 3337 ι
1416 3285 1658 3352 Abjectio
1677 3294 1856 3340 autem
1889 3300 1985 3354 po-

408 3373 543 3442 puli,
580 3392 598 3425 ι
626 3375 749 3442 quia
781 3390 809 3427 a
852 3375 1046 3444 populo
1070 3386 1253 3431 vestro
1289 3386 1632 3446 contemptus
1661 3388 1717 3432 et
1752 3379 1980 3448 ignomi-

409 3462 499 3515 nia
523 3460 751 3517 all‘ectus
782 3479 845 3516 ca
870 3478 1064 3530 passus
1096 3476 1176 3519 est
1204 3482 1324 3535 quae
1353 3467 1405 3520 in
1447 3482 1572 3521 eum
1604 3469 1978 3523 consuluistis.

407 3552 474 3607 Et
500 3568 623 3621 quae
653 3564 960 3621 sequuntur
993 3571 1006 3608 :
1047 3573 1065 3605 ι
1093 3554 1294 3612 Omnes
1324 3558 1570 3613 videntes
1612 3574 1720 3624 me,
1752 3560 1983 3613 subsano

408 3658 677 3699 naverunt
711 3661 827 3704 me:
862 3657 915 3701 et
938 3646 1105 3701 locuti
1145 3659 1271 3702 sunt
1299 3648 1479 3717 labiis,
1507 3659 1561 3704 et
1583 3662 1866 3706 moverunt
1888 3666 1979 3707 ca-

407 3748 501 3806 put
536 3756 550 3793 :
583 3736 835 3806 Speravit
880 3740 933 3791 in
990 3739 1242 3800 Domino.
1291 3742 1488 3810 eripiat
1528 3758 1675 3807 eum,
1721 3744 1975 3813 quoniam

406 3830 521 3881 vult
546 3844 667 3881 eum
688 3845 731 3893 ;›
759 3831 963 3898 pariter
980 3830 1364 3899 prtedicehaut,
1385 3834 1571 3888 eadem
1594 3835 1706 3889 htcc
1725 3836 1796 3889 illi
1820 3852 1978 3891 even-

407 3930 547 3975 tura.
570 3920 705 3974 Nam
734 3922 825 3992 qui
850 3936 974 3977 eum
995 3924 1314 3979 cruciﬁxum
1345 3928 1620 3993 videbant,
1640 3930 1813 3998 capita
1833 3931 1979 4000 quis-

407 4030 514 4085 que
549 4016 875 4083 movebant,
908 4027 964 4071 et
994 4018 1133 4072 labia
1164 4020 1603 4088 distorquebant,
1635 4037 1699 4076 ac
1750 4024 1975 4080 naribus

406 4108 547 4164 inter
594 4126 654 4164 se
704 4121 997 4180 certantes,
1025 4128 1088 4168 ea
1120 4129 1216 4184 per
1249 4114 1435 4183 jocum
1472 4118 1727 4173 dicebant
1760 4135 1881 4185 qua:
1920 4118 1974 4174 in

406 4204 813 4259 commentariis
848 4206 1216 4274 apostolorum
1251 4210 1456 4277 scripta
1502 4220 1633 4264 sunt
1663 4229 1678 4267 :
1721 4230 1739 4263 ι
1778 4212 1971 4268 Filium

406 4292 502 4350 Dei
539 4295 776 4362 seipsum
815 4296 960 4353 dixit
993 4312 1010 4365 ;
1048 4300 1339 4356 descendat
1385 4310 1441 4357 et
1483 4302 1763 4359 ambulet:
1806 4306 1976 4362 salvet

405 4400 531 4443 eum
564 4389 729 4443 Deus.
778 4410 798 4443 ι

477 4586 598 4641 102.
642 4586 928 4641 Prwdictio
961 4604 1142 4643 eorum
1187 4604 1305 4659 qua:
1342 4587 1553 4643 Christo
1587 4591 1820 4644 nascenti
1866 4606 1975 4645 eve-

407 4691 617 4736 nerunt.
641 4680 750 4734 Cur
768 4681 907 4735 Deus
941 4680 998 4735 id
1025 4684 1280 4751 permisit.
1301 4712 1370 4723 --
1388 4682 1519 4749 Qum
1537 4694 1713 4738 autem
1737 4698 1973 4752 sequun-

407 4781 537 4827 tur:
576 4791 594 4824 ι
633 4772 769 4842 Spes
815 4788 934 4828 mea
979 4776 1047 4829 ab
1098 4774 1360 4829 uberibus
1404 4774 1593 4828 matris
1635 4788 1787 4828 meae.
1821 4774 1877 4827 lu
1920 4784 1973 4829 te

406 4863 679 4933 proiectus
726 4880 845 4919 sum
886 4879 955 4919 ex
1006 4873 1183 4919 utero.
1233 4863 1312 4919 De
1352 4872 1541 4919 ventre
1594 4862 1786 4919 matris
1838 4877 1971 4918 mete

476 5043 523 5078 ⁸⁹
563 5042 694 5097 an.
735 5059 774 5107 ι,
802 5042 891 5097 58.
968 5042 1014 5073 ⁸⁸
1056 5041 1186 5096 Luc.
1226 5057 1384 5105 mn,
1422 5039 1510 5095 18.

476 5223 554 5292 (9)
593 5221 891 5292 Παρθένος
923 5220 1032 5291 γὰρ
1072 5215 1245 5274 οὖσα.
1294 5219 1547 5292 Occurrit
1594 5218 1783 5292 eadem
1821 5230 1971 5292 com-

402 5284 777 5363 para'tioapud
807 5284 1078 5363 Irenaeum
1102 5291 1155 5363 Ι.
1172 5306 1251 5353 ιιι,
1270 5291 1451 5363 9.22;
1471 5288 1863 5363 Tertullianum
1895 5284 1969 5338 De

404 5358 562 5416 rarus
590 5358 809 5426 Claristi,
840 5378 889 5416 (ι.
931 5362 1019 5425 l7;
1056 5360 1256 5414 Juliqu
1284 5360 1507 5414 Firmic.
1540 5358 1615 5412 De
1643 5374 1818 5410 errore
1848 5373 1972 5426 pro-

404 5432 718 5553 {anigetigJ
747 5432 1029 5503 Cyrillum,
1049 5429 1260 5486 catecb.
1292 5430 1347 5495 2,
1367 5430 1633 5500 Epiphan.
1663 5428 1857 5481 haeres.
1883 5426 1972 5491 78,

404 5516 461 5553 ιι.
573 5542 588 5553 .

404 5516 461 5553 n.
503 5516 588 5556 Ιδ.

475 5572 588 5639 (10)
627 5571 785 5641 Πρὸς
817 5572 891 5626 σὲ
921 5572 1269 5640 ἐκέκραξαν.
1311 5568 1408 5623 Hic
1458 5566 1717 5623 nonnulla
1763 5567 1968 5621 omissa

403 5654 524 5694 esse
552 5657 581 5692 a
618 5642 854 5695 librariis
878 5643 1136 5696 observat
1168 5641 1467 5695 'lhirlbius.

474 5710 589 5780 (ιι)
632 5712 702 5765 Τὸ
736 5712 880 5764 αὐτὸ
911 5712 1152 5780 ἔπραξε.
1195 5710 1318 5764 Post
1352 5712 1448 5762 has
1476 5706 1830 5780 voceseditip
1861 5704 1969 5780 Ρα-

408 5776 503 5831 ris.
550 5776 676 5833 anui
722 5782 879 5845 1656,
910 5776 1075 5835 habet
1106 5781 1199 5834 καί
1238 5794 1357 5846 quae
1385 5777 1703 5846 coniunctio
1743 5776 1968 5828 minime

406 5851 712 5911 necessaria
746 5859 849 5917 est,
883 5866 947 5907 ac
977 5861 1241 5921 praterea
1268 5851 1419 5907 deest
1446 5848 1499 5903 in
1530 5849 1565 5903 2
1591 5860 1735 5902 utss.‘
1757 5856 1808 5900 et
1829 5846 1969 5917 apud

2084 3192 2234 3263 αύτῷ
2267 3193 2578 3265 προέλεγεν.
2618 3195 2857 3258 Ὄνειδος
2886 3195 2984 3266 μὲν
3016 3197 3124 3267 γάρ
3156 3199 3290 3267 ἡμῖν
3324 3201 3435 3261 τοῖς
3469 3200 3549 3260 είς
3569 3198 3669 3250 αὐ·-

2081 3285 2173 3338 τὸν
2207 3285 2553 3339 πιστεύουσιν
2596 3286 2901 3358 ἀνθρώποις
2934 3288 3205 3359 πανταχοῦ
3248 3289 3430 3341 ἐστιν·
3469 3307 3487 3340 ι
3538 3288 3662 3353 Ἐξ-

2081 3374 2358 3447 ουθένημα
2384 3376 2439 3430 δὲ
2470 3377 2561 3430 τοῦ
2595 3378 2745 3442 λαοῦ,
2775 3398 2792 3430 ι
2816 3380 2897 3432 ὃτι
2928 3380 3031 3431 ὑπὸ
3050 3379 3140 3431 τοῦ
3181 3378 3309 3433 λαοῦ
3334 3378 3485 3450 ὑμῶν
3509 3378 3667 3445 ἐξου-

2081 3466 2332 3531 θενωθεὶς
2362 3470 2457 3522 καὶ
2485 3470 2812 3540 ἀτιμωθεὶς,
2846 3469 3019 3524 ταῦτα
3052 3470 3278 3534 ἔπαθεν,
3311 3470 3454 3541 άπερ
3481 3470 3666 3541 διεθή-

2080 3578 2211 3614 κατε
2240 3563 2420 3616 αὐτόν.
2453 3563 2563 3616 Καὶ
2590 3563 2659 3616 τά
2689 3563 2985 3617 ἀκόλουθα⁸
3024 3583 3041 3614 ι
3081 3562 3287 3624 Πάντες
3322 3563 3373 3614 οἱ
3401 3560 3666 3631 θεωροῦν-

2077 3656 2168 3719 τές
2198 3674 2265 3728 με
2290 3696 2303 3720 ,
2334 3656 2429 3710 καὶ
2473 3656 2741 3727 ἐλάλησαν
2774 3657 2831 3708 ἐν
2858 3655 3091 3726 χείλεσιν
3118 3672 3131 3684 °
3182 3654 3438 3725 ἐκίνησαν
3483 3670 3661 3720 κεφα-

2076 3747 2204 3820 λήν·
2235 3749 2497 3802 Ἠλπισεν
2526 3749 2618 3801 ἐπὶ
2644 3747 2848 3819 Κυρίου
2872 3764 2884 3776 θ
2914 3745 3167 3818 ῥυσάσθω
3195 3745 3375 3808 αὑτὸν,
3409 3745 3488 3797 ὅτι
3511 3743 3662 3797 θέλει

2077 3839 2274 3893 αὐτόν·
2326 3857 2345 3891 ι
2395 3839 2465 3893 τά
2501 3838 2642 3893 αὐτὰ
2684 3838 2887 3909 ὁμοίως
2931 3837 3242 3907 ἐγγίνεσθαι
3268 3836 3418 3908 αὐτῷ
3466 3838 3661 3907 προεῖ-

2076 3947 2197 3986 πεν.
2249 3932 2311 3983 Οί
2354 3929 2461 4003 γάρ
2508 3930 2837 4003 θεωροῦντες
2887 3930 3049 3983 αὐτὸν
3095 3929 3505 4001 ἐσταυρωμένον
3559 3926 3662 3981 καὶ

2074 4023 2316 4094 κεφαλὰς
2343 4024 2573 4087 ἕκαστος
2609 4025 2851 4088 ἐκίνουν,
2894 4023 2989 4076 καὶ
3023 4021 3093 4076 τά
3128 4022 3278 4092 χείλη
3318 4021 3658 4091 διέστρεφον,

2074 4120 2169 4173 καὶ
2194 4121 2307 4181 τοῖς
2339 4116 2683 4189 μυξωτῆρσιν
2711 4117 2769 4168 ἐν
2801 4116 2979 4181 ἄλλοις
3005 4113 3362 4186 διερινοῦντες
3392 4113 3501 4183 (l3)
3530 4112 3654 4164 ἐλε-

2073 4227 2169 4279 γον
2225 4209 2634 4281 εἰρωνευόμενοι
2672 4206 2845 4263 ταῦτα
2889 4208 2925 4262 ἃ
2974 4209 3067 4262 καὶ
3096 4208 3155 4260 ἐν
3191 4210 3304 4269 τοῖς
3330 4206 3658 4274 ἀπομνημο-

2073 4302 2301 4373 νεύμασι
2346 4302 2453 4355 τῶν
2499 4302 2818 4355 ἀποστόλων
2857 4299 3022 4354 αὐτοῦ
3068 4300 3373 4371 γέγραπται
3401 4314 3413 4326 ·
3456 4312 3475 4345 ι
3522 4294 3658 4347 Υίδν

2071 4395 2208 4449 Θεοῦ
2241 4395 2437 4449 ἐαυτὸν
2467 4395 2622 4464 ἔλεγε
2646 4412 2660 4425 ·
2710 4393 2954 4458 καταϐὰς
2990 4390 3388 4463 περιπατείτω·
3422 4387 3660 4441 σωσάτω

2003 4490 2050 4547 D
2073 4490 2235 4542 αὑτὸν
2262 4491 2290 4543 6
2318 4487 2468 4551 Θεός.
2509 4506 2528 4540 ι

2148 4583 2269 4638 102.
2310 4582 2421 4636 Καὶ
2448 4580 2518 4634 τὰ
2558 4579 2683 4652 ἑξῆς
2709 4598 2722 4611 ο
2762 4598 2780 4631 ι
2831 4579 2895 4631 Ἦ
2934 4577 3089 4639 ἐλπίς
3128 4590 3228 4645 μου
3274 4571 3383 4627 ἀπὸ
3428 4569 3656 4641 μαστῶν

2076 4675 2177 4747 τῆς
2224 4674 2429 4747 μητρός
2480 4690 2601 4745 μου.
2664 4672 2786 4725 Ἐπὶ
2833 4671 2890 4723 σέ
2938 4668 3239 4740 ἐπερρίφην
3292 4665 3358 4716 ἐκ
3411 4662 3651 4732 μήτρας.

2092 4769 2222 4821 Ἀπὸ
2257 4766 2492 4839 γαστρὸς
2524 4765 2729 4837 μητρός
2762 4780 2862 4835 μου
2900 4762 3030 4825 Θεός
3068 4776 3169 4831 μου
3209 4752 3263 4812 εἷ
3298 4754 3389 4810 σύ’
3428 4754 3510 4808 ὅτι
3547 4754 3655 4807 οὐκ

2078 4859 2223 4913 ἔστιν
2256 4856 2368 4931 (14)
2404 4859 2432 4911 6
2462 4857 2671 4930 βοηθῶν
2720 4874 2829 4929 μοι.
2863 4848 3317 4926 Περιεκύκλωσάν
3350 4864 3417 4919 με
3456 4845 3656 4917 μόσχοι

2075 5213 2210 5267 Bob.
2270 5209 2630 5280 Stephanum.
2679 5208 2837 5279 Legit
2884 5206 3167 5263 Thirlbius
3214 5204 3466 5274 λέγοντος
3515 5204 3651 5277 γάρ,

2075 5283 2368 5355 quodnon
2388 5283 2579 5355 magis
2612 5280 2998 5355 necessarium.

2149 5351 2405 5423 (lfliKal
2440 5347 2738 5421 γιὲόμενα.
2776 5348 2998 5423 Frustra
3030 5347 3118 5423 hic
3146 5347 3412 5423 γενόμενα
3455 5348 3651 5423 obtru-

2080 5416 2167 5477 dit
2196 5416 2537 5491 sylburgius,
2567 5416 2693 5473 cum
2727 5418 3011 5491 manifeste
3034 5416 3558 5487 Justinus‘loquatur
3580 5417 3653 5467 de

2072 5493 2139 5548 iis
2164 5490 2283 5562 qua:
2308 5503 2435 5546 tunc
2451 5490 2793 5562 JChristianis
2818 5490 3162 5562 eveniebant:

2142 5553 2254 5632 (ἱὸ)
2277 5631 2280 5632 ν
2302 5558 3097 5632 ‘Er_d.l.10tc_6tspts:06rteq.
3144 5554 3312 5632 Forte
3337 5553 3643 5632 legendum

2070 5624 2317 5706 ἐναλλάξ.
2352 5630 2549 5706 dirigis
2610 5624 2785 5706 placet
2843 5627 3133 5698 Sylburgio
3193 5624 3649 5706 διαργξινοῦντες2

2071 5704 2227 5769 cujus
2257 5692 2404 5757 verbi
2438 5692 2581 5754 idem
2610 5692 2826 5752 videtur
2843 5692 2969 5769 esse
3001 5692 3195 5769 sensus
3223 5692 3297 5769 ac'
3316 5692 3466 5751 illius
3500 5692 3648 5763 apud

2071 5767 2361 5828 Tatianum
2387 5786 2441 5824 n.
2483 5770 2576 5832 22,
2620 5767 2928 5840 ῥιναυλοῦσι
2960 5768 3029 5840 τὰ
3050 5767 3283 5840 αἰσχρά.

2143 5842 2397 5917 (ΗλὌτι
2423 5842 2536 5896 οὐκ
2556 5837 2744 5897 ἔστιν.
2765 5838 3031 5895 Nonnulla
3050 5837 3139 5895 hic
3159 5837 3376 5893 desunt.
3408 5839 3643 5894 'l'tmu.
