3962 6262
275 394 371 448 715

1257 399 1596 457 DIALOGUS
1628 400 1772 456 CUM
1806 398 2179 456 TRYPHONE
2209 401 2472 458 JUDIEO.

3421 415 3527 469 7M

268 508 467 563 πολλοί·
508 506 694 579 ταῦροι
733 508 941 576 πίονες
994 515 1288 584 περιέσχον
1336 532 1424 585 με.
1474 514 1731 579 Ἤνοιξαν
1767 516 1825 567 si:

1964 516 2108 572 Deus
2149 532 2304 571 meus
2343 530 2403 571 es
2441 526 2529 582 tu;
2579 519 2838 588 quoniam
2881 536 2987 576 non
3023 532 3107 579 est
3148 526 3237 594 qui
3282 526 3521 597 adjuvet.

263 601 357 673 εμὲ
380 602 435 655 τὸ
462 600 629 671 στόμα
657 601 871 666 αὐτῶν,
898 604 987 669 ὡς
1020 606 1160 660 λέων
1187 607 1449 679 ἀρπάζων
1478 608 1574 661 καὶ
1603 607 1852 679 ὠρυόμε-

1959 608 2443 664 Circumdedcrunt
2478 625 2564 665 me
2594 611 2748 666 vituli
2784 614 2965 680 multi;
3001 620 3136 672 tauri
3169 621 3395 689 pingues
3417 624 3526 679 cir—

260 711 364 760 νος.
401 696 537 748 Ὢσεὶ
564 693 708 766 ὕδωρ
738 695 989 769 ἐξεχύθη
1035 701 1129 752 καὶ
1171 700 1555 772 διεσκορπίσθη
1584 701 1759 754 πάντα
1784 718 1825 753 τί

1955 703 2349 759 cumdederunt
2381 720 2487 760 me.
2519 707 2868 775 Aperuerunt
2901 726 3063 780 super
3104 730 3189 769 me
3228 730 3289 770 os
3326 733 3482 773 suum
3503 761 3520 786 ,

256 790 383 843 ὀστᾶ
408 807 530 859 μου.
574 789 846 862 Ἐγενήθη
889 793 926 863 ὴ
968 792 1169 864 καρδία
1199 810 1300 864 μου
1329 794 1461 847 ὡσεὶ
1495 795 1663 866 κηρὸς
1689 796 1851 865 τηκὸ-

258 900 410 953 μενος
438 884 494 934 ὲν
526 883 678 953 μέσῳ
705 885 806 954 τῆς
828 885 1051 948 κοιλίας
1075 903 1195 956 μου.
1230 887 1527 959 Ἐξηράνθη
1556 886 1631 950 ὡς
1656 886 1851 959 δστρα-

253 992 345 1028 κον
372 977 403 1045 ἡ
437 976 594 1046 ἰσχύς
625 994 729 1047 μου
757 996 769 1006 ·
803 979 903 1031 καὶ
928 980 964 1050 ἡ
996 978 1217 1048 γλῶσσά
1257 997 1359 1050 μου
1407 980 1728 1051 κεκόλληται
1769 983 1848 1053 τῷ

249 1067 485 1141 λάρυγγί
521 1088 655 1141 μου·
701 1090 720 1122 ›
755 1071 867 1124 τῶν
914 1073 1301 1144 γεγενημένων
1342 1074 1441 1145 τὴν
1477 1076 1845 1145 προαγγελίαν

246 1161 513 1215 ἐποιεῖτο·
566 1161 627 1216 τὸ
667 1162 813 1233 γὰρ,
853 1182 871 1215 ι
923 1163 991 1217 Ἡ
1036 1165 1191 1228 ἐλπίς
1226 1182 1327 1235 μου
1356 1165 1464 1219 ἀπὸ
1499 1167 1721 1238 μασθῶν
1749 1169 1846 1240 τῆς

249 1255 455 1326 μητρός
502 1273 630 1326 μου.
670 1276 690 1307 ι
731 1257 882 1327 Ἀμα
928 1256 1038 1332 γὰρ
1207 1260 1532 1331 γεννηθῆναι
1577 1261 1738 1315 αὐτὸν
1785 1263 1843 1314 ὲν

246 1350 524 1421 Βηθλεὲμ,
555 1350 636 1413 ὡς
672 1351 947 1422 προσέφην,
993 1350 1145 1423 παρὰ
1170 1351 1276 1404 τῶν
1304 1352 1412 1405 ἀπὸ
1452 1352 1708 1424 Ἀραϐίας
1743 1354 1844 1424 μά-

244 1458 347 1509 γων
416 1440 619 1512 μαθὼν
667 1442 916 1513 Ἡρώδης
968 1445 997 1496 ὁ
1053 1442 1303 1513 βασιλεὺς
1345 1444 1416 1497 τὰ
1480 1446 1599 1498 κατ’
1654 1447 1838 1511 αὑτὸν,

242 1534 645 1588 ὲπϐούλευσεν
707 1534 917 1588 ἀνελεῖν
973 1536 1132 1589 αὐτὸν
1154 1576 1168 1599 ,
1222 1538 1315 1590 καὶ
1379 1537 1521 1591 κατά
1580 1539 1679 1611 τὴν
1745 1540 1840 1593 τοῦ

238 1628 367 1682 Θεοῦ
422 1628 687 1681 κε’λευσιν
747 1630 947 1701 Ἰωσὴφ
984 1629 1160 1682 λαϐὼν
1196 1630 1357 1683 αὐτὸν
1393 1631 1509 1702 ἅμα
1542 1635 1608 1703 τῇ
1651 1634 1841 1706 Μαρίᾳ

234 1720 483 1790 ἀπῆλθεν
528 1722 616 1783 εἰς
654 1720 953 1790 Αἴγυπτον.
1002 1721 1155 1775 Μετὰ
1192 1722 1301 1794 γὰρ
1350 1724 1410 1776 τὸ
1463 1725 1695 1796 κηρῦξαι
1737 1726 1836 1778 αὐ-

233 1812 318 1865 τὸν
354 1813 458 1865 τὸν
522 1815 662 1884 παρ’
730 1812 897 1868 αὑτοῦ
957 1814 1113 1884 λόγον
1155 1816 1493 1888 ἀνδρωθέντα
1540 1821 1570 1871 ὀ
1620 1819 1832 1891 Πατὴρ,

1953 795 2095 850 sicut
2128 797 2212 852 leo
2244 800 2461 868 rapiens
2487 814 2543 854 et
2572 802 2815 871 rugiens.
2852 803 3007 860 Sicut
3033 821 3173 876 aqua
3199 810 3365 866 ell‘usa
3392 822 3522 868 sunt

1952 896 2006 942 et
2034 888 2298 959 dissipata
2328 893 2509 947 omnia
2536 908 2658 948 ossa
2689 909 2832 950 mea.
2862 897 3083 952 Factum
3110 909 3196 955 est
3215 919 3314 957 cor
3339 921 3518 962 meum

1953 988 2208 1051 tanquam
2264 997 2389 1038 cera
2450 985 2759 1055 liquescens
2809 989 2861 1043 in
2914 992 3092 1047 medio
3133 997 3339 1051 ventris
3388 1000 3518 1057 mei.

1950 1069 2178 1126 Exaruit
2212 1074 2355 1129 sicut
2389 1086 2526 1131 testa
2565 1080 2738 1135 virtus
2775 1097 2895 1137 mea
2942 1094 2998 1138 et
3038 1084 3217 1155 lingua
3262 1104 3381 1145 mea
3420 1092 3518 1145 ad.

1950 1162 2103 1216 haesit
2132 1163 2376 1220 faucibus
2400 1170 2565 1232 meis;
2599 1189 2618 1222 ›
2653 1187 2865 1239 eorum,
2895 1191 3016 1244 quae
3037 1191 3357 1247 evenerunt,
3381 1198 3520 1252 prae-

1947 1255 2346 1313 nuntiationem
2378 1262 2684 1329 habebant;
2741 1267 2889 1321 velut
2935 1269 3108 1324 illud:
3140 1290 3160 1323 ‹
3210 1274 3346 1343 Spes
3396 1291 3513 1331 mea

1945 1344 2013 1398 ab
2045 1348 2303 1403 uberibus
2333 1353 2519 1408 matris
2540 1370 2692 1410 meae.
2726 1376 2744 1408 ι
2770 1358 2969 1414 Statim
2996 1363 3138 1417 enim
3168 1376 3333 1435 atque
3354 1365 3517 1422 Beth-

1944 1432 2141 1489 lehemi
2178 1448 2337 1494 natus
2364 1452 2468 1505 est,
2503 1458 2598 1497 rex
2634 1444 2899 1511 Herodes,
2928 1458 2988 1503 ut
3016 1451 3147 1516 dixi,
3168 1432 3259 1522 qui
3291 1469 3321 1507 a
3344 1458 3516 1526 magis

1942 1541 2009 1580 ex
2040 1526 2244 1583 Arabia
2278 1532 2621 1589 venientibus
2648 1536 2713 1589 de
2736 1551 2800 1590 eo
2834 1538 3121 1606 didicerat,
3152 1542 3374 1601 insidias
3401 1546 3515 1612 ejus

1941 1617 2068 1672 vita:
2098 1619 2315 1676 molitus
2338 1633 2450 1691 est;
2475 1628 2571 1679 sed
2594 1624 2797 1697 Joseph
2830 1630 2921 1684 Dei
2944 1632 3097 1701 jussu
3122 1650 3243 1689 eum
3271 1651 3392 1691 cum
3413 1638 3515 1693 Ma-

1941 1713 2021 1763 ria
2060 1725 2344 1767 assumens
2390 1715 2441 1768 in
2489 1715 2785 1788 [Egyptum
2831 1723 2984 1777 abiit.
3036 1725 3321 1781 Statuerat
3367 1733 3510 1783 etaim

1941 1800 2104 1855 Pater
2132 1803 2222 1871 qui
2261 1821 2384 1859 eum
2419 1820 2704 1877 genuerat,
2743 1821 2801 1866 ut
2841 1828 2945 1868 non
2984 1824 3112 1870 ante
3145 1820 3509 1888 occideretur,

232 1906 734 1979 θανατωθήσεσθαι
796 1907 958 1961 αὑτὸν
1010 1907 1288 1979 ὲκεκρίκει
1349 1909 1408 1963 ὃν
1458 1911 1829 1981 ὲγεγεννήκει.
1865 1918 1906 1973 Β
1940 1895 2098 1966 197
2131 1913 2293 1967 quam
2328 1900 2501 1968 ίρδίυε
2544 1904 2772 1958 verbum
2805 1906 2893 1959 νῘΓ
2926 1906 3107 1964 melus
3141 1913 3512 1980 Ρηάῖοθεεεῑ·

241 1998 364 2052 Ἐὰν
400 1997 466 2051 δέ
502 2016 594 2062 τις
633 1999 768 2069 ἡμῖν
806 1998 961 2071 λέγῃο
988 1999 1079 2071 Μὴ
1115 2000 1223 2072 γὰρ
1259 2001 1358 2054 οὐκ
1395 2001 1626 2071 ἠδύνατο
1654 2002 1834 2068 ὁΘεὸς

233 2090 433 2161 μᾶλλον
484 2091 582 2143 τὸν
629 2088 877 2161 Ἡρώδην
931 2092 1281 2157 ἀποκτεῖναι;
1333 2094 1625 2165 προλαϐὼν
1667 2094 1829 2164 λέγω·

231 2183 314 2253 Μὴ
344 2184 465 2254 γὰρ
489 2184 599 2236 οὐκ
640 2183 879 2253 ἠδύνατο
899 2183 927 2236 ὁ
960 2184 1094 2249 Θεὸς
1122 2185 1219 2257 τὴν
1245 2185 1419 2257 ἀρχὴν
1456 2188 1549 2240 καὶ
1587 2186 1678 2239 τὸν
1710 2187 1833 2257 ὅφιν

230 2275 420 2345 ἐξᾶραι
453 2275 551 2328 τοῦ
593 2276 673 2347 μὴ
712 2272 870 2339 εἶναι,
910 2278 1007 2330 καὶ
1054 2276 1129 2348 μὴ
1172 2280 1364 2342 εἰπεῖν,
1402 2279 1514 2330 ὅτι·
1561 2279 1711 2331 «Καὶ
1744 2277 1833 2348 ἔχ-

229 2362 357 2434 θραν
381 2367 543 2437 θήσω
573 2367 682 2420 ἀνὰ
720 2367 888 2437 μέσον
910 2366 1072 2420 αὑτοῦ
1096 2369 1190 2420 καὶ
1208 2369 1304 2439 τῆς
1320 2367 1595 2436 γυναικὸς,
1618 2369 1713 2421 καὶ
1736 2365 1828 2421 τοῦ

230 2457 553 2529 σπέρματος
611 2458 781 2511 αὑτοῦ
822 2460 919 2512 καὶ
955 2459 1047 2511 τοῦ
1104 2459 1416 2532 σπέρματος
1453 2460 1652 2530 αὐτῆς
1680 2480 1698 2512 ι
1738 2460 1829 2533 Μὴ

226 2553 327 2621 γὰρ
364 2552 473 2603 οὐκ
512 2552 754 2620 ἠδύνατο
788 2552 948 2616 εὐθὺς
987 2552 1189 2623 πλῆθος
1223 2551 1527 2624 ἀνθρώπων
1570 2555 1826 2626 ποιῆσαι;

237 2643 369 2697 Ἀλλ’
406 2642 487 2707 ὡς
545 2644 820 2712 ἐγίνωσκε
854 2643 1017 2697 καλὸν
1063 2642 1201 2697 εἶναι
1248 2645 1529 2713 γενέσθαι,
1571 2647 1828 2719 ἐποίησεν

224 2737 611 2806 αὖτεξουσέους
655 2738 797 2807 πρὸς
842 2736 1256 2806 δικαιοπραξίαν
1297 2739 1391 2791 καὶ
1427 2738 1693 2806 ἀγγέλους
1732 2740 1827 2793 καλ⁴

224 2829 582 2900 ἀνθρώπους
620 2828 722 2879 καὶ
762 2825 990 2897 χρόνους
1028 2826 1193 2898 ὥρισε
1234 2827 1426 2899 μέχρις
1464 2822 1525 2881 οὗ
1563 2830 1826 2897 ἐγίνωσκε

225 2922 384 2974 καλὸν
435 2917 579 2973 εἶναι
627 2920 693 2973 τὸ
733 2918 1085 2983 αὐτεξούσιον
1130 2920 1274 2989 ἔχειν
1326 2920 1556 2984 αὐτούς·
1596 2923 1690 2976 καὶ
1744 2923 1825 2976 ὃτι

224 3014 383 3066 καλὸν
436 3008 580 3066 εἶναι
640 3012 847 3082 ὁμοίως
911 3011 1200 3084 ἐγνώριζε,
1248 3013 1343 3067 καὶ
1389 3013 1679 3079 καθολικάς
1730 3016 1826 3069 καὶ

228 3109 457 3175 pepigi;
492 3108 718 3176 κρίσεις
771 3105 980 3169 ἐποίει,
1033 3104 1454 3175 πεφυλαγμένον
1506 3106 1691 3175 μέντοι
1729 3104 1822 3159 τοῦ

226 3196 594 3262 αὑπξουσίου.
635 3198 802 3249 Ὅθεν
839 3198 1004 3267 φησιν
1037 3198 1066 3249 ὁ
1095 3196 1250 3265 λόγος
1292 3198 1387 3250 καὶ
1412 3200 1470 3251 ἐν
1507 3200 1571 3269 τῇ
1600 3200 1691 3251 ἐπὶ
1729 3199 1821 3253 τοῦ

1935 1988 1991 2041 Si
2024 1989 2145 2058 quis
2195 2001 2377 2046 autem
2428 1992 2614 2049 dicat:
2645 1995 2727 2049 An
2771 2012 2876 2053 non
2909 2009 3127 2066 poterat
3167 2001 3309 2057 Deus
3344 2003 3514 2059 Hern-

1936 2086 2056 2140 dem
2093 2088 2274 2156 potius
2318 2090 2669 2148 interﬁcere?
2703 2094 2842 2150 Huic
2871 2098 3163 2165 quaestioni
3205 2099 3286 2154 sic
3315 2115 3513 2155 occur-

1936 2189 2092 2231 ram:
2122 2177 2203 2232 An
2239 2195 2345 2235 non
2384 2190 2594 2250 poterat
2621 2183 2763 2238 Deus
2784 2186 2854 2239 ab
2893 2186 3049 2243 initio
3090 2190 3255 2243 etiam
3286 2201 3513 2257 serpen-

1936 2277 2093 2325 teme
2128 2272 2306 2326 medio
2352 2273 2568 2340 tollere,
2608 2291 2711 2329 nec
2741 2278 2961 2332 dicere:
3000 2278 3368 2335 «Inimicitias
3410 2296 3509 2349 po-

1931 2376 2057 2414 nam
2098 2362 2237 2418 inter
2272 2379 2393 2419 eum
2429 2374 2486 2420 et
2517 2367 2828 2433 mulierem,
2859 2376 2915 2423 et
2958 2369 3101 2425 inter
3132 2384 3322 2426 semen
3368 2370 3513 2426 illius

1930 2461 1987 2507 et
2014 2466 2199 2508 semen
2249 2454 2413 2524 hujus
2439 2456 2561 2509 “‘39
2593 2458 2675 2511 An
2705 2474 2810 2511 non
2858 2470 3071 2528 poterat
3103 2464 3287 2518 statim
3328 2464 3512 2518 multi-

1933 2546 2179 2600 tudinem
2214 2546 2495 2603 hominum
2527 2552 2755 2605 creare?
2789 2551 2918 2621 Sed,
2945 2564 3004 2608 ut
3037 2553 3360 2624 praeclarum
3386 2569 3510 2611 esse

1924 2634 2242 2705 judicabat,
2290 2640 2492 2697 liberos
2535 2641 2601 2696 ad
2645 2642 2871 2710 justitize
2922 2646 3361 2701 observationem
3408 2661 3507 2702 an-

1930 2732 2077 2803 gelos
2098 2743 2152 2788 et
2177 2734 2426 2790 homines
2449 2736 2685 2802 creavit,
2715 2752 2779 2792 ac
2804 2747 3042 2808 tempora
3065 2739 3307 2795 deﬁnivit
3328 2740 3508 2808 quoad

1928 2827 2129 2881 bonum
2174 2843 2296 2883 esse
2337 2827 2611 2895 judicaret
2657 2843 2751 2884 eos
2794 2828 2971 2885 libero
3015 2831 3091 2884 uti
3136 2831 3405 2898 arbitrio;
3450 2839 3509 2885 et

1929 2917 2053 2985 quia
2086 2918 2294 2985 pariter
2322 2918 2640 2986 prtuclarum
2666 2933 2787 2973 esse
2810 2919 3109 2989 judicabat,
3146 2928 3202 2974 et
3229 2922 3503 2988 generalia

1927 3021 1983 3064 et
2013 3010 2361 3079 particularia
2395 3010 2595 3079 judicia
2624 3010 2776 3075 fecit,
2810 3021 3061 3066 manente
3102 3013 3290 3081 utique
3332 3013 3507 3069 libero

1928 3099 2177 3155 arbitrio.
2213 3099 2367 3155 Unde
2428 3100 2708 3169 Scriptura
2753 3102 2802 3154 in
2838 3103 3005 3155 turris
3045 3106 3415 3157 exstructione
3448 3112 3507 3158 et

1928 3188 2238 3258 linguarum
2288 3191 2577 3262 multiplici
2616 3192 2887 3247 divisione
2930 3205 2997 3246 ac
3046 3195 3350 3249 mutatione
3388 3195 3505 3250 haec

226 3287 431 3357 πύργου
466 3288 752 3359 καταϐολῇ
787 3289 883 3342 καὶ
915 3291 981 3359 τῇ
1018 3286 1126 3341 τῶν
1159 3287 1416 3356 γλωσσῶν
1452 3288 1825 3362 πολυφθογγίᾳ

1930 3280 2060 3336 dicit
2093 3295 2108 3334 :
2146 3300 2165 3332 ι
2196 3282 2264 3335 Et
2306 3282 2445 3337 dixit
2475 3283 2737 3338 Dominus
2776 3300 2790 3337 :
2824 3283 2967 3338 Ecce
3013 3298 3186 3354 genus
3228 3300 3418 3352 unum,
3449 3294 3507 3342 et

223 3382 313 3432 καὶ
362 3380 721 3446 ὲξαλλοιώσει
775 3378 979 3431 ταῦτα·
1027 3380 1181 3432 «Καὶ
1237 3374 1355 3432 εἷπε
1407 3378 1643 3450 Κύριοςο
1694 3380 1822 3433 Ἰδοὺ

222 3472 377 3539 γένος
414 3473 473 3526 ἐν
512 3474 613 3527 καὶ
653 3471 832 3543 χεῖλος
881 3470 939 3523 ἓν
978 3470 1212 3525 πάντων.
1256 3472 1368 3524 Καὶ
1402 3471 1559 3524 τοῦτο
1590 3470 1824 3545 ἤρξαντο

223 3566 463 3634 ποιῆσαι.
503 3567 624 3619 Καὶ
664 3565 765 3618 νῦν
801 3564 901 3616 οὐκ
937 3562 1173 3632 ἐκλείψει
1211 3563 1268 3630 ἐξ
1299 3562 1478 3617 αὐτῶν
1516 3563 1690 3617 πάντα
1724 3565 1823 3617 ὅσα

222 3657 281 3709 ἂν
318 3660 626 3711 ὲπξθωνται
677 3660 879 3710 ποιεῖν.
902 3673 920 3707 ι
964 3656 1076 3709 Καὶ
1114 3654 1173 3709 τό
1210 3671 1291 3706 τε’
1339 3672 1358 3705 ι
1397 3653 1697 3726 Ἐξηρὰνθη
1746 3655 1821 3719 ὡς

219 3750 487 3821 ἱστρακον
522 3754 559 3822 ἡ
598 3750 758 3820 ἰσχύς
795 3767 922 3821 μου,
957 3750 1053 3802 καὶ
1091 3749 1123 3819 ἡ
1156 3747 1378 3817 γλῶσσά
1422 3764 1523 3819 μου
1565 3747 1823 3816 κεκόλλη-

221 3857 303 3893 ται
335 3840 416 3910 τῷ
447 3841 693 3913 λάρυγγί
730 3852 856 3911 μου,
884 3858 902 3891 ι
939 3838 1140 3909 ὁμοίως
1185 3837 1293 3891 τῶν
1345 3838 1437 3890 ὑπ’
1474 3838 1636 3892 αὐτοῦ
1690 3839 1819 3909 μελ-

220 3931 416 3986 Vm:
447 3933 705 4002 γίνεσθαι
739 3931 883 3986 κατά
904 3931 961 3985 τὸ
993 3931 1085 3984 τοῦ
1124 3932 1335 4002 Πατρὸς
1364 3930 1579 4001 θέλημα
1611 3947 1819 4002 προαγ-

220 4026 373 4088 tilia.
398 4023 490 4097 ἦν.
532 4027 598 4079 Ἠ
637 4025 749 4096 γὰρ
780 4024 875 4077 τοῦ
912 4024 1131 4096 ἰσχυροῦ
1169 4023 1333 4078 αὑτοῦ
1372 4023 1529 4092 λόγου
1565 4023 1816 4095 δύναμις,

226 4113 288 4165 δι’
332 4114 404 4191 ἧς
447 4119 545 4171 ἀεὶ
596 4118 801 4188 ἧλεγχε
851 4117 977 4181 τοὺς
1034 4114 1398 4187 συζητοῦντας
1453 4116 1601 4186 αὐτῷ
1654 4118 1820 4186 Φαρι-

228 4205 405 4270 σαίους
436 4211 540 4264 καὶ
572 4211 950 4279 γραμματεῖς,
974 4208 1071 4261 καὶ
1102 4206 1285 4273 ἁπλῶς
1318 4208 1442 4271 τοὺς
1474 4209 1531 4260 ὲν
1560 4206 1637 4277 τῷ
1671 4207 1818 4276 γένει

225 4296 375 4364 ὑμῶν
399 4298 782 4363 διδασκάλους,
811 4298 1011 4369 ἐποχὴν
1048 4299 1171 4367 ἔσχε
1204 4298 1357 4369 δίκην
1393 4299 1689 4371 πολυύδρου
1723 4301 1818 4354 καὶ

225 4390 451 4463 tropa;
486 4393 699 4462 πηγῆς,
734 4386 802 4463 ἦς
836 4392 895 4445 τὸ
931 4392 1074 4464 ὕδωρ
1110 4392 1455 4463 ἀπεστράφη,
1496 4394 1816 4463 σιγήσαντος

222 4482 382 4534 αὐτοῦ
419 4483 569 4553 (13),
612 4486 710 4537 καὶ
756 4484 955 4555 μηκέτι
997 4486 1089 4537 ἐπὶ
1135 4484 1367 4538 Πιλάτου
1417 4484 1817 4556 ἀποκρίνασθαι

224 4572 385 4642 μηδὲν
421 4573 626 4644 μηδενὶ
660 4574 1005 4645 βουλομένου,
1045 4575 1121 4639 ὡς
1156 4576 1213 4627 ὲν
1250 4577 1362 4639 τοῖς
1396 4575 1817 4647 ἀπομνημονεύ-

1929 3374 2129 3430 labium
2194 3390 2359 3429 unum
2417 3375 2659 3428 omnium
2696 3392 2709 3426 :
2746 3385 2802 3429 et
2833 3374 2935 3429 hoc
2969 3373 3149 3429 facere
3198 3384 3503 3445 coeperunt,

1926 3474 1979 3520 et
2008 3480 2156 3520 nunc
2196 3481 2304 3521 non
2349 3465 2603 3520 delicient
2636 3467 2703 3519 ab
2737 3466 2818 3521 eis
2861 3480 3202 3535 quaecunque
3254 3475 3507 3522 tentare-

1924 3558 2035 3611 rint
2073 3557 2256 3612 facere
2277 3558 2342 3611 ⁸³.
2369 3577 2389 3613 ι
2449 3557 2581 3612 Illud
2630 3566 2812 3613 autem
2855 3580 2866 3614 :
2903 3575 2923 3610 ι
2960 3557 3189 3613 Exaruit
3246 3569 3520 3629 tanquam‘

1925 3656 2065 3704 testa
2111 3650 2284 3704 virtus
2325 3663 2468 3714 mea,
2503 3657 2560 3704 et
2598 3649 2782 3719 lingua
2830 3666 2947 3704 mea
2990 3651 3218 3706 adhzesit
3250 3651 3501 3707 faucibus

1922 3740 2079 3806 meis,
2100 3758 2120 3791 ι
2161 3741 2413 3795 similiter
2444 3755 2633 3795 eorum
2661 3756 2781 3810 qua:
2819 3741 3119 3799 secundum
3161 3743 3498 3798 voluntatem

1924 3829 2102 3885 Patris
2163 3829 2411 3888 facturus
2467 3833 3037 3902 erat,.pr33nuntiatio
3074 3832 3197 3890 fuit.
3257 3834 3503 3894 Patentis

1922 3924 2067 3978 enim
2110 3923 2254 3978 illius
2284 3923 2435 3979 verbi
2469 3924 2573 3988 vis,
2610 3938 2711 3992 per
2743 3940 2906 3996 quam
2944 3940 3160 3997 semper
3191 3926 3500 3985 Pharisaaos

1919 4024 1975 4069 et
2022 4013 2270 4080 Scribas,
2313 4015 2403 4084 qui
2453 4030 2578 4069 cum
2629 4030 2696 4071 eo
2750 4017 3136 4084 disputabant,
3186 4033 3252 4073 ac
3306 4034 3500 4077 omnes

1919 4123 2145 4177 prorsus
2189 4109 2242 4163 in
2274 4123 2473 4180 genere
2520 4120 2702 4165 vestro
2740 4111 3029 4179 magistros
3059 4113 3345 4183 arguebat,
3376 4130 3500 4171 sus-

1919 4213 2087 4268 pensa
2124 4201 2374 4255 constitit
2412 4202 2584 4257 instar
2611 4204 2964 4257 exuberantis
3010 4212 3065 4257 et
3099 4204 3261 4259 validi
3304 4205 3494 4273 fontis,

1919 4292 2073 4362 cujus
2110 4308 2249 4363 aqua
2292 4309 2479 4349 aversa
2517 4304 2623 4361 est,
2648 4311 2768 4349 cum
2807 4295 2995 4350 sileret
3033 4297 3165 4366 ipse,
3196 4313 3261 4351 ae
3290 4298 3495 4353 nemini

1918 4384 2215 4454 quidquam
2248 4401 2432 4440 coram
2456 4386 2633 4441 Pilato
2666 4389 2995 4456 respondere
3023 4388 3209 4454 vellet,
3234 4390 3496 4458 quemad-

1918 4477 2137 4532 modum
2171 4479 2225 4531 in
2265 4479 2674 4534 commentariis
2715 4480 3082 4549 apOstolnrum
3118 4481 3234 4549 ejus
3269 4483 3495 4536 demon-

1919 4578 2152 4623 stratum
2184 4576 2294 4634 est,
2326 4576 2385 4620 ut
2416 4577 2470 4621 et
2502 4568 2647 4621 illius
2678 4568 2831 4621 lsaiaa
2863 4568 2991 4622 dicti
3041 4569 3252 4622 fructus
3300 4568 3491 4622 efﬁcax

226 4677 355 4728 μασι
389 4662 503 4715 τῶν
535 4665 853 4719 ἀποστόλων
883 4666 1047 4719 αὐτοῦ
1080 4666 1398 4738 δεδήλωται·
1433 4668 1581 4732 ὅπως
1629 4668 1723 4721 καὶ
1755 4668 1816 4721 τὸ

1930 4666 2162 4713 exstaret
2196 4671 2212 4710 :
2252 4674 2270 4707 ι
2300 4658 2559 4711 Dominus
2599 4658 2689 4712 dat
2737 4657 2868 4711 mihi
2914 4658 3185 4728 linguam,
3226 4665 3286 4711 ut
3316 4658 3492 4712 norim

221 4751 307 4805 διὰ
353 4753 583 4808 Ἡσαΐου
637 4756 930 4826 εἰρημένον
980 4759 1191 4829 καρπὸν
1251 4759 1448 4830 ὲνεργῆ
1507 4758 1636 4831 ἔχῃ,
1677 4761 1810 4813 ὅπου

226 4841 469 4911 εἴρηται·
512 4860 529 4893 ι
557 4844 764 4917 Κύριος
814 4846 995 4899 δίδωσί
1048 4864 1137 4918 μοι
1184 4848 1432 4917 γλῶσσαν
1469 4849 1561 4902 τοῦ
1611 4850 1815 4919 γνῶναι

226 4932 379 5000 ἡνίκα
414 4950 487 5003 με
520 4934 604 4986 δεῖ
640 4938 814 4989 εἰπεῖν
841 4937 1051 5006 λόγον.»
1090 4939 1163 4991 Τὸ
1194 4938 1251 4991 δὲ
1286 4940 1381 4993 καὶ
1415 4941 1588 4993 εἰπεῖν
1614 4941 1809 4993 αὐτόν·

231 5038 251 5070 ε
268 5021 395 5085 θεὸς
416 5041 523 5091 μου
546 5021 598 5078 εξ
635 5027 697 5079 σύ
717 5045 731 5058 .
767 5029 843 5100 μὴ
874 5030 1117 5101 ἀποστῇς
1138 5031 1232 5084 ἀπ’
1254 5030 1413 5102 ἐμοῦ,
1428 5050 1446 5082 ι
1472 5030 1814 5097 διδάσκοντος

229 5112 361 5182 ἁμα,
394 5115 479 5167 ὅτι
513 5116 611 5166 ἐπὶ
627 5117 764 5171 Θεὸν
797 5120 887 5172 τὸν
924 5120 1105 5175 πάντα
1131 5123 1434 5194 ποιήσαντα
1472 5122 1711 5187 ἐλπίζειν
1732 5123 1816 5176 δεῖ

228 5208 452 5271 πάντας,
486 5208 587 5260 καὶ
622 5210 752 5276 παρ’
780 5211 990 5264 ἐκείνου
1039 5212 1202 5284 μόνου
1249 5214 1522 5285 σωτηρίαν
1555 5215 1650 5268 καὶ
1685 5214 1813 5288 βοή·

227 5293 374 5350 θειαν
407 5299 598 5369 ζητεῖν
618 5315 632 5327 ·
656 5299 793 5353 ἀλλὰ
829 5301 929 5373 μὴ,
952 5303 1027 5367 ὡς
1059 5305 1183 5371 τοὺς
1216 5305 1435 5370 λοιποὺς
1469 5305 1576 5358 τῶν
1605 5304 1815 5377 ἀνθρὼ-

227 5404 360 5452 πων,
384 5390 470 5443 διὰ
506 5389 692 5459 γένος,
726 5391 758 5462 ἦ
795 5392 1045 5459 πλοῦτον,
1079 5396 1113 5467 ἢ
1151 5398 1324 5467 ἰσχὺν,
1366 5398 1399 5468 ἢ
1437 5400 1628 5467 σοφίαν
1661 5399 1814 5470 νομί·-

299 5544 339 5579 ⁶⁸
377 5543 519 5601 Gen.
555 5559 643 5609 ιιι,
684 5545 795 5601 15.-
875 5548 919 5578 ⁶’
960 5547 1097 5604 Gen.
1124 5567 1202 5617 χι,
1239 5551 1290 5606 6.
1369 5552 1484 5584 “‘5‘
1527 5551 1631 5608 lsa.
1668 5570 1721 5619 1.,
1750 5553 1809 5609 4.

305 5698 405 5766 (15)
446 5699 830 5769 Σιγήσαντος
860 5702 1069 5756 αὐτοῦ.
1105 5702 1316 5760 Similia
1368 5706 1533 5761 habet
1587 5706 1808 5761 Tertul-

236 5756 401 5822 lianns
428 5756 536 5823 lib:
555 5756 588 5822 ί
613 5773 751 5825 Adv.
788 5756 983 5836 ilum,
1017 5789 1066 5827 c.
1090 5756 1809 5832 iiiis}.Sminthii-Ite

236 5842 335 5894 Ρη)
368 5842 460 5893 καὶ
511 5842 573 5893 τό
600 5854 725 5902 τε,
773 5841 1098 5911 Sylburgius
1138 5859 1320 5902 monet
1374 5848 1661 5917 legendum
1711 5848 1807 5901 καὶ

498 5935 778 5995 Ρλτιιοι..
829 5934 945 5996 Gn.
992 5935 1095 5995 Vl.

1920 4752 2134 4821 quando
2172 4765 2256 4804 me
2305 4760 2557 4818 oporteat
2584 4750 2813 4804 verbum
2846 4750 3090 4819 proloqui
3115 4749 3303 4804 ‘3'“.1
3338 4749 3494 4816 Quod

1920 4852 2099 4897 autem
2117 4842 2283 4896 dicit:
2307 4862 2323 4893 ε
2352 4845 2491 4895 Deus
2508 4856 2659 4897 meus
2682 4855 2740 4897 es
2777 4851 2866 4897 tu:
2894 4856 2962 4896 ne
2983 4841 3233 4899 discedas
3267 4857 3296 4897 a
3331 4856 3447 4907 me;
3467 4861 3487 4892 ι

1921 4933 2081 4988 simul
2115 4935 2271 4988 docet
2307 4934 2359 4987 in
2401 4934 2592 4998 Deum,
2636 4933 2729 5003 qui
2759 4934 2941 4990 omnia
2986 4935 3224 5000 creavit,
3273 4947 3494 5003 sperare

1923 5040 2114 5081 omnes
2158 5026 2375 5092 debere,
2414 5039 2467 5081 et
2498 5029 2566 5083 ab
2597 5042 2662 5082 eo
2707 5027 2824 5081 solo
2870 5026 3104 5081 salutem
3134 5034 3191 5080 et
3226 5025 3488 5081 auxilium

1922 5134 2195 5188 qumrere;
2234 5134 2332 5175 nec
2379 5130 2701 5176 cancrorum
2736 5120 3019 5175 hominum
3068 5133 3219 5174 more
3261 5118 3491 5173 salutem

1921 5224 2146 5286 propter
2181 5230 2374 5287 genus,
2411 5224 2505 5271 aut
2532 5214 2723 5281 robur,
2755 5224 2851 5271 aut
2884 5215 3123 5282 divitias,
3157 5221 3252 5269 aut
3279 5213 3496 5283 sapien-

1925 5309 2055 5363 tiam
2092 5309 2312 5378 assequi
2344 5324 2402 5363 se
2444 5324 2601 5378 posse
2629 5308 2867 5378 opinari.
2893 5305 3066 5373 Quale
3094 5315 3180 5361 est
3214 5305 3359 5376 quod
3391 5304 3492 5373 ipsi

1921 5415 2140 5471 quoque
2171 5416 2387 5470 semper
2416 5382 2640 5467 fecistis,
2668 5401 2762 5471 qui
2792 5398 3081 5470 aliquando
3102 5397 3320 5469 quidem
3361 5398 3495 5451 vitu-

1912 5711 1971 5767 τό
1999 5728 2093 5839 vel,
2141 5714 2221 5770 vel
2256 5715 2491 5786 primam
2521 5721 2617 5771 aut
2646 5723 2980 5784 postremam
3025 5709 3315 5768 delendam
3364 5720 3494 5762 esse

1912 5799 2049 5839 vocu
2079 5800 2189 5839 am.

1912 5799 2189 5840 νοευιοιη.

3101 5934 3180 5995 23
