3954 6258
510 385 617 442 ⁸115

1429 377 1487 435 S.
1523 376 1786 435 JUSTINI
1821 371 2229 432 PHILOSOPIII
2263 371 2351 427 ΕΤ
2392 369 2754 428 MAR'I‘YRIS

3646 369 3747 427 716

512 502 623 557 lum
658 498 955 566 conﬂastis,
989 512 1207 570 semper
1235 508 1415 556 autem
1445 499 1694 570 ingratos
1725 510 1782 555 et
1812 499 2064 568 justoruu

2184 493 2299 558 ζειν
2347 490 2604 547 δύνασθαι
2647 488 2933 556 σώζεσθαι.
2983 488 3194 542 Ὀποῖον
3236 488 3333 542 καὶ
3374 486 3529 561 ὑμεῖς
3579 487 3742 560 ἀεὶδὴ

515 591 916 657 interfectores,
959 598 1016 646 et
1045 592 1360 663 arrogantia
1401 592 1472 648 ob
1503 607 1674 663 genus
1709 602 1950 647 vestrum
2001 592 2083 645 in-

508 681 667 737 ﬂatos
706 695 803 737 vos
837 679 1179 737 exitibuistis.
1213 680 1352 736 Nam
1390 683 1437 737 si
1466 682 1641 738 Filius
1674 682 1793 746 Dei,
1821 698 1923 737 nec
1953 685 2080 752 quia

508 770 681 830 Filius
709 781 813 841 est,
860 787 960 828 nec
1001 772 1127 842 quia
1160 772 1340 841 fortis,
1379 787 1481 829 nec
1509 775 1636 843 quia
1682 774 1925 843 sapiens,
1964 788 2079 829 ser-

507 866 627 922 vari
675 880 735 923 se
786 880 942 938 posse
997 864 1164 931 dicit,
1212 866 1309 921 sed
1368 875 1428 921 ut
1475 874 1623 921 esset
1686 866 2078 936 impeccabilis,

506 956 958 1026 quemadmodum
1006 956 1086 1011 ait
1136 955 1301 1011 Isaias
1322 957 1367 989 ⁸⁸
1406 971 1530 1012 eum
1583 972 1686 1013 nec
1733 971 1865 1013 voce
1927 966 2081 1013 tenus

505 1047 1160 1118 peccasse-(iniquitatem
1191 1048 1339 1104 enim
1396 1064 1506 1103 non
1542 1048 1697 1115 fecit,
1740 1062 1843 1104 nec
1896 1047 2079 1102 dolum

503 1154 603 1195 ore
644 1139 943 1210 commisit)
982 1140 1101 1195 sine
1132 1140 1253 1197 Deo
1292 1142 1500 1196 servari
1546 1156 1606 1197 se
1632 1157 1742 1196 non
1791 1156 1949 1213 posse
1983 1141 2075 1197 de-

504 1230 705 1299 clarat;
744 1231 1016 1301 quomodo
1042 1247 1137 1287 vos
1161 1243 1215 1290 et
1244 1233 1360 1301 alii,
1392 1234 1483 1304 qui
1524 1234 1645 1291 sine
1674 1233 1765 1289 illa
1792 1248 1889 1305 spe
1930 1235 2074 1290 salu-

505 1332 615 1379 tem
661 1323 1014 1393 exspectatis,
1073 1340 1175 1379 non
1221 1340 1252 1379 a
1308 1325 1710 1398 lnobismetipsis
1754 1341 1854 1382 vos
1901 1324 2077 1397 decipi

507 1416 799 1487 cogitatis?

582 1591 705 1650 C03.
740 1592 1018 1649 Pharisaei
1062 1602 1185 1649 sunt
1236 1596 1415 1661 tauri;
1460 1594 1539 1650 leo
1582 1596 1792 1667 rugiens
1843 1594 2078 1651 Herodes

502 1694 597 1737 aut
637 1684 1001 1742 diabolus.—
1029 1686 1160 1753 Qua:
1205 1687 1398 1743 deinde
1438 1688 1491 1742 in
1524 1687 1743 1758 ipsalmo
1783 1688 2075 1744 dicuntur:

2183 584 2489 658 ἐπράξατε,
2525 583 2655 637 ποτέ
2700 583 2798 654 μὲν
2852 582 3380 653 μοσχοποιήσαντες,
3420 582 3505 635 ἀεὶ
3544 581 3597 634 δέ
3629 583 3753 652 ἀχά-

2186 694 2375 749 ριστοι,
2407 677 2501 730 καὶ
2536 677 2713 745 φονεῖς
2740 674 2847 727 τῶν
2878 673 3124 737 δικαίων,
3157 674 3254 727 καὶ
3284 673 3644 743 τετυφωμένοι
3671 674 3751 727 διὰ

2181 770 2242 824 τὸ
2272 767 2429 837 γένος
2478 766 2810 837 φαινόμενοι.
2846 767 2909 819 Εἰ
2956 767 3065 837 γὰρ
3098 767 3127 818 ό
3162 765 3290 830 Υἱὸς
3329 764 3421 817 τοῦ
3460 764 3589 816 Θεοῦ
3638 765 3753 833 φαί-

2180 879 2330 916 νεται
2348 860 2437 915 διὰ
2467 859 2528 912 τὸ
2560 857 2698 915 εἶναι
2728 860 2842 923 υίὸς
2873 858 3007 930 (16),
3045 860 3181 930 μήτε
3215 857 3357 911 κατὰ
3378 856 3435 910 τὸ
3457 852 3590 910 εἶναι
3622 859 3755 927 ίσχυ-

2185 956 2299 1028 ρὸς,
2333 956 2470 1028 μήτε
2505 954 2593 1008 διὰ
2629 955 2689 1008 τὸ
2724 954 2916 1022 σοφὸς,
2961 951 3135 1020 λέγων
3175 949 3435 1004 δύνασθαι
3484 949 3753 1012 σώζεσθαι,

2181 1047 2318 1102 ἀλλὰ
2368 1047 2505 1117 πρὸς
2538 1048 2597 1102 τὸ
2635 1045 3021 1117 ἀναμάρτητος
3062 1040 3198 1097 εἶναι
3247 1042 3388 1112 (I7),
3429 1040 3503 1106 ὡς
3546 1039 3756 1103 Ἡσαΐας

2182 1144 2348 1215 φησὶν
2384 1142 2518 1214 μηδὲ
2567 1140 2730 1213 μέχρι
2783 1138 2968 1209 φωνῆς
3010 1135 3392 1208 ἡμαρτηκέναι
3435 1134 3594 1189 αὐτὸν
3628 1134 3757 1205 (ἀνο-

2184 1233 2312 1306 μίαν
2344 1234 2452 1307 γὰρ
2483 1232 2584 1285 οὐκ
2616 1231 2873 1303 ἐποίησεν
2910 1228 3029 1281 οὐδέ
3050 1226 3199 1280 δόλον
3233 1226 3309 1297 τῷ
3334 1224 3604 1297 στόματι),
3638 1223 3754 1278 ἄνευ

2179 1326 2272 1379 τοῦ
2293 1326 2427 1379 Θεοῦ
2466 1322 2804 1396 σωθήσεσθαι
2842 1322 2918 1393 μὴ
2956 1320 3234 1383 δύνασθαι,
3256 1317 3373 1383 πῶς
3412 1318 3567 1388 ὑμεῖς
3604 1315 3635 1387 ἢ
3668 1317 3754 1368 καὶ

2179 1417 2228 1470 oi
2251 1416 2397 1469 ἄλλοι
2417 1417 2465 1468 oi
2490 1416 2617 1469 ἄνευ
2647 1413 2743 1485 τῆς
2774 1411 2985 1475 ἐλπίδος
3012 1409 3215 1479 ταύτης
3244 1407 3583 1480 σωθήσεσθαι
3603 1422 3753 1476 προσ-

2179 1507 2459 1571 δοκῶντες,
2485 1507 2583 1576 οὐχ
2615 1504 2838 1569 ἑαυτοὺς
2863 1503 3077 1575 άπατᾷν
3103 1500 3417 1570 λογίζεσθες

2255 1596 2374 1652 103.
2416 1596 2498 1649 Τὰ
2528 1595 2584 1648 δὲ
2618 1594 2745 1665 ἐξῆς
2798 1593 3063 1665 εἰρημένα
3114 1594 3171 1645 ἐν
3204 1591 3281 1661 τῷ
3332 1589 3553 1661 ψαλμῦξν
3595 1608 3612 1641 ‹
3642 1591 3755 1642 Ὅτι

2181 1688 2357 1759 θλίψις
2391 1688 2577 1757 ἐγγὺς,
2617 1687 2698 1740 ὅτι
2730 1686 2830 1739 οὐκ
2861 1685 3007 1739 ἐστιν
3038 1686 3067 1739 ό
3102 1682 3313 1755 βοηθῶν
3354 1699 3466 1753 μοι.
3508 1681 3755 1753 Περιεκύ-

509 1793 531 1829 r
558 1775 832 1841 Quoniam
865 1775 1146 1833 tribulatio
1174 1778 1421 1848 proxima
1452 1787 1553 1846 est,
1578 1779 1703 1848 quia
1737 1793 1842 1834 non
1870 1788 1954 1832 est
1984 1780 2064 1848 qni

2179 1782 2391 1838 κλωσάν
2415 1797 2483 1852 με
2509 1779 2696 1851 μόσχοι
2716 1778 2921 1844 πολλοὶ,
2940 1776 3129 1848 ταῦροι
3150 1776 3333 1840 πίονες
3356 1775 3646 1847 περιέσχον
3667 1792 3749 1843 με.

503 1871 725 1940 adjuvet
756 1844 1380 1929 me.Circumdederunt
1420 1887 1507 1927 me
1538 1844 1696 1928 vituli
1730 1872 1907 1937 multi,
1938 1844 2064 1927 tauri

2186 1844 2438 1937 Ἥνοιξαν
2484 1844 2571 1925 ἐπ’
2736 1869 2795 1923 τὸ
2829 1869 3004 1939 στόμα
3046 1844 3255 1929 αὐτῶν,
3293 1866 3369 1929 ὡς
3402 1844 3541 1918 λέων
3582 1844 3754 1937 γάρπά-

500 1961 733 2032 pingnes
770 1962 1101 2018 obsederunt
1134 1977 1242 2019 me.
1285 1963 1630 2034 Aperuerunt
1672 1978 1838 2033 super
1886 1978 1973 2018 me
2016 1979 2064 2020 οε

2181 1964 2289 2031 ξων
2318 1964 2761 2037 καὶώρυόμενος.
2801 1962 2944 2015 Ὠσεὶ
2978 1960 3121 2032 ὕδωρ
3146 1958 3374 2030 ἐξεχύθη
3406 1959 3506 2011 καὶ
3538 1957 3756 2027 διεσκορ⁴

501 2067 683 2119 suum,
709 2053 849 2109 sicut
877 2053 963 2109 leo
982 2057 1203 2125 rapiens
1221 2063 1276 2110 et
1297 2054 1539 2125 rugiens.
1565 2053 1720 2109 Velut
1742 2069 1881 2126 aqua
1905 2054 2064 2111 effusa

2182 2058 2348 2129 πίσθη
2382 2058 2559 2111 πάντα
2593 2057 2660 2110 τὰ
2690 2056 2825 2109 ὀστᾶ
2860 2070 2984 2125 μου,
3012 2071 3031 2104 ι
3068 2050 3176 2105 τῶν
3208 2050 3411 2122 ὁμοίως
3449 2046 3598 2118 αὐτῷ
3632 2064 3755 2117 συμ-

500 2154 629 2201 sunt
664 2154 718 2199 et
739 2145 994 2216 dissipata
1023 2146 1205 2202 omnia
1227 2162 1349 2203 ossa
1382 2161 1499 2201 mea
1530 2165 1543 2201 :
1578 2166 1597 2199 ι
1636 2146 1889 2203 similiter
1915 2148 2064 2219 19s

2180 2150 2388 2204 ϐάντων
2422 2148 2758 2221 προαγγελία
2790 2142 2877 2218 ἦν.
2916 2144 3160 2214 Ἐκείνης
3186 2143 3295 2214 γάρ
3326 2142 3426 2212 τῆς
3460 2140 3647 2201 νυκτὸς
3676 2139 3755 2190 ὅτε

500 2248 690 2291 eorum
713 2250 834 2306 qua:
865 2236 937 2291 illi
962 2246 1283 2302 evenerunt,
1306 2236 1618 2292 vaticinium
1644 2236 1763 2293 fuit.
1783 2237 1898 2304 Qua
1929 2239 2075 2294 enim

498 2334 665 2382 nocte
708 2339 779 2380 ex
820 2336 1006 2381 monte
1032 2323 1315 2381 Olivarum
1350 2326 1403 2381 in
1442 2340 1565 2381 eum
1596 2326 1898 2392 irruerunt,
1940 2341 2077 2397 quos

498 2430 570 2474 ex
614 2416 812 2488 populo
854 2425 1038 2473 vestro
1068 2416 1332 2473 Pharisaei
1375 2424 1432 2472 et
1479 2416 1687 2472 Scriba:
1735 2432 1834 2487 pro
1874 2432 1969 2473 sua
2020 2417 2074 2472 in

500 2508 746 2565 docendo
786 2508 1120 2565 auctoritate
1165 2508 1564 2573 submiserunt,
1600 2508 2077 2564 circumdederunt

498 2616 627 2660 eam
659 2602 771 2671 illi,
798 2610 856 2658 ut
887 2601 1126 2673 appellat
1153 2600 1466 2668 Scriptura,
1494 2600 1651 2657 vituli
1678 2610 1994 2670 cornupette
2022 2610 2076 2657 et

498 2701 824 2765 pramature
860 2693 1099 2749 exitiosi.
1144 2692 1281 2748 illud
1336 2702 1556 2748 autem:
1590 2711 1609 2745 ι
1641 2691 1807 2747 Tauri
1846 2693 2073 2765 pingues

497 2788 835 2845 obsederunt
871 2802 1024 2853 me,»
1058 2802 1157 2844 eos
1201 2788 1348 2857 ipsos
1389 2788 1819 2859 pranuntiabat,
1853 2788 1946 2858 qui
1982 2800 2075 2842 ea-

498 2880 621 2937 dem
656 2894 722 2937 ac
757 2879 916 2936 vitali
956 2878 1230 2944 fecerunt,
1267 2894 1392 2935 cum
1424 2882 1493 2935 ad
1539 2880 1831 2950 magistros
1861 2889 2074 2937 vestros

497 2973 764 3028 adductus
801 2979 887 3028 est
919 2988 938 3027 :
990 2986 1129 3043 quos
1172 2972 1391 3043 quidem
1440 2982 1503 3027 ut
1547 2980 1732 3029 tauros
1787 2972 2073 3042 Scriptura

496 3064 780 3137 designat,
822 3064 953 3135 quia
1003 3074 1187 3120 tauros
1224 3064 1279 3121 in
1321 3079 1488 3121 causa
1533 3078 1657 3121 esse
1700 3064 1937 3130 scimus,
1974 3080 2073 3120 cur

2178 2242 2287 2297 ἀπὸ
2318 2241 2413 2295 τοῦ
2460 2240 2620 2312 ὅρους
2655 2238 2765 2311 (I8)
2809 2237 2918 2291 τῶν
2965 2236 3188 2290 Ἐλαιῶν
3243 2233 3483 2305 ἐπῆλθον
3533 2229 3673 2299 αὐτῷ
3709 2230 3753 2280 οἱ

2177 2335 2287 2389 ἀπὸ
2317 2332 2411 2387 τοῦ
2444 2331 2574 2386 λαοῦ
2607 2330 2759 2403 ὑμῶν
2792 2330 2898 2384 ὑπὸ
2948 2329 3057 2383 τῶν
3106 2326 3417 2399 Φαρισαίων
3459 2323 3553 2377 καὶ
3586 2323 3755 2391 Γραμ-

2182 2427 2396 2499 ματέων
2409 2425 2551 2481 κατὰ
2568 2424 2665 2497 τὴν
2689 2422 3035 2479 διδασκαλίαν
3052 2420 3161 2493 (I9)
3179 2418 3634 2491 ὲπιπεμφθέντες,
3650 2414 3755 2466 ἐκύ-

2177 2518 2392 2573 κλωσαν
2423 2517 2608 2582 αὑτὸν,
2642 2515 2735 2581 οὓς
2769 2515 3003 2588 μόσχους
3026 2513 3354 2586 κερατιστὰς
3378 2512 3478 2567 καὶ
3507 2509 3755 2582 προώλεις

2175 2612 2205 2664 ὁ
2240 2610 2399 2679 λόγος
2436 2609 2609 2679 ἔλεγε.
2651 2609 2763 2663 Καὶ¹
2803 2607 2897 2661 τόδ
2941 2627 2959 2658 ι
2990 2605 3196 2679 Ταῦροι
3236 2605 3423 2669 πίονες
3486 2602 3753 2675 περιέσχον

2178 2719 2267 2775 με,
2291 2721 2310 2755 ι
2352 2704 2547 2766 εἰπεῖν,
2573 2702 2701 2764 τοὺς
2728 2701 2825 2754 καὶ
2856 2700 3051 2765 αὐτοὺς
3091 2698 3191 2769 μὲν
3221 2696 3290 2751 τὰ
3318 2700 3483 2770 ὃμοια
3519 2698 3622 2759 τοῖς
3662 2693 3751 2765 μό-

2176 2813 2327 2868 σχοις
2372 2796 2731 2868 ποιήσαντας,
2764 2795 2855 2847 ὅτε
2879 2793 3019 2865 ἢχθη
3069 2790 3206 2864 πρὸς
3256 2791 3381 2855 τοὺς
3417 2788 3751 2849 διδασκάλους

2176 2888 2350 2961 ὑμῶν,
2382 2887 2699 2961 προέλεγεν.
2744 2884 2851 2950 Οὓς
2883 2885 2958 2950 ὼς
2994 2884 3228 2956 ταύρους
3259 2882 3347 2936 διὰ
3378 2882 3540 2935 τοῦτο
3561 2884 3588 2935 ό
3610 2880 3752 2949 λόγος

2175 2981 2347 3048 εἶπεν,
2371 2982 2558 3054 ἐπειδὴ
2584 2981 2711 3047 τοὺς
2734 2980 2970 3053 ταύρους
2995 2978 3087 3032 τοῦ
3121 2974 3261 3031 εἶναι
3294 2975 3533 3048 μόσχους
3561 2973 3749 3034 αἰτίους

2174 3074 2416 3147 οἴδαμεν.
2450 3074 2537 3138 Ὠς
2566 3068 2658 3127 οὖν
2689 3072 2926 3145 πατέρες
2952 3071 3058 3125 εἰσὶ
3087 3069 3194 3124 τῶν
3229 3068 3450 3140 μόσχων
3478 3068 3527 3120 οἱ
3554 3064 3749 3136 ταῦροι.

495 3156 766 3213 exsistant
793 3156 974 3213 vituli.
1011 3156 1476 3224 Quemadmodum
1517 3171 1647 3229 ergo
1694 3158 1838 3212 tauri
1874 3156 2064 3213 vitulo-

2174 3168 2343 3233 οὕτως
2373 3168 2423 3221 οἱ
2456 3165 2765 3220 διδάσκαλοι
2799 3164 2950 3236 ὑμῶν
2977 3167 3090 3229 τοῖς
3123 3162 3337 3226 τέκνοις
3375 3161 3559 3217 αὐτῶν
3600 3158 3748 3213 αἴτιοι

494 3263 618 3304 rum
657 3257 842 3319 patres
882 3259 1029 3316 sunt,
1050 3249 1133 3305 sic
1165 3249 1411 3320 magistri
1443 3250 1609 3305 vestri
1644 3248 1768 3304 (iliis
1802 3250 1918 3304 suis
1964 3263 2063 3302 au-

494 3350 675 3398 ctores
703 3341 946 3407 fuerunt,
974 3350 1034 3395 ut
1063 3340 1115 3395 in
1148 3349 1384 3396 montem
1410 3340 1688 3397 Olivarnm
1715 3341 1919 3410 egressi
1945 3356 2068 3396 eum

494 3434 1027 3504 comprehenderent
1053 3442 1109 3491 et
1137 3435 1204 3490 ad
1238 3450 1298 3490 se
1338 3435 1691 3492 adducerent.
1714 3435 1846 3491 Illud
1879 3438 2065 3503 etiam,

499 3543 521 3579 ε
547 3526 683 3595 Quia
711 3542 816 3582 non
847 3534 930 3581 est
958 3526 1049 3596 qui
1086 3527 1354 3597 adjuvet,»
1382 3530 1432 3583 id
1462 3531 1602 3599 quod
1632 3529 1830 3585 factum
1862 3540 1946 3586 est
1974 3531 2071 3587 de-

493 3628 779 3677 monstrat.
794 3618 926 3673 Nam
947 3634 1013 3673 ne
1027 3634 1167 3674 unus
1181 3620 1397 3689 quidem
1413 3635 1477 3676 ex
1493 3622 1744 3678 omnibus
1760 3622 2070 3679 hominibus

492 3726 650 3781 opem
682 3710 757 3765 illi
788 3718 849 3765 ut
874 3710 1148 3767 innocenti
1176 3713 1319 3766 tulit.
1360 3712 1430 3769 Et
1466 3714 1637 3771 illud:
1677 3734 1697 3764 ι
1721 3716 2068 3787 Aperuerunt

492 3804 655 3873 super
681 3816 768 3857 me
788 3816 851 3858 os
882 3818 1042 3858 suum
1080 3804 1220 3859 sicut
1246 3804 1331 3860 leo
1361 3807 1631 3877 rugiens,»
1662 3823 1786 3862 eum
1816 3809 2064 3880 designat

491 3894 612 3965 qui;
633 3903 750 3949 tum
792 3892 1103 3949 Judaeorum
1142 3909 1239 3950 rex
1268 3906 1416 3966 erat,
1454 3899 1700 3956 Herodes
1732 3908 1788 3955 et
1819 3901 1934 3971 ipse
1980 3901 2064 3956 di-

488 3994 633 4052 ctus,
661 4000 947 4043 successor
974 3988 1119 4047 illius
1141 3990 1378 4048 Herodis
1403 3992 1518 4061 qui,
1544 4008 1667 4048 cum
1713 3991 1872 4050 Jesus
1903 4004 2063 4051 natus

486 4086 596 4144 est,
638 4092 831 4136 omnes
866 4082 1100 4139 infantes
1125 4084 1270 4139 circa
1313 4084 1445 4140 illud
1481 4096 1692 4155 tempus
1723 4086 2063 4143 Bethiehemi

492 4176 655 4226 natos
692 4172 939 4240 sustulit,
972 4174 1118 4243 quod
1156 4175 1522 4245 suspicaretur
1560 4191 1681 4231 eum
1718 4178 1773 4231 in
1816 4176 1920 4232 hoc
1964 4195 2063 4233 nu-

487 4276 641 4318 mero
665 4277 891 4333 prorsus
917 4279 1059 4333 esse,
1089 4265 1157 4322 de
1195 4281 1302 4337 quo
1323 4280 1392 4322 ex
1421 4268 1595 4336 magis
1621 4268 1690 4323 ab
1718 4270 1915 4325 Arabia
1957 4286 2057 4326 ve-

484 4353 762 4411 nientibus
780 4354 1051 4411 audierat.
1077 4358 1145 4411 At
1170 4356 1462 4413 consilium
1492 4357 1657 4423 illius,
1678 4360 1771 4430 qui
1799 4361 2055 4418 omnibus

484 4446 683 4505 fortior
708 4456 817 4518 est,
846 4449 1161 4520 ignorabat;
1206 4452 1479 4521 quomodo
1516 4450 1749 4525 Joseplto
1778 4464 1835 4511 et
1866 4453 2050 4511 Maria:

592 4646 641 4679 ⁶¹
678 4645 785 4704 Isa.
811 4662 935 4713 un,
967 4648 1023 4704 9.

2176 3256 2316 3331 ἦσαν
2347 3256 2440 3313 τοῦ
2475 3258 2785 3325 ἐξελθόντας
2818 3258 2898 3322 εἰς
2921 3255 2980 3310 τὸ
3007 3256 3130 3329 ὅρος
3160 3254 3267 3309 τῶν
3304 3254 3531 3308 Ἐλαιῶν
3572 3250 3747 3304 συλλα-

2176 3352 2291 3405 ϐεῖν
2334 3352 2519 3416 αὐτὸν,
2566 3352 2664 3405 καὶ
2708 3351 2862 3419 ἄγειν
2906 3350 2991 3402 ἐπ’
3038 3347 3255 3410 αὐτούς.
3304 3348 3418 3400 Καὶ
3467 3345 3525 3399 τὸ
3567 3344 3742 3396 εἰπεῖν·

2181 3463 2200 3497 ‹
2228 3446 2349 3498 ’Ότι
2382 3444 2483 3498 οὐκ
2507 3443 2654 3497 ἔστιν
2680 3444 2709 3498 ό
2747 3440 2979 3514 βοηθῶν,
2999 3460 3017 3492 ›
3050 3438 3342 3512 δηλωτικὸν
3385 3440 3485 3492 καὶ
3510 3435 3635 3490 αὐτὸ
3662 3432 3744 3486 τοῦ

2174 3534 2488 3607 γενομένου.
2533 3534 2725 3598 Οὐδεὶς
2766 3531 2874 3604 γὰρ
2903 3530 3024 3584 οὐδὲ
3062 3528 3255 3601 μέχρις
3306 3527 3429 3591 ἐνὸς
3476 3524 3746 3596 ἀνθρώπου

2173 3628 2389 3700 βοηθεῖν
2430 3624 2577 3697 αὐτῷ
2622 3625 2697 3690 ὡς
2732 3623 3102 3695 ἀναμαρτήτῳ
3140 3620 3331 3692 βοηθὸς
3373 3618 3607 3689 ὑπῆρχε.
3644 3613 3743 3666 Καὶ

2169 3722 2248 3775 τό·
2290 3739 2308 3772 r
2342 3720 2599 3787 Ἤνοιξαν
2651 3719 2737 3772 ἐπ’
2776 3715 2876 3787 ἐμὲ
2915 3714 2975 3769 τὸ
3022 3714 3196 3785 στόμα
3250 3710 3455 3791 αὐτῶν,
3500 3711 3573 3773 ὡς
3619 3705 3743 3758 λέων

2168 3810 2500 3884 ὠρυόμενος,
2526 3830 2542 3860 ι
2578 3808 2727 3879 δηλοί
2766 3808 2857 3860 τὸν
2909 3805 3135 3877 βασιλέα
3173 3802 3282 3857 τῶν
3326 3800 3596 3854 Ἰουδαίων
3634 3796 3741 3848 τότε

2159 3903 2308 3968 ὄντα,
2350 3904 2446 3957 καὶ
2484 3902 2645 3956 αὑτὸν
2686 3899 2929 3971 Ἡρώδην
2967 3898 3278 3969 λεγόμενον,
3311 3896 3556 3965 διάδοχον
3592 3908 3740 3960 γεγε-

2159 3996 2394 4067 νημένον
2450 3992 2688 4067 Ἡρώδου
2738 3991 2869 4054 τοῦ,
2914 3991 3004 4044 ὅτε
3066 3988 3420 4058 ἐγεγέννητο.
3476 3983 3740 4041 ἀνελόντος

2160 4090 2371 4154 πάντας
2412 4089 2538 4152 τοὺς
2572 4089 2630 4140 ἐν
2660 4086 2907 4156 Βηθλεὲμ
2950 4084 3162 4138 ἐκείνου
3204 4082 3296 4134 τοῦ
3336 4079 3532 4152 καιροῦ
3563 4093 3737 4146 γενντςι

2160 4182 2353 4245 θέντας
2399 4180 2625 4245 παῖδας,
2663 4178 2752 4233 διὰ
2794 4179 2854 4232 τὸ
2904 4178 3151 4231 ὑπονοεῖν
3192 4176 3250 4227 ἐν
3296 4174 3484 4236 αὐτοῖς
3534 4170 3733 4223 πάντως

2162 4272 2301 4329 εἶναι
2330 4274 2421 4327 τὸν
2454 4274 2582 4342 περὶ
2611 4264 2672 4325 οὗ
2718 4271 3034 4342 εἰρήκεισαν
3067 4267 3215 4337 αὐτῷ
3243 4268 3291 4319 oi
3328 4264 3437 4320 ἀπὸ
3489 4254 3730 4331 Ἀραδίοις

2164 4366 2408 4429 ἐλθόντες
2468 4365 2663 4437 μάγοιο
2719 4364 2793 4434 μὴ
2858 4360 3221 4431 ἐπιστάμενος
3281 4357 3378 4428 τὴν
3434 4354 3529 4409 τοῦ
3593 4352 3731 4419 ἰσχυ-

2162 4454 2383 4528 ροτέρου
2417 4454 2632 4509 πάντων
2662 4452 2878 4525 βουλὴν,
2905 4451 2979 4515 ὼς
3010 4452 3091 4514 εἰς
3119 4449 3393 4519 Αἴγυπτον
3422 4444 3500 4516 τῷ
3546 4438 3731 4508 Ἰωσὴφ

556 4843 669 4970 (i6:
706 4846 811 4901 Διὰ
855 4845 924 4899 τὸ
978 4840 1128 4900 εἶναι
1162 4846 1309 4912 υἱός.
1360 4844 1415 4899 In
1466 4844 2057 4907 editionibnSZCraeco-

556 4924 643 4970 itm
670 4930 696 4970 s
728 4924 854 4970 ante
904 4918 1002 4970 has
1030 4930 1195 4970 voces
1224 4916 1527 4970 appositum
1560 4924 1645 4970 est
1699 4917 1835 4970 μήτε
1855 4957 1869 4970 .
1913 4918 2058 4970 quod

2174 4846 2291 4912 illa.
2327 4863 2447 4918 Quae
2488 4850 2559 4905 ab
2592 4849 2773 4905 anima
2821 4866 2944 4906 cum
2995 4851 3176 4907 Verbo
3221 4848 3293 4917 by
3335 4844 3562 4899 ostatice
3604 4853 3727 4891 con-

2174 4918 2346 4970 iuncta
2398 4920 2641 4970 separari
2673 4936 2778 4970 non
2818 4931 3050 4970 notarat.
3088 4918 3259 4970 Vertit
3287 4862 3548 4970 Eantttts:
3581 4930 3597 4960 ι
3625 4908 3720 4961 Ne-

556 4845 669 4970 (i62
706 4846 811 4901 Διὰ
855 4845 924 4899 τὸ
978 4845 1128 4900 εἶναι
1162 4846 1309 4912 υἱός.
1360 4845 1415 4899 In
1466 4845 2057 4907 editionibnSZCraeco-

475 4910 643 4999 Latin
670 4930 696 4970 s
728 4924 854 4999 ante
904 4918 1002 4971 has
1030 4930 1195 4998 voces
1224 4916 1527 4986 appositum
1560 4924 1645 4999 est
1672 4917 1835 4999 “pilas
1855 4957 1869 4980 ,
1901 4918 2058 4999 quod

481 4987 705 5054 quidem
724 4987 839 5041 vetsi
865 4987 1243 5042 necessarium
1285 5001 1409 5041 esse
1464 5002 1569 5041 non
1608 4987 1847 5050 intlciOr,
1872 4989 2055 5043 delevi

486 5063 690 5119 tamen,
719 5056 845 5126 quia
879 5070 979 5112 nec
1028 5057 1082 5111 in
1120 5072 1253 5115 mss.
1297 5072 1395 5113 nec
1429 5057 1573 5125 apud
1619 5058 1684 5114 lt.
1718 5055 2052 5126 Stephanmn

484 5124 777 5195 reperitur.
806 5124 915 5181 'Sic
962 5126 1127 5181 etiam
1172 5137 1297 5197 post
1342 5124 1541 5197 σοφός,
1577 5124 1829 5183 additut'n
1875 5128 2055 5182 fuerat

481 5190 655 5261 εἶναι,
690 5196 1107 5269 σιοοᾱπίιυίόειῐι
1153 5212 1467 5269 expungere
1512 5212 1622 5253 non
1670 5197 1947 5264 dubitavi,
1995 5206 2053 5253 nt

640 5235 655 5261 ς
690 5235 837 5264 Ιιυνυ
888 5235 1107 5264 ιιυιυνιιι
1153 5235 1171 5253 1
1189 5235 1467 5264 ιγιιιιδυιυ
1516 5235 1622 5253 "VII
1670 5235 1910 5252 unul'u'l
1932 5237 1947 5264 ς

481 5280 709 5337 prorsus
737 5267 944 5337 inutile.

553 5338 665 5408 (i7)
703 5338 859 5406 Πρὸς
890 5336 957 5390 τὸ
988 5336 1398 5408 ἀναμάρτητος
1428 5336 1599 5394 εἶναι.
1634 5338 1833 5406 Liquet
1873 5336 2044 5393 lustio

482 5407 707 5479 num_de
741 5409 972 5479 humana
1008 5407 1210 5463 Christi
1253 5420 1449 5464 natura
1484 5410 1651 5479 loqui.
1700 5408 1833 5462 Nam
1877 5419 2041 5479 antea

482 5492 536 5549 n.
562 5476 655 5540 87,
687 5493 807 5533 cum
850 5477 1089 5549 divinam
1123 5481 1440 5547 respiceret,
1488 5476 1720 5549 negabat
1760 5494 1885 5532 eum
1921 5478 2045 5549 Spi-

482 5547 623 5617 ritus
650 5549 826 5617 sancti
868 5547 1023 5601 donis
1055 5563 1190 5617 opus
1225 5549 1499 5605 habuisse.
1530 5547 1670 5616 Quin
1699 5549 1864 5604 etiam
1909 5547 2038 5603 dum

481 5615 550 5670 tie
576 5617 756 5689 divina
792 5616 997 5689 Christi
1032 5615 1232 5689 natura
1266 5621 1523 5689 loquitur,
1553 5615 1682 5675 illud
1712 5632 1927 5689 semper
1962 5621 2041 5672 in-

476 5694 596 5757 star
626 5688 873 5757 principii
908 5686 1200 5742 certissimi
1244 5686 1469 5756 statuit,
1512 5690 1787 5745 Christum
1819 5686 1848 5740 a
1882 5688 2041 5742 Patre

480 5755 718 5828 divinam
761 5755 1054 5812 essentiam
1100 5772 1164 5813 ac
1209 5760 1389 5813 omnia
1432 5755 1692 5814 attributa
1727 5761 2035 5828 accepisse;

474 5827 765 5893 quominus
815 5832 1097 5894 miremur,
1126 5830 1171 5884 si
1216 5831 1357 5887 idem
1392 5831 1525 5888 dicit
1568 5832 1634 5889 de
1678 5829 2037 5901 impeccantia

2157 4908 2360 4987 iuncta'
2398 4920 2641 4993 separari
2673 4936 2778 4974 non
2818 4931 3050 4991 poterat.
3088 4908 3548 4993 Vertit'Laitgtts:
3581 4908 3720 4993 «.Nej

2158 4984 2267 5058 que
2318 5005 2385 5045 eo
2428 4984 2571 5059 q'uod
2610 4984 2869 5046 immunis
2916 5000 3137 5063 peccato
3185 4999 3289 5042 est.
3322 5004 3341 5037 ι
3390 4984 3715 5038 Perionius:

2161 5078 2184 5130 ε
2213 5059 2319 5114 Sed
2347 5061 2475 5129 quia
2522 5072 2804 5130 peccatum
2850 5063 2904 5115 in
2939 5078 3062 5115 cum
3098 5061 3297 5130 cadere
3328 5070 3433 5130 non
3480 5059 3669 5119 potest.
3698 5066 3715 5098 ι

2154 5126 2447 5186 Gelenius:
2483 5149 2503 5181 ι
2524 5126 2666 5186 Ὀυιιι
2698 5142 2877 5186 tamen
2907 5133 2977 5187 sit
3012 5126 3557 5199 innocentissimus.)

2223 5200 2337 5266 (I8)
2379 5201 2521 5254 Ἀπὸ
2553 5200 2661 5256 τοῦ
2706 5200 2903 5268 ὄρους.
2968 5199 3277 5269 Legendum
3313 5192 3404 5269 ἐπὶ
3438 5190 3533 5243 τοῦ
3568 5188 3717 5261 ὅρους

2152 5282 2339 5344 _mo_net
2396 5269 2695 5344 Thirlbius.
2735 5265 2938 5344 si
2983 5265 3111 5344 quid
3165 5265 3483 5344 mutandunm
3532 5270 3711 5344 esset:

2148 5338 2251 5413 lesi
2288 5350 2583 5413 avorteret
2613 5340 2705 5393 ἐπὶ
2738 5342 2811 5413 εδ
2847 5325 3125 5413 δρος.’5ἱο
3158 5335 3305 5389 enim
3345 5330 3498 5413 intra
3538 5325 3715 5413 είςΙτδ

2147 5395 2273 5483 ὅρὂς
2303 5395 2387 5465 bis
2418 5412 2706 5483 repetitur.
2738 5395 2967 5483 Ἦάεὶυέ
3002 5417 3309 5483 supponere
3338 5399 3593 5481 Justinus
3630 5395 3715 5483 In:

2148 5474 2291 5536 dicos
2320 5496 2389 5535 ex
2422 5474 2599 5551 aliqua
2636 5481 2835 5535 montis
2869 5490 3020 5551 parte
3051 5474 3103 5531 in
3132 5474 3432 5539 Christum,
3475 5474 3571 5542 qui
3602 5475 3713 5522 erat

2145 5551 2201 5605 in
2233 5550 2377 5605 valle
2406 5550 2574 5606 monti
2607 5551 2850 5620 subjecta
2881 5550 3127 5620 irruisse.
3162 5613 3181 5620 _
3203 5613 3217 5620 _
3503 5611 3517 5620 .
3546 5611 3556 5620 .

2216 5621 2329 5692 (i9)
2367 5621 2531 5676 Κατὰ
2562 5619 2676 5692 τὴν
2705 5611 3126 5692 διδασκαλίαν.
3162 5613 3306 5692 Idem
3358 5625 3457 5692 pro
3503 5611 3590 5665 Itis
3622 5622 3712 5692 vo-

2142 5678 2323 5762 cilius:
2347 5692 2474 5762 legit
2520 5678 2639 5762 xui:
2669 5688 2777 5762 τῶν
2825 5687 3180 5762 διδασκάλων.
3218 5683 3307 5740 Sic
3352 5678 3518 5742 etiam
3556 5678 3712 5751 paulo

2141 5773 2276 5818 ante
2302 5758 2582 5828 Pba‘risaﬁ,
2608 5758 2813 5817 Scriba:
2837 5768 2894 5816 et
2920 5759 3193 5829 magistri.

2282 5923 2373 5941 ιε»...

2410 5939 2499 5949 θα..
