3954 6258
275 390 353 446 ili

1257 395 1604 453 DIALOGUS
1634 396 1781 453 CUM
1816 394 2193 452 TRYPHONE
2230 394 2500 453 JUDEO.

3444 401 3548 458 718

267 507 421 577 κριτῇ
450 505 640 578 Μαρίᾳ
681 508 1075 567 ξκεκελεύκει
1117 513 1493 585 ἀπαλλαγῆναι
1533 514 1760 569 λαϐοῦσι
1801 533 1832 567 τ

1971 514 2352 585 praecepisset,
2393 522 2455 569 ut
2496 511 2549 568 in
2577 510 2871 585 Egyptum
2902 523 3185 586 assumpto
3232 530 3402 588 puero
3454 519 3550 575 ab-

265 597 467 659 παιδίον,
493 598 588 651 καὶ
624 594 776 653 εἶναι
813 602 949 656 ἐκεῖ
990 606 1153 676 ἄχρις
1194 605 1262 659 ἂν
1308 605 1472 659 πάλιν
1506 607 1689 670 αὐτοῖς
1727 608 1867 660 ἀπο-

1970 607 2136 670 irent,
2180 606 2359 675 ibique
2390 614 2699 672 manerent,
2734 608 2907 663 donec
2933 608 3015 664 eis
3045 607 3243 664 iterum
3279 609 3541 667 revelare-

265 690 486 762 ιαλυφθῇ
534 692 875 747 ἐπανελθεῖν
925 698 1011 761 είς
1058 698 1156 769 τὴν
1197 696 1382 769 χώραν
1445 698 1644 751 αὐτῶν.
1688 696 1834 751 Κάκε

1969 706 2076 761 tur,
2106 707 2166 751 ut
2208 698 2263 751 in
2312 697 2545 767 patriam
2596 713 2750 755 suam
2799 700 3067 756 redirent.
3107 700 3183 756 lbi
3225 702 3551 760 commorati

263 780 387 855 ἦσαν
436 784 769 849 ἀπελθόντες
819 786 996 860 ἄχρις
1046 788 1113 842 ἂν
1155 790 1427 843 ἀπέθανεν
1476 790 1505 841 ὁ
1539 789 1866 854 ἀποκτείνας

1970 800 2121 855 sunt,
2166 789 2343 845 donec
2385 798 2700 847 moreretur
2732 789 2995 861 Herodes,
3034 795 3125 864 qui
3154 810 3356 866 pueros
3395 797 3544 854 circa

260 881 323 932 τέι
354 883 409 932 ὲν
450 879 702 951 Βηθλεὲμ
734 884 938 936 παιδία
993 883 1259 955 Ἡρώδης,
1306 884 1401 938 καλ⁷
1440 884 1726 955 Ἀρχέλαος
1770 884 1834 936 αύ

1966 882 2282 939 Bethlehem
2325 882 2550 949 occidit,
2588 884 2749 955 eique
2788 884 3106 942 succederet
3142 887 3466 946 Archelaus.
3492 890 3544 947 ls

259 969 343 1023 τὸν
371 968 661 1032 διεδέξατο.
714 972 833 1025 Καὶ
865 966 1029 1036 οὗτος
1062 972 1312 1026 ἐτελεύτα
1338 974 1466 1045 πρὶν
1499 975 1591 1027 τὸν
1631 973 1865 1045 Χριστὸν

255 1061 348 1133 τῆν
391 1065 715 1134 οἰκονομίαν
914 1066 1015 1137 τὴν
1056 1065 1196 1119 κατὰ
1226 1066 1287 1119 τὸ
1333 1066 1580 1137 βούλημα
1609 1066 1704 1119 τοῦ
1748 1068 1863 1119 Πα-

254 1156 377 1226 τρὸς
425 1156 817 1229 γεγενημένην
865 1158 960 1212 ὑπ’
1014 1157 1183 1211 αὐτοῦ
1229 1158 1324 1212 ἐπὶ
1360 1157 1438 1229 τῷ
1486 1158 1862 1229 σταυρωθῆναι

253 1247 442 1299 ἐλθεῖν.
490 1248 743 1319 Ἡρώδου
768 1250 827 1303 δὲ
860 1250 952 1304 τὸν
995 1250 1282 1323 ’Δρχέλαον
1320 1250 1727 1321 διαδεξαμένου,
1762 1250 1857 1305 λα-

253 1337 438 1402 ϐόντος
492 1339 597 1411 τὴν
663 1341 914 1407 ἐξουσίαν
958 1341 1056 1413 τὴν
1117 1342 1558 1413 ἀπονεμηθεῖσαν
1605 1341 1772 1412 αύτῷ,
1816 1333 1862 1409 ᾧ

254 1434 346 1485 καὶ
412 1432 657 1497 Πιλᾶτος
728 1434 1092 1506 χαριζόμενος
1160 1434 1443 1506 δεδεμένον
1508 1435 1599 1488 τὸν
1653 1435 1862 1506 Ἰησοῦν

251 1524 490 1595 ἔπεμψε,
520 1525 622 1579 καὶ
659 1525 819 1577 τοῦτο
853 1524 1220 1597 γενησόμενον
1254 1524 1519 1597 προειδὼς
1547 1527 1576 1578 ὁ
1609 1525 1740 1589 Θεὸς
1777 1527 1858 1578 ει-

252 1618 412 1687 ρήκει
442 1616 618 1669 οὕτω·
664 1635 683 1667 ι
716 1616 830 1669 Καί
858 1634 917 1685 γε
949 1617 1111 1670 αὑτὸν
1141 1619 1220 1680 εἰς
1269 1617 1552 1687 Ἀσσυρίου
1583 1615 1694 1689 (21)
1725 1618 1861 1689 ἀπή·

245 1726 451 1777 νεγκαν
491 1707 649 1772 ξένια
689 1708 768 1779 τῷ
797 1709 1021 1779 βασιλεῖ.
1050 1728 1067 1758 ι
1116 1709 1186 1761 ’Ἡ
1214 1707 1405 1763 λέοντα
1436 1710 1525 1762 τὸν
1547 1709 1857 1781 ὠρυόμενον

1965 986 2151 1031 autem
2183 982 2309 1031 ante
2340 984 2594 1032 mortuus
2616 984 2722 1044 est,
2751 990 2914 1046 quam
2945 975 3200 1036 Christus
3233 990 3544 1052 susceptam

1963 1081 2031 1122 ex
2062 1065 2240 1121 Patris
2264 1067 2550 1122 voluntate
2578 1065 3044 1136 dispensationem
3076 1068 3131 1125 in
3177 1085 3342 1127 cruce
3370 1071 3548 1127 adim-

1964 1155 2161 1226 pleret.
2186 1154 2321 1211 Cum
2345 1165 2528 1211 autem
2556 1154 2822 1223 Herodes,
2845 1157 2937 1227 qui
2963 1158 3233 1217 Archelao
3252 1163 3545 1230 successit,

1960 1257 2305 1317 potestatem,
2345 1264 2466 1319 quae
2513 1248 2617 1318 ipsi
2663 1251 2925 1308 attributa
2964 1253 3173 1323 fuerat,
3208 1258 3542 1329 accepisset,

1960 1336 2193 1401 Pilatus,
2238 1346 2297 1391 ut
2334 1349 2548 1408 gratum
2588 1342 2662 1398 illi
2704 1343 2938 1410 faceret,
2968 1345 3208 1401 vinctum
3246 1344 3433 1403 Jesum
3473 1351 3543 1403 ad

1959 1445 2084 1485 eum
2114 1431 2294 1497 misit;
2338 1430 2485 1499 quod
2518 1433 2682 1489 etiam
2716 1432 2966 1492 futurum
3009 1453 3360 1508 praenoscens
3394 1442 3542 1496 Deus

1958 1523 2038 1579 sic
2073 1525 2387 1594 praedicavit
2416 1542 2431 1579 :
2471 1541 2492 1577 ι
2524 1524 2592 1580 Ει
2636 1528 2909 1584 abducent
2938 1530 3115 1601 ipsum
3148 1533 3217 1587 ad
3247 1533 3541 1605 Assyrium

1956 1615 2226 1687 hospitale
2257 1634 2454 1675 munus
2480 1620 2648 1690 regi.»
2674 1621 2783 1676 Aut
2804 1623 2971 1677 etiam
3002 1622 3218 1679 leonem
3239 1626 3543 1697 rugientem

1955 1723 2120 1779 super
2146 1726 2269 1765 eum
2301 1713 2516 1771 dicebat
2545 1713 2843 1780 diabolum,
2870 1715 2961 1785 qui
3002 1728 3033 1770 a
3064 1715 3253 1786 Moyse
3282 1730 3539 1787 serpens.

244 1800 330 1852 ἐπ’
367 1801 545 1853 αὐτὸν
576 1800 735 1869 ἔλεγε
767 1802 858 1855 τὸν
899 1801 1173 1855 διάϐολον·
1210 1801 1268 1855 δν
1314 1802 1554 1872 Μωῦσῆς
1602 1800 1701 1872 μὲν
1732 1801 1834 1870 δφιε

1956 1802 2096 1874 apud
2140 1802 2244 1860 Job
2264 1814 2320 1861 et
2360 1805 2686 1863 Zachariam
2725 1807 3003 1875 diabolus,
3042 1822 3075 1862 a
3120 1805 3255 1864 Jesu
3298 1806 3540 1865 Satanas

244 1893 433 1955 καλεῖ,
467 1894 532 1945 ὲν
566 1893 625 1945 δὲ
659 1892 739 1964 τῷ
776 1892 894 1947 Ἰὼϐ
934 1894 1030 1947 καὶ
1060 1894 1138 1964 τῷ
1180 1895 1425 1966 Ζαχαρία
1475 1870 1720 1981 διάϐολος
1761 1897 1834 1951 κέ·

1956 1870 2261 1965 appellatus
2303 1906 2404 1957 est.
2437 1900 2801 1977 compositum
2833 1870 3032 1955 nomen
3073 1898 3150 1954 illi
3176 1899 3246 1955 ab
3293 1898 3537 1962 actione.

242 1984 465 2056 κληται,
500 1986 601 2037 καὶ
635 1986 742 2037 ὑπὸ
782 1984 877 2038 τοῦ
914 1985 1087 2057 Ἰησοῦ
1118 1986 1361 2049 Σατανᾶς
1392 1988 1848 2059 προσηγόρευται,

241 2073 419 2144 Empta.
463 2075 580 2127 ἀπὸ
616 2073 719 2145 τῆς
771 2075 1023 2148 πράξεως
1056 2070 1125 2147 ῆς
1168 2075 1370 2147 ἔπραξε
1404 2074 1667 2133 ’σύνθετον
1711 2097 1848 2151 κτη-

241 2168 483 2238 σάμενον
518 2167 688 2220 αὐτὸν
734 2168 956 2239 μηνύων
985 2167 1115 2239 (22).
1153 2169 1226 2223 Τὸ
1256 2169 1365 2240 γὰρ
1397 2170 1574 2223 Σατάν
1604 2172 1669 2242 τῇ
1715 2173 1847 2225 ἰου-

238 2260 409 2312 δαίων
442 2260 545 2312 καὶ
577 2259 770 2331 Σύρων
803 2263 953 2332 φωνῇ
995 2262 1306 2333 ἀποστάτης
1346 2262 1462 2315 ὲστί
1481 2280 1495 2293 ’
1531 2263 1593 2316 τὸ
1623 2264 1681 2317 δὲ
1728 2264 1847 2329 Na;

236 2351 414 2422 ὅνομα
447 2352 601 2420 (23),
637 2351 698 2417 ὲξ
750 2344 811 2403 οὗ
846 2352 879 2422 η
926 2351 1188 2423 ἑρμηνεία
1240 2353 1364 2424 ὄφις
1394 2355 1617 2427 ἐκλήθη,
1652 2356 1847 2411 ταύτόν

236 2443 359 2496 ἐστι
414 2445 573 2497 Σατᾶ
620 2447 689 2514 τῇ
725 2446 853 2517 (24)
898 2446 1165 2517 Ἑϐραίων
1214 2448 1609 2521 ἑρμηνευθείσῃ
1654 2452 1841 2522 φωνῇ’

236 2536 296 2601 ἐξ
348 2529 429 2588 ὧν
476 2538 811 2609 ἀμφοτέρων
856 2538 965 2591 τῶν
1018 2539 1325 2611 εἰρημένων
1369 2540 1428 2593 ἓν
1481 2540 1651 2611 ὄνομα
1695 2541 1843 2611 γίνε-

234 2646 329 2682 ται
379 2631 655 2693 Σατανᾶς.
705 2631 817 2684 Καὶ
862 2630 970 2702 γὰρ
1014 2624 1170 2696 οὗτος
1214 2634 1243 2686 ὁ
1280 2632 1558 2699 διάϐολος,
1607 2632 1723 2705 ἃμα
1762 2633 1842 2706 τῷ

234 2724 512 2795 ἀναϐῆναι
562 2724 727 2777 αὑτὸν
778 2724 885 2778 ἀπὸ
935 2724 1031 2777 τοῦ
1090 2724 1338 2797 ποταμοῦ
1385 2724 1479 2779 τοῦ
1545 2727 1839 2799 Ἰορδάνου,

233 2818 335 2889 τῆς
390 2819 581 2888 φωνῆς
646 2816 811 2871 αὑτοῦ
873 2816 1186 2889 λεχθείσης,
1241 2817 1413 2882 «Υἱός
1480 2836 1581 2890 μου
1638 2814 1690 2872 εἴ
1738 2819 1836 2875 σύ’

234 2910 351 2979 ἐγὼ
385 2913 634 2982 σήμερον
682 2909 990 2981 γεγέννηκά
1025 2928 1105 2973 σε,
1126 2929 1145 2962 ι
1182 2913 1239 2964 ὲν
1272 2914 1385 2975 τοῖς
1426 2912 1841 2983 ἀπομνημονεύ-

237 3019 375 3071 μασι
399 3003 512 3055 τῶν
536 3002 857 3056 ἀποστόλων
889 3002 1196 3074 γέγραπται
1226 3004 1541 3076 προσελθὼν
1571 3006 1719 3078 αύτῷ
1743 3008 1839 3060 καὶ

235 3094 520 3166 πειράζων
539 3095 705 3168 μέχρι
731 3094 824 3148 τοῦ
848 3097 1021 3148 εἰπεῖν
1042 3095 1208 3167 αὐτῷ,
1237 3114 1256 3148 ι
1284 3096 1668 3169 Προσκύνησόν
1689 3117 1833 3170 pm,»

234 3190 328 3240 καὶ
350 3187 756 3258 ἀποκρίνασθαι
784 3186 932 3280 αὐτῷ
962 3189 1051 3241 τὸν
1082 3188 1339 3261 Χριστὸν,
1374 3208 1393 3242 t
1413 3190 1632 3259 ’Ύπαγε
1662 3192 1839 3246 ὀπίσω
1864 3221 1907 3280 C

235 3296 375 3351 μου,
427 3281 679 3334 Σατανᾶν
716 3278 922 3351 Κύριον
964 3280 1055 3334 τὸν
1086 3280 1218 3335 Θεόν
1264 3297 1357 3335 σου
1399 3284 1831 3355 προσκυνήσεις,

234 3375 332 3426 καὶ
383 3374 533 3444 αὐτῷ
586 3373 739 3445 μόνῳ
781 3372 1112 3446 λατρεύσεις.
1140 3392 1159 3426 ι
1219 3373 1307 3438 Ὠς
1354 3373 1463 3446 γὰρ
1506 3374 1599 3427 τὸν
1662 3375 1834 3446 Ἀδὰμ

232 3466 566 3537 ἐπλάνησεν,
597 3466 756 3535 ἔλεγε
802 3468 898 3520 και
940 3466 1127 3520 τοῦτον
1166 3467 1457 3539 δυνηθῆναι
1494 3467 1832 3539 ἐργάσασθαί

231 3576 307 3611 τι.
344 3562 456 3613 Καὶ
498 3561 581 3614 τό·
627 3580 645 3612 ι
683 3560 831 3613 Ὠσεὶ
862 3558 1007 3630 ὕδωρ
1045 3558 1273 3629 ἐξεχύθη
1307 3559 1419 3630 (25)
1455 3560 1549 3613 καὶ
1587 3559 1831 3630 διεσκορ-

435 3654 620 3705 πάντα
660 3651 732 3705 τὰ
776 3652 912 3705 ὀστᾶ
960 3668 1093 3721 μουο
1130 3651 1363 3723 ἐγενήθη
1402 3654 1436 3723 ἠ
1484 3651 1683 3722 καρδία
1725 3668 1829 3722 μου

229 3745 363 3796 ὡσεὶ
408 3745 582 3816 κηρὸς
628 3744 929 3815 τηκόμενος
978 3744 1036 3795 ὲν
1084 3743 1232 3815 μέσῳ
1276 3744 1376 3815 τῆς
1415 3744 1620 3807 κοιλίας
1661 3761 1827 3815 pou,»

229 3837 369 3907 ὅπερ
404 3838 637 3905 γέγονεν
669 3835 821 3907 αὐτῷ
857 3836 1071 3906 ἐκείνης
1111 3837 1211 3909 τῆς
1252 3836 1465 3901 νυκτὸς,
1499 3837 1588 3890 ὅτε
1620 3838 1705 3889 ἐπ’
1734 3836 1833 3889 αύ-

230 3930 323 3979 τὸοι
355 3928 582 3998 ἐξῆλθον
616 3932 698 3993 εἰς
730 3930 790 3984 τὺ
834 3930 960 4002 ὅρος
992 3929 1098 3982 τῶν
1139 3929 1363 3983 Ἐλαιῶν
1402 3928 1686 3983 συλλαϐεῖν
1730 3928 1830 3981 αύ-

230 4022 343 4080 τὸν,
376 4022 727 4091 προαγγελία
756 4017 845 4092 ἦν.
892 4023 980 4075 Ἐν
1012 4021 1120 4093 γὰρ
1150 4024 1263 4085 τοῖς
1301 4019 1829 4092 ἀπομνημονεύμασι

236 4112 271 4162 ἀ
302 4130 441 4181 τημι
488 4113 599 4165 ὑπὸ
629 4112 739 4164 τῶν
772 4112 1083 4166 ἀποστόλων
1114 4112 1278 4165 αὐτοῦ
1314 4113 1409 4165 καὶ
1449 4112 1559 4165 τῶν
1593 4112 1822 4175 ἐκείνοις

235 4204 835 4275 παρακολουθησάντων
870 4204 1239 4275 συντετάχθαι,
1260 4205 1341 4257 ὅτι
1378 4203 1537 4273 ἱδρὼς
1557 4203 1665 4275 (26)
1694 4204 1827 4257 ὡσεὶ

1952 2002 2114 2057 quam
2139 1976 2495 2058 perpetravit,
2526 1990 2790 2046 indictum
2812 1990 3149 2047 declarante.
3167 1988 3301 2045 Nam
3325 2008 3345 2042 ι
3368 1989 3531 2045 διιιιιι

1948 2078 2259 2136 ,Ιιιιιαιοιυιιιιι
2297 2091 2355 2138 et
2392 2080 2659 2155 Syrorum
2694 2082 2878 2155 lingua
2914 2083 3059 2139 idem
3093 2097 3160 2139 ac
3196 2083 3450 2138 desertor
3478 2089 3538 2136 et

1947 2182 2226 2242 apostata;
2276 2176 2408 2232 illud
2456 2184 2638 2232 autem
2684 2194 2705 2230 ι
2732 2173 2907 2242 Nas,»
2943 2188 3141 2230 nomen
3185 2183 3272 2231 est
3312 2189 3381 2229 ex
3423 2188 3536 2245 quo

1947 2278 2172 2335 serpens
2210 2267 2389 2323 dictus
2430 2276 2515 2323 est
2538 2282 2638 2340 per
2668 2268 3208 2339 interpretationem,
3251 2267 3308 2323 id
3334 2276 3444 2333 est,
3483 2267 3533 2324 si

1948 2354 2298 2413 Hebraeorum
2337 2372 2529 2415 vocem
2567 2359 2980 2430 interpreteris;
3011 2359 3213 2431 quibus
3251 2374 3319 2414 ex
3357 2358 3532 2415 utris-

1946 2464 2053 2521 que
2080 2450 2307 2507 vocibus
2347 2452 2406 2507 tlt
2443 2468 2613 2508 unum
2640 2467 2842 2509 nomen
2875 2450 3132 2508 Satanas.
3158 2448 3356 2508 Statim
3382 2452 3533 2507 enim

1944 2554 2110 2616 atque
2158 2545 2316 2602 Jesus
2359 2546 2672 2602 ascendite
2707 2544 2873 2602 ﬂuvio
2894 2544 3157 2613 Iordane,
3187 2544 3281 2601 ubi
3324 2560 3432 2601 vox
3476 2545 3531 2600 in

1943 2651 2068 2692 eum
2097 2638 2243 2693 edita
2280 2648 2401 2695 est:
2443 2656 2463 2691 ι
2485 2638 2659 2695 Filius
2695 2652 2849 2696 meus
2888 2652 2949 2695 es
2975 2648 3066 2708 tu;
3103 2652 3207 2710 ego
3249 2637 3412 2695 hodie
3435 2650 3534 2710 ge-

1945 2732 2040 2786 nui
2080 2741 2133 2787 te
2158 2732 2238 2801 “;
2273 2733 2538 2803 scriptum
2573 2740 2659 2788 est
2690 2731 2743 2787 in
2773 2730 3187 2788 commentariis
3215 2729 3378 2802 199
3399 2744 3532 2800 apo-

1943 2823 2209 2878 stolorum
2233 2823 2506 2879 diabolum
2544 2822 2697 2878 illum
2716 2823 2800 2879 ‘ad
2830 2836 2955 2879 eum
2984 2822 3301 2886 accessisse,
3322 2830 3379 2875 et
3408 2827 3531 2875 ten-

1944 2926 2113 2981 tasse,
2155 2930 2326 2987 usque
2377 2916 2513 2971 adeo
2545 2924 2607 2971 ut
2658 2916 2709 2971 ei
2770 2915 3030 2971 diceret:
3072 2912 3294 2969 «Adora
3346 2927 3522 2979 men

1940 3009 2099 3080 eique
2136 3010 2483 3079 respondisse
2519 3009 2798 3065 Christum
2838 3024 2853 3063 :
2904 3024 2924 3061 ι
2956 3008 3104 3065 Vade
3143 3015 3296 3063 retro
3332 3021 3363 3061 a
3411 3021 3523 3075 me,

1942 3097 2141 3155 Satana
2185 3117 2200 3157 :
2253 3099 2542 3156 Dominum
2602 3101 2768 3155 Deum
2823 3108 2972 3161 tuum
3036 3097 3314 3162 adorabis,
3352 3104 3407 3150 et
3443 3094 3523 3150 illi

1940 3191 2042 3247 soli
2070 3192 2279 3248 servies
2302 3192 2370 3248 ⁸⁷.
2396 3209 2417 3245 ι
2452 3190 2919 3259 Quemadmodum
2941 3188 3086 3245 enim
3112 3187 3381 3243 Adamum
3425 3187 3524 3243 de-

1939 3283 2106 3351 cepit,
2147 3283 2406 3353 sperabat
2436 3298 2498 3340 se
2537 3283 2593 3338 in
2634 3280 2784 3337 hunc
2819 3294 3041 3352 quoque
3081 3278 3290 3350 aliquid
3336 3277 3524 3334 moliri

1938 3384 2121 3440 posse.
2153 3371 2221 3425 Et
2243 3370 2373 3426 illud
2399 3387 2414 3425 :
2456 3389 2477 3423 ι
2503 3368 2661 3426 Sicut
2680 3384 2819 3440 aqua
2838 3367 3012 3425 eﬂ‘usa
3040 3376 3168 3425 sunt
3191 3376 3248 3424 et
3269 3367 3517 3437 dispersa

1939 3462 2123 3517 omnia
2164 3476 2291 3518 ossa
2332 3476 2494 3518 mea:
2526 3462 2733 3517 factum
2773 3470 2858 3517 est
2896 3475 2995 3517 cor
3029 3475 3209 3517 meum
3254 3467 3519 3531 tanquam

1939 3569 2067 3610 cera
2106 3555 2414 3625 liquesceus
2462 3557 2518 3610 in
2569 3554 2751 3610 medio
2793 3554 3002 3611 ventris
3038 3555 3179 3619 mei,
3208 3573 3229 3609 ι
3258 3568 3517 3625 praenun-

1941 3648 2112 3704 tiabat
2144 3649 2287 3719 quod
2332 3649 2382 3704 ei
2423 3649 2515 3703 illa
2566 3657 2728 3704 nocte
2778 3648 3034 3720 contigit,
3077 3661 3201 3703 cum
3244 3650 3515 3704 adversus

1936 3756 2062 3797 eum
2099 3742 2155 3797 in
2192 3750 2433 3798 montem
2472 3740 2751 3797 Olivarum
2778 3750 3076 3807 venerunt,
3114 3749 3176 3796 ut
3203 3754 3327 3796 cum
3361 3755 3514 3797 com-

1938 3834 2357 3904 prebenderent.
2393 3832 2529 3887 Nam
2559 3834 2614 3888 in
2651 3832 3095 3901 commentariis,
3124 3847 3260 3904 quos
3289 3834 3361 3890 ab
3393 3831 3513 3902 ejus

1933 3924 2194 3995 apostolis
2244 3938 2546 3994 eorumque
2583 3923 2872 3994 discipulis
2913 3924 3152 3996 scriptos
3196 3924 3343 3991 dico,
3377 3938 3512 3995 pro-

1931 4018 2104 4073 ditum
2133 4024 2217 4072 est
2256 4020 2533 4085 sudorem,
2557 4018 2720 4073 veluti
2760 4025 2947 4089 guttas
2987 4018 3296 4089 sanguinis,
3333 4034 3405 4075 ex
3439 4032 3509 4075 eo

1931 4108 2256 4177 deﬂuxisse,
2293 4125 2419 4165 cum
2473 4120 2791 4180 precaretur
2829 4126 2896 4167 ac
2953 4111 3163 4167 diceret
3200 4129 3216 4167 :
3247 4129 3266 4163 ι
3292 4111 3349 4168 Si
3386 4110 3508 4169 ﬁeri

1931 4212 2136 4273 potest,
2172 4213 2414 4262 transeat
2448 4206 2586 4262 calix
2630 4207 2731 4264 iste
2755 4208 2878 4264 “:i
2927 4208 3383 4266 contremiscente
3423 4211 3507 4265 vi.

308 4383 350 4415 "
385 4383 531 4439 Psal.
572 4401 630 4449 ιι,
668 4385 724 4438 7.
802 4384 845 4417 ⁸⁷
885 4386 1072 4441 Matth.
1101 4402 1173 4452 tv,
1209 4384 1262 4441 9.
1338 4384 1384 4419 ⁸³
1418 4385 1610 4442 Matth.
1647 4402 1797 4453 xxvi,
1832 4385 1924 4443 '59.

298 4565 425 4637 (20)
472 4566 599 4635 Τὴν
643 4567 1008 4639 οἰκονομίαν.
1044 4565 1349 4639 Legendum
1385 4567 1476 4639 είς
1523 4566 1621 4639 τὴν
1665 4568 1815 4622 οίκο-
1850 4577 1895 4632 ι)

230 4640 442 4704 νομίαν,
480 4652 584 4691 nec
614 4637 839 4706 mutatis
867 4652 1003 4703 opus
1032 4646 1115 4691 est
1159 4637 1245 4690 his
1285 4638 1491 4701 verbis,
1532 4637 1653 4706 qua:
1691 4653 1812 4691 mox

228 4721 559 4788 sequuntur,
797 4706 1193 4788 σταυρωθῆναι.
1217 4706 1442 4788 Frustra
1465 4705 1611 4788 enim
1640 4708 1816 4788 placet

232 4776 545 4846 Sythurgio,
592 4778 687 4828 ἐπὶ
719 4775 779 4831 τὸ
815 4775 1212 4848 σταυρωθῆναι.
1266 4775 1469 4848 Ibidem
1505 4775 1685 4848 aptius
1728 4779 1813 4848 le»

230 4845 474 4914 geretur,
504 4856 569 4898 ut
611 4850 870 4917 observat
906 4845 1253 4917 Silburgius,
1296 4846 1535 4917 Ἡρώδου
1569 4846 1627 4900 δὲ
1659 4846 1773 4900 τοῦ.

296 4918 410 4985 ίΞΙ)
452 4918 564 4980 Εἰς
608 4916 957 4985 Ἀσσυρίουέ
999 4916 1199 4972 Eodem
1252 4916 1412 4971 modo
1456 4918 1599 4971 hunc
1635 4918 1809 4971 locum

229 4986 377 5039 Osca:
413 4989 810 5053 interpretatur
858 4986 1227 5041 Tertullianus
1268 4988 1362 5041 lib.
1403 5004 1456 5042 tv
1490 4987 1618 5041 Adv.
1656 4986 1812 5040 Mar-

230 5058 458 5128 ιιοιιςιιι,
490 5070 615 5122 cap.
642 5057 727 5111 l3.
754 5056 901 5112 lens.
938 5057 1057 5112 Vid.
1085 5056 1269 5128 Cyrill.
1298 5067 1409 5128 cat.
1440 5057 1527 5123 15,
1563 5075 1616 5111 ιι.
1648 5058 1738 5112 14.

296 5126 407 5196 (22)
446 5128 731 5198 Mur-11w.
761 5128 817 5180 ld
840 5126 1197 5198 positumpm
1225 5127 1541 5198 μηνύοντος,
1578 5137 1638 5181 ιιι
1670 5143 1811 5198 stepe

230 5195 364 5249 alias
388 5193 559 5266 'apmt
611 5193 881 5250 Justinum
921 5219 933 5251 :
969 5193 1128 5265 paulo
1171 5193 1302 5252 ante
1333 5200 1577 5253 occurrit
1616 5193 1808 5252 eadem

229 5270 520 5341 verborum
577 5268 940 5341 coastruetio,
984 5268 1193 5341 ubi__de
1239 5268 1451 5323 Herode
1495 5267 1696 5323 dicitur
1732 5268 1810 5341 μὴ

227 5338 614 5399 ἐπιστάμενος.
644 5333 765 5390 Vid.
796 5338 960 5399 infra,
994 5337 1197 5392 n.112.

295 5408 408 5477 (25)
430 5404 516 5460 Τὸ
546 5406 613 5477 ea
634 5404 759 5473 Νᾶς
778 5407 984 5476 ὄνομα.
1013 5406 1512 5463 Justinuminduxit
1544 5408 1808 5463 termina-

230 5476 303 5549 tio
332 5477 524 5532 Cm:
563 5476 829 5542 Σατανᾶς,
868 5491 924 5549 ut
947 5479 1336 5549 compositum
1372 5478 1577 5549 putarit
1604 5494 1672 5534 ex
1702 5488 1807 5538 iam

228 5548 543 5617 dum;
576 5556 629 5601 et
660 5549 780 5612 νᾶς,
814 5546 972 5622 «reﬁci
994 5547 1109 5622 ἐστι
1140 5548 1284 5622 ὄφις,
1320 5546 1541 5622 prorsus
1588 5552 1802 5622 inepte;

228 5633 447 5690 ex_quo
505 5631 686 5671 tamen
745 5621 856 5690 hoc
922 5617 1179 5690 discimus
1220 5617 1331 5684 νάς
1370 5619 1653 5690 ἀρχαϊκῶς
1682 5617 1806 5689 ⁷ριο

228 5686 379 5751 νιάς,
418 5689 469 5739 id
516 5698 603 5760 est
648 5697 795 5749 una.
839 5687 916 5760 Ita
949 5686 1166 5760 solitum
1213 5686 1479 5758 antiquis,
1518 5686 1804 5760 euphoigize

231 5760 383 5818 quasi
412 5758 615 5825 gratia,
645 5759 986 5812 abscondere
1018 5758 1251 5813 litteram
1279 5771 1323 5818 η
1355 5757 1417 5815 in
1461 5757 1663 5825 medio.
1711 5757 1802 5813 Sic

1926 4572 2114 4630 vacat,
2160 4565 2418 4621 Davidem
2465 4565 2710 4622 Camium
2744 4568 2811 4621 ad
2854 4565 3058 4623 Psalm.
3103 4582 3282 4633 xxxv;
3334 4568 3493 4624 Drus.

1918 4634 2124 4756 ﬁoﬂmm.
2176 4634 2329 4691 Post.
2370 4639 2440 4691 ad
2483 4654 2629 4693 voces
2660 4636 2737 4692 Ν.
2761 4636 2850 4706 Τ.,
2891 4651 3013 4707 pag.
3058 4638 3195 4701 194,
3244 4652 3367 4708 cap.
3408 4640 3491 4693 10.

2018 4721 2066 4756 Β.

1950 4720 2066 4760 εΒΒ.

1988 4776 2104 4845 (24)
2143 4775 2303 4850 ξατᾷ
2334 4776 2409 4847 τῆ
2430 4820 2444 4843 .
2481 4787 2589 4850 εις·
2638 4776 2956 4850 Ιςθιιεξρίὲυιη,
2982 4779 3048 4849 τῇ
3073 4774 3494 4850 ,ἑρμηνεέᾳν.ει

1916 4841 2041 4901 mox
2087 4841 2239 4919 ’τοῦτ’
2278 4841 2404 4901 ἐστι’
2434 4841 2580 4911 ’κατὰ
2623 4841 2744 4918 τὴν“
2766 4841 3492 4919 Ἐϐραίων’ἑρμηνευθὲίσῖιν

1915 4918 2120 4990 φωνήν.
2161 4918 2316 4990 Saepe
2349 4920 2556 4973 librarii
2588 4930 2843 4990 errarunt
2877 4918 2929 4971 in
2986 4918 3088 4971 hac
3121 4918 3302 4972 littera
3332 4934 3362 4971 ν
3387 4932 3490 4987 pro

1920 5002 1936 5037 t
1966 4988 2112 5055 quOd
2144 4989 2272 5043 olim
2308 5006 2417 5043 non
2446 4988 2914 5043 subscrihebatur.

1982 5059 2097 5128 (25)
2136 5058 2448 5128 Ἐξεχύθη.
2478 5059 2620 5128 Idem
2636 5056 2870 5128 verbum
2898 5057 3012 5125 jam
3042 5070 3193 5128 saepe
3210 5056 3483 5128 occurrit,

1914 5125 2011 5187 sed
2047 5125 2225 5185 tamen
2257 5125 2470 5185 videtur
2507 5126 2757 5182 Justinus
2802 5126 3003 5198 legisse
3040 5125 3322 5198 ἐξεχύθην.
3348 5125 3482 5198 Illud

1911 5203 2057 5258 enim
2094 5200 2317 5254 verbum
2351 5200 2428 5254 ita
2469 5198 2727 5267 explicat,
2756 5207 2817 5249 ut
2852 5196 2981 5267 illud
3014 5196 3288 5265 praecipue
3332 5196 3481 5267 reie-

1912 5283 1999 5326 rat
2034 5270 2101 5322 ad
2127 5271 2301 5339 ipsum
2350 5265 2557 5339 Christi
2599 5282 2694 5339 cur
2726 5265 3077 5339 εἘντρᾷμου
3118 5266 3483 5339 τῆς-καρδίας

1908 5335 2162 5412 δηλονότι
2174 5337 2342 5411 ούσης
2365 5342 2463 5412 και
2495 5338 2601 5391 τῶν
2627 5335 2814 5412 ὀστῶν-
2834 5335 3480 5412 ὁμοίωςμοιυξ-νὶίειεο

1910 5405 2131 5467 dubium
2161 5422 2269 5475 est,
2297 5405 2428 5480 quin
2455 5410 2666 5479 legerit,
2694 5406 2827 5460 ὡσεὶ
2857 5405 3003 5480 ὕδωρ
3026 5405 3477 5480 -ὲξεχύθηνηοιιιιι

1910 5484 2052 5536 hanc
2075 5474 2340 5535 rationem
2373 5474 2565 5535 horuiu
2590 5480 2879 5531 verborum
2912 5474 3293 5547 reddatfquo'd
3319 5474 3478 5531 Chri-

1908 5554 1979 5607 sti
2010 5566 2108 5607 eor
2149 5551 2351 5605 factum
2398 5549 2564 5607 fuerit
2604 5547 3036 5617 contremiscens
3077 5548 3305 5617 ejusque
3347 5560 3476 5600 ossa

1908 5622 2185 5686 similiter,
2233 5622 2342 5675 imo
2374 5620 2519 5690 quod
2557 5619 2731 5689 ipsum
2766 5631 2863 5673 cor
2896 5616 3119 5672 factum
3149 5617 3315 5672 fuerit
3353 5625 3477 5670 tan-

1905 5708 2072 5763 quam
2099 5708 2223 5745 cera
2249 5692 2580 5763 liquesceits.

1976 5763 2091 5834 (26)
2125 5764 2244 5819 Ὅτι
2265 5754 2458 5831 ιὸρώς.
2488 5761 2648 5819 Deest
2675 5759 2988 5834 γέγραπται
3022 5766 3116 5816 aut
3151 5755 3357 5837 aliquid
3397 5754 3476 5814 Ii-

235 5818 439 5891 τινετώ
462 5818 611 5887 amr
634 5845 735 5900 pro
783 5836 985 5887 arma
1015 5830 1157 5898 apud
1195 5831 1507 5902 magistros.
1554 5818 1708 5899 Vide,
1754 5830 1799 5883 si
1901 5818 2050 5890 mile.
