3954 6258
474 404 576 461 719

1389 408 1443 463 5.
1477 409 1737 467 JUSTINI
1775 409 2184 467 PlllLOSOI‘lll
2220 410 2307 465 ΕΤ
2348 410 2709 466 ΜΑΒἸὝΒΙΞ

3616 412 3723 467 79.0

464 527 660 583 delicet
697 525 841 581 illius
876 526 1041 581 corde
1067 534 1123 582 et
1160 528 1376 584 ossibus
1424 531 1681 586 similiter
1721 531 2010 585 contremi-

2134 527 2361 601 θρόμεοι
2408 532 2703 599 κατεχεῖτο,
2749 528 2911 581 αὐτοῦ
2959 527 3252 599 εὐχομένου
3306 527 3399 581 καὶ
3440 528 3725 598 λέγοντος,

463 620 757 685 scentibus,
786 634 850 673 ac
880 620 1043 675 corde
1064 623 1301 692 speciem
1334 623 1566 679 habente
1600 624 1951 693 liquescentis
1982 625 2034 679 in

458 719 703 766 ventrem
738 724 910 775 cerae;
951 720 1010 765 ut
1051 721 1202 767 certo
1242 712 1507 767 sciremus
1546 714 1783 768 voluisse
1821 713 2037 768 Patrem

459 802 515 857 in
543 801 809 873 ejusmodi
840 801 1002 857 etiam
1034 803 1479 874 perpessionibus
1502 804 1698 859 Filium
1727 821 1881 860 suum
1911 818 2036 859 vere

457 904 678 964 propter
704 909 801 950 nos
824 895 1053 961 versari,
1081 910 1184 951 nec
1206 896 1513 951 diceremus
1533 912 1680 961 eum,
1711 913 1833 951 cum
1866 897 2036 952 Filius

457 987 554 1043 Dei
586 995 752 1053 esset,
789 1001 898 1041 non
939 987 1179 1043 sensisse
1211 1003 1332 1059 quae
1372 988 1421 1043 ei
1454 989 1655 1043 inﬂicta
1694 1000 1844 1053 sunt,
1887 1005 2036 1060 quae-

455 1093 563 1149 que
593 1081 643 1135 ei
693 1080 1027 1135 acciderunt.
1071 1080 1207 1135 lllud
1241 1090 1420 1137 autem
1463 1098 1477 1135 :
1517 1081 1716 1135 «Aruit
1776 1091 2033 1151 tanquam

456 1179 599 1226 testa
650 1170 822 1228 virtus
860 1186 1004 1237 mea,
1046 1182 1102 1227 et
1133 1172 1313 1243 lingua
1355 1187 1473 1228 mea
1510 1173 1741 1228 adhmsit
1784 1172 2032 1229 faucibus

456 1264 615 1329 meis,
632 1280 662 1333 ﬁ
698 1262 973 1319 silentium
1011 1263 1162 1331 illud,
1199 1265 1267 1319 de
1311 1278 1420 1335 quo
1460 1265 1573 1336 jam
1606 1265 1742 1331 dixi,
1777 1281 2033 1335 praenun-

454 1355 650 1421 tiabat,
674 1370 795 1410 cum
839 1357 904 1420 is,
945 1356 1036 1424 qui
1084 1364 1294 1411 vestros
1332 1371 1524 1411 omnes
1562 1357 1882 1427 insipientes
1913 1372 2029 1411 ma-

454 1446 656 1516 gistros
700 1462 932 1519 arguere
984 1446 1229 1515 solebat,
1276 1447 1483 1506 nullum
1526 1450 1749 1505 omnino
1808 1449 2029 1504 verbum

456 1540 754 1612 respondit.

530 1810 752 1867 104.Ει
797 1812 932 1867 illud
977 1832 988 1865 :
1026 1833 1044 1864 ι
1080 1814 1133 1868 ln
1186 1814 1460 1885 pulverem
1512 1816 1704 1870 mortis
1752 1816 2021 1871 deduxisti

454 1917 545 1958 me
572 1924 584 1958 :
623 1904 881 1979 quoniam
906 1906 1383 1960 circumdederunt
1409 1921 1495 1959 me
1516 1920 1678 1961 canes
1702 1907 1876 1970 multi,
1901 1923 2028 1962 cnn-

448 1996 633 2051 cilium
673 1995 1083 2066 malignantium
1122 1998 1335 2052 obsedit
1374 2011 1482 2051 me.
1515 1997 1798 2052 Foderunt
1841 2014 2029 2054 manus

449 2102 601 2143 meas
626 2097 681 2143 et
719 2089 883 2159 pedes
924 2104 1092 2145 meos.
1147 2088 1648 2145 Dinumeravernnt
1682 2093 1861 2145 omnia
1899 2106 2027 2147 ossa

447 2194 594 2235 mea.
620 2180 722 2251 lpsi
773 2182 1260 2237 eonsideraverunt
1293 2190 1345 2237 et
1402 2183 1756 2252 inspexerunt
1791 2198 1900 2238 me.
1936 2184 2030 2237 Di-

447 2275 694 2341 viserunt
717 2277 820 2331 sibi
842 2278 1169 2332 vestimenta
1203 2292 1342 2345 mea,
1367 2286 1420 2332 et
1445 2293 1607 2349 super
1625 2290 1828 2333 vestem
1850 2295 2025 2335 meam

450 2366 721 2422 miserunt
775 2378 975 2424 sortem
1005 2386 1017 2434 ;
1051 2388 1069 2421 ›
1106 2370 1219 2423 bare
1250 2371 1444 2432 verba,
1490 2380 1547 2424 ut
1576 2370 1687 2441 jam
1714 2371 1844 2432 dixi,
1887 2387 2026 2441 pra:-

443 2458 775 2517 nuutiabant
810 2474 921 2529 quo
952 2461 1369 2535 mortisgeuere
1400 2461 1549 2515 illum
1597 2463 2021 2517 condemnatum

440 2558 591 2604 esset
615 2550 981 2620 improborum
1016 2551 1326 2623 SynagOga,
1366 2568 1508 2623 quos
1535 2554 1750 2623 quidem
1776 2563 1829 2608 ct
1861 2569 2022 2609 canes

441 2643 749 2713 appellatet
774 2656 1083 2709 venatores,
1111 2645 1357 2697 indicans
1383 2644 1530 2713 ipsos
1545 2660 1742 2700 canum
1766 2645 2021 2699 ductores

442 2737 607 2792 etiam
641 2747 1000 2809 congregatos
1028 2737 1214 2800 fuisse,
1240 2737 1336 2805 qui
1366 2736 1499 2790 nihil
1532 2752 1635 2790 non
1671 2737 1837 2790 moliti
1869 2746 2016 2803 sunt,

440 2838 502 2882 ut
532 2844 653 2882 eum
686 2828 1133 2883 condemnarent.
1167 2827 1322 2894 Quod
1354 2828 1574 2896 Quidem
1614 2828 1815 2881 factum
1853 2828 2019 2882 fuisse

441 2921 496 2975 in
526 2922 646 2991 ejus
671 2921 1034 2991 apostolorum
1078 2920 1485 2975 commentariis
1518 2920 1859 2991 perhibetur.
1887 2921 2015 2991 Ejus

439 3025 620 3068 autem
651 3015 999 3078 vestimenta,
1018 3025 1309 3083 postquam
1338 3017 1633 3071 cruciﬁxus
1660 3025 1763 3082 est,
1793 3016 1935 3069 inter
1960 3029 2018 3069 se

439 3107 695 3162 divisisse
724 3122 837 3173 eos,
868 3107 957 3176 qui
983 3108 1134 3162 illum
1168 3108 1586 3172 cruciﬁxerunt,
1623 3108 2011 3162 demonstravi.

509 3196 631 3253 105.
660 3197 792 3265 Quae
821 3207 1126 3267 sequuntur
1157 3199 1209 3252 in
1236 3199 1446 3268 psalmo
1479 3217 1491 3253 :
1531 3216 1547 3248 ι
1578 3197 1658 3251 Τιι
1685 3208 1889 3265 autem,
1914 3197 2016 3252 Do-
2040 3222 2082 3280 ε

434 3288 603 3353 mine,
626 3304 695 3344 ne
721 3289 1064 3361 elongaveris
1092 3290 1357 3344 auxilium
1391 3303 1539 3346 tuum
1574 3305 1604 3344 a
1648 3306 1776 3345 me:
1811 3291 1877 3344 ad
1912 3292 2010 3344 de-

437 3378 747 3435 fensionem
781 3397 954 3436 meam
987 3383 1261 3451 conspice.
1287 3381 1481 3438 Libera
1507 3396 1537 3435 a
1575 3381 1751 3453 gladio
1777 3381 2011 3434 animam

435 3485 608 3526 meam
654 3482 711 3527 et
742 3472 809 3527 de
847 3488 1011 3528 manu
1040 3477 1196 3529 canis
1230 3474 1563 3543 unigenitam
1618 3488 1816 3527 meam.
1848 3471 2011 3541 200

434 3560 597 3617 Salva
626 3577 710 3618 me
732 3576 795 3617 ex
840 3579 933 3619 ore
982 3563 1176 3629 leonis,
1212 3574 1267 3620 et
1313 3580 1341 3617 ιι
1372 3566 1632 3619 cornibus
1660 3564 2007 3618 unicornium

432 3657 800 3711 humilitatem
833 3674 1044 3719 meam;
1075 3676 1094 3709 ι
1141 3657 1394 3711 similiter
1421 3673 1632 3723 eorum,
1661 3672 1781 3727 qua:
1819 3656 1893 3711 illi
1926 3656 2009 3711 in-

431 3758 562 3804 sunt
587 3758 641 3804 et
668 3764 855 3804 eorum
884 3766 1004 3819 quae
1033 3749 1110 3803 illi
1137 3760 1395 3804 eventura
1421 3758 1599 3815 erant,
1624 3751 2002 3804 documentum

432 3850 489 3894 et
519 3841 906 3910 prmnuntiatio
936 3840 1058 3894 fuit.
1090 3839 1433 3911 Unigenitum
1473 3840 1618 3896 enim
1663 3840 1814 3893 illum
1854 3839 2003 3894 Patri

501 4057 616 4127 (27)
656 4059 759 4112 Ἐν
773 4059 1010 4127 μηδενί.
1045 4059 1223 4114 Nimis
1244 4074 1473 4127 operosa
1504 4061 1809 4115 immutatio
1850 4061 1893 4114 si
1922 4060 2003 4113 le-

429 4144 635 4211 gamus“
657 4144 781 4209 cum
827 4129 1219 4211 Sylburgio,_év
1257 4129 1293 4211 ᾖ
1333 4132 1526 4202 μηδενὶ
1566 4130 1743 4211 μηδὲν,
1773 4129 2007 4211 ἀπεκρί-

429 4192 567 4251 νετο.
604 4198 789 4253 Satius
834 4192 918 4254 est
962 4192 1345 4268 parenthesi'm'
1374 4192 1669 4268 apponere.
1703 4200 1816 4254 Non
1858 4192 2003 4256 enim

429 4271 627 4322 desunt
649 4268 846 4322 similia
871 4270 1120 4339 exempla
1154 4272 1205 4323 in
1228 4272 1332 4325 hoc
1368 4270 1620 4339 Dialogo,
1649 4271 1701 4325 in
1732 4285 1840 4338 quo
1870 4270 2007 4324 scri-

398 4340 609 4392 .bcndo
660 4352 805 4409 Stepe
846 4338 1101 4409 Justinus
1125 4342 1377 4395 ardorem
1419 4338 1583 4393 animi
1628 4345 1800 4409 magis
1841 4355 2003 4405 quam

428 4408 817 4531 grammaticas
844 4408 992 4479 leges
1040 4410 1310 4478 sequitur.
1341 4412 1473 4464 Vide
1505 4426 1666 4495 supra
1702 4408 1758 4464 ιι.
1788 4410 1882 4476 40,
1910 4410 2002 4476 89,

464 4484 553 4531 do.
589 4489 643 4531 et
670 4477 809 4531 Infra
837 4494 893 4531 n.
926 4478 1054 4531 ΗΟ.
1092 4489 1146 4531 et
1173 4480 1329 4531 Anol.
1366 4482 1419 4531 1.
1444 4496 1499 4531 ιι.
1530 4482 1617 4531 (ii.

464 4480 643 4550 05,7et
670 4477 809 4550 infra
837 4477 1054 4540 n.110,
1085 4477 1329 4550 etApol.
1366 4482 1419 4543 1,
1444 4496 1499 4534 ιι.
1530 4482 1617 4533 (ii.

500 4549 613 4617 (‘28)
651 4547 844 4619 Κύνες
872 4548 1109 4602 πολλοί.
1147 4547 1368 4619 Legitur
1406 4553 1456 4603 in
1500 4552 1661 4603 editis
1701 4548 1862 4615 κύνες
1901 4552 1997 4605 καὶ

2144 640 2161 671 ι
2191 620 2533 692 Παρελθέτω,
2565 620 2613 672 εί
2662 620 2903 683 δυνατὸν,
2937 621 2998 673 τὸ
3038 620 3299 691 ποτήριον
3348 619 3539 674 τοῦτο·
3570 640 3589 672 ι
3636 624 3728 675 ὲν-

2137 714 2341 786 τρόμου
2374 713 2474 784 τῆς
2504 714 2729 785 καρδίας
2757 713 2997 784 δηλονότι
3028 711 3223 785 οὔσης,
3271 712 3366 767 καὶ⁵
3414 713 3523 767 τῶν
3555 715 3730 768 ὀστῶν

2136 805 2355 877 ὁμοίως,
2379 806 2615 869 ἐοικυίας
2644 806 2743 875 τῆς
2768 806 2992 876 καρδίας
3026 804 3180 876 κηρῷ
3218 804 3507 876 τηκομένῳ
3527 809 3607 871 εἰς
3631 808 3732 878 τὴν

2137 897 2343 952 κοιλίαν
2366 916 2379 931 ο
2414 900 2561 962 ὅπως
2596 898 2824 969 εἰδῶμεν
2857 900 2937 951 ὅτι
2968 900 2997 949 ὁ
3028 899 3218 970 Πατὴρ
3247 898 3337 952 τὸν
3370 899 3567 952 ἑαυτοῦ
3602 901 3731 953 Υἱδν

2136 992 2229 1045 καὶ
2254 994 2310 1045 ὲν
2338 992 2601 1056 τοιούτοις
2644 991 2871 1044 πάθεσιν
2920 990 3134 1063 ἀληθῶς
3160 990 3441 1059 γεγονέναι
3474 992 3539 1045 δι’
3582 994 3733 1063 ἡμᾶς

2138 1081 2455 1153 βεϐούληται
2482 1121 2495 1147 ,
2535 1084 2631 1137 καὶ
2668 1082 2742 1154 μὴ
2772 1083 3038 1154 λέγωμεν,
3080 1084 3163 1135 ὅτι
3196 1085 3428 1149 ἐκεῖνος,
3463 1084 3554 1137 τοῦ
3591 1085 3729 1137 Θεοῦ

2136 1175 2267 1238 Υἱὸς
2299 1174 2395 1240 ὣν,
2425 1176 2523 1228 ούκ
2547 1176 2983 1246 ἀντελαμϐάνετο
3001 1174 3106 1227 τῶν
3139 1175 3443 1246 γινομένων
3467 1176 3562 1230 καὶ
3590 1193 3734 1247 συμ-

2134 1265 2424 1319 ϐαινόντων
2466 1266 2631 1337 αὐτῷ.
2680 1269 2791 1320 Καὶ
2836 1267 2916 1319 τό·
2959 1286 2977 1316 ι
3002 1265 3300 1338 Ἐξηράνθη
3334 1268 3409 1331 ὡς
3458 1268 3733 1338 ὄστρακον

2132 1360 2166 1428 ἡ
2218 1358 2370 1429 ἰσχύς
2422 1377 2544 1429 μου,
2592 1358 2685 1413 καὶ
2744 1361 2776 1430 ή
2835 1359 3055 1428 γλῶσσά
3108 1376 3210 1429 μου
3263 1359 3589 1429 κεκόλληται
3649 1359 3732 1429 τῷ

2132 1450 2364 1521 λάρυγγί
2416 1469 2540 1522 μου,
2594 1471 2612 1503 ›
2653 1451 2792 1521 ὅπερ
2832 1454 3110 1523 προεῖπον,
3166 1450 3267 1520 τῆς
3301 1452 3459 1523 σιγῆς
3497 1452 3578 1522 (τῖεν
3622 1469 3733 1522 μη-

2129 1542 2240 1596 δενὶ
2293 1542 2403 1614 (‘27)
2460 1543 2626 1613 μηδὲν
2674 1543 3101 1614 ἀποκρινόμενος
3146 1545 3174 1595 ὁ
3222 1544 3432 1607 πάντας
3484 1543 3732 1613 ἐλέγχων

2130 1635 2365 1705 ἀσόφους
2399 1638 2524 1700 τοὺς
2582 1637 2712 1707 παρ’
2767 1636 2894 1707 ὑμῖν
2954 1636 3382 1708 διδασκάλους),
3439 1654 3729 1709 προαγγε-

2130 1726 2219 1779 λία
2250 1723 2337 1797 ἦν.

2202 1818 2322 1873 104.
2352 1821 2458 1872 Καὶ
2497 1819 2575 1871 τό·
2609 1838 2626 1870 ι
2662 1820 2756 1884 Εἰς
2805 1818 2933 1888 χοῦν
2964 1819 3195 1873 θανάτου
3242 1820 3560 1890 κατήγαγές
3617 1836 3726 1891 με·

2129 1911 2211 1963 ὅτι
2274 1910 2588 1973 ἐκύκλωσαν
2650 1930 2718 1982 με
2774 1912 2936 1976 κύνες
2999 1912 3183 1966 πολλοί
3233 1912 3376 1981 (‘28)'
3428 1913 3729 1984 συναγωγὴ

2132 2002 2584 2073 πονηρευομένων
2627 2003 2916 2075 περιέσχον
2980 2022 3067 2075 με.
3113 2003 3349 2075 Ὠρυξαν
3392 2004 3583 2075 χεῖράς
3620 2023 3727 2076 μου

2130 2095 2223 2145 καὶ
2251 2093 2415 2155 πόδας
2475 2111 2598 2163 μου.
2662 2092 3065 2166 Ἐξηρίθμησαν
3095 2095 3274 2149 πάντα
3299 2096 3367 2149 τὰ
3414 2097 3551 2148 ὀστᾶ
3592 2114 3725 2166 μου.

2128 2186 2291 2239 Αὐτοὶ
2311 2185 2367 2237 δὲ
2395 2185 2728 2256 κατενόησαν
2748 2188 2843 2240 καὶ
2873 2188 3083 2240 ὲπεῖδὸν
3115 2206 3202 2259 με.
3234 2188 3630 2260 Διεμερίσαντο
3659 2190 3729 2243 τὰ

2129 2277 2321 2348 ἱμάτιά
2346 2296 2448 2347 μου
2477 2279 2709 2341 ἑαυτοῖς,
2745 2281 2840 2331 καὶ
2870 2281 2962 2332 ἐπὶ
2992 2280 3081 2332 τὸν
3115 2280 3413 2351 ἱματισμόν
3445 2299 3550 2350 μου
3594 2279 3729 2336 ἔϐα-

2125 2369 2213 2422 λον
2250 2370 2450 2440 κλῆρον
2477 2411 2490 2431 ,
2534 2389 2551 2420 ι
2580 2370 2654 2434 ὡς
2673 2374 2954 2441 προεῖπον,
2986 2372 3325 2442 προαγγελία
3349 2368 3418 2441 ἦν
3442 2372 3533 2426 διὰ
3562 2374 3726 2427 ποίου

2125 2457 2355 2513 θανάτου
2384 2460 2769 2524 καταδικάζειν
2796 2462 2956 2514 αὑτὸν
2985 2461 3261 2532 ἔμελλενὴ
3288 2463 3583 2533 συναγωγὴ
3613 2464 3726 2515 τῶν

2126 2551 2578 2622 πονηρευομένων
2603 2568 2616 2580 ·
2650 2551 2742 2614 οὒς
2774 2553 2867 2604 καὶ
2896 2552 3065 2614 κύνας
3094 2552 3248 2603 καλεῖ
3288 2555 3381 2604 καὶ
3416 2554 3719 2623 κυνηγοὺς,

2125 2644 2343 2713 μηνύων
2360 2644 2441 2695 ὅτι
2459 2645 2673 2697 αύτοὶοὶ
2695 2646 2903 2715 κυνηγή
2913 2662 3099 2709 σαντες
3122 2646 3214 2697 καὶ
3236 2644 3587 2715 συνήχθησαν
3606 2648 3721 2716 (29)

2119 2736 2167 2787 οξ
2200 2735 2592 2803 ἀγωνιζόμενοι
2644 2737 2735 2787 ἐπὶ
2774 2735 2850 2804 τῷ
2894 2735 3356 2788 καταδικάσασθαι
3383 2738 3495 2806 (50)
3528 2738 3719 2789 αὐτόν.

2121 2826 2296 2899 Ὅπερ
2325 2828 2417 2879 καὶ
2452 2830 2508 2880 ὲν
2548 2833 2657 2893 τοῖς
2688 2828 3217 2899 ἀπομνημονεύμασι
3257 2828 3365 2882 τῶν
3398 2830 3721 2883 ἀποστόλων

2119 2919 2283 2973 αὐτού
2322 2921 2632 2994 γέγραπται
2664 2922 2977 2991 γενόμενον.
3010 2922 3119 2973 Καὶ⁸
3150 2922 3230 2973 ὅτι
3283 2921 3423 2990 μετὰ
3452 2922 3513 2974 τὸ
3550 2939 3721 2974 σταυ-

2122 3012 2359 3085 ρωθῆναι
2401 3015 2582 3078 αὑτὸν,
2615 3014 2879 3086 έμέρισαν
2930 3014 3143 3076 ἑαυτοῖς
3191 3016 3240 3066 οἱ
3290 3014 3720 3086 σταυρώσαντες

2116 3103 2278 3155 αὐτὸν
2308 3103 2375 3156 τὰ
2407 3103 2599 3174 ἱμάτια
2630 3102 2817 3165 αὑτοῦ,
2852 3101 3114 3174 ἐδήλωσα.

2189 3195 2310 3249 105.
2336 3195 2416 3248 Τά
2440 3195 2495 3247 δὲ
2532 3193 2800 3248 ἀκόλουθα
2834 3193 2925 3246 τοῦ
2965 3192 3206 3264 ψαλμούο
3248 3213 3266 3245 ‹
3295 3196 3368 3249 Σὺ
3400 3195 3478 3259 δὲ,
3510 3194 3715 3268 Κύριε,

2123 3286 2198 3358 μὴ
2254 3287 2541 3359 μακρύνῃς
2571 3287 2668 3355 τὴν
2725 3284 2980 3356 βοήθειάν
3027 3302 3120 3338 σου
3152 3286 3248 3338 ἀπ’
3283 3286 3419 3357 ἐμοῦ
3447 3303 3461 3315 ·
3494 3288 3580 3350 είς
3612 3287 3716 3354 τὴν

2122 3376 2407 3446 ἀντίληψίν
2441 3394 2543 3445 μου
2589 3376 2846 3448 πρόσχες.
2892 3375 3079 3427 Ῥῦσαι
3131 3375 3240 3427 ἀπὸ
3282 3376 3562 3445 ῥομφαίας
3612 3376 3715 3445 τὴν

2117 3469 2294 3541 ψυχήν
2313 3487 2438 3539 μου,
2464 3470 2559 3522 καὶ
2580 3471 2643 3521 ἐκ
2657 3486 2739 3540 χει
2748 3470 2837 3541 pb;
2854 3469 3011 3533 κυνὸς
3031 3469 3129 3539 τὴν
3148 3468 3413 3539 μονογενῆ
3437 3486 3540 3538 μου
3560 3467 3677 3539 (51)
3695 3484 3712 3497 ο

2118 3560 2291 3612 σῶσόν
2318 3577 2385 3629 με
2415 3560 2480 3611 ὲκ
2508 3559 2777 3630 στόματος
2802 3560 3037 3623 λέοντος,
3072 3560 3166 3612 καὶ
3197 3559 3304 3612 ἀπὸ
3339 3559 3588 3629 κεράτων
3616 3578 3717 3629 μο-

2116 3651 2432 3723 νοκερώτων
2479 3650 2575 3722 τὴν
2606 3650 2933 3704 ταπείνωσίν
2968 3668 3098 3721 μου·
3140 3670 3157 3701 ι
3191 3650 3395 3721 ὁμοίως
3426 3650 3588 3703 πάλιν
3626 3650 3715 3703 δι-

2114 3745 2377 3798 δασκαλία
2408 3746 2503 3798 καὶ
2530 3744 2869 3817 προαγγελία
2906 3743 3013 3796 τῶν
3035 3743 3204 3797 όντων
3234 3742 3403 3812 αύτῷ,
3439 3745 3532 3796 καὶ
3566 3760 3715 3813 συμ-

2116 3838 2318 3892 6αίνειν
2368 3837 2687 3909 μελλόντων.
2742 3836 3051 3906 Μονογενὴς
3080 3836 3187 3907 γὰρ
3218 3837 3300 3888 ὅτι
3325 3831 3393 3904 ἦν
3423 3834 3500 3905 τῷ
3524 3835 3637 3886 Πατ
3650 3835 3708 3906 ρὶ

2104 4058 2320 4115 scilicet
2351 4057 2655 4124 Scriptura,
2684 4066 2740 4110 ut
2768 4057 3021 4110 observat
3044 4055 3315 4113 Justinus.
3342 4053 3545 4105 indicat
3566 4068 3705 4106 con-

2104 4131 2290 4184 cilium
2327 4133 2396 4181 ab
2429 4128 2539 4181 illis
2563 4129 2803 4181 habitum
2840 4128 3027 4190 fuisse,
3061 4142 3124 4178 ac
3150 4124 3449 4193 Synagugm
3476 4124 3702 4177 nomine

2106 4214 2294 4254 eorum
2327 4207 2714 4251 auctoritatem
2743 4198 3007 4266 designat.

2178 4268 2290 4341 (29)
2327 4268 2431 4341 Καὶ
2457 4261 3158 4341 σψοήχθῃσᾳιξΪ-υἰδριὶεθι
3183 4263 3313 4317 illud
3334 4262 3428 4316 καί
3452 4261 3700 4341 eruditis

2107 4340 2239 4393 viris
2269 4333 2653 4409 Sylburgioet
2688 4336 2962 4409 Thirlbio,
2998 4333 3533 4409 quorumposterior
3560 4346 3699 4409 ron-

2100 4402 2441 4476 jnnctioiicm
2480 4402 2658 4459 inulto
2711 4402 3416 4476 incommodiuscollocat,
3461 4402 3697 4476 legendo

2104 4474 2186 4532 ὅτι
2220 4482 2315 4532 καὶ
2348 4476 2522 4531 αὐτοί.
2562 4476 2784 4529 ΝιιΙΙιιιιι
2813 4478 3061 4543 equidem
3088 4474 3196 4527 vidi
3228 4475 3574 4543 :criptorem.
3595 4474 3691 4538 qui

2106 4552 2245 4603 hanc
2287 4549 2535 4603 voculain
2584 4548 2782 4613 sacpius
2824 4541 3150 4613 uSurparet,
3181 4559 3346 4613 quam
3395 4541 3692 4609 Justinus;

425 4596 885 4691 κυὸῖιῇιῖτὸλᾷὄίζ
895 4596 1116 4691 ﬁssam.)
1124 4596 1462 4691 αῖέἵοὶὶἒέυνῆ
1470 4596 1734 4687 ﬁlia»?
1744 4596 1827 4673 'iii'
1836 4596 1997 4676 ἷιιῖίῖἶ

2122 4596 3372 4691 se;2.55515;assiduitas;psi-spicum,
3401 4626 3516 4691 quo,
3556 4596 3693 4665 εοηε

428 4688 557 4758 que
591 4688 852 4759 cod.nis.
881 4689 962 4742 Ad
987 4704 1140 4759 oram
1178 4700 1359 4745 tamen
1392 4688 1676 4757 utriusque
1728 4693 2005 4759 scriptum.

423 4756 507 4829 est
542 4775 558 4813 :
600 4758 687 4829 ’Ev
723 4756 923 4823 ἄλλοις,
954 4758 1116 4822 κύνες
1142 4761 1237 4813 καὶ
1277 4760 1505 4829 κυνηγοὶ
1542 4756 1745 4813 πολλοί.
1791 4756 1858 4813 Μ
1888 4771 1992 4827 est,

429 4847 450 4881 ι
483 4828 536 4882 In
566 4828 1120 4899 aliishexemplaribus
1162 4831 1361 4899 legitur
1397 4828 1562 4883 canes
1600 4840 1655 4883 et
1706 4841 1995 4885 venatores

402 4900 601 4953 multi.
640 4916 659 4949 ι
687 4897 803 4953 Non
842 4900 1111 4953 dubitavit
1152 4897 1460 4969 Stephanus
1501 4900 1640 4953 banc
1662 4902 1993 4969 scripturam

424 4972 481 5022 in
528 4978 840 5024 contextum
895 4970 1185 5025 asciscere.
1236 4972 1342 5025 Sed
1394 4969 1543 5024 illum
1597 4971 1669 5022 ita
1719 4970 1991 5027 facturum

423 5038 593 5109 fuisse
628 5054 733 5109 non
770 5040 1013 5109 puto,si
1046 5055 1183 5109 rem
1248 5042 1516 5094 attentius
1560 5041 1989 5097 considerasset.

421 5108 559 5181 Nam
617 5108 893 5181 Iustinum
950 5108 1147 5178 legisse
1198 5109 1358 5174 κύνες
1400 5112 1497 5163 καὶ
1522 5112 1748 5181 κυνηγοὶ
1786 5109 1989 5178 πολλοί,

421 5180 572 5235 nullo
605 5180 736 5233 milii
766 5181 977 5251 videtur
1025 5194 1180 5248 posse
1224 5191 1544 5251 argumento
1586 5180 1826 5250 prObari.
1870 5181 1987 5236 Non

422 5262 727 5324 agnoscunt
747 5250 966 5305 codices
988 5264 1121 5324 mss.
1158 5251 1288 5305 illud
1316 5251 1688 5324 καικυνηγοί,
1716 5267 1817 5324 nec
1848 5263 1989 5308 noue

418 5324 487 5374 ad
506 5320 807 5391 marginem
832 5320 1095 5391 appositae
1111 5329 1320 5375 tantum
1343 5320 1624 5376 tribuisset
1650 5322 1983 5391 Stephanus.

2102 4689 2229 4743 silio
2262 4682 2383 4743 eam
2418 4682 2670 4754 usurpet,
2713 4687 2807 4738 sed
2858 4682 3214 4738 meditatione
3257 4691 3311 4754 et
3350 4682 3517 4754 animi
3551 4696 3688 4734 con-

2101 4761 2347 4813 tentione
2388 4753 2661 4812 interdum
2698 4771 2834 4824 opus
2870 4765 2979 4809 est.
3010 4754 3242 4809 Videtur
3286 4753 3539 4824 bocloco
3561 4765 3686 4803 eam

2099 4830 2419 4883 adhibuisse
2449 4837 2505 4881 ut
2540 4823 2807 4881 indicaret
2836 4827 3151 4879 sacerdotes
3182 4825 3349 4876 etiam
3377 4823 3442 4875 de
3471 4836 3690 4873 summo

2097 4900 2307 4953 scelere
2337 4898 2730 4968 perpetrando,
2756 4906 2813 4968 ut
2852 4897 2903 4947 in
2958 4894 3121 4968 rebus
3156 4894 3221 4946 ad
3254 4891 3349 4968 Dei
3386 4890 3595 4944 cultum
3626 4902 3685 4942 et

2096 4963 2758 5038 glomam-pertinentibus
2792 4966 2972 5019 facere
2995 4963 3267 5027 solebant,
3303 4964 3446 5015 inter
3464 4975 3525 5013 se
3547 4974 3685 5012 con-

2094 5041 2310 5093 siliatos
2341 5054 2485 5093 esse.

2167 5110 2278 5178 (5t!)
2308 5107 2851 5163 Καταδικάσασθιιι.
2882 5105 3015 5178 Reg.
3053 5104 3119 5157 ad
3164 5117 3337 5171 marg.
3363 5110 3415 5154 et
3448 5100 3511 5153 Β.
3555 5097 3685 5151 διει-

2088 5176 2301 5250 phanus
2326 5192 2389 5250 ait
2419 5184 2555 5232 cale.
2581 5176 3073 5250 καταδικασθῆναι.

2163 5250 2276 5327 (5i)
2310 5248 2427 5327 Τὴγ
2450 5246 2750 5327 perorem}
2772 5264 2911 5316 μου.
3080 5242 3299 5323 dubium
3328 5241 3460 5327 quin
3482 5238 3688 5327 legerit

2089 5309 2338 5373 Justinus
2371 5309 2467 5372 τὸν
2490 5309 2757 5387 μονογενῆ
2772 5309 2898 5371 σου.
2933 5316 3026 5369 His
3049 5314 3194 5368 enim
3225 5309 3683 5387 psallitiversibus

2089 5400 2146 5445 et
2174 5406 2236 5443 ea
2270 5405 2391 5460 qua:
2412 5384 2899 5462 Ubi-isto'inerant,
2933 5394 2987 5440 et
3012 5400 3075 5438 ea
3108 5398 3228 5449 quae
3255 5384 3330 5434 illi
3372 5388 3681 5462 evenerunt

2090 5458 2367 5530 contineri
2386 5459 2644 5530 declarat.
2676 5458 2727 5511 id
2754 5469 2837 5512 est
2870 5467 3131 5530 :eternam
3154 5458 3563 5530 generationem
3589 5462 3668 5530 ex

2087 5529 2253 5585 Patre
2286 5542 2342 5585 et
2381 5528 2725 5583 nativitatem
2774 5544 2841 5581 ex
2880 5527 3119 5592 Virgine.
3164 5520 3316 5586 Ouin
3357 5525 3522 5574 etiatr.
3548 5520 3674 5571 ideo

2087 5600 2203 5655 haec
2230 5617 2258 5654 ιι
2290 5601 2490 5654 Davide
2507 5599 2652 5651 dicta
2677 5599 2977 5661 existimat,
3003 5598 3126 5663 quia
3161 5608 3178 5641 ι
3210 5594 3524 5666 unigenitus
3546 5596 3676 5666 erat

2086 5669 2234 5725 Patri
2269 5674 2677 5732 universorum,
2718 5687 2736 5719 ι
2779 5668 2995 5735 proprie
3025 5681 3091 5719 ex
3129 5678 3193 5717 eo
3220 5662 3454 5716 Verbum
3482 5670 3535 5713 et
3566 5662 3676 5709 vir-

2088 5751 2173 5795 tus
2200 5744 2437 5810 genitus.
2493 5734 2846 5810 llmeautein
2880 5734 2947 5788 ’ei
2984 5738 3039 5810 in
3073 5744 3316 5810 mentein_
3336 5734 3523 5784 venire
3563 5742 3673 5805 non

2081 5802 2400 5879 potuerunt,
2433 5808 2681 5874 nisiquia
2714 5807 2926 5879 legebat
2950 5806 3040 5860 τὸν
3060 5802 3327 5876 μονογενῆ
3359 5818 3476 5865 σου,
3498 5816 3517 5851 ι
3548 5802 3670 5853 uui-

2082 5884 2324 5949 genitum
2353 5890 2531 5934 tuum.
2576 5897 2594 5930 ι

417 5391 521 5445 nisi
563 5389 687 5446 eum
734 5392 994 5461 movisset
1044 5389 1244 5444 Justini
1293 5392 1463 5461 ipsius
1508 5389 1847 5452 auctoritas.
1891 5396 1986 5461 qui

414 5462 579 5534 paulo
616 5469 740 5534 post
780 5461 896 5515 ait:
1048 5460 1338 5533 συναγωγὴ
1362 5461 1470 5515 τῶν
1510 5460 1983 5534 πονηρευομένων,

413 5530 509 5604 οὓς
547 5530 641 5586 καὶ
667 5530 834 5597 κύνας
873 5530 1029 5585 καλεῖ
1053 5534 1175 5604 ,καὶ
1218 5530 1509 5604 κυνηγούς,
1569 5530 1812 5604 μηνύων,
1873 5545 1981 5588 etc.

412 5600 547 5659 lude
598 5614 731 5676 nata
775 5604 1013 5676 suspicio
1041 5603 1197 5676 illum
1241 5600 1436 5676 legisse
1466 5600 1847 5676 xa‘t'x'uvqyoi.
1877 5604 1983 5658 Sed

411 5682 594 5728 tamen
621 5674 768 5727 illius
794 5674 964 5727 verba
1008 5673 1390 5743 siceaplicari
1430 5685 1678 5743 possunt,
1712 5673 1769 5727 ut
1798 5690 1985 5728 sacer-

409 5744 568 5798 dotes
595 5752 651 5799 et
673 5744 941 5806 seniores,
994 5744 1062 5814 de
1096 5746 1298 5811 quibus
1326 5745 1415 5799 hic
1450 5746 1651 5814 agitur,
1687 5760 1853 5798 canes
1885 5759 1982 5797 no-

410 5817 659 5868 minatim
704 5814 956 5882 appellati
1013 5813 1184 5868 fuisse
1230 5813 1504 5877 dicantur,
1552 5829 1747 5867 canum
1792 5825 1980 5868 autem

408 5888 665 5941 ductores
699 5900 807 5941 non
829 5886 1106 5953 conceptis
1136 5885 1336 5951 verbis,
1364 5885 1459 5941 sed
1483 5900 1541 5942 re
1558 5894 1613 5941 et
1636 5899 1822 5954 sensu,
1850 5889 1976 5941 dum
