3954 6258
263 376 345 432 ’131
1260 376 1617 440 DIALUGUS
1630 378 1812 439 ’ΘΗΜ
1831 378 2208 439 TRYPHONE
2238 377 2501 441 JUDEO.

3443 379 3547 441 7!!

261 490 354 544 τῶν
395 490 528 543 ὅλων
574 481 763 557 οὗτος,
792 492 958 557 ἰδίως
989 494 1054 562 ἐξ
1094 495 1260 549 αὐτοῦ
1306 495 1480 565 Λόγος
1512 498 1609 550 καὶ
1646 495 1870 568 δύναμις

1981 496 2372 551 universorum
2404 508 2548 560 esse,
2584 494 2807 566 proprie
2843 495 3083 552 Verbum
3107 504 3162 552 et
3194 496 3450 553 virtutem
3478 514 3546 554 ex

264 581 637 653 γεγενημένος,
663 585 770 638 καὶ
801 584 1053 659 ὕστερον
1083 588 1179 643 ἀνθ
1191 605 1371 657 ρωπος
1397 588 1484 642 διὰ
1512 588 1611 659 τῆς
1652 589 1870 661 Παρθέ-

264 694 345 730 νου
372 674 689 746 γενόμενος,
716 676 799 741 ῶς
830 679 949 732 ἀπὸ
982 679 1093 733 τῶν
1121 681 1704 752 ἀπομνημονευμάτων
1734 681 1872 752 ὲμά-

266 768 437 839 θομεν,
476 768 881 840 προεδήλωσα.
926 774 1046 826 Καὶ
1088 774 1169 827 ὅτι
1211 772 1545 847 σταυρωθεὶς
1575 772 1867 839 ἀπέθανεν,

265 858 451 931 ὁμοίως
474 861 738 931 προεῖπε.
772 862 852 916 Τὸ
883 863 1017 933 γάρ·
1050 882 1069 913 ι
1123 862 1307 917 Ῥύσαι
1341 865 1449 918 ἀπὸ
1471 864 1746 936 ῥομφαίας
1771 866 1870 937 τὴν

264 952 428 1023 ψυχήν
456 970 590 1022 μου,
618 955 722 1007 καὶ
752 956 821 1008 ἐκ
870 956 1057 1027 χειρὸς
1080 956 1238 1021 κυνὸς
1290 956 1387 1028 τὴν
1419 958 1687 1029 μονογενῆ
1731 976 1834 1029 μου
1853 974 1875 988 ’ν

265 1044 428 1096 σῶσόν
476 1061 549 1114 με
575 1045 646 1096 ὲκ
674 1045 956 1117 στόματος
978 1046 1212 1111 λέοντος,
1246 1049 1340 1101 καὶ
1368 1047 1477 1101 ἀπὸ
1505 1049 1748 1120 κεράτων
1774 1067 1871 1119 μο-

262 1135 583 1207 νοκερὼτων
614 1137 719 1208 τὴν
748 1139 1084 1192 ταπείνωσίν
1116 1156 1248 1209 μου,
1287 1158 1306 1191 ι
1335 1139 1540 1212 ὁμοίως
1573 1140 1869 1211 μηνύοντος

264 1229 328 1283 δι’
361 1222 422 1282 οὗ
449 1229 672 1293 πάθους
704 1230 937 1301 ἔμελλεν
988 1230 1375 1304 ἀποθνήσκειν,
1420 1231 1666 1286 τουτέστι
1711 1249 1872 1286 σταυρ

264 1313 507 1384 ροῧσθαι.
536 1316 613 1368 Τδ
637 1317 775 1388 γὰρ,
815 1337 832 1369 ι
871 1320 1121 1387 κεράτων
1154 1319 1541 1391 μονοκερὼτων
1570 1321 1704 1392 (52),
1742 1341 1759 1371 ι
1789 1323 1869 1375 ὅτι

262 1407 316 1459 τδ
350 1409 546 1479 σχῆμα
576 1409 677 1463 τοῦ
731 1412 967 1484 σταυροῦ
1004 1416 1121 1467 ἐστι
1174 1414 1358 1486 μόνου,
1406 1414 1870 1488 προεξηγησάμην

261 1498 408 1567 ὑμῖν.
444 1500 563 1553 Καὶ
593 1502 660 1553 τὸ
692 1502 803 1555 ἀπὸ
833 1505 1108 1574 ῥομφαίας
1135 1506 1228 1559 καὶ
1250 1505 1521 1575 στόματος
1536 1505 1749 1571 λέοντος
1776 1509 1871 1560 καὶ

264 1593 322 1642 ἐκ
349 1593 544 1663 χειρὸς
578 1594 748 1658 κυνὸς
782 1595 954 1648 αἰτεῖν
981 1595 1141 1649 αὑτὸν
1170 1596 1265 1666 τὴν
1289 1595 1466 1667 ψυχὴν
1494 1595 1757 1667 σωθῆναι,
1786 1599 1871 1651 ἵνα

263 1683 452 1755 μηδεὶς
506 1685 791 1759 κυριεύσῃ
822 1686 923 1756 τῆς
956 1687 1135 1758 ψυχῆς
1167 1689 1331 1743 αὐτοῦ
1374 1690 1594 1760 αἴτησις
1619 1684 1717 1760 ἦν·
1760 1689 1868 1755 ἵνα,

260 1776 417 1846 ἡνίκα
480 1778 654 1847 ἡμεῖς
698 1779 838 1849 πρὸς
874 1782 940 1851 τῇ
971 1778 1137 1852 ἐξόδῳ
1186 1780 1279 1835 τοῦ
1324 1780 1441 1851 βίου
1491 1780 1777 1853 γινόμεθα,
1805 1782 1873 1837 τὰ

1972 605 2038 645 eo
2061 590 2325 661 genitum,
2359 597 2523 659 alque
2557 596 2739 659 postea
2782 588 3060 644 hominem
3102 596 3291 645 natum
3314 588 3547 646 eLVir-

1970 683 2113 751 gine,
2140 690 2199 735 ut
2225 697 2289 736 ex
2315 680 2731 735 commentariis
2774 678 3090 745 didicimus,
3121 681 3233 752 jam
3263 690 3425 737 antea
3452 681 3546 737 de-

1971 774 2295 828 monstravi.
2321 772 2474 840 Quod
2504 780 2685 825 autem
2710 769 3004 826 cruciﬁxus
3032 781 3261 828 mortem
3289 774 3541 844 oppetiit,

1972 866 2023 921 id
2052 865 2305 919 similiter
2335 863 2679 935 praedictum.
2710 861 2844 919 Illud
2876 862 3059 919 enim:
3089 882 3110 916 ι
3140 864 3281 919 Erue
3309 864 3546 934 a'gladio

1970 958 2210 1011 animam
2242 972 2445 1023 meam,
2487 966 2542 1011 et
2579 954 2645 1011 de
2674 969 2835 1009 manu
2866 955 3020 1011 canis
3065 956 3282 1010 unicam
3322 972 3538 1014 meam.

1973 1050 2139 1105 Salva
2199 1066 2287 1105 me
2327 1065 2394 1105 ex
2427 1065 2524 1105 ore
2548 1049 2722 1103 leonis
2750 1058 2806 1103 et
2851 1063 2881 1103 a
2912 1048 3170 1103 cornibus
3198 1049 3547 1104 unicornium

1972 1139 2335 1195 humilitatem
2366 1155 2565 1203 meam,
2593 1157 2614 1193 ι
2643 1139 2897 1194 similiter
2912 1138 3283 1196 denuntiantis
3310 1149 3414 1205 est,
3438 1153 3549 1208 quo

1972 1234 2220 1303 supplicii
2253 1248 2455 1305 genere
2499 1232 2799 1287 moriturus
2815 1240 2979 1298 esset,
3004 1232 3055 1287 id
3077 1242 3161 1287 est
3181 1246 3383 1300 cruce;
3417 1232 3547 1285 illud

1972 1325 2139 1389 enim,
2177 1344 2195 1377 ‹
2229 1342 2257 1378 a
2286 1324 2548 1379 cornibus
2574 1323 2943 1386 unicornium,
2984 1340 3003 1373 ι
3035 1323 3208 1378 solius
3238 1323 3421 1378 crucis
3438 1322 3548 1378 lor-

1974 1432 2113 1470 utam
2141 1417 2423 1483 exhibere,
2461 1416 2614 1470 vobis
2659 1424 2819 1470 antea
2862 1415 3113 1486 exposui.
3162 1415 3317 1482 Quod
3366 1422 3547 1471 autem

1974 1516 2225 1578 precatur
2253 1506 2488 1561 animam
2516 1520 2671 1560 suam
2700 1521 2729 1559 a
2781 1505 2962 1570 gladio
2986 1514 3041 1561 et
3062 1518 3129 1560 ex
3160 1520 3257 1561 ore
3285 1505 3459 1561 leonis
3492 1515 3551 1560 et

1973 1599 2039 1652 de
2073 1613 2233 1651 manu
2266 1599 2419 1651 canis
2465 1596 2710 1660 liberari,
2759 1595 3005 1665 precatio
3050 1605 3195 1660 erat,
3236 1603 3295 1648 ut
3325 1609 3394 1648 ne
3427 1594 3551 1665 quis

1974 1687 2144 1756 ipsius
2170 1688 2363 1742 animae
2391 1687 2809 1751 dominaretur;
2856 1695 2915 1741 ut
2953 1700 3079 1740 cum
3127 1699 3224 1741 nos
3248 1686 3313 1740 ad
3339 1688 3549 1740 exitum

1977 1780 2099 1835 vita).
2128 1779 2398 1843 venimus,
2428 1778 2570 1832 idem
2597 1793 2625 1832 a
2662 1778 2771 1833 Deo
2798 1791 3104 1847 poscamus,
3141 1777 3233 1846 qui
3264 1777 3549 1846 impuden-

259 1868 394 1921 αὐτὰ
423 1868 687 1939 αἰτῶμεν
722 1871 815 1923 τὸν
862 1871 996 1925 Θεὸν
1048 1872 1139 1925 τὸν
1182 1871 1478 1943 δυνάμενον
1526 1872 1866 1943 ἀποστρέψαι

1981 1891 2076 1930 .em
2105 1889 2325 1930 omnem
2358 1883 2411 1927 et
2443 1872 2640 1928 malum
2670 1872 2923 1942 angelum
2966 1880 3217 1925 avertere
3246 1877 3447 1940 potest,
3481 1882 3550 1924 ne

260 1961 436 2013 πάντα
468 1962 698 2031 ἀναιδῆ,
732 1964 971 2035 πονηρὸν
1017 1964 1265 2034 ἄγγελον,
1299 1964 1374 2036 μὴ
1411 1965 1673 2020 λαϐέσθαι
1706 1966 1866 2037 ἡμῶν

260 2051 354 2121 τῆς
389 2052 600 2122 ψυχῆς.
638 2054 752 2107 Καὶ
781 2054 866 2106 ὅτι
892 2054 1148 2124 μένουσιν
1169 2058 1223 2109 αἱ
1244 2056 1435 2127 ψυχαὶ,
1472 2057 1732 2124 ἀπέδειξα
1755 2058 1866 2130 (55)

258 2142 385 2214 ὑμῖν
419 2147 488 2197 ἐκ
526 2145 622 2199 τοῦ
654 2148 750 2200 καὶ
775 2146 873 2219 τὴν
898 2148 1151 2219 Σαμουὴλ
1172 2148 1347 2221 ψυχὴν
1364 2149 1627 2223 κληθῆναι
1645 2150 1750 2203 ὑπὸ
1770 2150 1867 2220 τῆς

259 2238 742 2310 ὲγγαστριμύθου,
768 2241 844 2305 ῶς
875 2241 1109 2311 ἠξίωσεν
1147 2244 1175 2295 ὁ
1201 2244 1391 2297 Σαούλ.
1415 2244 1665 2299 Φαίνεται
1693 2244 1749 2297 δὲ
1772 2244 1868 2296 καὶ

254 2330 335 2382 ὅτι
364 2333 547 2384 πᾶσαι
581 2334 641 2384 αἱ
666 2332 839 2402 ψυχαὶ
872 2333 981 2386 τῶν
1005 2332 1177 2397 οὕτως
1203 2336 1429 2391 δικαίων
1453 2338 1546 2390 καὶ
1574 2334 1867 2408 προφητῶν

256 2420 363 2472 ὑπὸ
400 2421 667 2483 ἐξουσίαν
691 2420 921 2477 ἔπιπτον
955 2423 1062 2477 τῶν
1084 2424 1337 2478 τοιούτων
1370 2426 1677 2497 δυνάμεων,
1710 2425 1868 2478 ὁποία

256 2512 319 2582 δὴ
350 2514 448 2564 καὶ
506 2514 566 2564 ὲν
615 2515 682 2584 τῇ
733 2514 1163 2586 ὲγγαστριμύθῳ
1212 2517 1398 2589 ἐκείνῃ
1446 2515 1507 2581 ἐξ
1550 2515 1730 2569 αὐτῶν
1760 2514 1868 2569 τῶν

261 2606 615 2676 πραγμάτων
668 2608 1039 2678 ὁμολογεῖται.
1074 2609 1231 2662 Ὅθεν
1280 2612 1375 2663 καὶ
1422 2605 1578 2673 οὗτος
1628 2609 1867 2664 διδάσκει

257 2700 404 2769 ἡμᾶς
457 2700 557 2751 καὶ
604 2698 695 2757 διὰ
745 2699 837 2753 τοῦ
886 2701 1015 2755 Υίού
1068 2700 1231 2756 αὑτοῦ
1290 2703 1351 2756 τὸ
1398 2702 1614 2767 πάντως
1670 2703 1870 2771 ἀγωνί-

262 2788 452 2853 ζεσθαι
490 2789 634 2858 (54),
670 2788 740 2841 δι’
766 2788 860 2854 οὓς
890 2791 1132 2858 γίνεσθαι
1164 2792 1294 2863 (55),
1327 2795 1423 2848 καὶ
1453 2795 1587 2867 πρὸς
1611 2798 1675 2866 τῇ
1702 2796 1868 2866 ἐξόδῳ

256 2884 423 2934 αἰτεῖν
449 2882 529 2953 μὴ
586 2882 695 2933 ὑπὸ
720 2883 980 2954 τοιαύτην
1025 2885 1146 2938 τινὰ
1170 2884 1402 2957 δύναμιν
1450 2886 1746 2940 ὑποπεσεῖν
1771 2889 1868 2952 τὰς

255 2972 431 3043 ᾤυχας
458 2974 646 3044 ἡμῶν,
682 2974 951 3043 φαίνεται.
983 2978 1093 3030 Καὶ
1122 2978 1231 3049 γὰρ
1259 2978 1546 3042 ἀποδιδοὺς
1570 2980 1630 3032 τὸ
1652 2979 1869 3051 πνεῦμα

260 3066 350 3117 ἐπὶ
378 3065 456 3135 τῷ
481 3066 731 3138 σταυρῷ,
762 3062 905 3132 εἶπε,
943 3085 960 3120 ι
997 3069 1199 3140 Πάτερ,
1232 3072 1309 3135 εἰς
1335 3070 1525 3142 χεῖράς
1567 3088 1660 3124 σου
1692 3090 1869 3143 παρα-

258 3156 480 3228 τίθεμαι
529 3160 593 3212 τὸ
647 3158 870 3230 πνεῦμά
923 3180 1025 3232 μου
1049 3180 1063 3193 ·
1100 3182 1118 3213 ι
1151 3163 1226 3228 ὡς
1256 3166 1352 3217 καὶ
1376 3166 1439 3217 ἐκ
1466 3163 1573 3218 τῶν
1617 3166 1868 3237 ἀπομνη-

1972 1970 2208 2023 animam
2246 1976 2490 2020 nostram
2519 1966 2723 2035 capiat.
2759 1966 2936 2033 Atque
2960 1963 3171 2018 animas
3196 1963 3412 2033 quidem
3436 1976 3555 2016 ma-

1972 2076 2123 2124 nere,
2142 2073 2208 2113 ex
2225 2073 2290 2112 eo
2312 2057 2709 2119 demonstravi,
2729 2056 2873 2126 quod
2894 2055 3058 2110 etiam
3079 2054 3351 2110 Samuelis
3370 2056 3552 2109 anima

1971 2167 2001 2207 a
2034 2150 2378 2219 ventriloqua
2414 2149 2763 2219 Pythonissa,
2799 2146 3112 2217 utpetierat
3134 2146 3286 2212 Saul,
3328 2154 3552 2202 evocata

1971 2244 2065 2299 sit.
2093 2243 2337 2312 Apparet
2358 2249 2538 2295 autem
2554 2256 2745 2296 omnes
2770 2240 2982 2293 animas
2997 2238 3261 2308 ejusmodi
3278 2238 3547 2306 juStorum

1969 2346 2023 2390 et
2054 2336 2466 2404 prophetarum,
2495 2334 2596 2388 sub
2616 2339 2940 2403 potestatem
2972 2330 3160 2383 talium
3182 2329 3443 2383 virtutum
3460 2342 3551 2384 ce-

1970 2429 2193 2491 cidisse,
2217 2427 2431 2496 qualem
2458 2427 2713 2480 virtutem
2742 2434 2797 2479 et
2824 2425 2877 2478 in
2900 2422 3243 2493 ventriloqua
3268 2422 3357 2476 illa
3380 2420 3551 2490 fuisse

1973 2522 2135 2577 rebus
2168 2522 2300 2591 ipsis
2327 2520 2664 2574 declaratur.
2719 2516 2874 2584 Unde
2906 2523 2962 2571 et
3004 2501 3105 2569 nos
3145 2514 3310 2569 etiam
3334 2527 3431 2583 per
3458 2511 3552 2566 Fi-

1970 2612 2103 2665 lium
2140 2627 2319 2677 suum,
2360 2619 2587 2681 propter
2629 2621 2769 2678 quos
2809 2607 2927 2660 haec
2968 2605 3083 2659 ﬁeri
3133 2611 3318 2675 patet,
3360 2601 3565 2657 edocet

1972 2706 2113 2758 Deus
2145 2703 2444 2757 utomuino
2477 2700 2897 2765 contendamus,
2932 2713 2997 2753 ac
3028 2699 3082 2752 in
3102 2696 3250 2753 exitu
3275 2694 3400 2749 vitae
3426 2707 3552 2763 pre-

1972 2813 2185 2861 centur,
2220 2812 2289 2851 ne
2317 2796 2513 2850 auium:
2534 2803 2735 2849 nostra:
2758 2798 2859 2847 sub
2889 2791 3128 2861 aliquam
3153 2786 3420 2856 ejusmodi
3457 2799 3555 2854 po-

1974 2898 2229 2945 testatem
2255 2888 2475 2943 cadant.
2518 2885 2656 2940 Nam
2679 2900 2801 2941 cum
2826 2884 3077 2955 spiritum
3103 2884 3156 2937 in
3182 2894 3348 2936 cruce
3365 2877 3558 2932 redde-

1972 2994 2075 3049 ret,
2107 2982 2244 3037 dixit
2285 3000 2299 3035 :
2337 3000 2354 3032 ι
2395 2980 2581 3046 Pater,
2613 2980 2668 3034 in
2702 2993 2899 3033 manus
2931 2986 3052 3033 tuas
3095 2970 3424 3030 commendo
3445 2969 3567 3038 spi-

1972 3075 2137 3128 ritum
2167 3090 2345 3127 meum
2378 3073 2446 3138 σθ,
2482 3090 2500 3123 ι
2533 3080 2593 3125 ιιι
2619 3086 2685 3125 ex
2723 3070 3090 3141 apostolorum
3146 3063 3558 3121 commentariis

1974 3167 2025 3220 id
2052 3180 2263 3235 quoque
2295 3164 2479 3219 didici.
2504 3164 2706 3218 Etcum
2737 3165 3047 3217 hortaretur
3068 3157 3362 3228 discipulos
3406 3169 3577 3218 suos...

262 3256 633 3327 μονευμάτων
686 3260 787 3311 καὶ
845 3258 1005 3312 τοῦτο
1052 3257 1270 3329 ἔμαθον.
1308 3261 1420 3314 Καὶ
1476 3260 1586 3333 γὰρ
1629 3261 1766 3331 πρὸς
1814 3260 1870 3314 τὸ

1981 3270 2038 3314 ιιι
2059 3259 2463 3313 Pharisaeorum
2490 3257 2705 3311 vivendi
2739 3270 2907 3324 genus
2940 3260 3301 3322 superarent;
3335 3248 3421 3302 sin
3448 3245 3556 3299 mi-

260 3349 627 3420 ὑπερϐάλλειν
660 3348 762 3419 τὴν
803 3350 1112 3421 Φαρισαίων
1162 3351 1431 3405 πολιτείαν
1472 3353 1599 3417 τοὺς
1622 3352 1870 3425 μαθητὰς

265 3442 423 3494 αὑτοῦ
462 3439 729 3493 συνωθῶν
755 3457 768 3470 ο
812 3441 861 3492 εἰ
892 3440 949 3498 δὲ
981 3441 1055 3512 μή
1090 3457 1176 3508 γε,
1208 3441 1541 3494 ἐπίστασθαι
1562 3443 1645 3495 ὅτι
1672 3443 1732 3496 ού
1766 3460 1872 3496 σω-

262 3533 548 3603 θῄτονταν
585 3532 765 3585 ταῦτα
790 3532 1077 3603 εἰρηκέναι
1106 3535 1162 3585 ἐν
1192 3536 1304 3597 τοῖς
1338 3534 1869 3605 ἀπομνημονεύμασι

262 3625 580 3693 γέγραπται
600 3641 612 3653 ·
648 3644 666 3675 ι
715 3625 839 3677 Ἐὰν
859 3623 936 3695 μὴ
962 3623 1299 3697 περισσεύσῃ
1320 3623 1474 3696 ὑμῶν
1500 3627 1533 3697 ἡ
1556 3625 1869 3699 δικαιοσύνη

266 3716 445 3769 πλεῖον
489 3717 603 3769 τῶν
650 3715 1039 3787 Γραμματέων
1076 3718 1170 3769 καὶ
1194 3717 1523 3787 Φαρισαίων,
1554 3718 1615 3772 οὐ
1656 3719 1735 3790 μὴ
1761 3720 1874 3773 είσσ

264 3804 453 3875 ἐλθητε
483 3808 567 3869 εἰς
600 3806 702 3876 τὴν
736 3805 1020 3875 βασιλείαν
1046 3805 1152 3857 τῶν
1176 3806 1234 3859 ού
1247 3805 1441 3878 ρανῶν.
1459 3825 1477 3859 ι

340 3898 458 3951 106.
492 3900 608 3950 Καὶ
640 3900 727 3951 ὅτι
772 3898 1042 3967 ἠπίστατο
1081 3898 1170 3950 τὸν
1205 3898 1429 3970 Πατέρα
1480 3898 1646 3952 αὑτοῦ
1695 3899 1871 3953 πάντα

266 3990 530 4059 παρέχειν
564 3989 739 4059 αὐτῷ,
770 3990 847 4052 ὡς
892 3988 1066 4059 ἠξίου,
1108 3992 1199 4042 καὶ
1248 3992 1539 4063 ἀνήγειρεν
1568 3993 1729 4046 αὐτὸν
1762 3993 1871 4065 (56)

271 4081 327 4131 ἐκ
360 4082 466 4132 τῶν
496 4082 738 4153 νεκρῶν,
771 4084 868 4135 καὶ
920 4082 1129 4145 πάντας
1184 4082 1310 4147 τοὺς
1361 4078 1737 4155 ἒροϐουμένους
1786 4088 1877 4140 τὸν

268 4177 396 4226 Θεὸν
421 4176 771 4247 προέτρεπεν
805 4177 975 4228 αἰνεῖν
1019 4175 1111 4228 τὸν
1137 4174 1268 4227 Θεὸν
1308 4175 1397 4229 διὰ
1429 4176 1487 4228 τὸ
1527 4176 1746 4248 ἐλεῆσαι
1782 4182 1880 4235 καὶ

1981 3370 2107 3418 nus,
2132 3352 2312 3405 salvos
2338 3366 2395 3403 sc
2432 3364 2537 3403 non
2587 3349 2802 3403 futuros
2843 3347 3070 3409 scirent,
3111 3343 3229 3398 haec
3269 3339 3473 3395 dixisse
3502 3336 3559 3391 in

1980 3442 2390 3499 commentariis
2421 3449 2676 3495 narratur
2708 3460 2723 3494 :
2767 3459 2785 3492 ι
2818 3438 2933 3493 Nisi
2959 3434 3322 3491 abundaverit
3343 3426 3574 3502 justititL

1977 3547 2156 3592 vestra
2186 3537 2307 3605 plus
2328 3549 2492 3604 quam
2540 3534 2856 3589 Scribarum
2890 3538 2946 3584 et
2987 3527 3414 3590 Phariszeorum,
3447 3536 3569 3576 non.

1975 3631 2254 3685 iutrabitis
2289 3629 2340 3683 in
2368 3643 2592 3696 regnum
2642 3621 2999 3680 caelorum".
3034 3639 3055 3673 ι

2046 3903 2168 3960 106.
2198 3901 2395 3956 Christi
2428 3896 2743 3973 resurrectio
2766 3892 3022 3964 prwdicta
3045 3890 3103 3942 in
3126 3886 3230 3957 [ine
3250 3883 3462 3956 psalmi.
3488 3910 3562 3924 --

1974 3995 2128 4060 Quod
2153 4005 2331 4047 autem
2364 3991 2574 4045 sciebat
2608 3986 2823 4042 Patrem
2853 3996 3013 4036 suum
3044 3979 3146 4034 sibi
3195 3975 3378 4031 omnia
3424 3988 3563 4042 pre-

1974 4086 2123 4141 canti
2147 4084 2497 4147 traditurum,
2523 4092 2691 4147 seque
2719 4076 2788 4131 ab
2818 4088 2883 4129 eo
2921 4086 2989 4126 ex
3007 4066 3238 4124 mortuis
3262 4062 3579 4119 excitatum.

1976 4177 2083 4245 iri;
2107 4178 2365 4247 quodque
2388 4187 2583 4229 onmes
2608 4171 2780 4225 Deum
2816 4166 3074 4220 timentes
3108 4161 3371 4214 hortatus
3394 4161 3479 4209 est
3504 4160 3564 4207 ut

270 4265 355 4317 ιῖιά
378 4267 472 4319 τοῦ
505 4267 818 4337 μυστηρίου
848 4266 943 4320 τοῦ
980 4265 1389 4336 σταυρωθέντος
1412 4268 1602 4321 τούτου
1644 4271 1754 4324 πᾶν
1786 4271 1870 4339 γέ-

1981 4270 2147 4325 Deum
2172 4268 2417 4330 laudent,
2447 4266 2574 4334 quia
2618 4262 2785 4316 etiam
2827 4272 2925 4328 per
2953 4255 3059 4309 hoc
3093 4248 3415 4320 mysterium
3457 4248 3561 4339 hu-

270 4376 356 4422 νος
377 4360 487 4413 τῶν
512 4361 884 4413 πιστευόντων
903 4359 998 4413 ἀνθ
1010 4358 1203 4431 ρώπων
1232 4358 1346 4430 (57)
1370 4376 1382 4389 ·
1403 4362 1499 4414 καὶ
1523 4362 1605 4414 ὅτι
1640 4364 1697 4415 ἐν
1727 4363 1870 4435 μέσῳ

1981 4362 2062 4433 ius
2087 4358 2340 4415 cruciﬁxi
2368 4358 2629 4412 misertus
2654 4362 2742 4409 est
2772 4348 2949 4405 omnis
2990 4342 3333 4400 credentium
3380 4336 3563 4392 homi-

272 4451 376 4503 τῶν
418 4452 671 4522 ἀδελφῶν
704 4453 870 4507 αὐτοῦ
910 4454 1040 4525 ἔστη
1073 4452 1177 4506 τῶν
1224 4452 1542 4507 ἀποστόλων
1604 4453 1680 4523 (οἵ
1721 4474 1869 4522 τινες

345 4589 390 4617 ⁶⁹
431 4585 576 4639 Luc.
614 4601 775 4649 “tu,
812 4584 901 4639 46.
998 4585 1049 4616 ’⁷⁸
1089 4585 1277 4639 Matth.
1314 4601 1368 4652 ν,
1405 4585 1496 4638 20.

1981 4470 2111 4511 num
2156 4452 2404 4523 generis:
2463 4448 2715 4519 quodque
2744 4445 2799 4498 in
2852 4440 3029 4497 medio
3074 4434 3305 4489 fratrum
3337 4442 3562 4485 suorum

340 4742 460 4810 ('52)
506 4739 583 4792 Τὸ
622 4739 755 4808 γὰρ,
797 4739 1061 4807 κεράτων
1085 4719 1525 4807 λιονοκερώτων.
1570 4736 1750 4793 Locus
1780 4737 1868 4791 hic

1981 4743 2033 4790 ut
2056 4732 2744 4810 _§ortholtus_observavjt.
2779 4730 2960 4787 O'r'ro.

269 4810 535 4865 enitescit
568 4825 634 4862 ex
668 4812 915 4880 apposita
965 4811 1443 4880 interpunctioue;
1475 4825 1541 4863 ex
1575 4825 1679 4877 qua
1716 4818 1867 4880 patet

273 4882 469 4943 psalmi
503 4882 676 4934 verba
706 4876 888 4944 eitari,
913 4876 1147 4948 quorum
1174 4880 1393 4948 quidem
1420 4895 1543 4932 cum
1582 4876 1747 4933 cruce
1788 4876 1869 4931 af-

279 4953 553 5005 ﬁnitatem
605 4950 956 5005 demonsrrat
995 4965 1051 5003 ιι.
1092 4950 1182 5005 91.
1233 4948 1358 5005 Vid.
1389 4950 1577 5021 Cyrill.
1613 4958 1724 5005 cat.
1778 4948 1865 5017 12,

276 5040 327 5075 ιι.
364 5022 452 5086 15,
480 5031 540 5073 et
570 5032 684 5073 cat.
728 5021 813 5081 H,
856 5037 911 5073 ιι.
956 5022 1044 5074 19.

346 5093 462 5160 (55)
504 5090 829 5155 Ἁπέδειξα.
855 5091 1145 5145 Ουοειίιιεο
1162 5090 1580 5144 demonstratio.
1603 5120 1670 5131 --
1699 5088 1816 5143 Cnl.
1853 5089 1869 5142 Ι

280 5161 531 5215 Samuel.
584 5178 783 5223 xxviii,
830 5163 859 5213 7
892 5177 1015 5228 sqq.
1056 5172 1109 5214 et
1144 5160 1277 5230 Apol
1336 5161 1383 5225 1,
1413 5176 1462 5213 c.
1500 5160 1588 5214 18.
1626 5192 1693 5200 -
1729 5160 1869 5213 Idem

277 5250 397 5285 rum
430 5232 655 5286 Iustino
696 5234 895 5287 docent
950 5232 1217 5299 Origenes
1274 5230 1497 5300 (llumil.
1563 5232 1662 5284 iul
1733 5230 1866 5299 Reg.

280 5318 478 5357 11ml.
542 5300 708 5373 (Opp.
752 5304 839 5356 ed.
901 5302 969 5355 de
998 5301 1067 5373 ﬁla
1110 5302 1246 5373 line,
1284 5313 1319 5354 t.
1350 5300 1437 5372 11],
1490 5317 1542 5371 p.
1589 5302 1693 5355 490
1721 5308 1869 5373 sqq.)

276 5376 479 5441 aliique
498 5372 715 5427 Patres.
731 5374 957 5427 Atrero
979 5372 1354 5426 Tertullianus
1374 5372 1474 5439 (De
1494 5373 1675 5425 anima
1698 5388 1746 5426 c.
1775 5372 1868 5437 57,

315 5483 331 5497 .
357 5442 918 5515 ωλ-Ηὶειοιιγιιιιιε
949 5442 1176 5515 (Comm.
1210 5444 1266 5496 in
1308 5443 1506 5498 Matth.
1539 5458 1616 5507 vt,
1642 5444 1871 5513 31,.al.)

322 5513 784 5570 stando—Justinus
844 5516 899 5567 in
934 5513 1140 5578 Quwst.
1177 5522 1226 5567 et
1268 5530 1506 5580 respons.
1547 5520 1616 5566 ad
1661 5515 1871 5569 ortltod.

276 5584 453 5653 (resp.
480 5588 549 5639 ad
574 5594 774 5654 quaest.
799 5585 898 5653 Lit)
922 5594 980 5639 et
1011 5584 1128 5647 alii,
1151 5599 1289 5652 quos
1313 5585 1584 5639 Semisch.
1610 5585 1791 5639 Justin
1816 5586 1875 5638 ά.

280 5655 513 5725 Πὰνιςν.
549 5673 601 5725 p.
638 5672 698 5721 ll,
734 5672 788 5726 p.
829 5657 962 5717 465,
997 5665 1118 5708 ιιοι.
1156 5657 1210 5717 4,
1248 5667 1519 5720 recenset,
1547 5657 1743 5710 docent
1769 5656 1873 5710 Sa-

282 5727 477 5781 muelis
509 5729 751 5780 animam
785 5741 895 5781 non
928 5740 1124 5780 revera
1158 5727 1325 5780 fuisse
1351 5728 1417 5782 ab
1452 5727 1645 5780 iul‘eris
1674 5741 1872 5780 evoca-

286 5809 421 5861 tam,
450 5800 547 5851 sed
579 5799 965 5851 tantummodo
1004 5806 1279 5863 spectrum
1321 5799 1627 5851 dmmonum
1671 5798 1877 5852 Inachi-

289 5868 597 5923 uationihus
615 5872 717 5923 sub
743 5866 1019 5921 Samuelis
1046 5869 1221 5920 l'urtna
1253 5870 1364 5936 regi
1399 5867 1736 5936 apparuisse.
1770 5867 1877 5921 Sed

299 5939 429 5993 mire
458 5942 736 5995 interdum
766 5940 854 5993 hic
890 5938 1151 5993 ﬂuctuant
1183 5936 1372 5994 I’altcs
1410 5940 1485 6009 (ν.
1524 5954 1570 5993 c.
1597 5938 1875 6009 Basilius),

2044 4806 2160 4877 (54)
2204 4804 2645 4877 Ἀγωνίζεσθαι.
2662 4802 2737 4857 De
2747 4813 2974 4877 strenua
2999 4800 3262 4877 adversus
3286 4792 3564 4877 diabolum

1974 4864 2071 4946 per
2101 4864 2473 4931 totam'vitatn
2516 4873 2871 4947 dimicatione
2913 4872 3031 4927 haec
3063 4870 3318 4947 videntur
3360 4864 3567 4947 iutelli:

1974 4936 2172 5019 genda,
2223 4961 2401 5015 eoque
2459 4944 2696 5019 refertur
2735 4954 3070 5019 praeceptum
3105 4937 3316 5019 _Cltristi
3345 4977 3359 5000 ,
3417 4936 3563 5003 quod

1978 5010 2137 5085 paulo
2168 5026 2286 5087 post
2310 5010 2537 5087 Utatur)
2570 5010 2929 5087 utjns'titiam
2955 5010 3359 5087 Pharisreorum
3400 5021 3564 5074 supe-

1978 5079 2187 5142 remus:
2224 5087 2329 5140 Pro
2352 5088 2448 5141 καὶ
2473 5082 2627 5147 οὗτος
2648 5079 2947 5154 legendum
2966 5082 3061 5135 καὶ
3076 5082 3109 5154 Ad
3126 5079 3278 5141 Θεός.

2049 5158 2165 5228 (55)
2198 5159 2277 5210 Δι’
2300 5158 2409 5222 οὓς
2436 5150 2739 5228 γίνεσθαι(
2758 5155 2853 5208 llis
2872 5150 3408 5228 verbisjuugeudum
3441 5161 3566 5228 ver-

1976 5230 2105 5284 hum
2140 5219 2412 5299 έραίνεται,
2440 5219 2586 5296 quod
2628 5233 2678 5299 ιιι
2716 5226 2822 5299 line
2854 5224 3062 5292 periodi
3089 5219 3564 5290 perincommode,

1978 5296 2167 5368 utpote
2196 5303 2315 5353 loco
2350 5314 2455 5352 non
2487 5314 2610 5361 suo,
2649 5296 2869 5364 legitur.

2046 5359 2160 5441 (56)
2218 5368 2562 5439 Ἀνήγειρεν
2600 5359 2837 5421 αὐτόν.
2897 5359 3329 5419 Convenientius
3381 5359 3583 5427 ἀνεγε-ι

1979 5443 2111 5515 ρεῖν.
2138 5442 2405 5515 Sustine.

2047 5515 2162 5585 (57)
2214 5512 2337 5569 Τῶν
2362 5514 2773 5567 πιστευόντων
2796 5503 3345 5585 ἀνθρώπωκριτιιεο
3360 5513 3415 5557 et
3437 5513 3568 5585 per-

1976 5573 2185 5656 spicuae
2236 5586 2528 5640 sententia:
2551 5597 2778 5656 necesse
2825 5573 2933 5656 non
2959 5588 3059 5656 est.
3098 5576 3304 5656 addere
3337 5573 3566 5656 verbum

1979 5642 2173 5721 σῶσαι,
2205 5666 2262 5710 ιιι
2291 5656 2470 5724 placet
2502 5654 2820 5726 Sylhurgio.
2866 5651 2972 5705 Sed
3006 5648 3137 5726 illud
3165 5645 3279 5726 καί,
3300 5645 3445 5726 quod
3470 5642 3567 5726 le-

1978 5730 2125 5799 gitur
2144 5715 2274 5781 ante
2292 5715 2392 5780 has
2413 5715 2571 5799 voces
2598 5723 2686 5778 διὰ
2710 5715 2803 5775 τοῦ
2833 5720 3136 5799 μυστηρίου
3165 5719 3309 5772 idem
3340 5715 3484 5795 valet
3506 5729 3571 5769 ac

1981 5793 2138 5852 Etiam
2161 5814 2181 5863 ;
2217 5807 2271 5853 et
2300 5799 2467 5859 Deum
2498 5798 2663 5851 etiarn
2683 5793 2906 5869 proprio
2936 5793 3073 5869 Filio
3094 5805 3203 5869 non
3238 5793 3571 5869 pepercisse,

1984 5870 2076 5926 sed
2105 5862 2203 5941 pro
2241 5870 2400 5925 nobis
2436 5862 2693 5924 omnibus
2734 5862 2885 5922 illum
2934 5863 3227 5920 tradidisse
3270 5862 3569 5927 siguilieat.
