3954 6258
401 382 512 439 735

1305 364 1382 438 's.
1418 377 1690 439 rusum
1715 375 2142 451 annosum"
2174 374 2266 433 ET
2303 374 2665 433 lARTYRlS

3552 380 3654 435 725

402 493 776 568 apostolorum
800 490 960 550 stetit
982 490 1098 564 (qui
1118 490 1335 563 quidem
1359 502 1653 565 postquam
1677 492 1979 548 resurrexit

2097 488 2225 543 ιετά
2251 488 2313 542 τὸ
2337 488 2633 559 ἀναστῆναι
2670 485 2831 541 αὑτὸν
2858 488 2925 542 ἐκ
2951 486 3181 560 νεκρῶν,
3227 487 3324 543 καὶ
3375 490 3655 562 πεισθῆναι

403 604 436 644 a
470 586 719 654 mortuis,
749 585 941 656 eisque
955 584 1250 656 persuasit,
1274 584 1327 639 id
1351 584 1493 655 quod
1511 587 1675 642 etiam
1699 594 1827 641 ante
1854 599 1978 655 pas-

404 679 619 734 sionem
646 676 759 732 illis
790 675 1027 741 dixerat,
1055 676 1371 747 oportuisse
1420 676 1539 732 haec
1566 691 1690 731 eum
1721 675 1855 746 pati,
1884 690 1981 731 ea-

351 822 359 831 ,
402 783 513 838 que
549 783 581 823 a
624 766 911 837 prophetis
956 766 1128 823 fuisse
1172 768 1568 836 praenuntiata,
1601 766 1982 837 paenitentiam

402 866 652 927 egerunt,
669 858 817 928 quod
834 858 904 913 ab
922 872 988 913 eo
1009 857 1364 925 defecissent,
1392 873 1521 914 eum
1545 858 1982 929 crucifigeretur)

402 960 462 1005 et
486 964 611 1006 eum
635 963 744 1004 una
785 964 908 1004 eum
937 951 1019 1005 eis
1039 958 1375 1017 versaretur,
1412 950 1584 1005 Deum
1636 949 1895 1012 laudavit,
1926 956 1987 1002 ut

403 1040 462 1099 in
484 1040 896 1097 commentariis
947 1042 1321 1112 apostolorum
1359 1041 1695 1096 declaratum
1731 1047 1842 1106 est,
1872 1039 1986 1093 hac

402 1147 474 1187 ex
506 1131 714 1202 reliquo
732 1130 940 1200 psalmo
961 1128 1251 1187 manifesta
1303 1131 1464 1202 201
1497 1130 1655 1190 fiunt.
1681 1132 1774 1186 Sic
1800 1140 1984 1185 autem

405 1222 613 1277 habet:
647 1238 666 1273 ι
699 1219 947 1274 Narrabo
981 1234 1180 1275 nomen
1222 1227 1374 1275 tuum
1423 1218 1686 1272 fratribus
1720 1216 1855 1271 meis
1884 1233 1902 1271 :
1929 1216 1983 1269 in

405 1313 589 1369 medlo
626 1311 884 1368 Ecclesia:
912 1311 1143 1367 laudabo
1175 1320 1248 1367 te.
1280 1310 1382 1379 Qui
1417 1311 1621 1367 timetis
1667 1308 1984 1376 Dominum,

405 1406 625 1461 laudate
669 1420 830 1472 eum;
879 1404 1193 1460 universum
1239 1417 1425 1458 semen
1460 1400 1652 1466 Jacoh,
1685 1400 1985 1468 glerificate

403 1513 555 1552 eum.
588 1496 831 1553 Metuant
856 1510 980 1552 eum
1011 1510 1172 1551 omne
1204 1506 1390 1549 semen
1432 1490 1624 1548 Israel.
1654 1509 1674 1544 ι
1704 1491 1858 1557 Quod
1884 1504 1983 1543 au-

406 1599 517 1644 tem
542 1604 707 1645 unum
734 1604 802 1645 ex
831 1587 1097 1658 apostolis
1127 1594 1336 1644 mutato
1371 1585 1594 1641 nomine
1629 1583 1846 1640 Petrum
1886 1578 1985 1651 ap-

402 1682 636 1751 pellasse
665 1681 894 1748 dicitur,
927 1690 1093 1751 atque
1118 1681 1171 1738 in
1208 1678 1526 1752 apostolicis
1573 1675 1986 1734 commentariis

404 1772 463 1828 id
488 1775 742 1842 quodque
766 1770 1037 1838 refertur;
1065 1774 1318 1843 quodque
1356 1780 1625 1842 praterea
1675 1770 1813 1826 duos
1842 1768 1985 1824 alios

2082 581 2178 636 ὑπ’
2208 580 2394 649 αὐτοῦ,
2422 583 2504 635 ὅτι
2530 583 2625 635 καλ¹
2659 582 2764 652 πρὸ
2790 580 2880 635 τοῦ
2914 582 3109 636 παθεῖν
3137 581 3325 651 ἔλεγεν
3351 584 3549 648 αὐτοῖς,
3576 586 3656 639 δτι

2082 675 2255 731 ταῦτα
2280 675 2445 730 αὐτὸν
2464 676 2547 731 δεῖ
2570 675 2781 741 παθεῖν,
2809 675 2905 729 καὶ
2942 675 3050 731 ἀπὸ
3078 675 3185 729 τῶν
3230 676 3519 749 προφητῶν
3548 678 3656 750 (58)

2082 768 2165 823 δτι
2209 767 2659 839 προεκεκήρυκτο
2705 766 2901 832 ταῦτα,
2943 767 3277 838 μετενόησαν
3304 769 3396 821 ἐπὶ
3433 767 3510 839 τῷ
3538 770 3660 838 ἀφί-

2084 856 2317 911 στασθαι
2346 856 2507 911 αὑτοῦ
2538 857 2627 910 ὅτε
2652 855 3015 929 ἐσταυρώθη),
3048 858 3145 911 καὶ
3177 858 3296 927 μετ’
3324 857 3504 911 αὐτῶν
3549 859 3662 911 διά-

2082 965 2218 1017 γων,
2254 947 2464 1021 ὕμνησε
2502 950 2597 1002 τὸν
2616 948 2769 1013 Θεὸν,
2799 948 2877 1013 ὡς
2903 949 2996 1002 καὶ
3030 950 3088 1002 ἐν
3116 951 3229 1012 τοῖς
3260 949 3665 1020 ἀπομνημονεύ-

2086 1060 2221 1115 μασι
2250 1042 2362 1095 τῶν
2402 1042 2718 1097 ἀποστόλων
2746 1042 2993 1114 δηλοῦται
3037 1042 3426 1113 γεγενημένον,
3457 1042 3525 1095 τά
3553 1041 3663 1095 λεί-

2084 1151 2253 1188 ποντα
2278 1134 2370 1187 τοῦ
2386 1132 2601 1205 ψαλμοῦ
2621 1134 2905 1206 ἐδήλωσεν.
2936 1134 3090 1186 Ἔστι
3109 1133 3167 1187 δὲ
3187 1132 3360 1187 ταῦτα
3382 1150 3398 1163 ·
3422 1152 3439 1184 r
3468 1133 3667 1205 Διηγή-

2085 1242 2250 1295 σομαι
2276 1224 2337 1278 τὸ
2361 1224 2532 1296 ὄνομά
2561 1242 2655 1278 σου
2681 1228 2793 1288 τοῖς
2822 1224 3066 1292 ἀδελφοῖς
3098 1241 3198 1296 μου
3220 1241 3235 1255 ο
3268 1227 3326 1277 ἐν
3358 1224 3507 1295 μέσῳ
3546 1224 3666 1277 Ἐκ-

2084 1315 2313 1387 κλησίας
2342 1318 2567 1387 ὑμνήσω
2602 1334 2680 1370 σε.
2720 1319 2782 1372 Ol
2812 1317 3132 1387 φοϐούμενοι
3166 1316 3257 1369 τὸν
3289 1315 3495 1388 Κύριον
3523 1317 3664 1369 αἰνέ-

2086 1425 2215 1463 σατε
2246 1408 2410 1462 αὐτόν
2433 1426 2446 1440 ο
2484 1409 2630 1464 ἆπαν
2648 1409 2708 1463 τὸ
2730 1409 2951 1481 σπέρμα
2980 1408 3174 1462 Ἰακὼϐ
3198 1408 3459 1473 δοξάσατε
3485 1409 3663 1462 αὐτόν.

2083 1498 2482 1571 Φοϐηθήτωσαν
2506 1500 2671 1554 αὐτὸν
2702 1499 2846 1554 ἅπαν
2871 1499 2933 1553 τδ
2962 1500 3186 1571 σπέρμα
3229 1499 3465 1571 Ἰσραήλ.
3510 1519 3528 1552 ι
3562 1501 3668 1553 Kal

2082 1588 2147 1643 τὸ
2177 1590 2351 1644 εἰπεῖν
2382 1591 2824 1663 μετωωμακέναι
2844 1592 3007 1645 αὑτὸν
3037 1591 3242 1664 Πέτρον
3271 1590 3369 1645 ἐνα
3398 1591 3510 1645 τῶν
3541 1592 3669 1645 ἁπο-

2086 1679 2311 1744 στόλων,
2378 1682 2475 1734 καὶ
2514 1680 2825 1753 γεγράφθαι
2868 1682 2927 1734 ἐν
2958 1684 3071 1744 τοῖς
3113 1681 3669 1752 ἀπομνημονεύμασιν

2084 1769 2253 1824 αὑτοῦ
2296 1772 2660 1844 γεγενημένον
2705 1773 3010 1837 καὶτοῦτο,
3045 1772 3185 1844 μετά
3223 1772 3323 1827 τοῦ
3354 1775 3449 1827 καὶ
3480 1773 3671 1836 ἀλλους

406 1866 627 1931 fratres,
673 1864 922 1921 Zehedmi
982 1864 1147 1931 lilios,
1175 1865 1508 1935 Boanerges,
1547 1864 1602 1920 id
1630 1872 1715 1919 est
1746 1861 1974 1917 tonitrui

2097 1861 2167 1917 ἱύο
2191 1862 2453 1933 ἀδελφοὺς
2494 1864 2645 1929 υἱοὺς
2690 1864 2975 1919 Ζεϐεδαίου
3024 1864 3184 1929 ὄντας
3224 1864 3674 1937 μετωνομακέναι

406 1960 549 2017 ﬁlios
586 1958 1016 2033 cognominavit,
1048 1958 1102 2014 id
1128 1968 1453 2027 argumento
1476 1967 1597 2013 erat
1629 1956 1805 2027 ipsum
1835 1956 1986 2012 illum

406 2067 553 2117 esse,
598 2067 631 2107 a
683 2067 796 2122 quo
847 2049 1019 2109 «Iacob
1073 2048 1310 2115 Israelis,
1361 2050 1536 2105 Auses
1592 2047 1721 2104 .lesu
1764 2049 1990 2103 nomine

405 2144 830 2215 cognominatus
861 2150 965 2209 est,
989 2157 1086 2212 per
1112 2142 1263 2213 quod
1288 2157 1483 2197 nomen
1513 2140 1755 2198 etiamin
1787 2150 1989 2195 terram

408 2234 743 2307 patriarchis
779 2235 1105 2303 promissam
1154 2234 1493 2290 introductus
1538 2242 1624 2288 est
1660 2232 1891 2302 populus
1920 2247 1989 2287 ex

406 2326 523 2393 his,
551 2326 647 2396 qui
674 2340 743 2382 ex
772 2326 1009 2396 Egyplo
1037 2324 1265 2394 profecti
1309 2335 1463 2389 sunt,
1509 2332 1814 2392 superstes.
1853 2322 1987 2377 Eum

406 2426 593 2472 autem
627 2426 887 2488 tauquam
910 2424 1120 2471 astrum
1149 2431 1217 2470 ex
1246 2428 1447 2486 genere
1470 2414 1705 2468 Ahraha:
1720 2414 1990 2469 oriturum

406 2506 625 2578 Moyses
654 2506 742 2563 his
783 2506 968 2562 verbis
1018 2505 1366 2565 declaravit:
1398 2523 1419 2558 ι
1448 2502 1672 2560 Orietur
1712 2504 1868 2559 stella
1920 2518 1985 2558 ex

403 2597 571 2656 «Iacob
600 2608 657 2654 et
676 2597 786 2653 dux
810 2612 879 2653 ex
908 2597 1077 2654 Israel
1099 2598 1170 2652 τι.
1207 2597 1278 2653 Ει
1307 2597 1413 2651 alia
1437 2596 1725 2666 Scriptura
1756 2610 1771 2649 :
1797 2614 1818 2648 ι
1848 2597 1991 2652 Ecce

403 2692 521 2759 vir;
543 2690 741 2748 Oriens
775 2705 973 2746 nomen
1001 2689 1122 2760 ejus
1143 2691 1215 2744 ⁷³.
1258 2708 1277 2743 ι
1312 2690 1448 2745 Cum
1484 2689 1653 2760 igitur
1677 2699 1867 2745 exorta
1900 2704 1990 2744 es-

406 2792 494 2838 set
519 2792 576 2838 et
600 2783 655 2838 in
685 2782 849 2849 caelo,
878 2783 1067 2845 statim
1088 2792 1253 2852 atque
1284 2790 1442 2837 natus
1469 2791 1574 2846 est,
1606 2780 1783 2845 stella,
1801 2794 1991 2851 queru-

406 2874 701 2929 admodum
733 2872 1002 2942 scriptum
1036 2880 1121 2927 est
1156 2873 1213 2925 in
1248 2868 1666 2926 commentariis
1710 2867 1989 2938 apostolo-

404 2980 529 3021 rum
550 2962 668 3033 ejus
690 3005 707 3031 ,
736 2978 806 3021 ex
823 2964 1022 3020 Arabia
1049 2963 1213 3034 magi,
1241 2978 1300 3018 re
1323 2976 1389 3018 ex
1418 2962 1522 3018 hoc
1551 2960 1720 3033 signo
1739 2960 1985 3031 cognita,

415 3057 779 3127 advenerunt,
804 3069 1042 3128 eumque
1071 3056 1465 3114 adoraverunt.

479 3342 607 3401 £07.
649 3342 810 3400 Idem
830 3344 1023 3414 dogma
1054 3360 1124 3400 ea
1162 3344 1320 3400 Jonas
1361 3340 1854 3410 historia.—Quod
1890 3356 1993 3395 au-

406 3443 520 3491 tem
576 3436 740 3492 tertio
800 3437 913 3503 die,
957 3446 1249 3509 postquam
1306 3438 1611 3493 crucifixus
1643 3436 1856 3499 luisset,
1896 3449 1989 3489 re-

406 3536 762 3584 surrecturus
792 3537 951 3598 erat,
987 3529 1252 3595 scriptum
1284 3538 1371 3585 est
1406 3529 1675 3585 iniisdem
1710 3542 1993 3583 commen-

410 3619 572 3676 tariis
630 3620 886 3677 homines
939 3621 1108 3675 vestri
1158 3620 1413 3691 generis,
1467 3634 1594 3674 cum
1648 3618 1995 3688 disputarent

408 3726 535 3766 cum
569 3726 658 3775 ω,
692 3712 931 3767 dixisse:
974 3729 994 3765 ι
1022 3711 1263 3769 Ostende
1294 3709 1454 3766 nobis
1487 3711 1739 3781 signum;
1779 3729 1801 3763 ι
1839 3725 1995 3765 eum-

408 3818 517 3874 que
572 3804 953 3873 respondisse:
1005 3819 1025 3856 r
1076 3803 1372 3859 Generatio
1418 3817 1592 3871 prava
1641 3810 1697 3857 et
1744 3801 1991 3857 adultera

408 3897 625 3964 signum
659 3894 892 3964 quaerit,
926 3904 982 3949 et
1014 3895 1231 3964 signum
1265 3908 1375 3950 non
1410 3893 1631 3950 dabitur
1665 3894 1748 3950 eis
1782 3894 1890 3949 nisi
1920 3892 1996 3948 si-

409 4002 577 4057 gnum
608 3983 760 4042 Jonas
788 3986 859 4039 ".
899 4005 924 4039 ι
958 3984 1095 4051 Qum
1124 4001 1250 4041 cum
1305 3986 1374 4040 ab
1422 3998 1494 4041 eo
1537 3987 1853 4041 dicerentur
1905 3999 1998 4039 ar-

407 4082 572 4147 cane,
610 4079 923 4149 intelligere
971 4089 1094 4135 erat
1126 4079 1501 4145 audientibus,
1527 4094 1675 4142 eum,
1700 4086 1995 4148 postquam

408 4169 715 4226 cruciﬁxus
761 4168 977 4234 fuisset,
1032 4172 1195 4224 tertio
1251 4169 1345 4225 die
1390 4178 1863 4227 resurrecturum.
1915 4167 1996 4222 Ac

412 4271 652 4318 vestram
691 4262 910 4333 quidem
935 4262 1344 4333 generationem
1372 4261 1691 4331 nequiorem
1731 4271 1788 4317 et
1821 4261 2005 4331 magis

413 4355 724 4411 adulteram
753 4354 980 4410 civitate
1009 4352 1378 4410 Ninivitarum
1426 4354 1866 4420 demonstrabat,
1901 4355 1999 4425 qui

413 4463 541 4503 eum
572 4449 654 4504 eis
675 4446 843 4504 Jonas
866 4462 903 4505 e
932 4459 1123 4504 ventre
1157 4448 1341 4519 magni
1364 4449 1534 4519 piscis
1569 4449 1735 4505 tertie
1761 4450 1849 4505 die
1880 4448 1999 4519 eje-

2087 1954 2314 2026 ὀνόματι
2352 1954 2446 2010 τοῦ
2489 1956 2812 2028 Βοανεργὲς,
2855 1957 2885 2010 ὅ
2932 1957 3080 2009 ἐστιν
3120 1957 3226 2009 υἱοὶ
3272 1956 3503 2028 βροντῆς
3543 1956 3673 2026 (59),

2089 2048 2424 2118 σημαντικὸν
2453 2043 2523 2121 ῆν
2549 2048 2648 2103 τοῦ
2679 2049 2843 2103 αὑτὸν
2875 2049 3079 2103 ἐκεῖνον
3112 2044 3275 2110 εἶναι,
3325 2049 3407 2101 διὸ
3439 2050 3536 2102 καὶ
3564 2048 3672 2120 (40)

2087 2137 2149 2191 τὸ
2180 2138 2470 2212 ἐπώνυμον
2513 2140 2707 2193 Ἰακὼϐ
2738 2139 2816 2211 τῷ
2857 2140 3076 2212 Ἰσραὴλ
3104 2140 3457 2211 ἐπικληθέντι
3498 2139 3672 2210 ἐδόθη,

2088 2232 2182 2284 καὶ
2209 2229 2289 2301 τῷ
2317 2232 2468 2303 Αὐσῆ
2499 2232 2671 2302 ὄνομα
2705 2231 2915 2304 Ἰησοῦς
2946 2231 3255 2304 ἐπεκλήθη·
3291 2231 3357 2285 δι’
3392 2227 3452 2285 οὗ
3474 2232 3673 2303 ὀνόμα-

2086 2339 2179 2386 τος
2207 2325 2301 2379 καὶ
2320 2323 2551 2395 είσήχθη
2582 2325 2663 2389 είς
2694 2324 2794 2397 τὴν
2819 2324 3238 2396 ἐπηγγελμένην
3264 2327 3376 2386 τοῖς
3408 2326 3676 2396 πατριάρ-

2089 2431 2213 2485 χαις
2240 2416 2343 2487 γῆν
2369 2417 2399 2470 ὁ
2433 2415 2802 2487 περιλειφθεὶς
2823 2416 2931 2470 ἀπὸ
2952 2416 3059 2469 τῶν
3092 2416 3187 2469 ἀπ’
3207 2416 3489 2483 Αἰγύπτου
3528 2415 3674 2479 ἐξελ-

2090 2505 2292 2561 θόντων
2344 2506 2490 2571 λαός.
2526 2509 2636 2561 Kal
2666 2508 2750 2561 ὅτι
2774 2507 2851 2571 ὡς
2878 2507 3077 2579 ἄστρον
3125 2507 3240 2577 (Η)
3281 2506 3509 2577 ἔμελλεν
3552 2508 3678 2560 ἀνα-

2088 2599 2296 2653 τέλλειν
2324 2601 2487 2665 αὐτὸς
2507 2600 2597 2654 διὰ
2626 2599 2721 2654 τοῦ
2765 2600 2958 2669 γένους
2994 2600 3088 2654 τοῦ
3134 2600 3406 2670 Ἀϐραὰμ,
3437 2601 3678 2669 Μωῦσῆς

2090 2692 2477 2763 παρεδήλωσεν
2517 2691 2691 2756 οὕτως
2735 2690 2907 2747 εἰπών
2949 2709 2962 2723 ·
2994 2711 3013 2745 r
3068 2692 3338 2745 Ἀνατελεί
3376 2692 3580 2763 ἀστρον
3621 2693 3677 2759 ἐξ

2103 2783 2318 2850 Ἰακὼϐ,
2338 2784 2432 2838 καὶ
2447 2783 2748 2855 ἡγούμενος
2764 2783 2824 2849 ἐξ
2852 2784 3086 2855 Ἰσραήλ.
3103 2784 3239 2837 »Καὶ
3254 2783 3386 2853 ἄλλη
3403 2783 3460 2836 δὲ
3490 2784 3676 2855 Γραφή

2092 2893 2256 2947 φησιν
2272 2893 2286 2907 ο
2324 2896 2343 2928 ι
2384 2876 2518 2931 Ἰδοὺ
2543 2878 2682 2948 ἀνήρ
2704 2894 2716 2907 ’
2751 2878 3006 2948 Ἀνατολὴ
3022 2878 3193 2946 ὄνομα
3221 2876 3388 2946 αὐτῷ.
3406 2896 3423 2926 ι
3444 2876 3682 2928 Ἀνατεί-

2090 2968 2281 3034 λαντος
2301 2965 2394 3024 οὖν
2422 2972 2518 3024 καὶ
2546 2971 2603 3023 ἐν
2626 2969 2841 3040 οὐρανῷ
2872 2969 2984 3041 (42)
3005 2969 3121 3040 ἅμα
3143 2968 3220 3040 τῷ
3237 2968 3563 3039 γεννηθῆναι
3588 2967 3682 3021 αύ-

2090 3059 2183 3114 τὸν
2215 3062 2464 3134 ἀστέρος,
2498 3061 2575 3126 ὡς
2599 3061 2910 3133 γέγραπται
2940 3062 2996 3114 ἐν
3024 3064 3135 3125 τοῖς
3150 3060 3680 3132 ἀπομνημονεύμασι

2091 3153 2200 3208 τῶν
2217 3154 2535 3209 ἀποστόλων
2550 3154 2739 3219 αὐτοῦ,
2770 3155 2820 3210 οἱ
2843 3154 2950 3208 ἀπὸ
2984 3153 3244 3225 Ἀραϐίας
3275 3153 3438 3223 μάγοι
3477 3156 3545 3206 ὲκ
3560 3151 3679 3205 τού-

2097 3263 2193 3303 του
2209 3246 2548 3315 ἐπιγνόντες,
2564 3264 2639 3299 πα
2647 3246 2951 3318 ρεγένοντθ,
2979 3248 3072 3301 καὶ
3086 3246 3503 3320 προσεκύνησαν
3517 3243 3678 3315 αύτῷ.

2166 3340 2288 3396 107.
2323 3340 2434 3394 Kal
2461 3341 2542 3394 ὅτι
2576 3343 2641 3412 τῇ
2687 3341 2846 3415 τρίτῃ
2877 3341 3062 3414 ἡμέρᾳ
3113 3340 3335 3412 ἔμελλεν
3379 3340 3681 3409 ἀναστήσει-

2094 3432 2217 3487 σθαι
2251 3431 2389 3503 μετά
2410 3432 2471 3486 τὸ
2495 3432 2896 3504 σταυρωθῆναι,
2942 3434 3254 3505 γέγραπται
3296 3433 3355 3484 ἐν
3387 3433 3503 3493 τοῖς
3535 3432 3673 3484 ἀπο-

2096 3524 2561 3597 μνημονεύμασιν,
2613 3526 2695 3579 ὅτι
2740 3527 2789 3577 οἱ
2822 3524 2932 3578 ἀπὸ
2974 3523 3068 3578 τοῦ
3110 3524 3298 3592 γένους
3332 3521 3489 3592 ὑμῶν
3534 3519 3688 3589 συξη·

2092 3618 2311 3681 τοῦντες
2364 3616 2516 3688 αὺτῷ
2549 3616 2751 3685 ἔλεγον,
2776 3618 2879 3682 ὅτι,
2935 3636 2953 3669 r
2986 3616 3168 3682 Δεῖξον
3198 3618 3332 3686 ήμῑν
3370 3616 3627 3685 σημεῖον’
3658 3630 3676 3662 ι

2094 3711 2190 3766 καὶ
2209 3711 2544 3781 ἀπεκρίνατο
2573 3710 2778 3773 αὐτοῖς,
2809 3728 2830 3759 ι
2866 3708 3035 3763 Γενεὰ
3068 3708 3281 3780 πονηρὰ
3312 3708 3405 3761 καὶ
3440 3704 3685 3777 μοιχαλὶς

2098 3807 2321 3875 σημεῖον
2347 3803 2623 3874 ἐπιξητεῖ’
2664 3802 2757 3855 καὶ
2791 3804 3018 3873 σημεῖον
3052 3802 3113 3854 ού
3159 3800 3444 3870 δοθήσεται
3480 3797 3681 3860 αὐτοῖς,

2097 3896 2145 3949 el
2181 3895 2254 3965 μὴ
2288 3894 2349 3948 τὸ
2372 3898 2596 3965 σημεῖον
2639 3894 2811 3947 Ἰωνᾶ.
2851 3912 2873 3944 ι
2910 3892 3018 3944 Kal
3045 3892 3217 3945 ταῦτα
3241 3890 3492 3959 λέγοντος
3520 3884 3683 3940 αὑτοῦ

2098 3984 2657 4057 παρακεκαλυμμένα,
2697 3981 2766 4056 ἦν
2798 3985 3036 4039 νοεῖσθαι
3074 3983 3178 4036 ὑπὸ
3211 3981 3322 4035 τῶν
3355 3980 3681 4039 ἀκουόντων,

2096 4078 2179 4131 ὅτι
2235 4077 2377 4148 μετὰ
2425 4077 2487 4131 τὸ
2544 4076 2927 4148 σταυρωθῆναι
2974 4075 3157 4138 αὐτὸν,
3205 4076 3272 4144 τῇ
3306 4073 3465 4143 τρίτῃ
3499 4070 3686 4141 ἡμέρᾳ

2098 4171 2488 4241 ἀναστήσεται.
2522 4170 2633 4223 Kal
2664 4168 3032 4239 πονηροτέραν
3069 4165 3165 4236 τὴν
3194 4164 3386 4233 γενεάν
3409 4162 3567 4234 ὑμῶν
3596 4158 3687 4213 καὶ

2104 4262 2388 4335 μοιχαλίδα
2431 4260 2632 4333 μᾶλλον
2663 4261 2762 4330 τῆς
2794 4260 2840 4311 Ν
2848 4259 3093 4312 ινευῖτῶν
3132 4258 3338 4319 πόλεως
3366 4254 3576 4324 ἐδήλου,
3606 4250 3686 4303 οἵ·

2102 4372 2264 4418 τινες,
2299 4354 2393 4407 τοῦ
2428 4354 2581 4407 Ἰωνᾶ
2612 4351 2948 4424 κηρύξαντος
2987 4352 3170 4413 αὐτοῖς
3221 4348 3359 4420 μετά
3398 4346 3461 4399 τὸ
3488 4344 3686 4414 ἐκϐρα-

2105 4448 2295 4518 σθῆναι
2325 4447 2496 4503 αὑτὸν
2529 4448 2599 4516 τῇ
2635 4444 2795 4519 τρίτῃ
2840 4444 3027 4516 ἡμέρᾳ
3068 4443 3176 4497 ἀπὸ
3225 4442 3323 4511 τῆς
3356 4438 3561 4502 κοιλίας
3595 4433 3686 4489 τοῦ

505 4590 549 4624 ⁷⁸
590 4587 749 4644 Num.
782 4604 933 4657 xxrv,
971 4587 1061 4645 l7.
1150 4589 1196 4620 ⁷³
1235 4589 1405 4645 Zach.
1440 4604 1515 4655 vr,
1554 4588 1639 4648 l2.
1732 4589 1781 4621 ⁷³
1819 4588 2011 4644 Matth.
2055 4604 2156 4654 xu,
2191 4586 2283 4644 39.

487 4742 602 4816 (58)
629 4742 737 4816 Ιςαὶ
755 4743 879 4816 ἀπὸ
893 4741 1009 4799 τῶν
1025 4741 1363 4816 προφηςῷν.
1395 4742 1704 4816 Legendum
1749 4742 1854 4800 ὑπὸ
1880 4741 1990 4803 τῶν

2100 4743 2351 4816 pulcrum
2396 4753 2545 4816 nata.

415 4813 729 4889 πρὸξρητῷν.
754 4813 889 4889 _Vir_le
923 4830 1109 4889 supra,
1139 4832 1197 4889 ῃ.
1225 4814 1316 4868 76.

487 4881 605 4955 (δ’θὶ
652 4884 771 4955 I‘lol
799 4881 1092 4955 βροντῆς.
1142 4883 1236 4941 Sic
1282 4885 1447 4939 etiam
1501 4881 1871 4955 Τοτιυίιῖεηυε
1897 4882 1995 4937 lib.

418 4968 472 5011 Iv
497 4953 633 5008 Vade.
674 4953 872 5019 Μαῖα,
902 4970 951 5010 c.
988 4954 1091 5009 14:
1148 4973 1167 5005 ι
1207 4956 1377 5009 Mutat
1419 4961 1473 5006 et
1504 4953 1669 5007 Petro
1701 4969 1899 5008 nomen
1929 4955 2004 5008 de

417 5025 644 5079 Simone
671 5042 686 5091 ;
722 5028 853 5091 quia
884 5035 940 5080 et
965 5034 1183 5080 creator
1206 5025 1445 5079 Abraha:
1469 5033 1523 5078 et
1545 5026 1698 5079 Sara:
1723 5033 1780 5078 et
1808 5026 2001 5078 Auseze

416 5097 641 5151 nomina
678 5093 1019 5160 reformavit,
1058 5097 1203 5150 hunc
1230 5095 1482 5149 vocando
1508 5093 1725 5156 Jesum,
1754 5094 1862 5164 illis
1886 5093 1999 5164 ενι-ξ

416 5166 570 5222 labas
599 5164 931 5233 adiiciendo.
966 5183 985 5217 ι
1027 5165 1133 5221 Sed
1169 5164 1328 5221 facile
1360 5180 1467 5219 non
1518 5174 1603 5221 est
1648 5166 1761 5218 lizec
1797 5162 2001 5218 Just—ini

418 5240 487 5290 ile
516 5235 680 5290 Petro
720 5244 778 5289 et
818 5234 945 5292 tiliis
992 5234 1239 5291 Zebedaai
1287 5234 1430 5290 dicta
1464 5251 1588 5289 cum
1622 5234 2004 5303 superioribus

418 5314 859 5376 connecteretet
888 5306 956 5361 ad
1003 5322 1167 5376 quem
1203 5304 1399 5376 psalmi
1431 5320 1649 5360 versum
1692 5304 2005 5376 referantur

417 5376 733 5431 ostendere.
780 5374 1043 5443 Equidem
1097 5374 1283 5430 fateor
1323 5389 1409 5429 me
1466 5376 1665 5429 seriem
1714 5386 1769 5429 et
1824 5374 2006 5429 conti—

420 5447 739 5503 nuationem
773 5462 880 5500 non
908 5447 1371 5511 animadvertere,
1399 5445 1500 5500 nisi
1532 5445 1774 5514 legamus
1799 5443 1858 5499 τὸ
1887 5443 2013 5497 ὀνο-κ

421 5516 503 5599 μά
533 5535 659 5599 μού,
691 5533 712 5598 r_
751 5514 1440 5599 Narrabo-nomeumeum
1479 5517 1741 5571 fratribus
1780 5514 1994 5599 meis,_s

419 5584 585 5657 idque
612 5586 807 5657 fecisse
852 5585 1131 5641 Christum
1175 5586 1567 5657 intelligamus,
1593 5602 1739 5657 cum,
1774 5584 1999 5639 mutatis

420 5655 584 5713 Petro
624 5655 914 5728 aeiloanni
964 5657 1192 5728 ejusque
1223 5655 1395 5728 fratri
1423 5655 1759 5728 nominibus,
1790 5668 1999 5728 cumse

422 5742 548 5783 esse
589 5727 918 5793 declaravit,
946 5723 1038 5796 qui
1067 5723 1304 5783 A'brahre
1350 5734 1405 5781 et
1446 5725 1557 5778 tilio
1583 5723 1744 5796 Nam:
1774 5724 1996 5779 nomina

425 5805 749 5855 mutaverat.
783 5798 843 5853 Si
868 5793 1043 5853 minus
1084 5798 1298 5867 placeat
1326 5798 1441 5851 haec
1472 5793 1821 5867 conjectura,
1850 5804 1998 5867 totus

426 5870 516 5929 hic
546 5870 703 5929 locus
740 5869 1005 5943 digressio
1033 5865 1138 5935 erit
1168 5884 1237 5927 ex
1271 5866 1790 5927 commemoratione
1829 5865 1997 5923 Ilisci-

2170 4812 2281 4936 (ιη)
2318 4812 2414 4866 Διὸ
2448 4813 2569 4866 καί.
2606 4810 2915 4883 Legeudum
2952 4809 3021 4863 δι’
3065 4799 3125 4861 οὗ
3172 4817 3228 4862 et
3275 4819 3400 4861 mox
3452 4801 3531 4874 τῷ
3567 4801 3681 4855 Αύ-

2180 4925 2193 4936 .
2276 4898 2463 4936 ΗΙΒιΒ.

2180 4925 2193 4936 .
2230 4898 2259 4936 Ἰ
2276 4898 2463 4938 ιιιιιιιι.

2101 4886 2710 5025 σῇίιῖἲιῗὲοᾶστροζ.
2752 4949 3054 5025 Respicere
3101 4943 3593 5025 videtur__Jnstinns
3620 4939 3685 4992 ad

2103 5013 2238 5085 illud
2270 5013 2531 5093 'psalini:
2577 5013 2613 5073 ἰ
2652 5022 2719 5076 Ει
2769 5013 3177 5093 annuntialiunt
3230 5017 3356 5093 (ξωΙί
3410 5013 3679 5093 justitiam

2104 5095 2243 5162 ejus.
2280 5086 2524 5153 {Adhuc
2554 5094 2700 5147 enim
2748 5097 2996 5162 versatur
3014 5090 3079 5162 _in
3106 5086 3346 5162 ejusdem
3381 5086 3566 5162 psalmi
3594 5095 3685 5162 ex:

2104 5151 2443 5236 p'licatione:
2477 5172 2532 5217 et
2561 5161 2815 5236 quamvis
2843 5168 2967 5236 post
3008 5151 3325 5236 hazc'verba
3351 5151 3393 5209 εὴ
3424 5172 3441 5205 ι
3473 5151 3685 5236 Timent

2105 5225 2229 5290 eum
2272 5225 2439 5287 omne
2460 5225 2647 5287 seuuén
2690 5225 2885 5292 ls'rael,
2916 5247 2936 5281 ι
2968 5228 3104 5299 nihil
3146 5225 3378 5299 amplius
3426 5225 3687 5299 recitetur

2106 5322 2171 5360 ex
2206 5304 2433 5374 psalmo,
2469 5301 2631 5374 facile
2672 5290 2900 5374 apparet
2948 5298 3211 5374 reliquata
3239 5290 3683 5374 Justino‘brevi:

2110 5361 2237 5429 tatis
2291 5361 2457 5426 causa
2512 5372 2684 5426 fuisse
2708 5361 2933 5423 'ornissa
2968 5367 3052 5421 vel
3071 5361 3114 5419 'a
3149 5364 3406 5419 librariis.
3465 5361 3686 5414 Videtur

2108 5445 2254 5497 enim
2295 5440 2544 5496 Justinus
2576 5440 2893 5509 promittere
2925 5453 2986 5492 se
3016 5431 3683 5509 reliqua_psa_ln_iirecita-

2104 5523 2305 5577 turum,
2335 5527 2456 5566 cum
2499 5500 2610 5566 ait':
2645 5509 2726 5564 Τά
2748 5508 3002 5562 λείποντα
3030 5500 3363 5575 τοῖψαλμοῦ
3397 5500 3683 5572 ἐδήλωσεν.

2105 5584 2264 5637 Ἔστι
2293 5582 2349 5637 δὲ
2365 5581 2555 5635 ταῦτα.

2174 5654 2288 5723 (ιε)
2324 5654 2434 5707 Καὶ
2469 5654 2539 5705 ἐν
2572 5647 2825 5720 οὐρανῷ.
2856 5647 3035 5723 Etiam
3068 5646 3121 5698 in
3157 5643 3297 5699 crelo
3338 5640 3490 5723 stella
3520 5652 3684 5723 exor-

2102 5718 2191 5785 ta,
2215 5718 2344 5791 quia
2366 5724 2580 5780 scilicet
2603 5718 2711 5778 alia
2736 5722 2790 5776 iu
2822 5719 2983 5776 terris
3006 5718 3164 5785 longe
3192 5718 3542 5784 praestantior
3564 5722 3686 5777 pro-

2104 5796 2301 5851 dierat.
