3954 6258
448 383 549 437 727

448 593 549 646 1ιεο
590 589 884 645 excitatam
918 602 1063 651 esse,
1108 596 1166 643 et
1195 602 1319 643 cum
1350 587 1504 644 illum
1535 605 1566 644 a
1600 590 1760 645 nobis
1784 590 2010 645 cruciﬁ-

446 698 576 737 xum
630 680 886 751 discipuli
920 694 989 735 ex
1034 689 1409 747 monumento,
1459 682 1512 736 in
1569 696 1698 752 quo,
1750 680 2013 736 reﬁxuse

368 762 378 782 '
444 788 631 839 cruce,
660 774 938 843 depositus
973 772 1173 836 fuerat,
1203 782 1367 828 noctu
1400 774 1796 844 subripuerint,
1832 774 2009 844 decipi

443 868 517 922 ab
549 867 656 924 illis
684 867 957 929 homines.
998 867 1125 920 dum
1156 881 1277 921 eum
1297 882 1365 922 ex
1391 867 1621 922 mortuis
1647 866 2013 937 resurrexisse

442 973 498 1014 et
541 962 593 1013 in
636 959 830 1014 cmlnm
874 960 1186 1015 ascendisse
1231 960 1507 1015 dictitant.
1559 959 1868 1025 Quinetiam
1912 958 2013 1011 do-

444 1054 624 1107 euisse
655 1051 807 1106 illum
843 1051 1131 1108 addidistis
1159 1053 1322 1117 impia
1349 1052 1437 1106 illa
1462 1061 1517 1107 et
1539 1050 1771 1106 nefanda
1820 1066 1886 1106 ac
1907 1051 2008 1104 de-

447 1145 718 1199 testabilia
770 1145 1041 1213 facinora,
1085 1161 1207 1216 qua:
1244 1146 1508 1201 adversus
1551 1158 1686 1209 eos,
1724 1144 1817 1213 qui
1859 1144 2009 1198 illum

441 1237 721 1291 Christum
752 1248 808 1292 et
842 1239 1122 1292 doctorem
1166 1246 1220 1292 et
1269 1237 1466 1291 Filium
1513 1235 1607 1292 Dei
1661 1235 2008 1306 proﬁtentur,

444 1329 584 1397 apud
613 1343 775 1384 omne
807 1330 1090 1385 hominum
1125 1344 1299 1400 genus
1330 1327 1605 1398 spargitis.
1637 1326 1717 1381 Ad
1762 1328 1876 1381 hzec
1919 1341 2012 1381 ca-

443 1431 536 1487 pta
569 1421 703 1477 urbe
731 1431 939 1487 vestra,
966 1431 1022 1476 et
1050 1430 1198 1475 terra
1232 1431 1437 1475 vastata
1483 1419 1858 1491 paenitentiam
1902 1433 2008 1472 non

442 1510 635 1578 agitis,
669 1512 765 1566 sed
793 1510 942 1565 illum
982 1511 1148 1566 etiam
1177 1525 1242 1566 ac
1270 1525 1482 1575 omnes,
1503 1511 1596 1580 qui
1621 1510 1676 1564 in
1707 1508 1861 1563 illum
1890 1523 2009 1563 cre-

441 1602 600 1666 dunt,
630 1602 766 1658 diris
815 1603 1083 1658 devovere
1128 1602 1364 1658 audetis.
1412 1600 1521 1668 Nos
1543 1610 1725 1656 autem
1771 1614 1873 1655 nec
1910 1614 2008 1655 vos

439 1690 677 1757 odimus,
705 1708 805 1748 nec
842 1708 939 1749 eos
985 1694 1079 1764 qui
1118 1694 1279 1748 talem
1315 1695 1383 1750 de
1427 1695 1587 1749 nobis
1626 1694 1934 1762 opinionem
1977 1708 2008 1747 a

1361 378 1418 434 S.
1446 376 1707 435 JUSTINI
1742 375 2148 435 PHILOSOPHI
2181 374 2272 431 ET
2306 374 2663 431 MABTYRIS

342 556 345 561 ,
446 503 571 555 dam
602 508 659 553 et
686 498 928 565 exlegem
958 503 1166 555 sectam
1203 510 1233 550 a
1260 495 1420 566 plano
1454 497 1689 566 quodam
1714 495 1841 551 Jesu
1868 496 2013 553 Gali-

2117 495 2210 549 τοῦ
2245 496 2522 566 μνήματος
2553 492 2764 554 νυκτὸς,
2798 490 2992 544 ὁπόθεν
3024 487 3286 556 κατετέθη
3324 485 3440 556 (Π)
3472 487 3687 556 aprico-

3576 370 3685 427 79.8

2114 588 2228 650 θεὶς
2261 585 2367 640 ἀπὸ
2390 584 2485 638 τοῦ
2532 582 2789 655 σταυροῦ,
2828 582 3072 635 πλανῶσι
3102 581 3227 643 τοὺς
3258 577 3576 649 ἀνθρώπρυς
3604 578 3688 631 λέ-

2114 694 2301 747 γοντες
2321 675 2620 749 ὲγηγέρθαι
2664 674 2826 727 αὐτὸν
2858 671 3182 743 ὲκ.νεκρῶν,
3224 670 3321 723 καὶ
3353 671 3432 732 εἰς
3462 668 3685 738 οὐρανὸν

2114 770 2513 842 ἀνεληλυθέναιο
2576 768 2925 831 κατειπόντες
2988 765 3316 836 δεδιδαχέναι
3371 762 3469 816 καὶ
3515 761 3687 814 ταῦτα

2112 863 2257 933 ειπερ
2289 859 2429 914 κατὰ
2466 858 2574 912 τῶν
2605 855 3006 929 ὁμολογούντων
3036 851 3269 924 Χριστὸν
3313 850 3408 903 καὶ
3440 848 3690 902 διδάσκα-

2113 955 2201 1008 λον
2228 955 2322 1008 καὶ
2356 954 2479 1009 Υίὸν
2528 951 2662 1005 Θεοῦ
2695 947 2852 1012 εἶναι,
2874 948 3032 1002 παντὶ
3061 946 3205 1016 γένει
3232 941 3532 1014 ἀνθρώπων
3556 938 3690 995 ἄθεα

2120 1052 2213 1105 καὶ
2268 1051 2443 1121 ἄνομα
2501 1050 2595 1102 καὶ
2641 1046 2833 1100 ἀνόσια
2887 1042 3093 1110 λέγετε.
3144 1038 3288 1110 Πρὸς
3326 1034 3558 1098 τούτοις,
3594 1032 3690 1085 καὶ

2117 1141 2349 1213 ἀλούσης
2397 1140 2549 1212 ὑμῶν
2579 1138 2678 1209 τῆς
2707 1137 2933 1198 πόλεως,
2981 1134 3074 1187 καὶ
3114 1131 3215 1203 τῆς
3251 1130 3357 1201 γῆς
3385 1126 3691 1201 ἐρημωθεί-

2119 1251 2241 1305 σης,
2271 1235 2332 1287 οὐ
2357 1234 2685 1304 μετανοεῖτε,
2717 1228 2853 1284 ἀλλὰ
2890 1229 2983 1280 καὶ
3013 1222 3353 1295 καταρᾶσθαι
3396 1217 3562 1274 αὐτοῦ
3595 1218 3692 1271 καὶ

2114 1328 2222 1381 τῶν
2271 1325 2629 1379 πιστευόντων
2677 1324 2755 1386 εἰς
2810 1320 2972 1374 αὑτὸν
3024 1318 3237 1371 πάντων
3287 1314 3542 1383 τολμᾶτε.
3577 1309 3693 1363 Kal

2113 1421 2275 1490 ἡμεῖς
2321 1418 2465 1489 ὑμᾶς
2515 1415 2763 1477 καὶτοὺς
2818 1413 2884 1464 δι’
2930 1411 3073 1482 ὑμᾶς
3104 1407 3327 1462 τοιαῦτα
3364 1403 3484 1458 καθ’
3531 1400 3691 1473 ἡμῶν

2115 1510 2479 1582 ὑπειληφότας
2534 1509 2595 1562 οὐ
2656 1504 2939 1578 μισοῦμεν,
2974 1503 3087 1557 ἀλλ’
3122 1498 3391 1572 εὐχόμεθα
3442 1496 3546 1550 κᾶν
3594 1492 3691 1547 νῦν

2119 1604 2551 1675 μετανοήσαντας
2576 1601 2782 1662 πάντας
2807 1598 2989 1660 ἐλέους
3034 1598 3216 1666 τυχεῖν
3258 1592 3408 1663 παρὰ
3455 1588 3553 1643 τοῦ
3604 1588 3694 1640 εύ-

2118 1694 2423 1765 σπλάγχνου
2457 1694 2551 1747 καὶ
2582 1690 2868 1745 πολυελέου
2902 1688 3117 1759 Πατρδς
3154 1685 3261 1739 τῶν
3288 1684 3426 1738 ὅλων
3458 1679 3620 1735 Θεοῦ.

440 1785 597 1842 vobis
650 1802 945 1858 accepere;
980 1790 1074 1845 sed
1106 1804 1395 1860 precamur
1415 1798 1492 1857 ut,
1524 1805 1668 1845 nunc
1695 1791 1886 1846 saltem
1917 1790 2293 1861 paenitentiam
2345 1799 2590 1861 agentes,
2651 1785 3082 1842 misericordiam
3131 1795 3324 1837 omnes
3383 1788 3696 1843 consequa-

441 1881 575 1935 mini
598 1896 628 1934 a
652 1882 988 1954 perbenigno
1017 1892 1071 1938 et
1096 1884 1294 1937 mirum
1328 1882 1381 1935 in
1409 1882 1626 1937 modum
1658 1883 2011 1938 misericorde
2042 1883 2420 1938 universorum
2453 1890 2680 1951 parente
2708 1880 2841 1933 Deo.

513 1974 636 2029 109.
674 1974 918 2030 Gentium
963 1978 1230 2031 conversio
1284 1978 1542 2046 praedicta
1584 1993 1618 2029 a
1670 1974 2011 2029 illicitum.—

2183 1978 2305 2033 109.
2355 1974 2495 2029 Ἀλλ’
2523 1976 2606 2028 ὅτι
2633 1972 2702 2026 τὰ
2740 1971 2865 2042 ἔθνη
2901 1971 3180 2042 μετανοεῖν
3210 1965 3324 2034 (48)
3348 1965 3454 2018 ἀπὺ
3477 1964 3581 2033 τῆς
3605 1979 3699 2016 κα-

443 2067 596 2133 Quod
624 2076 806 2122 autem
841 2078 1031 2138 gentes
1056 2069 1334 2138 nequitiae,
1365 2068 1419 2122 in
1449 2084 1555 2139 qua
1582 2075 1833 2124 errantes
1859 2068 2013 2121 vive-

443 2160 594 2220 bant,
625 2160 1000 2228 pcenitentiam
1032 2171 1192 2218 erant
1218 2171 1441 2226 acturae,
1475 2168 1759 2230 postquam
1794 2174 1861 2215 ex
1885 2174 2015 2230 apo-

443 2251 601 2304 stolis
630 2251 957 2316 doetrinam,
993 2269 1159 2323 quam
1190 2254 1263 2309 illi
1289 2256 1359 2309 ab
1398 2254 1532 2325 ipsis
1559 2267 1730 2322 usque
1760 2251 2015 2307 Hieroso-

442 2343 605 2412 lymis
630 2345 1015 2414 praedicarunt,
1056 2347 1408 2413 didicissent;
1452 2362 1621 2418 pauca
1646 2347 1810 2404 etiam
1847 2345 2012 2401 verba

443 2450 509 2488 ex
543 2435 804 2501 Michaeaa,
831 2438 994 2494 unius
1033 2454 1097 2495 ex
1128 2440 1436 2505 duodecim,
1471 2441 1731 2495 vaticinio
1778 2440 2016 2493 recitan-

446 2540 553 2581 tem
578 2546 664 2584 me
704 2531 992 2601 perleratis
1030 2533 1214 2587 velim.
1243 2533 1319 2588 Ea
1350 2541 1476 2587 sunt
1502 2530 1849 2601 hujusmodi:
1886 2550 1906 2583 ι
1948 2531 2016 2586 Et

443 2626 615 2679 eritin
646 2626 955 2681 novissimis
994 2626 1207 2681 dierum
1234 2626 1556 2681 manifestus
1591 2641 1746 2680 mons
1775 2625 2010 2693 Dotnini,

443 2730 780 2789 praeparatus
805 2723 858 2777 in
888 2736 1101 2776 summo
1130 2722 1417 2785 montium,
1443 2719 1765 2776 sublimatus
1790 2719 1903 2787 ipse
1925 2735 2014 2773 su-

446 2830 543 2882 per
586 2814 789 2879 colles;
834 2825 891 2870 et
936 2815 1161 2869 ﬂuvium
1211 2824 1416 2884 ponent
1457 2816 1511 2870 in
1569 2815 1685 2883 ipso
1721 2811 1925 2882 pepuli,
1960 2822 2017 2867 et

445 2906 801 2962 ambulabunt
826 2918 1015 2975 gentes
1037 2908 1240 2973 multae,
1268 2916 1323 2963 et
1344 2906 1557 2961 dicent:
1588 2905 1795 2966 Venite,
1825 2920 2015 2960 ascen-

446 2998 637 3052 damus
664 2998 734 3053 ad
762 3011 998 3053 montem
1028 2999 1263 3065 Domini,
1292 3009 1345 3054 et
1377 3000 1427 3052 in
1467 2999 1683 3053 domum
1713 2999 1801 3052 Dei
1822 2997 2009 3061 Iacob,

443 3099 499 3144 et
526 3092 815 3147 ostendent
851 3092 1007 3147 nobis
1054 3092 1197 3145 viam
1242 3089 1378 3157 eius,
1420 3100 1474 3144 et
1513 3080 1931 3142 'annbnlabimus
1958 3088 2011 3141 in

443 3184 653 3238 semitis
691 3184 842 3254 ejus;
877 3183 1002 3252 quia
1033 3184 1098 3239 de
1124 3184 1283 3255 203
1313 3183 1440 3238 Sion
1474 3184 1643 3237 exibit
1674 3182 1784 3247 lex,
1812 3191 1865 3237 et
1893 3197 2015 3236 ver-

443 3273 568 3326 bum
599 3273 810 3336 Domini
845 3273 912 3327 de
937 3271 1256 3338 Jerusalem,
1290 3280 1343 3326 et
1372 3272 1641 3340 jndicabit
1666 3272 1805 3325 inter
1845 3287 2014 3341 popu-

2114 2071 2237 2135 κίας
2272 2072 2330 2123 ὲν
2446 2067 2785 2139 πλανώμενοι
2830 2064 3222 2123 ἐπολιτεύοντο,
3255 2058 3566 2112 ἀκούσαντα
3603 2054 3698 2109 τὸν

2114 2167 2222 2222 άπὸ
2273 2165 2380 2218 τῶν
2432 2164 2741 2218 ἀποστόλων
2796 2159 2959 2214 αὑτοῦ
2996 2158 3104 2211 άπὸ
3146 2150 3500 2227 Ἰερουσαλὴμ
3530 2165 3699 2218 κηρυ-

2114 2261 2310 2333 χθέντα
2340 2259 2405 2311 δι’
2425 2257 2605 2312 αὐτῶν
2635 2256 2875 2309 παθόντα
2904 2253 3015 2321 (49)
3044 2251 3218 2317 λόγον,
3237 2247 3334 2317 καὶ
3352 2245 3545 2313 λόγους
3571 2241 3700 2312 βρα-

2114 2356 2228 2424 χεῖς
2253 2351 2501 2420 λέγοντός
2534 2368 2631 2421 μου
2660 2349 2766 2401 ἀπὸ
2802 2345 3134 2416 προφητείας
3150 2340 3407 2411 Μιχαίου,
3434 2338 3551 2400 Mc
3587 2333 3700 2389 τῶν

2113 2445 2351 2507 δώδεκα,
2402 2441 2721 2513 ἀνάσχεσθε.
2778 2439 2899 2492 Εἰσὶ
2946 2438 3000 2490 δὲ
3062 2428 3250 2488 οὗτοι·
3306 2450 3323 2483 ι
3381 2429 3492 2482 Kal
3537 2428 3699 2480 ἔσται

2115 2539 2200 2590 ἐπ’
2234 2536 2462 2606 ἐσχάτου
2496 2533 2716 2605 ἡμερῶν
2762 2530 2999 2601 ἐμφανὲς
3026 2528 3088 2580 τὺ
3127 2527 3251 2598 ὅρος
3282 2521 3513 2593 Κυρίου,
3551 2519 3698 2572 ἐτοι-

2119 2645 2216 2700 μον
2241 2629 2327 2680 ἐπ’
2357 2628 2526 2698 ἄκρου
2562 2625 2672 2693 (50)
2706 2623 2813 2675 τῶν
2833 2621 3030 2690 ὀρέων·
3066 2617 3373 2688 ἐπηρμένον
3394 2613 3525 2668 αὑτὸ
3554 2612 3698 2683 ὑπὲρ

2113 2725 2239 2787 τοὺς
2274 2720 2525 2792 βουνούς’
2575 2718 2670 2772 καὶ
2704 2713 2947 2784 ποταμὸν
2978 2711 3234 2781 θήσονται
3271 2707 3382 2773 (51)
3419 2705 3503 2759 ἐπ’
3543 2701 3698 2773 αὐτῷ

2114 2816 2251 2877 λαοὶ,
2283 2814 2376 2867 καὶ
2406 2811 2756 2884 πορεύσονται
2791 2806 2915 2875 ἔθνη
2950 2801 3141 2863 πολλὰ,
3173 2802 3267 2853 καὶ
3288 2798 3470 2869 ἐροῦσι
3488 2814 3501 2826 ·
3527 2795 3698 2849 Δεῦτε

2114 2907 2400 2977 ἀναδῶμεν
2433 2906 2511 2966 εἰς
2549 2903 2610 2955 τὸ
2654 2901 2778 2972 ὅρος
2811 2896 3035 2970 Κυρίου,
3072 2894 3167 2947 καὶ
3190 2894 3269 2954 εἰς
3317 2890 3406 2943 τὸν
3431 2884 3582 2941 οἷκον
3603 2885 3697 2940 τοῦ

2112 2999 2246 3052 Θεοῦ
2290 2997 2511 3051 Ἰακώϐ·
2562 2996 2656 3048 καὶ
2687 2990 2976 3063 φωτιοῦσιν
3004 2989 3153 3059 ἡμᾶς
3208 2986 3306 3055 τὴν
3348 2983 3465 3036 ὁδὸν
3505 2980 3696 3044 αὐτοῦ,

2114 3091 2210 3145 καὶ
2240 3086 2617 3163 πορευσόμεθα
2660 3088 2719 3137 ὲν
2745 3088 2864 3145 ταῖς
2893 3080 3102 3153 τρίϐοις
3124 3077 3286 3132 αὐτοῦ
3310 3094 3322 3107 ο
3354 3078 3438 3129 ὅτι
3463 3077 3527 3127 ἐκ
3556 3072 3699 3125 Σιὼν

2114 3183 2449 3251 ἐξελεύσεται
2478 3180 2661 3249 νόμος,
2692 3177 2785 3229 καὶ
2803 3175 2957 3242 λόγος
2984 3170 3189 3242 Κυρίου
3230 3169 3289 3233 ἐξ
3321 3165 3696 3240 Ἰερουσαλὴμ,

2114 3278 2209 3329 καὶ
2238 3277 2415 3347 κρινεῖ
2450 3270 2552 3326 ἀνὰ
2594 3270 2755 3342 μέσον
2776 3266 2917 3319 λαῶν
2963 3263 3193 3326 πολλῶν,
3222 3263 3316 3314 καὶ
3335 3258 3545 3327 ἐλέγξει
3570 3257 3697 3325 ἔθνη

443 3364 526 3417 los
552 3364 769 3431 mullos,
802 3373 855 3419 et
886 3374 1077 3434 arguet
1110 3373 1299 3434 gentes
1335 3363 1506 3419 fortes
1538 3378 1708 3434 usque
1732 3365 1783 3417 in
1809 3365 2013 3434 longin-

2118 3367 2312 3439 ἰσχυρά
2333 3366 2438 3428 ἓως
2472 3364 2688 3435 μακράν
2709 3378 2722 3391 °
2776 3362 2871 3413 καὶ
2923 3356 3251 3426 συγκόψουσι
3284 3353 3383 3415 τὰς
3418 3350 3700 3422 μαχαίρας

442 3472 642 3525 quum;
682 3466 737 3512 et
766 3457 1056 3511 concident
1108 3457 1317 3527 gladios
1371 3471 1498 3511 suos
1530 3457 1581 3509 in
1611 3468 1815 3521 aratra,
1843 3467 1896 3511 et
1920 3459 2016 3510 ha-

443 3557 556 3602 stas
587 3563 714 3603 snas
745 3549 800 3602 in
830 3549 1019 3614 falces,
1053 3558 1109 3603 et
1141 3564 1244 3603 non
1286 3558 1462 3604 sumet
1503 3565 1637 3620 gens
1669 3559 1858 3603 contra
1883 3565 2015 3619 gen—

446 3651 556 3694 tem
587 3640 849 3710 gladium,
902 3650 958 3695 et
1004 3655 1112 3695 non
1142 3641 1354 3697 discent
1385 3642 1527 3695 ultra
1558 3640 1905 3712 belligerare.
1950 3641 2015 3695 Et

442 3732 649 3787 sedebit
678 3733 761 3786 vir
792 3732 1011 3787 subvite
1040 3748 1158 3803 sua,
1183 3743 1235 3788 et
1271 3735 1372 3789 sub
1402 3734 1505 3789 licu
1538 3750 1660 3801 sua,
1692 3744 1747 3789 et
1779 3749 1885 3789 non
1910 3734 2015 3788 erit

441 3825 535 3894 qui
568 3834 882 3890 exterreat;
916 3826 1041 3894 quia
1089 3840 1152 3880 os
1198 3825 1412 3881 Domini
1459 3828 1725 3881 virtutum
1771 3826 2010 3881 locutum

442 3926 556 3983 est;
591 3918 849 3986 quoniam
893 3934 1083 3973 omnes
1112 3920 1292 3989 populi
1321 3920 1679 3975 ambulabunt
1705 3922 1760 3973 in
1791 3920 2012 3975 nomine

444 4009 671 4061 deorum
703 4024 960 4074 suorum;
991 4023 1088 4063 nos
1109 4019 1291 4063 autem
1317 4011 1719 4066 ambulabimus
1751 4010 1802 4063 in
1840 4011 2018 4065 nomi-

446 4115 516 4153 ne
548 4099 759 4154 Domini
805 4101 898 4155 Dei
961 4102 1135 4155 nostri
1190 4102 1244 4155 in
1300 4112 1585 4156 aeternum.
1624 4102 1690 4155 Et
1713 4102 1819 4156 erit
1848 4104 1899 4155 in
1928 4101 2014 4155 die

443 4189 556 4253 illa,
580 4191 830 4261 colligam
856 4194 1122 4261 angustiis
1149 4194 1418 4261 all‘eetam,
1450 4205 1504 4249 et
1529 4195 1758 4264 eiectam
1782 4210 2017 4265 congre-

444 4284 605 4347 gaho,
633 4291 688 4336 et
714 4297 831 4336 eam
861 4299 1027 4351 quam
1062 4283 1253 4347 alﬂixi,
1286 4294 1341 4339 et
1373 4300 1568 4353 ponam
1600 4288 1865 4356 angustiis
1887 4286 2015 4343 affe-

444 4382 585 4426 ctam
620 4373 673 4426 in
697 4375 996 4438 residuum,
1026 4385 1081 4428 et
1117 4390 1433 4444 oppressam
1473 4378 1526 4430 in
1577 4387 1791 4445 gentem
1822 4389 2018 4448 poten-

446 4475 577 4519 tem.
602 4465 668 4518 Et
700 4468 951 4536 regnabit
976 4466 1238 4533 Dominus
1270 4483 1436 4535 super
1457 4483 1552 4523 eos
1577 4470 1631 4523 in
1666 4479 1851 4526 monte
1875 4469 2011 4526 Sion

443 4571 509 4613 ex
542 4558 644 4613 hoc
670 4573 813 4613 nunc
843 4566 1083 4630 etusqne
1107 4560 1162 4613 in
1187 4559 1443 4614 saeculum
1473 4560 1540 4614 ⁷⁸.
1579 4580 1597 4612 ι

550 4822 596 4853 ⁷⁸
626 4820 786 4876 Micb.
814 4837 887 4889 Iv,
920 4822 1035 4876 1-7.

515 4975 628 5047 (ΓΙ)
682 4978 923 5032 Ὁπόθεν
959 4980 1256 5049 κατετέθη.
1287 4980 1418 5033 Illud
1456 4982 1648 5035 ὁπόθεν
1676 4981 2016 5035 referendum

444 5048 511 5120 ad
541 5048 859 5120 κλέψαντες,
901 5050 1061 5120 quasi
1107 5052 1384 5104 dicamus:
1421 5053 1787 5120 snbripientes
1816 5067 1880 5104 ex
1908 5067 2017 5117 quo

446 5118 570 5190 loco
599 5118 866 5190 repositus
891 5119 1087 5172 fuerat.
1112 5121 1311 5173 Eadem
1344 5118 1596 5190 loquendi
1634 5123 1773 5174 ratio
1803 5138 1857 5173 ιι.
1890 5122 2012 5178 152.

444 5185 760 5262 uisendum
792 5204 956 5262 supra
977 5191 1365 5262 κηρύσσοντες,
1486 5210 1543 5245 ιι.
1577 5193 1661 5245 Π.

519 5258 630 5329 (48)
666 5258 1009 5313 Μετανοεῖν.
1038 5258 1258 5330 ’Ξιιρριθ
1301 5261 1559 5330 ἔμελλον,
1611 5263 1751 5329 quod
1794 5260 2015 5330 quidem

444 5331 669 5382 verbum
693 5343 815 5381 cum
850 5338 1008 5383 antea
1036 5332 1274 5397 posuerit
1308 5330 1553 5384 Justinus
1594 5332 1682 5385 ubi
1719 5334 1787 5385 de
1809 5332 2016 5385 Christi

446 5399 867 5471 resurrectione
884 5415 1049 5471 agere
1074 5401 1263 5471 cmpit,
1295 5418 1407 5457 non
1448 5404 1619 5454 miror
1652 5406 1755 5459 hoc
1778 5398 1899 5457 loco
1926 5418 2013 5456 re-

444 5470 675 5539 petitum
711 5484 819 5522 non
845 5469 1035 5533 fuisse.

516 5538 633 5611 (49)
667 5540 961 5612 Παρρνω.
1015 5539 1192 5612 Locus
1244 5541 1506 5595 enitescet
1551 5542 1777 5612 legendo
1822 5539 2019 5612 μαθόν-

443 5609 535 5675 τα,
561 5626 680 5678 qua:
704 5610 924 5678 quidem
949 5609 1223 5666 levissima
1249 5612 1553 5667 immutatio
1570 5609 1671 5676 est,
1696 5623 1750 5665 et
1778 5609 2015 5666 maxime

447 5677 784 5753 necessaria.
833 5677 1159 5753 _Non_enim
1191 5683 1255 5753 de
1286 5680 1464 5737 Verbo
1510 5698 1669 5753 passo
1700 5683 1787 5736 hic
1812 5684 2010 5749 agitur,

448 5754 541 5806 Sed
565 5751 634 5802 de
671 5749 920 5820 doctrina
947 5751 1016 5805 ab
1042 5751 1307 5820 apostolis
1334 5749 1645 5819 praadicata.
1691 5753 2013 5806 Praecedens

452 5820 675 5879 Verbum
701 5819 1008 5875 ἀκούσαντα
1048 5819 1281 5893 expungi
1318 5833 1539 5894 posset;
1569 5822 1659 5879 sed
1692 5833 1872 5877 tamen
1901 5839 2005 5877 nou

2115 3458 2295 3513 αὐτῶν
2336 3458 2416 3520 είς
2453 3457 2681 3525 ἄροτρα,
2716 3454 2810 3505 καὶ
2840 3452 2937 3513 τὰς
2968 3449 3187 3514 ζιϐύνας
3236 3444 3414 3500 αὐτῶν
3457 3445 3535 3506 εἰς
3577 3442 3701 3510 δρέ-

2115 3566 2262 3602 πανα
2283 3566 2297 3579 ·
2330 3548 2425 3601 καὶ
2448 3547 2509 3599 ού
2536 3547 2609 3616 μὴ
2639 3546 2747 3616 ἄρῃ
2774 3542 2923 3606 ἔθνος
2953 3543 3039 3594 ἐπ’
3071 3540 3221 3603 ἔθνος
3269 3538 3567 3608 μάχαιραν,
3603 3535 3699 3586 καὶ

2114 3643 2175 3694 οὐ
2223 3642 2295 3713 μὴ
2350 3641 2592 3711 μάθωσιν
2624 3638 2702 3690 ἔτι
2756 3636 3029 3706 πολεμεῖν.
3077 3634 3189 3687 Kal
3241 3631 3525 3686 καθίσεται
3558 3627 3702 3697 ἀνὴρ

2122 3734 2376 3787 ὑποκάτω
2401 3730 2647 3801 ἀμπέλου
2681 3727 2864 3789 αὐτοῦ,
2898 3730 2991 3780 καὶ
3021 3726 3277 3779 ὑποκάτω
3306 3722 3477 3791 συκῆς
3506 3718 3697 3772 αὐτοῦ’

2118 3827 2214 3878 καὶ
2237 3825 2337 3877 οὐκ
2383 3822 2534 3875 ἔσται
2558 3824 2585 3875 ό
2617 3820 2897 3889 ὲκφοόὦνο
2928 3820 3010 3871 ὅτι
3036 3817 3209 3886 στόμα
3240 3814 3444 3886 Κυρίου
3474 3810 3585 3865 τῶν
3617 3810 3703 3862 δυ-

2116 3916 2331 3986 νάμεων
2348 3914 2630 3984 ἐλάλησεν*
2667 3914 2749 3965 ὅτι
2772 3912 2973 3974 πάντες
3005 3912 3053 3962 οἱ
3084 3909 3204 3961 λαοὶ
3238 3906 3600 3977 πορεύσονται
3639 3902 3701 3953 ἐν

2116 4008 2339 4078 ὀνόματι
2367 4006 2505 4061 θεῶν
2536 4005 2744 4060 αὐτῶν·
2798 4007 2961 4074 ἡμεῖς
2994 4003 3050 4055 δὲ
3083 3998 3464 4073 πορευσόμεθα
3496 3999 3555 4048 ἐν
3582 3994 3701 4046 ὀνό-

2120 4117 2250 4169 ματι
2294 4099 2501 4172 Κυρίου
2555 4098 2689 4153 Θεοῦ
2730 4097 2890 4168 ἡμῶν
2932 4098 3013 4160 εἰς
3043 4096 3133 4148 τὸν
3171 4094 3362 4149 αἰῶνα.
3396 4093 3506 4145 Kal
3541 4090 3700 4143 ἔσται

2116 4194 2174 4245 ὲν
2206 4196 2270 4263 τῇ
2300 4192 2485 4264 ἡμέρᾳ
2512 4192 2716 4265 ἐκείνῃ,
2743 4190 2955 4254 συνάξω
2992 4189 3089 4259 τὴν
3116 4184 3566 4255 ἐκτεθλιμμένην,
3603 4183 3699 4235 καὶ

2116 4285 2214 4354 τὴν
2247 4281 2557 4355 ἐξωσμένην
2596 4283 2853 4353 άθροίσω,
2885 4284 2978 4334 καὶ
3002 4283 3067 4351 ἣν
3099 4281 3351 4333 ὲκάκωσα
3374 4294 3387 4306 ’
3425 4277 3519 4329 καὶ
3548 4274 3700 4345 θήσω

2123 4378 2219 4448 τὴν
2263 4376 2689 4447 ὲκτεθλιμμένην
2724 4378 2803 4439 εἰς
2854 4374 3189 4443 ὑπόλειμμα,
3252 4374 3347 4424 καὶ
3391 4371 3489 4441 τὴν
3534 4372 3700 4422 ἐκπε-

2124 4470 2417 4539 πιεσμένην
2448 4471 2527 4531 εἰς
2560 4467 2708 4530 ἔθνος
2772 4465 3006 4536 ἰσχυρόν.
3056 4466 3167 4517 Καὶ
3226 4461 3531 4533 βασιλεύσει
3587 4458 3699 4511 Κύ-

2046 4574 2089 4627 D
2121 4579 2231 4633 ριος
2266 4562 2350 4613 ἐπ’
2374 4560 2549 4615 αὐτῶν
2578 4562 2635 4613 ὲν
2680 4558 2757 4629 τῷ
2792 4557 2909 4630 ὄρει
2938 4556 3075 4616 Σιὼν
3098 4556 3205 4609 ἀπὸ
3236 4555 3327 4608 τοῦ
3358 4555 3452 4608 νῦν
3475 4554 3569 4606 καὶ
3592 4552 3697 4615 ἕως

2120 4652 2216 4711 τοῦ
2241 4653 2450 4716 αἰῶνος.
2498 4672 2516 4704 ι

2123 4982 2349 5036 multum
2386 4991 2572 5045 nocet,
2606 4984 2650 5038 si
2684 4983 2915 5036 addatur
2945 4983 3056 5036 καί.

2193 5052 2305 5121 (50)
2356 5052 2475 5105 Ἐπ’
2509 5054 2715 5122 ἄκρου.
2755 5054 2832 5108 Ita
2862 5064 3093 5122 uterque
3145 5053 3314 5107 codex
3358 5068 3491 5106 mss.
3553 5053 3693 5106 Editi

2118 5122 2215 5174 ἀπ’
2239 5123 2428 5175 ἄκρου.

2160 5139 2200 5173 π
2239 5139 2428 5175 ακοου.

2192 5140 2453 5261 ίὸῗῗρῖἔάὶ
2488 5192 2756 5262 ποταμὸν
2813 5192 3120 5259 θήσονται.
3172 5192 3277 5246 Pro
3328 5194 3413 5247 his
3468 5190 3696 5262 vocibus

2121 5260 2316 5336 legitur
2342 5266 2481 5336 apud
2512 5260 2892 5336 Septuaginta,
2942 5263 3361 5336 xalamdaouat
3387 5261 3524 5336 πρρς
3553 5261 3696 5336 αξ)Ἑά

2118 5330 2255 5384 λαοί,
2285 5330 2391 5387 Sed
2420 5330 2669 5386 euintletn
2719 5330 2939 5387 sensum
2974 5335 3234 5387 exhibent
3278 5330 3443 5385 verba
3466 5331 3690 5389 Jnstini,

2117 5402 2315 5468 quibus
2345 5420 2553 5456 summa
2585 5405 2765 5472 pOpuli
2799 5403 3120 5472 conﬂuentis
3151 5404 3445 5456 multitudo
3476 5402 3693 5472 signiti-

2124 5482 2303 5537 Catur,
2326 5473 2411 5527 vel
2441 5470 2639 5541 potius,
2660 5470 2731 5527 'ut
2749 5474 3006 5527 observat
3034 5471 3310 5527 Thirlbius
3344 5482 3465 5541 post
3494 5470 3694 5536 Capel-

2121 5541 2257 5601 lnm.
2299 5547 2473 5607 magis
2523 5545 2874 5598 consentiunt
2913 5558 3033 5595 cum
3089 5543 3317 5598 Ilebrzeo
3350 5542 3515 5596 verbo
3537 5552 3691 5603 nm.

2118 5626 2217 5678 Ι)Γο
2239 5628 2347 5681 quo
2391 5613 2533 5682 LXX
2580 5613 2825 5683 legerunt
2862 5622 3022 5672 'nno.
3078 5613 3155 5665 Ex
3186 5616 3370 5667 eodem
3420 5612 3572 5683 fonle
3594 5614 3694 5683 de.

2114 5679 2327 5768 antiqua
2364 5679 2485 5758 qua:
2522 5679 2666 5742 infra
2714 5686 2996 5756 leguntur:
3039 5684 3127 5738 Ἐν
3166 5683 3395 5755 ὀνόματι
3424 5681 3530 5736 τῶν
3552 5679 3695 5736 θεῶν

2114 5769 2310 5807 αυτων.
