3954 6258
272 391 358 444 7Ξ9
1272 387 1521 445 DIALOG
1538 386 1629 443 US
1658 386 1805 444 CUM
1834 384 2211 443 TRYPHONE
2245 381 2513 440 JUDIEO.
3448 373 3555 428 7S0

325 508 437 561 “0.
468 506 580 558 Καὶ
612 503 861 569 τελέσας
892 507 1101 570 ταῦτα,
1132 508 1355 560 ὲπεῖπον
1375 523 1390 543 ’
1427 509 1540 560 Καὶ
1582 507 1666 560 ὅτι
1699 508 1751 560 οἱ
1788 506 1859 559 δι-

2048 504 2172 558 HO.
2209 501 2348 556 Pars
2381 499 2669 570 prophetia
2707 500 2825 569 jam
2851 495 3064 566 impleta
3104 494 3159 549 in
3197 492 3558 556 Christianis;

272 600 499 653 δὰσκαλοι
542 597 728 668 ὑμῶν,
771 592 825 653 ὧ
861 600 1090 673 ἄνδρες,
1132 600 1259 663 τοὺς
1297 601 1509 664 πάντας
1549 600 1743 669 λόγους
1784 601 1859 672 τῆς

1984 596 2156 651 altera
2192 594 2496 663 implebitur
2529 593 2587 646 in
2636 591 2868 645 secundo
2908 591 3155 645 adventu.
3190 617 3261 629 —-
3289 584 3387 640 llis
3419 588 3560 637 reci-

278 689 556 762 περικοπῆς
584 690 805 761 ταύτης
839 692 928 755 εἰς
958 691 1053 745 τὸν
1084 691 1317 763 Χριστὸν
1343 690 1700 762 ὁμολογοῦσιν
1731 691 1859 762 εξρῆ

1984 688 2111 743 tatis
2145 688 2259 743 hate
2288 686 2466 740 addidi
2498 702 2511 738 :
2545 684 2624 737 Ac
2666 694 2882 738 vestros
2911 683 3128 752 quidem
3165 681 3484 748 magistros,
3520 692 3554 730 ο

286 783 410 843 σθαι,
441 782 787 852 ἐπίσταμαι·
826 785 931 836 καὶ
966 784 1130 838 αὑτὸν
1153 785 1235 836 ὅτι
1255 782 1467 836 οὐδέπω
1492 784 1657 853 φασιν
1690 782 1859 854 ὲληλυ·

1985 779 2111 843 viri,
2131 776 2314 835 omnia
2344 777 2504 846 hujus
2535 774 2640 831 loci
2670 774 2832 828 verba
2863 775 2915 826 in
2944 773 3222 829 Christum
3257 770 3403 825 dicta
3426 785 3555 824 ron-

287 877 442 939 θὲνιιι,
470 874 567 928 καὶ
607 874 779 929 τοῦτο
810 875 1107 945 γινώσκω·
1153 878 1199 929 εἰ
1236 877 1294 929 δὲ
1326 877 1420 929 καὶ
1444 874 1759 947 ἐληλυθέναι
1791 875 1859 928 λέ-

1983 872 2124 926 ﬁteri
2156 887 2262 926 non
2299 871 2524 941 ignoro;
2570 884 2695 924 eum
2728 875 2907 921 autem
2941 866 3180 920 nondum
3227 864 3472 927 venisse,
3502 862 3555 915 id

273 986 463 1037 γουσιν,
506 968 572 1022 οὐ
602 967 951 1037 γινώσκεται
991 970 1052 1034 ὃς
1098 972 1267 1035 ἐστιν,
1310 969 1426 1024 ἀλλ’
1462 972 1589 1024 ὅταν
1633 969 1859 1042 ὲμφανὴ.

1980 978 2199 1034 quoque
2227 963 2295 1017 ab
2321 963 2403 1018 eis
2432 962 2603 1017 asseri
2639 960 2919 1029 intelligo;
2959 966 3051 1013 aut
3076 958 3118 1012 si
3145 958 3311 1012 etiam
3342 955 3558 1010 veniSse

284 1062 372 1115 καὶ
398 1060 608 1125 ἔνδοξος
644 1061 907 1133 γένηται,
937 1061 1061 1115 τότε
1094 1062 1471 1133 γνωσθήσεται
1498 1062 1609 1133 (52)
1643 1063 1702 1126 ὃς
1740 1064 1855 1116 ἐστι

1980 1057 2203 1123 dicant,
2239 1056 2479 1110 nondum
2528 1053 2874 1123 cognoscitur
2918 1050 3099 1119 qualis
3138 1052 3232 1116 sil,
3270 1048 3555 1119 inquiunt;

273 1153 417 1223 φασι.
445 1155 563 1207 Καὶ
604 1153 734 1207 τότε
761 1153 832 1207 τὰ
872 1153 1147 1226 εἰρημένα
1189 1156 1249 1207 ὲν
1288 1157 1353 1226 τῇ
1398 1158 1676 1227 περικοπῇ
1705 1154 1859 1227 ταύτῃ

1976 1148 2072 1203 sed
2100 1162 2224 1202 cum
2250 1145 2572 1200 manifestus
2600 1152 2655 1199 et
2677 1143 2948 1215 gloriosus
2974 1141 3164 1209 fuerit,
3194 1151 3324 1195 tunc
3348 1153 3556 1210 cogno-

267 1247 422 1313 φασὶν
446 1245 869 1316 ἀποϐήσεσθαι,
891 1246 969 1309 ὡς
996 1246 1225 1317 μηδενὸς
1256 1246 1485 1317 μηδέπω
1516 1246 1733 1319 καρποῦ
1768 1242 1859 1302 ἀπὶ

1978 1248 2162 1294 scetur
2188 1238 2365 1307 qualis
2393 1238 2484 1292 sit.
2513 1236 2670 1292 Tunc
2702 1237 2872 1291 etiam
2918 1243 3184 1290 eventura
3213 1234 3404 1288 dicunt
3432 1246 3558 1302 quae

267 1338 369 1391 τῶν
405 1338 594 1406 λόγων
648 1338 751 1410 τῆς
795 1338 1139 1410 προφητείας
1195 1339 1491 1410 γενομένου
1512 1356 1526 1372 ο
1578 1339 1852 1408 ἀλόγιστοι

1978 1332 2032 1386 in
2080 1333 2182 1386 hoc
2229 1330 2540 1385 testimonio
2590 1328 2871 1400 leguntur,
2919 1327 3079 1399 quasi
3131 1326 3372 1382 nondum
3416 1324 3556 1378 ullus

270 1432 338 1502 μὴ
361 1431 653 1494 συνιέντες
690 1430 835 1502 ὅπερ
877 1429 966 1485 διὰ
1003 1430 1221 1484 πάντων
1253 1430 1361 1484 τῶν
1396 1430 1570 1499 λόγων
1603 1431 1859 1484 ἁποδέδει·

1975 1425 2273 1494 prophetia:
2305 1424 2511 1478 fructus
2551 1422 2867 1487 exstiterit;
2903 1421 3153 1475 homines
3199 1419 3415 1474 ratione
3457 1418 3551 1470 dc-

268 1541 405 1586 κται,
440 1525 531 1578 ὅτι
567 1523 670 1577 δύο
704 1523 1007 1596 παρουσίαι
1037 1522 1202 1577 αὑτοῦ
1239 1524 1683 1595 κατηγγελμέναι
1725 1525 1859 1577 εἰσί¹

1972 1518 2170 1582 ειίιυιί,
2220 1519 2312 1585 qui
2363 1532 2468 1571 non
2510 1516 2838 1585 intelligant,
2887 1514 2940 1569 id
2987 1514 3131 1583 quod
3176 1527 3242 1568 ex
3300 1511 3555 1568 omnibus

268 1615 358 1682 μία
393 1615 523 1685 μὲν,
562 1616 627 1668 ὲν
739 1614 1005 1685 παθητὸς,
1037 1616 1129 1667 καὶ
1154 1613 1360 1678 ἄδοξος,
1389 1616 1484 1668 καὶ
1520 1616 1737 1686 ἄτιμος,
1776 1617 1859 1669 κα]

1973 1609 2273 1681 Scripturis
2304 1611 2741 1665 demonstratum
2783 1616 2890 1671 est,
2923 1609 3058 1661 duos
3100 1605 3306 1661 Christi
3347 1605 3555 1658 adven-

264 1708 682 1779 σταυροὺμενος
706 1708 1082 1779 κεκήρυκται·
1117 1709 1150 1779 ἡ
1188 1708 1246 1761 δὲ
1282 1707 1534 1780 δευτέρα,
1566 1703 1684 1783 ὲνῇ
1732 1714 1859 1779 μετὰ

1973 1711 2059 1758 tus
2087 1717 2212 1758 esse
2247 1702 2565 1768 nuntiatos;
2606 1701 2842 1755 alterum
2891 1700 3135 1770 quidem,
3186 1699 3239 1752 in
3278 1713 3386 1767 quo
3430 1711 3553 1764 per-

261 1800 414 1871 ὄόξης
458 1800 579 1853 ἀπὸ
624 1799 739 1853 τῶν
785 1798 1032 1870 οὐρανῶν
1069 1800 1363 1870 παρέσται,
1405 1802 1532 1855 ὅταν
1569 1804 1663 1856 καὶ
1699 1803 1729 1854 6
1769 1803 1859 1874 τῆς

1970 1794 2207 1864 pessioni
2236 1795 2509 1850 obnoxius
2540 1802 2597 1850 et
2644 1793 2932 1864 inglorius,
2983 1800 3039 1848 et
3080 1790 3376 1861 ignominia
3416 1787 3552 1844 aﬁ'e-

264 1892 609 1956 αποστασίας
653 1890 942 1963 ἄνθρωπος
986 1891 1119 1962 (53),
1151 1892 1180 1943 6
1221 1895 1318 1946 καὶ
1354 1894 1436 1957 εἰς
1471 1894 1562 1947 τὸν
1608 1893 1859 1964 ’Υψιστοι

1968 1897 2110 1955 ειυε,
2149 1897 2205 1943 ει
2244 1888 2541 1944 cruciﬁxus
2587 1889 2958 1958 prtedicatur;
3006 1885 3243 1940 alterum
3293 1898 3447 1947 vero,
3496 1883 3551 1937 in

262 1980 457 2046 ἔξαλλα
495 1980 687 2035 λαλῶν
729 1982 826 2035 ἐπὶ
846 1979 948 2044 τῆς
974 1979 1081 2049 γῆς
1121 1980 1300 2051 ἄνομα
1334 1982 1579 2054 τολμήσῃ
1616 1984 1696 2047 εὶς
1718 1984 1866 2054 ἡμᾶς

262 2076 382 2138 τοὺς
415 2074 821 2145 Χριστιανοὺς,
847 2075 1047 2138 οἵτινες
1080 2075 1187 2128 ἀπὸ
1213 2074 1306 2128 τοῦ
1333 2074 1499 2145 νόμου
1526 2078 1621 2130 καὶ
1651 2075 1747 2129 τοῦ
1780 2076 1867 2129 λό-

261 2182 356 2233 γου
386 2166 482 2220 τοῦ
514 2166 842 2230 ἐπελθόντος
872 2167 981 2220 ἀπὸ
1013 2158 1365 2239 Ἰερουσαλὴμ
1388 2167 1501 2239 (55)
1527 2168 1614 2221 διὰ
1641 2167 1748 2222 τῶν
1772 2168 1863 2221 τοῦ

272 2256 449 2327 Ἰησοῦ
503 2256 832 2332 ἀποστόλων
882 2258 983 2329 τὴν
1035 2257 1344 2311 θεοσέϐειαν
1388 2259 1722 2327 ἐπιγνόντες,
1770 2263 1863 2314 ἐπὶ

260 2349 348 2403 τὸν
395 2350 537 2404 Θεὸν
598 2348 801 2402 Ἰακὼό
848 2350 946 2403 καὶ
989 2348 1121 2403 Θεὸν
1177 2349 1394 2423 Ἰσραὴλ
1448 2349 1860 2423 κατεφύγομεν·

259 2442 352 2494 καὶ
378 2444 428 2493 οἱ
462 2440 717 2510 πολέμου
760 2440 855 2493 καὶ
890 2439 1277 2509 ἁλληλοφονίας
1318 2444 1415 2495 καὶ
1443 2442 1624 2512 πάσης
1664 2442 1864 2508 κακίας

262 2540 716 2609 μεμεστωμένοι,
758 2538 868 2592 ἀπὸ
907 2538 1092 2609 πάσης
1120 2539 1216 2610 τῆς
1242 2540 1345 2607 γῆς
1380 2538 1446 2592 τὰ
1472 2538 1745 2609 πολεμικὰ
1772 2540 1864 2611 ὅρ-

260 2647 398 2697 γανα
438 2630 706 2695 ἕκαστος,
748 2630 847 2694 τὰς
897 2630 1174 2701 μαχαίρας
1227 2632 1308 2694 εὶς
1355 2630 1584 2703 ἄροτρα,
1625 2632 1721 2685 καὶ
1764 2632 1861 2696 τὰς

259 2719 487 2786 ζιϐὕνας
512 2723 599 2786 εἰς
631 2723 919 2793 γεωργικὰ
954 2720 1344 2792 μετεϐάλομεν,
1379 2723 1475 2776 καὶ
1505 2721 1863 2795 γεωργοῦμεν

258 2812 569 2877 εὐσέϐειαν,
618 2811 998 2884 δικαιοσύνην,
1044 2813 1475 2885 φιλανθρωπίαν,
1527 2814 1732 2878 πίστιν,
1777 2814 1864 2868 ἐλ-

262 2906 391 2958 πίδα
424 2904 526 2975 τὴν
561 2905 703 2977 παρ’
750 2904 917 2959 αὐτοῦ
953 2904 1048 2957 τοῦ
1089 2904 1305 2977 Πατρὸς
1341 2904 1429 2958 διὰ
1468 2905 1562 2958 τοῦ
1610 2923 1860 2977 σταυρω-

262 2993 465 3058 θέντος,
488 2995 601 3048 ὑπὸ
623 2996 727 3066 τὴν
749 2995 997 3065 ἄμπελον
1020 2997 1119 3066 τὴν
1152 2994 1345 3050 ἑαυτοῦ
1380 2995 1607 3060 ἕκαστος
1635 2995 1864 3061 καθεζό-

263 3105 438 3157 μενοι,
488 3088 748 3141 τουτέστι
804 3088 945 3160 μόνῃ
984 3090 1052 3158 τῇ
1104 3091 1325 3159 γαμετῇ
1371 3090 1591 3156 γυναικὶ
1633 3088 1862 3151 ἕκαστος

262 3178 559 3249 χρώμενοι.
611 3180 739 3232 Ὅτι
788 3179 898 3251 γάρ
946 3182 975 3233 6
1015 3180 1171 3249 λόγος
1222 3182 1251 3233 6
1302 3170 1640 3251 προφητικὸς
1692 3179 1859 3250 λέγει,

266 3288 285 3321 ι
327 3272 434 3325 Καὶ
460 3274 495 3343 ή
535 3270 681 3342 γυνὴ
710 3250 879 3325 αὐτοῦ
916 3270 995 3336 ὡς
1029 3272 1272 3343 ἄμπελος
1314 3250 1641 3343 εὖθηνοῦσα,
1684 3292 1704 3325 ι
1742 3272 1863 3326 ἐπί·
1891 3250 1934 3307 C

263 3361 483 3415 πασθε.
510 3362 628 3416 Καὶ
648 3364 736 3415 ὅτι
762 3363 864 3415 οὐκ
886 3362 1033 3417 ἔστιν
1056 3366 1084 3416 6
1107 3362 1358 3433 ἐκφοϐῶν
1390 3366 1485 3417 καὶ¹
1507 3363 1867 3433 δουλαγωγῶν

261 3453 415 3520 ἡμᾶς
442 3454 574 3517 τοὺς
614 3454 713 3505 ἐπὶ
738 3452 831 3506 τὸν
870 3451 1077 3523 Ἰησοῦν
1106 3453 1541 3519 πεπιστευκότας
1578 3454 1723 3508 κατὰ
1756 3457 1864 3509 πᾶ-

262 3568 361 3605 σαν
392 3554 497 3625 τὴν
522 3554 656 3623 γῆν,
699 3553 938 3626 φανερόν
979 3556 1116 3607 ἐστι.
1154 3555 1706 3627 Κεφαλοτομούμενοι
1734 3558 1863 3630 γὰρ,

261 3646 355 3696 καὶ
383 3642 815 3716 σ-εαυρούμενοι,
851 3647 947 3699 καὶ
984 3645 1197 3719 θηρίοις
1241 3647 1737 3720 παραϐαλλόμενοι,
1771 3652 1867 3704 καὶ

259 3733 483 3804 δεσμοῖς
520 3733 621 3788 καὶ
657 3734 821 3805 πυρὶ,
852 3736 948 3789 καὶ
985 3735 1189 3800 πάσαις
1218 3739 1338 3801 ταῖς
1364 3736 1552 3802 ἄλλαις
1590 3738 1864 3809 βασάνοις,

260 3826 340 3878 ὅτι
363 3827 470 3879 οὐκ
504 3824 866 3897 ἀφιστάμεθα
899 3825 999 3896 τῆς
1019 3827 1335 3898 ὁμολογίας,
1359 3829 1515 3899 δῆλόν
1546 3832 1693 3885 ἐστιν
1710 3848 1724 3861 ·
1749 3832 1865 3886 ἀλλ’

261 3918 483 3988 ὅσῳπερ
513 3918 583 3972 ἂν
610 3917 841 3971 τοιαῦτά
861 3935 981 3971 τινα
1009 3919 1248 3991 γίνηται,
1278 3920 1520 3993 τοσούτῳ
1544 3924 1744 3993 μᾶλλον
1769 3924 1865 3979 ἄλ-

264 4008 342 4061 λοι
382 4009 639 4074 πλείονες
680 4010 866 4063 πιστοὶ
906 4012 1001 4064 καὶ
1034 4010 1307 4076 θεοσεϐεῖς
1342 4011 1432 4067 διὰ
1467 4013 1561 4067 τοῦ
1601 4015 1864 4087 ὀνόματος

263 4099 353 4150 τοῦ
423 4098 605 4169 Ἰησοῦ
655 4100 961 4167 γίγνονται.
1026 4101 1264 4167 Ὀποῖον,
1316 4102 1413 4157 ἐὰν
1470 4104 1718 4175 ἀμπέλου
1781 4123 1864 4171 τις

265 4190 474 4261 ἐκτέμῃ
501 4191 574 4244 τὰ
597 4193 1103 4264 καρποφορήσαντα
1132 4194 1296 4265 μέρη,
1332 4195 1412 4260 εἰς
1432 4194 1494 4248 τὸ
1526 4195 1867 4268 ἀναϐλαστῆ-

264 4292 353 4329 σαι
391 4278 621 4348 ἐτέρους
653 4278 883 4345 κλάδους
924 4280 1019 4334 καὶ
1053 4282 1301 4347 εὐθαλεῖς
1333 4284 1430 4338 καὶ
1479 4287 1863 4359 καρποφόρους

264 4368 557 4423 ἀναδίδωσι
577 4387 591 4399 ·
624 4372 718 4423 τὸν
751 4372 918 4425 αὐτὸν
950 4374 1153 4445 τρόπον
1184 4378 1280 4429 καὶ
1312 4378 1397 4447 ἐφ’
1431 4378 1590 4448 ήμῶν
1628 4379 1858 4447 γίνεται.

275 4461 337 4513 Ἡ
365 4461 479 4533 γὰρ
502 4462 836 4531 φυτευθεῖσα
865 4465 970 4519 ὑπὸ
1001 4466 1097 4519 τοῦ
1123 4466 1260 4521 Θεοῦ
1284 4468 1529 4540 ἄμπελος
1553 4473 1649 4525 καὶ
1685 4473 1860 4544 σωτῆ-

267 4572 356 4624 ρος
394 4556 658 4625 Χριστοῦ,
706 4560 735 4611 6
783 4557 913 4622 λαὸς
943 4559 1111 4613 αὐτοῦ
1157 4564 1292 4615 ἐστι.
1346 4563 1429 4617 Τὰ
1472 4564 1529 4617 δὲ
1568 4564 1731 4619 λοιπὰ
1760 4566 1858 4636 τῆς

265 4646 607 4717 προφητείας
641 4649 699 4699 ὲν
729 4650 797 4717 τῇ
833 4647 1061 4721 δευτέρα
1086 4651 1251 4705 αὐτοῦ
1290 4654 1564 4726 παρουσία
1589 4656 1860 4727 ἀποϐήσε-

1967 1996 2079 2052 quo
2100 1995 2229 2035 cum
2261 1979 2434 2049 gloria
2462 1995 2495 2034 e
2531 1980 2688 2036 caelis
2718 1979 2917 2047 aderit,
2946 1978 3166 2049 quando
3197 1986 3253 2034 et
3295 1978 3554 2033 defectio-

1967 2072 2054 2128 nis
2082 2072 2246 2126 homo
2281 2069 2396 2143 (54)
2437 2072 2666 2141 grandia
2698 2072 2864 2126 etiam
2910 2073 3176 2127 adversus
3207 2070 3552 2127 Altissimum

1967 2163 2023 2217 in
2051 2164 2214 2218 terris
2240 2162 2489 2233 loquens,
2529 2162 2765 2218 nefanda
2812 2162 3035 2218 audebit
3071 2164 3125 2218 in
3156 2180 3255 2219 nos
3282 2162 3552 2219 Christiao

1966 2269 2090 2320 nos,
2124 2256 2218 2325 qui
2251 2263 2536 2325 postquam
2568 2270 2635 2310 ex
2659 2255 2777 2326 lege
2798 2264 2854 2310 ει
2877 2256 3128 2310 doctrina
3154 2255 3551 2327 Hierosolymis

1966 2359 2188 2418 egressa
2228 2349 2505 2402 rationem
2551 2348 2766 2404 colendi
2812 2349 2909 2403 Dei
2949 2364 3047 2417 per
3088 2349 3367 2419 apostolos
3414 2347 3551 2405 Jesu

1967 2441 2346 2509 cognovimus,
2378 2441 2445 2496 ad
2478 2440 2646 2495 Deum
2674 2439 2846 2497 Jacob
2874 2450 2931 2496 et
2963 2442 3133 2495 Deum
3168 2441 3332 2496 lsrael
3362 2437 3553 2496 confu-

1965 2531 2175 2602 gimus;
2208 2542 2260 2588 et
2285 2533 2378 2602 qui
2419 2532 2558 2589 bello
2592 2544 2649 2589 et
2675 2533 2878 2588 mutuis
2919 2533 3160 2588 caedibus
3194 2541 3251 2587 et
3285 2533 3552 2602 improbi-

1976 2632 2086 2679 tate
2112 2625 2261 2680 omni
2303 2624 2566 2680 cumulati
2598 2639 2840 2691 eramus,
2874 2625 2926 2679 in
2961 2634 3076 2679 toto
3110 2636 3379 2679 terrarum
3418 2624 3553 2678 orbe

1966 2715 2325 2772 instrumenta
2352 2718 2584 2789 quisque
2610 2719 2831 2782 bellica,
2864 2733 3024 2774 enses
3066 2718 3119 2772 in
3152 2733 3427 2781 vomeres,
3453 2718 3552 2771 ha-

1967 2818 2082 2863 stas
2108 2809 2161 2863 in
2193 2811 2431 2881 agrestia
2456 2826 2608 2864 arma
2635 2812 2991 2875 mutavimus,
3026 2826 3356 2880 aramusque
3379 2811 3552 2881 pieta-

1964 2911 2097 2967 tem,
2144 2902 2436 2971 justitiam,
2493 2904 2910 2972 humanitatem,
2956 2905 3141 2969 ﬁdem,
3195 2919 3351 2974 spem
3402 2903 3551 2957 illam

1963 3008 2084 3063 quae
2113 3006 2199 3049 εει
2232 3010 2263 3049 a
2308 2995 2470 3050 Patre
2503 3011 2600 3065 per
2635 3011 2761 3050 eum
2799 2996 2891 3065 qui
2944 2996 3243 3051 cruciﬁxus
3287 3003 3403 3062 est;
3449 2994 3551 3049 sub

1965 3100 2061 3142 sua
2092 3088 2327 3157 quisque
2351 3089 2461 3143 vite
2502 3088 2778 3153 sedentes,
2810 3089 2863 3143 id
2892 3096 2977 3143 est
3006 3088 3121 3143 sola
3151 3088 3385 3158 quisque
3416 3086 3552 3158 legi-

1969 3180 2101 3234 tima
2131 3195 2304 3236 uxore
2349 3190 2587 3235 utentes.
2618 3180 2773 3248 Quod
2814 3180 2961 3234 enim
2997 3183 3223 3235 verbum
3270 3180 3552 3249 propheti-

1969 3285 2091 3325 cum
2114 3271 2280 3325 dicit:
2314 3288 2333 3322 ι
2370 3271 2435 3324 Ει
2466 3286 2601 3326 uxor
2626 3272 2744 3339 ejus
2769 3271 2908 3324 sicut
2938 3270 3063 3324 vitis
3091 3272 3378 3325 abundans
3412 3271 3492 3336 ⁷⁷,
3522 3287 3543 3324 ι

1972 3361 2024 3415 id
2053 3361 2209 3415 vobis
2236 3368 2579 3429 perspectum
2607 3367 2711 3413 est.
2743 3356 3029 3412 Neminem
3066 3366 3250 3412 autem
3284 3370 3428 3420 esse,
3453 3356 3547 3425 qni

1970 3466 2069 3507 nos
2096 3452 2149 3506 in
2180 3450 2363 3507 Jesum
2392 3466 2489 3522 per
2525 3461 2697 3506 totum
2724 3450 2913 3505 orbem
2944 3458 3219 3505 terrarum
3261 3448 3549 3504 credentes

1969 3553 2267 3612 exterreat,
2315 3556 2370 3600 et
2420 3546 2475 3600 in
2520 3545 2843 3601 servitutem
2889 3543 3130 3613 redigat,
3188 3543 3246 3597 in
3294 3550 3548 3611 promptu

1969 3645 2073 3691 est.
2107 3632 2243 3689 Dum
2287 3636 2432 3691 enim
2472 3636 2651 3704 gladio
2692 3634 3056 3705 pcrcutimur,
3102 3633 3230 3687 dum
3270 3631 3550 3702 cruciﬁgi-

1970 3742 2110 3792 mur,
2142 3728 2269 3783 dum
2300 3727 2430 3782 feris
2456 3728 2731 3782 tradimur
2752 3737 2807 3782 et
2836 3726 3074 3781 vinculis
3104 3736 3158 3781 et
3193 3726 3302 3796 igni
3341 3740 3397 3780 et
3431 3741 3550 3781 om-

1967 3821 2128 3877 nibus
2160 3821 2281 3876 aliis
2304 3820 2589 3876 tormentis
2610 3861 2625 3887 ,
2654 3835 2683 3874 a
2708 3819 3078 3885 confessione,
3107 3827 3169 3873 ut
3196 3818 3547 3873 manifestum

1968 3922 2074 3977 est,
2122 3928 2229 3974 non
2274 3915 2624 3973 discedimus.
2668 3914 2775 3968 Sed
2815 3921 3022 3983 quanto
3056 3914 3229 3983 magis
3263 3912 3551 3984 magisque

1969 4004 2097 4059 talia
2139 4006 2298 4061 nobis
2340 4006 2684 4079 inﬁiguntur,
2718 4019 2783 4061 eo
2829 4005 3014 4074 plures
3058 4004 3149 4060 alii
3200 4020 3298 4075 per
3351 4020 3548 4059 nomen

1966 4096 2093 4153 Jesu
2133 4097 2321 4154 ﬁdeles
2364 4108 2420 4155 et
2466 4099 2540 4170 pii
2582 4098 2740 4153 ﬁunt.
2791 4098 3259 4166 Quemadmodum
3302 4098 3449 4166 vitis,
3501 4098 3550 4153 si

1967 4191 2088 4259 quis
2118 4200 2300 4260 partes
2328 4193 2449 4247 illas
2487 4202 2730 4263 amputet
2763 4207 2884 4261 quae
2935 4192 3173 4248 fructum
3220 4190 3425 4256 ferunt,
3472 4190 3549 4244 ita

1966 4282 2205 4351 proﬁcit,
2239 4293 2297 4336 ut
2330 4284 2468 4339 alios
2513 4282 2775 4338 ﬂorentes
2816 4293 2872 4338 et
2928 4282 3246 4338 fructiferos
3290 4284 3545 4353 palmites

1965 4389 2154 4428 rursus
2182 4373 2457 4445 proferat;
2503 4374 2668 4448 204
2707 4376 2850 4430 idem
2896 4375 3057 4430 nobis
3085 4388 3304 4443 quoque
3334 4374 3542 4428 evenit.

1964 4465 2211 4520 Plantata
2242 4468 2387 4521 enim
2419 4482 2450 4521 a
2486 4467 2597 4523 Deo
2619 4478 2675 4522 et
2707 4467 2993 4523 Salvatore
3023 4466 3246 4522 Christo
3269 4466 3417 4533 vitis,
3450 4480 3544 4533 po-

1966 4559 2123 4628 pulus
2146 4559 2264 4630 ejus
2288 4569 2390 4615 est.
2420 4559 2707 4629 Reliquum
2739 4569 2921 4614 autem
2952 4559 3256 4629 prophetia:
3285 4558 3339 4612 in
3372 4557 3547 4611 altero

1965 4653 2084 4722 ejus
2126 4654 2362 4708 adventu
2394 4654 2460 4708 ad
2504 4652 2755 4707 eﬁectum
2796 4652 3147 4721 perducetur.
3191 4649 3330 4705 lllud
3374 4651 3542 4711 enim,

265 4754 370 4788 ται.
415 4737 527 4806 Τὴν
581 4739 692 4807 γάρ
742 4758 762 4791 ι
808 4740 1246 4815 ἐκτεθλιμμένην
1298 4743 1433 4817 (56),
1488 4764 1505 4796 ι
1558 4726 1854 4814 τουτέστιν,

1969 4766 1988 4799 ι
2022 4745 2291 4815 angustiis
2316 4743 2589 4811 affectam,
2624 4764 2642 4796 ι
2672 4744 2811 4798 hanc
2835 4745 2997 4799 habet
3020 4740 3345 4798 sententiam
3375 4742 3540 4811 quod,

266 4828 374 4879 ἀπὸ
405 4827 499 4879 τοῦ
530 4827 742 4899 κόσμου
770 4830 893 4884 ὅσον
922 4833 1008 4901 ἐφ’
1039 4833 1169 4903 ὑμῖν
1207 4838 1302 4889 καὶ
1344 4839 1454 4902 τοῖς
1487 4837 1667 4902 ἄλλοις
1707 4839 1854 4894 ἅπα-

372 4982 418 5013 "
461 4981 610 5038 Psal.
647 4998 859 5050 cxxvn,
892 4984 947 5040 5.

343 5138 455 5203 (52)
503 5138 647 5191 Τότε
688 5140 1122 5209 γνωσθήσεται.
1164 5141 1375 5197 Similia
1417 5143 1709 5214 jactitabat
1735 5145 1851 5215 ipse

274 5207 497 5262 Trvobo
536 5226 592 5262 n.
625 5210 681 5262 8.

324 5224 497 5280 rypoo
536 5226 592 5262 n.
625 5224 681 5280 ιςἐ

344 5275 457 5345 (53)
510 5280 577 5351 ’ρ
608 5275 719 5347 τῆς
760 5279 1141 5351 (ἐπιστασίας
1165 5282 1491 5351 ἄνθρωπος.
1524 5284 1643 5341 Vill.
1684 5300 1738 5339 n.
1765 5285 1857 5339 ⁸52.

344 5351 461 5417 (54)
504 5347 743 5415 Quando
771 5360 819 5402 et
858 5347 1171 5417 defectionis
1208 5347 1387 5414 homo.
1426 5347 1534 5408 etc.
1569 5354 1661 5409 Sic
1688 5356 1856 5410 etiam

274 5420 427 5474 reddi
460 5428 651 5488 potest
683 5419 773 5473 hic
804 5418 997 5473 locus:
1026 5420 1264 5477 Grandia
1292 5426 1452 5477 etiam
1486 5424 1737 5479 adversus
1764 5426 1859 5478 Αι-

272 5490 538 5542 ιὶιεὶηηιηι
576 5491 819 5558 loquens,
858 5490 915 5541 in
936 5492 1091 5545 terris
1130 5493 1361 5555 nefanda
1407 5495 1624 5548 audebit
1673 5496 1728 5549 in
1763 5513 1855 5551 nos

274 5558 636 5616 Christianos.
670 5559 750 5612 Ex
783 5559 1063 5615 Addendis
1089 5570 1141 5615 et
1175 5563 1401 5618 Emend.

348 5630 463 5698 (55)
516 5629 653 5682 Ἀπὸ
695 5628 1102 5700 Ἰερουσαλήμ.
1135 5633 1288 5687 "unc
1316 5633 1492 5687 locum
1532 5634 1591 5688 S.
1624 5636 1854 5692 lrenmns

275 5700 403 5771 data
427 5715 600 5771 opera
634 5700 906 5771 imitatur.
939 5700 1053 5771 [εἰ
1079 5713 1258 5758 autem
1290 5702 1561 5759 libertatis
1596 5707 1679 5762 lex
1704 5747 1720 5771 ,
1768 5709 1852 5761 in-

277 5770 401 5844 quit
426 5769 521 5822 lib.
556 5768 837 5844 rv,_c.‘_?_)4,
876 5769 1018 5844 n.6,
1048 5772 1099 5825 id
1126 5783 1207 5827 est
1238 5775 1461 5827 Verbum
1501 5774 1594 5829 Dei
1626 5768 1850 5844 ab'apo-

278 5840 457 5915 stolis,
485 5842 578 5907 qni
612 5842 681 5893 ab
710 5839 1054 5915 Hierusalem
1079 5845 1353 5906 exierunt,
1378 5839 1769 5901 annuntiatqu
1790 5846 1842 5902 in

282 5912 590 5966 universam
626 5920 829 5965 terram
964 5918 1172 5969 tantum
1207 5916 1717 5971 transmutationcm
1757 5920 1838 5972 [υ-

1965 4851 2230 4911 quantum
2263 4840 2317 4895 in
2364 4840 2518 4895 vobis
2557 4848 2641 4895 est
2670 4849 2726 4894 ct
2759 4837 2973 4894 cancris
3016 4836 3275 4893 omnibus
3303 4836 3542 4892 bomini-

1960 5148 2062 5231 cit,
2096 5155 2156 5201 ut
2203 5147 2412 5231 gladios
2447 5159 2500 5231 et
2536 5150 2758 5231 lanceas
2790 5149 3109 5231 bellatorias
3150 5148 3424 5231 inparatra
3459 5147 3542 5201 fa-

1958 5217 2253 5273 bricaverit
2288 5220 2422 5286 ipse,
2453 5230 2507 5274 et
2536 5222 2587 5274 in
2632 5221 2820 5285 falces,
2855 5237 2975 5288 qua:
3012 5220 3232 5274 donavit
3257 5222 3323 5273 ad
3357 5221 3541 5273 deme-

1961 5288 2192 5360 tendum
2218 5289 2575 5357 frumentnrn,
2605 5292 2657 5344 in
2704 5307 2910 5360 organa
2944 5290 3175 5359 paciﬁca
3219 5290 3540 5360 demutave—

1960 5357 2056 5423 rit,
2086 5368 2141 5411 et
2172 5358 2287 5429 jam
2322 5361 2574 5430 nesciunt
2609 5357 2870 5430 pugnare,
2900 5357 3001 5430 sed
3025 5360 3270 5430 percussi
3313 5368 3367 5412 et
3396 5359 3537 5415 alte-

1959 5442 2077 5482 ram
2107 5428 2353 5497 prazbent
2381 5428 2704 5495 maxillainf
2720 5445 2827 5485 non
2860 5431 2927 5485 de
2956 5428 3139 5498 aliquo
3173 5429 3277 5485 alio
3307 5430 3541 5498 prophe-

1959 5498 2308 5569 tzedixerunt
2339 5500 2477 5559 haec,
2512 5504 2606 5555 sed
2638 5501 2704 5555 de
2740 5514 2806 5554 eo
2841 5501 2934 5569 qui
2966 5498 3098 5554 fecit
3135 5515 3223 5554 ea.
3267 5519 3285 5551 ι
3326 5500 3537 5555 Similia

1965 5566 2228 5624 habemus
2262 5573 2402 5638 apud
2439 5570 2835 5624 Tertullianum
2858 5566 2969 5623 ’Iib.
3004 5570 3127 5623 adv.
3167 5569 3301 5625 Jud.
3330 5587 3382 5625 c.
3408 5570 3461 5623 5.

2033 5638 2148 5709 (56)
2209 5639 2328 5709 Τὴν
2382 5640 2494 5711 γὰρ
2547 5640 3036 5710 ἐκτεθλιμμένην.
3094 5638 3195 5711 Ηῖε
3252 5641 3537 5697 brevitatis

1960 5722 2121 5763 causa
2169 5709 2558 5783 omissa‘sunt
2588 5709 2893 5780 sequentia,
2943 5711 3037 5783 κα).
3090 5709 3425 5783 ἐξωσμένην,
3466 5712 3535 5783 ad

1956 5793 2075 5845 quae
2098 5780 2436 5847 patissimum
2476 5781 2790 5835 referuntur
2841 5796 2962 5850 quae
3003 5780 3251 5837 Justinus
3281 5780 3535 5837 de'Chri-

1954 5850 2149 5906 stianis
2190 5860 2301 5907 toto
2332 5852 2463 5909 orbe
2489 5852 2729 5925 expulsis
2756 5853 2997 5915 disserit.
