3954 6258
446 376 544 433 731

1390 369 1449 427 S.
1486 368 1751 425 JUSTINI
1787 366 2192 425 I‘IIILOSOPIII
2232 367 2319 423 ΕΤ
2351 367 2710 425 MARTYRIS

3602 377 3702 433 739

444 498 564 557 bus,
598 508 703 548 non
750 489 927 545 solum
976 503 1045 545 ex
1094 489 1333 561 prepriis
1378 486 1820 553 possessionibus
1852 501 2000 540 unus

2127 504 2212 541 σιν
2252 488 2589 559 ἀνθρώποις,
2640 490 2700 543 οὐ
2746 490 2907 561 μόνον
2956 489 3065 544 ἀπὸ
3108 490 3214 544 τῶν
3258 491 3549 561 κτημάτων
3597 494 3699 549 τῶν

443 589 675 658 quisque
732 583 1171 639 Christianorum
1225 581 1544 651 expellitur,
1596 580 1689 634 sed
1734 581 1900 633 etiam
1949 592 2019 633 ex

444 689 557 733 toto
584 690 855 731 terrarum
885 674 1039 739 orbe,
1067 689 1167 729 nec
1210 673 1302 727 ulli
1340 672 1662 728 Christiano
1689 673 1856 725 vitam
1886 671 2021 726 libe-

444 785 560 824 ram
608 767 943 837 relinquitis.
992 765 1100 821 Vos
1138 774 1320 819 autem
1374 764 1426 818 in
1474 763 1729 833 pupulum
1779 770 2018 816 vestrmn

2126 580 2291 645 ίδίων,
2319 582 2548 646 ἕκαστος
2576 582 2684 636 τῶν
2711 584 3049 655 Χριστιανῶν
3075 584 3418 655 ὲκϐέϐληται,
3443 584 3579 639 ἀλλά
3607 588 3698 641 καὶ

2120 672 2212 726 τοῦ
2257 672 2462 745 κόσμου
2510 675 2731 740 παντὸς,
2778 676 2877 747 ζῇν
2918 677 3106 748 μηδενὶ
3152 676 3461 749 Χριστιανῷ
3493 694 3698 748 συγχω-

2125 762 2342 834 ροῦντες
2375 764 2508 835 (57).
2560 765 2751 837 Ὑμεῖς
2779 766 2837 819 δὲ
2877 768 2970 820 ἐπὶ
3007 767 3098 819 τὸν
3137 766 3265 821 λαὸν
3305 766 3462 838 ὑμῶν
3501 767 3699 837 συμϐε-

440 863 557 917 Ιιιιιο
584 866 833 917 evenisse
868 861 1084 926 dicitis;
1120 859 1213 929 qui
1260 858 1506 929 quidem,
1552 858 1596 911 si
1630 857 1841 926 expulsi
1887 855 2000 911 esti:

2120 852 2347 923 ϐηκέναι
2372 853 2529 907 τοῦτό
2550 872 2707 923 φατε.
2742 856 2806 908 Et
2835 855 2890 909 δὲ
2927 855 3248 927 ἐξεϐλήθητε
3278 858 3696 930 πολεμηθέντες,

437 953 579 1009 bello
602 954 865 1021 superati,
906 954 1103 1007 merito
1132 953 1247 1007 ιιωο
1278 953 1423 1021 passi
1452 951 1610 1014 estis,
1641 962 1700 1003 ut
1724 949 2000 1019 Scriptura

2118 945 2340 1012 δικαίως
2376 948 2475 1019 μὲν
2510 949 2669 1018 ὑμεῖς
2710 948 2887 1003 ταῦτα
2928 950 3255 1011 πεπόνθατε,
3284 951 3360 1015 ὡς
3390 954 3445 1004 αἱ
3487 951 3699 1022 Γραςραὶ

433 1062 627 1099 οιιιιιθε
651 1054 945 1099 testantur.
995 1045 1106 1100 Nos
1132 1052 1314 1100 autem
1353 1044 1444 1113 qui
1479 1043 1613 1097 nihil
1643 1043 1755 1097 tale
1787 1042 2017 1096 commi-

435 1138 630 1202 simus,
670 1149 956 1206 postquam
999 1138 1285 1191 veritatem
1327 1136 1421 1190 Dei
1466 1136 1844 1205 cognovimus,
1897 1150 2015 1200 nos,

434 1228 681 1298 inquam,
726 1239 960 1284 testatur
990 1230 1135 1284 Deus
1180 1242 1285 1281 una
1315 1244 1438 1282 cum
1469 1228 1774 1297 justissima
1802 1239 1855 1283 et
1902 1230 2016 1283 solo

435 1311 762 1373 intaminato
808 1328 862 1372 et
911 1329 1136 1372 carente
1182 1318 1429 1387 peccatis
1480 1317 1699 1373 Clu-isto
1756 1334 1786 1372 e
1838 1318 2016 1373 medio

435 1410 571 1463 tolli.
605 1411 814 1465 Clamat
843 1411 986 1465 enim
1031 1409 1235 1463 Isaias:
1294 1428 1315 1460 ε
1364 1409 1509 1464 Ecce
1553 1410 1828 1478 quomodo
1872 1412 2015 1479 perit

425 1499 606 1569 justus
629 1513 683 1557 et
706 1517 861 1557 nemo
886 1502 1115 1571 percipit
1141 1501 1335 1567 corde;
1365 1508 1421 1556 et
1440 1501 1539 1555 viri
1562 1500 1691 1569 justi
1721 1502 2011 1573 tolluntur,

431 1603 486 1650 at
510 1610 671 1650 nemo
695 1595 1006 1649 considerat
1035 1595 1115 1647 ⁷⁸.
1156 1614 1175 1648 ι

504 1686 625 1741 Ill.
688 1686 804 1739 Duo
855 1687 1113 1741 adventus
1162 1704 1256 1754 per
1290 1691 1425 1742 duo:
1472 1688 1648 1742 hircos
1700 1688 2009 1759 signiﬁcati.

429 1778 565 1831 Alite
608 1778 796 1848 ﬁgura:
835 1777 995 1846 primi
1024 1780 1298 1843 adventus,
1345 1781 1405 1833 ire
1433 1796 1537 1848 quo
1566 1795 1660 1849 per
1696 1780 2007 1848 sanguinem

426 1867 627 1922 Christi
667 1878 843 1939 gentes
883 1868 1141 1921 liberata.
1179 1898 1251 1907 —
1283 1868 1360 1923 Ac
1412 1870 1548 1923 duos
1586 1868 1803 1936 quidem
1850 1868 2010 1934 hujus

423 1961 625 2015 Christi
657 1963 923 2021 adventus
956 1976 1155 2016 arcane
1183 1961 1347 2015 etiam
1374 1959 1575 2031 Moysis
1607 1969 1847 2029 tempore
1873 1976 2011 2029 pne-

422 2053 599 2108 dictos
645 2052 837 2119 fuisse,
891 2055 1005 2122 jam
1060 2068 1125 2107 ex
1177 2054 1332 2121 signo
1379 2054 1653 2107 hircorum
1706 2052 1758 2105 in
1804 2050 2011 2119 jejunio

426 2144 736 2205 oblatarum
776 2144 1167 2200 demonstravi.
1202 2144 1266 2198 Et
1298 2158 1512 2198 rursum
1572 2145 1627 2198 iu
1673 2144 1738 2197 iis
1772 2159 1892 2213 qua:
1921 2143 2012 2199 Je-

421 2254 517 2294 sus
541 2249 594 2293 et
624 2239 835 2312 Moyses
866 2239 1133 2305 fecerunt,
1169 2239 1311 2293 idem
1350 2253 1550 2292 arcane
1586 2239 2008 2308 praenuntiatum

419 2340 478 2386 et
533 2332 740 2387 dictum
793 2342 896 2387 est.
949 2332 1107 2385 Alter
1156 2332 1302 2386 enim
1353 2332 1610 2401 expansis
1660 2331 1913 2385 manibus
1955 2331 2007 2384 in

419 2424 556 2479 colle
601 2425 667 2478 ad
716 2438 999 2492 vesperam
1049 2438 1218 2493 usque
1262 2425 1581 2492 permansit,
1615 2438 1737 2477 cum
1809 2436 2007 2477 manus

419 2515 539 2583 ejus
581 2524 1041 2582 sustentarentur,
1086 2516 1231 2585 quod
1279 2532 1410 2571 sane
1444 2516 1647 2570 nullam
1682 2516 1843 2569 aliam
1902 2516 2006 2570 nisi

419 2608 600 2663 crucis
648 2606 874 2677 figuram
906 2608 1150 2662 exhibet.
1192 2608 1347 2661 Alter
1390 2617 1571 2663 autem
1614 2605 1743 2662 Jesu
1778 2607 1997 2661 nomine

419 2700 859 2768 cognominatus,
892 2701 998 2753 dux
1026 2708 1144 2755 erat
1170 2716 1384 2771 pugnae,
1425 2710 1481 2754 et
1530 2702 1698 2756 Israel
1730 2702 2004 2756 vincebat.

419 2789 548 2843 Illud
570 2792 733 2845 etiam
760 2793 811 2844 in
842 2792 1106 2846 ambobus
1136 2791 1245 2846 illis
1276 2791 1483 2845 sanctis
1509 2792 1641 2846 viris
1666 2801 1719 2844 et
1749 2792 1843 2846 Dei
1877 2807 2005 2860 pro-

416 2880 596 2949 phetis
630 2880 833 2935 factum
868 2880 1176 2951 intelligere
1202 2890 1309 2947 est,
1359 2897 1551 2951 nempe
1594 2885 1698 2935 duo
1743 2882 1831 2935 illa
1888 2898 2006 2953 my-

418 2970 612 3037 steria,
656 2984 911 3026 neutrum
948 2971 1163 3027 illorum
1204 2983 1422 3042 portare
1447 2974 1622 3028 solum
1657 2975 1921 3043 potuisse,
1953 2975 2004 3031 id

415 3071 501 3118 est
520 3064 723 3130 crucis,
751 3074 806 3119 et
830 3066 1172 3135 cognominis
1201 3066 1437 3136 impositi
1465 3068 1706 3137 signum.
1735 3067 1831 3122 Est
1854 3068 2003 3121 enim

413 3165 472 3209 et
502 3162 623 3211 erat
649 3165 705 3211 et
731 3158 839 3211 erit
872 3157 1033 3212 unius
1060 3174 1125 3213 ac
1156 3159 1325 3215 solius
1360 3160 1463 3213 ista
1488 3160 1593 3228 vis,
1619 3158 1771 3228 cujus
1798 3160 1883 3215 vel
1904 3176 1998 3213 uno

2122 1038 2289 1091 πᾶσαι
2338 1040 2739 1111 μαρτυροῦσιν
2782 1043 2943 1112 ἡμεῖς
2979 1041 3054 1105 δὲ,
3094 1042 3246 1095 οὐδὲν
3284 1043 3517 1097 τοιοῦτον
3561 1042 3704 1115 πράσ-

2118 1128 2309 1195 ξαντες
2356 1133 2495 1201 μετὰ
2533 1133 2593 1186 τὸ
2636 1133 2933 1201 ἐπιγνῶναι
2979 1134 3368 1206 τὴν-ἀλήθειαν
3403 1136 3496 1189 τοῦ
3538 1134 3699 1200 Θεοῦ,

2120 1220 2549 1293 μαρτυρούμεθα
2587 1222 2692 1275 ὑπὸ
2721 1222 2815 1279 τοῦ
2841 1221 2996 1287 Θεοῦ,
3031 1224 3126 1276 σὺν
3154 1224 3230 1295 τῷ
3258 1226 3577 1296 δικαιοτάτῳ
3602 1225 3703 1279 καὶ

2120 1312 2269 1382 μόνῳ
2305 1314 2520 1385 ἀσπίλῳ
2554 1318 2646 1370 καὶ
2676 1317 3047 1387 ἀναμαρτήτῳ
3068 1317 3308 1388 Χριστῷ,
3344 1320 3424 1371 ὅτι
3460 1319 3566 1372 ἀπὸ
3591 1318 3700 1386 γῆς

2116 1404 2387 1474 αἰρόμεθα
2411 1406 2547 1478 (58).
2571 1408 2679 1479 Βοᾷ
2703 1410 2814 1481 γὰρ
2849 1409 3096 1472 Ἡσαΐας,
3119 1429 3149 1459 ιη
3180 1409 3308 1462 Ἰδοὺ
3338 1410 3411 1474 ὡς
3439 1411 3467 1462 ὁ
3489 1410 3700 1474 δίκαιος

2116 1498 2384 1563 ἀπώλετο,
2417 1502 2510 1554 καὶ
2555 1502 2731 1567 οὐδεὶς
2775 1502 3052 1573 ἐκδέχεται
3094 1505 3159 1574 τῇ
3194 1502 3423 1574 καρδίᾳυ
3470 1505 3565 1556 καὶ
3602 1504 3702 1556 ἆν-

2113 1592 2237 1663 δρες
2273 1591 2469 1645 δίκαιοι
2512 1592 2781 1665 αἴρονται,
2818 1595 2912 1647 καὶ
2945 1596 3119 1660 οὐδεὶς
3148 1598 3419 1649 κατανοεῖ.
3456 1616 3474 1647 ι

2189 1682 2310 1735 111.
2352 1684 2463 1737 Καὶ
2490 1686 2571 1737 ὅτι
2608 1685 2701 1738 δύο
2738 1687 3043 1757 παρουσίας
3081 1688 3425 1759 συμϐολικῶς
3469 1689 3703 1760 γενήσε-

2113 1774 2237 1829 σθαι
2260 1775 2445 1829 τούτου
2470 1777 2561 1829 τοῦ
2589 1778 2826 1849 Χριστοῦ
2860 1779 2956 1833 καὶ
2990 1779 3083 1831 ἐπὶ
3114 1779 3385 1845 Μωῦσέως
3417 1781 3530 1852 (59)
3564 1798 3702 1852 προ-

2045 1850 2086 1909 Β
2114 1867 2348 1935 ελέγετο,
2375 1872 2632 1942 προεῖπον
2655 1869 2743 1924 διὰ
2765 1869 2857 1923 τοῦ
2884 1871 3151 1942 συμϐόλου
3174 1872 3282 1925 τῶν
3304 1876 3362 1926 ὲν
3385 1878 3451 1946 τῇ
3474 1850 3703 1945 νηστείᾳ

2118 1962 2589 2033 προσφερομένων
2620 1962 2855 2034 τράγων.
2902 1964 3012 2017 Καὶ
3044 1965 3205 2019 πάλιν
3232 1968 3289 2019 ἐν
3314 1961 3396 2031 οἷς
3435 1969 3703 2039 ἐποίησαν

2114 2056 2355 2124 Μωῦσῆς
2384 2056 2479 2109 καὶ
2513 2055 2738 2126 Ἰησοῦς,
2771 2056 2833 2109 τὸ
2858 2057 2990 2110 αὐτὸ
3017 2060 3536 2130 προκηρυσσόμενον
3562 2078 3705 2132 συμ-

2113 2145 2343 2210 ϐολικῶς
2378 2142 2465 2217 ἦν,
2501 2147 2593 2199 καὶ
2623 2146 2935 2217 λεγόμενον.
2984 2147 3041 2200 '0
3075 2148 3174 2218 μὲν
3218 2148 3328 2220 γὰρ
3366 2148 3566 2225 αὐτων,
3599 2150 3702 2213 τὰς

2112 2242 2298 2311 χεῖρας
2348 2239 2613 2304 ἐκτείνας,
2669 2240 2763 2292 ἐπὶ
2822 2237 2917 2294 τοῦ
2970 2239 3160 2310 βουνοῦ
3220 2241 3412 2311 μέχρις
3457 2241 3702 2313 ἑσπέρας

2111 2332 2319 2403 ἔμενεν,
2360 2331 2881 2404 ὑποϐασταζομένων
2915 2331 3021 2386 τῶν
3052 2331 3277 2403 χειρῶν
3309 2332 3339 2385 δ
3367 2333 3581 2397 οὐδενὸς
3612 2334 3703 2388 ἄλο

2110 2425 2203 2478 λου
2232 2425 2399 2479 τύπον
2436 2425 2707 2479 δείκνυσιν
2744 2426 2777 2496 ἢ
2804 2424 2899 2478 τοῦ
2930 2425 3165 2497 σταυροῦ
3186 2443 3200 2456 °
3231 2428 3263 2480 ὸ
3293 2425 3372 2490 δὲ,
3394 2426 3475 2497 τῷ
3520 2427 3700 2497 Ἰησοῦ

2109 2519 2335 2589 ὀνόματι
2374 2519 2819 2590 μετονομασθεὶς,
2850 2514 2988 2590 ἦρχε
3022 2518 3125 2588 τῆς
3175 2518 3375 2590 μάχης,
3411 2518 3507 2573 καὶ
3541 2520 3703 2572 ἐνίκα

2122 2612 2355 2683 Ἰσραήλ.
2388 2608 2496 2664 ΊΓΗν
2521 2611 2577 2664 δὲ
2607 2611 2701 2663 καὶ
2728 2611 2884 2664 τοῦτο
2907 2612 2993 2665 ἐπ’
3032 2612 3356 2683 ἀμφοτέρων
3388 2611 3497 2665 τῶν
3527 2612 3703 2680 ἁγίων

2109 2704 2318 2775 ἀνδρῶν
2353 2704 2594 2769 ἐκείνων,
2622 2705 2715 2756 καὶ
2753 2703 3043 2774 προφητῶν
3082 2703 3175 2756 τοῦ
3203 2703 3339 2757 Θεοῦ
3370 2703 3562 2773 νοῆσαι
3601 2721 3700 2773 γε·

2107 2794 2427 2865 γενημένον,
2456 2795 2538 2847 ὅτι
2562 2795 2847 2865 ἀμφότερα
2883 2794 2953 2847 τὰ
2984 2795 3258 2866 μυστήρια
3288 2787 3368 2857 εἷς
3390 2794 3570 2848 αὐτῶν
3602 2794 3703 2864 βα-

2110 2887 2303 2940 στάσαι
2327 2887 2425 2939 οὐκ
2460 2881 2529 2958 ἦν
2554 2886 2777 2951 δυνατός
2796 2902 2809 2916 ⁸
2840 2884 2985 2951 λέγω
3005 2886 3063 2938 δὲ
3089 2885 3183 2937 τὸν
3202 2884 3371 2937 τύπον
3411 2885 3503 2938 τοῦ
3530 2902 3701 2937 σταυ-

2109 2976 2201 3049 ροῦ
2243 2976 2336 3030 καὶ
2380 2974 2472 3029 τὸν
2512 2974 2682 3028 τύπον
2726 2975 2824 3045 τῆς
2874 2973 2971 3027 τοῦ
3012 2973 3278 3045 ὀνόματος
3331 2974 3695 3045 ἐπικλήσεως.

2119 3068 2267 3134 Ἑνὸς
2306 3066 2415 3139 γὰρ
2455 3066 2620 3139 μόνου
2662 3069 2695 3137 η
2737 3068 2890 3137 ἰσχὺς
2936 3066 3074 3137 αὕτη
3128 3068 3267 3130 ἐστὶ,
3322 3068 3416 3119 καὶ
3464 3062 3555 3137 ἦν,
3602 3068 3700 3120 καὶ

2106 3159 2277 3221 ἔσται,
2309 3154 2370 3213 οὗ
2395 3157 2491 3211 καὶ
2523 3158 2583 3211 τὸ
2609 3157 2782 3227 ὄνομα
2821 3158 2970 3210 πᾶσα
3000 3157 3143 3228 ἀρχὴ
3193 3156 3302 3228 (60)
3338 3157 3530 3220 δέδιεν,
3567 3156 3696 3209 ὠδί-

417 3262 539 3301 men
570 3248 911 3318 principatus
942 3252 1121 3306 omnis
1151 3252 1495 3317 reformidat,
1536 3252 1821 3308 tabescens
1852 3255 1995 3322 quod

2110 3268 2267 3305 νουσα
2300 3252 2382 3305 ὃτι
2417 3250 2486 3303 δι’
2522 3250 2685 3304 αὐτοῦ
2712 3249 3087 3317 ,καταλύεσθαι
3132 3250 3435 3320 μέλλουσιν.
3506 3250 3564 3303 '0
3601 3246 3697 3303 οῦν

414 3355 513 3409 per
542 3340 691 3395 illum
725 3346 1054 3399 evertendas
1086 3346 1176 3399 sit.
1212 3344 1407 3400 Noster
1437 3345 1605 3415 igitur
1642 3346 1911 3414 passibilis
1942 3355 1998 3401 et

2110 3343 2344 3414 παθητὸς
2370 3342 2529 3413 ἡμῶν
2568 3344 2663 3396 καὶ
2684 3343 3016 3415 σταυρωθεὶς
3038 3343 3272 3415 Χριστὸς
3311 3344 3370 3396 ού
3403 3343 3695 3414 κατηράθη

413 3432 709 3488 cruciﬁxus
736 3433 1019 3502 Christus,
1050 3452 1399 3506 nequaquam
1429 3437 1565 3492 diris
1598 3452 1626 3491 a
1680 3437 1799 3508 lege
1829 3438 1998 3493 devoo

2110 3436 2204 3488 lno
2238 3434 2330 3488 τοῦ
2370 3435 2556 3507 νόμου,
2598 3436 2733 3489 ἀλλά
2775 3436 2933 3507 μόνος
2970 3435 3162 3489 σώσειν
3191 3437 3317 3499 τοὺς
3346 3435 3422 3507 μὴ
3451 3436 3691 3506 ἀφιστα-

418 3535 503 3579 tus
544 3524 668 3590 fuit,
706 3526 799 3580 sed
834 3526 1019 3581 solum.
1039 3540 1100 3581 se
1131 3541 1227 3582 eos
1267 3538 1608 3582 servaturum
1656 3530 1996 3584 demonstra-

412 3616 507 3669 bat
538 3616 631 3685 qui
660 3617 726 3671 ab
751 3618 867 3686 ejus
900 3617 1003 3671 fide
1034 3634 1140 3673 non
1184 3618 1497 3675 discedunt.
1537 3619 1614 3673 Ac
1652 3634 1747 3674 eos
1774 3620 1997 3690 quidem

413 3707 508 3776 qui
544 3710 595 3762 in
632 3708 868 3779 Egyplo
900 3712 1101 3765 servati
1150 3721 1298 3779 sunt,
1332 3727 1456 3766 cum
1488 3712 1733 3781 perirent
1784 3714 1990 3783 primo-

414 3800 595 3871 genita
622 3800 1037 3874 Egyptiorum,
1071 3806 1291 3875 sanguis
1334 3805 1555 3860 Pascha:
1590 3806 1862 3872 liberavit,
1896 3822 1993 3877 po-

412 3894 588 3949 stibus
632 3896 887 3965 utrinque
927 3906 982 3950 et
1010 3896 1415 3966 superliminari
1470 3911 1747 3965 aspersus.
1785 3899 1993 3953 Pascha

411 3986 557 4039 enim
616 3996 733 4041 erat
792 3986 1068 4053 Christus,
1124 3988 1215 4059 qui
1281 3996 1469 4058 postea
1527 3988 1837 4045 immolatus
1883 3999 1989 4055 est,

411 4079 869 4147 quemadmodum
903 4090 959 4136 et
1001 4079 1172 4136 Isaias
1205 4081 1322 4136 ait:
1374 4100 1394 4134 ι
1438 4081 1558 4150 Ipse
1588 4092 1843 4150 tanquam
1870 4084 1990 4137 ovis

411 4169 478 4223 ad
515 4172 845 4226 occisionem
876 4172 1071 4228 ductus
1111 4182 1196 4229 est
1227 4174 1297 4228 "’.
1340 4192 1359 4225 ι
1390 4174 1526 4229 Ευιιι
1556 4187 1738 4230 autem
1771 4176 1861 4231 die
1890 4174 1990 4228 Pa-

412 4262 557 4317 schae
594 4279 625 4318 ι
673 4264 827 4319 vobis
879 4268 1355 4335 comprehensum,
1400 4282 1465 4322 ac
1509 4267 1766 4322 similiter
1802 4269 1853 4322 in
1888 4269 1990 4322 Pa-

411 4353 601 4409 schate
620 4355 937 4410 crucitixum
983 4356 1153 4413 fuisse
1183 4359 1445 4429 scriptum
1479 4367 1583 4413 est.
1615 4359 1986 4425 Quemadmo-

2102 3528 2294 3599 μένους
2328 3528 2431 3599 τῆς
2468 3529 2573 3599 γῆς
2609 3529 2747 3593 τέως
2787 3528 2899 3600 (61)
2937 3528 3101 3582 αὑτοῦ
3142 3528 3357 3599 ἐδήλου.
3412 3530 3524 3583 Καὶ
3562 3532 3695 3595 τοὺς

2096 3619 2155 3670 ὲν
2191 3617 2453 3688 Αἰγύπτῳ
2487 3618 2544 3673 δὲ
2594 3618 2883 3683 σωθέντας,
2924 3620 3013 3671 ὅτε
3052 3618 3366 3673 ἀπώλλυντο
3415 3620 3483 3674 τὰ
3524 3638 3677 3691 πρω-

2093 3708 2289 3764 τότοκα
2308 3709 2419 3763 τῶν
2439 3711 2771 3779 Αἰγυπτίων,
2798 3712 2861 3765 τὸ
2884 3713 2979 3765 τοῦ
3013 3713 3205 3782 Πάσχα
3247 3712 3519 3785 ἐρρύσατο
3550 3709 3692 3784 αἷμα

2094 3801 2155 3855 τὸ
2187 3801 2494 3873 ἑκατέρωσε
2526 3802 2636 3856 τῶν
2671 3804 2927 3875 σταθμῶν
2962 3804 3056 3857 καὶ
3084 3804 3177 3857 τοῦ
3220 3806 3527 3876 ὑπερθύρου
3564 3823 3689 3876 χρι-

2096 3893 2240 3946 σθέν.
2276 3890 2383 3946 ἾΙν
2406 3893 2514 3965 γὰρ
2546 3896 2606 3948 τὸ
2640 3897 2830 3965 Πάσχα
2861 3897 2890 3948 ό
2922 3896 3174 3965 Χριστὸς,
3224 3899 3253 3950 ό
3295 3897 3480 3960 τυθεὶς
3527 3897 3689 3949 ὔστε-

2098 4003 2208 4057 ρον,
2243 3987 2318 4051 ὠς
2351 3988 2443 4040 καὶ
2489 3988 2711 4051 Ἡσαΐας
2743 3990 2847 4060 ἔφη
2868 4006 2881 4019 ·
2906 4007 2924 4039 ι
2970 3989 3137 4052 Αὐτὸς
3173 3989 3247 4052 ὼς
3292 3990 3564 4060 πρόϐατον
3594 3990 3692 4043 ἐπὶ

2097 4077 2307 4148 σφαγὴν
2344 4076 2503 4148 ἢχθη.
2548 4097 2564 4125 ι
2598 4080 2707 4131 Καὶ
2737 4079 2819 4130 ὅτι
2860 4079 2919 4131 ὲν
2951 4078 3133 4148 ἡμέρᾳ.
3165 4076 3259 4130 τοῦ
3294 4079 3487 4148 Πάσχα
3521 4094 3685 4130 συνε-

2095 4169 2290 4223 λάϐετε
2315 4170 2496 4234 αὐτὸν,
2524 4170 2618 4223 καὶ
2639 4170 2841 4239 ὁμοίως
2872 4172 2931 4223 ὲν
2964 4169 3039 4239 τῷ
3066 4170 3254 4239 Πάσχα
3280 4167 3688 4239 ἐσταυρώσατε,

2096 4262 2423 4332 γέγραπται.
2472 4263 2558 4325 Ὧς
2585 4262 2642 4315 δὲ
2674 4263 2802 4325 τοὺς
2834 4264 2893 4314 ὲν
2927 4262 3189 4332 Αἰγύπτῳ
3234 4260 3406 4313 ἔσωσε
3447 4261 3515 4312 τὸν
3545 4257 3689 4330 αἷμα

2095 4352 2191 4405 τοῦ
2222 4353 2434 4423 Πάσχα,
2466 4354 2639 4416 οὕτως
2672 4355 2910 4416 καὶτοὺς
2941 4352 3335 4415 πιστεύσαντας
3360 4350 3587 4421 ῥύσεται
3621 4353 3691 4404 ἐκ

410 4444 535 4497 dum
567 4454 745 4499 autem
778 4462 894 4511 eos,
926 4448 1019 4518 qui
1049 4450 1101 4504 in
1133 4448 1373 4520 Egypto
1400 4461 1577 4517 erant,
1620 4450 1844 4519 sanguis
1876 4447 1982 4502 Pa-

2110 4448 2321 4502 lavatou
2354 4446 2415 4498 τὸ
2448 4442 2589 4517 αἷμα
2618 4446 2713 4499 τοῦ
2747 4446 3006 4517 Χριστοῦ.
3046 4445 3311 4517 Ἐμελλεν
3354 4441 3449 4498 οὖν
3487 4447 3516 4497 ό
3553 4444 3687 4507 Θεὸς

409 4536 556 4590 sella:
584 4538 852 4604 servavit,
885 4540 967 4595 sic
1003 4549 1060 4595 et
1088 4556 1185 4595 eos
1216 4542 1310 4611 qui
1347 4543 1700 4609 crediderint,
1730 4542 1987 4597 liberabit

500 4650 547 4682 ⁷⁸
584 4652 687 4710 lsa.
716 4668 852 4722 Lvtt,
890 4655 942 4712 1.
1017 4655 1063 4687 ’⁸
1105 4653 1217 4709 Isa.
1258 4670 1378 4721 LIII,
1412 4655 1465 4708 7.

482 4806 595 4879 (57)
631 4810 1110 4879 Συγχωροῦντες.
1144 4810 1380 4865 Necesse
1409 4824 1517 4865 non
1542 4818 1639 4879 est,
1659 4808 1837 4877 legere
1868 4826 2002 4878 συγ-ι

408 4876 669 4953 χωροῦσι,
726 4876 789 4933 ιιι
836 4876 1128 4953 Sylburgio
1182 4883 1383 4953 placet,
1436 4896 1561 4953 cum
1616 4876 1887 4953 Justinus,
1924 4876 2000 4953 ut

406 4952 519 5018 jam
568 4964 711 5018 smpe
742 4951 1076 5016 menuimus,
1122 4969 1228 5006 non
1273 4952 1479 5019 rigidus
1519 4951 1592 5005 sit
1621 4951 1885 5019 ejusmodi
1923 4952 1999 5003 le-

410 5032 533 5092 gum
562 5020 903 5092 observator.
942 5021 1119 5092 Supra
1160 5039 1216 5075 ιι.
1245 5018 1341 5085 40,
1367 5030 1491 5090 post
1523 5018 1890 5092 νηστευόντων
1918 5020 1999 5073 le-

410 5091 555 5157 gitur
591 5088 948 5160 διασπῶντες.
988 5088 1120 5146 Item
1154 5109 1211 5146 ιι.
1255 5088 1379 5156 101,
1415 5088 1587 5144 αὑτὸν
1622 5088 1905 5160 ὁμολογεῖν
1933 5099 2002 5160 et

412 5159 723 5281 ἓέοὲὶαύτὸς
754 5161 995 5231 μηνύων.
1032 5160 1155 5217 Vid.
1191 5179 1247 5217 n.
1289 5163 1412 5227 105,
1454 5170 1510 5217 et
1540 5159 1694 5231 Apol.
1738 5161 1790 5224 1,
1840 5177 1897 5216 n.
1930 5159 2001 5214 55

408 5238 462 5281 et
494 5238 582 5281 02.

480 5300 592 5369 (58)
645 5300 776 5373 Ἀπὸ
821 5301 936 5371 τῆς
980 5304 1279 5373 αἱρόμεθα.
1343 5305 1465 5361 llaec
1524 5306 1687 5360 etiam
1738 5305 1984 5359 imitatur

410 5368 648 5424 Irenazus
684 5372 801 5425 loco
828 5368 945 5438 ’jam
975 5368 1162 5429 citato.

482 5439 595 5509 (59)
648 5442 769 5493 Ἐπὶ
810 5445 1125 5510 Μωϋσέως.
1159 5444 1388 5501 Necesse
1420 5462 1525 5499 non
1549 5456 1633 5500 est
1663 5448 1843 5510 legere
1876 5444 1981 5496 ὑπὸ

408 5510 709 5587 ἓψῦαέως.
744 5514 921 5587 supra
943 5514 1188 5587 Justinus
1208 5516 1427 5572 dicebat
1457 5534 1510 5571 ιι.
1541 5518 1642 5572 99:
1679 5519 1857 5587 Ὅπερ
1890 5517 1983 5587 ἐπὶ

410 5580 647 5655 Χριστοῦ
685 5580 874 5655 ἔμελλε
910 5584 1180 5651 λέγεσθαι.
1216 5587 1308 5643 Sic
1338 5590 1501 5642 ctiam
1546 5605 1604 5642 tt.
1637 5588 1761 5655 119,
1805 5580 1865 5639 τὸ
1894 5586 1982 5638 λεν

410 5650 508 5717 λεγ
515 5651 673 5721 μένον
703 5650 795 5706 ἐπὶ
824 5650 1117 5719 Μωῦσέως.

487 5722 598 5791 (υο)
639 5722 813 5777 Πᾶσα
845 5723 1020 5793 ἀρχή.
1055 5726 1150 5781 llis
1191 5727 1369 5781 verbis
1398 5727 1641 5782 Justinus
1670 5743 1775 5780 non
1808 5726 1981 5779 solum

416 5792 687 5866 malorum
720 5796 1034 5862 angelorum
1071 5798 1406 5864 principatus
1435 5799 1647 5852 videtur
1674 5798 1982 5866 designare,

416 5862 514 5919 sed
545 5863 712 5918 etiam
739 5874 981 5919 terrenas
1018 5862 1337 5936 potestates,
1381 5869 1429 5924 id
1472 5879 1549 5923 est
1586 5882 1740 5939 rcges
1771 5862 1821 5922 ei
1848 5883 1984 5939 prte-

2100 4540 2420 4607 πλανᾶσθαι,
2454 4544 2500 4594 εί
2528 4540 2601 4611 μὴ
2633 4540 2694 4593 τὸ
2730 4542 2952 4610 σημεῖον
2984 4538 3141 4591 τοῦτο
3175 4537 3283 4607 (6‘3)
3325 4537 3417 4589 ἐπὶ
3447 4536 3559 4588 τῶν
3588 4535 3685 4587 θυ-

2104 4810 2273 4871 sides,
2306 4808 2504 4877 quibus
2544 4810 2747 4863 Christi
2790 4823 2985 4864 nomen
3031 4806 3305 4860 formidini
3353 4819 3480 4861 esse
3524 4807 3693 4862 docet

2104 4898 2159 4933 ιι.
2195 4881 2317 4934 117.
2350 4878 2622 4942 Justinus,
2658 4889 2713 4932 ut
2747 4890 2871 4946 pote
2920 4880 3071 4947 regni
3108 4877 3253 4933 mille
3284 4893 3549 4947 annorum
3589 4881 3685 4931 de-

2107 4952 2308 5010 fensor,
2345 4950 2629 5004 existimat
2655 4964 2811 5018 reges
2838 4966 2960 5004 cum
2990 4946 3329 5003 Anticliristo
3358 4946 3683 5013 conjunctos

2105 5037 2133 5073 a
2165 5020 2385 5075 Christo
2437 5018 2780 5090 proﬂigatum
2834 5020 2935 5085 iri;
2983 5019 3130 5088 quod
3181 5019 3401 5087 quidem
3443 5018 3685 5073 Irenaeus

2102 5091 2197 5145 lib.
2232 5105 2283 5151 v,
2317 5102 2369 5145 et
2400 5090 2716 5145 Lactantius
2748 5090 2841 5147 lib.
2879 5106 2976 5156 vn,
3018 5092 3239 5146 uberius
3272 5096 3573 5156 exponunt.

2175 5162 2287 5232 (61)
2347 5161 2461 5229 Τῆς
2504 5161 2616 5230 γῆς
2650 5159 2813 5226 τέως.
2870 5160 3187 5232 Manifestus
3233 5174 3392 5232 error
3442 5174 3541 5227 pro
3578 5158 3681 5232 τῆς

2100 5230 2359 5295 πίστεως,
2397 5244 2451 5289 ut
2480 5233 2798 5286 observavit
2844 5230 3194 5301 Sylburgius.
3231 5230 3337 5285 Lex
3382 5245 3487 5281 non
3520 5230 3681 5282 modo

2094 5319 2199 5355 non
2231 5303 2510 5359 maledixit
2543 5302 2787 5365 Christo,
2810 5307 2904 5356 sed
2941 5303 3107 5355 etiam
3136 5302 3531 5357 demonstravit
3554 5316 3678 5353 eum

2101 5374 2321 5426 unicum
2376 5389 2497 5427 esse
2548 5372 2889 5426 Salvatoretu
2945 5388 3132 5425 eorum
3185 5371 3281 5441 qui
3333 5387 3362 5423 a
3416 5372 3519 5423 lide
3572 5388 3677 5424 nou

2090 5444 2398 5505 discedunt,
2426 5444 2521 5513 sed
2547 5452 2603 5495 ut
2637 5442 2850 5513 Moyses
2879 5442 2934 5496 in
2959 5443 3235 5513 erigendis
3268 5441 3520 5513 manibus
3544 5457 3677 5513 per-

2090 5524 2364 5568 severant.
2397 5512 2522 5583 Legi
2566 5510 2748 5582 posset
2797 5510 3069 5584 ἐδηλοῦτο,
3120 5513 3213 5566 sed
3265 5511 3398 5584 quia
3425 5510 3678 5565 Christus

2090 5595 2283 5707 ﬁuctor
2324 5585 2461 5655 legis
2484 5582 2602 5651 est,
2644 5582 2910 5653 quatenus
2947 5583 3220 5652 Verbum,
3266 5582 3405 5637 nihil
3456 5590 3671 5634 mutanv
3718 5654 3721 5657 _

2129 5670 2241 5706 um.

2129 5670 2241 5706 υιιι.

2162 5725 2275 5792 (62)
2319 5724 2388 5780 Τὸ
2418 5726 2669 5796 σημεῖον
2693 5726 2886 5780 τοῦτο.
2926 5723 3149 5779 Videtur
3177 5721 3424 5796 Justinus
3455 5721 3675 5796 signum

2092 5798 2276 5849 crucis
2307 5793 2631 5866 intelligere,
2679 5798 2829 5866 quia,
2863 5807 2922 5849 ut
2968 5796 3129 5864 paulo
3172 5806 3299 5849 ante
3353 5793 3513 5854 dixit,
3546 5806 3676 5842 san-

2095 5867 2257 5936 guinc
2305 5867 2563 5925 Ιδιειριιιιτ
2603 5876 2657 5923 et
2704 5867 3120 5937 superliminari:
3161 5876 3215 5922 et
3267 5866 3523 5933 utrinque
3571 5875 3670 5930 po.-
