3954 6258
294 394 388 452 735
1324 407 1673 466 DIALOGUS
1710 409 1854 466 CUM
1890 409 2266 468 TRYPIlONE
2304 412 2567 469 JUDxfIO.
3493 412 3596 469 ἴδ’

282 505 384 576 ρῶν
417 506 673 577 ἐγεγόνει
701 531 721 581 ;
755 514 848 567 Οὐ
890 517 1051 592 φημὶ
1089 520 1224 589 ἐγὼ,
1260 517 1381 573 ἀλλ’
1425 522 1507 575 ὅτι
1541 523 1906 595 προεκήρυσσε

2020 540 2051 579 a
2091 535 2271 581 morte
2294 530 2520 596 sanguis
2550 527 2781 581 Christi.
2813 525 2957 582 Deus
2991 541 3124 595 ergo
3156 527 3597 583 hallucinaturus

271 597 365 667 τὴν
765 604 849 659 δι’
886 608 1133 677 αἵματος
1172 609 1265 665 τοῦ
1308 610 1546 682 Χριστοῦ
1587 612 1906 683 γενήσεσθαι

2013 627 2153 679 erat,
2186 618 2295 672 nisi
2331 618 2434 672 hoc
2462 619 2673 689 signum
2714 634 2879 688 super
2909 619 3070 691 205
3101 620 3309 674 foribus
3350 622 3595 673 exstitis-

274 689 549 761 σωτηρίαν
582 692 672 763 τῷ
708 695 883 763 γένει
908 698 1029 753 τῶν
1053 699 1375 771 ἀνθρώπων.
1417 702 1527 755 Καὶ
1559 702 1668 773 γὰρ
1708 702 1906 773 σύμ-60-

2013 709 2137 764 set?
2180 708 2298 763 Non
2333 724 2467 764 sane
2509 710 2563 764 id
2602 724 2702 779 ego
2743 689 2998 771 dixerim,
3035 711 3129 765 sed
3169 711 3593 778 prauuutiatam

273 781 361 836 λον
388 783 486 837 τοῦ
533 788 830 843 κοκκίνου
885 793 1162 865 σπαρτίου
1208 792 1317 867 (6'5)
1362 786 1424 847 οὗ
1467 794 1673 848 ἔδωκαν
1714 797 1772 848 ὲν
1816 796 1906 849 Ἰε-

2013 802 2080 855 ab
2113 817 2177 855 eo
2202 800 2440 856 futuram
2476 804 2714 857 humano
2736 801 2921 871 generi
2950 818 3047 871 per
3082 804 3403 870 sanguinem
3437 802 3598 857 Chri-

284 874 479 946 ριχῷοι
500 878 622 932 ἀπὸ
658 880 864 951 Ἰησοῦ
898 884 998 937 τοῦ
1027 885 1181 956 Ναυῆ
1201 886 1541 956 πεμφθέντες
1574 887 1906 941 κατάσκοποι

2013 893 2081 945 sti
2118 893 2371 947 salutem.
2399 892 2531 946 Nam
2564 903 2618 947 et
2644 893 2861 963 signum
2895 892 3119 946 funiculi
3153 893 3417 955 coccinei,
3452 896 3595 961 quod

294 964 459 1018 Ῥαὰῦ
480 970 554 1039 τῇ
586 970 810 1045 πόρνῃ,
848 975 1106 1039 εἰπόντες
1136 977 1433 1047 προσδῇσαι
1466 975 1680 1047 αὐτὸτῇ
1712 975 1908 1048 θυρίδι,

292 1061 351 1114 δι’
379 1058 447 1135 ἧς
480 1064 698 1129 αὐτοὺς
722 1067 1013 1137 ὲχάλασεν
1034 1070 1182 1133 ὅπως
1212 1070 1413 1123 λάθωσι
1438 1071 1565 1134 τοὺς
1599 1070 1907 1141 πολεμίους,

297 1154 485 1223 ὁμοίως
524 1154 594 1210 eo
630 1156 928 1228 σύμϐολον
970 1160 1067 1214 τοῦ
1103 1161 1333 1232 αἵματος
1362 1162 1456 1214 τοῦ
1501 1162 1737 1232 Χριστοῦ
1782 1162 1909 1233 ἐδή-

301 1242 404 1307 λου,
446 1245 515 1299 δι’
549 1241 617 1300 οὗ
668 1251 723 1301 οἱ
761 1250 940 1303 πάλαι
989 1250 1175 1321 πόρνοι
1222 1252 1315 1304 καὶ
1360 1251 1534 1306 ἄδικοι
1582 1254 1645 1304 ὲκ
1695 1253 1910 1306 πάντων

306 1336 403 1389 τῶν
427 1337 608 1393 ἐθνῶν
637 1338 946 1407 σώζονται,
971 1342 1164 1412 ἄφεσιν
1197 1343 1481 1414 ἁμαρτιῶν
1512 1343 1786 1409 λαόόντες,
1815 1350 1911 1398 καὶ

311 1432 496 1502 μηκέτι
529 1434 985 1505 ἁμαρτάνοντες.

374 1606 498 1661 ιη.
568 1608 773 1680 Ὑμεῖς
831 1609 925 1676 δὲ,
983 1608 1155 1664 ταῦτα
1212 1611 1483 1677 ταπεινῶς
1534 1611 1910 1685 ἐξηγούμενοι,

311 1699 508 1771 πολλὴν
543 1700 845 1756 ἀσθένειαν
877 1702 1321 1774 καταψηφίζεσθε
1349 1704 1443 1757 τοῦ
1471 1704 1628 1770 Θεοῦ,
1662 1707 1711 1758 εί
1740 1705 1913 1759 ταῦτα

306 1791 441 1845 οὕτω
460 1792 645 1863 ψιλῶς
671 1794 950 1859 ἀκούοιτε,
982 1795 1077 1849 καὶ
1114 1795 1186 1866 μὴ
1217 1795 1316 1866 τὴν
1346 1795 1573 1866 δύναμιν
1605 1795 1910 1862 ἐξετάζοιτε

2008 982 2323 1038 Jerichuule
2359 985 2625 1038 dederunt
2681 984 2953 1038 meretrici
2997 983 3184 1038 Rahab
3221 982 3595 1053 exploratores

2012 1090 2040 1127 a
2068 1073 2193 1128 .lesu
2218 1072 2379 1129 Nava:
2402 1074 2574 1139 missi,
2609 1073 2881 1138 fenestra},
2918 1087 3012 1143 per
3035 1089 3197 1142 quam
3226 1088 3316 1128 eos
3353 1074 3592 1138 demisit,

2012 1177 2071 1219 ut
2116 1166 2302 1223 hostes
2344 1168 2598 1232 laterent,
2632 1166 2842 1237 alligari
2889 1164 3167 1231 jubeutes,
3220 1166 3475 1220 similiter
3515 1167 3592 1221 si-

2010 1272 2173 1326 gnum
2198 1258 2492 1312 exhibebat
2515 1258 2799 1326 sanguinis
2821 1256 3044 1322 Christi,
3072 1272 3169 1327 per
3190 1273 3351 1326 quem
3378 1272 3445 1311 ex
3476 1273 3597 1312 om-

2012 1349 2170 1403 nibus
2198 1348 2455 1419 gentibus
2484 1350 2579 1419 qui
2605 1349 2732 1402 olim
2765 1349 2968 1402 moechi
3000 1358 3055 1403 et
3084 1350 3254 1415 iniqui
3288 1359 3466 1414 erant,
3494 1349 3598 1425 sal-

2011 1449 2233 1508 vantur,
2271 1441 2653 1496 remissionem
2705 1450 3054 1511 peccatorum
3106 1442 3311 1511 adepti,
3344 1454 3444 1497 nec
3479 1440 3591 1508 jam

2010 1532 2244 1599 amplius
2277 1542 2593 1601 peccantes.

2084 1622 2206 1676 112.
2262 1623 2441 1677 Judwi
2480 1623 2592 1677 ἠως
2610 1623 2796 1694 jejuna
2822 1631 2872 1677 et
2900 1623 3107 1676 exi/iter
3132 1632 3394 1691 exponunt
3430 1641 3492 1677 ac
3536 1624 3593 1677 in

2017 1714 2241 1766 minutis
2280 1722 2489 1767 tantum
2533 1714 2687 1768 rebus
2737 1715 3110 1767 immorantur.
3148 1743 3216 1754 -—
3252 1716 3359 1771 Vos
3388 1728 3591 1777 autem,

2024 1806 2117 1874 qui
2146 1805 2261 1858 haec
2296 1804 2576 1859 humiliter
2602 1804 3062 1872 iuterpretamiui,
3108 1806 3331 1859 multam
3366 1806 3595 1860 inﬁrmi-

306 1882 411 1937 τῶν
438 1884 790 1956 εἰρημένων.
820 1886 977 1939 Ἐπεὶ
1006 1888 1102 1939 καὶ
1133 1887 1374 1958 Μωῦσῆς
1418 1887 1563 1941 οὓτω
1601 1890 1906 1961 παράνομος

2028 1905 2193 1948 tatem
2228 1892 2339 1948 Deo
2374 1893 2654 1965 aliiugitis,
2691 1896 2735 1949 si
2778 1897 2892 1949 haec
2924 1894 2999 1947 ita
3034 1896 3217 1964 jejune
3251 1896 3590 1966 iutelligatis,

306 1974 369 2027 ἂν
395 1975 647 2047 κριθείη.
699 1976 874 2040 Αὐτὸς
894 1976 1268 2047 παραγγείλας
1301 1977 1412 2049 (64)
1451 1978 1678 2049 μηδενὸς
1709 1979 1912 2050 ὁμοίω-

310 2081 383 2135 μα
403 2065 666 2133 γίνεσθαι
703 2068 844 2137 μήτε
876 2066 988 2120 τῶν
1025 2069 1119 2120 ἐπὶ
1140 2067 1220 2139 τῷ
1250 2068 1462 2140 οὐρανῷ
1523 2072 1660 2141 μήτε
1680 2069 1789 2124 τῶν
1822 2071 1916 2124 ἐπὶ

307 2155 407 2225 γῆς
436 2156 470 2226 ἦ
503 2156 817 2228 θαλάσσης,
865 2157 1058 2211 ἔπειτα
1091 2158 1213 2227 ὅφιν
1253 2158 1489 2228 χαλκοῦν
1521 2159 1686 2224 αὐτὸς
1719 2162 1912 2226 ἐποίει,

308 2248 397 2301 καὶ
424 2248 640 2318 στήσας
666 2249 762 2301 ἐπὶ
787 2249 1014 2321 σημείου
1033 2249 1175 2313 τινὸς
1191 2249 1324 2322 (65),
1352 2250 1636 2303 ἐκέλευσεν
1656 2253 1733 2314 είς
1751 2250 1916 2305 αὑτὸν

305 2343 436 2411 όρᾷν
484 2342 623 2405 τοὺς
680 2342 1067 2413 δεδηγμένους
1116 2345 1166 2396 οἱ
1209 2343 1253 2396 δ’
1311 2342 1583 2408 ἐσώζοντο
1630 2346 1709 2408 είς
1751 2344 1915 2398 αὐτὸν

304 2433 739 2497 ἀποϐλέποντες.
805 2434 864 2487 '0
915 2433 1038 2502 ὄφις
1079 2433 1187 2506 ἄρα
1238 2434 1562 2507 νοηθήσεται
1619 2438 1916 2492 σεσωκέναι

303 2527 393 2578 ὢν
406 2526 539 2578 λαὸν
564 2525 717 2589 τότε,
738 2525 797 2578 ὃν
816 2526 1118 2598 (προεῖπον)
1144 2527 1492 2598 κατηράσατο
1512 2528 1540 2579 ὁ
1555 2527 1688 2592 Θεὸς
1707 2527 1802 2600 τὴν
1817 2530 1916 2600 ἀρ-

305 2617 424 2688 χὴν,
451 2618 550 2671 καὶ
572 2618 756 2670 ἀνεῖλε
784 2617 874 2670 διὰ
887 2617 985 2686 τῆς
1001 2618 1244 2689 μεγάλης
1271 2620 1563 2693 μαχαίρας,
1587 2619 1663 2683 ὼς
1690 2620 1915 2685 Ἡσαΐας

308 2709 437 2779 Boi;
494 2710 595 2763 καὶ
636 2710 816 2773 οὕτως
850 2710 1101 2780 ἀφρόνως
1132 2711 1549 2783 παραδεξόμεθα
1592 2712 1662 2767 τὰ
1691 2713 1915 2767 τοιαῦτα

303 2799 378 2864 ὣς
409 2802 460 2853 οἱ
488 2800 814 2856 διδάσκαλοι
860 2800 1015 2871 ὑμῶν
1046 2818 1200 2871 φασι,
1238 2803 1334 2856 καὶ
1378 2804 1439 2857 οὐ
1476 2802 1757 2874 σύμϐολα;
1793 2804 1915 2875 οὐχὶ

305 2890 361 2945 εε
390 2892 698 2963 ἀνοίσομεν
728 2894 825 2948 ἐπὶ
854 2892 957 2965 τὴν
999 2894 1184 2948 εἰκόνα
1222 2894 1317 2949 τοῦ
1356 2896 1765 2967 σταυρωθέντος
1813 2895 1915 2968 ’1η-

308 2983 400 3035 αοῦ
430 2984 496 3037 τὸ
529 2986 790 3055 σημεῖον,
820 2985 944 3039 ἐπεὶ
985 2985 1079 3038 καὶ
1111 2986 1351 3057 Μωῦοῆς
1383 2986 1471 3041 διὰ
1504 2987 1605 3058 τῆς
1638 2988 1914 3052 ἐκτάσεως

307 3074 414 3129 τῶν
447 3074 660 3146 χειρῶν
694 3076 796 3129 σὺν
826 3075 906 3147 τῷ
937 3075 1287 3148 ἐπικληθέντι
1333 3077 1510 3149 Ἰησοῦ
1541 3078 1785 3150 ὀνόματι,
1821 3080 1913 3133 καὶ

308 3169 463 3237 νικᾷν
493 3168 594 3222 τὸν
626 3166 765 3222 λαὸν
798 3168 828 3221 ὑ
838 3167 955 3239 μῶν
984 3169 1337 3241 εἰργάζοντο;
1371 3170 1513 3224 οὕτω
1551 3170 1660 3242 γὰρ
1692 3170 1787 3224 καὶ
1818 3168 1911 3224 τοῦ

309 3257 534 3329 ἀπορεῖν
568 3259 706 3331 περὶ
753 3251 830 3313 ὧν
883 3261 1141 3332 ἐποίησεν
1184 3264 1213 3317 ό
1244 3262 1541 3334 νομοθέτης
1572 3264 1910 3335 παυσόμεθα·

312 3353 371 3405 οὗ
397 3354 507 3424 γὰρ
539 3351 872 3406 καταλιπὼν
890 3352 981 3405 τὸν
1013 3353 1167 3420 Θεὸν,
1203 3355 1297 3408 ἐπὶ
1325 3353 1514 3427 θηρίον
1544 3354 1612 3409 δι’
1644 3351 1704 3410 οὗ
1737 3358 1770 3426 ἡ
1806 3375 1913 3410 πα-

317 3443 549 3514 ράεασιςι
579 3444 679 3498 καὶ
726 3443 981 3515 παρακοὴ
1012 3445 1115 3517 τὴν
1144 3446 1321 3518 ἀρχὴν
1360 3445 1572 3512 ἐλαϐεν,
1607 3447 1790 3501 ἔπειθε
1820 3449 1915 3503 τὸν

315 3533 435 3587 λαὸν
464 3534 737 3599 ἐλπίζειν.
775 3534 885 3588 Καὶ
915 3534 1088 3588 ταῦτα
1134 3537 1271 3607 μετὰ
1308 3536 1503 3591 πολλοῦ
1543 3538 1635 3591 νοῦ
1676 3540 1770 3593 καὶ
1814 3558 1913 3611 μυ-

317 3626 531 3698 στηρίου
569 3625 771 3695 γέγονε
799 3627 895 3679 καὶ
924 3625 1123 3699 ἐρρέθη
1155 3628 1244 3681 διὰ
1271 3627 1368 3681 τοῦ
1396 3628 1667 3700 μακαρίου
1699 3632 1915 3703 προφή-

313 3734 420 3770 του·
446 3719 545 3772 καὶ
578 3717 743 3772 οὐδέν
784 3719 933 3776 ἐστιν
977 3719 1007 3771 ὅ
1057 3736 1140 3782 τις
1180 3719 1496 3790 μέμψασθαι
1542 3721 1766 3785 δικαίως
1800 3721 1914 3793 ἔχει

314 3810 419 3864 τῶν
446 3810 802 3882 λελεγμένων
833 3810 867 3881 ἢ
908 3812 1293 3882 γεγενημένων
1336 3813 1441 3866 ὑπὸ
1470 3813 1689 3867 πάντων
1726 3814 1913 3880 ἁπλῶς

316 3902 419 3957 τῶν
436 3904 767 3975 προφητῶν,
780 3903 881 3957 ἐὰν
894 3903 994 3975 τὴν
1005 3903 1205 3972 γνῶσιν
1216 3904 1313 3976 τὴν
1330 3907 1389 3958 ὲν
1407 3906 1588 3969 αὐτοῖς
1606 3906 1714 3978 (66)
1728 3906 1907 3978 ἔχητε.

326 3994 447 4050 Ἐὰν
479 3998 539 4050 δὲ
572 3998 654 4061 ὡς
683 4000 737 4050 οἱ
766 3996 1075 4051 διδάσκαλοι
1107 3998 1262 4069 ὑμῶν
1301 3998 1433 4071 (67)·
1466 3999 1565 4053 Διὰ
1587 3999 1641 4053 τί
1674 4000 1911 4072 κάμηλοι

320 4088 411 4157 μὲν
437 4089 655 4160 θήλειαι
677 4092 739 4144 ὲν
765 4088 902 4160 τῷδε
924 4089 1004 4161 τῷ
1028 4090 1176 4161 τόπῳ
1200 4091 1259 4143 οὐ
1276 4090 1542 4159 λέγονται,
1571 4091 1672 4163 ἥτί
1688 4094 1826 4146 εἰσιν
1852 4095 1909 4147 αἱ

314 4178 604 4251 λεγόμεναι
634 4182 875 4253 κάμηλοι
904 4182 1194 4254 θήλειαι,ἢ
1230 4183 1320 4237 διὰ
1357 4184 1411 4238 τί
1452 4184 1783 4255 σεμιδάλεως
1809 4186 1909 4257 μέ-

312 4287 414 4342 τρα
439 4274 603 4338 τόσα,
646 4274 744 4327 καὶ
780 4274 962 4328 ἐλαίου
1005 4274 1178 4345 μέτρα
1225 4274 1360 4328 τόσα
1401 4276 1460 4328 ὲν
1504 4278 1627 4339 ταῖς
1665 4292 1908 4347 προσφο-

316 4368 454 4433 ραξ,
494 4366 640 4435 μόνα
671 4365 989 4437 ἐξηγοῦνται
1021 4368 1170 4439 ὑμῖν,
1202 4368 1297 4422 καὶ
1326 4366 1500 4422 ταῦτα
1522 4366 1789 4432 ταπεινῶς
1813 4367 1907 4422 καὶ

378 4526 425 4557 ⁸⁸
448 4526 596 4595 Cap.
629 4540 801 4591 xxv",
834 4529 885 4583 1.

314 4690 424 4733 stes
460 4678 776 4733 ineverant.
809 4678 953 4733 idem
983 4679 1202 4735 videtur
1233 4679 1555 4734 observasse
1584 4676 1903 4734 Lactantius

313 4749 408 4802 lih.
448 4766 526 4812 tv,
555 4764 610 4804 c.
643 4748 755 4803 26:
805 4767 826 4801 ι
867 4749 1033 4820 Cujus
1074 4750 1174 4815 rei,
1218 4749 1411 4817 inquit,
1447 4749 1677 4819 ﬁguram
1728 4748 1900 4804 Judaei

311 4822 475 4873 etiam
530 4834 677 4873 nunc
722 4820 1011 4884 exhibent,
1051 4834 1173 4874 cum
1219 4820 1406 4872 limina
1457 4835 1552 4873 sua
1594 4821 1659 4872 de
1702 4833 1900 4874 cruore

312 4890 435 4960 agni
471 4898 690 4943 notant.
727 4907 746 4960 ι
780 4889 1143 4960 Hieronymus
1176 4890 1229 4943 in
1262 4898 1425 4957 caput
1458 4905 1601 4960 xxvi
1640 4888 1790 4943 Isaia:
1818 4889 1899 4942 sic

311 4958 600 5028 loquitur:
637 4977 657 5010 ι
698 4959 933 5015 Venient
959 4958 1143 5013 autem
1176 4974 1391 5025 omnes,
1426 4968 1486 5013 ut
1519 4959 1741 5012 videant
1784 4960 1898 5026 glo—

311 5032 447 5082 riam
497 5028 641 5082 Dei:
680 5039 736 5083 et
783 5038 949 5097 ponet
999 5029 1051 5082 in
1096 5030 1179 5083 eis
1211 5031 1449 5098 signum,
1483 5030 1626 5097 quod
1671 5029 1722 5081 iu
1763 5028 1900 5082 Eze-

307 5100 505 5153 chielis
534 5099 810 5168 principio
849 5101 947 5152 sub
978 5098 1129 5151 Thau
1162 5101 1353 5153 littera:
1382 5098 1667 5153 llebraicze
1715 5099 1895 5151 inter-

311 5172 628 5238 pretatione
674 5179 1029 5225 monstratur.
1069 5170 1189 5236 Quo
1234 5172 1390 5237 signo
1432 5168 1734 5238 quiul‘uerit
1787 5170 1893 5222 im-

311 5236 561 5307 pressus,
595 5252 791 5292 manus
823 5239 1201 5308 persequentis
1249 5236 1487 5308 ellugiet.
1539 5236 1653 5291 lloe
1694 5246 1750 5292 et
1800 5253 1895 5304 po-

305 5323 424 5364 stes
446 5310 741 5379 dom_orum
778 5310 833 5363 in
858 5308 1093 5379 Egypto
1125 5310 1517 5379 signabantur:
1550 5310 1769 5377 quando
1797 5323 1894 5378 pe-

306 5390 503 5460 reunte
533 5377 777 5460 {Egypto
800 5377 953 5460 solus
968 5377 1151 5433 ‘lsrael
1182 5377 1639 5460 inartsit'illzesus.
1688 5395 1708 5429 ι

377 5451 496 5519 (63)
533 5444 663 5504 Τοῖ
683 5444 968 5504 κοκκίνου
988 5448 1319 5519 emerim).
1376 5448 1506 5519 Vide
1537 5460 1696 5519 notas
1721 5444 1892 5502 Colca

306 5521 428 5575 lcrii
456 5522 526 5575 ad
558 5536 682 5590 cap.
716 5520 778 5573 l2
799 5518 1049 5587 epistolae
1081 5519 1104 5571 1
1136 5518 1194 5572 S.
1227 5518 1542 5590 Clementis,
1578 5518 1668 5590 ubi
1701 5534 1892 5590 recen-

302 5600 506 5645 sentur
547 5588 850 5659 scriptorcs
877 5590 973 5660 qui
1010 5590 1154 5643 idem
1201 5589 1459 5643 dixerunt
1487 5589 1554 5643 de
1591 5589 1694 5643 hoc
1741 5588 1889 5641 funi-

305 5662 437 5716 culo
492 5663 778 5717 caeciueo.

378 5731 496 5797 (64)
549 5731 745 5798 Αὐτὸς
793 5727 1219 5799 παραγγείλας.
1274 5726 1429 5797 Legit
1489 5728 1560 5783 cl.
1606 5728 1890 5784 Thirlbius

306 5801 507 5866 αὐτὸς,
542 5802 600 5867 ὃς
638 5798 1041 5875 παραγγείλας.
1082 5798 1211 5868 Legi
1255 5799 1422 5875 etiam
1466 5802 1667 5875 pulerit
1696 5800 1761 5853 ad
1792 5815 1885 5851 ac-

308 5876 641 5939 curatiorem
679 5870 973 5931 verborum
1019 5870 1479 5931 constructionem
1512 5870 1672 5935 αὑτός
1694 5887 1707 5900 ·
1746 5886 1884 5939 παρε-

1932 4585 1979 4640 D

2015 1996 2116 2036 nec
2167 1981 2279 2035 vim
2313 1995 2502 2035 eorum
2536 1997 2656 2051 quae
2691 1983 2946 2037 dicuntur
2981 1984 3342 2055 investigetis.
3370 1985 3501 2040 Nam
3538 1996 3595 2041 et

2017 2072 2121 2125 hoc
2146 2078 2308 2139 pacto
2341 2069 2552 2141 Moyses
2606 2070 2823 2125 violata:
2876 2071 3012 2137 legis
3043 2073 3260 2125 nomine
3307 2082 3591 2142 arguetur,

2015 2162 2109 2232 qui
2152 2177 2277 2217 cum
2323 2163 2439 2230 ipse
2469 2164 2771 2228 sanxisset,
2815 2178 2882 2217 ne
2914 2180 3016 2233 qua
3049 2164 3252 2234 eiiigies
3286 2165 3461 2230 ﬁeret,
3493 2180 3593 2221 nec

2013 2267 2206 2308 eorum
2234 2267 2357 2321 qua:
2402 2253 2456 2307 in
2489 2254 2651 2319 etelo,
2684 2269 2782 2308 nec
2810 2269 3001 2308 eorum
3051 2270 3171 2324 quae
3217 2256 3270 2309 in
3318 2266 3462 2311 terra
3500 2267 3594 2310 aut

2016 2344 2180 2411 mari,
2208 2345 2349 2400 idem
2388 2354 2577 2415 postea
2627 2358 2934 2417 serpentem
2978 2362 3185 2401 aeneum
3232 2346 3357 2402 fecit
3385 2388 3401 2414 ,
3438 2362 3504 2403 ac
3539 2349 3592 2402 in

2013 2449 2141 2491 eum
2172 2436 2392 2491 cuidam
2418 2438 2574 2508 signo
2603 2438 2913 2507 impositum
2948 2439 3144 2493 intueri
3174 2438 3342 2508 jussit
3375 2453 3469 2494 eos
3498 2440 3591 2509 qui

2015 2541 2201 2582 morsu
2236 2528 2390 2596 petiti
2420 2528 2668 2594 fuerant;
2702 2528 2755 2581 in
2787 2543 2948 2597 quem
2979 2542 3099 2581 cum
3126 2527 3199 2582 illi
3229 2528 3592 2595 intuerentur,

2015 2618 2149 2674 salvi
2185 2617 2413 2675 ﬁebant.
2444 2618 2598 2674 Tune
2638 2619 2808 2690 igitur
2836 2621 3094 2689 pupulum
3125 2634 3378 2675 servasse
3396 2622 3595 2675 existi-

2016 2710 2257 2765 mabitur
2278 2727 2508 2780 serpens
2532 2711 2643 2778 ille,
2675 2727 2835 2782 quem
2868 2712 3031 2776 Deus,
3070 2723 3125 2766 ut
3147 2712 3260 2783 jam
3292 2713 3426 2777 dixi,
3460 2715 3595 2769 diris

2017 2804 2087 2857 ab
2148 2804 2310 2858 initio
2362 2804 2610 2869 devovit,
2650 2812 2705 2858 et
2768 2805 2968 2874 ingenti
3023 2806 3246 2873 gladio,
3301 2817 3358 2859 ut
3392 2806 3594 2862 clamat

2013 2895 2183 2950 Isaias
2226 2896 2293 2961 ⁸⁸,
2328 2895 2806 2967 διιειιιιίιῖεἱοίιιιε
2853 2897 2968 2952 haec
3001 2898 3344 2967 insipienter,
3381 2906 3440 2953 ut
3474 2914 3593 2952 ma-

2014 2985 2201 3056 gistris
2253 2986 2453 3041 vestris
2494 2986 2700 3055 placet,
2751 3001 2856 3040 nou
2909 2996 2966 3040 ut
3010 2987 3167 3056 signa
3224 2988 3588 3057 accipiemus;

2015 3091 2196 3147 neque
2242 3077 2309 3133 ad
2361 3078 2652 3149 imaginem
2710 3076 2839 3132 Jesu
2869 3078 3119 3132 erucilixi
3176 3077 3478 3133 referemus
3514 3079 3591 3133 si-

2015 3184 2354 3241 gnum,cum
2405 3179 2462 3225 et
2484 3170 2696 3242 Moyses
2731 3185 2828 3240 per
2879 3185 3075 3224 manus
3133 3183 3427 3238 expensas,
3484 3186 3590 3223 una

2016 3274 2141 3315 cum
2186 3274 2252 3315 eo
2301 3260 2393 3329 qui
2426 3259 2555 3315 Jesu
2605 3259 2968 3329 appellatione
3014 3261 3432 3330 cognominatus
3471 3272 3589 3323 est,

2013 3351 2178 3406 etiam
2213 3349 2495 3406 victoriam
2522 3351 2721 3420 populo
2750 3361 2933 3406 vestro
2958 3352 3292 3406 confecerit?
3317 3349 3427 3404 lloc
3458 3365 3591 3405 sane

2015 3443 2174 3497 modo
2229 3444 2394 3498 etiam
2433 3444 2582 3499 dubii
2620 3446 2689 3500 de
2746 3445 2815 3500 iis
2864 3459 2984 3514 quae
3019 3443 3300 3513 legislator
3349 3442 3502 3509 fecit,
3536 3454 3592 3497 et

2013 3534 2209 3590 incerti
2256 3550 2377 3592 esse
2424 3538 2767 3602 desinemus;
2825 3551 3006 3605 neque
3038 3537 3185 3591 enim
3217 3536 3385 3591 Deum
3418 3536 3590 3590 relin-

2013 3642 2207 3698 quens,
2260 3627 2460 3699 pepulo
2492 3638 2681 3684 auctor
2724 3637 2865 3695 erat,
2915 3637 2973 3682 ut
3004 3628 3059 3682 in
3088 3627 3229 3694 fera,
3277 3644 3375 3698 per
3424 3643 3588 3698 quam

2011 3720 2392 3790 praevaricatio
2444 3730 2502 3774 et
2550 3720 2920 3775 inobedieutia
2968 3720 3187 3774 initium
3232 3731 3589 3788 acceperant,

2012 3820 2162 3874 spem
2196 3807 2579 3863 constitueret.
2617 3806 2725 3862 Sed
2757 3809 2872 3863 haec
2908 3824 3015 3862 non
3044 3808 3165 3864 sine
3192 3809 3366 3863 multa
3406 3820 3590 3863 mente

2010 3911 2077 3951 ac
2100 3897 2361 3969 mysterio
2381 3912 2411 3952 a
2437 3897 2602 3953 beato
2624 3898 2886 3967 prepheta
2912 3895 3056 3950 laeta
3080 3897 3290 3951 etdicta
3309 3906 3457 3961 sunt;
3488 3910 3591 3975 nec

2010 3990 2305 4060 quidquam
2333 4002 2438 4058 est,
2460 3992 2603 4061 quod
2621 3991 2743 4060 quis
2769 3991 2966 4045 merito
2988 3990 3162 4060 possit
3192 3990 3590 4058 reprehendere

2010 4081 2066 4137 in
2099 4082 2186 4139 his
2218 4099 2340 4154 qua:
2368 4086 2437 4140 ab
2474 4085 2726 4139 omnibus
2756 4084 2983 4138 omnino
3011 4084 3293 4153 pmphetis
3324 4083 3468 4137 facta
3495 4094 3590 4137 aut

2009 4176 2155 4230 dicta
2185 4184 2336 4241 sunt,
2365 4177 2411 4232 si
2444 4176 2729 4231 scientiam
2757 4176 2808 4230 in
2835 4175 2945 4231 illis
2970 4176 3303 4231 reconditam
3336 4178 3587 4232 teneatis.

2009 4268 2111 4323 Sin
2155 4280 2338 4325 autem
2386 4278 2447 4323 ut
2474 4268 2721 4341 magistri
2758 4269 2956 4331 vestri;
3008 4269 3125 4323 haec
3161 4278 3370 4322 tantum
3421 4269 3580 4323 vobis

2007 4369 2305 4430 exponunt,
2343 4360 2503 4431 idque
2530 4359 2809 4416 humiliter
2825 4371 2879 4416 et
2900 4360 3317 4425 demississime,
3336 4375 3497 4429 quam
3516 4363 3586 4416 ob

2003 4676 2263 4746 αγγείλας
2309 4675 2451 4746 γάρ,
2504 4682 2611 4746 etc.
2658 4670 2999 4746 Sedutrum
3025 4669 3291 4736 Justinus,
3329 4671 3583 4746 qui-ora-

2012 4740 2212 4801 tionem
2247 4740 2401 4800 suam
2434 4745 2487 4798 in
2521 4744 2623 4797 hoc
2657 4742 2883 4809 Dialogo
2932 4742 3000 4794 ad
3035 4757 3269 4809 unguem
3307 4740 3582 4807 castigare

2000 4832 2106 4871 non
2134 4827 2310 4881 curat,
2350 4815 2423 4869 ita
2456 4813 2777 4880 scripserit,
2830 4811 2883 4864 id
2926 4811 3084 4881 valde
3123 4814 3413 4881 incertum.
3457 4810 3580 4865 Mox

2002 4880 2325 4959 Sylburgius
2341 4893 2523 4959 Inouet
2542 4882 2831 4953 legendum
2861 4882 2954 4935 ἐπὶ
2970 4880 3061 4934 τοῦ
3075 4880 3326 4956 οὐρανοῦ,
3343 4887 3396 4933 et
3421 4883 3583 4951 paulo

1999 4957 2122 5026 pest
2154 4957 2229 5020 ὡς
2265 4957 2544 5027 προεῖπον.

2070 5027 2182 5095 (65)
2211 5018 2354 5080 “Earl
2378 5023 2647 5095 σημείουΔ
2662 5021 2843 5087 τινός.
2878 5018 3049 5095 Signo
3075 5021 3243 5075 alicui
3272 5027 3579 5095 serpentem

2000 5090 2315 5164 impositum
2346 5090 2519 5150 fuisse
2544 5092 2830 5164 dicil,_nou
2868 5093 3009 5164 quod
3043 5106 3262 5145 crucem
3292 5091 3464 5143 fuisse
3490 5090 3582 5142 du-

1998 5160 2226 5231 bitaret,
2265 5169 2360 5220 sed
2392 5166 2579 5219 habita
2617 5161 2828 5214 ratione
2861 5160 3173 5214 Judzeorum
3207 5200 3221 5219 .
3259 5174 3395 5227 quos
3425 5170 3579 5231 certe

1994 5228 2443 5305 sciebat-negare
2500 5247 2606 5287 non
2656 5245 2820 5305 posse
2868 5232 3022 5298 signo
3055 5231 3220 5283 alicui
3260 5228 3572 5305 impositum

1994 5308 2166 5361 fuisse
2200 5297 2546 5376 serpentem;
2579 5309 2634 5355 at
2659 5297 2757 5355 eos
2790 5301 2857 5354 de
2889 5297 3055 5355 cruce
3084 5299 3340 5354 assentiri
3375 5312 3481 5351 non
3522 5297 3572 5351 ei

1993 5377 2306 5431 constabat.

2061 5446 2174 5516 (66)
2230 5446 2351 5516 Τὴν
2382 5442 2611 5516 γνῶσιν
2641 5446 2755 5513 τὴν
2786 5446 2857 5498 ὲν
2907 5439 3133 5506 αὐτοῖς.
3170 5438 3372 5492 Eodem
3409 5452 3572 5491 sensu

1992 5532 2047 5570 η.
2193 5514 2594 5590 τὴνᾼὲνλαύτοῖς
2622 5516 2902 5590 ἀλήθειαν.
2937 5587 2948 5590 _
3056 5583 3069 5590 _
3136 5579 3159 5588 _
3419 5578 3428 5588 .
3482 5577 3510 5590 μ

2062 5578 2172 5656 (67)
2210 5578 2441 5657 δὲ
2464 5586 2545 5652 ὡς
2575 5578 2629 5639 οἱ
2654 5578 3011 5639 διδάσκαλοι
3260 5578 3314 5632 Si
3342 5578 3430 5630 cui
3462 5578 3573 5657 dis-

1988 5650 2191 5724 pliceat
2216 5655 2456 5710 adhibita
2490 5650 2530 5709 ai
2555 5657 2712 5711 nobis
2739 5655 3126 5723 interpunctio,
3158 5650 3335 5718 legere
3355 5650 3573 5724 poterit

1988 5716 2103 5797 ὅσοι
2151 5725 2359 5797 prodig
2410 5726 2459 5777 oi
2505 5736 2560 5797 et
2592 5726 2774 5781 delere
2835 5716 3092 5797 punctum
3146 5716 3270 5773 anlc
3317 5719 3453 5797 οὐχὶ.Δ
3485 5716 3569 5797 διτ

1988 5788 2178 5881 κρεωςῖ
2233 5788 2495 5859 Erulum}
2540 5788 2901 5862 Londinensis
2952 5794 3131 5850 editor
3177 5806 3273 5859 pro
3317 5789 3392 5854 ὡς
3442 5788 3572 5856 legit

1987 5884 2178 5931 ουτως.
