3954 6258
448 371 546 429 751

1392 365 1452 423 S.
1488 365 1753 423 JUSTINI
1789 363 2194 422 I‘lllLOSOPlIl
2232 364 2321 420 ΕΤ
2354 364 2712 423 ΜΑιιτγιιιε

3599 376 3694 433 739

446 494 566 552 bus,
600 504 705 543 non
752 485 930 540 solum
978 499 1047 541 ex
1095 485 1335 557 propriis
1380 482 1823 550 possessionibus
1855 498 2001 537 unus

2129 500 2215 538 σιν
2254 486 2591 557 ἀνθρώποις,
2642 488 2702 541 οὐ
2748 487 2908 558 μόνον
2959 487 3066 542 ἀπὸ
3111 487 3216 543 τῶν
3260 490 3549 559 κτημάτων
3595 493 3691 547 τῶν

446 584 678 653 quisque
734 579 1174 635 Christianorum
1228 577 1546 648 expellitur,
1598 576 1691 631 sed
1736 578 1903 630 etiam
1951 590 2021 630 ex

445 684 559 729 toto
587 686 858 726 terrarum
887 670 1041 735 orbe,
1069 685 1169 725 nec
1213 670 1304 723 ulli
1342 669 1664 724 Christiano
1691 670 1858 721 vitam
1888 667 2023 723 libe-

446 781 562 819 ram
610 763 946 833 relinquitis.
994 760 1102 817 Vos
1140 770 1322 815 autem
1376 761 1429 814 in
1476 760 1731 830 populum
1781 767 2020 813 vestrum

441 858 558 912 haec
586 861 836 913 evenisse
869 856 1086 923 dicitis;
1122 855 1214 925 qui
1262 854 1507 925 quidem,
1554 854 1598 907 si
1631 854 1843 923 expulsi
1888 852 2022 908 estis

439 949 580 1004 bello
604 950 867 1017 superati,
908 950 1105 1003 merito
1134 949 1249 1003 haec
1280 949 1425 1017 passi
1454 947 1612 1011 estis,
1643 958 1703 1000 ut
1726 945 2021 1015 Scriptum

436 1057 629 1095 omnes
652 1050 947 1096 testantur.
996 1040 1108 1096 Nos
1133 1048 1316 1096 autem
1355 1040 1446 1109 qui
1480 1039 1615 1094 nihil
1645 1039 1757 1093 tale
1789 1039 2018 1092 commi—

436 1134 632 1199 simus,
671 1144 957 1203 postquam
1000 1134 1286 1187 veritatem
1328 1132 1423 1186 Dei
1468 1132 1845 1201 coguovimus,
1899 1147 2017 1196 nos,

436 1224 682 1294 inquam,
728 1235 961 1280 testatur
991 1226 1137 1280 Deus
1182 1237 1287 1277 una
1316 1240 1440 1278 cum
1470 1224 1776 1293 justissima
1803 1235 1856 1279 et
1903 1226 2018 1279 solo

436 1308 764 1369 intaminato
809 1323 863 1368 et
912 1324 1137 1368 carcnte
1184 1314 1430 1383 peccatis
1481 1313 1701 1368 Christo
1758 1329 1789 1368 e
1840 1314 2018 1371 medio

436 1405 572 1459 tolli.
606 1406 815 1460 Clamat
844 1408 987 1460 enim
1032 1405 1236 1459 Isaias:
1296 1424 1316 1456 ι
1366 1405 1511 1459 Ecce
1555 1406 1829 1475 quomodo
1874 1408 2017 1476 perit

426 1495 607 1565 justus
630 1508 684 1552 et
707 1512 862 1553 nemo
888 1497 1116 1567 percipit
1142 1497 1336 1562 corde;
1366 1505 1422 1552 et
1441 1496 1541 1551 viri
1563 1496 1692 1565 justi
1723 1498 2013 1570 tolluntur,

432 1598 487 1645 at
511 1606 671 1646 nemo
696 1590 1007 1645 considerat
1037 1591 1116 1644 ⁷⁸.
1157 1610 1176 1644 ι

505 1682 627 1737 ill.
688 1681 806 1735 Duo
857 1682 1113 1737 adventus
1163 1700 1256 1750 per
1290 1688 1427 1739 duos
1473 1685 1649 1738 hircos
1701 1684 2010 1755 signiﬁcati.

2128 577 2293 642 ἰδίων,
2322 579 2551 644 ἕκαστος
2577 580 2685 634 τῶν
2712 581 3051 653 Χριστιανῶν
3077 582 3421 653 ἐκϐέϐληται,
3445 582 3577 637 ἀλλὰ
3604 586 3690 640 καὶ

2122 669 2215 723 τοῦ
2259 670 2464 741 κόσμου
2512 673 2733 737 παντὸς,
2779 674 2878 744 ζῇν
2919 675 3109 746 μηδενὶ
3154 675 3462 746 Χριστιανῷ
3494 693 3691 747 συγχωο

2126 759 2344 831 ροῦντες
2377 761 2510 832 (51).
2562 762 2753 834 Ὑμεῖς
2781 763 2838 817 δέ
2878 766 2975 818 ἐπὶ
3010 764 3100 817 τὸν
3139 763 3267 819 λαὸν
3307 764 3463 836 ὑμῶν
3502 766 3692 835 συμϐε-

2122 849 2349 920 ϐηκέναι
2375 850 2531 904 τοῦτὸ
2552 868 2708 920 φατε.
2743 853 2807 905 Εἰ
2837 852 2891 907 δὲ
2929 853 3249 926 ἐξεϐλήθητε
3280 857 3689 928 πολεμηθέντες,

2120 942 2342 1008 δικαίως
2378 945 2477 1015 μὲν
2512 946 2670 1016 ὑμεῖς
2712 944 2888 999 ταῦτα
2929 946 3257 1009 πεπόνθατε,
3286 948 3361 1013 ὼς
3392 952 3447 1002 αἱ
3488 950 3525 1001 Γ
3532 950 3691 1020 ραφαὶ

2123 1035 2291 1088 πᾶσαι
2341 1036 2740 1108 μαρτυροῦσιν·
2783 1040 2945 1109 ἡμεῖς
2979 1039 3055 1103 δὲ,
3096 1040 3247 1092 οὐδὲν
3285 1040 3519 1094 τοιοῦτον
3562 1040 3695 1113 πρά-

2120 1125 2310 1193 ξαντες
2358 1129 2497 1198 μετὰ
2535 1130 2594 1182 τὸ
2637 1130 2934 1198 ἐπιγνῶναι
2981 1131 3369 1203 τὴνμὰλήοειαν
3405 1134 3498 1187 τοῦ
3539 1132 3691 1198 Θεοῦ,

2121 1217 2550 1290 μαρτυρούμεθα
2589 1219 2693 1273 ὑπὸ
2722 1220 2816 1275 τοῦ
2842 1218 2998 1284 Θεοῦ,
3032 1221 3128 1274 σὺν
3156 1222 3232 1293 τῷ
3259 1223 3578 1294 δικαιοτάτῳ
3602 1223 3693 1276 καὶ

2121 1309 2271 1379 μόνῳ
2306 1310 2521 1381 άσπίλῳ
2555 1315 2648 1367 καὶ
2678 1314 3048 1385 ἀναμαρτήτῳ
3070 1314 3309 1386 Χριστῷ,
3344 1318 3426 1369 ὅτι
3460 1317 3565 1370 ἀπὸ
3592 1316 3692 1385 γῆς

2117 1401 2388 1471 αἰρόμεθα
2413 1404 2548 1474 (58).
2572 1405 2681 1477 Βοᾷ
2705 1408 2815 1478 γάρ
2850 1406 3097 1470 Ἡσαΐας,
3121 1427 3151 1457 ι
3181 1407 3309 1460 Ἰδοὺ
3339 1408 3413 1472 ὡς
3440 1409 3467 1459 ὁ
3490 1408 3692 1472 δίκαιος

2117 1495 2385 1561 ἀπώλετο,
2419 1500 2512 1551 καὶ
2555 1499 2732 1564 οὐδεὶς
2775 1500 3053 1570 ἐκδέχεται
3095 1503 3159 1571 τῇ
3195 1500 3425 1571 καρδίᾳ·
3470 1502 3564 1554 καὶ
3602 1501 3695 1555 ἆν-

2115 1588 2238 1660 δρες
2274 1588 2470 1643 δίκαιοι
2514 1589 2781 1663 αἴρονται,
2818 1592 2913 1644 καὶ
2945 1593 3121 1657 οὐδεὶς
3150 1596 3420 1647 κατανοεῖ.
3457 1613 3474 1645 ι

2190 1680 2311 1731 Hl.
2353 1682 2464 1734 Καὶ
2490 1683 2571 1735 ὅτι
2609 1682 2702 1735 δύο
2740 1685 3044 1755 παρουσίας
3082 1686 3426 1756 συμϐολικῶς
3470 1687 3697 1757 γενήσε-

430 1774 567 1827 Alia:
609 1774 797 1844 ﬁgura?
836 1774 996 1841 primi
1025 1776 1299 1840 adventus,
1346 1778 1405 1829 in
1434 1792 1539 1844 quo
1567 1792 1661 1845 per
1697 1777 2001 1845 sanguinem

2115 1771 2239 1826 σθαι
2261 1772 2447 1826 τούτου
2471 1773 2562 1827 τοῦ
2590 1775 2826 1847 Χριστοῦ
2861 1776 2956 1831 καὶ
2991 1777 3084 1829 ἐπὶ
3115 1777 3386 1842 Μωῦσέως
3418 1779 3529 1850 (59)
3563 1796 3695 1849 προ-

427 1862 627 1918 Christi
668 1874 844 1934 gentes
884 1864 1141 1918 liberataz.
1180 1894 1251 1903 —
1284 1865 1361 1919 Ac
1412 1866 1549 1919 duos
1588 1864 1804 1932 quidem
1851 1864 2001 1931 hujus

2115 1863 2349 1932 ελέγετο,
2376 1869 2633 1938 προεῖπον
2657 1867 2743 1921 διὰ
2765 1867 2857 1921 τοῦ
2885 1869 3152 1939 συμϐόλου
3174 1870 3282 1924 τῶν
3304 1874 3362 1924 ἐν
3474 1847 3696 1943 νηστεία

424 1957 626 2011 Christi
657 1959 923 2017 adventus
957 1972 1155 2012 arcane
1183 1957 1348 2011 etiam
1374 1955 1576 2027 Moysis
1607 1966 1848 2026 tempore
1874 1972 2012 2025 prae-

423 2049 600 2104 dictos
646 2048 838 2115 fuisse,
893 2051 1006 2118 jam
1060 2064 1125 2103 ex
1178 2049 1333 2117 signo
1378 2050 1654 2102 hircorum
1707 2049 1760 2102 in
1805 2046 2013 2116 jejunio

427 2139 737 2201 oblatorum
776 2140 1167 2196 demonstravi.
1202 2140 1266 2194 Et
1298 2155 1513 2194 rursum
1572 2142 1627 2195 in
1673 2140 1738 2194 iis
1774 2155 1893 2210 qua;
1922 2139 2013 2195 Je-

422 2249 517 2289 sus
542 2244 595 2288 et
625 2234 835 2307 Moyses
866 2235 1133 2300 fecerunt,
1169 2234 1310 2289 idem
1350 2249 1551 2289 arcane
1586 2236 2008 2305 praenuntiatum

419 2335 479 2381 et
534 2327 741 2381 dictum
793 2338 897 2382 est.
950 2328 1105 2381 Alter
1156 2328 1303 2381 enim
1353 2328 1611 2397 expansis
1660 2328 1914 2381 manibus
1955 2328 2007 2381 in

420 2419 556 2473 eolle
602 2420 668 2473 ad
716 2433 999 2487 vesperam
1048 2434 1219 2489 usque
1262 2421 1581 2488 permansit,
1615 2435 1738 2473 cum
1809 2433 2007 2473 manus

419 2509 539 2578 ejus
582 2518 1041 2577 sustentarentur,
1086 2511 1231 2581 quod
1279 2528 1411 2567 sane
1445 2512 1648 2566 nullam
1683 2512 1843 2566 aliam
1902 2512 2006 2566 nisi

419 2602 600 2658 crucis
647 2601 875 2671 ﬁguram
907 2603 1151 2658 exhibet.
1192 2604 1347 2658 Alter
1391 2614 1572 2659 autem
1615 2602 1743 2659 Jesu
1778 2604 1997 2658 nomine

419 2695 860 2763 cognominatus,
892 2697 999 2749 dux
1027 2705 1144 2751 erat
1170 2712 1384 2767 pugnas,
1425 2706 1481 2751 et
1530 2698 1698 2752 Israel
1730 2698 2004 2753 vincebat.

418 2784 548 2839 lllud
570 2788 733 2841 etiam
760 2789 811 2839 in
842 2787 1106 2841 ambobus
1137 2787 1245 2842 illis
1276 2787 1483 2842 sanctis
1508 2789 1640 2842 viris
1666 2797 1719 2841 et
1748 2789 1842 2843 Dei
1877 2804 2005 2856 pro-

416 2875 596 2944 phetis
630 2875 833 2930 factum
869 2876 1176 2947 intelligere
1202 2886 1309 2943 est,
1358 2893 1551 2947 nempe
1593 2881 1698 2931 duo
1742 2878 1831 2932 illa
1887 2894 2006 2949 my-

418 2965 612 3032 steria,
656 2979 911 3021 neutrum
948 2967 1163 3022 illorum
1204 2978 1422 3038 portare
1447 2969 1621 3025 solum
1657 2972 1921 3039 potuisse,
1952 2972 2004 3027 id

415 3066 501 3113 est
520 3059 723 3125 crucis,
751 3069 806 3114 et
830 3061 1172 3130 cognominis
1201 3061 1437 3131 impositi
1466 3064 1705 3133 signum.
1734 3063 1831 3118 Est
1854 3064 2003 3117 cnim

413 3160 472 3203 et
502 3158 623 3206 erat
649 3160 705 3206 et
731 3154 838 3206 crit
872 3153 1033 3207 unius
1060 3170 1126 3209 ac
1157 3154 1325 3209 solius
1359 3156 1463 3209 ista
1488 3156 1593 3223 vis,
1618 3154 1771 3223 cujus
1797 3156 1882 3211 vel
1904 3172 1998 3209 no-

417 3257 538 3295 men
570 3242 911 3313 principatus
942 3246 1121 3301 omnis
1152 3247 1495 3313 reformidat,
1536 3248 1821 3303 tabescens
1852 3251 1994 3318 quod
2023 3234 2053 3267 ⁸

414 3349 512 3403 per
541 3335 691 3389 illum
725 3341 1053 3394 everteudus
1086 3341 1176 3394 sit.
1213 3340 1407 3395 Noster
1438 3341 1604 3410 igitur
1641 3343 1911 3410 passibilis
1941 3351 1997 3397 et

413 3427 709 3482 cruciﬁxus
735 3427 1019 3497 Christus,
1050 3446 1398 3501 nequaquam
1429 3432 1565 3488 diris
1598 3448 1626 3486 a
1679 3433 1799 3504 lege
1829 3434 1997 3489 devoo

417 3529 502 3573 tus
543 3518 667 3586 fuit,
705 3521 799 3575 sed
834 3521 1007 3575 solum
1039 3535 1100 3576 se
1131 3537 1227 3577 eos
1267 3532 1608 3577 servaturum
1655 3526 1997 3580 demonstra-

411 3610 506 3664 bat
538 3611 631 3680 qui
660 3612 725 3667 ab
750 3613 867 3682 ejus
900 3612 1003 3666 [ide
1034 3629 1140 3669 non
1185 3614 1497 3670 discedunt.
1537 3616 1614 3669 Ac
1652 3630 1747 3670 eos
1773 3617 1997 3686 quidem

412 3702 508 3771 qui
543 3704 595 3757 in
632 3704 867 3775 Egyplo
900 3708 1100 3761 servati
1150 3716 1298 3775 sunt,
1332 3723 1456 3761 cum
1488 3708 1733 3777 perirent
1784 3710 1989 3779 primo-

413 3795 594 3867 genita
621 3796 1036 3869 Egyptiorum,
1070 3802 1291 3871 sanguis
1334 3800 1555 3856 Paschae
1589 3801 1861 3868 liberavit,
1896 3818 1992 3873 po-

411 3889 587 3944 stibus
632 3891 886 3960 utrinque
926 3900 981 3945 et
1009 3892 1415 3961 superliminari
1470 3906 1746 3961 aspersus.
1784 3894 1993 3949 Pascha

409 3981 557 4035 enim
615 3991 732 4036 erat
791 3982 1068 4048 Christus,
1124 3983 1215 4054 qui
1280 3992 1469 4054 postea
1526 3985 1837 4040 immolatus
1882 3996 1988 4051 est,

409 4074 869 4142 quemadmodum
902 4085 958 4131 et
1000 4075 1171 4131 lsaias
1205 4076 1321 4131 ait:
1374 4096 1394 4130 ι
1438 4078 1557 4146 ipse
1588 4087 1843 4145 tanquam
1869 4080 1989 4133 ovis

409 4164 476 4218 ad
514 4166 845 4221 occisionem
875 4168 1070 4223 ductus
1110 4177 1196 4223 est
1227 4170 1296 4223 ⁷⁸.
1339 4188 1359 4220 ι
1390 4170 1525 4225 Eum
1555 4182 1737 4225 autem
1770 4171 1860 4226 die
1889 4169 1989 4224 Pa-

410 4256 555 4312 schae
593 4273 623 4312 ι
673 4259 827 4314 vobis
878 4263 1355 4331 comprehensum,
1400 4278 1464 4317 ac
1509 4262 1766 4318 similiter
1801 4264 1853 4317 in
1887 4264 1989 4317 Pa-

409 4348 599 4404 schate
618 4351 937 4405 crucilixum
981 4351 1152 4408 fuisse
1182 4354 1444 4424 scriptum
1478 4362 1583 4409 est.
1614 4354 1985 4420 Quemadmo—

2119 1959 2590 2030 προσφερομένων
2621 1959 2856 2031 τράγων.
2902 1962 3013 2015 Καὶ
3044 1963 3205 2017 πάλιν
3232 1966 3289 2017 ἐν
3315 1960 3396 2029 οἷς
3435 1966 3696 2037 ἐποίησαν

2115 2052 2355 2121 Μωῦσῆς
2385 2052 2480 2105 καὶ
2514 2052 2738 2123 Ἰησοῦς,
2771 2053 2832 2106 το
2859 2054 2991 2107 αὐτὸ
3018 2058 3535 2128 προκηρυσσόμενον
3562 2076 3697 2130 συμ-

2114 2142 2344 2206 ϐολικῶς
2378 2138 2466 2213 ἦν,
2501 2144 2595 2195 καὶ
2624 2143 2936 2214 λεγόμενον.
2986 2144 3042 2197 '0
3076 2145 3174 2215 μὲν
3218 2145 3328 2217 γὰρ
3366 2146 3566 2223 αὐτῶν,
3599 2148 3695 2211 τὰς

2113 2239 2299 2308 χεῖρας
2349 2235 2614 2300 ἐκτείνας,
2669 2236 2763 2289 ἐπὶ
2822 2233 2917 2290 τοῦ
2970 2236 3160 2307 βουνοῦ
3221 2238 3413 2309 μέχρις
3456 2239 3695 2310 ἑσπέρας

2111 2329 2319 2398 ἔμενεν,
2360 2328 2881 2400 ύποϐασταζομένων
2916 2328 3023 2383 τῶν
3053 2328 3278 2400 χειρῶν·
3310 2330 3339 2382 ὃ
3366 2330 3584 2394 οὐδενὸς
3612 2332 3696 2385 άλ-

2110 2422 2203 2475 λου
2231 2421 2399 2476 τύπον
2437 2422 2711 2477 δείκνυσιν.
2744 2422 2777 2494 ἦ
2806 2420 2899 2475 τοῦ
2931 2422 3164 2494 σταυροῦ
3186 2440 3201 2453 ⁵
3232 2425 3264 2477 ὁ
3293 2423 3372 2487 δέ,
3394 2423 3475 2494 τῷ
3518 2423 3693 2495 Ἰησοῦ

2109 2515 2336 2586 ὀνόματι
2374 2515 2819 2587 μετονομασθεὶς,
2851 2511 2989 2587 ἦρχε
3022 2515 3125 2585 τῆς
3174 2516 3375 2587 μάχης,
3410 2515 3505 2570 καὶ
3538 2516 3697 2569 ἐνίκα

2122 2608 2355 2679 Ἰσραήλ.
2389 2605 2497 2661 ’Ἦν
2522 2608 2577 2661 δὲ
2608 2608 2700 2661 καὶ
2728 2608 2884 2661 τοῦτο
2907 2609 2994 2661 ἐπ’
3032 2608 3356 2680 ἀμφοτέρων
3388 2608 3496 2662 τῶν
3524 2610 3695 2678 ἁγίων

2108 2701 2317 2772 ἀνδρῶν
2353 2701 2594 2766 ἐκείνων,
2622 2702 2715 2753 καὶ
2754 2700 3044 2772 προφητῶν
3081 2700 3175 2754 τοῦ
3202 2700 3338 2754 Θεοῦ
3370 2700 3562 2770 νοῆσαι
3601 2718 3693 2770 γε-

2107 2791 2426 2862 γενημένον,
2456 2792 2538 2845 ὅτι
2562 2792 2847 2862 ἀμφότερα
2883 2791 2952 2845 τὰ
2984 2792 3257 2863 μυστήρια
3288 2785 3368 2855 εἷς
3390 2791 3571 2845 αὐτῶν
3602 2792 3695 2862 βα·-

2110 2884 2303 2937 στάσαι
2327 2884 2426 2936 οὐκ
2461 2878 2529 2955 ἦν
2554 2883 2777 2948 δυνατός
2796 2900 2808 2913 ·
2841 2881 2984 2949 λέγω
3005 2883 3063 2936 δέ
3088 2883 3183 2936 τὸν
3202 2881 3371 2935 τύπον
3409 2883 3501 2936 τοῦ
3526 2900 3695 2935 σταυ-

2108 2972 2200 3046 ροῦ
2243 2973 2335 3026 καὶ
2379 2971 2471 3026 τδν
2512 2971 2682 3025 τύπον
2726 2972 2825 3043 τῆς
2874 2971 2970 3024 τοῦ
3012 2971 3278 3043 ὀνόματος
3330 2972 3688 3043 ἐπικλήσεως.

2118 3064 2267 3130 Ἐνὸς
2305 3063 2415 3135 γὰρ
2455 3064 2620 3136 μόνου
2661 3066 2695 3134 ἡ
2738 3065 2890 3134 ἰσχὺς
2936 3063 3073 3135 αὕτη
3128 3066 3267 3129 ἐστὶ,
3321 3066 3415 3117 καὶ
3463 3060 3553 3135 ἦν,
3601 3065 3693 3117 καὶ

2105 3156 2277 3217 ἔσται,
2308 3150 2370 3209 οὗ
2394 3154 2490 3207 καὶ
2523 3155 2582 3208 τὸ
2609 3153 2781 3224 ὄνομα
2820 3156 2969 3207 πᾶσα
2999 3155 3142 3226 ἀρχὴ
3193 3153 3302 3224 (60)
3338 3154 3527 3218 δέδιεν,
3568 3154 3690 3207 ὠδί-

2099 3264 2266 3302 νουσα
2300 3248 2382 3301 ὃτι
2417 3247 2485 3300 δι’
2522 3247 2685 3301 αὐτοῦ
2712 3247 3086 3315 ,καταλύεσθαι
3131 3247 3433 3318 μέλλουσιν.
3503 3248 3563 3301 '0
3600 3243 3691 3301 οὖν

2103 3339 2343 3411 παθητὸς
2370 3339 2529 3411 ἡμῶν
2568 3340 2662 3393 καὶ
2684 3340 3014 3412 σταυρωθεὶς
3037 3341 3271 3412 Χριστὸς
3310 3341 3369 3393 ού
3402 3341 3689 3412 κατηράθη

2099 3432 2203 3485 ὑπὸ
2237 3431 2330 3485 τοῦ
2369 3431 2555 3504 νόμου,
2597 3432 2733 3486 ἀλλὰ
2774 3433 2932 3504 μόνος
2969 3432 3161 3485 σώσειν
3191 3434 3315 3497 τοὺς
3345 3432 3419 3506 μὴ
3450 3434 3686 3503 ἀφιστα-

2101 3524 2293 3595 μένους
2328 3524 2430 3596 τῆς
2467 3526 2573 3595 γῆς
2608 3526 2747 3590 τέως
2787 3526 2898 3598 (61)
2936 3526 3101 3579 αὐτοῦ
3141 3526 3355 3597 ἐδήλου.
3410 3527 3521 3581 Καὶ
3561 3529 3689 3591 τοὺς

2096 3616 2154 3670 ἐν
2190 3614 2451 3685 Αἰγύπτῳ
2486 3614 2543 3670 δέ
2593 3614 2882 3681 σωθέντας,
2922 3617 3012 3669 ὅτε
3051 3616 3365 3670 ἀπώλλυντο
3412 3618 3481 3671 τὰ
3519 3636 3673 3688 πρω·

2092 3705 2288 3761 τότοκα
2307 3706 2419 3759 τῶν
2438 3708 2770 3776 Αἰγυπτίων,
2798 3710 2859 3762 τὸ
2884 3710 2978 3762 τοῦ
3012 3711 3203 3780 Πάσχα
3246 3709 3514 3781 ἐρρύσατο
3548 3706 3688 3781 αἷμα

2093 3797 2154 3849 τὸ
2186 3798 2494 3869 ἑκατέρωσε
2525 3799 2635 3852 τῶν
2670 3801 2926 3873 σταθμῶν
2961 3802 3055 3855 καὶ
3083 3802 3175 3855 τοῦ
3217 3803 3523 3873 ὑπερθύρου
3562 3821 3684 3873 χρι-

2095 3889 2239 3943 σθέν.
2274 3886 2382 3942 ’Ἦν
2404 3890 2513 3962 γὰρ
2544 3892 2604 3945 τὸ
2637 3894 2829 3963 Πάσχα
2861 3894 2889 3945 ὁ
2920 3893 3173 3962 Χριστὸς,
3222 3896 3251 3947 ὁ
3294 3894 3477 3958 τυθεὶς
3523 3894 3685 3947 ὓστε-

2097 3999 2206 4053 ρον,
2242 3983 2317 4046 th;
2350 3985 2442 4036 καὶ
2487 3984 2711 4048 Ἡσαΐας
2742 3986 2845 4056 ἔφη
2866 4002 2879 4015 ·
2903 4004 2923 4036 ι
2968 3986 3135 4049 Αὐτὸς
3171 3986 3246 4049 ὼς
3291 3987 3563 4057 πρόϐατον
3594 3987 3688 4040 ἐπὶ

2095 4073 2305 4144 σφαγὴν
2343 4073 2502 4145 ἤχθη.
2546 4093 2563 4122 ι
2596 4076 2706 4128 Καὶ
2736 4076 2817 4127 ὅτι
2858 4076 2917 4127 ἐν
2950 4075 3132 4145 ἡμέρᾳ
3163 4074 3257 4127 τοῦ
3293 4076 3483 4145 Πάσχα
3517 4092 3683 4128 συνε-

2094 4165 2288 4218 λάϐετε
2313 4166 2494 4229 αὐτὸν,
2522 4167 2616 4219 καὶ
2638 4167 2839 4236 ὁμοίως
2870 4168 2929 4219 ἐν
2963 4166 3038 4236 τῷ
3064 4168 3253 4236 Πάσχα
3278 4164 3685 4237 ἐσταυρώσατε,

2095 4258 2421 4328 γέγραπται.
2471 4259 2557 4321 Ὡς
2584 4258 2641 4311 δὲ
2673 4261 2801 4322 τοὺς
2832 4260 2891 4311 ἐν
2924 4258 3187 4329 Αἰγύπτῳ
3232 4257 3403 4310 ἔσωσε
3445 4258 3515 4310 τὸ⁵
3542 4254 3687 4327 αἷμα

2094 4348 2189 4401 τοῦ
2221 4349 2433 4419 Πάσχα,
2465 4350 2638 4413 οὕτως
2670 4351 2763 4402 καὶ
2782 4351 2909 4413 τοὺς
2939 4350 3334 4411 πιστεύσαντας
3358 4347 3585 4419 ῥύσεται
3620 4350 3689 4401 ἐκ

408 4438 533 4491 dum
566 4450 745 4493 autem
777 4457 893 4507 eos,
925 4443 1018 4513 qui
1048 4446 1100 4498 in
1131 4444 1372 4515 Egypto
1398 4456 1576 4512 erant,
1619 4446 1843 4515 sanguis
1875 4443 1981 4498 Pa-

2109 4443 2319 4498 ιανάτου
2352 4442 2413 4495 τὸ
2447 4438 2587 4513 αἷμα
2616 4442 2711 4496 τοῦ
2745 4442 3004 4515 Χριστοῦ.
3044 4442 3308 4513 ’Ἐμελλεν
3352 4437 3445 4495 οῦν
3482 4443 3511 4495 ό
3551 4441 3685 4505 Θεὸς

407 4531 554 4585 solue
582 4533 851 4599 servavit,
884 4535 965 4591 sic
1001 4545 1059 4590 et
1087 4551 1184 4591 eos
1216 4538 1309 4607 qui
1346 4539 1699 4605 crediderint,
1729 4538 1985 4593 liberabit

498 4645 544 4677 ⁷³
582 4646 687 4705 lsa.
715 4663 850 4717 Lvu,
888 4650 941 4707 1.
1016 4650 1063 4682 ⁸⁸⁸
1104 4648 1216 4705 lsa.
1257 4666 1377 4717 Lm,
1411 4651 1463 4704 7.

480 4799 593 4874 (57)
629 4805 1109 4874 Συγχωροῦντες.
1142 4805 1379 4861 Necesse
1408 4821 1516 4860 non
1541 4814 1624 4859 est
1658 4805 1835 4873 legere
1866 4822 2001 4874 συγ-ι

406 4871 668 4947 χωροῦσι,
725 4871 788 4928 ut
835 4871 1127 4947 Sylburgio
1181 4878 1382 4944 placet,
1434 4891 1558 4930 cum
1615 4871 1886 4936 Jusiiuus,
1938 4871 1998 4929 ut

404 4946 517 5011 jam
566 4959 711 5015 smpe
741 4946 1075 5010 manuimus,
1121 4964 1227 5001 non
1271 4948 1478 5015 rigidus
1518 4947 1590 5001 sit
1620 4947 1884 5015 ejusmodi
1921 4948 1998 4999 le-

408 5026 532 5086 gum
561 5014 902 5086 observator.
940 5016 1118 5086 Supra
1159 5034 1215 5071 ιι.
1244 5014 1337 5081 40,
1366 5026 1489 5085 post
1522 5014 1888 5086 νηστευόντων
1918 5016 1998 5070 lc-

408 5084 554 5151 gitur
589 5082 947 5157 διασπῶντες.
987 5082 1128 5157 Item
1154 5104 1209 5141 ιι.
1254 5082 1380 5151 101,
1414 5082 1587 5157 αὐτὸν
1620 5085 1904 5157 ὁμολογεῖν
1930 5096 1999 5157 get

410 5153 721 5275 ἒέοὲὶαύτὸς
753 5156 994 5225 μηνύων.
1031 5155 1154 5212 Vid.
1191 5174 1246 5211 n.
1288 5158 1412 5222 105,
1453 5166 1509 5212 ει
1539 5153 1693 5227 Apol.
1736 5153 1808 5220 1,
1839 5173 1896 5212 n.
1928 5155 1999 5211 55

405 5232 461 5276 et
492 5232 581 5275 0‘2.

478 5294 590 5363 (58)
643 5294 774 5368 Ἀπὸ
819 5295 935 5365 γῆς
978 5298 1278 5368 αἱρόμεθα.
1342 5301 1464 5356 llaec
1522 5301 1686 5357 etiam
1736 5300 1982 5354 imitatur

408 5361 646 5417 nemus
682 5366 799 5418 loco
827 5361 943 5432 'ja'm
974 5361 1162 5424 citato.

480 5433 606 5506 (59)_
646 5436 767 5487 Ἐπὶ
810 5439 1123 5504 Μωϋσέως.
1158 5438 1387 5495 Necesse
1418 5457 1523 5494 nou
1548 5451 1631 5496 est
1661 5443 1841 5506 legere
1874 5439 1979 5492 ὑπὸ

407 5504 708 5583 Νωῧσέῳῇ
742 5507 921 5583 Supra
942 5508 1187 5583 Justinus
1208 5511 1425 5583 dicebat
1455 5529 1509 5566 ιι.
1539 5514 1640 5567 99:
1677 5504 1855 5583 Ὅπερ
1888 5513 1982 5583 ἐπὶ

409 5573 645 5651 ξίριστοῦ
683 5573 876 5651 ἔμελλε
907 5577 1179 5651 λέγεσθαι.
1216 5582 1307 5637 Sic
1337 5585 1499 5637 cliatu
1544 5600 1602 5638 ιι.
1635 5584 1759 5651 119,
1804 5573 1863 5635 ’έὺ
1893 5582 1979 5634 λε-

408 5643 689 5723 λεγμέὶνον-
701 5643 794 5723 ἐπὶ
822 5643 1116 5723 Μωῦσέως.

485 5714 596 5786 (σο)
637 5714 811 5771 Πᾶσα
843 5717 1019 5786 ἀρχή.
1054 5720 1149 5775 llis
1190 5721 1367 5776 verbis
1397 5721 1639 5777 Justinus
1669 5738 1773 5776 non
1806 5722 1978 5775 solum

416 5785 685 5862 malorum
718 5785 1033 5855 angelorum
1070 5792 1405 5859 principatus
1433 5794 1646 5847 videtur
1673 5794 1980 5862 designare,

416 5853 512 5910 sed
543 5856 710 5911 etiam
737 5853 980 5913 terrenas
1017 5853 1336 5929 potestates,
1380 5864 1428 5919 id
1470 5874 1548 5918 est
1583 5879 1739 5934 rcges
1770 5853 1820 5918 εἷ
1846 5853 1983 5935 ρι’ςιιῖ

2099 4536 2418 4602 πλανᾶσθαι,
2452 4540 2499 4590 εἰ
2526 4537 2600 4608 μὴ
2631 4536 2692 4589 τὸ
2728 4538 2951 4607 σημεῖον
2982 4534 3138 4588 τοῦτο
3173 4534 3281 4603 (69.)
3322 4534 3414 4586 ἐπὶ
3444 4532 3556 4585 τῶν
3586 4531 3683 4585 θυ-

2103 4807 2271 4866 sides,
2304 4805 2503 4874 quibus
2543 4807 2745 4860 Christi
2787 4819 2982 4861 nomen
3029 4803 3303 4858 formidini
3350 4816 3476 4858 esse
3520 4804 3693 4860 docet

2103 4894 2157 4930 ιι.
2194 4877 2315 4930 H7.
2348 4875 2620 4939 Justinus,
2656 4885 2712 4929 ut
2745 4886 2868 4943 pote
2917 4877 3069 4944 regni
3105 4874 3251 4929 mille
3281 4890 3545 4944 annorum
3586 4878 3686 4928 ἀεσ-

2105 4948 2307 5007 lensor,
2343 4947 2627 5000 existimat
2653 4961 2808 5016 rcges
2835 4961 2957 5000 cum
2986 4943 3326 5000 Antichristo
3356 4943 3683 5016 coniunctos

2103 5033 2131 5070 a
2164 5016 2384 5071 Christo
2435 5015 2777 5087 proﬂigatum
2831 5016 2931 5082 iri;
2979 5016 3127 5085 quod
3178 5017 3397 5083 quidem
3440 5015 3686 5070 Irenarus

2100 5087 2195 5141 lib.
2229 5102 2282 5148 v,
2315 5098 2368 5141 et
2398 5086 2714 5142 Lactantius
2746 5087 2838 5143 lib.
2876 5102 2973 5152 vn,
3014 5088 3236 5142 uberius
3269 5094 3569 5153 exponunt.

2173 5158 2286 5228 (61)
2346 5158 2459 5225 Τῆς
2502 5157 2614 5227 γῆς
2647 5156 2811 5231 τέως.
2847 5156 3184 5231 __Mauilestus
3230 5172 3389 5231 error
3438 5172 3537 5224 pro
3573 5155 3683 5231 τῆς

2099 5227 2357 5291 πίστεως,
2394 5241 2449 5285 ιιι
2478 5229 2795 5282 observavit
2841 5227 3191 5298 Sylhurgius.
3227 5227 3334 5282 Lex
3379 5242 3482 5279 n0u
3516 5227 3683 5279 modo

2093 5315 2198 5352 non
2230 5299 2508 5355 maledixit
2541 5298 2783 5361 Christo,
2807 5303 2900 5352 sed
2937 5300 3104 5351 etiam
3133 5298 3528 5355 demonstravit
3550 5314 3680 5350 eum

2099 5371 2319 5423 unicum
2374 5385 2494 5424 esse
2545 5368 2886 5422 Salvatorem
2941 5384 3129 5421 eorum
3182 5368 3278 5437 qui
3330 5385 3359 5421 a
3413 5369 3515 5421 [ide
3567 5384 3680 5421 non

2089 5440 2395 5501 discedunt,
2423 5440 2519 5509 sed
2544 5446 2600 5491 ut
2634 5438 2846 5509 Moyses
2875 5438 2929 5492 in
2955 5440 3232 5509 erigendis
3265 5437 3516 5509 manibus
3546 5453 3679 5505 per-

2089 5520 2361 5564 severant.
2394 5508 2520 5579 Legi
2563 5507 2745 5578 posset
2793 5507 3066 5580 ἐδηλοῦτο,
3117 5510 3209 5563 sed
3262 5508 3388 5578 quia
3422 5507 3680 5563 Christus

2088 5590 2281 5703 ﬂuctor
2321 5581 2459 5651 legis
2494 5589 2599 5647 est,
2641 5589 2907 5649 quatenus
2944 5580 3217 5649 Verbum,
3263 5580 3402 5634 nihil
3452 5588 3673 5631 tttulanv

2127 5666 2239 5703 um.

2127 5666 2239 5703 um.

2160 5721 2273 5789 (ϐξ)
2316 5721 2385 5776 Τὸ
2415 5721 2665 5793 σημεῖον
2690 5722 2883 5777 τοῦτο.
2923 5721 3147 5777 Videtur
3175 5718 3421 5793 Justinus
3452 5719 3677 5793 signum

2091 5794 2274 5846 crucis
2304 5790 2628 5863 intelligere,
2676 5794 2826 5863 quia,
2860 5804 2919 5846 ut
2964 5794 3126 5861 paulo
3168 5804 3296 5847 ante
3350 5790 3509 5851 dixit,
3540 5802 3679 5839 san-

2092 5864 2255 5932 guiue
2302 5864 2561 5922 [SNCIlltB
2600 5873 2654 5920 ct
2700 5864 3117 5935 superliininare
3158 5874 3212 5920 et
3265 5863 3519 5931 utrinque
3564 5872 3672 5926 po:
