3954 6258
273 396 372 453 733

1295 405 1644 465 DIALOGUS
1681 407 1825 465 CUM
1861 407 2237 466 TRYPIIONE
2274 409 2538 466 JUD/EO.

3464 409 3567 467 ’ἴδ’

268 506 372 576 ρῶν
405 507 706 580 ἐγεγάνεις
739 514 826 568 Οὐ
866 516 1025 591 φημὶ
1062 519 1195 588 ἐγὼ,
1232 516 1351 571 ἀλλ’
1396 520 1479 574 ὅτι
1512 522 1880 593 προεκήρυσσε

1991 538 2022 577 a
2062 533 2242 579 morte
2265 526 2491 594 sanguis
2521 524 2752 579 Christi.
2785 523 2929 579 Deus
2963 539 3095 592 ergo
3128 524 3568 580 hallucinaturns

260 598 355 669 τὴν
390 598 707 670 μέλλουσαν
749 604 827 658 δι’
862 607 1105 676 αἴματος
1144 608 1236 663 τοῦ
1280 609 1517 680 Χριστοῦ
1558 610 1882 681 γενήσεσθαι

266 690 538 761 σωτηρίαν
570 692 658 764 τῷ
693 696 859 763 γένει
884 698 1002 753 τῶν
1026 698 1346 770 ἀνθρώπων.
1388 700 1499 754 Καὶ
1530 700 1639 771 γὰρ
1679 700 1881 772 σύμϐο-

266 783 353 837 λον
381 784 476 838 τοῦ
523 788 809 842 κοκκίνου
862 792 1133 864 σπαρτίου
1179 791 1288 865 (6‘5)
1333 785 1395 846 οῦ
1438 792 1644 847 ἔδωκαν
1686 796 1743 846 ἐν
1787 794 1883 847 Ἰεκ

277 875 469 947 μχῷοί
490 878 609 932 ἀπὸ
643 880 841 950 Ἰησοῦ
873 883 971 936 τοῦ
1000 884 1153 955 Ναυῆ
1173 884 1511 955 πεμφθέντες
1545 886 1881 939 κατάσκοποι

286 964 445 1019 Ῥαὰϐ
468 971 539 1038 τῇ
572 969 789 1044 πόρνῃ,
826 974 1077 1039 εἰπόντες
1107 975 1405 1046 πῳσδῇσαι
1438 974 1568 1027 αὐτὸ
1587 978 1652 1045 τῇ
1683 974 1879 1046 θυρίδι,

275 1062 339 1115 dt‘
364 1058 432 1134 ἦς
464 1064 679 1128 αὐτοὺς
704 1066 985 1136 ἐχάλασεν
1006 1068 1153 1131 ὅπως
1184 1068 1385 1122 λάθωσι
1409 1070 1537 1131 τοὺς
1570 1068 1879 1139 πολεμίους,

276 1153 467 1223 ὁμοίως
508 1154 577 1209 τὸ
612 1156 901 1226 σύμόολον
942 1159 1039 1213 τοῦ
1074 1160 1306 1231 αἵματος
1334 1160 1427 1213 τοῦ
1472 1160 1708 1231 Χριστοῦ
1754 1161 1881 1231 ἐδή-

278 1241 382 1306 λω,
425 1245 496 1298 δι’
530 1240 599 1299 οὗ
648 1250 702 1300 οἱ
739 1250 912 1302 παλαι
961 1248 1147 1320 πόρνοι
1193 1251 1287 1303 καὶ
1332 1249 1507 1305 ἄδικοι
1554 1252 1617 1302 ἐκ
1666 1251 1881 1304 πάντων

278 1335 379 1388 τῶν
404 1337 587 1392 ἐθνῶν
617 1337 918 1406 σώζονται,
943 1341 1136 1411 ἄφεσιν
1168 1342 1452 1413 ἁμαρτιῶν
1484 1342 1758 1407 λαϐόντες,
1786 1348 1883 1396 καὶ

281 1432 473 1501 μηκέτι
506 1434 958 1505 ἁμαρτάνοντες.

346 1606 473 1660 Hi.
543 1607 748 1679 Ὑμεῖς
804 1609 897 1675 δέ,
955 1607 1127 1663 ταῦτα
1184 1610 1455 1675 ταπεινῶς
1505 1610 1881 1683 ἐξηγούμενοι,

280 1698 482 1771 πολλὴν
517 1700 819 1755 ἀσθένειαν
850 1702 1293 1773 καταψηφίζεσθε
1321 1702 1415 1756 τοῦ
1444 1702 1600 1769 Θεοῦ,
1634 1705 1683 1756 εί
1712 1703 1885 1757 ταῦτα

272 1791 413 1844 οὕτω
431 1791 620 1861 ψιλῶς
646 1792 922 1857 ἀκούοιτε,
954 1793 1048 1848 καὶ
1086 1793 1158 1865 μὴ
1189 1793 1288 1865 τὴν
1318 1793 1545 1864 δύναμιν
1577 1793 1882 1860 ἐξετάζοιτε

1983 625 2124 677 erat,
2157 616 2265 670 nisi
2302 616 2405 670 hoc
2432 617 2644 687 signum
2686 632 2851 685 super
2880 616 3041 689 205
3073 616 3279 671 foribus
3321 618 3566 671 exstitis-

1981 707 2109 763 set?
2152 706 2269 761 Non
2304 721 2438 762 sane
2480 708 2534 761 id
2574 722 2673 776 ego
2714 706 2969 768 dixerim,
3006 707 3100 762 sed
3140 708 3564 775 prrenuntiatam

1982 800 2051 853 ab
2084 815 2148 854 eo
2174 798 2411 854 futuram
2447 802 2685 855 humano
2706 799 2892 868 generi
2922 814 3019 868 per
3054 800 3373 867 sanguinem
3408 799 3569 854 Chri-

1983 892 2053 943 sti
2089 892 2342 945 salutem.
2370 889 2503 944 Nam
2536 900 2588 944 et
2614 890 2833 961 signum
2868 889 3090 943 funiculi
3124 890 3389 952 coccinei,
3423 892 3565 958 quod

1979 980 2295 1036 Jcrichuule
2330 982 2597 1036 dederunt
2652 981 2924 1035 meretrici
2968 980 3155 1035 Rahab
3192 980 3566 1049 exploratores

1984 1088 2011 1125 a
2040 1071 2165 1126 Jesu
2189 1070 2350 1127 Nava:
2373 1072 2545 1137 missi,
2580 1070 2852 1134 fenestrae,
2889 1085 2984 1140 per
3006 1086 3169 1139 quam
3198 1086 3288 1125 eos
3324 1072 3564 1134 demisit,

1983 1175 2042 1217 ut
2088 1164 2275 1221 hostes
2316 1165 2570 1230 laterent,
2603 1163 2813 1233 alligari
2861 1162 3139 1229 jubentes,
3191 1163 3447 1217 similiter
3487 1164 3563 1217 si-

1981 1270 2145 1324 gnum
2170 1255 2464 1310 exhibebat
2486 1256 2771 1323 sanguinis
2792 1253 3016 1319 Christi,
3044 1269 3141 1325 per
3162 1269 3323 1323 quem
3349 1268 3417 1308 ex
3448 1270 3569 1309 om-

1984 1348 2142 1401 nibus
2170 1346 2427 1417 gentibus
2456 1348 2550 1416 qui
2577 1346 2704 1399 olim
2736 1346 2939 1400 moechi
2972 1356 3027 1399 et
3056 1347 3226 1412 iniqui
3260 1356 3438 1410 erant,
3465 1346 3569 1423 sal-

1982 1447 2204 1506 vantur,
2242 1438 2625 1494 remissionem
2676 1447 3026 1508 peccatorum
3078 1438 3283 1508 adepti,
3316 1452 3416 1493 nec
3450 1437 3562 1504 jam

1983 1529 2216 1597 amplius
2249 1540 2564 1599 peccantes.

2057 1620 2179 1674 “2.
2234 1621 2413 1675 Jurlcei
2453 1621 2564 1675 Λαίς
2583 1620 2768 1691 jejuno
2795 1629 2843 1674 et
2872 1620 3079 1673 exiliter
3103 1629 3366 1688 exponunt
3402 1637 3464 1673 ac
3508 1621 3564 1673 in

1989 1711 2213 1765 minutis
2252 1720 2462 1764 tantum
2505 1711 2660 1765 rebus
2710 1712 3082 1764 immorantur.
3119 1740 3187 1751 —
3224 1712 3332 1767 Vos
3360 1724 3563 1773 autem,

1997 1805 2088 1872 qui
2119 1803 2233 1856 haec
2268 1802 2548 1856 humiliter
2573 1802 3034 1870 iuterpretamini,
3079 1803 3303 1856 multam
3338 1803 3567 1857 infirmi-

273 1882 382 1935 τῶν
411 1883 762 1955 εἰρημένων.
792 1884 948 1937 Ἐπεὶ
978 1886 1074 1938 καὶ
1105 1886 1347 1956 Μωῦσῆς
1390 1885 1535 1939 οὕτω
1573 1888 1880 1960 παράνομος

2001 1903 2165 1946 tatem
2200 1890 2311 1946 Deo
2346 1891 2626 1962 aiiingitis,
2663 1893 2707 1946 si
2751 1893 2863 1947 hare
2896 1891 2971 1945 ita
3006 1892 3190 1962 jejnne
3223 1892 3563 1964 intelligatis,

274 1974 339 2027 ἂν
366 1974 622 2045 κριθείη.
672 1974 846 2039 Αὐτὸς
867 1975 1241 2046 παραγγείλας
1273 1976 1384 2048 (64)
1423 1977 1650 2047 μηδενὸς
1681 1978 1884 2048 όμοίω-

279 2080 355 2134 μα
375 2064 640 2132 γίνεσθαι
676 2066 817 2135 μήτε
848 2065 960 2119 τῶν
996 2068 1090 2119 ἐπ)⁵
1112 2066 1193 2138 τῷ
1223 2066 1435 2138 οὐρανῷ
1496 2070 1633 2140 μήτε
1653 2068 1761 2122 τῶν
1793 2069 1888 2123 ἐπὶ

275 2155 378 2224 γῆς
408 2155 443 2225 ἢ
476 2154 788 2227 θαλάσσης,
837 2156 1030 2210 ἔπειτα
1063 2156 1186 2226 ὅφιν
1226 2157 1462 2227 χαλκοῦν
1494 2158 1658 2222 αὐτὸς
1691 2160 1884 2224 ἐποίει,

277 2247 369 2299 καὶ
396 2248 615 2317 στήσας
640 2248 734 2299 ἐπὶ
760 2248 986 2319 σημείου
1005 2248 1147 2312 τινὸς
1163 2248 1298 2320 (65),
1324 2248 1608 2302 ἐκέλευσεν
1628 2251 1705 2313 είς
1724 2249 1889 2303 αὑτὸν

273 2342 408 2410 ὸρᾷν
459 2340 598 2403 τοὺς
654 2341 1039 2411 δεδηγμένους·
1089 2344 1138 2394 οἱ
1182 2342 1226 2395 δ’
1284 2340 1555 2406 ἐσώζοντο
1602 2344 1683 2407 είς
1724 2342 1887 2396 αὑτὸν

272 2432 711 2496 ἀποϐλέποντες.
777 2433 837 2486 '0
888 2432 1010 2501 ὄφις
1052 2432 1160 2505 ἄρα
1210 2433 1535 2505 νοηθήσεται
1591 2436 1889 2490 σεσωκέναι

272 2526 365 2578 ἣν
378 2525 514 2577 λαὸν
539 2526 690 2587 τότε,
710 2524 769 2577 ὃν
788 2525 1090 2597 (προεῖπον)
1116 2526 1465 2596 κατηράσατο
1485 2526 1513 2577 ό
1528 2525 1661 2591 Θεὸς
1680 2526 1775 2598 τὴν
1789 2529 1889 2598 ἀρ-

275 2617 396 2687 χὴν,
424 2617 525 2669 καὶ
546 2617 729 2669 ἀνεῖλε
756 2616 847 2670 διὰ
859 2616 959 2686 τῆς
974 2617 1217 2688 μεγάλης
1244 2618 1537 2691 μαχαίρας,
1559 2618 1636 2682 ὠς
1663 2619 1888 2683 Ἡσαΐας

276 2708 411 2779 βοᾲ;
469 2709 569 2762 καὶ
611 2709 789 2772 οὕτως
823 2708 1074 2779 ἀφρόνως
1105 2710 1522 2781 παραδεξόμεθα
1565 2710 1635 2765 τὰ
1664 2711 1887 2765 τοιαῦτα

274 2798 351 2862 ὣς
382 2801 434 2852 oi
463 2799 787 2854 διδάσκαλοι
833 2799 988 2870 ὑμῶν
1019 2817 1173 2869 φασι,
1212 2801 1307 2855 καὶ
1351 2803 1412 2855 οὐ
1448 2800 1730 2873 σύμϐολα;
1766 2804 1888 2873 οὐχὶ

275 2890 333 2944 δὲ
363 2892 671 2962 ἀνοίσομεν
701 2893 798 2947 ἐπὶ
828 2891 930 2965 τὴν
972 2893 1157 2947 εἰκόνα
1196 2893 1290 2948 τοῦ
1330 2895 1737 2965 σταυρωθέντος
1786 2894 1889 2967 ’1η-

278 2981 373 3035 cui
404 2983 471 3035 τὺ
504 2984 763 3053 σημεῖον,
792 2983 917 3037 ἐπεὶ
958 2984 1053 3038 καὶ
1084 2985 1325 3056 Μωῦσῆς
1355 2985 1444 3040 διὰ
1476 2985 1578 3056 τῆς
1611 2987 1887 3050 ἐκτάσεως

279 3073 388 3129 τῶν
422 3073 633 3145 χειρῶν
667 3075 769 3129 σὺν
799 3074 879 3146 τῷ
911 3074 1260 3147 ἐπικληθέντι
1306 3076 1483 3149 Ἰησοῦ
1514 3077 1758 3149 ὀνόματι,
1794 3078 1886 3131 καὶ

280 3167 437 3236 νικᾷν
468 3166 567 3221 τὸν
602 3165 737 3220 λαὸν
771 3166 929 3237 ὑμῶν
957 3168 1309 3240 εἰργάζοντο;
1344 3169 1486 3223 οὕτω
1524 3169 1634 3241 γὰρ
1665 3169 1760 3223 καὶ
1791 3167 1884 3221 τοῦ

282 3257 509 3328 ἀπορεῖν
542 3258 679 3330 περὶ
727 3250 804 3313 ὧν
857 3259 1115 3331 ἐποίησεν
1157 3263 1186 3315 ό
1217 3260 1514 3333 νομοθέτης
1545 3262 1883 3333 παυσόμεθαο

283 3352 345 3403 οὗ
371 3352 481 3422 γὰρ
513 3349 845 3405 καταλιπὼν
863 3351 954 3404 τὸν
987 3352 1141 3419 Θεὸν,
1177 3354 1271 3406 ἐπὶ
1298 3352 1487 3426 θηρίον
1518 3353 1585 3407 δι’
1618 3349 1678 3409 οὗ
1711 3355 1744 3424 ὴ
1779 3372 1886 3409 πα-

289 3442 523 3512 ρὰδασις
553 3443 652 3497 καὶ
700 3442 954 3514 παρακοὴ
986 3444 1087 3515 τὴν
1117 3443 1295 3516 ἀρχὴν
1333 3444 1545 3511 ἐλαϐεν,
1580 3444 1763 3499 ἔπειθε
1793 3446 1888 3501 τὸν

286 3532 411 3585 λαδν
438 3533 712 3597 ἐλπίζειν.
748 3533 859 3587 Καὶ
889 3533 1061 3587 ταῦτα
1106 3536 1246 3606 μετὰ
1282 3535 1476 3589 πολλοῦ
1517 3536 1610 3590 νοῦ
1651 3538 1743 3591 καὶ
1787 3556 1887 3609 μυρ-

289 3624 506 3696 στηρίου
543 3625 744 3694 γέγονε
774 3626 869 3678 καὶ
898 3624 1096 3697 ἐρῤέθη
1128 3626 1217 3680 διὰ
1244 3626 1341 3680 τοῦ
1370 3627 1641 3699 μακαρίου
1673 3630 1889 3700 προφή-

284 3733 395 3769 του·
422 3717 520 3771 καί
554 3716 717 3770 οὐδέν
758 3718 907 3773 ἐστιν
951 3718 980 3770 ὅ
1030 3735 1114 3780 τις
1154 3718 1469 3789 μέμψασθαι
1516 3719 1739 3783 δικαίως
1774 3720 1888 3792 ἔχει

286 3809 394 3862 τῶν
421 3809 776 3881 λελεγμένων
807 3809 841 3880 ἢ
882 3811 1266 3881 γεγενημένων
1310 3812 1415 3865 ὑπὸ
1445 3812 1663 3866 πάντων
1701 3813 1887 3879 ἁπλῶς

287 3901 394 3955 τῶν
410 3902 741 3974 προφητῶν,
754 3902 855 3956 ἐὰν
868 3901 967 3974 τὴν
978 3902 1179 3971 γνῶσιν
1190 3902 1287 3975 τὴν
1304 3906 1363 3957 ἐν
1380 3905 1562 3968 αὐτοῖς
1580 3904 1689 3976 (66)
1703 3904 1882 3976 ἔχητε.

300 3994 422 4049 Ἐὰν
454 3997 513 4048 δὲ
547 3996 627 4060 ὡς
659 3998 711 4048 οἱ
740 3994 1048 4049 διδάσκαλοι
1080 3997 1235 4067 ὑμῶν
1275 3997 1407 4068 (67)’
1440 3997 1539 4051 Διὰ
1562 3997 1616 4051 τί
1648 3998 1885 4070 κάμηλοι

290 4088 383 4156 μὲν
410 4087 629 4159 θήλειαι
652 4091 713 4142 ἐν
739 4087 876 4159 τῷδε
898 4088 978 4159 τῷ
1001 4089 1151 4160 τόπῳ
1174 4089 1234 4142 οὐ
1251 4088 1517 4158 λέγονται,
1546 4089 1647 4161 ἥτί
1663 4092 1800 4145 εἰσιν
1827 4093 1884 4145 ai

280 4179 579 4250 λεγόμεναι
608 4181 848 4252 κάμηλοι
878 4181 1110 4252 θήλειαι,
1134 4181 1169 4253 ἢ
1204 4181 1294 4236 διὰ
1331 4182 1385 4236 τί
1426 4182 1757 4254 σεμιδάλεως
1784 4184 1883 4255 μέ-

277 4287 387 4342 τρα
412 4273 578 4335 τόσα,
620 4273 718 4326 καὶ
754 4272 937 4326 ἐλαίου
979 4272 1152 4343 μέτρα
1200 4272 1334 4326 τόσα
1376 4273 1435 4326 ἐν
1479 4276 1602 4337 ταῖς
1640 4290 1883 4345 προσφο-

282 4367 430 4433 ραξ,
470 4364 615 4433 μόνα
646 4363 964 4437 ἐξηγοῦνται
995 4367 1144 4437 ὑμῖν,
1176 4366 1272 4420 καὶ
1301 4364 1475 4421 ταῦτα
1496 4363 1763 4429 ταπεινῶς
1788 4365 1881 4420 καὶ

349 4524 401 4555 ⁸⁸
425 4525 573 4594 Cap.
605 4538 775 4590 xxv",
806 4528 858 4582 1.

281 4688 400 4731 stes
436 4677 750 4732 itteverant.
782 4677 927 4732 Idem
958 4677 1177 4734 videtur
1208 4678 1530 4732 observasse
1559 4674 1877 4732 Lactantius

283 4748 383 4801 lih.
424 4764 502 4810 Iv,
531 4761 586 4802 c.
619 4746 729 4802 26:
780 4766 800 4800 s
832 4748 1007 4819 iCujus
1049 4748 1149 4813 rei,
1193 4748 1386 4816 inquit,
1422 4748 1652 4817 figuram
1703 4746 1875 4801 Judaei

281 4820 451 4871 etiam
506 4832 653 4871 nunc
696 4818 985 4882 exhibent,
1026 4833 1148 4873 cum
1194 4818 1381 4871 limina
1432 4834 1527 4870 sua
1569 4819 1635 4870 de
1677 4831 1875 4872 cruore

282 4888 411 4957 agni
447 4896 665 4941 notant.
702 4906 721 4938 ι
754 4887 1118 4958 Hieronymus
1150 4888 1203 4941 in
1237 4896 1400 4955 caput
1432 4902 1577 4958 xxvi
1616 4886 1766 4941 Isaiae
1793 4887 1875 4940 sic

283 4956 535 5027 loquitur
559 4974 576 5009 :
611 4976 632 5009 ι
673 4958 907 5012 Venient
934 4956 1118 5011 autem
1151 4973 1366 5023 omnes,
1402 4966 1462 5011 ut
1495 4956 1717 5010 videant
1760 4958 1873 5024 glo—

283 5034 423 5081 riam
472 5027 615 5081 Dei:
654 5038 711 5081 et
759 5037 925 5096 ponet
958 5028 1027 5097 in
1071 5029 1154 5082 eis
1186 5029 1425 5097 signum,
1459 5028 1602 5095 quod
1646 5027 1698 5097 in
1739 5027 1875 5080 Eze-

280 5098 483 5151 rhielis
510 5097 785 5167 principio
825 5099 923 5151 sub
954 5096 1104 5150 Thau
1137 5096 1328 5151 littera:
1358 5096 1643 5167 ilebraieze
1690 5096 1871 5149 inter-

284 5171 602 5237 pre-latione
649 5166 1004 5223 monstratur.
1044 5168 1163 5235 Quo
1208 5171 1365 5236 signo
1407 5166 1711 5237 quiuluerit
1763 5168 1869 5220 im-

286 5234 536 5305 pressus,
569 5251 766 5291 manus
798 5238 1175 5306 persequentis
1223 5234 1463 5307 etiugiet.
1515 5234 1629 5289 lloc
1669 5244 1726 5290 et
1776 5251 1871 5302 po-

281 5319 400 5363 stes
422 5309 716 5379 dongrrum
753 5308 808 5362 in
834 5307 1067 5379 Egypto
1100 5308 1492 5379 signabantur:
1526 5308 1745 5375 quando
1773 5320 1870 5376 pe-

281 5389 479 5433 reunte
508 5376 753 5448 Egypto
776 5376 928 5433 solus
946 5376 1126 5431 ’lsrael
1156 5376 1363 5431 mansit
1393 5377 1615 5448 illmsus.
1664 5393 1684 5427 ι

355 5449 470 5517 (63)
508 5442 638 5503 Tox"?
657 5442 944 5502 κοκκίνου
977 5448 1294 5515 σπαρτίου.
1351 5447 1482 5502 Vide
1514 5458 1672 5517 notas
1697 5442 1867 5500 Cotea

281 5516 403 5573 lcrii
432 5521 501 5573 ad
531 5536 656 5589 cap.
686 5518 753 5572 l2
774 5517 1079 5589 epistolzel
1111 5517 1168 5571 S.
1201 5516 1517 5589 Clementis,
1553 5516 1643 5589 ubi
1676 5532 1867 5589 recen-

278 5600 481 5643 sentur
521 5586 826 5657 scriptorcs
855 5588 949 5658 qui
986 5588 1128 5642 idem
1176 5588 1434 5642 dixerunt
1462 5587 1530 5641 de
1567 5587 1670 5641 hoc
1716 5586 1865 5639 funi-

280 5661 414 5713 culo
467 5663 754 5716 eoscineo.

356 5730 471 5797 (6-1)
522 5730 720 5797 Αὐτὸς
769 5726 1194 5797 παραγγείλας.
1250 5725 1405 5796 Legit
1464 5727 1536 5782 cl.
1582 5726 1865 5783 Thirlbius

281 5800 481 5865 αὐτὸς,
515 5801 574 5866 ὃς
612 5798 1016 5874 παραγγείλας.
1058 5797 1185 5867 Legi
1231 5798 1397 5874 etiam
1442 5800 1643 5874 poterit
1672 5798 1737 5850 ad
1768 5814 1861 5849 ac-

284 5874 616 5937 curatiore,»
654 5868 950 5929 verborum
994 5869 1456 5929 construcuoucm
1488 5868 1682 5933 αὑτός·
1721 5884 1860 5937 παρ-

1906 4584 1954 4638 1)

1988 1994 2089 2033 nec
2139 1979 2251 2033 vim
2285 1993 2474 2032 eorum
2508 1994 2629 2049 qua:
2663 1980 2919 2034 dicuntur
2952 1981 3315 2051 investigetis.
3343 1981 3474 2036 Nam
3510 1993 3567 2037 et

1989 2070 2093 2123 hoc
2118 2076 2280 2137 pacto
2313 2066 2524 2139 Moyses
2578 2067 2795 2123 violatae
2848 2067 2984 2132 legis
3015 2070 3232 2122 nomine
3279 2078 3563 2139 arguetur,

1988 2160 2081 2231 qui
2124 2175 2250 2215 cum
2296 2160 2412 2228 ipse
2442 2161 2743 2225 sanxisset,
2788 2175 2854 2215 ne
2886 2177 2988 2231 qna
3021 2160 3225 2231 etiigies
3258 2162 3433 2227 fieret,
3466 2176 3566 2217 nec

1986 2265 2179 2306 eorum
2206 2265 2329 2319 qua:
2374 2251 2429 2305 in
2462 2252 2624 2315 C(BIO,
2656 2267 2754 2305 nec
2782 2266 2973 2305 eorum
3023 2268 3143 2321 qua:
3189 2253 3242 2306 in
3291 2263 3435 2307 terra
3473 2264 3567 2307 aut

1989 2342 2152 2409 mari,
2181 2342 2322 2397 idem
2360 2352 2550 2412 postea
2600 2356 2906 2415 serpentem
2951 2360 3158 2399 iit-neum
3204 2344 3330 2399 fecit
3358 2384 3373 2411 ,
3411 2359 3477 2400 ac
3512 2346 3564 2399 in

1986 2447 2113 2489 eum
2145 2434 2364 2489 cuidam
2390 2436 2547 2506 signo
2575 2436 2886 2505 impositum
2920 2437 3116 2491 intueri
3147 2435 3315 2505 jussit
3348 2450 3443 2491 eos
3471 2437 3564 2505 qui

1988 2540 2174 2579 morsu
2209 2526 2363 2594 petiti
2392 2525 2641 2591 fuerant;
2675 2526 2728 2579 in
2760 2540 2921 2595 quem
2952 2540 3072 2579 cum
3099 2524 3172 2579 illi
3202 2525 3565 2592 intuerentur,

1988 2616 2121 2672 salvi
2158 2616 2385 2672 fiebant.
2417 2617 2571 2672 Tunc
2611 2617 2781 2687 igitur
2810 2618 3067 2687 ponulum
3098 2632 3351 2672 servasse
3369 2618 3567 2671 existi-

1989 2709 2229 2763 mabitur
2252 2725 2481 2778 serpens
2504 2708 2616 2776 ille,
2647 2725 2808 2780 quem
2840 2709 3005 2774 Deus,
3043 2720 3097 2763 ut
3120 2708 3232 2780 jam
3265 2710 3399 2773 dixi,
3432 2712 3568 2765 diris

1990 2802 2060 2855 ab
2121 2802 2283 2856 initio
2335 2802 2583 2866 devovit,
2623 2809 2679 2856 et
2742 2802 2941 2871 ingenti
2996 2802 3219 2870 gladio,
3274 2813 3331 2856 ut
3365 2802 3567 2858 clamat

1987 2893 2156 2949 Isaias
2198 2894 2266 2959 ⁸⁸,
2301 2893 2779 2965 sustulit?sicque
2827 2894 2941 2949 haec
2974 2895 3317 2964 insipienter,
3354 2903 3413 2949 ut
3446 2912 3565 2949 ma-

1987 2983 2174 3055 gistris
2226 2985 2426 3039 vestris
2467 2984 2673 3053 placet,
2724 2998 2830 3037 nou
2882 2994 2939 3037 ut
2983 2984 3140 3053 signa
3197 2984 3561 3054 accipiemus;

1988 3089 2168 3145 neque
2215 3075 2282 3130 ad
2334 3075 2625 3146 imaginem
2683 3074 2812 3130 Jesu
2843 3074 3092 3129 erucilixi
3149 3074 3451 3130 referemus
3487 3076 3565 3129 si-

1989 3183 2175 3238 gnum,
2202 3182 2327 3223 cum
2379 3177 2436 3223 et
2458 3168 2669 3239 Moyses
2704 3183 2801 3237 per
2852 3182 3048 3221 manus
3106 3180 3400 3235 expansas,
3456 3182 3563 3219 una

1989 3272 2114 3313 cum
2159 3272 2226 3313 eo
2274 3258 2365 3327 qui
2399 3257 2528 3313 Jesu
2579 3258 2941 3327 appellatione
2987 3258 3405 3327 cognominatus
3444 3268 3562 3320 est,

1986 3350 2152 3404 etiam
2187 3347 2469 3404 victoriam
2496 3349 2695 3418 populo
2724 3358 2907 3404 vestro
2932 3349 3265 3403 confecerit?
3290 3346 3401 3402 Hoc
3432 3362 3564 3401 sane

1988 3441 2148 3495 modo
2202 3442 2368 3496 etiam
2407 3442 2556 3497 dubii
2594 3444 2663 3497 de
2720 3442 2788 3497 iis
2838 3457 2958 3511 quae
2993 3440 3274 3510 legislator
3322 3440 3476 3505 fecit,
3509 3450 3565 3495 et

1988 3532 2182 3588 incerti
2230 3548 2351 3589 esse
2399 3535 2741 3599 desinemus;
2798 3549 2979 3603 neque
3012 3534 3159 3588 eiiim
3191 3533 3358 3588 Deum
3391 3533 3564 3587 relin-

1986 3641 2180 3696 quens,
2235 3625 2434 3697 populo
2465 3636 2655 3682 auctor
2698 3635 2839 3692 erat,
2889 3635 2947 3680 ut
2977 3626 3033 3679 in
3062 3624 3203 3691 fera,
3251 3641 3348 3695 per
3397 3640 3562 3695 quam

1984 3718 2367 3787 praevaricatio
2419 3728 2476 3772 et
2524 3718 2894 3773 inobedientia
2942 3717 3161 3771 initium
3206 3728 3563 3785 acceperant,

1986 3819 2137 3872 spem
2170 3805 2553 3861 constitueret.
2591 3804 2699 3859 Sed
2732 3807 2845 3860 haec
2882 3820 2989 3859 non
3018 3805 3139 3860 sine
3166 3806 3340 3859 multa
3380 3816 3564 3861 ruente

1984 3909 2050 3948 ac
2074 3894 2335 3967 mysterio
2355 3910 2386 3949 a
2412 3895 2576 3950 beato
2598 3896 2860 3965 prepheta
2885 3892 3030 3947 facta
3054 3894 3264 3948 etdicta
3283 3903 3431 3959 sunt;
3462 3907 3565 3967 nec

1985 3965 2280 4058 quidquam
2307 4000 2412 4055 est,
2435 3990 2577 4058 quod
2595 3989 2717 4058 quis
2744 3989 2940 4043 merito
2962 3987 3136 4057 possit
3166 3965 3565 4055 reprehendere

1984 4079 2040 4135 in
2073 4080 2160 4136 his
2193 4097 2314 4152 qua:
2343 4084 2411 4138 ab
2448 4083 2700 4137 omnibus
2730 4081 2957 4135 omnino
2986 4081 3268 4151 prophetis
3298 4080 3441 4134 facta
3469 4090 3565 4134 aut

1983 4174 2129 4228 dicta
2160 4182 2310 4239 sunt,
2339 4174 2386 4230 si
2419 4173 2704 4229 scientiam
2731 4174 2783 4228 in
2809 4172 2920 4229 illis
2944 4174 3277 4228 reconditam
3311 4174 3561 4229 teneatis.

1984 4266 2085 4322 Sin
2130 4278 2312 4323 autem
2361 4276 2420 4321 ut
2449 4266 2696 4337 magistri
2732 4266 2931 4328 vestri;
2983 4266 3099 4320 haec
3135 4275 3345 4319 tantum
3394 4266 3554 4320 vobis

1982 4367 2279 4428 exponunt,
2316 4358 2477 4429 idque
2505 4357 2783 4414 humiliter
2799 4369 2854 4415 et
2874 4358 3291 4423 demississime,
3311 4372 3472 4427 quam
3491 4360 3561 4413 ob

1978 4673 2238 4744 αγγείλας
2284 4673 2425 4744 γάρ,
2480 4680 2586 4744 etc.
2633 4668 2745 4744 Sed
2772 4679 2974 4744 utrum
3000 4667 3265 4733 Justinus,
3303 4668 3558 4744 quinm-

1987 4738 2186 4799 tiohem
2221 4738 2376 4798 suam
2409 4743 2462 4795 in
2496 4741 2598 4795 hoc
2632 4739 2858 4807 Dialogo
2907 4740 2975 4791 ad
3010 4754 3244 4806 unguem
3282 4738 3557 4807 castigare

1975 4831 2081 4869 non
2109 4825 2285 4879 curat,
2326 4812 2398 4865 ita
2432 4810 2752 4878 scripserit,
2796 4806 2858 4861 id
2902 4809 3059 4879 valde
3098 4811 3388 4879 incertum.
3432 4806 3554 4861 Mox

1976 4877 2300 4956 Sylburgius
2316 4891 2498 4956 mouet
2518 4879 2806 4950 iegendum
2836 4880 2930 4931 ἐπὶ
2945 4878 3037 4931 τοῦ
3051 4877 3301 4953 οὐρανοῦ,
3318 4885 3371 4931 et
3396 4880 3557 4948 paulo

1973 4954 2097 5023 pust
2129 4954 2204 5018 ὡς
2240 4954 2519 5025 προεῖπον.

2045 5025 2157 5093 (65)
2186 5016 2622 5093 ’Ἐτίὶνσημειόυ-
2637 5019 2819 5084 τινός.
2853 5016 3025 5093 Signo
3051 5017 3219 5072 alicui
3247 5025 3555 5093 serpentem

1975 5087 2290 5162 impositum
2322 5087 2494 5148 fuisse
2520 5090 2805 5162 dicittnon
2844 5091 2985 5162 quod
3018 5104 3238 5142 crucem
3268 5089 3439 5140 fuisse
3465 5087 3556 5139 du-

1973 5158 2201 5229 bitaret,
2240 5167 2335 5218 sed
2367 5163 2554 5217 habita
2592 5158 2804 5211 ratione
2837 5158 3149 5212 Judzrorum
3182 5198 3197 5229 ,
3235 5171 3371 5224 quos
3400 5167 3554 5229 certo

1970 5226 2418 5302 sciebat'negare
2476 5244 2582 5285 non
2633 5242 2795 5302 posse
2843 5229 2998 5295 signo
3031 5228 3195 5280 alicui
3236 5226 3548 5302 impositum

1971 5306 2142 5359 fuisse
2176 5294 2521 5373 serpentem;
2555 5308 2609 5352 at
2634 5294 2731 5352 eos
2765 5298 2832 5351 de
2864 5294 3031 5353 cruce
3060 5296 3316 5351 assentiri
3350 5310 3457 5348 non
3498 5294 3547 5348 ei

1968 5375 2281 5429 constabat.

2037 5444 2150 5514 (66)
2205 5443 2327 5514 Τὴν
2358 5440 2586 5514 γνῶσιν
2617 5443 2731 5514 τὴν
2762 5443 2832 5496 ὲν
2884 5436 3108 5504 αὐτοῖς.
3146 5435 3348 5489 Eodem
3384 5448 3547 5487 sensu

1968 5530 2023 5568 η.
2051 5512 2139 5587 QQ,
2169 5512 2271 5587 chy
2298 5513 2570 5587 EVAQOFOZ;
2599 5513 2877 5587 ἀλήθειαν.
2912 5584 2923 5587 _
3032 5580 3045 5587 _
3111 5577 3134 5586 _
3395 5575 3404 5584 ,
3457 5574 3486 5587 μ

2038 5575 2148 5653 (67)
2185 5575 2329 5654 Ἑὰιή
2349 5581 2417 5635 δὲ
2440 5584 2520 5650 ὡς
2550 5575 2605 5637 οἱ
2631 5575 2986 5637 διδάσκαλοι
3236 5576 3289 5629 Si
3318 5575 3405 5628 cui
3438 5575 3549 5654 diso

1964 5647 2167 5722 pliceat
2192 5653 2432 5708 adhibita
2466 5647 2688 5709 anubis
2715 5652 3102 5720 iuturpnnetio,
3133 5647 3310 5716 legere
3330 5647 3548 5722 poterit

1964 5713 2079 5795 ὅσοι
2128 5740 2224 5793 pru
2259 5723 2335 5787 ὡς
2385 5724 2434 5775 οἱ
2481 5734 2536 5795 et
2569 5725 2750 5779 delere
2811 5713 3069 5795 punctum
3121 5713 3245 5771 ante
3293 5715 3428 5795 etut
3461 5713 3544 5795 διστ

1964 5786 2155 5879 κξιίωςό
2209 5786 2471 5857 Erudims
2516 5786 2877 5860 Londiueusis
2928 5792 3107 5847 editor
3153 5802 3249 5856 pro
3293 5786 3368 5851 ὡς
3418 5786 3548 5853 legit

1963 5882 2155 5929 ουτως.
