3954 6258
461 350 565 406 739

1385 355 1440 411 s.
1477 352 1741 412 JUSTlNl
1770 350 2183 409 PHILOSOPHI
2216 350 2304 406 ET
2342 337 2701 409 nummis

3595 358 3693 413 750

445 470 571 523 dum
607 476 787 523 autem
811 476 867 521 et
904 481 1188 523 sermones
1214 470 1589 539 pronuntiavit
1616 470 1684 527 de
1711 469 1908 524 futuris
1936 484 2003 524 rei

2125 462 2222 516 ἐὰν
2253 463 2328 535 μὴ
2357 462 2570 516 εἰδῶσιν
2591 463 2642 516 οἱ
2672 461 3107 533 ἐντυγχάνοντες,
3152 462 3273 517 οὐδὲ
3304 464 3695 538 παρακολουθῆ-

445 558 566 624 bus,
601 562 671 614 ita
702 572 798 613 eos
824 559 1184 627 pronuntians
1207 560 1364 628 quasi
1388 556 1501 628 iam
1537 572 1647 615 tum
1682 575 1769 615 res
1802 560 2021 625 tierent,

444 651 528 707 vel
561 653 727 706 etiam
755 651 915 706 factae
954 652 1206 706 fuissent.
1238 650 1411 718 Quam
1438 662 1611 707 artem
1648 653 1751 707 nisi
1782 654 2024 722 legentes

443 742 801 808 perspiciant,
835 741 1150 811 prophetica
1197 743 1385 808 verba,
1417 752 1476 796 ut
1526 758 1625 812 par
1669 753 1776 805 est.
1806 745 2021 809 assequi

443 848 549 885 non
576 842 850 900 poterunt.
893 832 1140 900 Exempli
1175 833 1351 901 gratia
1377 832 1651 902 proferam
1683 835 1847 890 verba
1874 851 2023 905 quaa-

443 923 567 975 dam
623 925 962 993 prophetica,
995 935 1054 978 ut
1095 925 1242 993 quod
1280 924 1408 980 dico
1454 928 1847 995 assequamini.
1888 928 2020 982 Cum

441 1015 574 1068 dicit
597 1030 696 1084 per
735 1016 924 1069 Isaiam
947 1017 1039 1070 υτ
1077 1035 1097 1069 ‹
1139 1017 1259 1086 Ipse
1299 1027 1552 1086 tanquam
1593 1019 1711 1073 ovis
1768 1020 1835 1073 ad
1876 1020 2025 1075 occi-

446 1107 653 1159 sionem
680 1108 874 1162 ductus
900 1117 1006 1175 est,
1027 1120 1080 1162 et
1095 1109 1240 1163 velut
1270 1124 1441 1179 agnus
1475 1124 1664 1164 coram
1694 1110 1970 1176 tondente,
1998 1131 2016 1163 ι

450 1196 524 1249 ita
552 1198 683 1251 dicit
706 1199 862 1266 quasi
905 1197 1017 1266 jam
1049 1209 1408 1269 perageretur
1436 1199 1637 1269 passio.
1670 1199 1878 1255 Rursus
1899 1217 2020 1255 cum

445 1290 523 1341 ait
552 1305 567 1341 :
601 1306 620 1339 ι
664 1289 910 1357 Expandi
951 1305 1145 1345 manus
1182 1305 1330 1345 meas
1360 1291 1426 1344 ad
1469 1292 1725 1360 p0pulum
1754 1308 1861 1346 non
1895 1308 2020 1348 cre-

437 1383 653 1434 dentem
682 1391 732 1434 et
755 1382 1215 1436 contradicentem
1245 1381 1328 1448 ⁸³;
1356 1399 1375 1432 ι
1404 1383 1528 1437 item
1556 1401 1568 1437 :
1596 1400 1614 1434 ι
1640 1382 2021 1455 Domine,quis

437 1472 665 1525 credidit
698 1472 906 1526 auditui
938 1484 1125 1527 nostro
1149 1472 1234 1525 IN*?
1290 1492 1309 1524 ο
1345 1475 1413 1526 ita
1448 1475 1560 1528 hac
1589 1475 1842 1530 dicuntur
1865 1477 2020 1545 quasi

437 1577 527 1617 res
554 1572 832 1617 anteactas
861 1564 1134 1619 nuntient.
1170 1564 1264 1621 Sic
1287 1566 1450 1621 etiam
1485 1566 1853 1622 demonstravi
1878 1583 2021 1639 saepe

435 1652 715 1708 Christum
750 1657 818 1710 ab
846 1670 913 1711 eo
965 1657 1016 1711 in
1047 1657 1408 1712 similitudine
1441 1657 1677 1728 lapidem
1712 1660 1922 1726 vocari,
1956 1670 2014 1714 et

435 1758 534 1811 per
588 1745 944 1813 tropologiam
982 1746 1149 1801 Jaeob
1201 1754 1257 1801 et
1304 1746 1579 1802 lsraelem.
1636 1749 1848 1803 Rursus
1896 1764 2017 1804 cum

2129 572 2221 608 σαι
2250 558 2362 618 τοῖς
2388 552 2497 607 τῶν
2518 555 2808 627 προφητῶν
2834 555 3013 624 λόγοις
3034 556 3111 620 ὡς
3130 555 3213 609 δεῖ
3243 556 3569 629 δυνήσονται.
3595 561 3695 614 Πα-

2128 645 2491 715 ραδείγματος
2525 645 2583 697 δὲ
2616 646 2794 717 χάριν,
2828 645 3020 714 λόγους
3051 646 3203 710 τινὰς
3232 650 3594 718 προφητικοὺς
3626 652 3695 705 εῖ-

2128 735 2279 802 ποιμ’
2323 731 2389 786 ἂν
2409 773 2423 796 ,
2483 733 2631 796 ὅπως
2693 733 3213 805 παρακολουθήσητε
3285 735 3364 807 τῷ
3413 735 3692 809 λεγομένῳ.

2128 822 2293 875 Ὅταν
2325 821 2455 894 λέγῃ
2505 822 2593 876 διὰ
2646 823 2889 889 Ἡσαΐου,
2942 842 2961 876 ι
2998 825 3171 888 Αὐτὸς
3212 825 3288 889 ὼς
3320 826 3583 898 πρόϐατον
3611 830 3695 882 ἐπὶ

2128 915 2342 985 σφαγὴν
2368 912 2509 986 ἢχθη
2543 914 2674 987 (78),
2712 917 2806 969 καὶ
2849 916 2925 979 ὡς
2977 915 3149 987 ἀμνὸς
3192 917 3435 970 ἐναντίον
3465 917 3557 971 τοῦ
3588 920 3695 972 κεί-

2125 1021 2337 1075 ραντοςο
2367 1025 2384 1055 ι
2415 1004 2488 1068 ὡς
2513 1006 2613 1077 ἤδη
2628 1005 2722 1058 τοῦ
2742 1004 2945 1071 πάθους
2965 1007 3255 1078 γενομένου
3279 1007 3387 1077 (79)
3409 1007 3574 1077 λέγει.
3598 1012 3698 1064 Καὶ

2123 1097 2253 1149 ὅταν
2304 1097 2466 1151 πάλιν
2497 1096 2650 1171 λέγῃ,
2689 1115 2707 1149 ι
2762 1096 2904 1167 Ἐγὼ
2930 1100 3231 1165 ἐξεπέτασα
3254 1101 3353 1166 τάς
3384 1104 3572 1174 χεῖράς
3604 1121 3697 1174 μου

2124 1188 2217 1241 ἐπὶ
2258 1188 2385 1242 λαὸν
2429 1190 2779 1255 ἀπειθοῦντα,
2840 1194 2934 1245 καὶ
2967 1192 3333 1261 ἀντιλέγοντα·
3370 1213 3390 1246 ι
3439 1197 3534 1248 καὶ
3578 1198 3698 1249 ὅταν

2123 1278 2276 1352 λέγῃ,
2299 1299 2316 1330 ι
2339 1280 2529 1351 Κύριε,
2548 1281 2632 1345 τίς
2653 1282 2939 1334 ζεπίστευσε
2954 1285 3020 1353 τῇ
3045 1285 3179 1354 ἀκοῇ
3199 1283 3389 1355 ήμῶνς
3421 1284 3549 1356 »[ὼς
3571 1284 3697 1358 (80)]

2122 1372 2221 1443 ἤδη
2273 1372 2654 1443 γεγενημένων
2708 1373 3050 1444 πραγμάτων
3096 1374 3416 1442 ἐξαγγελίαν
3468 1378 3516 1428 οἱ
3560 1375 3696 1443 λόγοι

2124 1464 2495 1535 σημαίνοντες,
2521 1464 2831 1536 λελεγμένοι
2866 1465 2992 1518 εἰσί.
3035 1466 3143 1519 Καὶ
3180 1467 3288 1537 γὰρ
3332 1468 3389 1520 ὲν
3425 1467 3696 1539 παραϐολῇ

2120 1555 2266 1609 λίθον
2293 1556 2557 1629 πολλαχοῦ
2591 1558 2774 1610 καλεῖν
2802 1557 3059 1621 ἀπέδειξα
3105 1558 3195 1610 τὸν
3233 1558 3490 1630 Χριστὸν,
3524 1561 3614 1612 καὶ
3643 1562 3695 1612 ὲν

2119 1649 2468 1720 τροπολογίᾳ,
2513 1649 2707 1703 Ἰακὼϐ
2733 1651 2826 1703 καὶ
2864 1649 3101 1720 Ἰσραήλ.
3137 1651 3247 1703 Καὶ
3279 1648 3440 1704 πάλιν
3455 1651 3583 1704 ὅταν
3610 1650 3693 1703 λέ-

2122 1758 2212 1815 γῃ·
2234 1761 2253 1793 ι
2270 1741 2506 1811 Ὄψομαι
2523 1743 2647 1805 τοὺς
2667 1742 2927 1814 οὐρανοὺς
2950 1741 3085 1813 ἔργα
3100 1741 3207 1794 τῶν
3223 1742 3502 1795 δακτύλων
3529 1760 3637 1807 σου,
3670 1762 3689 1794 ι

435 1834 567 1889 dicit
603 1851 612 1883 :
656 1853 674 1887 ι
719 1835 926 1892 Videbo
968 1838 1135 1892 caelos
1176 1847 1298 1892 tuos
1341 1853 1505 1906 opera
1546 1839 1845 1909 digitorum
1894 1850 2003 1896 tuo-

2117 1834 2211 1887 ἐὰν
2248 1835 2323 1905 μὴ
2364 1833 2546 1887 ἀκούω
2577 1835 2684 1888 τῶν
2716 1833 2889 1901 λόγων
2925 1833 3089 1886 αὐτοῦ
3139 1833 3249 1904 (81)
3288 1834 3389 1905 τὴν
3418 1834 3691 1905 ἐργασίαν,

436 1939 555 1977 rum
582 1924 667 1990 ης
706 1944 724 1976 ι
763 1927 865 1980 nisi
891 1926 1115 1980 verbum
1146 1926 1262 1996 ejus
1288 1927 1583 1997 intelligam
1621 1930 2011 1998 operationem,

435 2014 758 2083 insipienter
817 2017 1159 2087 intelligam,
1218 2020 1675 2086 quemadmodum
1739 2022 2016 2091 magistris

435 2107 633 2160 vestris
679 2107 877 2175 placet,
908 2108 1003 2177 qui
1024 2124 1214 2163 manus
1241 2118 1296 2163 et
1319 2110 1480 2178 pedes
1509 2119 1563 2165 et
1600 2111 1799 2180 digitos
1823 2122 1875 2165 et
1898 2113 2017 2165 auio

435 2213 579 2251 mam
622 2199 823 2255 habere
862 2200 1036 2256 instar
1080 2200 1334 2255 animalis
1374 2203 1664 2272 compositi
1694 2204 2013 2260 existimant

434 2300 718 2358 parentem
753 2293 1133 2348 universorum
1167 2304 1224 2348 et
1261 2294 1564 2364 ingenitum
1610 2293 1803 2362 Deum,
1841 2306 1896 2351 et
1925 2297 2010 2351 id~

429 2384 579 2435 circo
604 2382 775 2435 visum
807 2398 927 2438 esse
956 2386 1263 2440 Abrahamo
1289 2399 1345 2440 et
1379 2385 1548 2440 Jacob
1594 2386 1766 2455 ipsum
1792 2385 2010 2443 Patrem

432 2476 651 2529 docent.
692 2475 962 2531 Praeclare
1005 2492 1137 2545 ergo
1170 2478 1222 2532 in
1261 2478 1421 2534 nobis
1465 2479 1671 2548 agitur,
1698 2481 1791 2549 qui
1822 2481 2010 2537 cultris

431 2564 662 2634 lapideis
690 2566 1003 2623 circumcisi
1050 2583 1242 2623 sumus
1283 2571 1519 2625 secunda
1568 2572 2009 2626 circumcisione.

427 2655 609 2710 Prima
651 2659 797 2713 enim
840 2660 931 2713 illa
974 2671 1155 2715 vestra
1201 2660 1348 2717 ferro
1403 2672 1622 2731 peracta
1661 2673 1745 2716 est
1791 2674 1846 2718 et
1886 2678 2010 2731 per-

428 2749 642 2819 agitur;
682 2750 818 2805 duro
841 2753 986 2805 enim
1014 2753 1179 2807 corde
1202 2755 1556 2822 permanetis.
1590 2753 1785 2809 Nostra
1826 2766 2007 2810 autem

422 2839 788 2909 circumcisio,
815 2858 935 2912 quze
963 2845 1201 2899 secunda
1226 2860 1450 2900 numero
1501 2855 1627 2914 post
1658 2856 1897 2901 vestram
1926 2848 2005 2900 iu-

423 2928 617 2984 stituta
643 2942 747 2997 est,
782 2949 878 3000 per
902 2934 1106 3002 lapides
1144 2945 1354 2999 acutos,
1385 2936 1439 2990 id
1465 2946 1572 3001 est,
1603 2951 1701 3007 per
1727 2953 2009 2993 sermones

424 3023 799 3089 apostolorum
834 3028 1035 3082 summi
1080 3029 1224 3083 illius
1253 3028 1532 3096 angularis
1562 3028 1760 3099 lapidis
1804 3040 1859 3085 et
1888 3031 2006 3085 sine

423 3113 677 3169 manibus
718 3116 972 3181 abscissi,
1006 3120 1350 3175 circumcidit
1394 3134 1496 3174 nos
1524 3134 1554 3174 a
1587 3120 2004 3177 simulacrorum

420 3204 572 3260 cultu
601 3218 654 3261 et
690 3210 760 3263 ab
784 3212 930 3264 omni
970 3228 1197 3282 prorsus
1242 3213 1533 3284 pravitate.
1567 3213 1806 3279 Quorum
1838 3217 2001 3269 corda

420 3295 495 3350 ita
529 3308 656 3352 sunt
706 3303 980 3370 pravitate
1022 3305 1368 3369 circumcisa,
1407 3314 1467 3360 ut
1503 3306 1607 3360 lmti
1641 3316 1874 3361 mortem
1907 3323 2006 3376 op-

418 3398 667 3458 petamus
696 3403 919 3464 promer
946 3410 1142 3450 nomen
1176 3397 1450 3464 praeclarae
1478 3397 1625 3452 illius
1662 3406 1853 3466 petrae,
1882 3414 2003 3468 qua

419 3492 474 3536 et
516 3484 568 3537 in
622 3500 810 3539 eorum
851 3489 1035 3555 corda,
1073 3489 1163 3558 qui
1206 3504 1303 3557 per
1348 3490 1514 3561 208
1549 3492 1724 3560 ipsum
1770 3492 2003 3562 diligunt

420 3572 639 3627 Patrem
672 3576 1077 3640 universorum,
1106 3592 1304 3643 aquam
1331 3580 1509 3631 vivam
1558 3579 1785 3643 emittit,
1825 3591 1882 3633 et
1908 3596 2002 3636 eos

417 3672 569 3731 potat
597 3665 686 3732 qui
733 3681 932 3734 aquam
965 3669 1089 3722 vitae
1126 3669 1340 3723 sitiunt.
1384 3668 1491 3723 Sed
1528 3668 1643 3724 haec
1673 3669 1887 3723 dicente
1910 3686 1996 3724 me

421 3768 527 3806 non
561 3754 889 3825 intelligitis.
914 3756 1050 3812 Nam
1078 3772 1179 3814 nec
1205 3775 1269 3814 ea
1299 3761 1625 3828 intelligitis,
1657 3776 1777 3830 quaa
1823 3762 1997 3817 factu-

420 3858 541 3897 rum
568 3860 686 3899 esse
721 3844 1001 3902 Christum
1021 3852 1301 3918 propheta:
1332 3853 1727 3921 praedixerunt,
1762 3869 1864 3909 nec
1898 3870 1995 3910 no-

420 3934 526 3998 bis,
550 3935 644 4004 qui
678 3952 773 3991 vos
815 3940 883 3993 ad
914 3939 1233 4009 Scripturas
1259 3943 1605 4010 adducimus,
1639 3946 1881 4000 creditis.
1907 3946 1996 4001 Je-

419 4031 621 4083 remias
663 4033 809 4086 enim
847 4035 918 4087 ita
952 4034 1195 4089 clamat:
1233 4053 1252 4086 ‹
1303 4035 1394 4090 Vae
1423 4038 1603 4104 vobis,
1633 4038 1757 4108 quia
1801 4038 1995 4094 dereli-

418 4126 615 4193 quiStis
664 4124 862 4179 fontem
899 4128 1115 4194 vivum,
1147 4139 1203 4183 et
1254 4128 1468 4186 {odistis
1515 4133 1671 4185 vobis
1727 4132 1994 4186 cisternas

417 4217 727 4289 dissipatas,
756 4234 874 4289 quae
899 4236 1003 4274 non
1026 4230 1281 4289 poterunt
1302 4224 1581 4277 continere
1606 4238 1823 4292 aquam.
1851 4222 1990 4276 Num

420 4310 654 4363 solitudo
682 4311 788 4364 erit
820 4312 911 4366 ubi
962 4321 1047 4367 est
1087 4328 1241 4367 mons
1273 4313 1402 4368 Sion
1432 4314 1515 4379 3°;
1547 4316 1801 4383 quoniam
1833 4313 1991 4367 Jeru-

418 4401 585 4455 salem
615 4401 851 4456 libellum
878 4404 1084 4471 repudii
1108 4406 1226 4460 dedi
1253 4406 1305 4459 in
1334 4416 1626 4475 conspectu
1651 4416 1832 4460 vestro
1861 4407 1944 4459 ⁸⁷1
1972 4426 1990 4457 ι

494 4598 539 4631 ⁸³
572 4600 700 4670 Cap.
731 4616 850 4667 LIII,
881 4615 931 4652 ν.
959 4598 1011 4654 7.
1087 4601 1135 4634 ⁸³
1174 4598 1276 4653 lsa.
1308 4616 1434 4667 va,
1469 4600 1525 4655 2.

1618 4601 1666 4633 ⁸⁸
1706 4599 1807 4655 lsa.
1840 4617 1961 4664 Llll,
1996 4601 2048 4654 l.
2122 4600 2170 4633 ⁸⁸
2207 4597 2356 4655 Psal.
2383 4613 2507 4663 vni,
2532 4597 2588 4651 4.

2118 1925 2178 1976 οὐ
2219 1924 2456 1988 συνετῶς
2505 1924 2808 1994 ἀκούσομαι
2850 1923 3037 1995 ὥσπερ
3089 1924 3243 1995 ὑμῶν
3284 1927 3334 1977 οἱ
3386 1925 3690 1979 διδάσκαλοι

2115 2014 2377 2081 ἀξιοῦσιν,
2411 2016 2645 2086 οἰόμενοι
2678 2018 2865 2086 χεῖρας
2898 2016 2991 2067 κα)⁸
3025 2014 3190 2077 πόδας
3230 2015 3340 2087 (82)
3370 2018 3467 2070 καὶ
3508 2016 3693 2069 δακτύ-

2114 2109 2247 2172 λους
2271 2109 2363 2161 καὶ
2384 2107 2558 2179 ψυχὴν
2586 2107 2748 2177 ἔχειν,
2780 2106 2855 2169 ὡς
2889 2105 3139 2159 σύνθετον
3169 2106 3326 2171 ζῶον,
3356 2108 3448 2161 τὸν
3482 2109 3691 2178 Πατέρα

2113 2198 2219 2252 τῶν
2241 2199 2377 2251 ὅλων
2413 2200 2505 2251 κα)¹
2538 2198 2831 2268 ἀγέννητον
2872 2196 3024 2249 Θεόν·
3058 2196 3252 2259 οἵτινες
3287 2197 3379 2250 καὶ
3417 2198 3509 2249 διὰ
3543 2198 3692 2250 τοῦτο

2112 2285 2290 2360 ὦφθαι
2321 2291 2399 2362 τῷ
2444 2290 2694 2363 Ἀϐραὰμ
2726 2292 2818 2344 καὶ
2844 2290 2921 2361 τῷ
2970 2288 3161 2344 Ἰακὼϐ
3175 2289 3337 2343 αὐτὸν
3359 2290 3452 2343 τὸν
3483 2291 3693 2362 Πατέρα

2112 2382 2438 2436 διδάσκουσι.
2477 2382 2753 2453 Μακάριοι
2806 2378 2899 2435 οὖν
2955 2384 3117 2453 ἡμεῖς
3164 2383 3213 2434 οἱ
3271 2382 3693 2455 περιτμηθέντες

2113 2472 2394 2544 πετρίναις
2429 2472 2738 2543 μαχαίραις
2758 2469 2857 2541 τὴν
2885 2471 3143 2542 δευτέραν
3171 2472 3499 2543 περιτομήν.
3516 2472 3691 2543 ’Υμῶν

2116 2563 2214 2633 μὲν
2240 2564 2348 2635 γὰρ
2378 2565 2411 2631 ή
2460 2562 2650 2635 πρώτη
2694 2562 2782 2616 διὰ
2826 2563 3043 2633 σιδήρου
3081 2562 3269 2631 γέγονε
3321 2562 3415 2616 καὶ
3458 2564 3683 2632 γίνεται·

2114 2655 2525 2727 σκληροκάρδιοι
2558 2654 2666 2725 γὰρ
2693 2654 2903 2724 μένετε·
2933 2654 3088 2725 ἡμῶν
3110 2654 3167 2707 δὲ
3195 2656 3228 2725 ή
3256 2655 3548 2726 περιτομὴ,
3572 2657 3688 2725 ἥτις

2109 2747 2336 2818 δευτέρα
2390 2746 2644 2817 ἀριθμῷ,
2696 2744 2833 2816 μετά
2872 2744 2970 2816 τὴν
3033 2746 3303 2817 ὑμετέραν
3356 2746 3685 2817 φανερωθεῖ-

2112 2855 2199 2901 σα,
2234 2838 2321 2890 διὰ
2363 2837 2523 2889 λίθων
2556 2835 2904 2907 ἀκροτόμων,
2950 2836 3192 2888 τουτέστι
3229 2834 3318 2886 διὰ
3360 2835 3473 2888 τῶν
3524 2834 3689 2902 λόγων

2108 2931 2216 2982 τῶν
2270 2930 2357 2983 διά
2403 2932 2509 2983 τῶν
2552 2930 2861 2983 ἀποστόλων
2921 2931 3015 2983 τοῦ
3064 2929 3460 3001 ἀκρογωνιαίου
3510 2927 3685 2989 λίθου,

2110 3022 2204 3076 καὶ
2250 3021 2345 3074 τοῦ
2395 3022 2522 3075 ἀνευ
2567 3023 2766 3092 χειρῶν
2808 3022 3127 3093 τμηθέντος,
3184 3021 3504 3093 περιτέμνει
3552 3020 3688 3089 ἡμᾶς

2109 3114 2217 3167 ἀπό
2284 3130 2344 3166 τε
2415 3114 2856 3185 είδωλολατρείας
2928 3114 3021 3166 καὶ
3089 3113 3268 3183 πάσης
3335 3111 3526 3174 ἀπλῶς
3594 3129 3689 3162 κα-

2111 3204 2253 3268 κίας.
2301 3199 2400 3257 Ὧν
2440 3207 2498 3257 αἱ
2542 3206 2758 3276 καρδίαι
2818 3204 2990 3269 οὕτως
3038 3205 3509 3276 περιτετμημέναι
3557 3205 3687 3257 εἰσὶν

2106 3297 2214 3350 ἀπὸ
2259 3298 2357 3368 τῆς
2407 3297 2691 3368 πονηρίας,
2730 3296 2805 3360 ὡς
2849 3299 2945 3350 καὶ
2994 3297 3201 3369 χαίρειν
3247 3295 3691 3365 ἀποθνήσκοντας

2104 3388 2192 3441 διὰ
2226 3388 2492 3459 τὸρνομα
2522 3389 2581 3440 τὸ
2612 3388 2711 3458 τῆς
2755 3387 2926 3457 καλῆς
2977 3387 3202 3457 πέτρας,
3250 3385 3342 3439 καὶ
3390 3383 3502 3447 ζῶν
3548 3382 3686 3452 ὕδωρ

2102 3479 2224 3540 ταῖς
2256 3477 2505 3548 καρδίαις
2555 3476 2662 3529 τῶν
2696 3476 2760 3529 δι’
2791 3475 2956 3528 αὑτοῦ
2996 3477 3398 3547 ἀγαπησάντων
3441 3474 3535 3527 τὸν
3582 3475 3686 3525 Πα-

2103 3566 2235 3637 τέρα
2290 3568 2397 3619 τῶν
2442 3566 2578 3619 ὅλων
2632 3565 2932 3637 βρυούσης,
3002 3565 3098 3618 καὶ
3166 3564 3495 3634 ποτιζούσης
3565 3566 3683 3624 τοὺς

2107 3656 2459 3728 βουλομένους
2496 3657 2557 3709 τὸ
2586 3657 2685 3727 τῆς
2732 3657 2874 3726 ζωῆς
2920 3656 3062 3727 ὕδωρ
3102 3658 3266 3708 πιεῖν.
3314 3654 3477 3707 Ἀλλά
3516 3652 3683 3705 ταῦτα

2107 3752 2206 3821 μὲν
2237 3751 2297 3803 οὐ
2326 3753 2495 3803 νοεῖτε
2516 3750 2783 3818 λέγοντοςο
2823 3749 2859 3802 ἃ
2895 3747 3003 3819 γάρ
3045 3747 3270 3816 ποιῆσαι
3313 3745 3404 3798 τὸν
3452 3744 3681 3816 Χριστὸν

2102 3844 2564 3917 πεπροφδήτευται,
2599 3841 2660 3894 οὑ
2689 3841 3005 3911 νενοήκατε,
3033 3839 3153 3892 οὐδὲ
3198 3840 3333 3910 ἡμῖν
3373 3839 3680 3909 προσάγου-

2102 3952 2185 3988 σιν
2221 3937 2364 4005 ὐμᾶς
2408 3937 2521 3997 τοῖς
2582 3933 2986 4005 γεγραμμένοις
3044 3931 3344 3984 πιστεύετε.
3408 3930 3680 4002 Ἱερεμίας

2104 4030 2203 4100 μὲν
2236 4028 2345 4100 γὰρ
2386 4027 2528 4081 οὕτω
2585 4027 2700 4097 βοᾷ·
2744 4045 2762 4077 ι
2810 4025 2946 4078 Οὐαὶ
2987 4025 3136 4094 ὑμῖν,
3178 4025 3258 4076 ὅτι
3294 4021 3679 4090 ἐγκατελίπετε

2100 4124 2279 4196 πηγὴν
2314 4121 2512 4187 ζῶσαν,
2550 4122 2644 4175 κα)⁷
2690 4120 2931 4192 ὠρύξατε
2978 4121 3189 4180 ἑαυτοῖς
3232 4117 3467 4178 λάκκους
3498 4130 3678 4167 συντε-

2097 4217 2451 4288 τριμμένους,
2495 4215 2545 4268 οἳ
2592 4216 2653 4267 οὐ
2699 4214 3013 4284 δυνήσονται
3071 4211 3311 4280 συνέχειν
3371 4208 3535 4278 ὕδωρ.
3586 4207 3675 4275 Μὴ

2097 4309 2302 4381 ἔρημον
2442 4299 2523 4359 οὗ.
2560 4308 2677 4358 ἐστι
2735 4304 2797 4357 τὸ
2847 4303 2971 4375 ὅρος
3032 4301 3208 4363 Σιὼν,
3269 4300 3351 4352 ὅτι
3407 4299 3675 4369 Ἰερουσα-

2102 4403 2215 4475 λὴμ
2250 4401 2451 4473 βιϐλίον
2496 4398 2822 4454 ἀποστασίου
2864 4396 3039 4449 ἔδωκα
3082 4393 3386 4466 ἔμπροσθεν
3426 4389 3601 4460 ὑμῶν.
3651 4406 3669 4437 ι

2686 4596 2734 4629 ⁸⁸
2773 4594 2885 4651 Jer.
2918 4611 2979 4662 ιι,
3007 4594 3094 4649 15.

487 4800 600 4871 (78)
626 4802 839 4874 [Ἠχθη.
882 4802 1016 4855 item
1050 4804 1380 4874 prmteritam
1431 4803 1533 4874 hoc
1564 4814 1659 4874 ver
1699 4813 1789 4874 nm
1836 4797 1983 4852 desi-
2015 4803 2061 4858 ι)
2088 4797 2245 4874 ﬁunt,
2277 4800 2373 4850 sed
2403 4799 2656 4874 idoneum
2685 4799 2769 4874 est
2799 4800 2853 4874 et
2886 4789 3165 4874 stilliciens
3190 4782 3665 4874 adifo'rma‘tione‘m

420 4854 893 4938 gnhij'ciié‘eigo
941 4854 1331 4939 hocrexemplo
1380 4869 1551 4923 utitur
1590 4869 1838 4925 Justinus
1869 4909 1884 4931 ,
1927 4879 1987 4921 ut
2018 4854 2047 4858 ⁷
2092 4854 2333 4939 oumiuin
2354 4866 2633 4936 proprium
2667 4864 2783 4939 ejus
2814 4860 3119 4939 Yerbumd
3153 4858 3293 4910 idem
3328 4856 3426 4909 lib.
3450 4870 3587 4939 me”.
3612 4854 3665 4904 Ξ.

422 4954 533 5009 rem
569 4943 638 4994 ita
666 4953 940 4994 narratam
971 4942 1248 4997 exhibeat.
1280 4940 1434 5008 quasi
1458 4940 1570 5009 jam
1601 4951 1712 4992 tum
1744 4939 1987 5008 agatur?

420 5008 645 5079 Videtur
659 5013 927 5079 praecipue
948 5012 1252 5075 respexisse
1274 5012 1337 5064 ad
1356 5008 1639 5075 sequentia
1657 5012 1771 5079 haec
1788 5010 1983 5061 verba:

418 5078 606 5144 υῦτως
637 5082 738 5134 οὐκ
770 5078 975 5149 ἀνοίγει
1007 5080 1068 5133 τὸ
1103 5080 1278 5151 στόμα
1300 5119 1315 5144 ,
1351 5095 1473 5149 qua:
1507 5080 1649 5135 forte
1689 5095 1719 5132 a
1750 5078 1989 5132 librariis

417 5164 623 5203 omissa
655 5161 803 5204 SOI“.

490 5220 602 5291 (79)
624 5220 985 5290 Γενομένου.
1012 5219 1359 5291 Manifestum
1396 5227 1482 5274 est
1518 5217 1808 5290 legendum
1846 5234 1993 5287 γινο-

421 5288 663 5362 μένουζει
702 5288 824 5345 mox
852 5291 926 5354 ὡς
960 5292 1060 5362 ἤδη
1094 5290 1491 5361 γεγενημένων.

490 5363 606 5430 (80)
642 5361 758 5427 Ὧς.
806 5363 859 5415 In
902 5359 1063 5417 codd.
1106 5359 1237 5416 mss.
1276 5359 1329 5415 et
1364 5362 1525 5413 editis
1573 5359 1725 5413 deest
1750 5360 1865 5430 [nec
1891 5373 1987 5411 vo-

420 5426 564 5493 cula,
584 5426 1032 5501 qumrelingenda
1053 5443 1191 5491 erat,
1215 5442 1273 5483 ut
1301 5432 1459 5484 nemo
1484 5446 1590 5483 non
1614 5431 1779 5501 videt.
1801 5426 1980 5501 Οττυ.

490 5497 611 5579 (81)
631 5497 1010 5579 ’Τῶνιλόγωνς
1064 5501 1273 5579 aptat}.
1324 5497 1985 5579 LegendunturbyAéyov

418 5568 604 5626 αὐτοῦ’.
631 5568 1066 5640 ιοψιίιιιιίοιιίιιι
1096 5572 1346 5626 Justinus
1369 5568 1435 5625 de
1461 5572 1621 5623 unico
1656 5570 1836 5624 Verbo
1861 5568 1981 5629 Dei,

417 5658 578 5709 quem
619 5658 741 5695 cum
792 5643 997 5711 Spiritu
1052 5641 1244 5695 sancto
1297 5651 1457 5711 vocat
1500 5641 1740 5711 lrenzcus
1785 5652 1983 5711 manus

422 5708 513 5765 Dei
562 5712 761 5775 Patris,
800 5708 891 5764 lib.
925 5727 998 5774 IV,
1028 5727 1077 5765 c.
1112 5710 1205 5775 20,
1241 5729 1295 5764 u.
1327 5713 1378 5763 1.
1417 5710 1603 5777 Neque
1629 5709 1773 5762 enim
1808 5708 1975 5759 Deum

424 5800 443 5833 ι
482 5783 720 5852 indigere
743 5782 863 5838 aliis
902 5781 1125 5853 organis
1148 5782 1215 5837 ad
1248 5781 1614 5840 conditionem
1646 5792 1833 5834 eormn
1858 5792 1979 5846 qua:

2092 4937 2148 4991 In
2182 4925 2424 4989 eamdem
2455 4925 2782 4988 sententiam
2806 4930 3054 4986 Justinus
3084 4929 3390 5002 Dettm__non
3418 4925 3668 5002 manilius

2092 5018 2147 5061 et
2173 5007 2358 5074 digitis
2382 5004 2621 5072 Opernri.
2653 5004 2747 5076 sed
2779 5002 3018 5076 Verbum
3051 5012 3174 5076 esse
3204 4996 3350 5050 illius
3376 4996 3665 5076 operatio-

2096 5066 2387 5147 netu:sive
2419 5066 2551 5147 eum
2594 5073 2777 5147 omnia
2796 5086 2921 5147 _per_
2944 5068 3181 5123 Verbum
3222 5066 3439 5147 Operari
3480 5066 3665 5147 docet.

2100 5147 2278 5216 Uude_
2297 5145 2463 5216 etiam
2498 5144 2767 5216 Tatianus
2796 5142 3190 5216 Verbumesse
3230 5142 3663 5216 primogenitum

2096 5231 2235 5287 opus
2255 5214 2436 5287 Patris
2452 5212 2791 5287 pronuntiat,
2812 5228 2867 5266 n.
2896 5212 2947 5287 ᾗ,
2967 5207 3206 5287 ιιὺὶχὶιίε
3226 5205 3662 5287 adnotationem.

2159 5284 2271 5353 (8‘2)
2310 5274 2575 5353 Οίόμὲνοι
2607 5274 2808 5352 χεῷαζι
2840 5274 3481 5354 καὶηπόδαςλξοιιιιιιιιηι
3520 5275 3666 5354 hunc

2087 5344 2333 5410 errorem
2362 5344 2564 5409 Judaeis
2592 5344 2798 5422 pariter
2840 5350 3148 5422 attribuunt
3175 5344 3437 5422 Origenes
3469 5344 3660 5422 horruit.

2086 5426 2120 5478 5
2150 5427 2203 5478 in
2249 5424 2476 5487 Genes.;
2523 5410 2726 5477 Euseb.
2772 5424 2827 5474 in
2878 5418 3245 5537 Psalm._pag.
3278 5410 3392 5467 315
3429 5425 3481 5467 et
3517 5410 3658 5474 336;

2088 5492 2277 5537 Cvrill-
2322 5497 2376 5537 in
2422 5493 2536 5537 Jul-
2579 5509 2658 5537 ιιι-
2699 5488 2972 5537 “H-256-
3011 5495 3065 5537 et
3094 5502 3150 5537 m
3224 5501 3302 5537 sa.
3347 5498 3464 5537 nae.
3529 5480 3658 5535 906.

2088 5492 2278 5565 Cyrill.
2322 5497 2377 5547 in
2422 5480 2554 5565 J'ul._
2579 5509 2660 5555 III,
2699 5507 2819 5565 vin,
2844 5488 2972 5551 256,
3011 5495 3065 5541 et
3094 5480 3150 5538 in
3193 5480 3302 5565 Isa.
3340 5498 3464 5565 pag.
3529 5480 3659 5565 906i.

2092 5555 2199 5618 Sed
2239 5565 2496 5617 observat
2528 5562 2682 5616 Philo
2705 5563 2847 5632 hunc
2875 5573 3117 5632 errorem
3148 5555 3459 5632 actionibus
3485 5555 3663 5632 magis

2089 5644 2140 5688 et
2167 5632 2458 5703 affectibus
2493 5647 2655 5700 quam
2694 5631 2873 5703 verbis
2918 5627 3186 5703 tleclarari
3217 5642 3230 5676 :
3397 5622 3504 5703 μὲν
3528 5622 3663 5703 ατο-

2087 5704 2216 5776 ⁹ιτί-αν
2252 5702 2343 5757 τοῦ
2377 5694 2547 5776 λόγου-
2586 5694 2689 5776 ὅτιΔ
2714 5699 3177 5776 ἀνθρωπόμορφον
3222 5694 3284 5776 το
3326 5696 3478 5776 εξεῖον
3514 5694 3659 5776 eis?

2088 5762 2461 5837 διδάσκοντεςί
2500 5772 2598 5842 τὴν
2646 5772 2703 5827 δὲ
2758 5762 2829 5826 ἐν’
2872 5762 2985 5832 τοῖς
3036 5762 3214 5837 ἔργοις
3261 5762 3536 5827 ἀσέϐειαν,
3572 5762 3657 5814 ὅτι
