3954 6258
253 359 339 415 7ίὶ

1273 354 1627 415 DIALOGUS
1659 355 1808 415 CUM
1844 354 2222 412 TRYPHONE
2256 353 2524 410 JUDAEO.

3455 356 3560 412 742

318 473 430 529 H5.
491 471 663 527 Ἀλλά
730 474 1007 547 Ζαχαρία
1051 475 1108 529 ὲν
1153 475 1434 548 παραϐολῇ
1479 476 1746 531 δεικνύντι
1809 474 1872 529 τὸ

2046 472 2172 527 “5.
2215 470 2509 526 Prwdictio
2554 469 2622 523 de
2667 467 2987 525 Christianis
3022 473 3165 541 apud
3214 471 3560 532 Zachariam.

262 569 544 641 μυστήριον
590 567 694 621 τοῦ
736 567 1024 640 Χριστοῦ,
1082 568 1176 622 καὶ
1210 568 1721 640 ἀποκεκρυμμένως
1770 585 1872 640 κη-

267 660 527 733 possunt,
558 659 878 712 πιστεῦσαι
913 659 1176 729 ὀφείλετε.
1214 660 1374 712 Ἔστι
1406 659 1463 712 δὲ
1502 659 1574 713 τὰ
1608 659 1875 731 λεγόμενα

264 749 441 803 ταῦτα’
489 767 509 800 ‹
575 749 762 821 Χαῖρε
808 750 909 802 καὶ
944 749 1253 821 εὐφραίνου,
1288 748 1527 819 θύγατερ
1576 748 1734 802 Σιών·
1790 750 1872 802 ὅτι

266 841 366 894 ἰδοὺ
405 838 518 908 ἐγὼ
560 838 835 911 ἔρχομαι,
879 842 974 894 καὶ
1016 841 1425 912 κατασκηνώσω
1476 843 1534 894 ὲν
1570 841 1720 912 μέσῳ
1753 858 1869 908 σου,

262 932 397 1000 λέγει
425 930 664 1004 Κύριος·
704 933 805 986 καὶ
851 932 1314 1005 προστεθήσονται
1356 932 1483 1004 ἔθνη
1524 931 1696 986 πολλὰ
1734 933 1873 1003 πρὸς

259 1024 456 1097 Κύριον
490 1028 553 1079 ὲν
572 1028 645 1097 τῇ
674 1026 869 1097 ἡμέρᾳ
894 1024 1099 1099 ἐκείνῃ.
1129 1024 1239 1078 Καὶ
1260 1024 1472 1079 ἔσονταί
1508 1041 1598 1096 μοι
1618 1026 1700 1088 εἰς
1719 1025 1869 1089 λαὸν,

258 1118 345 1170 καὶ
375 1117 810 1188 κατασκηνῶσω
857 1118 916 1169 ὲν
964 1116 1115 1187 μέσῳ
1156 1133 1271 1169 σου·
1308 1117 1405 1169 καὶ
1444 1116 1745 1184 γνώσονται
1788 1118 1871 1171 ὅτι

259 1208 460 1278 Κύριος
483 1208 606 1261 τῶν
625 1209 915 1278 δυνάμεων
937 1207 1245 1260 ἀπέσταλκέ
1267 1224 1334 1279 με
1364 1207 1503 1279 πρὸς
1524 1208 1605 1261 σέ.
1638 1208 1747 1261 Καὶ
1768 1225 1870 1261 κα-

258 1301 423 1371 τακλη
432 1303 742 1371 ρονομήσει
758 1299 843 1352 Κύ
853 1316 965 1370 ριος
975 1299 1066 1351 τὸν
1081 1298 1301 1365 Ἰούδαν,
1316 1300 1410 1352 καὶ
1424 1298 1521 1370 τὴν
1544 1298 1738 1371 μερίδα
1755 1298 1869 1373 (85)

261 1391 419 1443 αὑτοῦ
445 1393 547 1443 ἐπὶ
563 1390 670 1460 τὴν
697 1390 804 1460 γῆν
818 1390 917 1461 τὴν
934 1389 1115 1458 ἁγίαν,
1133 1391 1227 1443 καὶ
1257 1389 1533 1453 ὲκλέξεται
1548 1390 1639 1443 ἐπὶ
1652 1389 1749 1461 τὴν
1783 1390 1872 1443 Ἱε-

263 1486 549 1556 ρουσιιλήμ
577 1484 717 1555 (84).
756 1483 1102 1537 Εὑλαϐείσθω
1126 1485 1274 1537 πᾶσα
1291 1483 1428 1554 σὰρξ
1450 1484 1555 1537 ἀπὸ
1573 1483 1868 1556 προσώπου

263 1574 497 1644 Κυρίου,
537 1575 630 1626 ὅτι
669 1573 1039 1643 ἑξεγήγερται
1070 1574 1134 1625 ὲκ
1180 1573 1421 1643 νεφελῶν
1469 1573 1640 1642 ἁγίων
1680 1573 1864 1627 αὐτοῦ.

260 1667 367 1719 Καὶ
385 1665 566 1729 geuge
593 1682 689 1735 μοι
718 1664 929 1735 Ἰησοῦν
950 1665 1043 1717 τὸν
1066 1664 1214 1736 ἱερέα
1229 1664 1323 1718 τὸν
1342 1667 1513 1736 μέγαν
1538 1666 1747 1721 ἑστῶτα
1763 1666 1870 1739 πρὸ

262 1761 566 1831 προσώπου
596 1759 857 1828 ἀγγέλου·
884 1761 979 1813 καὶ
1010 1758 1255 1823 διάϐολος
1293 1760 1536 1831 εἱστήκει
1575 1763 1641 1814 ὲκ
1680 1760 1869 1826 δεξιῶν

1972 561 2289 617 Judazorum
2334 562 2573 630 maligna
2622 562 2936 632 disputandi
2988 567 3147 619 ratio.
3186 590 3261 607 —
3303 566 3408 622 Sed
3457 568 3558 623 Za-

1974 653 2178 706 chariae
2208 650 2416 706 Christi
2445 650 2763 721 mysterium
2790 652 2847 706 in
2879 653 3137 720 parabola
3171 638 3479 711 ostendenti
3504 664 3561 712 et

1974 757 2175 799 arcane
2198 743 2519 815 praedicanti
2546 746 2773 800 credere
2795 744 3027 800 debetis.
3061 746 3200 801 Sunt
3231 758 3414 804 autem
3441 750 3557 806 haec

1975 834 2120 890 illius
2146 835 2311 890 verba
2337 849 2351 887 :
2386 833 2615 900 «,Gaude
2641 844 2695 888 et
2719 833 2931 900 laetare,
2962 836 3069 890 tilia
3096 837 3253 905 Sion;
3274 840 3400 908 quia
3429 855 3560 895 ecce

1973 944 2074 1000 ego
2106 929 2284 993 venio,
2312 938 2367 985 et
2405 929 2664 984 habitabo
2690 928 2744 982 in
2770 929 2948 983 medio
2981 930 3079 993 tui,
3113 932 3248 986 dicit
3272 934 3554 998 Dominus,

1974 1029 2030 1074 et
2065 1020 2482 1090 applicabuntur
2508 1030 2697 1090 gemes
2752 1021 2934 1077 multas
2962 1024 3028 1077 ad
3057 1023 3354 1079 Dominum
3380 1027 3434 1082 in
3463 1028 3552 1083 die

1975 1113 2095 1179 illo;
2121 1123 2176 1168 et
2200 1121 2363 1168 erunt
2389 1114 2521 1168 mihi
2564 1113 2618 1168 in
2649 1116 2905 1184 populum
2933 1133 2950 1183 ;
2979 1128 3031 1172 et
3062 1118 3328 1176 habitabo
3361 1121 3413 1175 in
3443 1136 3555 1176 me-

1974 1206 2064 1261 dio
2092 1205 2191 1271 tui,
2216 1213 2272 1259 et
2292 1214 2630 1272 cognoscent
2675 1208 2804 1276 quia
2839 1207 3102 1263 Dominus
3124 1211 3382 1267 virtutum
3410 1213 3559 1268 misit

1974 1311 2065 1350 me
2096 1297 2164 1350 ad
2191 1304 2266 1351 te.
2299 1296 2365 1351 Et
2389 1296 2689 1366 possidebit
2710 1296 2970 1355 Dominus
3001 1300 3218 1366 Judam,
3261 1313 3315 1358 et
3346 1314 3554 1375 partem

1972 1401 2128 1442 suam
2178 1388 2233 1443 in
2267 1397 2414 1445 terra
2459 1400 2670 1453 sancta,
2713 1401 2770 1444 et
2806 1391 2971 1461 eliget
3005 1394 3185 1448 adhuc
3218 1394 3547 1453 Jerusalem.

1974 1478 2189 1535 Timeat
2231 1483 2409 1536 omnis
2447 1497 2579 1536 caro
2607 1496 2635 1534 a
2668 1481 2809 1537 faeie
2849 1483 3098 1549 Domini,
3134 1488 3393 1556 quoniam
3437 1505 3559 1543 sur-

1975 1570 2121 1626 rexit
2143 1573 2209 1627 de
2239 1572 2476 1627 nubibus
2510 1573 2720 1628 sanctis
2749 1574 2886 1629 suis.
2915 1574 2983 1629 Et
3023 1578 3267 1632 ostendit
3296 1579 3429 1633 mihi
3461 1579 3554 1634 Je-

1976 1679 2096 1720 sum
2122 1667 2456 1721 sacerdotem
2486 1680 2765 1733 magnum,
2798 1674 3033 1721 stantem
3058 1677 3190 1723 ante
3224 1668 3422 1724 faciem
3457 1688 3559 1725 an-

1974 1754 2078 1825 geli
2109 1771 2123 1808 :
2157 1764 2212 1809 et
2245 1755 2495 1809 diabolus
2532 1757 2712 1810 stabat
2741 1773 2771 1810 a
2810 1757 3019 1812 dextris
3045 1759 3181 1827 ejus,
3206 1770 3265 1814 ut
3298 1763 3557 1816 adversa-

262 1852 450 1914 αὑτοῦ,
484 1851 588 1904 τοῦ
620 1851 964 1905 ἀντικεῖσθαι
1002 1851 1169 1923 αύτῷ.
1201 1852 1311 1905 Καὶ
1335 1847 1457 1905 εἷπε
1496 1852 1699 1924 Κύριος
1731 1853 1869 1925 πρὸς

1979 1856 2126 1902 retur
2157 1847 2232 1904 ei.
2275 1847 2344 1902 Et
2374 1850 2514 1904 dixit
2544 1850 2807 1905 Dominus
2849 1853 2916 1906 ad
2953 1851 3272 1908 diabolum:
3309 1852 3557 1922 Inerepet

262 1944 351 1995 om
380 1943 660 1997 διάϐολον·
694 1942 1048 2014 Ἐπιτιμήσαι
1066 1944 1271 2015 Κύριος
1302 1944 1361 1997 ὲν
1385 1943 1485 2008 σοὶ,
1510 1946 1539 1998 ὁ
1571 1943 1870 2015 ἐκλεξάμε-

263 2054 349 2100 νος
364 2038 470 2109 τὴν
486 2037 557 2089 Ἰε
566 2036 875 2109 ρουσαλήμ.
896 2035 1030 2105 Οὐχὶ
1051 2035 1158 2088 ἱδοὺ
1174 2034 1332 2089 τοῦτο
1346 2034 1503 2099 δαλὸς
1518 2036 1629 2109 (85)
1647 2037 1872 2103 ὲξεσπα-

268 2129 465 2197 σμένος
495 2130 565 2181 ὲκ
584 2128 794 2200 πυρόςς
831 2147 849 2179 ι
876 2128 1137 2181 Μέλλοντί
1157 2145 1216 2181 τε
1249 2128 1326 2199 τῷ
1349 2128 1602 2200 Τρύφωνι
1643 2129 1872 2202 ἀποκρί-

264 2219 455 2272 νεσθαι
492 2219 596 2272 καὶ
629 2218 934 2286 ἀντιλέγειν
966 2236 1075 2289 μοι,
1118 2217 1533 2292 ἔφηνοΠρῶτον
1580 2220 1871 2289 ἀνάμεινον

264 2313 360 2366 καὶ
392 2311 641 2365 ἄκουσον
666 2310 704 2365 ἃ.
732 2311 895 2379 λέγω.
921 2311 997 2363 Οὐ
1021 2310 1129 2382 γὰρ
1150 2314 1219 2381 ἣν
1244 2310 1651 2380 ὑπολαμϐάνεις
1672 2309 1870 2382 ἐξήγη-

268 2420 351 2455 σιν
382 2402 671 2456 ποιεῖσθαι
705 2402 906 2472 μέλλω,
946 2401 1021 2464 ὡς
1056 2401 1129 2472 μὴ
1173 2402 1542 2472 γεγενημένου
1577 2401 1767 2474 ἱερέως
1793 2419 1873 2454 τι·

264 2497 355 2559 νὸς
395 2495 585 2565 Ἰησοῦ
619 2494 848 2565 ὀνόματι
883 2495 941 2546 ὲν
960 2496 1026 2565 τῇ
1048 2493 1364 2565 Βαϐυλωνίᾳ
1395 2496 1486 2565 γῇ,
1508 2494 1641 2547 ὃπου
1674 2491 1874 2563 αἰχμά-

264 2588 437 2651 λωτος
456 2589 487 2640 ὁ
501 2587 642 2649 λαὸς
665 2586 698 2638 ὑ
707 2584 844 2657 μῶν.
864 2586 1039 2657 Ὅπερ
1055 2586 1102 2638 εἱ
1124 2586 1218 2638 καὶ
1235 2586 1469 2648 ἐποίουν,
1491 2584 1744 2649 ἀπέδειξα
1762 2583 1871 2655 (86)

268 2682 348 2732 ὅτι
377 2675 448 2749 ἦν
476 2679 582 2749 μὲν
627 2676 838 2747 Ἰησοῦς
869 2677 1051 2748 ἱερεὺς
1083 2678 1141 2730 ὲν
1167 2675 1245 2747 τῷ
1286 2677 1433 2745 γένει
1480 2676 1653 2748 ὑμῶν,
1685 2675 1873 2730 τοῦτον

267 2770 327 2823 δὲ
353 2770 520 2823 αὑτὸν
552 2768 657 2822 οὐκ
686 2770 747 2820 ὲν
778 2770 845 2837 τῇ
884 2766 1225 2837 ἀποκαλύψει
1246 2768 1413 2821 αὑτοῦ
1436 2770 1671 2840 ἑωράκει
1694 2771 1722 2822 ὁ
1747 2786 1875 2840 προ-

268 2863 469 2932 ςήτης,
497 2861 699 2931 ὥσπερ
732 2859 852 2913 οὐδὲ
885 2859 977 2912 τὸν
1011 2857 1253 2913 διάϐολον
1295 2861 1390 2913 καὶ
1421 2860 1511 2913 τὸν
1534 2859 1629 2913 τοῦ
1667 2859 1871 2930 Κυρίου

270 2953 502 3021 ἄγγελον
566 2953 672 3004 οὐκ
723 2949 957 3021 αύτοψίᾳ
996 2951 1053 3003 ὲν
1110 2949 1441 3003 καταστάσει
1481 2948 1557 3002 ὣν
1614 2951 1872 3023 ἑωράκει,

447 3046 506 3097 ἐν
578 3044 872 3106 ἐκστάσει,
934 3040 1329 3111 ἀποκαλύψεως
1368 3040 1516 3112 αὐτῷ
1563 3041 1871 3113 γεγενημέ-

271 3154 390 3209 νης.
425 3137 543 3191 Νῦν
577 3137 636 3189 δὲ
682 3134 831 3203 λέγω
882 3135 967 3188 ὅτι
1004 3134 1172 3205 ὅνπερ
1225 3134 1426 3205 τρόπον
1485 3134 1573 3187 διὰ
1604 3134 1700 3188 τοῦ
1764 3137 1869 3205 Ἰη-
1896 3175 1943 3239 C

272 3228 369 3281 σοσὲ
393 3228 665 3299 ὀνόματος
681 3225 762 3296 τῷ
780 3225 935 3295 Ναυῆ
960 3224 1060 3296 υἱῷ
1081 3225 1189 3297 (87)
1207 3226 1301 3279 καὶ
1313 3226 1571 3297 δυνάμεις
1604 3228 1697 3280 καὶ
1731 3230 1870 3299 πρά-

269 3320 388 3387 ξεις
416 3324 572 3387 τινας
598 3321 1092 3395 προκηρυσσούσας
1120 3319 1189 3372 τὰ
1209 3317 1315 3371 ὑπὸ
1346 3318 1441 3372 τοῦ
1462 3320 1732 3390 ἡμετέρου
1759 3322 1872 3373 Κυ-

270 3420 395 3493 ρίου
410 3419 679 3489 μέλλοντα
695 3417 940 3485 γίνεσθαι
955 3414 1312 3486 πεποιηκέναι
1333 3414 1437 3484 ἔφη
1463 3413 1572 3485 (88)
1590 3432 1602 3444 ·
1622 3412 1763 3466 οὕτω
1779 3414 1873 3466 καὶ

267 3510 369 3583 τὴν
391 3509 488 3562 ἐπὶ
517 3506 617 3563 τοῦ
644 3507 707 3560 ὲν
730 3504 1013 3560 Βαϐυλῶνι
1052 3504 1229 3576 Ἰησοῦ
1262 3505 1453 3576 ἱερέως
1483 3504 1779 3575 γενομένου
1812 3506 1871 3559 ὲν

336 3735 387 3767 ’⁷
426 3733 545 3791 Jer.
582 3748 666 3798 ιιι,
700 3730 753 3786 8.
871 3728 1134 3783 "‘Zach.
1162 3743 1230 3792 ιι,
1272 3726 1461 3792 10-13;
1499 3741 1580 3792 ιιι,
1619 3725 1672 3792 1,
1697 3725 1754 3779 2.

274 3937 719 4005 ἀνθρωποπαθὲς
758 3932 1246 4005 ἐπανορθούμενοι,
1295 3931 1393 3986 lib.
1438 3912 1516 3985 De
1560 3930 1874 3999 sacriﬁciis,

282 4011 607 4148 μ’(ἒέῗὶίαἱ
644 4078 761 4145 τὴν
790 4076 1024 4146 μερίδα.
1042 4073 1327 4148 ΔΟζιειει·ιιξιι
1356 4070 1605 4148 Nobilius
1646 4070 1878 4148 conjun-

276 4143 524 4207 ctionem
573 4164 605 4202 a
643 4143 901 4218 pluribus
929 4144 1164 4218 omitti,
1203 4144 1371 4213 idque
1427 4144 1611 4212 aptius
1655 4143 1876 4196 erudito

276 4219 617 4277 Londinensi
648 4216 846 4273 editori
889 4216 1134 4268 videtur.

1192 4281 1459 4351 υσαλήμ.
1503 4280 1674 4335 Biblia
1710 4282 1873 4336 Rom.

346 4290 467 4361 (84)
528 4286 998 4353 Ἐκλέεεταιὲπὶ
1045 4285 1459 4409 Ἰιιὶρουσαλήμ
1504 4285 1674 4335 Biblia
1710 4285 1800 4363 Ro

346 4362 521 4409 αετιεῖ
555 4359 637 4409 ἔτι
684 4357 1062 4409 Ἰερουσαλήμ.
1152 4357 1374 4409 bservat
1409 4354 1548 4407 tdem
1592 4351 1800 4406 Tliirlbt

276 4351 521 4440 αἱρετιεῖ
555 4359 639 4440 ἔτι
684 4351 1062 4440 Ἰερουσαλῄμ.
1099 4351 1388 4440 O_bservat_
1409 4354 1548 4440 idem
1578 4351 1876 4440 rTllll‘llllllS

1974 1939 2233 1995 Dominus
2265 1941 2318 1995 in
2364 1951 2439 2007 te,
2472 1945 2563 2011 qui
2618 1945 2783 2014 elegit
2818 1942 3147 2000 Jerusalem.
3191 1944 3384 2002 Nonne
3426 1964 3556 2002 ecce

1970 2034 2074 2090 hoc
2100 2034 2263 2089 torris
2303 2047 2389 2090 est
2429 2046 2645 2091 erectus
2671 2039 2740 2093 de
2780 2038 2906 2107 igne
2934 2038 3052 2093 ‘7'?
3092 2058 3111 2092 ι
3150 2038 3284 2095 Cum
3332 2040 3555 2113 Trypho

1972 2124 2303 2193 respondere
2324 2135 2379 2179 et
2408 2126 2540 2182 mihi
2590 2130 2971 2185 contradicere
3006 2140 3271 2201 pararet:
3304 2131 3413 2187 Fac
3445 2136 3556 2204 pri-

1971 2230 2141 2278 mum,
2186 2216 2431 2287 inquam,
2474 2230 2765 2288 exspectes
2813 2230 2870 2276 et
2910 2224 3104 2276 audias
3159 2225 3291 2293 quid
3342 2225 3551 2280 dicam.

1972 2303 2159 2375 Neque
2183 2309 2325 2362 enim
2358 2324 2518 2379 quam
2534 2313 2829 2382 suspicaris
2850 2316 3251 2383 expositionem
3285 2318 3556 2374 allaturos

1973 2410 2116 2461 sum,
2168 2408 2226 2453 ut
2261 2400 2469 2456 nullum
2517 2405 2856 2461 sacerdotem
2886 2406 3015 2462 Jesu
3060 2410 3281 2465 nomine
3315 2409 3368 2465 in
3409 2422 3553 2467 terra

1973 2490 2291 2562 Babylonia,
2324 2495 2411 2548 ubi
2444 2496 2675 2565 populus
2718 2510 2899 2553 vester
2927 2504 3181 2570 captivus
3219 2512 3359 2573 erat,
3386 2508 3556 2560 exsti-

1976 2584 2109 2639 tisse
2142 2585 2343 2640 dicam.
2378 2585 2531 2653 Quod
2575 2589 2795 2657 quidem
2828 2591 2875 2644 si
2909 2592 3172 2658 facerem,
3207 2596 3556 2650 demonstra-

1972 2689 2088 2730 rem
2121 2674 2361 2731 futurum
2394 2694 2503 2733 non
2537 2679 2722 2747 fuisse,
2758 2682 2803 2736 si
2852 2680 3015 2737 Jesus
3051 2687 3315 2740 sacerdos
3351 2686 3404 2741 in
3462 2703 3557 2741 ve-

1976 2774 2092 2821 stro
2115 2782 2311 2838 genere
2340 2767 2554 2836 fuisset,
2586 2782 2643 2827 ut
2678 2788 2801 2827 eum
2822 2776 3088 2844 propheta
3129 2768 3182 2830 in
3214 2792 3309 2831 sua
3351 2780 3557 2833 revela-

1977 2859 2125 2915 tione
2166 2861 2407 2929 videret;
2456 2863 2915 2933 quemadmodum
2956 2884 3055 2923 nec
3103 2871 3404 2936 diabolum,
3456 2889 3555 2927 nec

1979 2951 2230 3020 angelum
2268 2953 2485 3009 Domini
2528 2956 2662 3025 ipsis
2710 2958 2889 3013 ocnlis
2932 2958 3077 3012 intra
3126 2975 3186 3015 se
3229 2963 3556 3017 constitutus

1974 3044 2145 3111 vidit,
2172 3049 2266 3101 sed
2300 3048 2352 3102 in
2403 3050 2635 3113 exstasi,
2675 3051 3008 3107 revelatione
3053 3052 3153 3121 ipsi
3194 3054 3361 3108 facta.
3402 3054 3557 3108 Nune

1976 3142 2155 3190 autem
2185 3137 2328 3205 quod
2348 3137 2470 3191 dico
2498 3139 2577 3193 sic
2602 3154 2663 3193 se
2696 3141 2879 3195 habet.
2906 3141 3375 3208 Quemadmodum
3402 3141 3556 3198 Scri-

1977 3237 2136 3296 ptura
2187 3243 2216 3280 a
2250 3228 2361 3285 lilio
2408 3230 2571 3285 Navae
2612 3231 2842 3286 virtutes
2886 3241 2940 3285 et
2982 3236 3228 3288 actiones
3261 3236 3553 3303 quasdam,

1978 3334 2098 3388 qua:
2126 3334 2213 3374 res
2243 3336 2273 3375 a
2305 3321 2531 3378 Domino
2564 3333 2755 3379 nostro
2782 3324 3050 3394 gerendas
3088 3327 3553 3393 praenuntiabant,

1981 3425 2079 3480 per
2111 3426 2307 3467 nomen
2345 3413 2475 3470 Jesu
2510 3414 2685 3470 editas
2725 3430 2845 3470 esse
2875 3416 3051 3483 dixit;
3086 3417 3158 3470 ita
3196 3426 3250 3470 et
3279 3416 3420 3470 hanc
3454 3418 3558 3470 sub

1983 3503 2076 3559 illo
2105 3502 2256 3574 Jesu,
2289 3508 2382 3577 qui
2423 3507 2682 3564 sacerdos
2720 3508 2995 3580 Babylone
3033 3510 3088 3564 in
3135 3508 3335 3579 populo
3374 3518 3559 3564 vestro

1985 3926 2202 3995 litigare
2241 3924 2408 3991 velit,
2462 3924 2591 3992 quia
2660 3925 2923 3994 propheta
2964 3930 3424 3995 quemadmodum
3458 3952 3559 3995 nec

1982 3995 2258 4051 diabolum
2290 4011 2389 4049 nec
2414 3995 2665 4062 angelum
2696 3998 2871 4051 oculis
2905 4000 3021 4053 suis
3052 4000 3207 4064 vidit,
3243 4004 3335 4056 sed
3366 4005 3555 4063 oblata

1979 4066 2346 4129 revelationc,
2380 4067 2456 4119 sic
2509 4081 2780 4118 summum
2830 4069 3196 4135 sacerdotem,
3234 4073 3277 4125 si
3319 4074 3477 4130 vivhs
3508 4081 3555 4133 is

1978 4138 2303 4202 exstitisset,
2334 4151 2442 4189 non
2471 4135 2524 4187 in
2574 4136 2931 4202 revelatione,
2975 4140 3072 4193 sed
3114 4156 3298 4194 coram
3329 4160 3561 4205 cernere

1978 4208 2281 4261 debuisset.
2309 4206 2426 4261 Non
2469 4204 2701 4260 deerant
2739 4209 2831 4274 qui
2876 4209 3015 4263 hanc
3058 4212 3446 4269 revelationem
3490 4204 3558 4272 ad

1975 4275 2159 4331 Jesum
2188 4275 2358 4352 filium
2399 4275 2671 4352 {osedegh
2716 4277 2911 4352 referri
2967 4281 3194 4352 omnino
3244 4298 3348 4337 non
3396 4300 3560 4352 posse

1976 4344 2570 4423 co1_|_temlerent._llmle
2595 4344 2966 4423 Tertullianus
2992 4350 3114 4423 adv.
3137 4351 3272 4404 Jud.
3306 4344 3551 4423 cap-.14:

279 4416 581 4488 lectionem
611 4416 816 4484 Justini
845 4416 1245 4497 praeferendam
1270 4437 1413 4488 esse,
1453 4432 1512 4477 ut
1542 4424 1716 4492 magis
1746 4440 1874 4477 con-
1906 4439 1949 4493 ι)
1980 4432 1998 4467 ι
2042 4416 2152 4497 Nec
2190 4417 2444 4497 poteritis
2495 4432 2620 4497 etim
2672 4416 2948 4497 J_os_edeclr
2984 4420 3154 4474 tilium
3206 4416 3417 4497 dicere.
3463 4431 3557 4495 qui

278 4514 609 4557 sentaneam
640 4499 871 4553 Hebraeo
897 4497 1049 4550 fonti.

351 4571 472 4642 (85)
519 4566 704 4642 Τοῦτο
735 4568 939 4642 eam.
986 4567 1061 4620 Ita
1105 4564 1299 4642 Aquila
1340 4571 1400 4642 et_
1436 4561 1604 4642 Hebr.
1650 4572 1705 4617 et
1739 4565 1870 4642 edit.

277 4632 567 4711 Co‘nlplut.
592 4640 857 4707 Quamvis
898 4632 1337 4711 autele‘egat‘nr
1371 4633 1446 4697 ὡς
1479 4632 1657 4711 δαλᾴς,
1688 4635 1867 4711 utob_—-

282 4703 475 4768 εει-τεὴ
502 4703 649 4764 idem
677 4710 763 4761 vir
790 4708 944 4761 erud.
988 4709 1038 4760 in
1064 4706 1204 4759 Bibl.
1245 4704 1402 4758 Rom.
1426 4703 1628 4759 etAld.
1662 4714 1715 4757 et
1748 4703 1873 4758 cod.

284 4786 448 4838 Alex.
480 4791 539 4834 et
575 4782 629 4833 in
657 4778 890 4833 Constit.
923 4786 1097 4844 apost.
1123 4776 1161 4829 l.
1184 4792 1262 4840 vr,
1289 4790 1338 4828 c.
1364 4774 1418 4835 5,
1448 4783 1504 4828 et
1532 4775 1676 4843 apud
1703 4773 1874 4828 Clem.

281 4856 447 4908 Alex.
478 4865 649 4922 quem
692 4858 875 4904 tamen
906 4844 1234 4922 Sylburgius
1259 4846 1504 4922 licenter
1518 4845 1873 4922 emendavit,

282 4936 340 4977 et
361 4912 513 4992 apud
535 4912 967 4992 Hieronymum,
1008 4912 1199 4992 Cyrill.
1244 4914 1398 4992 Alex.
1434 4912 1875 4992 etjl‘heosloret”

283 4996 379 5047 vix
402 4983 609 5046 'dubito
639 4983 770 5057 quin
817 4989 956 5041 hanc
999 4983 1248 5057 Voculam
1293 4984 1370 5047 ὡς
1398 4983 1671 5057 omiserit
1707 4983 1876 5057 lusti-

285 5080 415 5118 nus.
444 5064 540 5114 Ait
567 5053 713 5113 enim
754 5058 895 5111 infra
932 5059 998 5112 de
1037 5054 1166 5110 Jesu
1215 5056 1501 5110 sacerdote
1529 5070 1544 5107 :
1574 5053 1684 5107 Kal.
1719 5054 1877 5118 δαλὸς

284 5130 701 5202 ἔξεσε-,ἀσμένῳ
725 5130 791 5202 ἐκ
814 5127 986 5197 πυρὸς
1013 5125 1239 5202 ἐκλήθη.

359 5204 475 5273 (86)
532 5195 866 5262 Ἆπέδειξα,
889 5195 997 5253 etc.
1020 5195 1262 5273 Difﬁcilis
1293 5195 1447 5273 locus
1470 5204 1528 5249 et
1559 5195 1727 5273 variis
1750 5209 1878 5273 con:

281 5264 520 5345 jeeturis
577 5280 846 5345 vexatus,
897 5284 1043 5345 quas
1085 5268 1303 5345 referre.
1338 5266 1560 5345 longum
1608 5268 1749 5345 sit;
1782 5264 1876 5344 sed

289 5336 473 5398 iamen
508 5341 791 5396 levissima
814 5336 1079 5393 aut‘nulla
1113 5338 1413 5391 mutatione
1434 5336 1578 5389 facta
1608 5336 1874 5389 illustrari

286 5424 495 5486 potest.
534 5412 739 5486 Degere
772 5411 918 5486 enim
963 5424 1255 5486 possumus
1286 5416 1498 5486 mutato
1529 5414 1745 5486 tantum
1778 5418 1873 5486 ac-

286 5474 451 5541 };qu
482 5502 499 5537 :
541 5474 652 5551 Ἦξ
679 5480 779 5550 μὲν
822 5474 1034 5551 rinam};
1085 5478 1264 5551 ἱερεὺς
1299 5479 1378 5551 ὲν-
1405 5474 1482 5546 τῷ
1515 5474 1663 5544 γένει
1697 5474 1875 5545 ὑμῶν,

288 5556 597 5623 supplendo
621 5547 711 5623 ἦν,
756 5570 787 5623 ι
816 5549 872 5603 Si
892 5547 1162 5623 sacerdos
1179 5547 1340 5623 {esus
1368 5548 1421 5601 in
1451 5561 1662 5623 genere
1691 5558 1879 5600 vestro

290 5613 529 5696 luisset;
562 5643 580 5675 ι
611 5613 719 5684 vel,
746 5622 793 5675 si
818 5622 1015 5696 ma_lis_:
1046 5620 1111 5696 Et
1147 5619 1245 5688 μὲν
1271 5613 1361 5689 ἦν,
1396 5613 1540 5696 quod
1565 5617 1753 5670 eodem
1788 5631 1877 5696 re-

286 5699 394 5751 dit.
432 5687 646 5763 Negare
683 5709 790 5748 non
830 5693 943 5744 vult
973 5687 1608 5763 Just_inus_saeerdotem
1659 5687 1879 5763 nomine

286 5766 480 5822 Iesum
501 5757 784 5820 Exstitisse
813 5762 870 5816 in
895 5770 1039 5815 terra
1077 5758 1373 5830 Babylonis
1397 5774 1413 5821 ;
1439 5758 1746 5830 sed_tamen
1784 5757 1877 5811 de-

288 5840 469 5893 clarat
495 5835 840 5905 probabilem
873 5830 1158 5887 materiam
1182 5827 1286 5885 sibi
1326 5844 1432 5884 non
1460 5827 1796 5892 defuturam,
1830 5831 1876 5883 si

1982 4488 2128 4540 nulla
2155 4488 2378 4541 omnino
2405 4494 2556 4541 veste
2580 4488 2823 4554 sordida,
2855 4489 2949 4542 sed
2982 4503 3198 4558 semper
3227 4488 3553 4553 sacerdotali

1983 4559 2083 4611 fuit
2130 4568 2465 4619 exornatus,
2513 4571 2612 4609 nec
2654 4572 2891 4626 unquam
2954 4562 3282 4614 sacerdotali
3332 4579 3559 4621 niuuere

1980 4630 2245 4696 privatus.
2277 4644 2296 4678 ι
2332 4627 2773 4681 Christianorum
2815 4627 3176 4696 interpretum
3225 4638 3553 4689 sententiam

1980 4701 2060 4752 sic
2092 4696 2266 4767 refert
2311 4696 2717 4767 Hieronymus:
2767 4715 2787 4748 ι
2833 4697 2951 4752 Non
2995 4709 3180 4753 autem
3223 4716 3342 4755 esse
3371 4702 3556 4758 Jesum

1979 4768 2159 4841 lilium
2189 4765 2457 4822 Josedech
2493 4765 2573 4841 ex
2599 4770 2702 4822 hoc
2734 4778 3011 4841 conantur
3054 4772 3369 4841 ostendere,
3414 4782 3555 4841 quod

1978 4852 2087 4893 non
2116 4838 2188 4891 sit
2219 4842 2526 4907 appositum
2562 4839 2615 4891 in
2647 4840 2900 4906 prazsenti
2928 4839 3062 4904 loco,
3096 4839 3237 4891 tilius
3265 4838 3554 4903 Josedecb;

1976 4910 2067 4973 qui
2111 4908 2164 4961 in
2205 4906 2327 4962 aliis
2370 4908 2506 4962 locis
2539 4918 2595 4961 et
2637 4909 2727 4962 ubi
2762 4923 2890 4961 vere
2932 4910 2998 4961 de
3037 4910 3163 4963 .lesu
3206 4910 3409 4963 dicitur
3447 4915 3560 4967 tilio

1978 4976 2271 5044 Josedech,
2321 4992 2544 5047 semper
2590 4980 2762 5046 patris
2807 4980 3139 5047 cognomine
3181 4990 3493 5039 censeatur.
3533 5002 3554 5036 ι

1979 5049 2156 5119 Aliam
2200 5050 2347 5102 viam
2388 5045 2487 5101 init
2521 5045 2811 5119 Justinus;
2840 5045 3046 5101 fatetur
3091 5050 3180 5102 hic
3215 5051 3299 5119 agi
3336 5052 3402 5105 de
3445 5053 3560 5108 ﬁlio

1977 5116 2287 5191 .losedeeh;
2331 5128 2479 5191 atrea
2510 5133 2630 5187 quae
2657 5119 2725 5171 ad
2758 5117 3040 5173 Christum
3078 5116 3349 5187 spectant,
3386 5123 3560 5191 signi-

1979 5188 2134 5243 ﬁcari
2170 5189 2470 5243 contendit.

2051 5259 2159 5330 (87)
2188 5257 2460 5332 TQquﬁ
2486 5256 2612 5323 υἱῷ.
2642 5257 2737 5311 Vel
2770 5257 3056 5332 legendum
3091 5258 3181 5311 τὸν
3225 5260 3381 5332 Ναυῆ
3417 5262 3557 5324 υἱόν,

1979 5328 2069 5386 vel,
2099 5328 2435 5399 πεποιῆσθαι
2466 5345 2564 5397 pro
2590 5328 2980 5399 πεποιηκέναι,

2049 5400 2164 5471 (88)
2209 5398 2387 5469 Ἔφη.
2426 5398 2873 5471 Nonlegendum
2900 5398 3059 5469 ἔφην,
3106 5408 3167 5471 nt
3219 5400 3401 5469 placet
3432 5419 3561 5457 eru-

1980 5469 2095 5525 dito
2121 5469 2455 5524 Londinensi
2493 5469 2716 5530 editori,
2742 5470 2837 5522 sed
2870 5470 3263 5538 supplendum,
3302 5489 3369 5526 ex
3407 5489 3561 5527 more

1981 5542 2039 5598 S.
2081 5541 2358 5610 martyris,
2389 5538 2523 5602 Θεός
2552 5538 2633 5610 vel
2665 5538 2823 5610 λόγος
2870 5554 3065 5610 nempe
3113 5540 3422 5609 Scriptura.
3467 5546 3561 5596 Sic

1980 5615 2125 5667 enim
2147 5607 2239 5683 n._l
2254 5610 2321 5665 14
2348 5629 2361 5664 :
2391 5611 2560 5683 Ὅταν
2576 5607 2713 5682 λέγῃ
2732 5608 2821 5661 διὰ
2863 5607 3117 5683 ⁸ᾘνσειῖου,
3139 5622 3194 5683 et
3218 5607 3379 5683 paulo
3405 5627 3557 5683 post:

1978 5683 2090 5737 Καὶ
2126 5681 2287 5735 πάλιν
2320 5683 2447 5734 ὅταν
2479 5680 2639 5751 λέγῃ,
2682 5680 2736 5733 et
2771 5696 2827 5732 ιι.
2856 5680 2958 5733 1‘20
2987 5700 2999 5734 :
3037 5681 3176 5803 Φησὶ
3209 5682 3340 5748 γοῦν
3373 5680 3468 5737 καὶ
3504 5688 3564 5737 ὲν

1978 5752 2056 5803 τῶ
2102 5752 2401 5803 ’101361..'£et
2445 5767 2499 5803 ιι.
2533 5752 2628 5803 izt
2656 5770 2669 5803 :
2699 5750 2835 5803 Περὶ
2869 5750 3061 5803 τούτου
3132 5751 3274 5803 ἐγων
3307 5754 3399 5803 τοῦ
3434 5756 3564 5803 Χοι-

1978 5752 2056 5824 τῷ
2081 5752 2329 5826 μἸούδᾳῆ
2346 5762 2401 5826 et
2445 5767 2499 5805 ιι.
2533 5750 2628 5805 iit
2656 5750 3061 5826 τλΠερὶΑτούτου
3097 5750 3274 5821 λέγων
3307 5754 3399 5808 τοῦ
3434 5756 3566 5826 Χρι-

1983 5821 2129 5877 στοῦ.
2170 5821 2598 5878 γὶθοίιιιιιιοιοιο
2631 5824 2696 5878 ad
2736 5839 2793 5876 ιι.
2829 5821 2915 5879 61.
