3954 6258
424 376 534 435 745

1341 369 1400 426 S.
1442 364 1704 424 JCSTINI
1739 362 2148 421 PlllLOSOPlll
2187 360 2276 417 ET
2316 358 2677 416 MARTYRIS

3567 366 3659 420 τιι

429 497 553 562 fuit,
582 490 968 549 revelationem
1001 502 1146 542 nunc
1176 486 1555 541 demonstrare
1588 483 1875 555 aggredior
1899 495 1996 535 eo-

2112 477 2176 549 ιῷ
2216 477 2333 548 λαῷ
2364 475 2520 548 ὑμῶν
2554 472 2930 544 ἀποκάλυψιν,
2993 473 3223 547 ἔρχομαι
3267 472 3360 527 νῦν
3406 475 3660 545 ἀποδεῖξαι

430 605 573 648 rum.
603 599 722 655 qua:
748 581 1006 638 sacerdos
1034 589 1221 634 noster
1252 587 1307 632 et
1334 577 1480 634 Deus
1510 587 1568 632 et
1600 576 1874 638 Christus,
1901 572 2007 629 Pa-

433 681 536 735 tris
564 680 949 733 universorum
998 673 1188 738 Filius,
1225 672 1471 726 facturus
1503 679 1642 735 erat,
1674 667 2007 738 pradicatio—

431 788 554 827 nem
577 772 766 824 fuisse.
798 766 917 822 Jam
946 775 1129 819 autem
1176 763 1408 817 miratus
1450 778 1595 827 sum,
1626 761 1871 831 inquam,
1909 774 2007 814 cur

430 862 591 933 paulo
619 870 747 914 ante
775 858 990 913 dicente
1014 871 1101 911 me
1129 853 1470 924 quieveritis,
1500 866 1603 907 nec
1636 852 2004 921 reprehende-

434 955 553 1008 ritis
591 967 713 1007 cum
764 952 1004 1005 dicerem
1052 946 1225 1001 lilium
1272 944 1439 999 Nava:
1477 960 1545 1000 ex
1604 943 1905 1013 aaqnalihns
1938 943 2005 996 ab

431 1043 669 1114 Egypto
709 1039 972 1112 profectis
1018 1038 1190 1093 solum
1223 1036 1388 1107 209
1419 1036 1471 1090 in
1525 1046 1727 1090 terram
1761 1044 2003 1089 sanctam

434 1136 735 1204 ingressum
765 1147 891 1187 esse
926 1146 1053 1185 cum
1111 1129 1180 1183 iis
1207 1132 1301 1198 qui
1338 1130 1439 1184 hac
1471 1137 1633 1183 aetate
1673 1139 1805 1182 natu
1831 1129 2006 1182 mino-

435 1240 524 1279 res
571 1224 836 1293 descripti
887 1220 1131 1276 fuerant.
1179 1219 1318 1274 Nam
1376 1220 1549 1274 instar
1583 1234 1892 1274 muscarum
1937 1219 2003 1272 ad

433 1317 618 1371 ulcera
650 1314 937 1371 accurritis
956 1325 1010 1369 et
1034 1313 1328 1369 advolatis.
1358 1312 1414 1367 Si
1437 1312 1560 1381 quis
1578 1312 1722 1366 enim
1747 1321 2003 1367 sexcenta

431 1407 692 1476 praeclare
735 1406 902 1470 dicat,
939 1420 1104 1459 unum
1154 1412 1336 1459 autem
1383 1402 1683 1473 quamlibet
1733 1404 2000 1456 minutum

435 1499 592 1553 vobis
626 1515 732 1552 non
772 1498 987 1566 placeat
1019 1505 1115 1549 aut
1148 1512 1175 1547 a
1209 1494 1363 1549 vobis
1395 1508 1500 1548 non
1535 1493 1885 1562 intelligatur,
1911 1502 2004 1545 aut

434 1589 618 1643 minus
663 1596 979 1641 accuratum
1019 1586 1125 1649 sit;
1165 1586 1233 1640 de
1264 1584 1517 1655 plurimis
1548 1583 1808 1652 praeclare
1840 1582 2003 1636 dictis

432 1697 625 1752 parum
672 1680 958 1743 laboratis,
994 1679 1281 1734 verbulttm
1316 1686 1494 1731 autem
1544 1677 1813 1747 arripitis,
1845 1675 2004 1730 illud-

434 1787 543 1842 que
575 1772 629 1826 iu
663 1772 859 1840 piaculi
886 1787 951 1825 ac
978 1773 1206 1826 sceleris
1242 1773 1364 1827 loco
1413 1780 1653 1825 statuere
1683 1769 1954 1824 conamini
1985 1787 1999 1824 :

2105 567 2441 641 ἀποκήρυξιν
2470 564 2606 622 εἶναι
2638 569 2746 620 τῶν
2781 567 2887 620 ὑπὸ
2916 567 3015 619 τοῦ
3044 567 3313 641 ἡμετέρου
3346 568 3546 639 ἱερέως,
3577 575 3661 626 καὶ

2104 664 2261 730 Θεοῦ,
2284 663 2379 717 καὶ
2404 662 2639 734 Χριστοῦ
2666 660 2798 715 Υίοῦ
2827 660 2921 714 τοῦ
2957 660 3170 732 Πατρὸς
3204 661 3311 714 τῶν
3347 661 3499 726 ὅλων,
3534 664 3664 731 γίνε-

2106 757 2228 810 σθαι
2262 754 2727 827 μελλόντων.”Ηδη
2755 753 2853 824 μέν
2873 770 2956 806 τοι
2987 751 3312 823 ἐθαύμαζον,
3335 752 3485 823 ἔφην,
3514 754 3594 808 διὰ
3619 756 3665 809 τί

2104 849 2199 901 και¹
2227 850 2332 920 πρὸ
2364 849 2561 919 μικροῦ
2593 846 2821 918 ἡσυχίαν
2868 848 3107 917 ἠγάγετε
3141 845 3277 916 ἐμοῦ
3335 845 3592 914 λέγοντος,
3633 847 3663 919 ἢ

2104 936 2225 1001 πῶς
2262 938 2363 990 οὐκ
2405 934 2735 989 ἐπελάϐεσθέ
2777 952 2878 1006 μου
2925 935 3170 997 εἰπόντος
3207 936 3289 988 ὅτι
3331 936 3360 989 ὁ
3400 935 3492 988 τοῦ
3522 936 3665 1008 Ναυῆ

2105 1029 2220 1093 υίὸς
2251 1029 2361 1082 τῶν
2403 1028 2725 1092 ἐξελθόντων
2772 1025 2867 1080 ἀπ’
2908 1026 3183 1094 Αἰγύπτου
3217 1027 3492 1098 ὁμηλίκων
3523 1028 3670 1098 μόνος

2103 1122 2349 1193 εἰσῆλθεν
2372 1122 2452 1185 είς
2477 1120 2576 1192 τὴν
2614 1120 2776 1187 άγίαν
2803 1120 2924 1191 γῆν,
2951 1119 3046 1171 καὶ
3073 1121 3121 1172 οἱ
3143 1120 3510 1190 γεγραμμένοι
3541 1122 3668 1191 ἀφὴ-

2103 1216 2251 1278 λικες
2270 1213 2370 1283 τῆς
2392 1214 2584 1281 γενεᾶς
2620 1212 2851 1281 ἐκείνης.
2897 1212 3106 1283 Ὥσπερ
3153 1213 3262 1283 γὰρ
3298 1213 3353 1265 αἱ
3399 1215 3546 1282 μυῖαι
3585 1214 3668 1265 ἐπὶ

2102 1302 2173 1356 τά
2202 1303 2335 1372 ἐλκη
2362 1300 2724 1373 προστρέχετε
2746 1299 2840 1353 καὶ
2872 1299 3190 1369 ἐφίπτασθε.
3223 1301 3342 1354 Κᾶν
3376 1301 3482 1373 γὰρ
3516 1302 3667 1372 μυρία

2102 1410 2186 1457 τις
2215 1394 2341 1463 εἴπῃ
2366 1391 2567 1455 καλῶς,
2591 1391 2650 1444 ἐν
2674 1390 2731 1444 δὲ
2760 1391 2953 1463 μικρὸν
2974 1391 3150 1445 ὁτιοῦν
3186 1391 3269 1463 είη
3305 1391 3379 1463 μὴ
3400 1392 3668 1463 εὐάρεστον

2103 1483 2251 1553 ὑμῖν,
2290 1481 2324 1553 ῆ
2373 1482 2446 1552 μὴ
2482 1481 2788 1552 νοούμενον,
2827 1479 2860 1553 ἢ
2903 1481 2977 1553 μὴ
3017 1482 3153 1552 πρὸς
3186 1480 3249 1534 τὸ
3295 1481 3535 1552 ἀκριϐὲς,
3571 1482 3667 1535 τῶν

2105 1574 2204 1645 μὲν
2238 1572 2449 1626 πολλῶν
2479 1573 2658 1627 καλῶν
2681 1573 2743 1626 οὐ
2785 1574 3200 1644 πεφροντίκατε,
3248 1573 3340 1627 τοῦ
3390 1574 3447 1627 δὲ
3487 1575 3666 1645 μικροῦ

2104 1665 2372 1736 ρηματίου
2395 1665 2847 1736 ἐπιλαμϐάνεσθε,
2878 1665 2973 1719 καὶ
2996 1665 3428 1729 κατασκευάζειν
3453 1666 3577 1719 αὐτὸ
3602 1666 3669 1729 ὡς

2103 1756 2355 1828 ἀσέϐημα
2400 1758 2493 1811 καὶ
2537 1758 2783 1829 ἀδίκημα
2840 1755 3191 1821 σπουδάζετε*
3270 1760 3360 1812 ἵνα
3418 1761 3483 1829 τῇ
3543 1758 3666 1828 αὐτῇ

434 1875 494 1917 ιιι
517 1863 678 1918 simili
714 1864 875 1917 modo
902 1880 930 1916 a
968 1865 1076 1917 Deo
1110 1863 1338 1931 iudicati
1370 1863 1543 1917 multo
1569 1863 1744 1931 magis
1778 1875 2005 1928 magno-

2112 1847 2270 1919 όμοίᾳ
2316 1847 2427 1919 (89)
2477 1848 2656 1919 κρίσει
2714 1848 2820 1901 ὑπὸ
2855 1847 2947 1901 τοῦ
2995 1848 3133 1904 Θεοῦ
3173 1849 3501 1921 κρινόμενοι,
3548 1849 3668 1903 πολὺ

434 1971 557 2010 rum
592 1954 921 2019 facinorum,
954 1955 1071 2009 sive
1107 1956 1353 2019 improbe
1406 1955 1701 2015 factorum,
1734 1955 1847 2006 sive
1875 1969 2003 2022 pra-

433 2061 630 2101 varum
669 2048 1201 2116 interpretationum,
1251 2062 1387 2114 quas
1443 2046 1802 2101 adulteramlo
1853 2047 2008 2099 adhi-

438 2139 595 2201 betis,
632 2140 903 2194 rationem
937 2133 1199 2194 reddatis.
1230 2139 1350 2206 Quo
1385 2141 1527 2194 enim
1563 2139 1769 2208 judicio
1794 2138 2009 2208 judica-

437 2232 530 2293 tis.
558 2232 746 2285 eodem
774 2247 871 2285 vos
896 2246 1108 2298 aequum
1147 2242 1231 2286 est
1253 2232 1510 2300 judicari.

510 2324 633 2379 116.
671 2324 985 2378 Ostenditur
1006 2325 1267 2393 quomodo
1298 2325 1410 2377 Ita'c
1437 2324 1705 2392 prophetia
1733 2324 2007 2378 conveniat

438 2416 779 2470 Christianis.
815 2444 884 2454 —
916 2416 1019 2468 Sed
1048 2425 1100 2468 ιιι
1161 2415 1314 2470 vobis
1351 2419 1616 2470 rationein
1669 2417 1888 2469 reddam
1942 2416 2007 2468 de

440 2507 776 2561 revelatione
799 2505 923 2559 Jesu
949 2507 1156 2561 Christi
1179 2507 1374 2573 sancti,
1405 2519 1588 2576 repeto
1612 2522 1916 2559 sermonem
1944 2520 2008 2559 ac

439 2600 560 2653 dico
585 2601 727 2653 hanc
750 2616 967 2669 quoque
1002 2599 1383 2653 revelationem
1418 2601 1468 2652 in
1505 2613 1601 2653 nos
1633 2596 1827 2652 factam
1859 2614 2000 2661 esse,

437 2693 529 2760 qui
568 2694 619 2744 in
649 2692 926 2747 Christum
960 2707 1232 2747 summum
1261 2691 1621 2753 sacerdotem,
1682 2691 1826 2745 hunc
1878 2707 2009 2745 cru-

436 2783 683 2847 ciftxum,
723 2784 996 2838 credimus
1036 2785 1171 2853 :qui
1218 2800 1340 2836 cum
1378 2785 1429 2837 in
1479 2784 1683 2853 stupris
1741 2798 1805 2837 ac
1859 2784 2007 2836 omni

436 2881 663 2942 prorshs
686 2874 901 2927 sordida
934 2874 1144 2927 actione
1169 2887 1536 2937 versaremur,
1590 2888 1685 2942 per
1720 2874 1948 2941 gratiam
1978 2887 2006 2925 a

438 2974 623 3019 nostro
671 2962 821 3029 Jcsu,
856 2965 1154 3019 secundum
1208 2966 1545 3018 voluntatem
1604 2964 1777 3033 ipsius
1828 2962 2010 3018 Patris

437 3070 783 3121 concessam,
813 3057 1026 3109 sordida
1072 3055 1277 3119 omnia,
1318 3055 1513 3123 quibus
1556 3056 1727 3109 induti
1771 3069 2005 3118 eramus,

440 3146 584 3200 mala
616 3146 902 3212 exuimus,
936 3148 1132 3216 quibus
1163 3145 1409 3199 diabolus
1461 3148 1624 3200 instat
1670 3162 1885 3216 semper
1912 3148 2008 3202 ad-
2037 3176 2078 3233 ε

438 3253 695 3303 versans,
722 3253 786 3292 ac
819 3254 1011 3293 omnes
1033 3239 1095 3291 ad
1130 3254 1186 3291 se
1217 3240 1427 3293 trahere
1455 3238 1640 3292 volens
1666 3256 1679 3291 :
1715 3240 1807 3293 sed
1846 3255 2013 3310 ange-

436 3326 522 3384 lus
554 3329 675 3394 Dei,
709 3330 761 3384 id
803 3342 887 3384 εει
920 3331 1093 3383 virtus
1131 3328 1249 3394 Dei,
1291 3330 1445 3385 nobis
1481 3347 1575 3399 per
1618 3329 1801 3384 Jesum
1851 3331 2012 3385 Chri-

444 3430 587 3476 stum
615 3423 887 3485 immissa,
934 3422 1180 3491 increpat
1234 3437 1358 3477 eum
1413 3432 1465 3477 et
1495 3438 1522 3475 a
1560 3424 1714 3478 nobis
1757 3425 2004 3479 discedit.

436 3515 515 3570 Ac
547 3527 800 3584 tanquam
828 3530 893 3569 ex
932 3517 1054 3584 igne
1084 3517 1313 3570 extracti
1349 3532 1559 3582 sumus,
1588 3533 1708 3571 cum
1735 3517 2007 3586 prioribus

440 3610 675 3677 peccatis
703 3610 1009 3676 expurgati,
1043 3618 1151 3660 tum
1186 3623 1248 3660 ex
1292 3608 1641 3663 tribulatione
1693 3609 1919 3663 eruendi
1953 3616 2007 3662 et

439 3711 504 3750 ex
534 3698 783 3751 incendio
815 3698 972 3752 nobis
995 3714 1024 3751 a
1061 3700 1276 3753 diabolo
1308 3698 1536 3768 ejusque
1563 3702 1815 3754 omnibus
1847 3699 2005 3755 mini-

438 3787 566 3840 stris
594 3788 847 3851 admoto;
881 3802 945 3841 ex
971 3788 1172 3855 quibus
1200 3804 1297 3843 nos
1330 3791 1493 3844 etiam
1527 3807 1717 3845 rursus
1742 3807 1799 3846 se
1830 3803 2011 3845 extra-

438 3888 653 3931 cturum
687 3878 846 3933 Jesus
880 3878 977 3932 Dei
1029 3879 1220 3943 Filius,
1282 3896 1346 3934 ac
1398 3884 1712 3951 prmparatis
1763 3883 2008 3937 vestibus

438 3983 537 4022 nos
566 3970 904 4033 induturum,
933 3971 979 4025 si
1011 3973 1265 4026 mandata
1290 3972 1409 4040 ejus
1434 3975 1808 4038 observemus,
1838 3984 1891 4028 et
1922 3989 2006 4028 re-

438 4076 601 4130 gnum
631 4072 895 4115 aeternum
927 4065 1278 4132 provisurum
1326 4067 1593 4134 promisit.
1644 4066 2006 4132 Quemadmo-

439 4153 564 4204 dum
596 4153 737 4206 enim
772 4151 931 4208 Jesus
965 4154 1075 4218 ille,
1103 4156 1195 4223 qui
1228 4159 1484 4211 sacerdos
1510 4172 1538 4209 a
1570 4160 1834 4228 prepheta
1870 4160 2005 4212 dici-

438 4252 545 4305 tur,
581 4243 797 4296 sordida
842 4242 1023 4297 ferens
1058 4244 1367 4299 indumenta
1409 4248 1557 4302 visus
1601 4258 1707 4314 est,
1741 4250 1865 4318 quia
1898 4247 2007 4302 for-

442 4332 708 4385 nicariam
764 4332 913 4387 illum
956 4348 1182 4388 uxorem
1231 4340 1507 4404 accepisse
1554 4337 1757 4392 dictum
1792 4348 1896 4400 est,
1939 4353 2004 4393 ac

2109 1938 2305 2010 μᾶλλον
2334 1938 2473 2013 ὑπὲρ
2508 1940 2616 1992 τῶν
2647 1940 2900 2010 μεγάλων
2939 1940 3325 2012 τολμημάτων,
3364 1941 3472 1995 είτε
3502 1943 3672 1997 κακῶν

2106 2030 2376 2102 πράξεων,
2413 2033 2520 2084 εἴτε
2560 2032 2777 2100 φαύλων
2822 2029 3133 2103 ἐξηγήσεων
3162 2033 3228 2096 ἃς
3256 2035 3671 2105 παραποιοῦντες

2107 2124 2406 2195 ἐξηγεῖσθε,
2430 2124 2584 2192 λόγον
2612 2124 2821 2196 δὼσητε
2850 2124 2980 2197 (90).
3012 2127 3078 2178 '0
3109 2126 3218 2197 γὰρ
3248 2130 3425 2198 κρῖμα
3452 2128 3667 2200 κρίνετε,

2104 2215 2314 2271 δίκαιόν
2340 2217 2487 2268 ἐστιν
2512 2216 2654 2285 ὑμᾶς
2685 2215 2955 2287 κριθῆναι.

2178 2306 2299 2362 116.
2351 2307 2487 2359 Ἀλλ’
2521 2309 2608 2362 ἵνα
2643 2308 2735 2362 τὸν
2766 2309 2920 2378 λόγον
2952 2310 3043 2363 τὸν
3089 2311 3218 2381 περὶ
3272 2311 3370 2381 τῆς
3416 2311 3672 2367 ἀποκαλύ-

2105 2398 2252 2469 ψεως
2292 2399 2465 2469 Ἰησοῦ
2494 2400 2730 2471 Χριστοῦ
2762 2401 2857 2455 τοῦ
2906 2402 3059 2471 ἁγίου
3109 2402 3219 2475 (91)
3250 2403 3486 2456 ἀποδιδῶ
3534 2404 3667 2474 ὑμῖν,

2108 2491 2473 2562 ἀναλαμϐάνω
2497 2492 2588 2546 τὸν
2623 2493 2800 2562 λόγον,
2833 2494 2926 2546 καί
2954 2511 3093 2564 φημι
3123 2496 3388 2566 κάκείνην
3419 2496 3514 2566 τὴν
3547 2497 3671 2548 ἁπο-

2110 2584 2341 2654 κάλυῲιν
2387 2587 2466 2648 είς
2516 2587 2662 2656 ἡμᾶς
2709 2586 2836 2650 τοὺς
2878 2586 2971 2639 ἐπὶ
3013 2587 3102 2639 τὸν
3152 2588 3391 2659 Χριστὸν
3430 2588 3670 2658 ἀρχιερέα

2108 2675 2295 2729 τοῦτον
2323 2675 2411 2729 τὸν
2440 2677 2821 2748 σταυρωθέντα
2846 2678 3194 2741 πιστεύοντας
3219 2679 3571 2750 γεγενῆσθαι·
3601 2680 3671 2731 οἴ-

2109 2784 2272 2830 τινες,
2308 2768 2365 2819 ἐν
2397 2768 2671 2840 πορνείαις
2728 2771 2821 2822 καὶ
2870 2770 3054 2834 ἁπλῶς
3087 2771 3235 2843 πάσῃ
3281 2772 3500 2842 ῥυπαρᾷ
3544 2770 3670 2841 πρά-

2112 2856 2191 2923 ξει
2220 2860 2575 2930 ὑπάρχοντες,
2608 2861 2696 2914 διὰ
2721 2859 2820 2932 τῆς
2850 2860 3002 2933 παρὰ
3043 2862 3137 2914 τοῦ
3179 2863 3455 2933 ἡμετέρου
3513 2862 3669 2933 Ἰησοῦ

2111 2952 2252 3005 κατά
2280 2952 2339 3005 τὸ
2364 2953 2579 3023 θέλημα
2621 2953 2711 3007 τοῦ
2752 2953 2965 3024 Πατρὸς
3007 2954 3167 3007 αὑτοῦ
3208 2956 3434 3025 χάριτος
3480 2955 3545 3006 τά
3583 2956 3667 3023 ῥυ-

2112 3042 2263 3114 παρὰ
2295 3044 2470 3095 πάντα
2501 3044 2537 3097 ἃ
2562 3044 2915 3115 ἡμφιέσμεθα
2973 3046 3117 3098 κακά
3159 3044 3571 3116 ἁπεδυσάμεθασ
3597 3039 3669 3106 οἷς

2111 3138 2139 3191 ὁ
2164 3137 2405 3201 διάϐολος
2426 3138 2724 3208 ἐφέστηκεν
2753 3137 2838 3190 ἀεὶ
2876 3137 3265 3207 ἀντικείμενος,
3290 3138 3388 3190 καὶ
3409 3137 3539 3208 πρὸς
3558 3138 3672 3188 ἐαυο

2112 3230 2202 3283 τὸν
2234 3230 2412 3283 ἕλκειν
2447 3230 2655 3292 πάντας
2701 3227 3021 3298 βουλόμενος
3045 3245 3059 3258 ’
3111 3230 3205 3281 καὶ
3240 3231 3268 3281 ὁ
3314 3227 3542 3297 ἄγγελος
3587 3225 3670 3279 τοῦ

2112 3322 2269 3385 Θεοῦ,
2302 3322 2579 3374 τουτέστιν
2619 3323 2652 3392 ἡ
2694 3319 2920 3391 δύναμις
2976 3320 3068 3374 τοῦ
3117 3320 3251 3373 Θεοῦ
3296 3321 3329 3391 ἡ
3380 3320 3670 3389 πεμφθεῖσα

2114 3415 2244 3484 ἡμῖν
2276 3413 2361 3466 διά
2407 3412 2581 3483 Ἰησοῦ
2608 3412 2865 3485 Χριστοῦ,
2896 3413 3121 3483 ἐπιτιμᾷ
3143 3411 3310 3482 αὐτῷ,
3340 3412 3437 3465 καὶ
3462 3412 3673 3480 ἀφίστα-

2113 3522 2202 3557 ται
2231 3488 2322 3574 ἀφ’
2349 3506 2525 3576 ἡμῶν.
2556 3507 2664 3558 Καὶ
2701 3504 2885 3576 ὥσπερ
2931 3504 3039 3558 ἀπὸ
3067 3504 3237 3575 πυρὸς
3287 3503 3671 3573 ἐξεσπασμένοι

2113 3598 2299 3669 ἐσμὲν,
2333 3598 2441 3651 ἀπὸ
2472 3598 2572 3668 μέν
2588 3598 2694 3650 τῶν
2715 3595 2996 3668 ἁμαρτιῶν
3025 3596 3134 3650 τῶν
3163 3597 3443 3668 προτέρων
3462 3596 3671 3665 καθαρι-

2112 3689 2349 3753 σθέντες,
2372 3692 2478 3742 ἀπὸ
2500 3689 2555 3741 δέ
2581 3690 2679 3760 τῆς
2706 3688 2935 3758 θλίψεως
2957 3688 3063 3759 (92)
3080 3688 3171 3741 καὶ
3190 3688 3288 3757 τῆς
3306 3689 3597 3760 πυρώσεως
3613 3686 3671 3756 ἣν

2115 3781 2377 3853 πυροῦσιν
2400 3783 2547 3852 ἡμᾶς
2572 3783 2599 3834 ὅ
2622 3799 2685 3834 τε
2712 3780 2956 3845 διάϐολος
2990 3782 3083 3834 καὶ
3112 3783 3161 3834 οἱ
3204 3781 3368 3833 αὑτοῦ
3417 3780 3671 3851 ὑπηρέται

2114 3876 2343 3938 πάντες’
2372 3874 2429 3940 ἐξ
2456 3867 2531 3927 ὧν
2561 3873 2655 3927 καὶ
2688 3873 2848 3927 πάλιν
2879 3875 3101 3944 ἀποσπᾷ
3131 3874 3243 3944 (95)
3276 3875 3427 3944 ἡμᾶς
3483 3872 3672 3943 Ἰησοῦς

2106 3970 2135 4021 ὁ
2162 3962 2286 4031 Υἱὸς
2310 3967 2401 4020 τοῦ
2428 3966 2582 4028 Θεοῦ,
2603 3966 2816 4019 ἐνδῦσαι
2862 3967 3012 4037 ἡμᾶς
3039 3964 3107 4018 τὰ
3131 3965 3505 4036 ὴτοιμασμένα
3530 3964 3667 4016 ἐνδύ-

2111 4077 2277 4130 ματα,
2303 4061 2399 4111 ἐὲιν
2429 4059 2725 4130 πράξωμεν
2762 4059 2924 4111 αὐτοῦ
2966 4057 3065 4121 τὰς
3106 4057 3345 4121 ἐντολάς,
3394 4058 3667 4126 ὑπέσχετο,

2108 4154 2203 4207 καὶ
2232 4153 2446 4206 αἰώνιον
2472 4152 2741 4223 βασιλείαν
2760 4151 3051 4223 προνοῆσαι
3075 4148 3429 4219 ἐπήγγελται.
3462 4150 3552 4199 Ὃν
3570 4146 3671 4218 γὰρ

2107 4247 2304 4318 τρόπον
2340 4244 2547 4317 Ἰησοῦς
2582 4246 2788 4307 ἐκεῖνος
2822 4245 2850 4295 ὁ
2881 4241 3169 4311 λεγόμενος
3199 4240 3302 4293 ὑπὸ
3330 4241 3423 4292 τοῦ
3472 4238 3673 4309 προφὴ-

2109 4356 2202 4409 του
2233 4338 2428 4409 ἱερεὺς,
2461 4336 2680 4408 ῥυπαρὰ
2709 4336 2895 4405 ἱμάτια
2925 4335 3096 4404 ἐφάνη
3130 4334 3330 4405 φορῶν,
3367 4332 3453 4385 ὃιά
3482 4332 3540 4383 τὸ
3586 4348 3670 4399 γυ-

441 4422 607 4476 torris
638 4431 918 4477 extractus
949 4438 1015 4478 ex
1044 4424 1169 4495 igne
1194 4436 1436 4489 vocatus,
1468 4429 1591 4496 quia
1630 4429 2001 4484 remissionem

2112 4432 2269 4484 ναῖκα
2296 4429 2501 4501 πόρνην
2532 4428 2639 4500 (94)
2670 4426 2913 4497 λελέχθαι
2934 4426 3214 4495 εἰληφέναι
3242 4425 3424 4490 αὐτὸν,
3470 4423 3561 4477 καὶ
3585 4423 3671 4475 δα-

508 4640 620 4723 (Βθ)
637 4643 726 4723 Τῇ
746 4645 898 4723 αὐτῇ
919 4648 1112 4723 όμοίᾳ.
1134 4648 1444 4716 Legendum
1473 4662 1656 4705 monet
1681 4651 1846 4722 Sylbu
1858 4653 2005 4723 rgius

434 4716 500 4783 τῇ
529 4714 665 4785 αῦτῇ
697 4716 792 4785 καὶ
814 4714 995 4785 ὁμοίᾳ.

508 4783 622 4849 (90)
656 4783 907 4865 adimis.
941 4783 1179 4844 Clarom.
1214 4790 1433 4850 δώσετε.
1460 4791 1781 4865 Sylburgius
1822 4793 2005 4848 mallet

433 4851 586 4925 δῶτε⁸
603 4853 910 4925 ,νειδῴητε

440 4991 452 5003 .
508 4923 619 5001 (9i)
923 4928 1186 5003 Χριστοῦ
1218 4929 1325 4983 τοῦ
1357 4932 1548 5001 ἁγίου.
1592 4947 1608 4981 ι
1663 4932 1848 4985 Cieros
1898 4943 1999 4996 cst,

438 4991 612 5058 inquit
659 4990 980 5067 'I_‘hirlbius,'
1019 4999 1111 5063 qui
1172 5015 1276 5052 non
1342 4990 1521 5053 vident
1576 5004 1687 5055 lucc
1748 4990 2001 5067 corrupta

434 5075 581 5145 esse:
618 5079 637 5112 ι
672 5061 982 5145 kegenduni
1011 5061 1194 5145 itione}
1220 5068 1316 5145 τοῦ
1362 5070 1770 5145 ΖαχαρίουηιἮΙ
1830 5061 2008 5145 Ἰησοῦ

558 5129 841 5211 ἀγγέλουη
869 5135 956 5188 vel
1016 5137 1191 5205 Ἰησοῦ
1222 5138 1317 5211 τοῦ
1356 5129 1544 5210 ἱερέως
1593 5129 1687 5192 τοῦ
1740 5129 2000 5211 μεγάλουῖ

437 5200 631 5279 Fateor
672 5201 801 5256 mihi
832 5200 1360 5279 ha_nc_cor_rnptelam
1408 5200 1846 5279 non—apparere,
1906 5225 2006 5264 nec

439 5272 597 5323 video
634 5286 731 5351 cur
762 5275 1024 5351 revelatio
1072 5272 1201 5330 Jesu
1254 5280 1455 5351 Christi
1518 5272 1692 5333 sancti
1743 5272 2003 5349 appellari

438 5344 753 5421 ti_0ti_possi_t
791 5344 842 5421 id
869 5347 1017 5421 quod
1050 5361 1151 5399 non
1172 5350 1354 5421 _t_nulto
1384 5357 1511 5403 ante
1543 5344 1849 5419 appellatur
1874 5366 2006 5421 ιιι]-

434 5411 661 5491 ste-rium
679 5411 880 5491 Christi
897 5411 1103 5491 arcane
1125 5433 1153 5469 a
1171 5418 1435 5471 Zacharia
1468 5411 2006 5491 prze'dicatutn._'l‘e'r-

438 5482 713 5545 tnllianus,
732 5485 944 5537 cuicum
967 5486 1018 5537 in
1039 5487 1206 5552 ipsius
1227 5491 1300 5541 rei
1324 5482 1533 5542 summa
1557 5488 2007 5543 consentitJusti-

433 5552 651 5629 lius,si_c
678 5552 1049 5629 loquiturloco
1066 5558 1168 5621 iam
1182 5559 1354 5629 citato
1382 5577 1393 5611 :
1416 5576 1435 5607 t
1459 5560 1549 5612 Rie
1569 5569 1623 5611 et
1641 5561 1779 5627 apud
1795 5560 2006 5612 Zacha-

433 5624 591 5683 riam,
618 5624 669 5674 in
697 5637 925 5688 persona
952 5627 1143 5693 ipsius,
1180 5628 1288 5679 imo
1313 5632 1440 5681 etin
1469 5628 1640 5695 ipsius
1664 5624 1901 5681 nominis
1923 5645 2005 5682 sn-

433 5700 730 5751 cramento,
767 5707 925 5745 verus
958 5712 1203 5750 summus
1236 5698 1502 5751 Sacerdos
1525 5698 1704 5751 Patris
1752 5699 2003 5752 Christus

429 5757 608 5827 Jesus,
633 5761 829 5829 dUpIit-i
867 5766 1048 5819 habitu
1079 5769 1129 5819 in
1156 5772 1287 5822 duos
1321 5772 1585 5823 adventus
1611 5770 1931 5822 delineatur.
1979 5789 1995 5820 ι

2177 4654 2291 4722 (92)
2331 4653 2472 4708 Ἀπὸ
2506 4654 2574 4708 δὲ
2605 4654 2717 4722 τῆς
2750 4655 3029 4723 θλίψεως.
3056 4651 3171 4707 Hoc
3200 4652 3337 4717 loco,
3364 4660 3424 4703 ut
3472 4649 3668 4723 inAaliis

2108 4720 2311 4786 multis,
2347 4720 2703 4794 supplendum
2737 4735 2821 4777 est
2848 4720 3064 4792 aliquod
3098 4723 3347 4794 verbum,
3375 4736 3492 4794 quo!
3513 4720 3668 4775 Chri-

2107 4796 2318 4847 stianos
2341 4792 2427 4848 exi
2450 4794 2951 4863 persecutionibns,
2990 4808 3128 4860 quas
3164 4792 3420 4863 diabolus
3446 4792 3667 4859 ejusque

2109 4864 2343 4917 ministri
2374 4861 2713 4927 excitabant,
2762 4865 3102 4931 significetur
3130 4861 3425 4928 aliquando
3473 4863 3665 4912 libera-

2109 4943 2219 4985 ttttn
2254 4935 2338 4993 iri,
2375 4949 2567 5000 nempe
2591 4933 2784 5000 inqliue
2814 4932 3018 4985 mundi.
3055 4932 3291 5000 Tempus
3325 4932 3470 4985 enim
3498 4941 3668 5000 perse-

2107 5005 2387 5055 cutionum
2423 4996 2546 5055 aliis
2581 4996 2831 5055 tcrﬁlinis
2860 5017 2965 5054 non
2997 4996 3482 5054 circuniscribebat
3508 4997 3668 5051 Justi-

2109 5087 2232 5129 nus,
2265 5083 2319 5123 ut
2352 5070 2581 5124 vidimus
2617 5090 2668 5123 ιι.
2701 5073 2789 5125 59.

2180 5142 2293 5208 (95)
2335 5140 2623 5207 Ἀποσπᾷ.
2651 5140 2959 5209 [ιιιςθιιιίυηῒ
2993 5140 3245 5209 ἀποσπᾷν
3292 5148 3346 5192 ct
3394 5153 3517 5191 mox
3577 5134 3664 5209 acad

2108 5206 2345 5264 ἐνδῦσαι.
2387 5212 2442 5265 Si
2481 5206 2605 5278 quis
2632 5206 3079 5264 tam—en-retinere
3107 5206 3236 5263 velit
3270 5210 3426 5278 illud‘
3448 5206 3666 5274 ἀποσπᾷ

2108 5283 2274 5350 (Stepe
2300 5281 2443 5334 enim
2478 5275 2716 5347 praesens
2752 5296 2849 5347 pro
2898 5282 3083 5333 futuro
3133 5290 3358 5347 usurpat
3400 5275 3663 5342 Justinus)

2108 5352 2392 5417 legendum
2419 5352 2522 5403 erit
2549 5350 2608 5413 ὃς
2644 5350 2882 5403 ἐνδῦσαι.

2177 5415 2867 5497 (94)ΔΓυναῖκα.πόρνην.
2897 5419 3012 5497 _Non
3055 5417 3336 5497 probabile
3376 5415 3663 5497 est_Justi-

2108 5486 2233 5543 num
2267 5486 2316 5543 id
2356 5490 2717 5552 commisisse,
2766 5490 2908 5557 quod
2953 5489 3261 5555 snspicatur
3307 5486 3663 5557 Londinensis

2106 5563 2304 5625 editor,
2336 5559 2607 5613 utJesum
2658 5555 2826 5612 tilium
2875 5557 3139 5613 Josedech
3190 5574 3311 5612 cum
3361 5555 3501 5611 Osca
3539 5570 3662 5621 pro-

2108 5632 2270 5698 pheta
2305 5631 2686 5684 confunderet.
2719 5629 3062 5682 l’robabilior
3089 5629 3209 5698 alia
3251 5628 3503 5698 ejusdem
3528 5642 3659 5677 cnn-

2099 5696 2313 5765 jet-tura
2356 5699 2705 5753 fornicariam
2748 5715 2971 5751 uxorem
3016 5716 3043 5749 ιι
3079 5696 3292 5751 Justino
3328 5697 3506 5748 vocari
3541 5708 3656 5746 eam

2106 5785 2226 5832 qua:
2256 5770 2504 5835 coningio
2536 5770 2727 5823 illicito
2756 5770 3073 5824 ducebatur.
3124 5767 3252 5821 ham
3297 5766 3462 5821 Judari
3495 5774 3657 5820 vesti-
