3954 6258
269 328 357 387 7L3

1278 329 1629 388 DIALOGUS
1659 329 1808 388 CUM
1843 327 2222 389 TBYPHONE
2248 329 2515 387 JUDASO.

3447 338 3554 393 766

265 452 342 514 ib;
383 445 804 517 ὲξεσπασμένος
834 450 916 503 ὲκ
952 448 1124 521 πυρὸς
1168 447 1371 519 ἐκλήθη
1396 487 1411 512 ,
1458 447 1545 501 διὰ
1588 448 1648 502 τὸ
1684 447 1862 517 ἄφεσιπ

1984 457 2340 518 peccatorum
2373 448 2604 515 accepit,
2631 447 2799 503 etiam
2835 448 3121 519 increpito,
3148 452 3240 521 qui
3272 453 3321 508 ei
3362 455 3559 511 adver-

267 538 531 615 ἁμαρτιῶν
555 539 891 611 εἰληφέναι,
938 540 1358 613 ἐπιτιμηθέντας
1388 542 1481 595 καὶ
1513 539 1606 594 τοῦ
1638 541 1876 595 ἀντικει-

273 638 417 709 μένου
446 632 597 705 αὺτῷ
624 633 905 688 διαϐόλου
928 651 942 665 ·
980 634 1153 698 οὕτως
1178 635 1339 705 ἡμεῖς
1371 635 1419 687 οἱ
1447 632 1537 687 διὰ
1566 632 1658 686 τοῦ
1697 633 1872 705 Ἰησοῦ

270 730 534 801 ὀνόματος,
584 727 666 790 ὡς
727 722 817 790 εἷς
863 726 1158 799 ἄνθρωπος
1198 726 1596 790 πιστεύσαντες
1646 727 1756 797 (95)
1794 729 1874 792 εἰς

270 819 604 893 τὸνποιητὴν
647 818 766 873 τῶν
812 820 959 874 ὅλων
1005 819 1156 886 Θεὸν,
1204 819 1291 873 διὰ
1341 819 1435 873 τοῦ
1480 819 1742 890 ὀνόματος
1776 819 1871 872 τοῦ

272 914 606 987 πρωτοτόκου
640 911 819 967 αὐτοῦ
854 912 1013 976 Υἱοῦ,
1043 912 1110 966 τὰ
1140 912 1360 985 ῥυπαρὰ
1392 913 1604 985 ἱμάτια,
1628 913 1873 968 τουτέστι

268 1008 357 1070 τὰς
389 1007 696 1077 ἁμαρτίας,
731 1005 1209 1077 ἁπημφιεσμένοι,
1241 1006 1591 1079 πυρωθέντες
1638 1006 1727 1060 διὰ
1778 1004 1874 1059 τοῦ

268 1099 416 1165 λόγον
450 1100 552 1170 τῆς
580 1098 840 1169 κλήσεως
872 1097 1062 1161 αὑτοῦ,
1086 1099 1474 1171 ἀρχιερατικὸν
1516 1100 1577 1153 τὸ
1622 1099 1876 1171 ἀληθινὸν

267 1192 417 1260 γένος
448 1192 629 1262 ἐσμὲν
652 1191 753 1244 τοῦ
781 1190 941 1252 Θεοῦ,
966 1191 1043 1256 ὡς
1065 1194 1159 1245 καὶ
1186 1192 1348 1256 αὐτὸς
1366 1194 1399 1245 6
1422 1192 1554 1256 Θεὸς
1584 1194 1871 1265 μαρτυρεῖ,

270 1283 431 1338 εἰπὼν
460 1285 550 1338 ὅτι
571 1286 633 1337 ὲν
664 1285 835 1338 παντὶ
857 1285 1009 1355 τόπῳ
1036 1286 1092 1337 ἐν
1117 1288 1229 1350 τοῖς
1254 1284 1432 1337 ἔθνεσι
1460 1284 1652 1350 θυσίας
1681 1285 1875 1357 εὐαρέ-

1977 538 2230 605 sabatur,
2292 536 2547 601 diabolo;
2591 537 2664 592 ita
2725 554 2848 603 nos,
2890 541 2982 610 qui
3040 555 3136 611 per
3184 559 3380 600 nomen
3428 544 3559 602 Jcsu

1976 631 2153 685 instar
2184 630 2348 685 unius
2383 629 2619 683 hominis
2647 644 2840 687 omnes
2894 633 2947 687 in
2991 633 3304 690 Creatorem
3338 616 3561 694 univer-

1978 738 2163 779 sorum
2220 723 2390 778 Deum
2439 723 2751 790 credimus,
2807 742 2904 796 per
2949 744 3147 784 nomen
3206 731 3557 802 primogeniti

1978 818 2126 873 illius
2158 817 2287 872 Filii
2318 816 2553 871 sordidis
2586 819 2849 883 vestibus,
2888 822 2942 875 id
2986 832 3072 876 est
3117 824 3361 892 peccatis
3407 826 3557 881 exuti

1979 920 2033 966 et
2056 927 2155 981 per
2186 913 2416 967 verbum
2451 911 2599 967 illius
2630 913 2936 968 vocationis
2982 911 3325 981 inﬂammati,
3361 933 3559 973 verum

1980 1019 2157 1075 genus
2190 1008 2529 1062 sacerdotale
2560 1005 2656 1061 Dei
2682 1020 2894 1070 sumus,
2916 1014 2975 1058 ut
3004 1004 3146 1059 Deus
3170 1006 3285 1076 ipse
3306 1017 3560 1076 testatur,

1978 1115 2104 1154 cum
2134 1102 2237 1157 sibi
2269 1102 2322 1156 in
2356 1104 2503 1158 omni
2539 1103 2659 1157 loco
2692 1103 2744 1156 in
2770 1101 3022 1171 gentibus
3044 1110 3197 1170 grata
3225 1112 3280 1155 et
3312 1117 3449 1172 pura
3472 1117 3563 1157 sa-

1978 1193 2183 1247 criﬁcia
2220 1193 2404 1248 offerri
2438 1195 2593 1265 dicit.
2628 1194 2672 1247 Α
2707 1193 2925 1247 nemine
2955 1204 3140 1247 autem
3188 1194 3331 1248 Deus
3361 1194 3565 1264 accipit

1977 1285 2272 1349 sacriﬁcia,
2314 1286 2417 1341 nisi
2448 1302 2549 1354 per
2580 1286 2751 1353 ipsius
2775 1283 3115 1339 sacerdotes.

270 1393 417 1439 στους
436 1374 596 1445 αὐτῷ
614 1378 714 1428 καὶ
732 1374 980 1446 καθαρὰς
1000 1373 1644 1446 προσφέροντες(95⁹).οὑ
1663 1374 1880 1445 δέχεται
1896 1374 1953 1428 δὲ
1974 1376 2105 1447 παρ’
2121 1376 2333 1441 οὐδενὸς
2353 1376 2544 1442 θυσίας
2565 1378 2593 1429 ὁ
2613 1376 2818 1440 Θεὸς,εἰ
2839 1376 2913 1448 μὴ
2929 1374 3017 1429 διὰ
3034 1375 3141 1428 τῶν
3160 1376 3350 1447 ἱερέων
3373 1377 3559 1432 αὐτοῦ.

334 1472 459 1525 H7.
499 1471 729 1535 Πάντας
760 1467 875 1535 οὖν,
900 1470 949 1523 οἳ
996 1470 1105 1540 (96)
1138 1469 1225 1523 διὰ
1255 1469 1347 1523 τοῦ
1388 1470 1650 1541 ὀνόματος
1682 1470 1871 1523 τούτου

268 1564 477 1628 θυσίας,
512 1563 585 1627 ἃς
628 1562 949 1634 παρέδωκεν
1001 1562 1209 1634 Ἰησοῦς
1255 1565 1283 1616 6
1326 1562 1562 1634 Χριστὸς
1604 1560 1871 1630 γίνεσθαι,

2054 1472 2179 1526 117.
2208 1471 2498 1527 Μαιαεὴίω
2525 1473 2805 1541 prophetia
2836 1471 2899 1523 de
2927 1470 3205 1539 sacriﬁciis
3235 1471 3567 1526 Christiano-

1980 1578 2121 1615 rum.
2154 1561 2285 1616 Ηωε
2315 1572 2492 1616 autem
2522 1567 2585 1615 de
2608 1562 2847 1628 precibus
2876 1561 3192 1614 Judworum
3216 1563 3307 1631 qui
3331 1575 3480 1616 erant
3507 1564 3563 1617 in

267 1658 549 1711 τουτέστιν
574 1659 673 1711 ἐπὶ
701 1659 770 1727 τῇ
798 1656 1118 1727 εὐχαριστίᾳ
1144 1654 1237 1709 τοῦ
1269 1655 1434 1726 ἄρτου
1462 1656 1556 1709 καὶ
1586 1654 1679 1709 τοῦ
1709 1673 1862 1727 ποτη·

1980 1655 2329 1723 diapersione,
2353 1655 2525 1721 accipi
2557 1672 2661 1709 non
2690 1662 2929 1722 possunt.
2959 1684 3027 1693 —
3058 1653 3159 1720 Qui
3188 1670 3320 1725 ergo
3366 1671 3464 1725 per
3492 1655 3560 1709 il-

271 1751 404 1821 ρίου,
452 1749 557 1813 τὰς
586 1752 648 1802 ὲν
673 1750 838 1802 παντὶ
862 1749 1012 1819 τόπῳ
1038 1749 1137 1818 τῆς
1166 1749 1269 1819 γῆς
1302 1747 1593 1819 γινομένας
1618 1748 1723 1801 ὑπὸ
1763 1748 1871 1801 τῶν

269 1842 646 1914 Χριστιανῶν,
679 1840 968 1914 προλαϐὼν
989 1844 1018 1895 6
1043 1841 1194 1905 Θεὸς,
1234 1844 1500 1912 μαρτυρεί
1537 1840 1873 1912 εὐαρέστους

270 1936 539 2007 ὑπάρχειν
573 1934 749 2004 αὐτῷ.
797 1934 909 1999 Τὰς
952 1934 1011 1987 δὲ
1058 1935 1148 2003 ὑφ’
1180 1932 1334 2004 ὑμῶν
1380 1935 1475 1988 καὶ
1522 1933 1590 1987 δι’
1644 1932 1872 1986 ἐκείνων

270 2028 422 2098 ὐμῶν
463 2026 580 2080 τῶν
628 2027 826 2099 ἱερέων
863 2025 1158 2097 γινομένας
1210 2025 1570 2080 ἀπαναίνεται
1594 2068 1609 2091 ,
1654 2024 1829 2093 λέγων
1855 2043 1868 2055 ·

276 2140 295 2173 ι
329 2122 440 2175 Καὶ
478 2119 583 2184 τὰς
614 2118 809 2183 θυσίας
836 2117 992 2189 ὑμῶν
1018 2118 1079 2171 οὐ
1113 2118 1477 2189 προσδέξομαι
1509 2119 1575 2171 ὲκ
1602 2118 1711 2171 τῶν
1754 2134 1871 2187 χει-

272 2213 378 2284 ρῶν
407 2212 571 2282 ὑμῶν
592 2227 608 2240 ο
639 2211 779 2263 διότι
810 2209 919 2263 ἀπὸ
940 2208 1203 2279 ἀνατολῆς
1234 2208 1385 2279 ἡλίου
1411 2209 1515 2271 ἓως
1538 2206 1779 2278 δυσμῶν,
1810 2207 1873 2260 τὸ

268 2308 439 2378 ὸνομά
476 2324 585 2377 μου
625 2305 969 2370 δεδόξασται,
1004 2303 1173 2373 λέγει,
1228 2304 1283 2356 ὲν
1328 2306 1443 2367 τοίς
1488 2301 1698 2355 ἔθνεσιν
1729 2300 1867 2372 (97)-

270 2402 428 2472 ὑμεῖς
460 2401 518 2453 δὲ
549 2398 853 2469 βεϐηλοῦτε
891 2398 1041 2451 αὐτό.
1083 2418 1101 2448 ι
1143 2399 1255 2451 Καὶ
1282 2395 1443 2468 μέχρι
1489 2395 1585 2448 νῦν
1632 2394 1872 2463 φιλονει-

270 2494 493 2556 κοῦντες
519 2492 742 2559 λέγετε,
770 2491 855 2544 ὃτι
883 2490 982 2553 τὰς
1019 2490 1117 2561 μὲν
1144 2491 1203 2542 ὲν
1243 2487 1596 2559 Ἰερουσαλὴμ
1630 2486 1725 2539 ἐπὶ
1765 2487 1872 2541 τῶν

274 2587 386 2637 ἐκεῖ
410 2585 536 2637 τότε
563 2583 862 2637 οἰκούντων
900 2582 1247 2654 Ἰσραηλιτῶν
1284 2580 1637 2651 καλουμένων
1673 2579 1871 2646 θυσίας

271 2678 329 2731 αὖ
357 2678 729 2748 προσδέχεται
748 2679 776 2729 6
798 2676 931 2741 Θεός
952 2693 967 2707 ο
989 2674 1089 2740 τὰς
1110 2675 1166 2728 δὲ
1186 2675 1274 2729 διὰ
1299 2674 1408 2728 τῶν
1434 2676 1491 2727 ὲν
1512 2677 1578 2745 τῇ
1601 2673 1872 2745 διασπορᾷ

271 2768 384 2821 τότε
400 2769 463 2839 δὴ
484 2768 662 2821 ὄντων
689 2767 800 2821 ἀπὸ
816 2767 909 2820 τοῦ
932 2766 1125 2836 γένους
1151 2766 1360 2820 ἐκείνου
1383 2764 1479 2819 ἀνθ
1490 2763 1687 2837 ρώπων
1708 2763 1873 2834 εὐχὰς

272 2861 593 2931 πῳσίεσθαι
618 2861 785 2913 αὐτὸν
817 2858 1121 2932 εἰρηκέναι,
1152 2860 1245 2912 καὶ
1272 2857 1372 2921 τὰς
1392 2856 1558 2928 εὐχὰς
1578 2855 1757 2909 αὐτῶν
1779 2854 1873 2907 θυ-

276 2954 387 3017 σίας
416 2954 627 3006 καλεῖν.
668 2954 795 3005 Ὅτι
830 2952 930 3022 μὲν
953 2948 1046 3005 οὖν
1079 2951 1174 3005 καὶ
1202 2950 1359 3021 εὐχαὶ
1389 2951 1485 3002 καὶ
1521 2947 1870 3020 εὐχαριστίαι

1976 1747 2080 1802 lius
2114 1762 2310 1802 nomen
2342 1747 2622 1802 sacriﬁcia
2657 1746 2760 1816 ipsi
2796 1746 3033 1801 oll'erunt
3073 1761 3163 1809 ea,
3192 1761 3315 1815 qua:
3354 1760 3383 1799 a
3430 1744 3559 1800 Jesu

1972 1838 2199 1894 Christo
2231 1832 2580 1909 praescripta,
2614 1839 2666 1893 id
2688 1848 2771 1893 est
2798 1853 2920 1908 quae
2952 1840 3005 1892 in
3034 1837 3369 1893 eucharistia
3401 1838 3559 1907 panis

1973 1940 2028 1985 et
2050 1930 2243 1985 calicis
2272 1946 2302 1984 a
2334 1930 2663 1986 Christianis
2695 1930 2749 1985 in
2782 1930 2929 1985 omni
2969 1940 3242 1985 terrarum
3272 1929 3396 1985 loco
3428 1927 3560 1984 οιτο-

1973 2032 2193 2083 runtur.
2221 2022 2323 2076 hos
2352 2036 2546 2077 omnes
2581 2023 2634 2076 in
2670 2030 3016 2076 antecessum
3060 2018 3204 2076 Deus
3237 2030 3424 2093 gratos
3455 2020 3558 2075 sibi

1972 2129 2093 2169 esse
2120 2113 2284 2183 210
2306 2124 2561 2168 testatur.
2588 2114 2719 2181 Quae
2744 2129 2874 2169 vero
2905 2129 2935 2167 a
2961 2113 3119 2168 vobis
3145 2128 3208 2168 ac
3229 2129 3327 2184 per
3346 2120 3560 2168 vestros

1974 2203 2095 2258 illos
2120 2203 2438 2260 sacerdotes
2464 2202 2791 2268 offeruntur,
2837 2219 2902 2259 ea
2929 2204 3154 2273 respuit,
3195 2220 3320 2259 cum
3368 2203 3505 2258 dicit
3539 2221 3554 2258 :

1978 2314 1998 2348 ι
2053 2296 2122 2349 Ει
2169 2295 2437 2351 sacriﬁcia
2481 2305 2668 2350 vestra
2703 2312 2808 2349 non
2844 2297 3141 2366 suscipiam
3195 2296 3261 2349 de
3296 2295 3557 2350 manibus

1972 2386 2172 2441 vestris
2206 2401 2221 2438 :
2255 2387 2513 2455 quoniam
2548 2388 2616 2440 ab
2647 2396 2769 2439 ortu
2803 2386 2933 2441 solis
2968 2403 3140 2455 usque
3171 2385 3241 2439 ad
3299 2400 3558 2440 occasum

1972 2492 2172 2532 nomen
2211 2493 2389 2531 meum
2424 2476 2763 2548 gloriﬁcatur
2795 2476 2851 2530 in
2887 2478 3141 2549 gentibus
3189 2495 3204 2531 :
3244 2491 3340 2532 vos
3371 2485 3557 2531 autem

1970 2568 2275 2638 profanatis
2302 2568 2433 2623 illud
2466 2569 2532 2625 ⁸⁸.
2561 2568 2638 2622 Ac
2666 2584 2763 2623 vos
2796 2570 3015 2639 quidem
3043 2572 3308 2624 hactenus
3333 2576 3560 2623 conten-

1973 2659 2137 2713 tionis
2170 2658 2351 2713 studio
2382 2658 2566 2715 dicitis
2598 2659 2770 2714 Deum
2806 2660 3027 2728 quidem
3062 2659 3335 2713 sacriﬁcia
3364 2656 3560 2711 Hiero-

1972 2751 2199 2821 solymis
2232 2751 2301 2804 ab
2333 2751 2417 2804 his
2479 2751 2569 2819 qui
2607 2760 2736 2804 tttnc
2768 2751 2842 2804 ibi
2874 2750 3133 2804 lsraelitae
3180 2749 3311 2803 dicti
3346 2747 3563 2803 habita-

1973 2843 2124 2905 bant,
2162 2843 2344 2897 ohlata
2380 2858 2490 2897 non
2546 2843 2834 2911 accipere;
2870 2856 3059 2896 eorum
3096 2850 3277 2896 autem
3337 2855 3558 2911 preces,

1972 2936 2067 3006 qui
2106 2947 2232 2991 tunc
2261 2952 2327 2990 ex
2363 2935 2455 2989 illo
2481 2950 2683 3005 genere
2711 2936 2760 2989 in
2789 2935 3131 3004 dispersione
3157 2945 3339 2997 erant,
3375 2943 3562 3004 gratas

270 3042 369 3096 ὑπὸ
390 3043 500 3096 τῶν
524 3043 703 3106 ἀξίων
727 3042 1031 3113 γινόμεναι,
1054 3042 1253 3095 τέλειαι
1282 3042 1438 3113 μόναι
1461 3041 1553 3094 καὶ
1575 3038 1862 3111 εὐάρεστοι

1969 3028 2070 3083 sibi
2106 3040 2229 3082 esse
2280 3027 2506 3091 dixisse,
2552 3036 2720 3095 atque
2773 3025 2989 3080 illorum
3040 3040 3232 3096 preces
3284 3026 3559 3080 sacriﬁcia

270 3136 371 3187 εἰσι
397 3133 476 3205 τῷ
500 3135 628 3206 Θεῷ
657 3134 845 3189 θυσίαι
872 3134 1007 3206 (98),
1040 3137 1131 3188 καὶ
1166 3134 1329 3197 αὑτός
1357 3151 1521 3204 φημι.
1549 3131 1734 3185 Ταῦτα
1760 3130 1869 3201 γὰρ

275 3224 403 3293 μόνα
424 3229 522 3279 καὶ
553 3226 879 3298 Χριστιανοὶ
907 3226 1217 3297 παρέλαϐον
1243 3226 1442 3289 ποιεῖν,
1478 3225 1575 3276 καὶ
1617 3222 1704 3276 ἐπ’
1739 3223 1872 3276 ἀνα-

273 3317 460 3385 μνήσει
485 3318 546 3370 δὲ
572 3318 675 3388 τῆς
702 3319 908 3389 τροφῆς
932 3318 1040 3388 (99)
1071 3318 1248 3372 αὐτῶν
1274 3316 1445 3390 ξηρᾶς
1466 3334 1524 3371 τε
1546 3318 1638 3370 καὶ
1670 3316 1866 3387 ὑγρᾶς,

270 3406 325 3459 ἑν
346 3403 490 3481 ﬁxa).
524 3410 621 3463 τοῦ
651 3408 859 3474 πάθους
893 3410 921 3463 ὃ
954 3409 1192 3463 πέπονθε
1222 3410 1290 3462 δι’
1320 3409 1521 3473 αὐτοὺς
1554 3410 1583 3462 6
1613 3406 1742 3472 Υἱὸς
1774 3406 1867 3459 τοῦ

331 3548 380 3582 ⁸⁸
418 3549 655 3604 Malach.
697 3548 854 3613 1,10.

268 3668 369 3722 bus
421 3670 691 3734 sordidis,
749 3669 1312 3741 testerllieronymo,
1365 3667 1573 3741 Iesum
1609 3668 1856 3741 indutum

265 3741 431 3795 fuisse
457 3743 745 3802 dicebant,
785 3758 803 3791 ι
845 3740 928 3792 vel
959 3744 1029 3795 ob
1080 3737 1392 3809 coniugium
1446 3738 1720 3801 illicitum,
1772 3737 1859 3793 vel

266 3813 333 3881 ob
364 3822 590 3881 peccata
622 3812 831 3877 populi,
870 3811 955 3863 Vel
989 3814 1059 3864 ob
1088 3812 1405 3881 squalorem
1441 3809 1797 3878 captivitatis.
1835 3826 1854 3857 ι

265 3880 591 3951 Conjttgium
626 3882 883 3935 illicitum
927 3890 1047 3936 erat
1071 3883 1196 3951 quia
1227 3880 1590 3948 alienigenam
1634 3894 1859 3935 uxorem

266 3952 524 4003 duxerat.

333 4022 449 4093 (95)
484 4024 965 4090 Πιστεύσαντες.
1014 4021 1107 4076 Sic
1164 4021 1544 4093 restituimns,
1604 4028 1860 4073 monente

264 4088 538 4147 Thirtbio.
604 4094 861 4148 Maranus
891 4088 1135 4148 ediderat
1162 4091 1363 4154 πάντες
1400 4088 1636 4153 ἔσονται,
1672 4105 1859 4143 veram

264 4163 565 4217 lectionem
610 4166 665 4216 in
700 4176 824 4217 nota
857 4163 1141 4219 exhibens.
1184 4164 1342 4215 Eutr.
1371 4161 1611 4215 l’nn0L.

333 4233 474 4301 (95‘)
509 4234 987 4303 Προσφέροντες.
1041 4230 1136 4287 Vel
1189 4232 1535 4303 subintelllge
1585 4229 1744 4303 εἰσίν,
1775 4228 1862 4284 vel

262 4303 401 4373 lege,
433 4301 571 4356 cuin
602 4301 872 4374 Thirlbiﬁo,
905 4304 1156 4357 θυσίαι...
1197 4301 1621 4374 προσφέρονται.
1664 4302 1740 4374 lg.

326 4368 449 4454 (96)
478 4374 721 4454 (hirta;
753 4368 869 4431 οὖν
900 4376 979 4428 οἵ.
1018 4368 1427 4454 VelJegeritltitti
1450 4372 1631 4454 πάσας
1652 4368 1748 4426 οὖν
1773 4371 1863 4426 διὰ

258 4442 377 4504 τοῦ.
433 4447 520 4496 vel
557 4460 683 4499 ante
732 4456 825 4499 ant
884 4456 1007 4513 pust
1051 4443 1145 4497 τοῦ
1192 4443 1456 4515 ὀνόματος
1498 4442 1696 4496 τούτου
1732 4458 1861 4513 sup-

260 4519 525 4587 plendum
554 4517 966 4587 προσφέρομεν.

329 4585 448 4658 (97)
495 4588 566 4658 Td
598 4582 790 4656 ὄνομά
816 4582 936 4656 μου
968 4586 1358 4658 δεδόξασται,
1394 4582 1579 4654 λέγει,
1608 4584 1697 4658 έν
1728 4582 1854 4658 ζρῖς

256 4655 487 4710 ἔθνεσι.
529 4655 789 4711 FortaSse
820 4655 1129 4712 addendum
1160 4675 1225 4711 ex
1258 4655 1491 4708 Malach.
1524 4672 1563 4715 ι,
1599 4656 1658 4709 Η
1691 4673 1704 4707 :
1742 4656 1853 4708 Καὶ

261 4728 317 4777 ἐν
350 4730 520 4801 rapti.
549 4730 701 4799 τόπῳ
722 4728 976 4801 θυμίαμα
1000 4728 1342 4801 προσάγεται
1356 4724 1434 4795 τῷ
1471 4725 1699 4801 ⁸ὀνόματί
1748 4742 1851 4801 μου

260 4801 355 4870 καὶ
388 4799 555 4851 θυσία
584 4796 805 4870 καθαρᾶ
820 4816 833 4829 ·
870 4796 1002 4852 διότι
1045 4796 1199 4870 μέγα
1228 4798 1289 4850 τὸ
1318 4796 1491 4866 ὄνομά
1531 4796 1633 4867 μου
1656 4796 1716 4847 έν
1739 4800 1855 4870 τοῖς

261 4869 462 4933 ἔθνεσι,
524 4872 666 4938 quod
717 4868 1001 4937 sequentia
1048 4868 1335 4939 postulare
1390 4870 1679 4939 videntur;
1716 4868 1853 4939 haec

260 4941 407 5009 enim
440 4935 609 4991 verba
637 4935 911 5005 prtecipue
938 4935 1260 5009 respiciunt,
1290 4948 1453 5009 atque
1478 4938 1648 5009 aliter
1671 4935 1771 4999 τὰς
1794 4937 1853 4991 δὲ

258 5006 347 5081 διὰ
378 5009 491 5061 τῶν
524 5012 583 5061 ὲν
608 5012 674 5080 τῇ
708 5010 999 5081 διασπορᾷ,
1028 5006 1160 5071 etc.,
1190 5024 1297 5081 non
1331 5008 1609 5061 habebunt
1632 5023 1741 5076 quo
1766 5023 1853 5060 re-

261 5080 543 5133 lerautur.
573 5079 750 5146 Quod,
779 5098 823 5134 Si
856 5079 979 5148 quis
1008 5091 1162 5147 putet
1207 5079 1505 5136 Justinum.
1559 5087 1672 5130 tum
1724 5091 1850 5130 cum

261 5151 377 5202 haec
418 5152 655 5215 citaret,
700 5153 1123 5217 praecedentium
1182 5161 1388 5203 tantum
1436 5148 1701 5201 rationem
1752 5148 1853 5199 ha-

261 5218 448 5274 buisse
483 5224 715 5288 ideoque
758 5224 831 5273 ita
860 5222 1106 5274 mutilata
1136 5222 1356 5283 citasse,
1405 5218 1457 5270 in
1492 5218 1849 5288 sequentibus

262 5300 443 5361 autem
465 5293 534 5343 ad
561 5286 829 5361 integrum
851 5291 1027 5343 locutu
1053 5292 1377 5359 respexisse,
1400 5288 1561 5355 idque
1576 5286 1851 5361 verisimi—

258 5358 364 5411 lius
379 5356 859 5427 existimetfquam
879 5356 1155 5415 librarium
1169 5401 1185 5425 ,
1200 5361 1487 5415 iteratione
1506 5359 1656 5411 vocis
1670 5356 1849 5411 ἔθνεσι

259 5431 574 5505 deceptum,
604 5433 855 5485 ontisisse
900 5434 1222 5485 intermedia
1249 5446 1264 5483 :
1293 5444 1394 5498 ego
1421 5428 1664 5505 profecto
1692 5431 1847 5505 prius

258 5499 393 5551 illud
451 5504 569 5555 ﬁeri
628 5518 788 5570 posse
842 5518 949 5554 non
1004 5505 1350 5570 negaverim,
1412 5501 1528 5570 sed
1564 5499 1846 5570 posterius

259 5572 433 5625 multo
464 5569 783 5625 credibilius
817 5574 1057 5625 habitum
1079 5569 1089 5570 ί
1110 5575 1176 5626 iri
1206 5573 1463 5624 arbitror.
1504 5569 1611 5623 Sed
1660 5569 1845 5623 consi-

259 5640 393 5692 dera
430 5646 574 5695 ismd
609 5642 777 5711 λέγει.
811 5642 1125 5697 Τιιιιιιιιιυε.

328 5713 444 5779 (98)
480 5708 707 5767 Τέλειαὶ
730 5714 977 5783 μόναι...
1015 5718 1241 5768 θυσίαι.
1297 5708 1639 5783 Non__magis
1684 5718 1849 5783 negat

261 5779 367 5833 hoc
396 5788 517 5837 loco
540 5779 878 5837 sacriﬁcium
928 5795 983 5838 et
1024 5787 1305 5839 victimam
1338 5799 1367 5835 a
1398 5779 1725 5835 Christianis
1765 5782 1850 5833 of-

262 5854 398 5906 ferri
423 5856 671 5916 solitam,
698 5870 862 5922 quam
895 5865 975 5908 tot
1002 5856 1122 5908 aliis
1152 5855 1288 5908 locis
1322 5853 1653 5923 baptismum
1686 5860 1847 5906 cxte-

584 5952 861 6011 PATROL.
908 5936 1045 6012 (in.
1080 5952 1173 6010 Vl.

1975 3135 2195 3176 vocare.
2234 3119 2496 3188 Equidem
2552 3134 2744 3187 preces
2797 3126 2853 3172 et
2909 3118 3215 3189 gratiarum
3280 3119 3556 3183 actiones,

1976 3228 2099 3284 quae
2130 3228 2162 3267 a
2188 3212 2370 3283 dignis
2402 3220 2763 3281 peraguntur,
2798 3211 2911 3266 sola
2937 3226 3059 3265 esse
3084 3210 3328 3280 perfecta
3356 3219 3410 3265 et
3444 3208 3559 3264 Deo

1978 3316 2207 3374 accepta
2242 3304 2515 3359 sacriﬁcia
2568 3313 2627 3359 et
2684 3304 2805 3374 ipse
2857 3305 3174 3373 pronuntio.
3228 3302 3356 3358 Hzec
3408 3302 3556 3358 enim

1977 3399 2282 3457 Christiani
2310 3412 2528 3469 quoque
2561 3396 2676 3452 sola
2711 3410 2975 3468 peragere
3007 3396 3343 3461 didicerunt,
3388 3396 3555 3451 etiam

1963 3664 2189 3727 riorem,
2211 3662 2263 3715 in
2283 3662 2480 3730 quibus
2496 3659 2680 3713 carnis
2696 3660 2743 3713 ci
2755 3660 3103 3714 rcumcisioni
3130 3662 3461 3715 successisse
3476 3662 3556 3716 ait

1960 3734 2432 3789 circumcisionem
2450 3730 2656 3796 cordis,
2673 3745 2738 3784 ac
2751 3733 2933 3785 contis
2951 3733 3361 3785 conversionem
3375 3732 3552 3786 solum

1961 3819 2086 3858 esse
2117 3818 2305 3856 verum
2340 3802 2609 3868 baptisma
2639 3804 2944 3855 contendit.
2986 3800 3316 3854 liedundant
3344 3804 3552 3869 scripta

1960 3883 2208 3928 veterum
2233 3873 2320 3926 his
2350 3870 2606 3940 loquendi
2662 3871 2986 3925 rationibus.
3036 3872 3129 3925 Sic
3179 3869 3553 3927 Tertullianus

1965 3945 2105 4013 apud
2137 3958 2299 4012 quem
2326 3940 2657 3995 sacriﬁcium
2685 3942 2943 3994 mundmn
2974 3950 3054 3995 est
3110 3941 3393 4013 g_simplcx
3424 3958 3553 3996 ora-

1968 4010 2501 4069 tiode'conscientia
2553 4027 2686 4080 pura
2719 4030 2738 4063 ι
2805 4026 2855 4064 tv
2918 4015 3040 4068 adv.
3098 4010 3271 4064 Marc.
3325 4027 3445 4078 cap.
3494 4013 3551 4078 1,

1968 4086 2222 4154 agnoscit
2250 4083 2495 4154 exterius
2521 4082 2853 4135 sacriﬁcium
2884 4084 3026 4154 apud
3058 4083 3205 4151 ipsos
3237 4082 3552 4154 haereticos,

1968 4151 2066 4207 aut
2099 4155 2392 4219 saltemex
2430 4151 2532 4205 hoc
2563 4166 2751 4204 eorum
2786 4152 3061 4207 sacriﬁcio
3110 4168 3300 4205 ansam
3344 4152 3413 4206 ad
3456 4169 3551 4209 eos

1969 4225 2297 4278 rel'ellendos
2325 4224 2492 4292 capit.
2525 4221 2818 4290 Postquam
2855 4224 3002 4275 enim
3040 4223 3132 4274 lib.
3166 4236 3247 4283 ιιι,
3281 4238 3405 4290 cap.
3452 4224 3549 4287 22,

1968 4296 2158 4348 retulit
2191 4294 2472 4346 Malachiie
2508 4294 2673 4346 verba
2702 4307 2714 4343 :
2753 4310 2771 4341 ι
2803 4292 2858 4344 ln
2885 4297 3033 4346 otnni
3065 4292 3184 4346 loco
3209 4294 3547 4348 sacriﬁcium

1970 4366 2176 4418 nomini
2208 4380 2329 4416 meo
2367 4363 2620 4422 oifertur,
2663 4363 2995 4415 sacriﬁcium
3040 4365 3326 4423 mundum,
3362 4381 3383 4414 ι
3434 4374 3554 4417 sta-

1969 4436 2063 4488 tim
2089 4437 2240 4487 addit
2272 4450 2286 4486 :
2319 4453 2337 4485 ‹
2372 4434 2573 4489 Gloria:
2608 4434 2824 4487 scilicet
2852 4433 3043 4486 relatio
3068 4443 3123 4485 et
3161 4432 3469 4487 benedictio
3501 4443 3555 4487 et

1966 4504 2087 4559 laus
2115 4514 2171 4557 et
2204 4505 2416 4575 hymni.
2451 4506 2582 4575 Quae
2615 4503 2799 4575 omnia
2833 4517 2957 4575 cum
3014 4505 3066 4555 in
3104 4511 3156 4557 te
3205 4516 3426 4575 quoque
3457 4506 3553 4556 de-

1889 4566 1931 4620 D
1962 4566 2394 4643 prehendaiitur,
2430 4566 2493 4628 et
2515 4572 2855 4643 signaculum
2887 4573 3174 4635 frontium,
3206 4566 3260 4625 et
3287 4566 3552 4626 ecclesia-

1963 4642 2081 4699 rum
2118 4656 2487 4706 sacramenta,
2518 4657 2573 4697 et
2609 4642 2891 4696 niunditia:
2919 4642 3343 4705 sacriﬁciorum,
3382 4646 3550 4696 tlelws

1950 4713 2066 4781 jam
2104 4730 2395 4784 eruit-pere
2432 4714 2507 4767 uti
2566 4715 2735 4776 dicas,
2782 4715 3029 4784 spatium
3086 4713 3214 4782 (leg.
3273 4711 3551 4782 spiritum)

1956 4786 2240 4840 Creatoris
2267 4783 2358 4838 tuo
2385 4786 2607 4840 Christo
2641 4783 3018 4852 prophetasse.
3059 4803 3076 4835 I

2027 4858 2140 4929 (99)
2164 4856 2281 4929 Καὶν
2306 4857 2399 4909 ἐπ’
2434 4851 3013 4929 ἀναμνήσεινδὲηζῆς
3045 4851 3294 4922 τροφῆς.
3318 4851 3548 4929 Βρᾲιιιι-

1955 4921 2048 4982 dat
2074 4921 2204 4981 iliud
2229 4926 2286 4980 δέ
2321 4938 2379 4980 ut
2424 4921 2588 4994 Supra
2635 4944 2689 4977 ιι.
2722 4926 2812 4978 48.
2864 4925 2957 4977 Illa
2998 4921 3181 4978 autent
3232 4921 3546 4977 recordatio

1954 5001 2227 5051 alimoniae
2260 5000 2421 5051 siccae
2455 5010 2509 5049 et
2533 4996 2755 5064 liquida:
2808 4995 3024 5047 videtur
3069 5010 3193 5048 esse
3231 4995 3543 5064 gratiarum

1955 5070 2120 5134 actio,
2154 5070 2288 5121 utin
2324 5068 2478 5132 Αμοι.
2510 5082 2549 5125 ι.
2586 5063 2638 5120 n.
2677 5065 2767 5130 65,
2812 5067 2882 5118 ob
2913 5076 3196 5134 acceptum
3231 5080 3261 5117 a
3301 5063 3413 5116 Deo
3442 5079 3544 5129 pa-

1955 5154 2078 5192 nem
2099 5150 2155 5192 et
2184 5141 2391 5197 vinum,
2417 5139 2617 5205 quibus
2637 5137 3040 5202 quodammodo
3062 5137 3370 5190 continetur
3392 5135 3546 5205 quid-

1953 5212 2083 5280 quid
2119 5211 2184 5262 ad
2223 5204 2460 5262 hominis
2488 5207 2824 5280 alimoniam,
2876 5206 3079 5259 siccam
3126 5206 3342 5280 scilicet
3381 5216 3436 5280 et
3472 5204 3542 5255 li-

1953 5273 2201 5349 quidam,
2243 5283 2616 5333 necessarium
2661 5288 2765 5329 est.
2799 5276 3049 5349 Justinus
3094 5276 3239 5349 enim
3282 5275 3387 5349 hoc
3422 5273 3545 5327 loco

1953 5344 2244 5419 distinguit
2275 5351 2346 5403 ab
2377 5351 2480 5401 hac
2528 5347 3220 5419 recordatione,alnitonizn
3265 5344 3437 5419 sicca:
3484 5352 3544 5419 et

1953 5416 2171 5490 liquida:
2208 5420 2650 5475 recordationem
2684 5418 2958 5484 passionis
2994 5416 3227 5490 Domini.
3255 5416 3544 5490 Quomodo

1952 5486 2269 5546 celebretur
2306 5492 2391 5543 illa
2430 5490 2745 5541 recordatio
2808 5487 3082 5556 passionis
3138 5486 3378 5551 Domini,
3430 5500 3542 5537 non

1951 5574 2071 5617 erat
2099 5562 2407 5632 explicandi
2441 5560 2627 5632 locus;
2664 5557 2759 5610 sed
2777 5561 2841 5632 _id
2891 5559 3053 5632 l'aeile
3110 5557 3437 5632 intelligitur
3469 5568 3541 5606 ex

1952 5637 2144 5688 eadem
2172 5626 2330 5701 'Apol.
2367 5647 2409 5692 I,
2452 5629 2541 5682 ubi
2574 5630 2737 5681 docet
2764 5627 3014 5701 Justinus
3047 5630 3238 5681 eadem
3284 5626 3541 5701 omnipo-

1955 5708 2147 5766 tentia,
2186 5696 2291 5773 qua
2332 5701 2565 5754 Verbum
2598 5714 2729 5751 caro
2748 5699 3106 5773 _l'actutu__est,
3140 5712 3337 5773 panem
3370 5706 3426 5749 et
3461 5696 3542 5773 vi-

1950 5774 2080 5829 num
2112 5766 2228 5830 ﬁeri
2257 5787 2457 5842 corpus
2487 5780 2543 5825 et
2568 5770 2892 5837 Sanguinem
2941 5769 3170 5842 Christi.
3219 5768 3344 5842 Hoc
3389 5766 3540 5842 enim

1949 5846 2119 5901 semel
2153 5844 2331 5917 posito
2356 5833 2564 5913 'corpus
2589 5850 2644 5895 et
2671 5833 2993 5910 sanguinem
3027 5840 3230 5895 Christi
3265 5842 3319 5892 in
3370 5833 3531 5891 altari

3180 5931 3259 5990 2!.
