3954 6258
461 335 559 389 7H

1398 333 1453 388 S.
1492 329 2204 390 JUSTINI‘PHILOSOPHI
2242 332 2328 387 ET
2365 332 2724 389 MARTYRlS

3576 341 3666 395 748

459 454 514 505 in
549 450 929 507 recordatione
965 449 1237 507 alimonia:
1264 466 1375 506 suae
1420 454 1579 507 siccae
1620 464 1676 508 et
1703 455 1941 524 liquidae,
1977 455 2011 507 in

2134 451 2269 505 Θεοῦ
2306 452 2584 522 μέμνηται
2621 450 2716 519 (l).
2751 444 2825 503 Οὐ
2859 452 2918 503 τὸ
2955 450 3125 519 ὄνομα
3166 448 3518 522 βεδηλωθῆναι
3548 457 3667 511 κατὰ

456 555 565 608 qua
602 538 1087 609 etiam'passionis,
1112 556 1296 609 ~quam
1333 542 1503 598 Filius
1536 544 1630 599 Dei
1674 557 1898 614 propter
1937 560 2031 600 eos

457 630 706 699 pertulit,
740 631 1129 684 recordantur.‘
1155 631 1328 701 Hujus
1351 650 1548 689 nomen
1576 646 1632 691 ut
1651 638 2032 706 profanaretur

452 735 550 790 per
584 731 755 775 totum
788 720 973 776 orbem
1002 730 1273 778 terrarum
1307 736 1362 781 et
1404 728 1761 795 hlasphemiis
1810 742 2031 800 appete-

453 820 628 877 retur,
664 814 940 884 principes
969 819 1313 872 sacerdotum
1349 821 1531 889 p0puli
1570 824 1737 877 vestri
1772 834 1824 878 et
1860 826 2029 894 magi-

451 905 550 959 stri
581 906 947 974 perfecerunt.
978 907 1106 963 Sed'
1126 910 1242 964 haec
1291 913 1407 981 ipsa
1431 926 1662 983 quoque
1693 916 1911 971 sordida
1946 920 2029 971 in-

453 997 738 1061 dumenta,
771 1014 799 1052 a
835 999 992 1052 vobis
1043 1000 1296 1070 imposita
1351 1005 1416 1059 iis
1473 1008 1767 1073 omnibus,
1822 1010 1910 1079 qui
1960 1026 2023 1062 cx

450 1092 675 1145 nomine
716 1089 844 1145 Jesu
879 1090 1008 1145 facti
1057 1104 1185 1147 sunt
1236 1096 1564 1163 Christiani,
1614 1100 1755 1155 Deus
1789 1116 1818 1154 a
1870 1104 2028 1156 nobis

450 1184 668 1243 sublata
697 1185 973 1246 ostendet.
1007 1201 1128 1239 cum
1162 1202 1352 1243 omnes
1396 1191 1462 1243 ad
1512 1191 1680 1245 vitam
1723 1197 2025 1259 revocabit,

449 1290 506 1333 et
543 1280 679 1333 alios
707 1279 927 1348 quidem
962 1280 1015 1333 in
1042 1288 1248 1337 aeterno
1276 1293 1329 1337 et
1352 1285 1715 1340 iudissdlub’di
1746 1302 1912 1355 regno
1946 1291 2029 1343 iii-

447 1382 736 1443 corruptos
768 1385 823 1428 et
850 1376 1187 1430 immortales
1220 1387 1275 1431 et
1309 1378 1513 1433 doloris
1538 1389 1791 1451 expertes
1815 1383 2028 1438 consti—

451 1476 590 1531 tuet,
626 1468 762 1522 alios
793 1478 977 1524 autem
1012 1472 1064 1523 in
1091 1480 1353 1524 aeternum
1391 1472 1533 1541 ignis
1573 1474 1897 1543 supplicium
1934 1477 2024 1531 de-

450 1562 656 1615 trudet.
695 1562 851 1628 Quod
889 1574 1070 1618 dllanI
1100 1575 1155 1619 et
1180 1566 1277 1632 ipsi
1310 1581 1405 1620 vos
1429 1567 1678 1635 decipitis
1699 1578 1754 1622 et
1782 1569 2023 1639 magistri

444 1656 637 1717 vestri,
675 1655 799 1709 dum
830 1655 1170 1725 Scripturam
1220 1659 1303 1712 sic
1358 1659 1824 1728 interpretamini,
1869 1663 2022 1730 quasi

449 1748 515 1800 de
543 1748 806 1815 dispersis
836 1750 1005 1803 vestri
1037 1751 1255 1819 generis
1288 1750 1602 1808 hominibus
1634 1755 1797 1816 dicat,
1834 1770 2021 1809 eorum

2136 543 2317 595 πᾶσαν
2357 543 2453 612 τὴν
2488 543 2590 613 γῆν
2620 544 2714 595 καὶ
2750 540 3190 612 βλασφημεῖσθαι
3218 542 3268 593 οἱ
3298 544 3549 614 ἀρχιερεῖς
3586 546 3667 599 τοῦ

2133 631 2262 685 λαοῦ
2299 632 2453 703 ὐμῶν
2499 635 2593 685 καὶ
2641 632 2949 685 διδάσκαλοι
2996 631 3333 702 εἰργάσαντο.
3376 635 3435 685 Ἀ
3480 637 3669 707 ῥυπαρὰ

2132 726 2227 778 καὶ
2259 726 2398 778 αὐτὰ
2434 726 2708 796 ἐνδύματα
2744 725 2819 795 (2)
2857 723 3208 796 περιτεθέντα
3243 725 3327 793 ὐφ’
3371 726 3511 795 ὐμῶν
3554 731 3669 782 πᾶσι

2130 820 2243 881 τοῖς
2278 818 2385 872 ἀπὸ
2439 818 2532 871 τοῦ
2566 818 2831 889 ὀνόματος
2876 817 2968 869 τοῦ
3018 816 3189 887 Ἰησοῦ
3235 819 3669 891 γενομένοιςΧρι-

2134 914 2388 976 στιανοῖς,
2425 911 2589 976 δείξει
2633 912 2901 982 αἰρόμενα
2956 914 3047 981 ἀφ’
3102 912 3259 983 ἡμῶν
3290 915 3318 965 ὁ
3367 913 3533 977 θεὸς,
3562 916 3670 967 ὅταν

2132 1006 2338 1070 πάντας
2389 1007 2691 1078 ἀναστήσῃ,
2750 1007 2844 1059 καὶ
2910 1008 3035 1071 τοὺς
3095 1007 3195 1078 μὲν
3254 1010 3310 1059 ὲν
3365 1007 3549 1078 αἰωνίῳ
3592 1011 3672 1062 καὶ

2130 1098 2310 1168 ἀλύτῳ
2358 1098 2603 1170 βασιλείᾳ
2634 1099 2945 1172 ἀφθάρτους
2980 1104 3075 1155 καὶ
3121 1101 3412 1165 ἀθανάτους
3443 1104 3529 1155 καὶ
3559 1102 3672 1156 ἀλύ-

2135 1206 2272 1254 πους
2309 1194 2646 1264 καταστήσῃ,
2684 1195 2810 1258 τοὺς
2841 1194 2898 1247 δὲ
2933 1196 3017 1258 εἰς
3051 1195 3270 1248 κόλασιν
3294 1196 3496 1247 αἰώνιον
3524 1197 3671 1267 πυρὸς

2130 1287 2348 1355 παραπέ
2518 1288 2637 1340 ’Ὁτι
2657 1288 2712 1341 δὲ
2730 1290 2735 1293 λ
2751 1290 2977 1354 ἑαυτοὺς
2998 1290 3232 1344 πλανᾶτε
3254 1292 3345 1344 καὶ
3374 1294 3520 1362 ὑμεῖς
3535 1295 3671 1345 καὶοὶ

2131 1376 2441 1430 διδάσκαλοι
2474 1378 2648 1448 ὑμῶν,
2687 1378 3043 1450 ἐξηγούμενοι
3076 1381 3157 1433 ὅτι
3189 1399 3254 1433 πε
3266 1384 3316 1452 ρὶ
3346 1381 3446 1434 τῶν
3467 1383 3671 1435 ἀπὺντοῦ

2130 1468 2323 1535 γένους
2346 1469 2373 1520 ύ
2383 1469 2500 1540 μῶν
2524 1472 2582 1523 ὲν
2602 1474 2665 1541 τῇ
2682 1471 2951 1544 διασπορᾷ
2971 1472 3137 1527 ὅντων
3160 1474 3341 1543 ἔλεγεν
3364 1477 3390 1527 ὀ
3422 1474 3583 1543 λόγος,
3602 1477 3670 1528 ὅτι

2136 1560 2237 1623 τὰς
2277 1560 2442 1631 εὐχὰς
2486 1562 2666 1616 αὐτῶν
2705 1564 2798 1617 καὶ
2840 1564 3028 1629 θυσίας
3081 1566 3325 1639 καθαρὰς
3365 1570 3452 1620 καὶ
3501 1569 3670 1639 εὐαρέ-

2129 1668 2288 1716 στους
2338 1655 2396 1705 ὲν
2434 1658 2597 1709 παντὶ
2645 1656 2795 1727 τόπῳ
2834 1658 3132 1728 γενομένας
3186 1658 3387 1727 ἔλεγεν,
3437 1660 3671 1729 ἐπέγνωτε

2127 1744 2208 1796 ὅτι
2234 1744 2520 1814 ψεύδεσθε,
2550 1750 2645 1801 καὶ
2670 1749 2891 1813 ἑαυτοὺς
2914 1750 3056 1802 κατὰ
3079 1752 3255 1805 πάντα
3280 1753 3483 1822 ἀπατᾷν
3506 1754 3674 1823 πειρᾶ-

446 1853 641 1908 preces
666 1841 1018 1896 etsacriﬁcia
1054 1842 1107 1896 in
1142 1844 1291 1898 omni
1348 1844 1469 1900 loco
1520 1862 1653 1915 pura
1698 1856 1751 1900 et
1797 1859 2016 1915 accepta

2127 1837 2219 1890 σθε
2242 1856 2254 1868 ·
2280 1840 2362 1892 ὅτι
2395 1839 2608 1911 πρῶτον
2656 1840 2756 1911 μὲν
2796 1842 2917 1895 οὐδὲ
2957 1842 3051 1896 νῦν
3084 1844 3191 1896 ἀπὸ
3238 1842 3499 1897 ἀνατολῶν
3540 1844 3671 1914 ἡλίου

444 1945 606 1995 esse;
647 1934 926 2003 agnoscite
960 1949 1057 1989 vos
1093 1936 1310 1989 mentiri
1353 1945 1407 1989 ct
1451 1951 1676 2004 operam
1706 1936 1837 1992 dare
1876 1951 1933 1989 ut
1968 1941 2020 1992 in

444 2026 703 2080 omnibus
738 2030 1098 2099 vosmetipsos
1139 2031 1455 2097 decipiatis;
1508 2032 1744 2098 primqu
1780 2034 2019 2102 quidem,

443 2118 570 2187 quia
601 2134 667 2173 ne
693 2136 834 2175 nunc
861 2121 1080 2191 quidem
1117 2121 1186 2176 ab
1212 2133 1335 2176 ortu
1370 2122 1504 2176 solis
1532 2123 1601 2176 ad
1642 2139 1898 2177 occasum
1927 2126 2026 2179 dif-

445 2208 629 2262 fusum
664 2219 747 2264 est
779 2226 953 2280 genus
989 2219 1257 2277 vestrum,
1292 2228 1355 2266 ac
1388 2224 1577 2281 gentes
1609 2213 1794 2268 videre
1824 2223 1927 2280 est,
1964 2216 2017 2269 iu

444 2301 648 2366 quibus
681 2302 919 2356 nondum
947 2304 1239 2371 quisquam
1273 2314 1517 2359 vestrum
1564 2305 1855 2365 habitavit.
1900 2307 2024 2361 Nulc

441 2389 550 2444 lum
579 2391 737 2463 211
772 2393 917 2447 enim
949 2395 1174 2449 omnino
1205 2410 1378 2463 genus
1404 2405 1489 2449 est
1530 2398 1649 2453 sive
1673 2398 2017 2468 Graecorum,

440 2579 677 2635 exstare,
707 2586 870 2627 nemo
894 2588 999 2627 non
1022 2572 1293 2628 'l'acillime
1333 2575 1717 2629 animadvertit
1768 2578 2021 2631 incruen-

442 2651 550 2692 tatn
580 2644 853 2709 passionis
890 2654 1130 2710 cruentae
1164 2648 1619 2700 recordationem.
1649 2647 1804 2712 Quod
1833 2658 2015 2701 autem

440 2720 647 2785 spectat
680 2716 747 2785 ad
788 2716 932 2779 ipsas
964 2716 1179 2782 species
1206 2717 1375 2785 panis
1404 2726 1459 2770 et
1506 2718 1639 2778 vini,
1672 2718 1891 2771 videtur
1922 2718 2019 2772 Ju-

440 2782 616 2855 stinus
646 2782 934 2855 ab_eximia
966 2788 1200 2852 quadam
1218 2782 1425 2839 'earum
1466 2788 1815 2855 simplicitate
1840 2791 2017 2841 sacri-

443 2852 628 2904 ﬁcium
690 2851 1132 2908 ChristianOrunt
1198 2857 1422 2911 laudare
1485 2866 1539 2909 et
1575 2851 2014 2912 commendare.

439 2920 703 2998 Qbservat
738 2926 880 2998 enim
914 2925 1236 2980 Eustathius
1262 2929 1316 2979 in
1344 2926 1509 2981 'lliad.
1548 2929 1612 2991 A.
1646 2944 1698 2998 p.
1736 2928 1857 2993 158,
1882 2930 2015 2983 edit.

445 2991 632 3057 Rom,
658 2994 934 3059 antiquos,
957 3009 1095 3049 ante
1128 3012 1286 3050 usum
1312 2991 1674 3061 victimarum;
1701 2991 1871 3053 molas
1898 3009 2018 3052 tau-

442 3074 555 3138 tum
589 3074 641 3117 et
673 3064 959 3138 libatioues
987 3068 1287 3138 _obtulisse,
1321 3081 1381 3120 ut
1429 3069 1514 3121 Itis
1548 3068 1708 3121 veluti
1760 3070 2016 3138 primitiis

442 3136 608 3206 totius
652 3136 922 3189 alimoniae
985 3136 1261 3203 humanae,
1321 3154 1441 3206 qua:
1491 3139 1636 3191 sicca
1670 3136 1927 3192 nimirum
1963 3151 2017 3192 et

436 3203 644 3280 liquida
686 3214 815 3280 est.
865 3218 1079 3280 gratum
1125 3203 1367 3280 animum
1418 3219 1773 3280 testarentur.
1822 3210 2019 3280 Διττῆς

434 3273 601 3351 οὔσης
629 3277 685 3329 ἐν
716 3277 845 3351 ἡμῖν
872 3273 1079 3351 τροφῆς
1108 3279 1211 3349 τῆς
1233 3279 1688 3351 ἀναγκαιοτάτης,
1734 3278 1905 3351 ξηρᾶς
1936 3273 2017 3344 τὲ,

434 3346 557 3420 ᾕ-τις
583 3346 640 3420 έν
668 3346 941 3420 σπέρμασι
973 3346 1256 3420 θεωρεῖται
1282 3350 1396 3420 καὶ,
1422 3348 1599 3411 ἄλλοις
1624 3346 1900 3420 οιαρποῐς,
1946 3353 2023 3404 ἐτι

522 3418 614 3469 καὶ
642 3416 740 3491 τῆς
771 3419 947 3491 ὐγρᾶς
965 3416 1097 3491 τῆς⁷
1119 3419 1501 3490 θεωρουμένης
1546 3416 1777 3491 πρώτως
1821 3422 1919 3491 μὲν
1966 3423 2024 3474 ὲν

437 3486 616 3561 anm,
642 3486 905 3561 δευτέρως
931 3490 987 3541 δὲ
1009 3490 1101 3561 καὶ
1130 3492 1188 3542 ὲν
1232 3486 1385 3559 οἴνῳ,
1432 3486 1684 3561 ἀπαρχὰς
1721 3486 1884 3543 οἱονεὶ
1925 3493 2025 3561 τῆς

434 3557 562 3633 Qa;
579 3557 858 3633 ﬁmoyovou
892 3560 1095 3633 τροιρῆς
1116 3557 1525 3633 εὐχαρίστωςρί
1554 3557 1770 3633 παλαιοὶ
1797 3562 1939 3633 τούς
1964 3557 2021 3613 τε

434 3626 694 3698 ὀλοχύτας
740 3630 798 3703 ἐν
848 3626 969 3703 ταῖς
998 3626 1218 3703 θυσίαις
1257 3626 1664 3703 έπροεόἀλλοντο
1713 3631 1821 3683 ἀπὸ
1850 3632 2023 3703 ξηρᾶς

434 3714 578 3771 τινος
626 3699 1023 3771 τροφῆς,ξάλλά
1060 3701 1156 3771 μὲν
1187 3702 1285 3754 καὶ
1319 3699 1419 3765 τὰς
1461 3702 1691 3771 σπονδὰς
1739 3703 1795 3754 ὲν
1836 3699 2023 3755 ἄλλοτε

435 3767 581 3837 ἄλλῳ
614 3767 923 3843 ὐγρῴπρὸς
978 3767 1223 3843 καιρούς.
1287 3773 1421 3825 Cum
1478 3770 1683 3843 Justini
1742 3775 2018 3827 sententia

436 3850 712 3893 consentit
760 3840 861 3893 hoc
904 3840 1091 3895 Irenati
1137 3843 1553 3897 testimonium:
1606 3861 1624 3892 ι
1667 3842 1773 3897 Sed
1817 3853 1871 3897 et
1905 3845 2022 3898 suis

438 3909 738 3981 discipulis,
791 3912 992 3978 inquit,
1040 3913 1178 3965 dans
1230 3912 1519 3967 consilium
1569 3914 1844 3981 primitias
1910 3914 2021 3967 Deo

437 3978 639 4053 oﬂ'erre
667 3996 730 4033 ex
766 3982 879 4053 suis
914 3984 1213 4046 creaturis,
1244 3999 1349 4035 non
1383 3984 1539 4050 quasi
1572 3978 1881 4053 indigenti,
1925 3986 2018 4038 sed

438 4062 500 4102 ut
531 4052 629 4118 ipsi
661 4065 761 4103 nec
784 4052 1107 4107 infructuosi
1140 4055 1249 4107 sint
1284 4068 1384 4109 nec
1413 4055 1633 4123 ingrati,
1666 4052 1791 4107 etim
1823 4056 1913 4123 qui
1950 4071 2018 4108 ex

437 4131 693 4194 creatura
725 4123 880 4189 panis
908 4132 1015 4184 est,
1048 4126 1261 4191 accepit
1288 4133 1342 4176 ct
1386 4126 1590 4193 gratias
1616 4126 1744 4194 egit,
1778 4126 1968 4179 dicens
2001 4142 2015 4179 :

438 4189 553 4243 Hoc
586 4202 670 4243 est
696 4208 872 4244 meum
904 4207 1125 4261 corpus.
1156 4189 1224 4247 Et
1250 4189 1474 4248 calicem
1510 4189 1763 4249 similiter
1806 4198 1896 4264 qui
1932 4207 2020 4250 est

436 4274 506 4335 ex
536 4270 786 4314 creatura
816 4274 1115 4335 SECUDUUIII
1148 4281 1264 4329 IIOS,
1313 4281 1468 4317 διιυιιι
1504 4266 1829 4335 sanguinem
1878 4282 2018 4319 (2011⁸

439 4333 619 4385 lessus
646 4342 751 4395 est,
782 4342 837 4386 et
870 4332 1003 4387 Novi
1033 4335 1367 4389 Testamenti
1404 4332 1832 4390 novam'docuit
1864 4337 2017 4389 obla-

441 4405 669 4467 tionem,
706 4419 883 4473 Aquani
941 4403 1184 4459 Ecclesia
1220 4408 1288 4457 ab
1317 4407 1589 4473 apostolis.
1609 4406 1908 4473 accipiens,
1961 4407 2015 4459 in

440 4478 698 4528 universo
728 4478 931 4529 mundo
956 4474 1117 4529 offert
1151 4475 1278 4539 Deo,
1325 4487 1381 4529 et
1424 4476 1514 4543 qui
1568 4476 1824 4529 alimenta
1860 4477 2016 4530 nobis

2125 1927 2228 1993 ἕως
2257 1929 2479 2000 δυσμῶν
2512 1932 2659 1984 ἐστιν
2688 1932 2844 2003 ὐμῶν
2875 1933 2936 1985 τὸ
2968 1934 3149 2002 γένος,
3176 1930 3292 1987 ἀλλ’
3330 1935 3438 1988 ἔστι
3481 1935 3544 1989 τὰ
3562 1935 3670 2007 ἔθνη

2124 2022 2182 2074 ὲν
2204 2018 2284 2087 οἷς
2305 2022 2521 2076 οὐδέπω
2556 2022 2730 2088 οὐδεὶς
2757 2024 2921 2095 ὑμῶν’
2940 2025 3033 2078 τοῦ
3071 2026 3265 2094 γένους
3302 2026 3523 2098 ᾤκησεν.
3557 2029 3673 2082 Οὐδὲ

2124 2114 2181 2167 ἓν
2212 2114 2320 2186 γὰρ
2350 2115 2486 2179 ὅλως
2517 2117 2636 2168 ἐστὶ
2662 2116 2723 2169 τὸ
2756 2117 2831 2187 (5)
2866 2117 3023 2185 γένος
3056 2118 3378 2189 ἀνθρώπων,
3422 2122 3522 2173 εἴτε
3564 2120 3675 2192 βαρ-

2123 2204 2328 2278 ϐάρων,
2369 2206 2479 2259 εἴτε
2524 2206 2810 2279 Ἑλλήνων,
2842 2209 2950 2261 εἴτε
2980 2208 3163 2273 ἁπλῶς
3209 2210 3448 2280 ᾡτινιοῦν
3476 2210 3673 2282 ὀνόματι

2123 2302 2701 2372 προσαγορευομένων,
2729 2302 2761 2372 ἢ
2801 2301 3113 2371 ἀμαξοϐίων
3139 2303 3270 2375 (ili)
3296 2305 3487 2357 ἀοίκων
3510 2304 3675 2373 (ὅ)κα-

2122 2390 2420 2463 λουμένων,
2450 2393 2484 2464 ἢ
2532 2394 2591 2445 ὲν
2623 2396 2848 2462 σκηναῖς
2879 2394 3263 2465 κτηνοτρόφων
3292 2394 3569 2447 οἰκούντων
3590 2394 3670 2465 (6),

2122 2574 2359 2646 gendum
2417 2572 2909 2646 monetMarauus,
2961 2575 3214 2643 quamvis
3250 2575 3301 2629 in
3344 2587 3483 2629 textu
3530 2580 3675 2631 mani-

2123 2644 2468 2716 festumyut
2516 2644 2684 2716 ipsius
2737 2646 2918 2716 verbis
2975 2656 3116 2716 utar.
3165 2662 3399 2716 errorem
3444 2649 3672 2711 retineat,

2121 2714 2337 2783 nempe,
2368 2714 2436 2766 δι’
2461 2714 2625 2767 αὐτοῦ
2679 2716 2707 2767 ὁ
2759 2714 2893 2778 Θεὸς
2950 2715 3045 2768 τοῦ
3092 2715 3253 2768 Θεοῦ.
3292 2716 3453 2771 Nobis
3491 2727 3671 2772 textum

2121 2801 2316 2841 sanare
2347 2787 2519 2852 magis
2548 2785 2769 2850 placuit.
2808 2787 2963 2841 Eutr.
3002 2787 3177 2839 ΡΑτιι.

2198 2856 2275 2926 (2)
2319 2856 2668 2924 Ἐνδύματιι.
2695 2856 2797 2926 Sic
2825 2859 2989 2910 etiam
3027 2866 3189 2911 vocat
3223 2859 3515 2913 calumnias
3541 2858 3676 2913 Chri-

2121 2927 2325 3001 stiauis
2344 2926 2547 3001 allictas
2570 2925 2723 3001 Apol.
2756 2942 2819 2992 ιι,
2839 2944 2892 2980 ιι.
2921 2927 3009 2983 15.
3032 2926 3207 2981 Paulo
3237 2938 3358 2998 post
3374 2931 3496 3001 legit
3520 2929 3674 2983 Tlnrl-

2124 2999 2248 3051 bius
2274 2996 2492 3066 αἰωνίου
2522 2996 2708 3066 πυρός.

2195 3066 2270 3138 (5)
2304 3065 2456 3139 Οὐδὲ
2488 3066 2565 3139 ἒνξ
2590 3065 2698 3135 γὰρ
2728 3066 2904 3139 ,ἄηῑωςμ
2934 3066 3069 3120 ἐστὶ
3101 3069 3221 3139 τόε
3249 3069 3438 3139 Aptius
3485 3069 3674 3123 videtur

2124 3137 2418 3209 Sylburgio
2448 3137 2565 3209 έστί
2594 3154 2665 3189 τι.
2694 3138 2848 3209 ῥιιιθ
2879 3137 3150 3209 .lnstiuum
3205 3137 3433 3196 llerinas
3481 3142 3675 3209 dixerat

2128 3207 2227 3281 lib.
2256 3224 2339 3273 ιιι,
2370 3224 2419 3262 c.
2449 3207 2517 3272 9,
2567 3225 2620 3281 ιι.
2656 3207 2720 3261 17
2758 3222 2772 3259 :
2812 3225 2831 3257 ι
2882 3207 3085 3281 Omnes
3139 3211 3392 3264 nationes
3436 3226 3549 3281 qua:
3587 3208 3676 3281 sub

2129 3280 2269 3333 ccelo
2301 3287 2450 3344 sunt,
2484 3278 2771 3331 audierunt
2796 3289 2851 3331 et
2881 3279 3231 3332 crediderunt
3274 3290 3325 3333 et
3356 3278 3676 3335 uuo'uomiue

2127 3349 2249 3403 Filii
2290 3349 2380 3402 Dei
2415 3357 2697 3402 vocantur.
2736 3367 2754 3400 ι
2789 3348 3048 3403 Testatur
3100 3350 3270 3402 etiam
3321 3352 3543 3405 lrenmus
3585 3350 3670 3401 lib.

2136 3436 2218 3484 ιιι,
2254 3436 2305 3473 c.
2338 3418 2399 3479 4,
2457 3419 2656 3471 multas
2690 3432 2879 3487 gentes
2938 3418 3296 3473 barbarorum
3331 3422 3381 3474 iu
3421 3422 3668 3476 Christum

2130 3490 2461 3550 credidisse,
2530 3490 2701 3560 t_sine
2748 3493 2939 3543 charta
2987 3498 3043 3541 et
3086 3500 3396 3560 atramento
3442 3493 3675 3560 scriptam

2126 3560 2397 3614 habentes
2428 3574 2525 3627 per
2555 3557 2818 3627 Spiritum
2856 3562 2908 3613 in
2945 3559 3206 3614 cordibus
3239 3564 3353 3616 suis
3386 3557 3619 3615 salutent.
3651 3577 3668 3610 ι

2133 3629 2503 3683 Tertullianus
2537 3645 2660 3696 cap.
2723 3629 2753 3681 7
2809 3635 2927 3683 adv.
2980 3628 3137 3692 Jud.,
3181 3632 3462 3688 universas
3510 3642 3677 3697 gentes

2125 3701 2187 3773 iu_
2227 3700 2505 3754 Christum
2542 3702 2843 3773 credidisse
2897 3700 3053 3773 dicit,
3090 3711 3142 3754 et
3200 3714 3488 3773 postquam
3524 3702 3673 3770 pluri-

2125 3765 2243 3824 m'as
2278 3770 2640 3831 euumeravit,
2692 3771 2831 3825 alias
2865 3770 3064 3823 inultas
3117 3765 3400 3827 atldendas
3432 3765 3548 3827 eSse
3592 3772 3674 3823 de-

2124 3841 2318 3903 clarat,
2354 3855 2493 3910 quas
2527 3842 2730 3893 fatetur
2763 3842 2861 3895 sibi
2902 3843 3116 3907 ignotas
3152 3858 3279 3897 esse
3305 3856 3359 3897 et
3390 3860 3419 3897 a
3471 3858 3525 3897 se
3555 3857 3675 3894 enu-

2134 3912 2335 3964 merari
2386 3926 2493 3965 non
2533 3926 2711 3977 posse.
2749 3910 3066 3965 Lactantius
3124 3911 3183 3964 in
3232 3913 3372 3967 libro
3417 3913 3490 3966 De
3527 3920 3674 3963 mam

2122 3997 2322 4051 persec.
2370 3999 2420 4035 c.
2453 3982 2504 4043 3,
2536 3982 2817 4043 Ecclesiae,
2855 3994 2972 4051 post
3019 3993 3255 4036 mortem
3294 3985 3535 4047 Neronis,
3580 3993 3675 4034 sta-

2125 4061 2235 4104 tntn
2262 4054 2340 4105 sic
2372 4052 2672 4107 describit:
2716 4070 2738 4103 ι
2773 4052 2962 4106 Manus
2992 4068 3120 4106 suas
3165 4055 3219 4106 in
3247 4056 3505 4109 orientem
3542 4052 3673 4105 occi-

2122 4122 2748 4191 dentemqueporrexit,
2783 4133 2843 4175 ut
2868 4122 2979 4187 jam
3020 4123 3204 4177 nullus
3234 4137 3377 4179 esset
3422 4135 3672 4178 terrarum

2122 4194 2355 4265 angulus
2383 4205 2490 4245 tam
2521 4205 2785 4265 remotus,
2809 4210 2917 4261 quo
2944 4209 3053 4265 non
3079 4195 3274 4265 religio
3302 4195 3392 4249 Dei
3419 4206 3673 4264 penetras-

2121 4274 2223 4325 set,
2263 4264 2407 4316 uulla
2437 4264 2668 4331 denique
2705 4265 2850 4316 natio
2884 4274 2995 4317 tant
3033 4264 3167 4319 l'eris
3196 4264 3444 4319 moribus
3479 4266 3672 4325 vivens,

2123 4343 2182 4385 ut
2210 4349 2315 4386 non
2351 4345 2604 4406 suscepto
2636 4333 2729 4406 Dei
2775 4335 2924 4388 cultu
2957 4338 3023 4386 ad
3053 4336 3284 4403 justitize
3331 4351 3489 4406 opera
3534 4337 3671 4386 mite-

2120 4416 2317 4458 sceret.
2363 4425 2379 4457 ι
2413 4403 2522 4457 Sed
2547 4405 2663 4458 haec
2694 4403 2890 4458 .lustiui
2912 4416 2965 4457 et
2988 4407 3222 4458 altorum
3257 4403 3552 4461 testimonia
3600 4406 3675 4456 ni-

2123 4480 2226 4529 mis
2269 4475 2565 4545 praefracte
2603 4476 2742 4527 sumi
2793 4491 2897 4527 non
2946 4476 3165 4530 debent.
3231 4475 3367 4530 Nam
3432 4479 3674 4545 Origenes

438 4554 686 4611 praestat,
714 4546 990 4615 primitias
1028 4562 1313 4600 munerum
1351 4539 1572 4615 suorum
1618 4546 1671 4597 iu
1722 4544 1875 4598 Novo
1908 4547 2011 4599 'l‘e-
2047 4539 2092 4593 ι)
2126 4539 2292 4599 ιιτιειζ
2336 4548 2405 4601 '28
2430 4547 2486 4597 in
2514 4544 2731 4609 Mallia,
2764 4548 2960 4599 multas
3007 4559 3129 4598 esse
3175 4550 3424 4601 nationes
3471 4539 3669 4605 laietUr,

437 4614 730 4682 statuente,
753 4636 783 4666 οι
820 4616 912 4668 lib.
948 4631 1020 4681 tv,
1048 4633 1165 4684 cap.
1205 4617 1291 4679 l7,
1316 4633 1370 4669 ιι.
1399 4616 1451 4670 5.
1482 4614 1572 4669 Sic
1604 4617 1766 4667 etiam
1816 4618 2010 4683 Orige-

434 4701 531 4757 nes
561 4686 651 4738 lih.
675 4702 792 4757 vni,
821 4697 1011 4757 contra
1047 4688 1289 4750 Celsum,
1310 4703 1361 4755 p.
1389 4687 1526 4757 599:
1560 4685 1617 4739 '0
1643 4685 1849 4748 Κέλσος
1883 4688 2001 4757 μὲν,

432 4755 506 4818 ὡς
528 4756 736 4829 ἀγνοῶν
752 4756 916 4829 ᾉΘεὸν,
951 4758 1018 4809 τὰ
1050 4759 1376 4829 χαριστήρια
1404 4756 1651 4829 δαίμοσιν
1684 4755 2003 4829 ἀποδιδότω·

431 4831 592 4897 ἡμεῖς
622 4828 677 4880 δὲ
705 4827 783 4897 τῷ
815 4828 908 4880 τοῦ
943 4826 1138 4891 παντὸς
1182 4826 1505 4899 δημιουργῷ
1540 4826 2005 4898 εὐχαριστοῦντες,

433 4899 526 4971 ira}.
554 4901 679 4962 τοὺς
722 4899 837 4969 μετ’
869 4900 1214 4971 εὐχαριστίας
1258 4900 1351 4951 καὶ
1394 4898 1563 4971 εὐχῆς
1606 4898 1703 4967 τῆς
1756 4900 1849 4971 sui.
1897 4902 2008 4961 cui;

430 4967 629 5040 δοθεῖσι
654 4967 1132 5040 προσφερομένους
1161 4972 1357 5040 ἄρτους
1390 4970 1666 5039 ἐσθίομεν,
1711 4967 1868 5038 σῶμα
1915 4985 2007 5036 γει-

430 5039 688 5110 νομένους
730 5040 818 5093 διὰ
845 5039 946 5110 την
981 5039 1142 5109 εὐχὴν
1180 5039 1332 5110 ἅγιόν
1365 5056 1417 5090 τι
1474 5042 1568 5091 καὶ
1617 5040 1840 5106 ἁγιάζον
1882 5042 2007 5102 τοὺς

433 5109 574 5179 μετά
610 5110 795 5177 ὑγιοῦς
833 5109 1138 5180 προθέσεως
1165 5109 1315 5179 αὐτῷ
1347 5110 1684 5179 χρωμένους.
1726 5130 1745 5159 ι
1782 5114 1857 5163 Ac
1884 5111 2006 5163 Cel-

434 5195 528 5232 sus
551 5184 794 5248 quidem,
824 5192 881 5233 ut
915 5181 1083 5235 Deum
1114 5196 1391 5249 ignorans,
1428 5183 1633 5249 gratias
1668 5182 2002 5234 daemonibus

430 5261 584 5319 agat;
625 5267 723 5304 nos
760 5263 965 5310 autem.
994 5255 1084 5319 qui
1134 5252 1339 5318 gratias
1386 5250 1497 5304 Deo
1544 5252 1776 5318 agimus,
1832 5251 1999 5303 etiam

428 5335 597 5388 panes
630 5321 750 5375 illos
776 5323 1131 5385 comedimus,
1167 5323 1257 5389 qui
1290 5337 1411 5375 eum
1447 5323 1750 5389 gratiarum
1783 5321 2002 5375 actione

428 5400 483 5443 et
511 5408 672 5459 prece
696 5394 767 5445 oh
802 5396 917 5446 hazc
942 5394 1079 5447 dona
1110 5402 1333 5460 accepta
1363 5393 1557 5453 oblati,
1594 5395 1729 5444 liunt
1758 5406 1851 5459 per
1879 5407 2001 5459 pre-

428 5476 547 5516 cem
577 5478 774 5530 corpus
797 5464 1071 5531 quoddam
1113 5474 1362 5516 sanctum
1396 5472 1452 5513 et
1498 5462 1847 5531 sanctiﬁcans
1903 5477 1998 5515 eos

425 5537 517 5599 qui
550 5534 640 5587 illo
664 5530 892 5586 utuntur
914 5548 1036 5585 eum
1062 5548 1197 5586 sano
1225 5532 1523 5599 proposito.
1556 5549 1575 5583 ι
1602 5530 1806 5585 Lucem
1830 5533 1997 5584 etiam

424 5603 643 5658 Justino
672 5604 910 5658 aderunt
944 5602 1336 5672 haeeLiturgia:
1371 5613 1571 5655 nostra:
1600 5605 1761 5655 verba
1791 5619 1802 5652 :
1839 5621 1856 5652 ι
1897 5603 2000 5655 Per

424 5690 584 5744 quem
617 5675 727 5727 hwc
747 5678 951 5737 omnia,
977 5676 1217 5737 Domine,
1244 5688 1460 5744 semper
1477 5677 1618 5727 bona
1644 5688 1821 5737 creas,
1847 5692 1864 5723 ι
1889 5685 1994 5727 etc.

428 5743 727 5800 VidJuan.
759 5745 931 5807 Bona,
969 5745 1173 5813 Liturg.
1210 5761 1269 5805 ιι,
1308 5743 1392 5796 16.

484 5822 565 5885 (ι)
583 5814 900 5882 Διάὺτοὺς
927 5819 959 5870 ό
988 5812 1255 5882 Υἱὸςῖτοῦ
1285 5813 1430 5869 Θεοῦ
1451 5812 1763 5883 μέμνηται.
1805 5812 1895 5870 Sic
1923 5814 1996 5867 le-

2117 4630 2238 4683 quze
2271 4618 2508 4670 nondum
2530 4616 2820 4685 Evangelii
2855 4619 3027 4669 lucem
3065 4620 3392 4685 receperint.
3421 4616 3565 4683 Ipsos
3585 4615 3673 4668 Ju-

2118 4692 2284 4751 dteos,
2314 4703 2454 4754 quos
2482 4688 2729 4739 Justinus
2756 4690 2807 4738 in
2834 4690 3089 4739 omnibus
3111 4688 3246 4740 locis
3272 4689 3472 4740 versari
3505 4698 3671 4755 negat,

2118 4772 2217 4810 rex
2254 4764 2491 4827 Agrippa
2518 4760 2659 4824 apud
2690 4756 2984 4824 Joseplium
3019 4771 3081 4819 ιι,
3134 4758 3211 4810 De
3243 4759 3377 4811 bello
3410 4759 3558 4821 Jud.,
3604 4760 3671 4809 ita

2120 4827 2173 4880 in
2206 4844 2399 4881 omnes
2441 4830 2691 4895 regiones
2715 4827 2942 4881 diffusos
2972 4842 3091 4879 esse
3120 4834 3220 4892 ait,
3276 4840 3333 4880 ιιι
3364 4830 3500 4880 nulla
3550 4841 3671 4893 gens

2115 4900 2209 4960 sit,
2248 4899 2298 4951 iit
2330 4915 2434 4965 qua
2472 4914 2576 4949 uoti
2610 4898 2788 4964 aliqua
2825 4914 2952 4957 pars
2998 4896 3312 4950 Jlldil'ol’dlll
3368 4898 3666 4965 reperiatur.

2113 4970 2187 5020 Οὐ
2218 4969 2326 5038 γάρ
2356 4970 2503 5020 ἐστιν
2526 4969 2620 5020 ἐπὶ
2644 4968 2744 5037 τῆς
2768 4968 3091 5039 οἰκουμένης
3118 4967 3293 5039 δῆμος
3325 4969 3354 5021 ὁ
3393 4968 3469 5040 μὴ
3494 4970 3669 5040 μοῖραν

2110 5040 2388 5125 tesca“
2414 5040 2573 5125 ἐχαρι-

2184 5110 2257 5179 (4)
2288 5108 2660 5178 Ἁμαξοῢίων.
2702 5108 2762 5163 ΙΙὶ
2793 5110 3011 5163 fuerunt
3034 5124 3169 5179 gens
3198 5108 3472 5180 Scythica.
3494 5108 3667 5163 Horat.

2109 5181 2201 5251 od.
2234 5196 2293 5233 ιιι
2317 5181 2437 5251 ,24
2463 5220 2478 5245 ,
2513 5183 2619 5251 10,
2644 5180 2783 5251 Plin.
2821 5181 2966 5234 Ht‘sl.
3016 5192 3126 5233 uut.
3160 5196 3215 5233 iv
3241 5220 3258 5247 ,
3296 5198 3347 5235 c.
3377 5182 3476 5247 i2,
3514 5182 3666 5251 μῦς

2106 5246 2481 5327 Just-ignauia.
2512 5266 2572 5315 ιι,
2682 5248 2859 5312 Οττο.
3034 5324 3042 5327 _
3112 5323 3120 5327 _
3244 5246 3247 5247 ν
3371 5322 3381 5327 ,
3464 5246 3469 5247 7
3516 5246 3537 5251 ν
3622 5318 3630 5327 .

2180 5320 2253 5390 (5)
2310 5321 2561 5391 ito/actor.
2611 5320 2880 5373 Nomades
2936 5323 3279 5391 potissimum
3333 5322 3579 5374 vixerunt
3622 5320 3667 5370 iu

2107 5389 2328 5463 Scythia
2361 5390 2525 5461 (Plin.
2558 5391 2591 5444 Ι.
2623 5407 2688 5463 e,
2725 5409 2774 5443 c.
2811 5389 2949 5463 26),
2971 5394 3122 5445 ludia
3156 5406 3330 5457 [γης.
3368 5394 3456 5463 Π,
3562 5392 3665 5463 30).

2106 5462 2305 5532 Arabia
2337 5468 2414 5529 (ν,
2443 5477 2493 5515 c.
2523 5464 2609 5526 16,
2633 5462 2677 5531 §.
2713 5463 2822 5530 16),
2850 5462 3127 5532 ιιΕιΙιιοιιιιι
3154 5475 3254 5531 (ιί,
3282 5480 3334 5517 c.
3363 5462 3452 5525 30,
3486 5461 3534 5532 δ.
3561 5461 3665 5528 5a).

2104 5529 2354 5584 Numidia
2383 5535 2457 5601 (ν,
2496 5550 2544 5586 c.
2582 5529 2717 5602 5.V§.
2756 5538 2832 5601 2).
2870 5535 2943 5586 ll).

2175 5602 2250 5673 (6)
2305 5602 2400 5654 Ἐν
2438 5601 2693 5668 σκηναῖς
2722 5619 2891 5669 κτην.
2925 5606 3038 5655 οἰκ.
3074 5602 3223 5656 ΡΙίιι.
3262 5604 3301 5657 l.
3340 5620 3392 5658 e.
3431 5618 3502 5666 vr,
3540 5617 3584 5655 c.
3618 5601 3668 5662 8.

2103 5671 2150 5743 §.
2181 5671 2250 5726 32
2281 5692 2294 5727 :
2334 5692 2350 5723 ι
2380 5674 2557 5746 Sabim
2601 5677 2901 5746 δςυιιιιιιξ.)
2943 5676 3025 5727 Cl.
3053 5674 3183 5746 Jul._
3204 5678 3379 5746 Solio.
3408 5673 3664 5746 Polyblsl.

2103 5737 2154 5797 ῖς.
2186 5747 2268 5817 ξιῦ.
2292 5742 2521 5817 -νϐυιμ
2554 5761 2602 5797 tv
2627 5785 2640 5801 .
2669 5746 2738 5795 κθ
2764 5761 2777 5797 :
2808 5737 2975 5807 Οὗτος
2995 5743 3257 5817 (Ἰωὸὴλ)
3288 5739 3357 5815 ἢν
3390 5737 3566 5817 πατῆρ
3596 5745 3661 5795 οἰ·

2104 5814 2339 5868 κούντων
2374 5816 2430 5867 ἐν
2461 5816 2707 5885 σκηναῖς,
2743 5815 3142 5888 κτηνοτρόφων.
3181 5814 3259 5870 ιν.
