3954 6258
284 344 381 399 m
1305 342 1651 399 DIALOGUS
1681 343 1828 400 cum
1863 316 2237 399 Tnvpnozi's
2266 341 2533 400 nmmo.
3466 344 3567 402 rso

287 466 341 517 ιν
362 457 443 526 οἷς
477 461 557 533 μὴ
581 462 681 516 διὰ
704 463 810 517 τοῦ
850 465 1121 536 ὀνόματος
1146 464 1236 519 τοῦ
1272 466 1677 538 σταυρωθέντος
1717 467 1891 539 Ἰησοῦ

2005 468 2112 523 sive
2143 467 2523 529 barbarorum,
2556 465 2669 521 sive
2692 463 2933 534 quolibet
2954 463 3173 519 nomine
3200 461 3563 533 appellentur.

291 558 439 625 εὐχαὶ
469 556 570 607 καὶ
615 554 985 626 εὐχαριστῖαι
1035 556 1113 625 τῷ
1164 558 1340 628 Πατρὶ
1394 558 1488 610 καὶ
1526 558 1731 629 Ποιητῇ
1784 559 1894 611 τῶν

2005 560 2085 615 vel
2112 559 2573 615 Hamaxobiorum
2606 558 2699 628 qui
2728 558 2779 611 in
2807 558 3070 627 plaustris
3095 558 3316 627 degunt,
3350 555 3433 610 vel
3468 571 3566 610 no-

295 648 421 700 ὢων
451 645 728 713 γίνονται.
765 647 994 711 Εεδότες
1028 648 1123 716 (7),
1164 648 1243 700 ὅτι
1278 649 1401 700 κατ’
1441 650 1617 701 ἐκεῖνο
1647 650 1738 703 τοῦ
1782 668 1899 704 και-

304 737 411 805 ροῦ,
439 738 528 788 ὅτε
556 738 587 789 ὁ
620 740 926 808 προφήτης
955 737 1240 807 Μαλαχίας
1272 738 1431 791 τοῦτο
1458 739 1662 807 ἔλεγεν,
1686 740 1899 793 οὐδέπω

304 829 335 897 ή
360 827 632 897 διασπορὰ
651 828 818 898 ὑμῶν
843 831 904 881 ὲν
923 829 1072 901 πάσῃ
1102 832 1165 899 τῇ
1198 832 1267 900 γῇ
1290 831 1348 881 ὲν
1375 831 1476 903 ὅσῃ
1502 830 1595 883 νῦν
1616 830 1897 899 γεγόνατε,

308 918 617 990 ἐγεγένητο,
648 919 731 983 ὼς
783 921 881 972 καὶ
913 922 1022 973 ἀπὸ
1060 919 1167 973 τῶν
1220 921 1451 992 Γραφῶν
1496 922 1899 980 ἀποδείκνυται.

1998 655 2218 706 madum
2270 653 2360 721 qui
2410 650 2664 705 domibus
2696 660 2907 714 carent,
2942 650 3022 705 vel
3071 650 3436 711 Scenitarum,
3471 648 3567 718 qui

2001 758 2199 812 pecora
2235 753 2524 812 pascentes
2554 742 2800 796 habitant
2846 742 2896 795 in
2931 742 3201 807 tentoriis,
3230 741 3457 805 nullum,
3492 741 3570 794 in-

2002 851 2188 904 quam,
2222 834 2485 902 ejusmodi
2520 850 2692 906 genus
2724 842 2828 899 est,
2862 833 2916 891 in
2943 848 3051 900 quo
3091 847 3198 887 non
3245 846 3341 901 per
3372 845 3567 886 nomen

2004 927 2251 981 cruciﬁxi
2282 926 2410 982 Jesu
2442 942 2629 1009 preces
2660 936 2712 981 et
2746 927 3043 997 gratiarum
3072 926 3315 980 actiones
3343 924 3493 978 Patri
3516 929 3572 980 et

306 1010 551 1066 Creatori
594 1015 991 1069 universorum
1025 1016 1177 1069 tiant.
1232 1014 1441 1071 Deinde
1476 1032 1605 1072 vero
1638 1019 1761 1086 quia
1796 1034 1905 1087 quo
1937 1028 2181 1092 tempore
2235 1022 2500 1093 propheta
2554 1022 2849 1085 Malachias
2888 1021 3003 1074 baro
3046 1020 3280 1081 dicebat,
3331 1019 3568 1073 nondum

307 1107 533 1175 dispersi
566 1108 747 1162 eratis
773 1109 828 1162 in
860 1124 1051 1164 omnes
1083 1110 1203 1164 illas
1232 1119 1394 1165 teme
1431 1121 1616 1182 partes
1676 1112 1726 1165 in
1759 1113 1958 1182 quibus
1992 1129 2138 1171 nunc
2183 1117 2341 1184 estis,
2393 1116 2446 1170 id
2495 1116 2638 1188 quod
2692 1114 2862 1172 etiam
2905 1127 2972 1167 ex
3020 1113 3304 1189 Scriptura
3359 1115 3572 1183 perspi-

212 1216 215 1217 '
308 1205 468 1258 citur.

375 1296 499 1349 118.
542 1297 711 1349 Ὥστε
761 1295 961 1367 μᾶλλον
1006 1297 1343 1367 παυσάμενοι
1386 1296 1481 1349 τοῦ
1531 1297 1893 1369 φιλεριστεϊν,

311 1389 685 1458 μετανοήσατε
738 1390 869 1459 πρὶν
922 1387 1095 1441 ἐλθεῖν
1140 1388 1239 1459 τὴν
1275 1387 1516 1459 μεγάλην
1554 1389 1766 1459 ἡμέραν
1795 1390 1897 1459 τῆς

306 1484 562 1555 κρίσεως,
601 1486 660 1536 ὲν
761 1483 1056 1537 κόπτεσθαι
1084 1482 1332 1553 μέλλουσι
1360 1484 1559 1545 πάντες
1579 1483 1627 1533 οἱ
1656 1482 1763 1534 ἀπὸ
1789 1482 1897 1535 τῶν

309 1576 490 1644 συλῶν
528 1576 608 1646 (8)
635 1574 793 1645 ὑμῶν
844 1576 1271 1643 ἐκκεντήσαντες
1301 1572 1487 1625 τοῦτον
1518 1573 1607 1626 τὸν
1640 1574 1894 1644 Χριστὸν,

309 1668 382 1731 ὡς
422 1668 533 1720 ἀπὸ
580 1668 812 1738 Γραφῆς
864 1666 1122 1731 ἀπέδειξα
1174 1664 1592 1735 προειρημένον.
1651 1663 1763 1716 Kal
1814 1664 1896 1717 ὅτι

308 1756 490 1826 ὤμοσε
524 1735 737 1828 Κύριος
769 1735 795 1807 ⁷ι
826 1756 968 1810 κατὰ
1001 1755 1097 1826 τὴν
1120 1754 1273 1821 τάξιν
1299 1754 1651 1823 Μελχισεδὲκ,
1684 1772 1703 1803 ι
1730 1756 1825 1805 καὶ
1846 1753 1899 1805 τί
1930 1735 1973 1789 Β

308 1851 369 1903 τὸ
420 1850 832 1921 προειρημένον
866 1849 1048 1913 ἐστὶν,
1084 1849 1468 1920 ὲξηγησάμην·
1507 1847 1601 1899 καὶ
1644 1847 1725 1899 an
1770 1842 1900 1917 περὶ

312 1944 402 1996 τοῦ
436 1943 747 1997 θάπτεσθαι
783 1942 1065 2007 μέλλοντος
1095 1942 1189 1996 καὶ
1229 1939 1546 1995 ἀνίστασθαι
1570 1937 1807 2010 Χριστοῦ
1832 1934 1900 2009 ἦν

314 2037 348 2105 ή
381 2035 691 2106 προφητεία
723 2033 819 2087 τοῦ
856 2035 1076 2088 Ἡσαΐου
1112 2035 1401 2105 φήσαντοςο
1432 2052 1450 2083 ι
1475 2032 1539 2085 Ἠ
1561 2030 1707 2102 ταφὴ
1735 2029 1899 2084 αὐτοῦ

313 2122 474 2198 ἦρται
506 2130 574 2179 ὲκ
593 2128 687 2179 τοῦ
722 2126 913 2197 μέσου,
946 2146 963 2177 ι
1003 2130 1292 2197 προεῖπον·
1318 2126 1411 2178 καὶ
1442 2126 1524 2177 ὅτι
1548 2124 1740 2195 κριτὴς
1768 2122 1901 2187 ζώνα-

314 2236 417 2270 των
450 2220 546 2271 καὶ
582 2218 796 2286 νεκρῶν
829 2218 1083 2271 ἁπάντων
1116 2217 1276 2280 αὐτὸς
1307 2209 1462 2279 οὗτος
1495 2217 1523 2268 ὁ
1544 2215 1799 2286 Χριστὸς,
1827 2210 1903 2267 εἴ-

317 2326 414 2361 πεν
448 2310 507 2361 ἐν
555 2309 791 2371 πολλοῖς.
835 2310 946 2362 Kal
994 2309 1179 2362 Νάθαν
1225 2308 1281 2360 δὲ
1318 2308 1519 2378 ὁμοίως
1552 2308 1680 2378 περ)¹
1709 2305 1900 2359 τούτου

316 2399 485 2468 λέγων
511 2401 653 2472 πρὸς
674 2400 874 2464 Δαόὶδ,
913 2399 1084 2463 οὕτως
1114 2401 1447 2471 ἐπήνεγκεν·
1482 2417 1499 2449 ι
1534 2399 1675 2467 Ἐγὼ
1708 2398 1901 2470 ἔσομαι

320 2491 461 2561 αὐτῷ
492 2494 576 2554 εἰς
621 2491 871 2562 πατέρα,
911 2492 1005 2544 καὶ
1036 2491 1195 2554 αὐτὸς
1227 2490 1381 2543 ἔσται
1414 2508 1503 2560 μοι
1534 2492 1614 2553 εἰς
1646 2490 1776 2555 υἱὸν,
1809 2490 1903 2543 καὶ

318 2584 377 2635 τὸ
426 2583 576 2645 ἔλεός
626 2600 730 2652 μου
774 2584 835 2635 οὐ
890 2582 964 2653 μὴ
1006 2583 1301 2652 ἀποστήσω
1335 2582 1427 2635 ἀπ’
1476 2580 1638 2634 αὐτοῦ
1659 2622 1674 2645 ,
1720 2578 1903 2643 καθὼς

322 2676 547 2744 ἐποέησα
583 2674 694 2727 ἀπὸ
726 2674 835 2726 τῶν
863 2673 1168 2744 ἔμπροσθεν
1190 2672 1355 2725 αὑτοῦ
1374 2688 1387 2703 ⁸
1419 2672 1513 2725 καὶ⁴
1536 2672 1719 2742 στήσω
1744 2670 1903 2722 αὑτὸν

322 2768 376 2819 ἐν
407 2767 484 2836 τῷ
511 2768 651 2837 οἴκῳ
679 2756 817 2836 μου,
837 2766 931 2818 καὶ
964 2767 1021 2817 ὲν
1053 2767 1117 2835 τῇ
1152 2764 1397 2836 βασιλείᾳ
1434 2762 1597 2817 αὐτοῦ
1632 2763 1737 2825 ἕως
1767 2761 1901 2814 αἰῶ-

321 2860 588 2921 νος.›Καὶ
637 2859 732 2911 τὸν
770 2856 1071 2927 ἡγούμενον
1118 2858 1175 2910 δὲ
1225 2859 1285 2910 έν
1334 2856 1413 2927 τῷ
1448 2855 1583 2925 οἴκῳ
1614 2855 1716 2907 οὐκ
1748 2853 1903 2907 ἄλλον

331 2950 587 3022 Ἶεζεκιὴλ
608 2951 759 3019 λέγει
789 2949 822 3020 ἢ
856 2949 1043 3002 τοῦτον
1077 2950 1257 3001 αὐτόν.
1294 2942 1463 3011 Οὗτος
1493 2948 1603 3018 γὰρ
1631 2947 1906 3017 ἐξαίρετος

322 3042 495 3111 ἱερεὺς
544 3043 643 3093 καὶ
687 3040 907 3105 αἰώνιος
963 3040 1214 3110 βασιλεὺς
1240 3081 1253 3103 ,
1294 3043 1323 3094 ὁ
1356 3040 1591 3112 Χριστὸς
1618 3080 1631 3104 ,
1666 3040 1742 3103 ὡς
1777 3038 1904 3103 Υἱὸς

318 3134 482 3187 Θεοῦ·
530 3126 594 3186 οὗ
644 3135 705 3185 ὲν
748 3137 816 3204 τῇ
865 3133 1025 3186 πάλιν
1058 3133 1329 3204 παρουσίᾳ
1365 3133 1439 3203 μὴ
1484 3131 1670 3202 δόξητε
1726 3130 1902 3199 λέγειν

328 3226 555 3278 Ἡσαΐαν
600 3228 635 3297 ἣ
673 3228 802 3288 τοὺς
839 3225 1031 3289 ἄλλους
1064 3227 1348 3296 προφήτας
1382 3224 1572 3288 θυσίας
1607 3225 1700 3293 ἀφ’
1734 3223 1901 3294 αἱμάρ

317 3336 418 3371 τιιν
458 3320 492 3389 ἢ
555 3318 806 3371 σπονδῶν
850 3319 942 3371 ἐπὶ
974 3319 1034 3371 τὸ
1068 3319 1449 3390 Θυσιαστήριον
1503 3317 1902 3389 ἀναφέρεσθαι,

316 3412 446 3464 ἀλλὰ
478 3410 779 3481 ἀληθινοὺς
814 3411 909 3464 καὶ
937 3412 1338 3481 πνευματικοὺς
1361 3410 1458 3481 (9),
1482 3410 1665 3473 αἴνους
1694 3409 1789 3462 καὶ
1814 3409 1905 3460 εὐ-

314 3504 623 3574 χαριστίας.
656 3504 770 3556 Καὶ
800 3504 860 3555 οὐ
899 3502 1074 3572 μάτην
1099 3505 1260 3573 ἡμεῖς
1285 3504 1364 3566 εἰς
1393 3501 1583 3555 τοῦτον
1612 3498 1905 3554 πεπιστεύ-

314 3612 510 3663 καμεν,
533 3595 645 3647 οὐδ’
671 3593 950 3665 ἐπλανήθη
959 3611 1054 3663 μεν
1081 3595 1183 3647 ὑπὸ
1202 3593 1322 3647 πῶν
1344 3592 1517 3657 οὕτως
1547 3590 1899 3657 διδαξάντων·

314 3689 443 3741 ἀλλὰ
477 3688 577 3741 καὶ
612 3687 902 3757 Θαυμαστῇ
936 3687 1163 3757 προνοίᾳ
1193 3685 1327 3738 Θεοῦ
1359 3685 1514 3739 τοῦτο
1547 3685 1787 3754 γέγονεν,
1818 3686 1905 3740 ἵνα

313 3781 471 3849 ἡμεῖς
507 3779 672 3849 ὑμῶν
718 3778 827 3831 τῶν
862 3778 1259 3849 νομιζομένων,
1314 3778 1413 3831 οὐκ
1458 3778 1626 3831 ὄντων
1674 3779 1731 3831 δὲ
1780 3778 1904 3831 οὔτε

318 3871 576 3938 etwa.»
604 3868 735 3922 οὗτε
771 3870 1026 3935 συνετῶν,
1052 3866 1401 3938 συνετώτεροι
1435 3870 1530 3921 καὶ
1565 3866 1905 3920 θεοσεϐέστε-

320 3978 395 4030 po:
426 3961 753 4031 εῦμθῶμεν
786 3960 874 4013 διὰ
899 3960 999 4030 τῆς
1033 3959 1273 4030 κλήσεως
1306 3960 1406 4029 τῆς
1432 3960 1625 4029 καινῆς
1658 3958 1751 4012 καὶ
1784 3961 1907 4012 αἰω-

318 4054 426 4107 νίου
477 4054 793 4124 Διαθήκης,
826 4053 1072 4106 τουτέστι
1115 4052 1209 4105 τοῦ
1259 4051 1516 4123 Χριστοῦ.
1569 4051 1739 4104 Τοῦτο
1772 4051 1904 4105 θαυ-

321 4144 505 4213 μάζων
555 4146 791 4207 Ἡσαΐας
836 4144 972 4214 ἔφη*
1018 4163 1036 4194 ι
1066 4146 1174 4197 Kal
1222 4144 1502 4207 συνέξουσι
1554 4144 1794 4215 βασιλεῖς
1844 4130 1929 4197 ἰδ’

320 4236 489 4305 στόμα
518 4236 701 4289 αὐτῶν
724 4253 737 4265 ’
775 4236 857 4288 ᾶτι
889 4230 970 4299 οἷς
993 4236 1092 4289 οὐκ
1114 4234 1385 4306 ἀνηγγέλη
1413 4236 1541 4307 περὶ
1568 4235 1745 4288 αὐτῶν
1768 4235 1901 4305 (10),

318 4328 563 4395 ἂᾲονται·
597 4328 699 4379 καὶ
729 4328 781 4379 οἳ
813 4327 913 4380 οὐκ
943 4327 1227 4397 ἀκηκόασι,
1261 4328 1569 4397 συνήσουσι.
1592 4326 1785 4397 Κύριε,
1820 4325 1905 4389 τίς

2073 1299 2196 1353 H8.
2225 1296 2494 1355 Hortatur
2524 1296 2594 1349 ad
2624 1296 2982 1364 paenitentiam
3013 1307 3293 1369 antequam
3327 1299 3567 1358 Christus

2000 1390 2203 1452 veniat,
2249 1388 2305 1441 in
2345 1403 2498 1457 quem
2536 1385 2800 1438 credentes
2840 1382 3131 1439 Christiani
3165 1387 3315 1457 longe
3358 1389 3569 1460 religio-

2001 1481 2164 1533 siores
2193 1496 2348 1548 quam
2393 1477 2594 1535 Judazi.
2631 1506 2703 1515 —
2733 1476 3097 1542 Quamobrem
3134 1481 3304 1535 satius
3342 1491 3459 1547 est,
3510 1494 3574 1539 ut

2001 1571 2369 1626 contentionis
2403 1569 2643 1625 studium
2669 1567 3003 1637 deponentes
3028 1571 3401 1637 paenitentiam
3438 1591 3567 1644 aga.

2005 1664 2109 1729 tis,
2142 1672 2434 1733 antequam
2468 1661 2651 1721 veniat
2698 1674 2925 1729 magnus
2970 1661 3063 1716 ille
3104 1663 3293 1729 judicii
3330 1666 3479 1731 dies,
3512 1668 3567 1723 in

2002 1768 2108 1823 quo
2141 1753 2431 1823 plangent,
2472 1753 2786 1822 quicunque
2810 1766 2878 1807 ex
2908 1755 3103 1809 vestris
3133 1756 3384 1812 tribubus
3407 1758 3569 1813 Chri,

2005 1852 2147 1900 stttm
2189 1852 2533 1914 pupugerunt
2559 1884 2576 1909 ,
2616 1857 2780 1914 prout
2829 1845 3148 1914 praedictum
3190 1862 3219 1900 a
3268 1846 3569 1918 Scripturis

2002 1936 2186 1996 docui.
2230 1937 2516 1993 Dominum
2551 1948 2733 1990 autem
2778 1936 2997 2005 jurasse
3032 1956 3051 1990 ι
3083 1940 3380 1993 secundum
3422 1942 3572 1995 ordi-

2002 2045 2126 2084 nem
2163 2028 2558 2085 Melchisedech
2581 2030 2625 2061 ⁸ο
2647 2071 2661 2097 ,
2695 2048 2712 2080 ι
2742 2039 2797 2083 et
2820 2030 2948 2098 quid
2983 2030 3086 2083 sibi
3122 2030 3254 2086 velit
3279 2031 3396 2087 haec
3430 2048 3570 2103 pra:—

2003 2120 2169 2176 dictio
2202 2120 2466 2189 explicui.
2512 2121 2691 2188 Atque
2725 2119 2826 2174 hoc
2860 2118 3012 2173 isaiae
3045 2121 3360 2175 vaticinium
3387 2139 3400 2174 :
3430 2141 3448 2173 ι
3472 2122 3572 2177 5ος-

2001 2213 2215 2282 pultura
2249 2210 2366 2279 ejus
2389 2226 2456 2264 ex
2480 2210 2656 2265 medio
2683 2211 2894 2264 sublata
2924 2214 3092 2279 est",
3121 2231 3139 2265 ι
3170 2216 3235 2267 de
3259 2215 3570 2282 sepeliendo

2002 2314 2059 2359 et
2110 2311 2493 2359 resurrecturo
2527 2303 2747 2357 Christo
2778 2305 2985 2358 editum
3034 2320 3156 2361 esse
3183 2308 3294 2375 jam
3350 2309 3573 2362 dentom-

2003 2398 2256 2465 stravi";
2288 2398 2571 2467 ipsumque
2605 2396 2752 2451 illum
2773 2396 3052 2454 Christum
3075 2401 3321 2457 vivorum
3347 2412 3403 2457 et
3421 2418 3572 2457 ωσι-σν

2005 2498 2224 2543 tuorum
2276 2490 2519 2544 omnium
2566 2492 2802 2566 judicem
2851 2505 2974 2546 esse
3017 2492 3267 2560 pluribus
3309 2494 3570 2555 disserui.

2006 2580 2271 2637 Similiter
2307 2582 2546 2650 Natban,
2577 2599 2700 2638 cum
2747 2582 2815 2638 de
2847 2597 2912 2637 eo
2937 2585 3251 2651 loqueretur
3292 2592 3359 2638 ad
3412 2585 3574 2640 Davi-

2005 2677 2158 2738 dem.
2188 2677 2266 2730 sic
2292 2676 2472 2730 intulit
2498 2694 2512 2731 :
2543 2694 2563 2729 ‹
2595 2676 2705 2747 Ego
2732 2690 2826 2730 ero
2855 2676 2932 2744 illj
2982 2677 3034 2729 in
3088 2687 3331 2746 patrem,
3370 2687 3425 2731 et
3461 2680 3576 2747 ipse

2005 2768 2111 2822 erit
2135 2768 2265 2822 mihi
2297 2769 2348 2824 in
2380 2768 2585 2834 tilium;
2617 2777 2672 2823 et
2695 2768 3122 2824 misericordiam
3152 2784 3325 2822 meam
3353 2785 3457 2823 non
3489 2787 3581 2826 rc-

2005 2861 2236 2915 movebo
2256 2861 2324 2915 ab
2352 2878 2439 2925 eo,
2476 2861 2617 2915 sicut
2641 2861 2743 2915 feci
2766 2862 2834 2915 ab
2860 2861 2941 2915 eis
2967 2860 3060 2933 qui
3092 2870 3218 2916 ante
3240 2877 3362 2916 eum
3383 2872 3573 2926 erant;

2007 2960 2061 3005 et
2091 2960 2330 3005 statuam
2358 2968 2480 3007 eum
2516 2953 2569 3006 in
2607 2953 2770 3006 domo
2797 2968 2940 3023 mea,
2969 2960 3025 3005 ct
3056 2953 3109 3006 in
3143 2968 3311 3025 regno
3335 2952 3455 3022 ejus
3487 2970 3579 3009 us-

2005 3056 2113 3113 que
2154 3043 2206 3097 in
2255 3043 2595 3097 saeculum”.
2629 3062 2648 3094 ι
2689 3045 2888 3098 Ducem
2937 3052 3117 3097 autem
3168 3046 3221 3098 in
3272 3046 3432 3099 domo
3469 3062 3577 3105 non

2007 3132 2173 3187 alium
2215 3133 2466 3188 Ezechiel
2484 3134 2551 3197 ⁸³,
2588 3134 2689 3187 nisi
2724 3132 2870 3187 hunc
2898 3133 3077 3202 ipsum
3106 3136 3259 3190 dicit.
3295 3135 3397 3192 ilic
3426 3138 3573 3194 enim

2004 3237 2087 3281 est
2115 3227 2347 3280 eximius
2377 3228 2632 3282 sacerdos
2660 3235 2714 3281 et
2742 3242 2837 3280 rex
2882 3235 3145 3291 :eternns,
3178 3227 3455 3292 Christus,
3486 3240 3579 3284 ut-

2004 3329 2131 3389 pote
2175 3318 2345 3375 Filius
2396 3321 2526 3387 Dei;
2593 3321 2748 3389 cujus
2807 3320 2861 3372 in
2924 3320 3161 3373 secundo
3224 3321 3456 3376 adventu
3507 3338 3575 3378 ne

2004 3412 2331 3467 existimetis
2375 3413 2569 3467 lsaiam
2627 3423 2721 3467 aut
2765 3426 2992 3470 caeteros
3037 3414 3334 3485 prophetas
3364 3415 3572 3482 dicere,

2005 3504 2274 3558 sacriﬁcia
2317 3506 2598 3576 sanguinis
2633 3516 2727 3560 aut
2758 3507 3082 3563 iibationum
3134 3507 3290 3561 altari
3338 3508 3574 3579 imponi,

2005 3598 2102 3652 sed
2120 3612 2247 3651 vera
2274 3607 2329 3651 et
2358 3599 2648 3668 spiritalia,
2676 3599 2865 3655 laudes
2891 3612 2944 3654 et
2970 3602 3271 3672 gratiarum
3302 3603 3573 3655 actiones.

2004 3684 2115 3740 Nec
2158 3686 2360 3742 frustra
2388 3704 2486 3743 nos
2532 3689 2585 3743 in
2615 3706 2736 3744 eum
2774 3690 3083 3755 credimus,
3113 3706 3211 3746 nec
3247 3693 3316 3747 ab
3343 3692 3446 3761 iis,
3478 3691 3574 3761 qui

2006 3777 2078 3832 ita
2118 3780 2461 3846 docuerunt,
2506 3782 2718 3852 decepti
2768 3797 2982 3847 sumus;
3034 3783 3130 3837 sed
3178 3791 3233 3838 et
3263 3783 3575 3843 admirabili

2009 3866 2099 3921 Dei
2133 3870 2470 3936 providentia
2501 3871 2551 3924 id
2579 3872 2827 3941 contigit,
2857 3884 2915 3927 ut
2944 3875 3115 3940 vobis,
3142 3874 3233 3945 qui
3266 3873 3361 3928 Dei
3384 3890 3578 3929 aman-

2008 3968 2089 4015 tes
2134 3970 2187 4014 et
2235 3962 2529 4029 prudentes
2576 3963 2988 4039 existimamini,
3021 3980 3117 4019 nec
3168 3966 3300 4019 estis
3351 3974 3573 4032 tamen,

2004 4053 2388 4123 prudentiores
2432 4069 2530 4109 nos
2578 4064 2635 4109 et
2669 4056 3040 4125 religiosiores
3069 4058 3437 4113 invenirentur
3475 4072 3575 4127 per

2004 4141 2346 4194 vocationem
2412 4143 2540 4196 novi
2597 4152 2652 4197 et
2718 4145 2912 4203 aeterni
2962 4143 3323 4210 Testamenti,
3386 4146 3441 4200 id
3492 4156 3576 4201 est

2006 4229 2226 4286 Christi.
2276 4231 2390 4288 Hoc
2435 4234 2615 4303 ipsum
2664 4236 2946 4290 admirans
2997 4237 3200 4303 Isaias,
3246 4238 3425 4293 dixit:
3459 4256 3478 4290 ι
3506 4238 3575 4293 Et

2006 4323 2364 4377 continebunt
2410 4338 2565 4394 reges
2597 4338 2660 4381 os
2693 4340 2891 4391 suum;
2933 4326 3057 4396 quia
3104 4328 3303 4397 quibus
3332 4343 3438 4384 non
3490 4338 3574 4382 est

319 4419 602 4471 ἐπίστευσε
634 4421 703 4488 τῇ
741 4418 877 4488 ἀκοῇ
911 4418 1087 4488 ήμῶν,
1125 4418 1219 4472 καὶ
1245 4421 1273 4471 ὁ
1303 4418 1541 4489 βραχίων
1564 4418 1771 4488 Κυρίου
1796 4417 1899 4470 τινι

2006 4415 2389 4468 annuntiatum
2432 4415 2501 4471 de
2532 4417 2633 4481 eis,
2669 4418 2966 4482 videbunt;
3002 4429 3057 4473 et
3098 4418 3195 4488 qui
3244 4433 3349 4473 non
3377 4417 3570 4472 audie~

320 4512 712 4582 ἀπεκαλύφθῃ
748 4532 766 4562 ι
816 4511 929 4564 Kal
971 4510 1146 4563 ταῦτα
1190 4509 1393 4577 λέγων,
1459 4508 1628 4579 ἔφην,
1664 4503 1708 4560 ὢ
1754 4506 1899 4579 Τρύ-

322 4619 453 4669 ᾳων,
490 4602 568 4665 ὡς
601 4603 860 4672 ἐγχωρεῖ,
882 4600 968 4653 διὰ
1000 4603 1127 4664 τοὺς
1159 4602 1394 4672 σήμερον
1421 4600 1516 4653 σὺν
1549 4602 1633 4651 σοὶ
1666 4598 1900 4669 ἀτριγμέξ

441 4804 486 4833 ⁸³
523 4802 671 4855 Psai.
698 4818 809 4865 ως,
836 4802 887 4855 4.

327 4890 419 4935 ιιι,
460 4876 542 4945 15;
566 4892 681 4941 Lm,
721 4878 769 4929 1.

974 4803 1020 4835 ³ο
1060 4802 1161 4856 isa.
1214 4818 1328 4867 Lill,
1366 4801 1419 4856 8.

395 5077 467 5143 (7)
530 5076 799 5139 Εὶόότες.
858 5072 991 5126 Cum
1051 5088 1209 5143 supra
1253 5074 1461 5129 diceret
1508 5074 1753 5129 Justinus
1813 5074 1895 5127 ἂτι

328 5147 539 5216 πρῶτον
578 5145 701 5214 μέν,
738 5145 1089 5216 promittebat
1111 5160 1170 5216 se
1203 5143 1749 5216 pluribusrntionum
1781 5161 1892 5199 mo-

331 5213 520 5268 mentis
548 5213 914 5283 probaturum
965 5214 1251 5268 absurdam
1295 5229 1417 5267 esse
1444 5213 1762 5283 _Judteorum
1813 5216 1894 5268 in-

331 5281 797 5349 terpretationem.
835 5283 1014 5347 Quare
1055 5285 1099 5337 si
1140 5283 1383 5353 legamus
1415 5281 1537 5337 εἶτα
1578 5285 1636 5339 δὲ
1678 5286 1759 5337 ὅτι
1795 5299 1894 5353 pro

327 5354 520 5417 εἱόἁτες
572 5356 698 5417 ὅτι,
750 5352 1068 5424 habebimus
1111 5352 1338 5407 alterum
1387 5352 1809 5424 argumentum,
1840 5364 1895 5407 et

331 5436 447 5486 apta
490 5436 547 5478 et
605 5440 746 5477 nexa
790 5422 981 5494 eritS.
1026 5424 1283 5494 martyris
1324 5422 1534 5492 gratio,
1566 5440 1726 5494 quam
1764 5425 1892 5478 illud

330 5498 571 5557 verbum,
610 5494 834 5556 εἰδότες,
862 5492 1079 5561 penitus
1110 5493 1472 5547 deformabat.
1582 5492 1601 5494 ’ί
1852 5548 1855 5551 .

398 5564 467 5631 (8)
520 5565 655 5617 Ἀπὸ
698 5562 819 5615 τῶν
843 5560 1071 5630 φυλῶν.
1107 5562 1199 5617 Sic
1237 5565 1602 5629 restituimus,
1642 5571 1894 5620 monente

335 5631 635 5701 Sylbnrgio.
675 5634 933 5686 Maranus
975 5632 1223 5686 ediderat
1270 5634 1509 5701 φαυλῶν,
1563 5635 1891 5689 correctioni

333 5714 502 5759 tainen
530 5704 913 5773 Sylburgianm
943 5704 1265 5773 assentiens.
1307 5705 1403 5757 En.
1435 5706 1669 5760 ΡΑτιιοι..

392 5773 468 5845 (9)
517 5772 695 5831 Ἀλλὰ
755 5772 1082 5842 ἀληθινοὺς
1133 5774 1229 5827 καὶ
1291 5778 1744 5847 πνευματικούς.
1806 5775 1888 5830 Cl.

1514 4802 1556 4831 ⁹¹
1601 4816 1762 4869 supra
1809 4818 1860 4854 n.
1911 4800 2001 4854 97.

2006 4515 2167 4572 runt,
2217 4507 2537 4577 intelligent.
2591 4508 2845 4572 Domine,
2896 4509 3020 4577 quis
3075 4508 3306 4563 credidit
3363 4507 3572 4561 auditui

2007 4609 2195 4653 nostro
2239 4609 2292 4652 et
2321 4599 2601 4656 brachium
2638 4601 2850 4655 Domini
2879 4602 2965 4655 cui
2997 4599 3293 4654 revelatum
3320 4610 3405 4654 est
3430 4598 3515 4654 “'t
3547 4618 3566 4650 ι

2092 4804 2137 4833 ⁹³
2180 4800 2218 4855 11
2243 4802 2372 4871 Reg,
2402 4818 2499 4865 vn,
2538 4801 2736 4868 14,15.
2812 4802 2858 4833 ⁸³
2896 4816 3017 4870 Cap.
3058 4816 3206 4865 κων,
3234 4800 3286 4857 5.
3364 4800 3410 4831 ”
3450 4799 3549 4861 [Si],

1996 5074 2275 5130 Thirlbius
2298 5075 2581 5147 legendum
2606 5075 2782 5143 primo
2804 5070 3129 5147 conjiciebat
3145 5108 3163 5134 ,
3187 5069 3450 5147 ἀληθινὰς
3473 5070 3569 5147 καὶ

1999 5142 2412 5216 πνευματικὰς,
2469 5148 2564 5200 sed
2612 5142 2801 5216 postea
2842 5143 2973 5195 nihil
3019 5142 3337 5216 ntutantluin
3388 5142 3564 5216 duxit.

2002 5212 2123 5269 Visa
2141 5210 2235 5270 "est
2265 5210 2405 5270 mihi
2423 5210 2793 5282 interpunctio
2812 5212 3137 5277 necessaria,
3161 5210 3564 5282 nibiiamplius.

2070 5286 2179 5358 (10)
2224 5288 2368 5358 Περὶ
2415 5279 2656 5358 αὐτῶν.⁸
2685 5282 2932 5337 Justinus
2977 5296 3137 5358 supra
3191 5279 3564 5358 περὶ-αὐτοῦ,

1999 5350 2189 5425 sicque
2236 5350 2457 5424 legitur,
2504 5367 2563 5408 ut
2607 5355 2863 5425 observat
2893 5353 3162 5425 _eruditus
3201 5350 3568 5425 Londinensis

1998 5420 2196 5489 editor,
2232 5420 2501 5480 in'Biinis
2531 5434 2586 5477 et
2627 5423 2764 5491 apud
2802 5420 3097 5491 scriptores
3133 5421 3561 5491 ecclesiasticos.

1997 5526 2068 5535 —
2091 5488 2307 5550 Αὐτοῦ.
2342 5496 2511 5564 Vulgo
2534 5488 2675 5564 male
2703 5490 2897 5544 αὐτῶν.
2934 5492 3004 5543 At
3030 5492 3262 5564 requirit
3301 5488 3433 5564 illud
3466 5489 3564 5543 aue

1996 5566 2091 5619 τοῦ
2124 5567 2294 5636 (scil.
2329 5561 2601 5636 Χριστοῦ)
2654 5577 2824 5636 nexus
2872 5563 3303 5636 sententiarum;
3341 5561 3565 5626 insuper

1998 5631 2247 5689 iirntatur
2289 5652 2337 5690 c.
2380 5631 2443 5687 15
2483 5645 2539 5686 et
2572 5633 2724 5699 Apol.
2761 5646 2811 5693 ι,
2848 5646 2898 5685 c.
2929 5631 3016 5683 50.
3055 5631 3335 5684 Facillime
3380 5637 3563 5685 autent

1996 5724 2072 5757 ων
2118 5718 2171 5760 et
2226 5723 2285 5757 ου
2334 5704 2762 5759 confunduntur.
2815 5701 2870 5756 In
2916 5712 3120 5761 textum
3168 5704 3335 5774 igitur
3381 5701 3561 5775 recepi

1995 5777 2452 5833 emendationem.
2489 5774 2663 5837 Orro.
