3954 6258
404 395 512 458 785

1329 405 1387 462 S.
1424 402 1690 462 JUSTlNl
1717 406 2125 463 PHILOSOPHI
2166 410 2252 464 ET
2294 406 2651 462 MARTYRIS

3556 415 3652 472 736

408 523 612 578 habent
647 539 659 575 :
705 538 723 572 ι
766 520 835 575 Ει
871 520 985 592 ipse
1024 522 1130 577 erit
1163 526 1504 592 exspectatio
1530 526 1770 595 gentium
1810 529 1883 596 ι),
1912 520 1979 580 de'

2090 526 2295 599 εἴρηται
2331 525 2494 597 (οὕτω
2525 525 2633 598 γὰρ
2664 525 2866 596 ἔχουσι’
2929 545 2947 577 ι
2986 528 3095 581 Καὶ
3128 526 3287 591 αὐτὸς
3318 527 3465 580 ἔσται
3493 546 3658 600 προσ-

403 614 600 669 vocula
629 615 680 667 in
702 615 1105 669 contentionem
1138 617 1416 670 vobiscum
1439 633 1543 672 non
1572 619 1760 685 venio;
1792 634 1981 687 quem-

405 709 697 763 admodum
732 722 831 762 nec
871 723 935 763 ex
981 707 1304 777 Scripturis,
1345 723 1482 778 quas
1512 728 1616 765 non
1663 710 1978 780 agnoscitis,

406 801 460 853 id
507 809 591 856 est
620 817 686 855 ex
725 800 969 856 recitatis
1003 818 1033 856 a
1065 818 1151 856 me
1182 802 1431 859 Jcremize
1464 804 1761 873 prephetie,
1797 802 1981 857 Esdrte

404 902 459 947 et
481 892 704 947 Davidis
742 893 925 949 verbis
956 894 1480 949 demonstrationem
1513 895 1581 949 de
1607 893 1829 949 Christo
1854 908 1980 960 per—

407 982 576 1037 ﬁcere
604 984 809 1047 studui,
840 987 934 1040 sed
966 1001 1033 1040 ex
1064 985 1130 1039 iis
1175 1000 1293 1053 quae
1323 986 1587 1040 hactenus
1616 996 1747 1039 rata:
1771 1002 1798 1038 a
1828 985 1980 1039 vobis

404 1075 701 1129 habentur.
737 1076 884 1144 Quas
923 1078 1141 1145 quidem
1189 1079 1233 1133 si
1281 1077 1685 1132 intellexissent
1728 1078 1982 1133 doctores

403 1167 594 1231 vestri,
621 1168 798 1236 probe
842 1170 1032 1224 sciatis
1067 1170 1341 1225 deleturos
1385 1168 1588 1235 fuisse;
1624 1170 1981 1238 quemadmo-

404 1256 532 1310 dum
587 1266 642 1312 et
690 1274 785 1314 eas
822 1259 1160 1325 deleverunt,
1209 1277 1329 1330 qua:
1380 1272 1608 1316 mortem
1658 1262 1809 1317 Isaiae
1854 1278 1979 1331 spe-

403 1355 580 1413 ctant,
606 1362 766 1416 quem
808 1362 957 1403 serra
999 1349 1178 1418 lignea
1219 1351 1579 1406 dissecuistis.
1613 1350 1814 1406 Christi
1861 1368 1980 1423 my-

404 1437 631 1490 sterium
662 1438 712 1492 id
746 1453 982 1508 quoque,
1021 1444 1113 1507 qui
1148 1454 1319 1508 genus
1346 1449 1588 1496 vestrum
1623 1440 1875 1496 bifariam
1900 1444 1983 1497 di-

400 1527 617 1582 visurus
639 1537 745 1592 est,
777 1538 831 1582 et
857 1529 991 1583 alios
1008 1530 1228 1598 quidem
1255 1546 1355 1600 pro
1386 1532 1596 1585 meritis
1628 1547 1793 1601 regno
1819 1544 1984 1589 aeter-

404 1632 476 1672 no
505 1632 626 1671 cum
659 1619 869 1673 sanctis
897 1620 1223 1688 patriarchis
1266 1634 1321 1676 et
1347 1622 1634 1692 pr0phetis
1660 1624 1982 1693 dignaturus

402 1719 525 1774 est;
554 1709 691 1765 alios
719 1726 847 1766 vero
879 1711 933 1765 in
958 1712 1099 1782 ignis
1135 1713 1448 1769 inexstincti
1474 1714 1980 1770 condemnationem

401 1816 527 1856 cum
576 1803 845 1858 similibus
881 1818 946 1857 ex
981 1805 1127 1859 omni
1175 1814 1335 1876 gente
1380 1806 1675 1862 incredulis
1703 1816 1758 1863 et
1794 1807 1983 1861 immu-

2080 618 2235 671 δοκία
2264 617 2431 672 ἐθνῶν
2474 617 2517 689 i)
2546 618 2605 670 οὐ
2641 620 2768 690 περὶ
2794 618 2889 671 τοῦ
2919 619 3173 685 λεξειδίου
3199 620 3497 690 συζητῆσαι
3536 600 3659 693 ὑμῖν

2081 709 2331 781 ἔρχομαι,
2376 712 2545 782 ὅνπερ
2583 711 2785 779 τρόπον
2826 711 2947 764 οὐδὲ
2980 712 3085 765 ἀπὸ
3125 713 3344 784 τῶν-μὴ
3377 714 3662 785 ὁμολογου-

2085 801 2259 871 μένων
2290 803 2377 870 ὑφ’
2427 802 2578 873 ὑμῶν
2629 803 2881 874 Γραφῶν,
2930 797 3005 857 ὧν
3038 806 3132 857 καὶ
3169 806 3517 877 ἀνιστόρησα,
3562 806 3665 858 ἀπὺ

2082 889 2253 959 λόγων
2303 891 2565 963 Ἰερεμίου
2603 891 2698 944 τοῦ
2733 893 3033 964 προφήτου,
3062 893 3157 945 καὶ
3189 893 3412 963 Ἔσδρα,
3440 893 3531 946 καὶ
3563 894 3663 944 Δα-

2084 977 2190 1042 ϐὶδ,
2221 978 2321 1049 τὴν
2353 978 2625 1043 ἀπόδειξιν
2653 980 2752 1052 τὴν
2783 982 2914 1052 περὶ
2946 982 3039 1033 τοῦ
3070 983 3306 1053 Χριστοῦ
3341 982 3664 1053 ποιήσασθαι

2081 1069 2409 1134 ἐσπούδασα,
2441 1071 2556 1124 ἀλλ’
2585 1071 2693 1124 ἀπὸ
2732 1071 2840 1124 τῶν
2888 1072 3333 1144 ὁμολογουμένων
3376 1074 3537 1145 μέχρι
3573 1072 3664 1127 νῦν

2084 1163 2172 1231 ὑφ’
2214 1163 2366 1233 ὑμῶν
2386 1181 2401 1193 ο
2435 1163 2471 1217 ἃ
2503 1164 2552 1217 εἰ
2581 1166 2957 1235 ἐνενοήκεισαν
2989 1168 3036 1217 οἱ
3063 1165 3371 1218 διδάσκαλοι
3402 1165 3577 1236 ὑμῶν,
3608 1161 3663 1220 εὖ

2086 1252 2199 1306 ἴστε
2240 1255 2321 1307 ὅτι
2349 1255 2531 1325 ἀφανῆ
2572 1258 2998 1328 ἐπεποιήκεισαν
3027 1258 3161 1327 (14),
3200 1257 3277 1321 ὡς
3316 1259 3410 1310 καὶ
3442 1258 3509 1311 τὰ
3542 1260 3667 1331 περὶ

2082 1346 2171 1399 τὸν
2212 1346 2437 1401 θάνατον
2482 1350 2722 1413 Ἡσαΐου,
2753 1350 2811 1402 ὃν
2842 1351 3021 1421 πρίονι
3047 1350 3242 1421 ξυλίνῳ
3256 1351 3538 1422 ἐπρίσατε,
3572 1370 3668 1422 μυ-

2086 1440 2304 1511 στήριον
2344 1442 2436 1493 καὶ
2470 1442 2600 1494 αὐτὸ
2629 1441 2723 1495 τοῦ
2756 1443 2993 1514 Χριστοῦ
3026 1442 3118 1495 τοῦ
3166 1444 3386 1514 τέμνειν
3425 1444 3580 1516 ὑμῶν
3608 1445 3667 1498 τὸ

2084 1532 2239 1601 γένος
2264 1533 2386 1604 διχῆ
2423 1535 2725 1605 μέλλοντος,
2770 1537 3021 1599 καὶτοὺς
3053 1538 3149 1608 μὲν
3194 1536 3377 1603 ἀξίους
3424 1537 3522 1590 σὺν
3563 1540 3668 1601 τοῖς

2084 1625 2259 1693 ἁγίοις
2292 1627 2659 1699 πατριάρχαις
2682 1628 2776 1681 καὶ
2798 1630 3104 1700 προφήταις
3135 1629 3231 1701 τῆς
3263 1631 3486 1683 αἰωνίου
3522 1631 3670 1701 βασι·

2084 1715 2234 1781 λείας
2252 1719 2540 1786 καταξιοῦν
2571 1721 2853 1792 μέλλοντος
2868 1739 2881 1754 ·
2909 1724 3036 1785 τοὺς
3060 1723 3115 1775 δέ
3135 1723 3227 1775 ἐπὶ
3250 1724 3349 1794 τὴν
3372 1724 3671 1795 καταδίκην

2084 1808 2178 1861 τοῦ
2224 1811 2488 1865 ἀσϐέστου
2533 1814 2705 1885 πυρὸς
2752 1815 2848 1868 σὺν
2894 1817 3006 1877 τοῖς
3044 1814 3250 1884 ὁμοίοις
3295 1814 3547 1868 άπειθέσι
3582 1816 3672 1867 καὶ

404 1896 506 1948 tari
553 1897 861 1952 nolentibus
912 1897 1282 1953 immisSurum
1334 1914 1391 1953 se
1427 1897 1540 1966 jam
1580 1899 1977 1967 pronuntiavit.

2090 1904 2438 1975 ἀμεταθέτοις
2485 1906 2593 1959 ἀπὸ
2616 1869 2859 1961 ⁸πάντων
2907 1869 3016 1960 τῶν
3061 1869 3246 1960 ἐθνῶν,
3281 1908 3523 1977 πέμψειν
3574 1907 3670 1977 ἤδη

406 2006 429 2040 ι
474 1986 709 2044 Venieiit
760 1990 929 2054 enim,
967 1990 1164 2058 inquit,
1207 1990 1276 2044 ab
1322 1991 1537 2045 oriente
1572 1998 1630 2044 et
1677 1990 1979 2056 occidente,

401 2090 454 2136 et
488 2083 808 2137 recumbent
839 2097 964 2136 cum
987 2083 1286 2147 Abraham,
1330 2082 1483 2136 Isaac
1518 2093 1572 2136 et
1600 2081 1770 2139 Jacob
1808 2083 1861 2137 in
1896 2099 1985 2139 re-

402 2187 510 2241 gno
540 2172 848 2228 cmlorum:
885 2171 981 2226 ﬁlii
1021 2182 1203 2226 autem
1235 2173 1390 2243 regni
1420 2172 1709 2241 ejicicntur
1746 2175 1798 2228 in
1835 2184 1984 2229 tene-

402 2264 530 2319 bras
552 2265 858 2319 exteriores
896 2267 941 2320 ⁵.
995 2286 1013 2317 i
1050 2266 1227 2334 Atque
1274 2266 1389 2321 haec
1419 2267 1636 2335 quidem
1662 2267 1798 2331 dixi,
1853 2271 1981 2337 quia

401 2356 477 2409 ita
516 2372 635 2411 sum
678 2356 905 2413 affectus
943 2359 1145 2425 animo,
1192 2369 1250 2413 ut
1282 2360 1419 2413 nihil
1468 2376 1694 2430 prorsus
1722 2362 1979 2427 dixerim,

402 2452 455 2504 in
485 2466 595 2519 quo
626 2452 771 2507 aliud
802 2468 1015 2516 curem,
1038 2468 1200 2521 quam
1238 2463 1295 2507 ut
1332 2470 1521 2509 verum
1564 2455 1764 2522 dicam,
1807 2457 1983 2510 nemi-

2085 2001 2374 2069 φήσαντος.
2430 2017 2451 2050 ι
2503 1998 2729 2064 ’Ἠξουσι
2775 1999 2905 2071 γὰρ,
2955 1996 3126 2064 εἶπεν,
3179 1999 3287 2052 ἀπὸ
3318 1998 3542 2069 δυσμῶν
3584 2000 3673 2051 καὶ

2085 2089 2378 2154 ἀνατολῶν,
2435 2090 2530 2145 καὶ⁹
2574 2090 3028 2162 ἀνακλιθήσονται
3074 2090 3212 2161 μετά
3262 2090 3534 2162 Ἀϐραὰμ,
3584 2091 3676 2144 καὶ

2097 2180 2283 2233 Ἰσαὰκ
2327 2181 2421 2234 καὶ
2464 2180 2658 2234 Ἰακὼϐ
2691 2182 2747 2233 ἐν
2779 2185 2845 2252 τῇ
2888 2181 3135 2254 βασιλείᾳ
3175 2181 3281 2235 τῶν
3314 2181 3596 2253 οὐρανῶν
3626 2183 3674 2233 oi

2083 2274 2140 2328 δέ
2175 2275 2279 2326 υἱοὶ
2314 2274 2415 2343 τῆς
2440 2273 2714 2345 βασιλείας
2748 2274 3170 2346 ἐκϐληθήσονται
3198 2277 3277 2338 εἰς
3306 2274 3368 2326 τὺ
3396 2275 3590 2337 σκότος
3617 2273 3675 2326 τὸ

2084 2365 2367 2438 ἐξώτερον.
2415 2388 2433 2418 i
2469 2368 2580 2421 Καὶ
2605 2367 2777 2421 ταῦτα
2805 2363 2956 2421 εἷπον
2998 2368 3132 2439 (15),
3167 2368 3248 2420 ὅτι
3282 2367 3434 2420 οὐδὲν
3466 2366 3676 2430 οὐδενὸς

2085 2459 2432 2531 φροντίζωνῆ
2468 2461 2564 2514 τοῦ
2635 2461 2865 2533 τάληθὲς
2938 2460 3140 2529 λέγειν,
3192 2460 3431 2531 λέγοιμι,
3490 2460 3677 2513 οὐδένα

400 2558 526 2598 nem
555 2547 914 2611 reveriturus,
945 2549 1159 2602 etiamsi
1191 2563 1222 2603 e
1252 2549 1480 2618 vestigio
1508 2549 1738 2618 discerpi
1774 2565 1802 2603 a
1830 2551 1982 2604 vobis

2090 2551 2501 2622 δυσωπήσεσθαι
2530 2552 2761 2623 μέλλων,
2796 2551 2898 2605 κᾶν
2927 2551 3020 2624 δέῃ
3053 2552 3369 2623 παραυτίκα
3404 2554 3501 2621 ὑφ’
3527 2552 3677 2621 ὑμῶν

401 2644 673 2704 oporteat.
708 2636 956 2708 Namque
979 2654 1045 2693 ex
1080 2654 1198 2694 meo
1237 2655 1456 2710 genere,
1494 2640 1544 2694 id
1573 2650 1657 2695 est
1683 2656 1747 2694 ex
1791 2640 1983 2696 Sama-

2090 2643 2427 2716 μελισθῆναι.
2459 2644 2593 2697 Οὐδὲ
2611 2642 2721 2715 γὰρ
2751 2645 2859 2696 ἀπὸ
2883 2642 2977 2695 τοῦ
3000 2644 3189 2712 γένους
3215 2642 3309 2696 τοῦ
3344 2645 3509 2714 ἐμοῦ,
3540 2644 3678 2712 λέγω

404 2726 624 2791 ritanis,
647 2728 811 2800 214
839 2729 1109 2784 neminem
1140 2745 1365 2794 curans,
1389 2746 1511 2784 cum
1534 2730 1805 2786 Caesarem
1833 2732 1985 2787 obla-

2090 2735 2139 2789 δέ
2171 2736 2282 2789 τῶν
2312 2738 2612 2809 Σαμαρέων
2664 2736 2796 2810 (16),
2835 2737 2978 2800 τινὸς
3020 2737 3277 2808 φροντίδα
3329 2738 3675 2808 ποιούμενος,

405 2827 460 2871 to
505 2819 572 2872 ad
615 2829 739 2875 acta
786 2823 1444 2894 scripto.conipellarein,
1494 2824 1606 2878 dixi
1647 2840 1742 2879 eos
1794 2840 1985 2880 errore

2090 2832 2379 2902 ἐγγράφως
2426 2831 2532 2903 (17)
2582 2831 2822 2903 Καίσαρι
2865 2831 3231 2903 προσομιλῶν,
3272 2826 3429 2883 εἷπον
3472 2831 3677 2885 πλανᾶ-

406 2910 610 2979 decipi,
652 2920 709 2965 ut
736 2914 826 2981 qni
863 2913 1071 2971 Simoni
1097 2916 1275 2987 gentis
1299 2932 1412 2971 suae
1446 2932 1602 2986 mago
1630 2916 1791 2971 [idem
1818 2918 1983 2972 habe-

402 3012 549 3068 rent,
601 3019 761 3073 quem
821 3006 990 3060 Deum
1046 3022 1210 3077 supra
1266 3024 1485 3063 omnem
1535 3009 1898 3078 principatum
1928 3021 1984 3065 et

403 3104 727 3163 potestatem
774 3107 830 3152 et
860 3100 1113 3154 virtutem
1155 3115 1278 3155 esse
1312 3102 1518 3155 dicunt.

472 3185 599 3240 121.
624 3187 710 3241 Ex
725 3204 785 3242 eo
818 3191 956 3259 quod
977 3201 1155 3260 gentes
1188 3192 1243 3245 in
1259 3190 1440 3245 Iesum
1455 3195 1697 3258 credunt,
1731 3211 1846 3248 eum
1873 3210 1983 3249 esse
2010 3217 2052 3273 ο

402 3277 673 3334 Christum
702 3290 872 3349 patet.
898 3313 970 3323 —
995 3281 1239 3354 Cumque
1266 3284 1343 3339 illi
1373 3287 1833 3354 conticescerent,
1867 3289 1982 3343 haec

478 3432 498 3469 ⁸
532 3436 723 3517 Matth.
763 3454 882 3503 viii,
914 3439 1001 3495 11.

479 3612 591 3686 (14)
634 3614 861 3687 Ἀφανῆ
890 3612 1376 3686 ἐπεποιήκεισαν.
1414 3619 1615 3675 Eadem
1652 3620 1848 3675 docent
1874 3617 1985 3675 Ire-

403 3703 561 3743 na‘us
594 3688 688 3741 lib.
720 3706 804 3751 ιιι,
838 3706 959 3757 cap.
995 3692 1086 3759 21;
1130 3690 1396 3746 Eusebius
1436 3690 1531 3745 lib.
1570 3706 1622 3744 vi
1681 3688 1985 3744 Demonstr.

401 3775 587 3832 evang.
617 3770 739 3832 pag.
764 3759 902 3832 257;
933 3759 1119 3832 Jovius
1153 3764 1293 3832 apud
1319 3762 1595 3815 Photium.

475 3829 726 3897 (15"Kal
753 3830 942 3884 ταῦτα
968 3829 1159 3889 εἷπον.
1188 3829 1280 3887 Sic
1307 3832 1655 3885 emendatum
1688 3840 1771 3886 est
1796 3831 1848 3885 in
1876 3832 1991 3885 edi-

403 3900 643 3972 tionibus
679 3899 1117 3972 Graeco-Latinis
1139 3919 1264 3972 _pro
1294 3916 1360 3956 eo
1402 3905 1547 3972 quod
1594 3904 1733 3971 apud
1768 3901 1835 3956 [ἰ.
1867 3902 1992 3957 Ste-

400 3969 639 4038 phanum
670 3979 753 4023 est
781 3970 872 4024 καὶ
901 3971 1072 4026 ταῦτα
1110 3969 1283 4028 εἶπεν.

476 4040 590 4105 (16)
630 4038 753 4093 Τῶν
784 4042 1121 4110 Σαμαρέων.
1159 4046 1357 4099 Eadem
1394 4041 1654 4096 habemus
1688 4043 1753 4095 de
1795 4041 1989 4096 Sama-

402 4111 600 4183 ritanis
638 4110 738 4183 sub
790 4113 960 4183 tinem!
997 4113 1270 4183 Apologia:
1304 4129 1387 4178 ii;
1424 4114 1490 4167 de
1538 4111 1761 4167 Simone
1799 4118 1981 4167 aut’ein

401 4180 529 4235 vide
558 4180 711 4241 Apol.
742 4198 779 4244 i,
812 4198 864 4234 ιι.
898 4181 985 4236 56.

475 4249 587 4319 (17)
641 4246 992 4320 Ὲγπράςοως.
1021 4248 1137 4309 Non
1171 4254 1450 4323 quodlibet
1482 4254 1743 4323 scriptum
1774 4253 1988 4307 videtur

403 4321 508 4393 hac
536 4335 677 4393 voce
706 4323 1026 4391 signiﬁcari.
1062 4327 1153 4379 sed
1180 4321 1443 4393 scriptum
1470 4326 1537 4377 ad
1567 4321 1685 4378 acta
1716 4324 1983 4377 oblatum.

403 4390 523 4443 Dux
552 4390 796 4456 quidam,
832 4400 970 4447 teste
1000 4395 1233 4450 Eusebio
1256 4390 1349 4449 lib.
1373 4410 1428 4449 Ix
1457 4394 1598 4448 Hist.
1625 4393 1835 4455 πείθει,
1858 4409 1908 4447 c.
1929 4393 1983 4456 5,

400 4462 457 4532 in
517 4461 652 4515 urbe
695 4461 986 4517 Phoenices
1035 4468 1323 4527 Damasco,
1372 4480 1494 4518 cum
1541 4466 1783 4532 impuras
1822 4479 1986 4531 quas-

2086 2925 2209 2978 σθαι
2241 2927 2440 2989 αὐτοὺς
2476 2924 2837 2995 πειθομένους
2867 2922 2944 2993 τῷ
2975 2923 3034 2975 ἐν
3064 2921 3142 2992 τῷ
3176 2922 3322 2991 γένει
3356 2923 3544 2977 αὐτῶν
3578 2925 3679 2995 μά-

2084 3036 2166 3089 γῳ
2195 3020 2420 3089 Σίμωνι,
2442 3017 2501 3071 ὃν
2527 3016 2660 3070 Θεὸν
2684 3017 2831 3085 ὑπὲρ
2852 3016 2964 3069 ἄνω
2996 3015 3177 3087 πάσης
3207 3016 3380 3087 ἀρχῆς
3408 3018 3507 3070 καὶ
3535 3015 3680 3082 ἐξου-

2087 3111 2209 3172 σίας
2240 3109 2335 3161 ml.
2366 3108 2647 3179 δυνάμεως
2671 3102 2811 3160 εἶναι
2834 3106 3075 3174 λέγουσι.

2161 3200 2284 3254 121.
2334 3201 2441 3252 Καὶ
2486 3198 2716 3269 ἡσυχίαν
2761 3196 3001 3265 ἀγόντων
3043 3196 3243 3259 αὐτῶν,
3284 3196 3487 3267 ἔφερον
3535 3195 3675 3266 (18)·

2090 3289 2189 3343 Διά
2241 3288 2404 3342 Δαϐὶδ
2437 3289 2565 3359 περὶ
2611 3286 2801 3340 τούτου
2835 3285 3009 3354 λέγων
3054 3285 3165 3357 (19)
3205 3285 3321 3339 τοῦ-
3344 3287 3608 3356 Χριστοῦ,
3637 3280 3681 3340 ὧ

2089 3638 2159 3678 ιιο
2188 3621 2408 3687 dicavit.
2442 3634 2497 3679 et
2522 3624 2590 3677 ab
2627 3623 3053 3691 imperatoribus
3101 3623 3337 3693 postulat
3387 3638 3449 3677 η.
3478 3622 3573 3689 56,
3624 3630 3689 3676 ut

2089 3702 2341 3764 senatum
2359 3694 2681 3762 etpopulum
2707 3695 3009 3749 Romanum
3029 3695 3369 3764 adjudicium
3394 3694 3483 3749 his
3508 3696 3574 3748 de
3594 3708 3681 3764 re-

2090 3763 2195 3816 bus
2241 3760 2526 3817 ferendum
2572 3767 2857 3819 advocent.
2910 3764 3059 3818 Verti
3106 3760 3269 3818 etiam
3311 3774 3520 3832 posset,
3571 3760 3682 3817 Ciz-

2091 3848 2266 3904 sarem
2294 3834 2492 3900 scripto
2518 3836 2655 3889 actis
2695 3837 3005 3904 consignato
3034 3835 3363 3902 compellavi.
3413 3834 3523 3888 Sed
3558 3834 3682 3904 quia

2092 3900 2339 3974 Justinus
2367 3904 2472 3960 hoc
2500 3905 2619 3959 loco
2650 3907 2821 3974 magis
2844 3900 3066 3959 videtur
3092 3900 3534 3959 commemorare
3556 3900 3683 3974 quid

2096 3973 2338 4044 petierit,
2377 3988 2539 4041 quain
2574 3977 2703 4044 quid
2746 3973 3151 4043 impetraverit,
3202 3978 3435 4029 reddere
3490 3973 3677 4037 malui,

2094 4041 2271 4095 oblato
2310 4045 2381 4095 ad
2419 4053 2538 4097 acta
2565 4041 2781 4111 scripto,
2816 4041 2867 4099 id
2900 4054 3004 4109 est,
3038 4046 3180 4113 quod
3218 4046 3346 4113 petii
3377 4054 3438 4097 ut
3472 4045 3525 4098 in
3560 4056 3680 4097 acta

2095 4113 2453 4189 reciperetur.
2508 4144 2579 4155 -
2638 4115 3000 4189 ’Errpdgpwq.
3051 4113 3323 4189 Maraiius
3356 4115 3498 4189 vult_
3533 4114 3681 4189 reddi

2097 4201 2116 4232 ι
2164 4182 2349 4255 oblato
2376 4186 2442 4237 ad
2474 4195 2596 4239 acta
2647 4182 2877 4255 scripto,
2915 4205 2933 4236 ι
2987 4187 3043 4255 h_.
3088 4200 3140 4239 e.
3182 4186 3325 4253 quod
3367 4185 3501 4253 petii
3538 4197 3597 4238 ut
3626 4184 3677 4235 iii

2095 4263 2217 4306 acta
2236 4254 2582 4325 reciperetur
2608 4285 2678 4294 —
2708 4252 2789 4310 vel
2819 4259 2896 4325 (in
2930 4252 3213 4325 Addend.)i
3240 4273 3258 4305 ι
3302 4252 3511 4325 scripto
3543 4256 3680 4325 actis

2094 4323 2443 4394 consignato,
2482 4343 2519 4375 ι-
2543 4336 2600 4378 ιιι
2629 4327 2757 4394 quid
2787 4323 3159 4394 impetraverit
3179 4323 3346 4379 dicat.
3372 4324 3520 4378 Loca
3555 4340 3585 4377 a
3614 4323 3677 4378 Υ.

2096 4392 2159 4445 Ι).
2192 4391 2357 4445 allata
2391 4410 2497 4448 non
2525 4391 2754 4450 mulium
2792 4391 2996 4450 vaient.
3044 4394 3294 4449 Justinus
3331 4397 3447 4447 vult
3491 4395 3678 4463 expri-

2098 4478 2246 4534 niere
2294 4478 2355 4517 se
2390 4480 2496 4518 non
2529 4482 2617 4519 ore
2648 4469 2742 4519 sed
2778 4470 2972 4534 scripto
2998 4465 3267 4520 Caesarem
3296 4466 3677 4532 conipellasse.

403 4530 837 4623 daininiulieres
876 4548 905 4585 e
938 4534 1053 4623 foro
1078 4530 1861 4623 rapuisset,_miseras‘co.cgii
1902 4532 1989 4585 λέ-
2024 4531 2344 4623 ῡνιίοενίεἰι
2372 4548 2555 4623 διιιοιοιιι
2608 4530 2928 4623 alterutram
2965 4535 3275 4623 Apigogiam
3306 4551 3325 4588 :
3372 4530 3589 4623 scilicet
3626 4536 3677 4623 in

402 4616 521 4667 γειν
546 4602 841 4673 ἐγγράφως
880 4618 936 4658 se
961 4602 1306 4660 Christianas
1340 4606 1507 4659 fuisse
1539 4614 1591 4655 et
1634 4602 1988 4673 ﬂagitiorum,

400 4686 524 4739 qua:
558 4687 586 4723 a
617 4672 942 4743 Christianis
975 4686 1323 4743 gererentur,
1355 4674 1630 4731 conscias.
1657 4674 1859 4726 Probat
1887 4672 1995 4725 Va-

400 4743 572 4817 lesius
608 4743 739 4817 illud
767 4742 944 4812 λέγειν
963 4742 1257 4817 ἐγγράφως
1283 4745 1614 4817 reddendum
1635 4758 1755 4798 esse
1785 4761 1799 4796 :
1838 4761 1859 4817 ι
1888 4743 1994 4817 Pu-_

318 4827 320 4830 '
402 4811 549 4865 blice
576 4813 741 4866 editis
775 4811 916 4882 apud
966 4811 1087 4869 acia
1142 4811 1474 4869 testimoniis
1516 4816 1717 4868 dicere.
1772 4833 1791 4865 ι
1837 4815 1993 4881 Apud

402 4884 654 4954 eumdem
685 4882 984 4939 Eusebium
1020 4887 1113 4939 lib.
1147 4902 1244 4951 vn,
1281 4901 1331 4941 c.
1360 4886 1451 4947 11,
1480 4898 1601 4954 pag.
1632 4884 1763 4945 258,
1786 4898 1847 4937 ea
1873 4898 1994 4951 quae

401 4951 740 5025 :Eniilianus
763 4958 1050 5023 priel’ectus
1082 4958 1141 5011 S.
1173 4957 1429 5025 DionySio
1446 4951 1671 5023 ejusque
1715 4955 1881 5008 sociis
1930 4955 1993 5006 ἁ-

401 5022 631 5095 γράφως
661 5022 899 5090 dixerat,
950 5022 1400 5095 opponuntur—iis
1459 5022 1593 5095 quat
1627 5036 1755 5078 tunc
1788 5026 1838 5077 iii
1872 5034 1992 5077 acta

406 5096 806 5166 referebantur.
843 5100 1000 5165 Apud
1038 5098 1288 5151 Pliotium
1319 5097 1441 5150 cod.
1474 5096 1565 5158 52,
1592 5098 1813 5166 quinam
1847 5095 1989 5147 Mes-

401 5163 594 5238 saliani
631 5163 927 5238 ἐγγράφως
961 5169 1194 5238 couvjcti
1233 5168 1401 5238 fuisse
1431 5163 1711 5238 dicunt—ur,
1746 5168 1889 5231 quod
1924 5167 1991 5218 ad

400 5235 670 5288 vomitum
726 5235 1035 5291 rediissem.
1089 5236 1147 5290 S.
1182 5237 1417 5291 Basilius
1458 5237 1528 5291 de
1559 5238 1808 5305 baptismi
1858 5251 1990 5304 pro-

404 5305 588 5359 missis
620 5307 697 5377 ait
727 5306 821 5360 lib.
856 5324 872 5361 ι
902 5307 979 5360 De
1009 5309 1285 5373 baptismo.
1312 5323 1433 5376 cap.
1464 5311 1497 5362 5
1522 5323 1537 5361 :
1571 5308 1779 5375 ’Ὠσπερ
1799 5306 1992 5377 ἐγγρα-

404 5390 502 5444 φον
527 5375 819 5446 ὁμολογίαν
850 5377 1205 5447 συνεθέμεθα,
1232 5375 1621 5447 quodquidem
1649 5378 1864 5430 videtur
1888 5375 1992 5447 ex-

406 5449 599 5519 plicari
653 5461 813 5515 posse
862 5464 928 5503 ex
983 5446 1068 5503 his
1105 5446 1287 5519 Optati
1336 5446 1515 5504 verbis
1562 5450 1655 5502 lib.
1696 5463 1756 5513 ιι,
1801 5463 1853 5515 p.
1885 5446 1985 5500 ’διε

412 5534 428 5565 ι
466 5515 629 5589 Fides
680 5520 1019 5573 credentium
1072 5532 1128 5574 et
1155 5515 1466 5587 'prol‘cssio,
1512 5536 1633 5589 quae
1680 5524 1822 5587 apud
1866 5530 1985 5571 acta

406 5588 701 5644 miilicitur
739 5591 1076 5659 angelorum.
1113 5610 1132 5642 ι
1173 5591 1394 5645 Videtur
1421 5588 1551 5657 ergo
1577 5590 1842 5655 Justinus,
1860 5590 1985 5643 dum

410 5676 470 5713 se
498 5659 793 5730 ἐγγράφως
834 5660 1104 5715 Εωδιιιθιιι
1151 5662 1446 5715 allocutum
1500 5677 1619 5715 esse
1654 5661 1807 5723 dicit,
1841 5674 1987 5727 ejus-

415 5731 557 5781 modi
596 5735 859 5801 scriptum
906 5734 1189 5800 designare
1220 5733 1363 5801 quod
1392 5734 1458 5784 ad
1500 5738 1642 5801 acta_
1661 5730 1900 5782 oblatum
1932 5737 1987 5801 et

416 5801 723 5867 depositum
762 5800 951 5855 fuerit.
987 5799 1163 5870 Atque
1195 5799 1252 5855 id
1280 5801 1569 5855 conﬁrmat
1615 5799 1858 5853 Justinus
1889 5800 1983 5868 qui

418 5882 475 5926 et
518 5872 822 5939 Apologinm
851 5888 1004 5925 suam
1041 5872 1249 5927 senatui
1282 5872 1443 5927 etiam
1475 5888 1538 5927 ac
1566 5872 1764 5942 populo
1794 5870 1983 5926 [ionia-

2100 4613 2336 4671 utraque
2387 4605 2662 4676 Simonem
2706 4607 2923 4676 Magum
2969 4604 3024 4676 et
3054 4604 3425 4676 Samaritanos
3473 4607 3679 4676 diserte

2097 4686 2513 4743 commemorat.
2545 4675 2621 4728 lta
2647 4674 2814 4739 enim,
2850 4674 3099 4743 Δροί,.ιι,
3131 4692 3180 4729 c.
3216 4674 3282 4728 15
3307 4690 3323 4727 :
3353 4676 3465 4728 Καὶ
3496 4675 3592 4728 τοῦ
3624 4677 3680 4726 ὲν

2094 4741 2174 4812 τῷ
2198 4743 2317 4813 ἐμῷ
2349 4743 2490 4797 ἔθνει
2525 4746 2755 4809 ἀσεϐοῦς
2785 4748 2876 4799 καὶ
2898 4741 3126 4799 ’πλάνου
3171 4746 3512 4814 Σιμωνιανοῦ
3540 4744 3682 4797 διδά-

2094 4830 2308 4883 γματος
2334 4818 2733 4886 κατεφρόνησα.
2760 4820 2897 4872 Cuin
2928 4833 3058 4871 vero
3086 4827 3313 4885 martyr,
3346 4829 3401 4869 ui
3439 4818 3679 4870 Grabius

2095 4887 2381 4955 (Spicileg.
2430 4887 2539 4939 Sb‘.
2596 4886 2713 4942 PP.
2748 4897 2787 4941 t.
2842 4890 2884 4954 Ι,
2942 4904 2995 4955 p.
3052 4886 3154 4940 158
3204 4890 3314 4955 sq.)
3372 4887 3674 4950 admonuit,

2099 4970 2207 5007 rein
2259 4954 2434 5023 ipsam
2484 4957 2533 5008 in
2572 4959 2723 5023 Apol.
2760 4974 2798 5023 i,
2851 4978 2901 5012 c.
2942 4954 3035 5020 26,
3088 4954 3405 5010 dixerit'liis
3443 4957 3674 5009 verbis:

2094 5025 2204 5098 καὶ
2253 5025 2467 5098 σχεδὸν.
2481 5026 2686 5098 πάντες
2733 5032 2829 5098 μὲν
2875 5030 3168 5097 Σαμαρεῖς,
3203 5026 3370 5094 ὀλίγοι
3404 5025 3460 5078 δὲ
3494 5028 3589 5078 καὶ
3620 5028 3679 5079 ἐν

2092 5097 2206 5168 τοῖς
2226 5096 2416 5168 -ἄλλοις
2444 5095 2672 5159 ἔθνεσιν,
2703 5095 2778 5161 ῶς
2803 5100 2893 5151 τὸν
2928 5095 3143 5168 πρῶτον
3174 5098 3292 5149 θεὸν
3318 5100 3525 5150 ἐκεῖνον
3550 5099 3680 5167 ὁμο-

2092 5162 2397 5239 λογοῦντες,
2431 5168 2639 5220 ἐκεῖνον
2678 5171 2773 5221 καὶ
2804 5162 3165 5239 προσέννοῦσι
3198 5169 3349 5238 (coli.
3381 5184 3430 5223 ο.
3463 5162 3679 5235 διεδ·-

2091 5236 2340 5302 Cumque
2362 5240 2793 5293 circuinsuintiie
2826 5236 2927 5294 loci
2963 5248 3017 5292 et
3046 5236 3311 5307 teiiiptiris
3341 5239 3431 5290 vix
3460 5241 3680 5306 patian-

2094 5308 2490 5380 ttir_dialoguui
2519 5325 2641 5361 cum
2680 5307 2969 5380 Ti'ypliune
3008 5309 3207 5377 Ephesi
3248 5310 3495 5363 habitum
3532 5313 3678 5377 Apo-

2090 5376 2231 5445 IOgi'a
2264 5382 2548 5450 posteriori
2584 5376 2937 5447 posteriorem
2969 5376 3147 5435 facere
3175 5380 3303 5450 (hac
3323 5382 3468 5433 enim
3488 5382 3678 5433 oblata

2091 5462 2196 5500 non
2245 5448 2478 5514 amplius
2529 5449 2695 5501 lioina
2750 5454 2953 5504 abiisse
3011 5466 3112 5504 nec
3158 5448 3249 5503 diu
3308 5452 3678 5518 supervixisse

2091 5518 2254 5584 vulgo
2287 5530 2512 5585 putatur
2543 5518 2840 5590 Justinus),
2884 5524 2935 5573 iii
2966 5521 3241 5573 communi
3272 5523 3546 5575 sententia
3582 5538 3676 5574 aea

2089 5589 2355 5660 quiesco,“
2389 5604 2495 5656 qua
2545 5592 2746 5660 prioris
2789 5592 3058 5660 Apologia:
3110 5593 3198 5645 hic
3250 5602 3533 5660 respectus
3575 5596 3681 5646 hac

2087 5657 2267 5711 betur.
2321 5657 2501 5716 Οττο.

2161 5729 2273 5800 (18)
2301 5732 2572 5805 Ἔφερον.
2604 5732 2783 5788 Mallet
2816 5732 3137 5805 Sylburgius
3168 5731 3452 5804 ἐπέφερον.

2161 5806 2273 5871 μυ)
2297 5802 2518 5870 Λὲγων.
2552 5804 2749 5874 Supple
2781 5802 2965 5876 Γραφή
3001 5802 3077 5861 vel
3108 5804 3255 5865 3565-
