3954 6258
309 404 402 457 737

1328 400 1679 458 DIALOGUS
1713 400 1860 457 CUM
1895 399 2271 456 TRYPHONE
2306 398 2571 456 JUDEO.

3494 395 3598 453 758

311 516 462 583 90.09.,
483 514 675 568 οὐκέτι
718 533 737 565 ι
782 518 846 569 ἐν
876 515 963 586 τῷ
996 517 1269 588 σπέρματι
1302 516 1466 569 αὑτοῦ
1516 536 1533 568 ›
1568 510 1722 571 εἶπεν
1763 517 1903 571 εὐλο-

2020 513 2189 580 adieci
2213 531 2228 568 :
2248 513 2353 567 Per
2384 512 2662 575 Davidem,
2685 510 2868 576 amici,
2895 511 2964 567 de
2990 512 3094 567 hoc
3118 510 3343 567 Cheiste
3369 510 3597 581 loquens

317 608 641 682 γηθήσεσθαι
670 608 751 661 τὰ.
779 609 940 680 ἔθνη,
978 608 1117 663 ἀλλὰ
1142 628 1159 660 ι
1196 611 1252 662 ὲν
1274 607 1439 678 αὐτῷ.
1479 627 1503 659 .›
1540 608 1696 662 Οὕτω
1727 609 1783 662 δὲ
1804 612 1920 662 ἐκεῖ

321 707 451 757 ἐστι·
490 722 509 754 ι
534 702 610 755 Τὸ
642 702 829 773 ὄνομα
857 703 1028 756 αὐτοῦ
1052 703 1131 767 είς
1160 703 1248 756 τὸν
1278 702 1448 766 αίῷνα
1480 704 1619 774 ὑπὲρ
1649 703 1740 756 τὸν
1768 703 1919 772 ἥλιον

321 794 583 849 ἀνατελεί·
619 798 720 849 καὶ
769 795 1290 867 ὲνευλογηθήσονται
1337 797 1395 849 ὲν
1436 796 1586 867 αύτῷ
1635 797 1810 850 πάντα
1850 794 1919 849 τὰ

322 891 458 961 ἔθνη.
494 909 513 941 ι
546 890 615 942 Εἰ
649 890 710 943 δὲ
743 893 803 943 ὲν
835 890 917 960 τῷ
940 889 1166 960 Χριστῷ
1198 890 1499 958 εὐλογεῖται
1529 890 1598 944 τά
1625 889 1751 960 ἔθνη
1784 889 1919 942 πάν-

318 1002 398 1045 τα,
426 984 521 1037 καὶ
550 985 624 1036 ἐκ
650 984 880 1037 πάντων
909 983 1020 1036 τῶν
1042 982 1211 1037 ἐθνῶν
1245 984 1337 1037 ἐπὶ
1352 984 1539 1037 τοῦτον
1568 983 1914 1052 πιστεύομεν,

320 1079 406 1129 καὶ
443 1077 613 1141 αὑτός
663 1079 873 1130 ἐστινὸ
921 1077 1176 1148 Χριστὸς,
1221 1077 1315 1129 καὶ
1346 1078 1509 1147 ἡμεῖς
1558 1077 1607 1130 οἱ
1639 1076 1706 1129 δι’
1751 1072 1915 1129 αὐτοῦ

317 1170 713 1239 εὖλογημένοιτ
746 1170 862 1223 Τὸν
899 1171 998 1240 μὲν
1025 1169 1175 1239 ἣλιον
1211 1169 1240 1220 ὁ
1278 1169 1410 1232 Θεὸς
1440 1167 1690 1222 ἐδεδώκει
1717 1167 1915 1239 πρότε-

321 1278 407 1333 ρον
423 1265 503 1325 εἰς
533 1263 599 1314 τὸ
635 1264 968 1332 προσκυνεῖν
1002 1262 1184 1325 αὑτὸν,
1222 1260 1309 1323 ὼς
1332 1262 1639 1332 γέγραπται
1659 1277 1672 1290 ’
1706 1260 1800 1313 καὶ
1829 1260 1919 1312 01'}—

317 1356 435 1409 δένα
468 1356 735 1408 οὐδέποτε
780 1355 906 1408 ἰδεῖν
941 1354 1087 1407 ἐστιν
1126 1353 1394 1424 omnem
1407 1369 1495 1417 ρτα
1528 1352 1615 1405 διὰ
1649 1352 1748 1423 τὴν
1781 1352 1918 1423 πρὸς

319 1451 402 1503 τὸν
447 1449 607 1519 ἥλιον
661 1449 845 1500 πίστιν
897 1446 1225 1501 ἀποθανεῖν’
1272 1445 1361 1499 δλά
1407 1445 1463 1498 δὲ
1506 1445 1568 1497 τὸ
1618 1445 1787 1516 ὄνομα
1820 1444 1914 1498 τοῦ

332 1542 527 1614 Ἰησοῦ,
563 1543 634 1595 ὲκ
666 1540 871 1604 παντὸς
905 1540 1095 1608 γένους
1127 1539 1433 1609 ἀνθρώπων
1465 1539 1558 1591 καὶ
1581 1538 1915 1609 ὑπομείναν-

318 1652 413 1699 τας
445 1637 543 1689 καὶ
563 1635 941 1705 ὑπομένοντας
968 1634 1145 1686 πάντα
1178 1632 1411 1702 πάσχειν
1437 1631 1577 1702 ὑπὲρ
1604 1629 1703 1683 τοῦ
1724 1631 1795 1702 μὴ
1827 1632 1916 1702 ἀρ-

322 1728 591 1799 νήσασθαι
627 1729 814 1792 αὑτὸν,
842 1729 969 1781 ἰδεῖν
1009 1728 1143 1781 ἔστι.
1163 1728 1577 1799 Πυρωδὼτερος
1610 1726 1718 1797 γὰρ
1749 1726 1916 1781 αὑτοῦ

315 1827 344 1876 ὀ
386 1824 488 1893 τῆς
518 1823 789 1894 ἀληθείας
818 1824 913 1875 καὶ
948 1823 1137 1892 σοφίας
1171 1822 1351 1889 λόγος,
1387 1823 1480 1874 καὶ
1530 1821 1918 1891 φωτεινότερσς

319 1915 516 1985 μᾶλλον
569 1915 682 1967 τῶν
728 1914 883 1986 ἡλίου
933 1913 1217 1985 δυνάμεὼν
1257 1918 1394 1979 ἐστι,
1434 1917 1529 1968 καὶ
1562 1917 1640 1977 εἰς
1671 1914 1740 1967 τὰ
1776 1914 1911 1986 βάθη

314 2010 411 2079 τῆς
436 2007 673 2079 καρδίας
707 2008 802 2060 καὶ
834 2005 930 2058 τοῦ
958 2004 1052 2058 νοῦ
1070 2004 1344 2058 εἰσδύνων,
1368 2006 1531 2057 Ὅθεν
1562 2006 1656 2058 καὶ
1686 2007 1714 2057 ὁ
1757 2005 1913 2072 λόγος

319 2100 449 2167 ἐτη·
488 2118 506 2148 ε
544 2098 724 2167 ’Υπὲρ
754 2096 843 2148 τὸν
890 2096 1039 2166 ἣλιον
1082 2096 1329 2148 ἀνατελεῖ
1360 2095 1421 2148 τὸ
1452 2095 1623 2165 ὄνομα
1657 2093 1845 2148 αὑτοῦ.
1888 2113 1907 2146 ι

321 2192 426 2242 Καὶ
454 2188 639 2242 πάλιν·
683 2208 701 2240 ι
745 2186 1005 2258 Ἀνατολὴ
1034 2186 1203 2257 ὄνομα
1236 2184 1423 2249 αὐτοῦ,
1456 2205 1475 2237 ι
1509 2185 1780 2258 Ζαχαρίας
1810 2204 1914 2258 φη-

323 2283 390 2334 σί.
432 2284 543 2335 Καὶ
578 2281 711 2352 περὶ
740 2280 838 2334 τοῦ
872 2280 1038 2333 αὑτοῦ
1061 2280 1232 2348 λέγων
1261 2275 1433 2341 εἶπεν,
1468 2280 1548 2332 ὅτι
1586 2298 1604 2331 ι
1643 2280 1913 2349 Momm

322 2374 456 2444 φυλὴ
488 2374 633 2427 κατά
668 2373 863 2443 φυλήν.
917 2391 935 2421 ι
970 2372 1033 2424 Εἰ
1077 2371 1135 2424 δὲ
1164 2373 1220 2424 ἐν
1267 2374 1332 2441 τῇ
1382 2371 1562 2441 ἀτίμῳ
1606 2371 1702 2423 καὶ
1746 2370 1915 2423 ἀειδεῖ

324 2466 413 2516 καὶ
440 2463 845 2533 ὲξουθενημένῃ
898 2461 1087 2533 πρώτῃ
1136 2462 1410 2533 παρουσίᾳ
1449 2461 1614 2515 αὐτοῦ
1657 2462 1911 2515 τοσοῦτον

325 2557 520 2627 {laudas
554 2557 651 2610 καὶ
683 2556 926 2625 ἴσχυσεν,
960 2554 1035 2617 ὡς
1081 2555 1138 2606 ἐν
1181 2554 1371 2625 μηδεν).
1416 2554 1564 2621 γένει
1597 2552 1910 2621 ἀγνοεῖσθαι

330 2648 498 2711 αὐτὸν,
532 2648 628 2700 καὶ
653 2647 765 2699 ἀπὸ
794 2646 996 2708 παντὸς
1015 2646 1301 2715 μετάνοιαν
1320 2645 1648 2715 πεποιῆσθαι
1676 2644 1785 2697 ἀπὸ
1810 2644 1910 2715 τῆς

332 2740 551 2804 παλαιᾶς
584 2741 765 2811 κακῆς
800 2740 1030 2793 ἑκάστου
1077 2739 1266 2807 γένους
1306 2737 1603 2801 πολιτείας,
1644 2736 1783 2791 ὥστε
1816 2737 1911 2789 καὶ

331 2832 395 2886 τὰ
429 2833 681 2904 δαιμόνια
729 2833 843 2903 (9.0)
879 2831 1282 2885 ὑποτάσσεσθαι
1327 2830 1491 2885 αὐτοῦ
1537 2829 1615 2900 τῷ
1661 2830 1906 2900 ὀνόματι,

333 2926 416 2978 καὶ
445 2926 621 2989 πάσας
648 2926 750 2988 τάς
782 2924 959 2996 ἀρχὰς
993 2925 1089 2978 καὶ
1118 2924 1220 2988 τὰς
1261 2923 1539 2993 βασιλείας
1575 2922 1685 2994 (2i)
1719 2922 1907 2975 τούτου

332 3017 387 3069 τὸ
401 3017 565 3087 δνομα
586 3018 739 3089 παρά
772 3017 981 3080 πάντας
1012 3017 1138 3081 τοὺς
1177 3016 1548 3078 ἀποθανόντας
1580 3014 1871 3066 δεδοικέναι
1890 3030 1904 3044 ο

335 3109 416 3173 οὖς
442 3112 502 3163 ἐκ
522 3111 726 3174 παντὸς
752 3112 957 3182 τρόπου
987 3110 1094 3181 (22)
1112 3112 1169 3163 ὲν
1188 3113 1255 3181 τῇ
1280 3108 1473 3178 ἐνδόξῳ
1500 3107 1665 3160 αύτοῦ
1699 3126 1907 3178 παρου-

2023 604 2305 674 Scriptura
2341 621 2445 659 non
2475 604 2587 674 jam
2624 604 2676 658 in
2710 621 2728 655 ι
2759 605 2968 659 semine
2999 603 3120 673 ejus
3162 624 3181 656 ι
3218 605 3349 660 dicit
3380 606 3601 662 benedi-

2018 707 2165 752 ctum
2190 696 2255 749 iri
2292 706 2508 766 gentes,
2537 696 2633 751 sed
2670 713 2689 747 ι
2727 696 2782 750 ἱη
2820 698 2957 766 ipso.
2995 717 3014 749 ι
3046 698 3137 752 Sic
3167 707 3347 752 autem
3388 698 3460 752 ibi
3484 706 3597 755 est:

2023 808 2042 841 ι
2075 787 2280 844 Nomen
2331 790 2447 856 ejus
2484 788 2539 842 in
2584 788 2845 843 seaculum
2880 805 3043 857 super
3062 790 3233 844 solem
3267 791 3549 845 exorietur
3581 808 3596 843 :

2017 889 2072 934 et
2117 880 2513 935 benedicentur
2562 880 2613 933 in
2659 880 2775 949 ipso
2806 897 2997 935 omnes
3028 891 3217 951 gentes
3264 882 3306 937 ⁸.
3342 901 3362 935 ι
3404 880 3597 948 Porro,

2016 975 2063 1029 si
2100 975 2152 1028 in
2202 973 2423 1027 Christo
2472 972 2867 1027 benedicuntur
2916 988 3108 1030 omnes
3161 985 3372 1045 gentes,
3419 984 3478 1030 et
3530 990 3597 1029 ex

2017 1066 2270 1120 omnibus
2302 1067 2553 1135 gentibus
2578 1069 2629 1121 in
2656 1067 2800 1123 hunc
2820 1069 3124 1133 credimus;
3161 1070 3422 1138 cumvipse
3443 1068 3601 1124 Chri-

2017 1169 2133 1213 stus
2153 1166 2260 1223 est,
2290 1168 2400 1214 tum
2433 1176 2530 1215 nos
2561 1175 2657 1229 per
2690 1176 2813 1214 eum
2842 1161 3138 1215 benedieti.
3175 1160 3354 1217 Solem
3381 1162 3599 1230 quidem

2019 1247 2160 1302 Deus
2194 1248 2421 1304 dederat
2454 1251 2607 1319 prius
2647 1252 2714 1303 ad
2747 1250 3111 1317 adorandum,
3139 1252 3599 1320 quemadmodum
3688 1262 3691 1265 '

2018 1344 2283 1412 scriptum
2311 1354 2395 1399 est
2429 1354 2449 1384 ἰ
2475 1361 2615 1410 ;;nec
2650 1347 2939 1415 quisquam
2971 1358 3212 1411 unquam
3239 1344 3471 1407 exstitit,
3504 1345 3598 1412 qui

2018 1446 2246 1490 mortem
2286 1445 2508 1506 prepter
2553 1437 2714 1491 ﬁdem
2748 1438 2801 1491 in
2851 1437 3022 1493 solem
3069 1446 3373 1506 oppeteret.
3420 1436 3494 1490 At
3530 1450 3600 1491 ex

2016 1528 2165 1581 onmi
2197 1542 2394 1596 genere
2419 1529 2709 1583 hominum
2742 1528 2933 1583 videre
2978 1537 3083 1592 est,
3112 1529 3204 1597 qui
3242 1536 3469 1598 propter
3497 1544 3599 1582 no-

2018 1635 2141 1673 men
2178 1619 2303 1674 Jesu
2340 1620 2595 1689 qmelibet
2627 1621 2893 1689 supplicia
2925 1629 2981 1675 et
3025 1621 3353 1689 pertulerint
3385 1628 3442 1674 et
3472 1636 3600 1690 per-

2020 1712 2215 1774 ferant,
2253 1729 2319 1767 ne
2350 1713 2499 1766 illum
2543 1726 2765 1784 negent.
2803 1714 3106 1771 Ardentior
3141 1715 3286 1769 enim
3319 1725 3407 1770 est
3454 1715 3600 1769 illius

2018 1804 2261 1859 veritatis
2298 1812 2354 1858 et
2375 1804 2659 1875 sapientiae
2685 1820 2869 1860 sermo
2905 1815 2965 1861 et
2999 1806 3231 1861 lucidior
3262 1808 3430 1861 multo
3466 1807 3598 1863 solis

1949 1874 1989 1931 Β
2020 1895 2425 1961 virtutibus,.et
2458 1898 2512 1951 in
2543 1913 2793 1953 recessus
2810 1900 2992 1952 cordis
3020 1907 3076 1952 et
3106 1899 3303 1953 mentis
3327 1908 3596 1967 penetrat.

2018 1987 2172 2043 Unde
2199 1999 2254 2042 et
2283 1988 2567 2058 Scriptura
2598 1991 2771 2044 dicit:
2811 2004 2843 2041 r
2866 1988 3048 2060 Super
3076 1991 3246 2045 solem
3262 1992 3471 2047 orietur
3502 2009 3601 2046 no-
3695 2014 3712 2027 ~

2015 2098 2138 2137 men
2170 2080 2313 2149 ejus.
2357 2101 2375 2133 ι
2413 2083 2475 2137 Et
2512 2100 2734 2139 rursus:
2766 2102 2785 2136 ε
2826 2084 3021 2140 Oriens
3049 2101 3248 2140 nomen
3271 2085 3413 2154 ejus,
3455 2106 3476 2140 ι
3511 2089 3599 2142 in-

2016 2173 2132 2242 quit
2155 2174 2451 2230 Zacharias
2485 2175 2527 2239 “,
2553 2178 2645 2244 qui
2672 2177 2738 2231 de
2759 2177 2953 2231 eodem
2985 2177 3212 2245 loquens
3235 2179 3312 2233 ait
3338 2197 3353 2234 :
3387 2196 3407 2230 ι
3439 2179 3600 2232 Plana

2014 2276 2145 2335 gent
2174 2268 2349 2322 tribus
2381 2269 2682 2323 secundum
2729 2270 2952 2323 tribum.
2991 2290 3011 2321 ι
3048 2270 3203 2337 Quod
3235 2271 3281 2324 si
3320 2270 3374 2323 in
3421 2275 3599 2339 primo

2016 2361 2270 2425 adventu,
2302 2363 2394 2431 qui
2422 2363 2683 2432 inglorius
2717 2374 2771 2417 et
2803 2362 3057 2420 informis
3085 2375 3140 2420 et
3168 2365 3457 2435 despectus
3472 2366 3596 2432 fuit,

2018 2462 2225 2506 tantum
2261 2454 2618 2522 resplendnit,
2666 2470 2730 2509 ac
2759 2465 2969 2510 tantum
3014 2456 3211 2524 valuit,
3244 2468 3304 2511 ut
3343 2459 3491 2513 nulla
3543 2461 3597 2515 in

2012 2556 2172 2615 gente
2203 2547 2419 2616 ignotus
2444 2549 2536 2611 sit,
2572 2550 2668 2604 sed
2699 2549 2897 2618 ubique
2929 2550 3176 2606 homines
3207 2566 3277 2606 ex
3299 2553 3468 2608 veteri
3498 2569 3598 2607 eu-

2005 2640 2205 2707 jusque
2254 2640 2431 2707 geutis
2480 2640 2622 2694 malo
2668 2641 2884 2696 vivendi
2941 2656 3151 2711 genere
3206 2642 3597 2713 paenitentiam

2013 2741 2197 2800 agant,
2240 2732 2381 2786 unde
2412 2732 2510 2802 ipsi
2549 2734 2713 2787 etiam
2758 2735 3035 2789 daemones
3062 2733 3179 2803 ejus
3216 2737 3428 2790 nomini
3466 2735 3598 2791 sub-

2004 2822 2295 2892 jiciuntur,
2345 2839 2409 2879 ac
2441 2823 2787 2893 principatus
2837 2840 3046 2880 omnes.
3083 2839 3143 2880 et
3179 2841 3342 2896 regna
3395 2841 3596 2882 nomen

2010 2915 2126 2983 ejus
2151 2930 2318 2984 supra
2343 2929 2534 2970 omnes
2568 2913 2857 2970 defunctos
2889 2914 3295 2982 reformidant;.
3323 2932 3507 2971 nonne
3542 2917 3596 2971 in

2010 3006 2247 3076 glorioso
2270 3005 2510 3060 adventu
2546 3021 2740 3061 onlnes
2783 3022 3012 3076 prorsus
3054 3016 3288 3072 evertet,
3340 3009 3433 3078 qui
3470 3024 3596 3063 eum

2008 3100 2227 3155 oderint
2255 3108 2310 3154 et
2343 3100 2433 3168 qui
2460 3100 2527 3155 ab
2568 3115 2633 3155 eo
2666 3101 2850 3168 inique
2877 3101 3208 3167 defecerint;
3247 3117 3374 3157 suos
3411 3112 3595 3156 autem

337 3202 417 3272 σία
434 3203 722 3257 καταλύσει
751 3203 961 3265 πάντας
980 3204 1105 3266 τοὺς
1137 3203 1473 3273 μισήσαντας
1492 3200 1653 3252 αὐτὸν
1677 3201 1903 3263 καὶτοὺς

2012 3197 2231 3252 inducet
2264 3196 2326 3250 in.
2344 3198 2606 3266 requiem,
2642 3196 2896 3251 omnibus
2930 3211 3029 3250 eos
3057 3197 3391 3265 exspectatis
3430 3196 3593 3251 bonis

338 3295 480 3348 αὑτοῦ
502 3296 704 3360 ἀδίκως
736 3296 1111 3359 ἀποστάντας·
1143 3296 1271 3357 τοὺς
1299 3294 1357 3347 δὲ
1395 3294 1555 3355 ἰδίους
1580 3292 1905 3356 ἀναπαύσει,

339 3386 596 3452 ἀποδιδοὺς
635 3390 826 3451 αὐτοῖς
872 3389 942 3442 τὰ
990 3385 1418 3459 προσδοκώμενα
1465 3384 1675 3450 πάντας
1745 3386 1906 3454 Ἡμῖν

333 3475 414 3533 οὖν
444 3480 596 3549 ἐδόθη
627 3482 723 3535 καὶ
757 3480 996 3539 ἀκοῦσαι
1028 3480 1120 3533 καὶ
1154 3482 1393 3533 συνεῖναι
1423 3479 1517 3531 καὶ
1551 3478 1787 3550 σωθῆναι
1819 3479 1908 3533 διὰ

330 3571 502 3627 τούτου
517 3574 611 3627 τοῦ
634 3573 898 3643 Χριστοῦ,
915 3574 1010 3627 καὶ
1030 3572 1098 3625 τά
1116 3572 1209 3626 τοῦ
1233 3573 1444 3645 Πατρὸς
1464 3572 1758 3641 ἐπιγνῶναι
1780 3574 1908 3626 πάν-

316 3650 387 3718 .m
413 3668 540 3737 (25).
589 3667 692 3721 Διά
734 3667 895 3720 τοῦτο
939 3666 1090 3734 ἔλεγε
1134 3666 1271 3735 πρὸς
1316 3667 1507 3719 αὐτόν’
1551 3684 1568 3716 ι
1628 3667 1788 3734 Μέγα
1821 3665 1903 3718 σοί

323 3758 428 3811 ἐστι
458 3760 550 3813 τοῦ
584 3758 857 3831 κληθῆναί
892 3775 950 3810 σε
986 3758 1150 3811 παῖδά
1185 3776 1307 3829 μου,
1334 3758 1427 3811 τοῦ
1464 3759 1658 3831 στῆσαι
1684 3759 1784 3823 τὰς
1812 3776 1906 3829 φυ-

322 3848 410 3914 λὰς
457 3850 550 3905 τοῦ
612 3850 830 3913 Ἰακὼὸ,
885 3852 980 3904 καὶ
1027 3850 1127 3915 τὰς
1175 3851 1477 3923 διασπορὰς
1526 3853 1620 3906 τοῦ
1683 3852 1900 3924 Ἰσραὴλ

2012 3288 2409 3343 remunerans?
2447 3287 2614 3342 Nobis
2660 3288 2828 3357 igitur
2879 3288 3064 3341 datum
3103 3298 3187 3343 est
3223 3298 3278 3342 et
3313 3288 3505 3342 audire
3539 3297 3595 3343 et

2013 3379 2323 3450 intelligere
2348 3391 2403 3434 et
2427 3378 2625 3434 salvari
2663 3393 2758 3446 per
2796 3378 2942 3433 hunc
2964 3379 3263 3444 Christum,
3318 3386 3373 3432 et
3404 3378 3594 3435 omnia

2013 3493 2043 3530 a
2067 3476 2230 3531 Patre
2274 3475 2514 3531 revelata
2548 3487 2897 3545 cognoscere.
2940 3472 3233 3543 Propterea
3268 3473 3488 3528 dicebat
3522 3474 3595 3529 ad

2008 3586 2130 3626 eum
2160 3586 2174 3623 :
2211 3588 2229 3621 ι
2281 3567 2530 3637 Magnum
2565 3577 2654 3623 est
2688 3568 2783 3621 tihi
2829 3576 2889 3621 ut
2914 3566 3129 3622 voceris
3172 3580 3362 3619 servus
3409 3581 3590 3631 meus,

2010 3672 2069 3717 ut
2097 3663 2399 3719 constituas
2438 3662 2612 3716 tribus
2647 3659 2837 3727 Jacob,
2873 3670 2928 3715 et
2964 3662 3339 3731 dispersiones
3371 3659 3591 3715 lsraelis

2011 3764 2321 3811 convertas.
2354 3753 2516 3810 Posui
2552 3763 2605 3808 te
2635 3753 2690 3807 in
2721 3753 2897 3809 lucem
2932 3753 3388 3825 215gentium,
3424 3763 3483 3807 ut
3514 3753 3623 3807 sis‘

2010 3850 2062 3904 in
2092 3850 2320 3904 salutent
2357 3864 2543 3903 earum
2578 3862 2750 3918 usque
2781 3847 2847 3901 ad
2881 3858 3187 3902 extremum
3213 3858 3375 3903 terrae
3401 3848 3445 3899 ’.
3489 3867 3509 3899 ι

319 3943 653 4016 ἑτεστρέψαι.
693 3944 928 3998 Τέθεικά
962 3962 1021 3997 σε
1070 3946 1150 4007 είς
1183 3944 1299 4012 φῶς
1328 3945 1518 4010 ὲθνῶν,
1544 3946 1638 3999 τοῦ
1673 3943 1812 3999 εἷναί
1840 3963 1899 3999 σε
1933 3948 2012 4010 εἱς
2047 3942 2319 4011 σωτηρίαν
2354 3940 2532 3995 αὐτῶν
2546 3939 2655 4004 ἕως
2681 3940 2910 4011 ἐσχάτου
2946 3941 3043 4011 τῆς
3074 3939 3198 4011 γῆς,
3222 3961 3250 3992 γι

377 4057 398 4087 ⁸
434 4056 577 4111 Psal.
609 4072 761 4120 LXXI,
788 4055 876 4111 l7.

378 4175 488 4243 (20)
524 4177 712 4248 :12qu
734 4176 833 4229 καὶ
870 4179 943 4233 τὰ
981 4177 1271 4248 δαιμόνια.
1300 4176 1459 4246 Legit
1489 4178 1572 4235 Cl.
1614 4178 1892 4235 Thirlbius

312 4244 489 4309 ὧςτε.
526 4244 637 4300 Sed
676 4248 792 4301 haec
839 4250 975 4303 satis
1025 4244 1309 4304 commode
1350 4244 1665 4303 referuntur
1712 4250 1776 4303 ad
1824 4265 1890 4305 ea

313 4330 427 4383 qua:
450 4318 708 4385 proxime
741 4320 1075 4385 praecedunt.
1113 4318 1467 4384 Perspicuum
1502 4323 1649 4373 enim
1672 4329 1756 4374 est
1788 4318 1892 4374 lor-

312 4387 571 4440 nu'dinem
614 4386 793 4450 illam,
844 4403 1009 4457 quam
1055 4389 1258 4445 Christi
1313 4390 1895 4445 nomentltemonibus

308 4466 358 4509 et
386 4459 760 4524 potestatibus
781 4466 939 4513 terra:
974 4460 1293 4521 incutiebat,
1324 4459 1560 4515 fructum
1583 4474 1707 4515 esse
1728 4476 1896 4515 evan-

308 4526 427 4598 gelii
459 4528 516 4579 in
546 4537 664 4598 toto
702 4538 971 4583 terrarum
1001 4529 1131 4583 orbe
1155 4530 1455 4598 prmdicati.

374 4596 492 4666 (21)
524 4596 638 4651 Καὶ
668 4598 776 4663 τὰς
800 4596 1274 4665 βασιλείαςίδὶο
1301 4600 1463 4653 etiam
1501 4600 1728 4656 infran.
1770 4604 1894 4667 151.

308 4669 640 4742 praedictum
664 4683 786 4742 esse
803 4672 1044 4723 ostendit
1066 4670 1204 4733 fore,
1237 4679 1522 4742 ut_omnes
1556 4674 1896 4742 principatus

306 4749 357 4792 et
383 4753 554 4807 regna
580 4736 867 4792 Christum
906 4749 1228 4793 metuerent.
1278 4740 1394 4794 Non
1430 4736 1658 4807 possunt
1702 4736 1767 4798 de
1809 4745 1896 4798 fu-

309 4818 425 4861 tura
480 4823 697 4883 regum“
726 4811 1099 4883 conversione
1137 4810 1253 4865 haec
1298 4811 1553 4883 intelligi,
1600 4822 1714 4867 tum
1764 4816 1893 4883 quia

308 4876 589 4944 nunquam
644 4876 765 4931 illos
804 4880 1052 4934 veritatis
1088 4880 1422 4935 insectandte
1459 4876 1618 4936 linem
1652 4876 1895 4938 facturos

307 4948 548 5001 declarat
575 4946 832 5021 Justinus
865 4964 1025 5021 supra
1053 4950 1228 5017 n..59,
1258 4962 1367 5006 tum
1397 4952 1522 5019 quia
1565 4964 1891 5021 praesentem

306 5034 489 5071 rerum
531 5030 739 5072 statum
774 5020 1001 5091 indicat,
1039 5036 1166 5074 cum
1201 5023 1278 5075 ait
1322 5020 1663 5091 principatus
1704 5039 1893 5079 omnes

305 5100 357 5162 et
408 5104 580 5162 regna
632 5104 828 5162 nomen
883 5090 1086 5144 Christi
1142 5090 1551 5162 supra’omnes
1606 5093 1893 5148 defunctos

310 5157 639 5231 formidare.
675 5160 772 5231 Sic
802 5162 967 5214 etiam
995 5176 1153 5231 supra
1185 5157 1239 5216 η’.
1279 5162 1366 5225 50,
1399 5164 1466 5217 de
1492 5164 1710 5218 Christo
1739 5181 1753 5217 :
1795 5166 1892 5217 Ὃν

526 5228 778 5311 δαιμόνια
812 5231 1030 5311 φρίσσει
1063 5228 1161 5284 καὶ
1197 5234 1366 5311 πᾶσαι
1408 5233 1594 5311 ἁπλῶς
1635 5236 1691 5287 αί
1726 5236 1892 5305 ἀρχαὶ

304 5301 397 5352 καὶ
422 5300 671 5375 ἐξουσίαι
697 5302 796 5375 τῆς
820 5300 944 5371 γῆς.
989 5301 1173 5371 Regna
1202 5314 1256 5358 et
1288 5303 1624 5375 principatus
1651 5316 1705 5360 et
1734 5300 1889 5375 pote-

301 5382 479 5442 states
506 5373 591 5425 his
620 5370 675 5424 in
707 5370 891 5442 lo’cis,’
914 5380 973 5425 ut
1014 5370 1159 5442 saepe
1198 5370 1358 5439 alias,
1400 5370 1544 5442 apud
1578 5370 1803 5431 Graecos
1835 5384 1891 5430 et

302 5441 583 5515 humanos
618 5441 942 5515 scriptores,
988 5441 1128 5515 idem
1170 5454 1372 5498 sonant
1399 5441 1463 5498 ac
1492 5458 1647 5515 reges
1669 5456 1722 5501 et
1754 5460 1891 5513 pra}-

301 5512 452 5564 sides
484 5522 538 5564 et
568 5513 947 5580 magistratus.
990 5514 1102 5585 Sed
1134 5515 1407 5585 quomodo
1456 5512 1597 5569 hanc
1642 5512 1887 5571 omnium

301 5592 635 5649 potestatum
662 5586 932 5637 adversus
977 5584 1255 5638 Christum
1289 5588 1649 5640 reverentiam
1697 5587 1881 5642 conci-

307 5653 567 5706 liabimus
609 5669 735 5707 cum
771 5654 1146 5722 blasphemiis,
1174 5671 1311 5723 quas
1347 5655 1398 5707 in
1444 5655 1723 5710 Christum
1758 5672 1890 5708 evo-

308 5725 551 5794 luebant,
605 5733 660 5776 et
712 5724 1018 5792 suppliciis,
1054 5728 1252 5794 quibus
1294 5726 1639 5781 Christianos
1683 5726 1887 5781 aiiicte-

307 5794 442 5870 bant
461 5793 487 5846 2
515 5792 730 5870 _Jt_tstitii
758 5792 1135 5870 testimonium
1169 5796 1334 5850 multa
1365 5798 1711 5852 conlirmant.
1765 5797 1884 5851 Non

313 5865 464 5917 enim
493 5865 721 5920 dubium
765 5868 898 5934 quin
938 5865 1372 5924 Christianorum
1422 5870 1707 5939 miracula,
1764 5872 1888 5923 vitae

952 4056 973 4087 ⁷
1016 4056 1171 4111 Deut.
1209 4055 1393 4119 tv,19.
1468 4058 1491 4091 ⁸
1525 4073 1643 4127 cap.
1674 4075 1749 4126 γι,
1783 4058 1870 4112 12.
1943 4059 1963 4090 ⁹
1998 4058 2101 4113 lsa.
2137 4072 2282 4123 xmx,
2315 4055 2369 4111 6.

2000 4182 2265 4235 sanctitas
2296 4189 2350 4234 et
2395 4193 2651 4234 crescens
2681 4194 2750 4233 ex
2792 4181 3274 4248 persecutionihus
3318 4197 3586 4240 numerus

2002 4260 2376 4319 persecutores
2406 4250 2550 4317 ipsos
2576 4264 2717 4317 saepe
2747 4253 3066 4305 terruerint.
3094 4251 3196 4318 Qui
3240 4253 3291 4306 in
3318 4254 3587 4309 Christia-

1998 4338 2099 4377 nos
2132 4321 2509 4375 vehementius
2541 4319 2872 4381 clamabant.
2910 4321 2961 4374 hi
2998 4337 3143 4390 saepe
3176 4338 3365 4378 eorum
3394 4325 3449 4378 in
3482 4326 3588 4379 mia

2006 4393 2208 4447 raculis
2265 4406 2295 4444 a
2348 4390 2458 4445 Deo
2494 4390 2847 4459 impetrandis
2890 4400 3220 4460 potestatem
3271 4405 3579 4450 senserant;

2009 4480 2029 4513 ‹
2086 4462 2210 4516 Haec
2233 4462 2427 4532 omnia
2460 4461 2574 4525 tibi,
2613 4460 2690 4513 ait
2740 4461 3225 4532 Tertullianusad
3264 4462 3579 4532 Scapulam,

1931 4552 1973 4607 ι)
2001 4542 2057 4607 et
2082 4534 2149 4587 de
2185 4531 2360 4607 oliicio
2389 4532 2603 4607 suggeri
2627 4541 2884 4607 possunt,
2914 4541 2969 4607 et
3006 4532 3075 4585 ab
3118 4531 3316 4607 iisdem
3353 4531 3584 4589 advoca-

2004 4603 2092 4674 tis,
2146 4604 2238 4674 qui
2287 4611 2343 4655 et
2394 4600 2507 4667 ipsi
2551 4601 2817 4674 beneﬁcia
2872 4601 3077 4674 habent
3112 4600 3579 4674 Christianorum,

1998 4672 2127 4728 licet
2164 4671 2472 4743 acclament
2516 4687 2636 4739 qua:
2682 4671 2890 4726 volunt.
2956 4690 2974 4723 ι
3029 4671 3085 4726 ln
3134 4672 3324 4731 eodem
3376 4680 3583 4743 scripto

2000 4743 2168 4797 multa
2225 4741 2597 4799 Tertullianus
2642 4750 3035 4795 commemorat
3082 4743 3329 4810 exempla
3379 4741 3583 4799 divinae

1995 4814 2224 4868 ultionis
2256 4816 2308 4867 in
2352 4820 2733 4883 persecutores
2784 4810 3243 4883 Christianorum,
3278 4829 3344 4867 ac
3394 4814 3578 4883 plures

1996 4893 2245 4940 recenset
2268 4882 2548 4951 prtesides,
2573 4883 2663 4950 qui
2696 4892 2791 4935 aut
2821 4882 2873 4935 in
2906 4900 2924 4932 ι
2962 4882 3067 4936 ﬁne
3100 4884 3222 4936 vitae
3253 4899 3364 4939 sua:
3395 4882 3580 4938 recor-

1994 4955 2109 5008 dati
2124 4953 2579 5021 suntdeliquisse,
2593 4951 2737 5022 quod
2760 4961 3045 5007 vexassent
3060 4951 3401 5019 Christianos
3417 4971 3466 5019 ;›
3484 4966 3579 5010 aut

1994 5025 2074 5079 eis
2110 5025 2398 5087 faverunt;
2432 5038 2528 5076 nec
2557 5022 2763 5076 omittit
2789 5023 2974 5079 Severi
3005 5024 3353 5090 imperatoris
3389 5028 3441 5077 in
3478 5040 3577 5080 eos

1994 5096 2304 5164 (equitatem
2344 5102 2398 5147 et
2433 5094 2890 5148 benevolentiam.
2932 5092 3103 5147 Nemo
3140 5094 3368 5150 inliciari
3403 5096 3579 5163 possit

1993 5163 2182 5220 eadem
2230 5164 2352 5219 aliis
2397 5164 2734 5232 temporibus
2784 5175 2839 5234 et
2885 5164 3021 5218 locis
3075 5163 3395 5234 contigisse.
3430 5167 3578 5219 luter

1995 5236 2140 5303 ipsos
2170 5236 2542 5305 imperatores
2567 5232 3008 5305 scimusJustini
3044 5243 3203 5287 aetate
3234 5232 3576 5291 Antoninum

1992 5304 2318 5360 Christianis
2346 5318 2561 5374 aequum
2590 5320 2648 5357 se
2670 5304 2993 5374 praebuisse,
3022 5314 3077 5357 et
3100 5305 3401 5360 Adriauum
3440 5318 3578 5359 tem-

1992 5378 2081 5445 pla
2117 5378 2337 5431 Christo
2360 5373 2605 5429 statuere
2645 5374 2898 5431 voluisse.
2936 5373 3216 5431 Immerito
3239 5393 3373 5445 ergo
3401 5376 3575 5432 Justi-

1992 5450 2045 5500 ni
2077 5448 2320 5502 narratio
2366 5446 2418 5519 in
2455 5445 2818 5519 suspicimiem
2864 5456 3111 5519 vocetur,
3128 5458 3240 5519 _aut
3274 5449 3460 5519 pravis
3482 5456 3574 5519 _at-

1992 5527 2238 5591 tentetur
2287 5516 2619 5591 conjecturis
2650 5514 3193 5591 delemlo__i_llu_«_l_rﬁ;
3236 5514 3341 5591 γῆς
3379 5536 3433 5572 n.
3477 5516 3570 5584 50,

1990 5600 2114 5655 post
2146 5587 2406 5652 ἐξουσίαι,
2437 5596 2497 5641 ιιι
2519 5584 2840 5655 doctissimo
2873 5586 3120 5641 'l‘hirlbio
3150 5584 3322 5643 visum
3359 5599 3464 5644 est.
3562 5600 3567 5603 ‘

2061 5661 2174 5729 (22)
2209 5661 2325 5725 Οὓς
2367 5659 2435 5711 ἐκ
2467 5652 2693 5721 παντὸς
2722 5657 2965 5723 τρόπου.
3015 5656 3327 5728 Legendum
3368 5660 3468 5713 oin.
3507 5659 3572 5712 ὲκ

1991 5731 2192 5793 παντὸς
2215 5732 2415 5801 τρόπου
2442 5744 2578 5802 cum_
2601 5740 2801 5802 puncto
2833 5729 3241 5799 interrogante;
3269 5732 3429 5802 idque
3448 5739 3574 5785 ante

1990 5816 2082 5855 me
2115 5798 2397 5855 admonuit
2426 5802 2506 5854 Cl.
2537 5798 2840 5853 Thirlhius.

2057 5873 2170 5942 (‘25)
2213 5872 2289 5926 Τὰ
2316 5872 2421 5927 τοῦ
2450 5870 2680 5941 Πατρός
2708 5870 2866 5943 ἐπιγ.
2898 5872 3115 5927 πάντα.
3154 5872 3288 5931 Vide
3318 5892 3372 5929 η.
3408 5873 3498 5932 ﬂ.
