3954 6258
395 403 499 458 159

1326 396 1384 454 S.
1420 396 1683 453 JUST-INI
1722 394 2131 451 PHILOSOPHI
2168 390 2255 446 ET
2293 388 2647 445 MARTYRIS

3538 379 3637 437 700

468 517 589 572 122.
627 516 895 571 Immerito
950 513 1060 568 haec
1104 513 1281 569 Judwi
1331 513 1396 568 de
1441 513 1721 584 proselytis
1759 510 1966 568 intelli-

2142 508 2263 562 122.
2314 505 2499 560 Ταῦτα
2538 505 2694 576 ὑμεῖς
2737 503 2834 573 μὲν
2866 503 2945 563 είς
2998 498 3090 551 τὸν
3124 497 3162 549 Γ
3164 496 3332 568 ηόραν
3382 494 3475 548 καὶ
3516 498 3638 559 τοὺς

394 618 545 679 gunt.
573 638 643 650 --
667 609 845 677 Atque
876 608 991 663 haec
1023 620 1120 661 vos
1146 607 1365 676 quidem
1391 606 1444 660 in
1479 605 1735 661 Geioram
1762 614 1816 660 et
1836 619 1967 674 pro-

394 704 601 775 selytos
624 712 838 757 vestros
864 702 1007 757 dicta
1037 700 1403 766 existimatis;
1435 707 1493 753 at
1521 714 1650 755 vere
1673 700 1729 755 in
1763 714 1862 755 nos
1888 699 1971 753 di-

394 806 479 851 cta
518 804 676 860 sunt,
727 795 816 863 qui
853 809 951 862 per
995 793 1178 848 Jesum
1232 794 1523 849 illuminati
1573 809 1786 847 sumus.
1831 791 1966 846 Nam

393 887 641 957 profecto
666 886 787 942 istis
816 887 981 940 etiam
1011 886 1381 940 testimonium
1414 885 1783 955 perhibuisset
1809 882 1970 936 Chri-

394 985 552 1030 stus:
580 992 725 1030 nunc
751 985 935 1030 autem
964 976 1153 1046 duplo,
1182 986 1239 1029 ut
1274 977 1391 1046 ipse
1426 976 1588 1040 dixit,
1639 975 1733 1028 lilii
1764 976 1969 1043 gehen-

396 1084 481 1123 nae
525 1070 633 1125 litis
663 1072 727 1124 ‘°.
778 1069 893 1125 Non
943 1085 1077 1140 ergo
1122 1071 1189 1125 ad
1235 1085 1330 1126 eos
1388 1071 1775 1141 prophetarum
1826 1067 1966 1121 dicta

394 1160 691 1230 pertinent,
723 1164 816 1215 sed
849 1163 915 1215 ad
956 1176 1079 1228 nos,
1118 1164 1184 1217 de
1220 1163 1416 1231 quibus
1453 1162 1583 1215 dicit
1629 1157 1915 1228 Scriptura
1949 1173 1966 1211 :

399 1269 421 1302 ι
455 1250 659 1304 Ducam
692 1266 871 1307 caecos
900 1252 1068 1306 invia
1111 1270 1277 1324 quam
1317 1254 1588 1317 nesciunt,
1620 1260 1672 1306 et
1716 1250 1969 1314 semitas,

393 1356 530 1410 quas
561 1343 971 1411 ignoraveruut,
998 1343 1417 1399 inambulabunt
1458 1344 1522 1400 “.
1570 1343 1637 1397 Et
1659 1357 1760 1412 ego
1790 1340 1968 1405 testis,

393 1431 527 1485 dicit
558 1432 820 1486 Dominus
842 1433 1011 1497 Deus,
1041 1443 1096 1487 et
1128 1449 1264 1502 puer
1298 1448 1478 1497 meus,
1518 1448 1679 1503 quem
1712 1431 1847 1501 elegi
1869 1430 1965 1484 ι’.»

395 1523 730 1590 Quibusnam
757 1525 924 1596 igitur
955 1531 1332 1584 testimonium
1368 1528 1625 1598 perhibet
1672 1524 1972 1581 Christus?

393 1616 753 1672 Credentibus
797 1620 1072 1679 videlicet.
1110 1622 1381 1693 Proselyti
1431 1632 1613 1675 autem
1666 1636 1771 1674 non
1814 1620 1972 1673 modo

392 1723 502 1763 non
536 1710 796 1778 credunt,
840 1715 935 1769 sed
977 1716 1143 1769 etiam
1175 1714 1339 1784 duplo
1383 1729 1481 1769 vos
1521 1723 1782 1783 superant
1825 1712 1974 1766 blas-

392 1801 628 1871 phemiis
669 1804 723 1857 in
766 1818 966 1860 nomen
1011 1804 1131 1873 ejus
1165 1806 1513 1870 evomendis;
1551 1818 1613 1859 ac
1655 1819 1757 1859 nos
1788 1804 1879 1873 qui
1913 1804 1969 1856 in

2071 598 2442 673 προσηλύτους
2477 595 2725 669 εἰρῆσθαι
2747 592 3015 665 νομίζετε·
3049 590 3128 660 τῷ
3158 590 3270 643 ὄντι
3301 588 3358 642 δὲ
3389 589 3469 651 είς
3497 588 3639 659 ἡμᾶς

2070 689 2284 760 εἴρηται
2316 688 2440 750 τοὺς
2471 686 2557 739 διὰ
2601 683 2777 756 Ἰησοῦ
2824 679 3283 752 πεφωτισμένους.
3315 673 3394 731 τΗ
3428 677 3535 748 γὰρ
3577 676 3641 732 ἂν

2070 780 2341 842 κάκείνοις
2394 774 2690 847 ἐμαρτύρει
2733 777 2761 827 6
2804 772 3053 843 Χριστός·
3102 769 3197 824 νῦν
3240 768 3298 822 δὲ
3337 768 3642 839 διπλότερον

2071 874 2176 926 υἱοὶ
2208 871 2451 941 γεέννης,
2480 868 2555 932 ὡς
2584 867 2747 931 αὐτὸς
2773 863 2924 929 εἷπε,
2964 863 3180 933 γίνεσθε
3225 862 3359 932 (24).
3402 862 3478 913 Οὐ
3512 861 3644 933 πρὸς

2072 966 2313 1028 ἐκείνους
2364 960 2457 1018 οῦν
2501 962 2621 1016 ούδέ
2669 962 2738 1015 τὰ
2769 960 2855 1014 διὰ
2893 960 3001 1013 τῶν
3050 958 3342 1030 προφητῶν
3387 956 3647 1027 εἰρημένα

2070 1060 2354 1119 λέλεκται,
2396 1055 2540 1111 οάλλὰ
2591 1056 2726 1127 πρὸς
2755 1055 2924 1125 ἡμᾶς,
2958 1054 3085 1123 περὶ
3120 1046 3194 1105 ὧν
3222 1054 3251 1106 6
3293 1050 3450 1117 λόγος
3481 1047 3646 1115 λέγει·

2077 1172 2095 1204 ι
2129 1150 2275 1216 Ἀξω
2308 1153 2365 1205 ἐν
2389 1149 2492 1219 ὁδῷ
2524 1147 2755 1217 τυφλοὺς
2787 1147 2852 1217 ἢν
2875 1148 2974 1199 ούκ
3006 1147 3269 1213 ἔγνωσαν·
3314 1146 3407 1196 καὶ
3434 1141 3648 1213 τρίδους

2069 1244 2162 1308 οὓς
2207 1245 2307 1297 οὐκ
2348 1243 2599 1314 ᾔδεισαν,
2646 1247 2967 1311 πατήσουσι.
3015 1237 3185 1306 Κάγὼ
3225 1236 3454 1307 μάρτυς,
3505 1234 3648 1300 λέγει
3686 1297 3691 1302 ι

2070 1338 2275 1410 Κύριος
2301 1338 2330 1388 6
2362 1336 2514 1399 Θεὸς,
2550 1334 2644 1388 καὶ
2674 1334 2703 1385 6
2734 1335 2865 1395 παῖς
2902 1348 3002 1402 μου
3036 1331 3095 1384 ὃν
3126 1328 3476 1397 ἐξελεξάμην.
3517 1344 3535 1377 ι
3569 1324 3651 1377 Τί-

2073 1448 2156 1484 σιν
2190 1426 2283 1484 οὖν
2330 1430 2597 1501 μαρτυρεῖ
2644 1429 2673 1481 6
2720 1425 2985 1497 Χριστὸςς
3036 1422 3205 1492 Δῆλον
3237 1421 3311 1485 ὡς
3343 1423 3455 1482 τοῖς
3493 1435 3652 1470 πεπι-

2073 1522 2370 1577 στευκόσιν.
2409 1523 2472 1573 Οί
2502 1520 2558 1573 δὲ
2578 1518 2901 1590 προσήλυτοι
2928 1507 3185 1585 ού’μόνον
3204 1513 3265 1564 ού
3291 1503 3649 1573 πιστεύουσιν,

2072 1616 2207 1669 ἀλλά
2253 1613 2565 1684 διπλότερον
2609 1610 2762 1682 ὑμῶν
2812 1606 3223 1679 βλασφημοῦσιν
3264 1606 3343 1666 εἰς
3380 1603 3441 1655 τὸ
3487 1600 3654 1671 ὄνομα

2073 1705 2259 1769 αὐτοῦ,
2295 1705 2389 1759 καὶ
2427 1705 2574 1775 ήμᾶς
2604 1703 2729 1765 τοὺς
2767 1702 2847 1764 εἰς
2902 1702 3106 1754 ἐκεῖνον
3157 1695 3517 1757 πιστεύοντας
3563 1692 3656 1746 καὶ

2076 1798 2319 1867 φονεύειν
2379 1797 2473 1850 καὶ
2527 1794 2758 1857 αἰκίζειν
2809 1791 3104 1863 βούλονται·
3162 1786 3303 1843 κατὰ
3343 1788 3521 1867 πάντα
3553 1783 3658 1854 γὰρ

392 1907 517 1945 eum
556 1896 856 1960 credimus,
889 1906 943 1950 et
975 1896 1229 1951 occidere
1271 1906 1327 1951 et
1374 1895 1701 1950 excruciare
1747 1893 1967 1960 volunt;

2082 1860 2205 1963 ύμῖν
2251 1887 2627 1960 ἐξομοιοῦσθαι
2671 1860 2979 1939 σπεύδουσι.
3032 1884 3142 1936 Καὶ
3180 1881 3341 1935 πάλιν
3390 1860 3449 1933 ἐν
3480 1877 3659 1939 ἄλλοις

396 1985 451 2038 in
491 1986 747 2041 omnibus
793 1990 941 2045 enim
993 1988 1293 2044 assimilari
1347 1990 1501 2043 vobis
1546 1998 1838 2044 conantur.
1894 1989 1974 2042 Ac

396 2089 585 2131 rursus
622 2078 749 2132 alibi
785 2080 987 2134 clamat
1020 2098 1035 2135 :
1076 2100 1097 2133 ι
1134 2082 1246 2152 Ego
1281 2081 1549 2134 Dominus
1588 2080 1779 2134 vocavi
1831 2088 1884 2134 te
1917 2079 1971 2133 iu

390 2163 630 2233 iustitia,
664 2178 721 2223 et
761 2170 1165 2239 apprehendam
1204 2186 1422 2225 manum
1465 2180 1636 2237 tuam,
1676 2179 1731 2226 et
1776 2170 1972 2225 fortem

399 2263 619 2317 reddam
656 2271 731 2329 te,
757 2272 813 2318 et
840 2279 1036 2332 ponam
1073 2274 1125 2318 te
1159 2265 1210 2317 in
1236 2272 1625 2317 testamentum
1659 2263 1896 2332 generis,
1918 2263 1973 2317 in

396 2356 569 2410 lucem
597 2356 863 2425 gentium,
900 2365 961 2409 ut
991 2356 1207 2426 aperias
1230 2356 1417 2411 oculos
1447 2370 1739 2421 caecorum,
1766 2366 1821 2411 ct
1841 2359 1975 2412 edu-

396 2464 493 2503 cas
515 2463 583 2503 ex
615 2448 846 2505 vinculis
873 2450 1213 2519 compeditos
1244 2449 1313 2507 ⁸³.
1345 2466 1371 2501 ι
1400 2450 1672 2516 Quoniam
1701 2451 1818 2505 hac
1840 2465 1969 2520 quo-

394 2558 502 2611 que
531 2542 599 2597 ad
633 2543 913 2597 Christum
952 2552 1010 2597 et
1061 2544 1415 2613 degentibus
1462 2544 1786 2599 illuminatis
1830 2545 1973 2599 dicta

395 2642 523 2689 sunt
544 2676 560 2702 ,
592 2650 659 2690 an
688 2652 905 2690 rursum
935 2637 1135 2692 dicetis
1161 2656 1173 2689 :
1210 2638 1292 2692 Ad
1321 2638 1499 2707 legem
1532 2646 1586 2691 et
1620 2637 1686 2691 ad
1722 2636 1973 2707 prosely-

395 2738 479 2781 tos
504 2730 617 2781 haec
640 2728 817 2784 dicit?

465 2819 565 2874 llic
596 2829 855 2889 tanquam
899 2821 953 2875 in
996 2822 1218 2876 theatro
1243 2820 1531 2877 vociferati
1559 2830 1688 2877 sunt
1726 2821 1975 2876 nonnulli

393 2924 583 2966 eorum
611 2952 627 2977 ,
673 2913 763 2981 qui
812 2914 1079 2982 postridie
1114 2922 1415 2968 venerant:
1452 2912 1636 2981 Quid?
1682 2912 1874 2968 Nonne
1906 2914 1974 2968 ad

394 3004 567 3073 legem
588 3011 643 3058 et
670 3005 737 3058 ad
767 3019 884 3072 eos,
908 3006 1000 3075 qui
1030 3007 1098 3060 ab
1123 3020 1189 3060 ea
1214 3006 1623 3070 illuminantur,
1648 3006 1763 3060 hac
1803 3005 1982 3060 dicit?

395 3094 458 3148 lli
490 3104 669 3150 autem
702 3104 829 3151 sunt
856 3097 1137 3167 proselyti.

2078 1982 2193 2053 βοᾷ’
2238 2000 2255 2032 ι
2297 1978 2443 2047 Ἐγὼ
2485 1978 2686 2050 Κύριος
2719 1974 2955 2030 ἐκάλεσα
2992 1991 3051 2026 σε
3094 1975 3160 2043 τῇ
3195 1968 3531 2041 δικαιοσύνῃ,
3571 1968 3659 2021 καὶ

2075 2072 2336 2143 κρατήσω
2366 2071 2465 2141 τῆς
2502 2068 2682 2139 χειρός
2722 2084 2838 2130 σου,
2878 2065 2974 2119 καὶ
3005 2062 3208 2133 ἰσχύσω
3248 2077 3309 2111 σε
3333 2100 3347 2125 ,
3382 2058 3477 2111 καὶ
3514 2056 3660 2126 θήσω

2077 2182 2136 2218 σε
2177 2167 2255 2228 εἰς
2306 2162 2571 2233 διαθήκην
2616 2160 2839 2230 γένους,
2890 2158 2971 2219 εἰς
3022 2154 3138 2224 φῶς
3190 2151 3393 2213 ἐθνῶν,
3451 2148 3661 2213 ἀνοῖξαι

2074 2253 2384 2325 ὀφθαλμοὺς
2418 2249 2654 2321 τυφλῶν,
2690 2247 2977 2316 ἐξαγαγεῖν
3016 2246 3080 2297 ἐκ
3110 2239 3324 2311 δεσμῶν
3351 2234 3662 2305 πεπεδημέ-

2076 2366 2216 2411 νους.
2257 2366 2275 2397 ι
2310 2345 2464 2398 Ἐπεὶ
2507 2343 2601 2396 καὶ
2643 2339 2837 2401 ταῦτα,
2880 2332 2928 2390 ὧ
2973 2334 3196 2406 ἄνδρες,
3240 2329 3377 2402 πρὸς
3410 2329 3503 2380 τὸν
3532 2328 3662 2399 Χρι-

2077 2448 2219 2513 στδν,
2254 2448 2350 2502 καὶ
2381 2445 2508 2516 περὶ
2544 2442 2655 2495 τῶν
2680 2438 2861 2493 οέθνῶν
2896 2432 3462 2503 τῶνπεφωτισμὲνων
3509 2430 3659 2501 εἴρη-

2074 2559 2185 2603 ται,
2219 2540 2252 2609 ἢ
2293 2538 2451 2592 πάλιν
2490 2536 2647 2605 ὑμεῖς
2671 2534 2863 2603 ἐρεῖτε·
2900 2528 3044 2600 Πρὸς
3085 2526 3175 2581 τὸν
3198 2525 3361 2596 νόμον
3386 2522 3539 2591 λέγει
3571 2522 3667 2573 καὶ

2075 2632 2200 2693 τοὺς
2229 2624 2599 2698 προσηλύτους
2621 2621 2829 2686 ταῦτα;
3640 2618 3644 2621 ⁷

2146 2826 2257 2878 Καὶ
2301 2822 2489 2895 ὥσπερ
2538 2823 2596 2875 ἐν
2636 2818 2850 2888 θεάτρῳ
2894 2811 3197 2884 ἁνέκραγόν
3249 2825 3394 2873 τινες
3448 2806 3670 2877 τῶν.τῇ

2075 2916 2301 2989 δευτέρᾳ
2322 2913 2658 2984 ἀφιγμένωνυ
2696 2909 2856 2964 Ἀλλὰ
2888 2908 2975 2972 τίς
3006 2906 3066 2959 ού
3100 2905 3236 2974 πρὸς
3269 2902 3360 2989 τδν
3389 2901 3556 2971 νόμον
3579 2898 3664 2949 λέ-

2075 3026 2181 3078 γει,
2209 3007 2303 3061 καὶ
2332 3007 2459 3069 τοὺς
2492 3002 2889 3074 φωτιζομένους
2906 3002 2996 3053 ὑπ’
3026 2996 3226 3062 autcf);
3260 2988 3419 3047 Οὗτοι
3436 2993 3497 3045 δέ
3529 2991 3666 3051 εἰσιν

2076 3076 2125 3153 οἱ
2146 3098 2495 3172 προσήλυτοι.
3532 3076 3537 3081 ’

466 3188 707 3255 Minime,
740 3191 989 3260 inquam,
1016 3188 1365 3261 Tryphonem
1401 3188 1739 3261 respiciens;
1773 3203 1897 3243 nam
1925 3188 1970 3242 si

2146 3193 2294 3257 Οῦκ,
2326 3191 2497 3261 ἔφην,
2548 3186 2754 3243 ἀπιδὼν
2793 3185 2930 3258 πρὸς
2964 3183 3056 3236 τὸν
3094 3181 3385 3253 Τρύφωνα·
3422 3174 3580 3236 ἐπεὶ,
3617 3174 3666 3226 εί

393 3283 481 3338 lex
536 3293 750 3354 gentes,
800 3294 856 3338 et
899 3297 995 3339 eos
1040 3285 1135 3354 qui
1182 3284 1358 3354 legem
1394 3282 1633 3347 habent,
1664 3280 1973 3335 illuminare

395 3390 601 3447 posset,
635 3381 739 3450 qut
753 3393 890 3449 opus
918 3386 1065 3433 esset
1095 3377 1245 3431 Novo
1281 3374 1675 3431 Testamento?
1701 3372 1970 3441 Quoniam

393 3480 577 3528 autem
610 3472 816 3528 Novum
846 3472 1264 3526 Testamentum
1302 3477 1359 3523 et
1400 3479 1659 3523 aeternam
1697 3466 1875 3536 legem
1908 3478 1974 3519 ac

396 3567 715 3621 mandatum
764 3567 1054 3623 missurum
1088 3581 1148 3621 se
1198 3566 1340 3620 Deus
1386 3560 1818 3633 prmnuntiabat,
1865 3572 1973 3612 non

395 3670 640 3714 veterem
684 3660 832 3714 illam
879 3659 1054 3730 legem
1095 3658 1327 3729 ejusque
1358 3654 1664 3726 proselytos
1697 3650 1974 3719 intellige-

397 3768 538 3818 mus,
571 3752 666 3807 sed
692 3752 970 3807 Christum
1004 3768 1068 3807 ac
1095 3752 1407 3823 proselytos
1445 3750 1651 3820 ipsius,
1694 3763 1794 3803 nos
1824 3745 1977 3803 scili~

395 3856 483 3902 cet
510 3862 575 3901 ex
614 3847 896 3917 gentibus,
929 3860 1069 3917 quos
1097 3844 1424 3899 illuminavit
1452 3883 1468 3908 ,
1509 3841 1973 3913 quemadmodum

394 3939 595 3994 alicubi
628 3940 707 3993 ait
741 3956 757 3992 ε
795 3956 814 3990 ι
853 3939 944 3994 Sic
970 3938 1107 3993 dicit
1131 3937 1391 3993 Dominus
1418 3951 1432 3989 :
1458 3934 1731 4005 Tempore
1748 3942 1973 4001 accepto

397 4033 651 4087 exaudivi
688 4040 758 4097 te,
793 4040 847 4087 et
878 4032 931 4085 in
968 4030 1056 4085 die
1104 4030 1300 4085 salutis
1340 4028 1801 4083 auxiliatusysum
1851 4025 1973 4079 tibi.

394 4126 465 4181 Et
496 4124 617 4180 dedi
658 4133 709 4179 te
744 4127 796 4178 in
821 4131 1209 4179 testamentum
1231 4121 1494 4192 gentium,
1527 4128 1587 4173 ut
1613 4119 1977 4175 constitueres

396 4227 637 4282 terram,
656 4225 712 4270 et
733 4216 1106 4270 baereditatem
1141 4214 1421 4283 acciperes
1449 4213 1564 4266 loca
1604 4212 1819 4267 deserta
1850 4210 1917 4267 υ.
1952 4227 1970 4259 ι

395 4306 657 4370 Quaenam
698 4305 865 4375 igitur
907 4305 1199 4359 hazreditas
1235 4303 1481 4359 Christi?
1520 4292 1705 4356 nonne
1754 4299 1977 4371 gentes?

397 4399 683 4465 Quodnam
750 4396 843 4452 Dei
919 4396 1357 4452 testamentum?
1423 4410 1612 4451 nonne
1674 4392 1978 4449 Christus?

398 4489 865 4555 Quemadmodum
894 4489 1059 4543 etiam
1088 4488 1217 4543 alibi
1245 4489 1383 4543 dicit
1409 4504 1423 4542 :
1462 4506 1482 4541 ι
1512 4486 1685 4542 Filius
1733 4501 1888 4541 meus
1917 4500 1977 4540 es

2074 3286 2239 3357 νόμος
2265 3279 2379 3354 εἷχε
2415 3283 2477 3335 τὸ
2506 3278 2761 3351 φωτίζειν
2784 3278 2853 3331 τὰ
2886 3276 3013 3347 ἔθνη
3048 3274 3142 3328 καὶ
3170 3274 3298 3336 τοὺς
3319 3271 3546 3341 ἔχοντας
3570 3268 3667 3321 αῦ-

2073 3378 2185 3443 τὸν,
2229 3377 2312 3441 τίς
2349 3377 2507 3449 χρεία
2544 3373 2751 3443 Καινῆς
2784 3370 3091 3440 Διαθήκης;
3131 3364 3350 3435 Ἐπειδὴ
3385 3362 3497 3433 (25)
3526 3362 3664 3413 Και-

2076 3469 2172 3540 νὴν
2198 3468 2474 3540 Διαθήκην
2496 3507 2510 3532 ,
2546 3467 2642 3519 καὶ
2678 3465 2841 3534 νόμον
2876 3460 3090 3516 αίώνιον
3138 3458 3233 3512 καὶ
3279 3456 3615 3528 πρόσταγμα
3638 3449 3667 3502 6

2075 3563 2207 3625 θεὸς
2245 3562 2624 3633 προεκήρυσσε
2663 3556 2920 3628 πέμψειν,
2962 3554 3083 3624 οὐχι
3113 3553 3204 3605 τὸν
3242 3549 3471 3603 παλαιὸν
3507 3548 3667 3633 νόμον

2077 3625 2421 3725 ἀκουσόμεθα
2442 3625 2554 3707 ’καὶ
2589 3654 2716 3714 τοὺς
2743 3625 3135 3721 ⁷προσηλύτους
3176 3642 3374 3707 αὐτοῦ,
3409 3641 3548 3695 ἀλλᾶ
3578 3625 3675 3692 τὸς)

2077 3747 2310 3820 Χριστὸν
2335 3746 2430 3799 καὶ
2459 3744 2587 3807 τοὺς
2622 3740 2995 3815 προσηλύτους
3018 3736 3206 3801 αὑτοῦ,
3242 3736 3390 3807 ἡμᾶς
3418 3732 3490 3787 τὰ
3516 3732 3663 3801 ἔθνη,

2075 3836 2169 3900 οὒς
2207 3834 2491 3905 ἐφώτισεν,
2525 3832 2600 3896 ῶς
2634 3831 2735 3884 πού
2793 3845 2977 3901 φησιν’
3020 3847 3038 3879 ι
3070 3828 3225 3880 Οὕτω
3254 3826 3404 3895 λέγει
3438 3824 3664 3896 Κύριος·

2078 3928 2270 3998 Καιρῴ
2290 3925 2466 3996 δεκτῷ
2498 3923 2781 3995 ἐπήκουσά
2810 3939 2925 3985 σου,
2966 3921 3063 3974 καὶ
3092 3922 3151 3972 ἐν
3173 3917 3358 3989 ἡμέρᾳ
3393 3914 3669 3986 σωτηρίας

2079 4020 2352 4092 ἐϐοήθησά
2385 4036 2466 4072 σοι
2494 4018 2625 4089 (26),
2667 4019 2762 4070 καὶ
2793 4015 2971 4069 ἔδωκά
3005 4030 3064 4066 σε
3102 4014 3179 4076 είς
3212 4009 3480 4081 διαθήκην
3499 4005 3669 4061 ἐθνῶν

2077 4113 2171 4166 τοῦ
2214 4113 2551 4183 καταστῆσαι
2576 4110 2673 4181 τὴν
2704 4108 2831 4179 γῆν,
2873 4108 2969 4161 καὶ
3004 4104 3369 4177 κληρονομίαν
3406 4100 3670 4171 κληρονοι

2083 4207 2251 4277 μῆσαι
2294 4206 2552 4277 ἐρήμους.
2599 4224 2617 4254 ι
2662 4202 2757 4265 Τίς
2795 4196 2887 4253 οὖν
2937 4200 2971 4270 ἡ
3023 4196 3354 4269 κληρονομία
3395 4192 3501 4245 τοῦ
3532 4192 3671 4264 Χρι-

2082 4297 2241 4361 στοῦ;
2277 4297 2398 4366 οὐχὶ
2433 4294 2502 4349 τὰ
2536 4294 2701 4365 ἕθνη;
2748 4294 2846 4357 Τίς
2878 4294 2911 4363 ή
2941 4290 3175 4361 διαθήκη
3216 4288 3313 4341 τοῦ
3355 4284 3529 4349 Θεοῦς
3572 4283 3671 4352 οὐχ

2081 4395 2108 4446 6
2130 4391 2399 4463 Χριστός;
2434 4389 2523 4452 Ὠς
2549 4388 2644 4440 καὶ
2674 4384 2908 4456 ἀλλαχοῦ
2940 4400 3122 4456 φησιν·
3164 4400 3183 4432 ι
3228 4379 3353 4440 Υἱός
3384 4394 3486 4447 μου
3513 4371 3563 4428 εἷ
3586 4374 3667 4427 σύ·

2084 4483 2195 4553 ἐγὼ
2238 4483 2476 4555 σήμερον
2523 4478 2829 4549 γεγέννηκά
2862 4494 2941 4529 σε.
2978 4476 3213 4547 Αίτησαι
3241 4472 3369 4543 παρ’
3396 4468 3556 4539 ἐμοῦ,
3580 4465 3673 4520 καὶ

396 4592 454 4634 ιιι
489 4600 504 4636 :
538 4581 830 4652 egohodie
855 4582 1018 4650 genui
1051 4591 1124 4636 te.
1155 4581 1377 4637 Postula
1406 4595 1437 4634 a
1469 4596 1580 4647 me,
1615 4590 1670 4635 et
1705 4581 1850 4635 dabo
1879 4577 1973 4634 tibi

2082 4575 2236 4628 δώσω
2270 4572 2511 4642 σοιέηέθνη
2552 4570 2650 4642 τὴν
2683 4568 3048 4640 κληρονομίαν
3084 4582 3175 4620 σου
3226 4564 3321 4617 καὶ
3362 4561 3460 4633 τὴν
3506 4558 3674 4614 κατά-

396 4683 585 4742 gentes
630 4675 1009 4730 haereditatem
1063 4689 1245 4745 tuam,
1294 4690 1350 4732 et
1379 4674 1780 4745 possessionem
1829 4681 1975 4731 tuam

399 4769 666 4823 terminos
691 4778 853 4823 terrae
878 4768 941 4823 ¹⁸.
982 4788 1001 4823 ι

467 4949 593 5005 125.
636 4948 902 5004 Ridiculw
942 4951 1403 5020 interpretationes
1431 4947 1767 5003 Judtzarum.
1815 4944 1985 4999 Chri-.

390 5043 553 5095 sliani
587 5058 740 5095 verus
787 5041 976 5097 Israel.
1020 5074 1087 5084 —-
1127 5042 1597 5111 Quemadmodum
1651 5041 1816 5111 igitur
1859 5039 1975 5092 hinc

465 5219 508 5249 ¹⁰
550 5217 737 5275 Matth.
779 5223 1052 5289 xxm,15.
1136 5223 1178 5252 ¹²
1220 5221 1320 5274 lsa.
1358 5236 1488 5283 xui,
1523 5220 1611 5274 16.
1689 5219 1731 5249 ⁸³
1771 5215 1873 5270 lsa.
1912 5229 2063 5277 xum,
2094 5212 2202 5271 ιι),
2262 5208 2306 5243 ¹³
2346 5206 2447 5261 lsa.
2480 5220 2588 5263 xui
2643 5202 2696 5257 6.
2781 5201 2823 5234 “‘
2860 5200 2963 5255 lsa.
2999 5212 3148 5253 xm.
3174 5196 3225 5259 8,
3272 5193 3326 5248 9.

394 5304 455 5351 ιι,
491 5291 543 5340 7.

468 5484 585 5554 (24)
617 5485 890 5538 Γίνεσθε.
948 5481 1215 5535 Nimirum
1263 5495 1387 5554 cum
1443 5478 1671 5554 .ludaica
1730 5479 1977 5554 instituta

402 5546 818 5623 anipléctimini.
852 5554 983 5620 Qua.-
1020 5554 1164 5623 enim
1200 5551 1665 5623 proselytisdicit,
1690 5564 1751 5603 ea
1774 5546 1979 5603 Iudaeis

399 5621 535 5690 ipsis
565 5624 672 5678 dici
699 5634 949 5691 poterant
980 5622 1305 5690 quibuscum
1337 5621 1644 5691 proselytos
1669 5634 1837 5673 unum
1856 5633 1981 5673 esse

403 5693 660 5761 pupulum
685 5695 881 5761 probat
907 5711 962 5745 ιι.
996 5693 1121 5746 123.
1156 5692 1337 5757 Quare
1364 5705 1588 5745 necesse
1612 5705 1718 5744 non
1744 5700 1834 5761 est
1853 5704 1977 5761 cum

402 5758 490 5834 ιι(
510 5758 786 5834 Stephano
819 5763 995 5834 legere
1025 5762 1268 5829 γίνεσθαι
1300 5763 1633 5826 ποιεῖτε,ιιυι
1657 5758 1975 5816 cumThiri-

400 5832 489 5887 hu
515 5832 778 5901 λέγονται.

2085 4666 2269 4743 σχεσίν
2304 4682 2396 4718 σου
2434 4664 2503 4717 τὰ
2533 4663 2743 4733 πέρατα
2774 4660 2872 4730 τῆς
2912 4658 3034 4729 γῆς.
3076 4676 3094 4707 ι

2155 4940 2278 4993 125.
2314 4938 2402 4999 Ὠς
2433 4931 2543 4989 οὖν,
2567 4933 2743 4985 πάντα
2772 4929 2944 4983 ταῦτα
2983 4927 3197 4997 εἴρηται
3231 4923 3372 4994 πρὸς
3406 4922 3496 4974 τὸν
3533 4920 3669 4991 Χρι-

2081 5033 2172 5086 τδν
2211 5031 2307 5085 καὶ
2348 5028 2435 5087 τέι
2460 5027 2610 5097 ἔθνη,
2645 5024 2817 5087 οὕτως
2851 5023 3080 5075 κάκεῖνα
3114 5016 3364 5088 εἰρῆσθαι
3397 5011 3669 5082 νομίζετε.

3438 5192 3478 5221 ⁸⁸
3520 5186 3668 5245 Psal.

2154 5476 2270 5545 (25)
2302 5472 2565 5536 Ἐπειδὴ.
2595 5471 2771 5545 Δδίψει
2819 5471 2871 5523 in
2918 5470 3024 5545 hac
3046 5481 3217 5545 _voc_e_
3243 5464 3385 5545 lapsi
3431 5459 3666 5520 librarii.

2080 5536 2401 5617 Legeudnm
2431 5545 2557 5617 ἐπεὶ
2589 5542 2666 5617 δέ,
2705 5536 2769 5594 ιιι
2794 5542 3000 5617 attonuit
3157 5536 3452 5617 T‘hjrlbius.

2156 5603 2269 5687 (26)
2303 5603 2792 5687 Ἐεοήθησάοτομ
2819 5612 3051 5687 Auditur
3080 5611 3133 5687 in
3155 5605 3360 5687 _Bibliis
3382 5603 3669 5687 ﬁdit-1:2“!-

2084 5674 2267 5749 σάδσεξ
2296 5700 2417 5751 quae
2442 5674 2608 5738 verba
2645 5684 2807 5736 etiam
2849 5680 2900 5751 in
2939 5682 3063 5736 cod.
3104 5679 3261 5751 Ales.
3304 5687 3357 5731 et
3390 5677 3528 5751 apud
3560 5674 3664 5751 Cl-

2086 5760 2194 5811 rill.
2232 5746 2286 5810 et
2312 5746 2483 5809 Clem.
2512 5754 2669 5815 Alex.
2704 5768 2760 5828 p_.
2792 5750 3153 5815 762,,deessc
3182 5750 3326 5804 idem
3361 5747 3451 5803 vir.
3478 5746 3666 5800 crudi.

2086 5841 2173 5886 tus
2205 5828 2483 5884 observat.
