3954 6258
328 418 422 475 761

1372 417 1725 476 DIALOGUS
1752 419 1898 476 CUM
1933 419 2311 476 TRYPHONE
2347 419 2618 476 JUD/EO.

3551 422 3656 477 763

323 533 493 587 Οὐδὲν
534 530 659 607 γὰρ
712 533 1034 606 χρῄζωσιν
1089 536 1136 589 οἱ
1191 536 1516 607 προσήλυτοι
1571 535 1873 607 διαθήκης,
1920 538 1958 589 εἰ

2073 537 2255 591 omnia
2283 536 2350 591 ad
2375 535 2655 591 Christum
2687 545 2738 591 et
2783 548 2973 607 gentes
3000 539 3143 594 dicta
3168 547 3332 604 sunt,
3368 538 3441 593 ita
3468 549 3521 595 et
3563 541 3654 596 illa

329 626 446 689 tvbc
482 627 590 679 καὶ
629 626 741 680 τοῦ
780 629 963 682 αὐτοῦ
999 630 1135 682 πᾶσι
1176 633 1289 693 τοῖς
1334 630 1815 703 περὶτεμνομένοις
1860 647 1974 683 κει-

339 718 500 789 μένου
531 718 721 789 νόμου
749 760 764 782 ,
804 722 946 793 περὶ
994 721 1219 774 ἐκείνων
1265 720 1437 784 οὕτως
1480 723 1512 793 ἡ
1560 721 1748 793 Γραφὴ
1788 721 1966 789 λέγει’

348 829 366 861 ι
392 810 506 863 Καὶ
545 810 1015 883 προστεθήσεται
1046 814 1137 865 καὶ
1166 816 1192 866 6
1219 812 1430 884 Γηὸρας
1460 813 1597 885 πρὸς
1620 813 1841 876 αὐτοὺς,
1877 814 1971 865 καὶ

350 900 805 972 προστεθήσεται
841 904 983 975 πρὸς
1011 903 1103 955 τὸν
1139 899 1285 956 οἷκον
1306 901 1521 957 Ἰακώϐ.
1563 922 1587 954 ι
1618 904 1727 957 Καὶ
1753 904 1835 956 ὅτι
1872 904 1970 973 μὲν

355 994 702 1066 προσήλυτος
742 992 864 1065 (‘27)
893 998 922 1047 ὁ
954 994 1411 1065 περιτεμνόμενος
1446 996 1525 1057 είς
1546 994 1625 1065 τῷ
1663 994 1776 1064 λαῷ
1798 1011 1967 1065 προσ-

358 1088 750 1159 κεχωρηκέναι
801 1087 915 1157 (28)
952 1088 1100 1140 ἐστὶν
1134 1086 1209 1149 ὡς
1241 1086 1538 1157 αὐτόχθων*
1574 1089 1736 1158 ἡμεῖς
1759 1088 1813 1139 δὲ
1842 1088 1968 1151 λαὸς

360 1181 660 1251 κεκλῆσθαι
693 1181 1020 1251 ἠξιωμένοι,
1057 1181 1257 1251 ὁμοίως
1287 1181 1397 1250 (‘29)
1433 1179 1581 1243 ἔθνος
1607 1182 1771 1251 ἐσμὲν
1802 1179 1888 1233 διὰ
1907 1181 1968 1233 τὸ

361 1274 735 1345 ἀπερίτμητοι
783 1269 945 1326 εἶναι.
992 1272 1136 1343 Πρὸς
1170 1272 1229 1325 δὲ
1275 1274 1369 1325 καὶ
1394 1271 1603 1340 γελοῖόν
1638 1274 1785 1324 ἐστιν
1816 1273 1969 1341 ἡγεῖ-

364 1366 479 1420 σθαι
507 1367 688 1436 ὑμᾶς,
720 1366 835 1418 τῶν
871 1367 966 1436 μὲν
997 1364 1352 1436 προσηλύτων
1386 1363 1565 1417 αὐτῶν
1592 1362 1858 1434 ἀνεῷχθαι
1896 1362 1965 1416 τὰ

362 1460 606 1530 δμματα,
641 1459 806 1529 ὑμῶν
835 1459 893 1511 δὲ
924 1457 1007 1511 οὗ·
1049 1460 1141 1511 καὶ
1163 1459 1310 1529 ὑμᾶς
1342 1458 1440 1528 μὲν
1481 1457 1699 1510 ἀκούειν
1732 1457 1973 1526 τυφλοὺς

363 1552 454 1603 καὶ
506 1552 773 1619 κωφοὺς,
814 1551 1056 1612 ἐκείνους
1099 1550 1154 1602 δὲ
1204 1548 1669 1619 πεφωτισμένους.
1716 1549 1825 1603 Καὶ
1881 1551 1963 1603 ὅτι

360 1643 703 1715 γελοιότερον
740 1642 855 1713 (30)
886 1641 1220 1712 ἀποϐήσεται
1255 1642 1383 1711 ὑμῖν
1420 1641 1482 1693 τὸ
1516 1643 1765 1712 πρᾶγμα,
1802 1644 1849 1694 εί
1871 1642 1963 1695 τδν

362 1736 521 1805 νόμον
553 1739 676 1798 τοῖς
724 1734 904 1787 ἔθνεσι
945 1733 1186 1787 δεδόσθαι
1220 1737 1442 1805 φήσετε,
1479 1735 1636 1804 ὑμεῖς
1665 1733 1787 1787 οὔτε
1818 1737 1962 1788 έκεῖ-

362 1844 447 1879 νον
480 1828 573 1879 τὸν
628 1828 800 1897 νόμον
850 1826 1071 1895 ἔγνωτε.
1116 1825 1446 1879 Ηύλαϐεῖσθε
1492 1824 1600 1896 γὰρ
1634 1826 1700 1878 ἂν
1730 1826 1829 1897 τὴν
1865 1826 1960 1879 τοῦ

360 1918 493 1972 Θεοῦ
522 1919 723 1993 ὀργὴν,
762 1921 857 1971 καὶ
886 1919 989 1970 υἱοὶ
1014 1919 1201 1989 ἄνομοι
1231 1920 1325 1971 καὶ
1361 1918 1719 1989 ρεμὸεύοντες
1758 1920 1858 1972 οὐκ
1894 1918 1961 1974 ἂν

358 2008 475 2083 ἦτε,
507 2011 929 2081 δυσωπούμενοι
951 2009 1167 2062 ἀκούειν
1201 2010 1461 2063 ἑκάστοτε
1490 2010 1739 2079 λέγοντος
1772 2012 1963 2066 αὐτοῦ*

367 2122 385 2151 ι
414 2103 534 2155 Υἱοὶ
567 2097 655 2164 οἷς
687 2102 792 2153 ούκ
820 2100 935 2153 ἔστι
966 2101 1145 2163 πίστις
1172 2101 1229 2152 ὲν
1256 2100 1458 2163 αὐτοῖς.
1485 2101 1593 2153 Καὶ
1623 2101 1707 2164 τίς
1737 2100 1958 2170 τυφλὸς,

359 2191 471 2243 ἀλλ’
504 2192 539 2262 ἢ
580 2194 633 2245 οἱ
678 2191 872 2253 παῖδές
914 2208 1034 2261 μου·
1072 2192 1165 2243 καὶ⁸
1206 2191 1410 2260 κωφὸς,
1450 2190 1565 2243 ἀλλ’
1602 2191 1634 2261 ἢ
1666 2194 1714 2243 οἱ
1740 2191 1961 2263 κυριεύ-

356 2303 509 2348 οντες
556 2285 775 2348 αὖτῶν;
811 2284 918 2337 Καὶ
972 2281 1359 2353 ὲτυφλώθησαν
1397 2284 1446 2335 οἱ
1473 2282 1647 2336 δοῦλοι
1674 2283 1767 2335 τοῦ
1799 2283 1955 2336 Θεοῦ.

357 2378 417 2430 ΕΞ
441 2378 500 2431 δέ
520 2396 586 2446 γε
620 2378 736 2447 (⁸51)
763 2377 1041 2439 πολλάκις,
1066 2376 1161 2428 καὶ
1177 2376 1277 2427 οὐκ
1296 2373 1656 2442 ὲφυλάξασθε’
1681 2375 1954 2445 ἀνεῳγμέ-

356 2488 423 2525 να
451 2472 523 2523 τὰ
571 2465 695 2522 ὦτα
753 2469 941 2539 ὑμῶν,
990 2470 1085 2521 καὶ
1133 2469 1234 2520 οὐκ
1282 2466 1577 2533 ἠκούσατε.
1622 2487 1640 2519 ι
1695 2469 1758 2520 Εἰ
1798 2468 1963 2532 καλὸς

358 2562 512 2634 ὑμῶν
537 2565 569 2615 6
600 2563 828 2625 ἔπαινος
851 2560 948 2613 τοῦ
988 2560 1122 2612 Θεοῦ
1143 2561 1239 2612 καὶ
1267 2558 1403 2611 Θεοῦ
1437 2560 1711 2633 μαρτυρία
1747 2560 1958 2623 δούλοις

358 2655 653 2726 πρέπουσα
671 2672 685 2717 ;
704 2655 806 2706 οὐκ
826 2652 1145 2723 αἰσχύνεσθε
1169 2652 1426 2716 πολλάκις
1447 2653 1619 2706 ταῦτα
1646 2652 1961 2719 ἀκούοντες,

356 2748 475 2800 οὐδὲ
510 2747 874 2810 ἀπειλοῦντος
896 2748 990 2801 τοῦ
1024 2748 1158 2802 Θεοῦ
1188 2751 1465 2821 φρίσσετε,
1496 2746 1663 2822 ἀλλ’ἢ
1692 2750 1815 2813 λαὸς
1848 2768 1962 2821 μω-

357 2839 449 2909 ρὸς
478 2840 576 2891 καὶ
620 2836 1051 2911 σκληροκάρδιός
1089 2842 1232 2893 ὲστε.
1274 2859 1293 2891 ι
1333 2841 1431 2894 Διὰ
1455 2840 1615 2894 τοῦτο
1650 2841 1758 2894 ἰδοὺ
1785 2857 1957 2912 προσ-

355 2928 510 3000 θήσω
540 2928 644 2983 τοῦ
696 2928 1010 2999 μεταθεῖναι
1053 2929 1145 2982 τὸν
1173 2929 1299 2984 λαὸν
1335 2932 1521 2984 τοῦτον
1542 2973 1556 2996 ,
1600 2951 1618 2984 ι
1655 2931 1804 3002 λέγει
1842 2932 1958 2986 Κύ-

358 3037 470 3091 ριος
492 3060 511 3083 ,
537 3041 554 3070 ι
589 3020 689 3073 καὶ
726 3021 1018 3092 μεταθήσω
1046 3022 1260 3086 αὐτοὺς,
1297 3024 1391 3075 καὶ
1424 3023 1609 3076 ἀπολῶ
1638 3025 1736 3096 τὴν
1767 3024 1958 3092 σοφίαν

354 3106 462 3159 τῶν
500 3108 706 3177 σοφῶν,
750 3110 845 3161 καὶ
886 3109 985 3181 τὴν
1029 3110 1241 3165 σύνεσιν
1272 3112 1382 3165 τῶν
1417 3113 1653 3168 συνετῶν
1681 3114 1893 3186 κρύψω.
1932 3133 1953 3168 ›

354 3199 638 3268 Εὐκγωςο
667 3202 732 3253 ού
759 3201 868 3274 γὰρ
903 3204 1054 3271 σοφοί
1083 3206 1225 3269 ἐστε,
1249 3206 1370 3259 οὐδὲ
1405 3207 1632 3269 συνετοὶ,
1668 3207 1803 3260 ἀλλὰ
1840 3207 1956 3280 δρι-

358 3293 483 3359 psi;
514 3292 616 3343 καὶ
646 3292 968 3361 πανοῦργον
1003 3295 1157 3363 σοφοὶ
1185 3297 1265 3359 εὶς
1290 3296 1351 3349 τὸ
1380 3298 1741 3367 κακοποιῆσαι
1773 3298 1951 3369 μόνον*

353 3382 561 3449 γνῶναι
579 3383 639 3436 δὲ
670 3383 866 3455 βουλὴν
899 3386 1035 3438 Θεοῦ
1069 3389 1480 3460 κεκρυμμένην,
1504 3390 1536 3460 ἢ
1562 3390 1826 3462 διαθήκην
1846 3393 1959 3443 Κυ-

357 3473 477 3544 ρίου
530 3474 757 3542 πιστὴν,
801 3474 838 3544 ἢ
881 3475 1099 3546 τρίδους
1148 3477 1397 3541 αἰωνίους
1444 3478 1642 3549 εὑρεῖν,
1684 3476 1953 3530 ἀδύνατοι.

359 3582 379 3612 ι
418 3562 733 3634 Τοιγαροῦν
759 3564 959 3635 ἐγερῶ,
1004 3567 1156 3636 φησὶ,
1202 3567 1279 3639 τῷ
1307 3568 1525 3640 Ἰσραὴλ
1552 3570 1644 3623 καὶ
1678 3570 1757 3641 τῷ
1787 3571 1957 3625 Ἰούδα

356 3652 586 3722 σπέρμα
620 3653 946 3724 ἀνθρώπων,
979 3660 1073 3710 κσι)⁸
1117 3658 1338 3729 σπέρμα
1383 3661 1615 3730 κτηνῶν.
1656 3680 1674 3713 ι
1723 3663 1833 3716 Καὶ
1870 3661 1958 3715 διὰ

365 3742 598 3798 Ἡσαΐου
636 3748 766 3819 περὶ
797 3748 958 3801 ἄλλου
984 3750 1200 3822 Ἰσραὴλ
1231 3752 1373 3805 οὕτω
1400 3754 1553 3823 φησίί
1594 3774 1611 3805 ι
1655 3755 1738 3825 Τῇ
1775 3756 1960 3827 ἡμέρᾳ.

356 3836 544 3908 ἐκείνη
588 3838 742 3895 ἔσται
782 3842 965 3913 τρίτος
993 3844 1211 3915 Ἰσραὴλ
1256 3847 1315 3897 ὲν
1358 3850 1475 3910 τοῖς
1520 3847 1823 3920 Ἀσσυρίοις
1864 3848 1959 3902 καὶ

353 3932 701 3997 Αἰγυπτίοις,
724 3935 1087 4006 εὐλογημένος
1116 3941 1172 3991 ἐν
1184 3941 1247 4010 τῇ
1269 3942 1338 4010 γῇ
1375 3940 1439 4009 ἢν
1461 3939 1724 4011 εὑλόγησε
1754 3940 1960 4012 Κύριος

356 4020 618 4086 Σαϐαὼθ,
666 4025 861 4094 λέγων·
897 4028 1275 4099 Εὐλογημένος
1299 4031 1450 4084 ἔσται
1476 4034 1504 4085 ὁ
1529 4032 1658 4096 λαός
1702 4050 1804 4103 μου
1839 4036 1867 4086 6
1901 4037 1958 4087 ὲν

356 4112 624 4184 Αἰγύπτῳ
642 4154 658 4178 ,
694 4117 788 4169 καὶ
809 4120 837 4170 6
863 4120 923 4171 έν
958 4120 1287 4192 Ἀσσυρίοις,
1320 4123 1414 4176 καὶ
1442 4125 1474 4194 η
1496 4123 1829 4196 κληρονομία
1854 4142 1956 4195 μου

509 4316 555 4346 ¹⁶
594 4315 697 4369 lsa.
733 4333 846 4381 xw,
880 4319 929 4373 1.

1015 4322 1055 4351 ¹⁷
1102 4320 1256 4377 Dettt.
1287 4339 1465 4389 um,
1490 4325 1583 4378 ΞΟ.
1666 4326 1710 4357 ¹⁹
1752 4324 1856 4380 lsa.
1896 4342 2029 4391 XLII,
2068 4326 2153 4381 19.

2071 628 2384 683 existimate
2415 642 2537 682 esse
2560 628 2732 683 dicta.
2756 628 2875 683 Non
2911 631 3063 684 enim
3105 630 3359 700 indigent
3391 632 3656 703 proselyti

2074 730 2427 786 testamento;
2473 722 2539 786 si,
2592 736 2717 775 cum
2764 736 2871 775 una
2917 732 2973 776 et
3024 723 3217 777 eadem
3263 722 3348 777 lex
3397 724 3657 778 omnibus

2071 811 2411 866 circumcisis
2444 812 2621 881 posita
2669 812 2762 877 sit,
2801 812 2868 865 de
2893 812 3001 865 illis
3032 810 3318 880 Scriptura
3349 810 3429 865 sic
3473 810 3654 879 loqui—

2070 909 2157 955 tur
2188 920 2203 955 ;
2241 919 2261 953 ι
2293 903 2357 956 Et
2390 912 2693 973 apponetur
2726 904 2894 958 etiam
2922 902 3151 957 Geioras
3184 904 3251 956 ad
3279 905 3447 972 ipsos,
3478 913 3533 956 et
3557 916 3657 970 apo

2069 1004 2304 1062 ponetur
2350 997 2418 1049 ad
2474 998 2695 1050 domum
2746 995 3011 1052 Jacob“.
3062 1013 3081 1046 ι
3133 994 3272 1048 Τυηι
3322 995 3488 1049 etiam
3526 995 3654 1062 quia

2069 1086 2395 1155 proselytus,
2427 1086 2518 1156 qui
2547 1085 2912 1140 circumcisus
2942 1095 3046 1150 est,
3075 1084 3241 1155 216
3275 1092 3335 1138 ut
3373 1084 3442 1137 ad
3483 1098 3654 1154 p0pu-

2068 1174 2178 1228 lutn
2214 1178 2458 1240 accedat,
2484 1186 2566 1230 est
2593 1174 2767 1232 instar
2797 1177 3070 1247 indigena:
3104 1195 3117 1230 :
3160 1192 3260 1230 nos
3303 1184 3485 1229 autem
3514 1214 3529 1238 ,
3560 1174 3653 1244 qui

2067 1268 2246 1338 populi
2288 1268 2653 1337 appellatione
2684 1268 2891 1337 dignati
2934 1284 3123 1323 sumus
3144 1308 3159 1332 ,
3188 1283 3321 1338 gens
3355 1278 3537 1321 tamen
3562 1283 3656 1320 sn-

2069 1376 2217 1423 nms,
2241 1374 2307 1413 eo
2340 1359 2486 1429 quod
2517 1359 2831 1413 circumcisi
2877 1374 2985 1413 non
3025 1359 3220 1413 simus.
3254 1358 3527 1413 Praeterea
3573 1357 3651 1411 ri-

2065 1451 2302 1506 diculum
2329 1461 2433 1518 est,
2469 1461 2529 1506 ut
2566 1452 2965 1523 proselytorum
3003 1451 3223 1521 quidem
3257 1452 3445 1506 oculos
3482 1464 3651 1520 aper—

2066 1552 2150 1596 tos
2173 1556 2315 1607 esse,
2349 1551 2565 1595 vestros
2588 1550 2770 1595 autem
2796 1554 3171 1608 nequaquam;
3200 1556 3264 1593 ac
3289 1553 3387 1593 vos
3428 1537 3650 1607 quidem

2063 1648 2235 1689 caseos
2258 1642 2313 1687 et
2336 1632 2566 1695 surdos,
2594 1631 2714 1685 illos
2748 1642 2964 1695 autem,
3008 1631 3346 1684 illuminatos
3379 1630 3485 1684 dici
3530 1628 3650 1681 exi-

2062 1725 2318 1779 stimetis.
2352 1722 2460 1777 Res
2491 1724 2673 1777 adhuc
2705 1723 2877 1791 magis
2905 1722 3135 1776 ridicula
3162 1722 3464 1785 videbitur,
3494 1721 3538 1773 si
3573 1722 3650 1774 le-

2063 1832 2183 1886 gem
2242 1816 2495 1886 gentibus
2550 1814 2733 1868 datam
2791 1814 3041 1877 dicatis,
3089 1828 3186 1867 vos
3239 1822 3419 1866 autem
3475 1813 3646 1881 ipsam

2064 1911 2207 1962 illam
2247 1909 2419 1976 legem
2465 1923 2569 1961 non
2613 1907 2904 1962 noveritis.
2937 1904 3069 1960 Nam
3114 1907 3158 1959 si
3211 1907 3467 1969 nossetis,
3509 1905 3646 1957 iram

2066 2003 2159 2056 Dei
2206 2001 2561 2064 metuissetis,
2616 2016 2716 2055 nec
2768 1999 2864 2052 lilii
2922 1999 3095 2068 iniqui
3139 2000 3335 2052 essetis
3363 2007 3418 2050 et
3462 2010 3648 2050 errore

2062 2099 2355 2160 vagantes;
2402 2089 2498 2143 sed
2536 2088 2824 2143 cavissetis
2868 2104 2936 2142 ne
2968 2104 3090 2143 eum
3123 2104 3347 2157 semper
3376 2088 3646 2142 dicentem

2062 2182 2328 2237 audiretis
2360 2199 2375 2235 :
2416 2198 2435 2232 ι
2464 2181 2593 2236 Filii
2635 2182 2834 2251 quibus
2873 2197 2981 2234 non
3021 2192 3104 2235 est
3151 2180 3284 2235 lides
3319 2182 3371 2234 in
3418 2180 3549 2248 ipsis
3577 2179 3643 2232 ".

2061 2273 2128 2327 Et
2152 2274 2277 2341 quis
2306 2274 2627 2345 caacusInisi
2658 2273 2813 2342 pueri
2850 2273 2993 2326 mei?
3020 2273 3087 2326 Et
3115 2277 3240 2343 quis
3269 2273 3504 2336 surdus,
3542 2271 3646 2325 nisi

2060 2367 2152 2433 qui
2201 2366 2557 2421 dominantur
2596 2366 2716 2421 eis?
2746 2366 2809 2420 Et
2850 2367 3107 2419 excaecati
3162 2374 3289 2420 sunt
3335 2365 3478 2420 servi
3527 2363 3644 2418 Dei.

2063 2458 2291 2513 Vidistis
2324 2474 2486 2528 smpe,
2510 2469 2565 2514 et
2589 2474 2694 2513 non
2722 2459 3059 2513 observastis
3091 2472 3105 2510 :
3137 2468 3341 2526 aperta:
3368 2472 3529 2511 aures
3558 2472 3650 2512 ve-

2060 2562 2211 2617 strae,
2240 2560 2296 2604 et
2321 2567 2428 2605 non
2460 2552 2695 2605 audistis
2721 2552 2781 2605 ³⁸.
2828 2571 2847 2602 ›
2874 2549 3009 2603 Num
3053 2550 3313 2620 praeclara
3349 2551 3463 2603 inec
3506 2548 3644 2614 laus,

2059 2660 2221 2713 quam
2255 2645 2398 2700 Deus
2427 2646 2584 2699 vobis
2614 2645 2838 2711 tribuit,
2872 2654 2927 2698 et
2961 2642 3056 2697 Dei
3103 2644 3480 2698 testimonium
3526 2656 3648 2696 ser-

2060 2757 2156 2796 vos
2199 2739 2451 2795 decens?
2487 2738 2605 2793 Non
2659 2755 2756 2793 vos
2804 2740 2971 2808 pudet
3020 2740 3211 2793 eadem
3242 2752 3387 2807 smpe
3432 2736 3644 2791 audire.

2060 2851 2159 2890 nec
2185 2836 2299 2889 Deo
2330 2832 2705 2887 comminante
2749 2831 3216 2897 contremiscitis;
3259 2830 3358 2884 sed
3404 2828 3647 2898 proiecto

2059 2928 2291 2999 populus
2316 2928 2449 2981 estis
2478 2925 2747 2994 insipiens
2796 2936 2853 2979 et
2887 2926 3053 2979 corde
3081 2925 3403 2979 obduratus.
3451 2940 3469 2972 ι
3507 2920 3647 2974 Pro-

2058 3030 2247 3090 pterea
2274 3035 2408 3075 ecce
2441 3019 2638 3073 addam
2675 3026 2735 3071 ut
2759 3017 3085 3071 transferam
3121 3014 3379 3085 populum
3417 3014 3581 3077 hunc,
3620 3031 3639 3063 ι

2058 3111 2195 3164 dicit
2219 3110 2481 3164 Dominus
2503 3150 2523 3175 ,
2566 3128 2583 3161 ι
2621 3118 2675 3164 et
2702 3109 3026 3161 transferam
3049 3121 3145 3161 eos
3177 3123 3190 3158 :
3225 3117 3281 3159 et
3305 3106 3529 3175 perdam
3556 3119 3646 3158 sa-

2062 3203 2322 3272 pientiam
2378 3202 2747 3270 sapientium,
2786 3208 2842 3254 et
2882 3198 3302 3267 intelligentiam
3330 3197 3644 3265 intelligen-

2063 3296 2196 3348 tium
2245 3294 2579 3348 abscondam
2610 3294 2679 3348 ιθ.
2721 3311 2740 3344 ι
2783 3292 2979 3346 Merito
3023 3305 3197 3355 sane;
3266 3303 3440 3357 neque
3496 3290 3644 3341 enim

2062 3388 2338 3457 sapientes
2366 3387 2501 3441 estis
2520 3395 2614 3439 aut
2639 3385 2953 3453 prudentes,
2980 3384 3074 3437 sed
3108 3380 3271 3435 astuti
3297 3391 3353 3435 et
3391 3378 3641 3447 versuti;

2062 3481 2115 3535 in
2146 3480 2247 3534 hoc
2275 3488 2483 3533 tantum
2502 3481 2779 3547 sapientes
2812 3485 2870 3530 ut
2910 3476 3053 3530 male
3092 3475 3301 3545 agatis;
3350 3474 3647 3528 abscondi-

2064 3582 2173 3628 tum
2216 3583 2396 3626 autem
2446 3571 2540 3626 Dei
2582 3571 2873 3626 consilium
2926 3578 3019 3623 aut
3064 3568 3219 3623 lidele
3256 3576 3653 3622 testamentum.

2066 3664 2277 3719 Domini
2305 3678 2673 3733 cognoscere,
2700 3672 2796 3717 aut
2839 3672 3073 3716 :cternas
3116 3661 3347 3715 semitas
3394 3660 3644 3714 invenire

2064 3773 2171 3812 non
2206 3757 2456 3826 potestis.
2482 3775 2500 3808 ι
2543 3756 2728 3827 Itaque
2777 3755 3055 3819 excitabo,
3112 3754 3308 3822 inquit,
3362 3751 3548 3806 lsraeli
3590 3759 3647 3805 et

2061 3847 2215 3904 Judte
2240 3864 2427 3904 semen
2462 3848 2743 3903 hominum
2791 3857 2845 3901 et
2880 3862 3067 3902 semen
3115 3848 3383 3918 pecudum
3413 3846 3485 3902 '°.
3521 3863 3540 3897 ι
3578 3843 3646 3898 Et

2064 3954 2161 4009 per
2196 3940 2391 3995 Isaiam
2438 3943 2504 3996 de
2541 3939 2647 3994 alio
2689 3938 2892 3993 lsraele
2931 3940 3013 3994 sic
3052 3940 3295 4008 loquitur
3333 3955 3347 3993 :
3387 3956 3406 3990 ι
3456 3938 3511 3991 In
3558 3938 3647 3991 die

2062 4033 2156 4086 illa
2189 4034 2297 4087 erit
2346 4034 2543 4089 tertius
2571 4032 2735 4088 Israel
2777 4034 2829 4087 in
2863 4032 3107 4103 Assyriis
3150 4042 3204 4085 et
3241 4030 3518 4101 [Egyptiis
3552 4027 3660 4082 be--

2064 4125 2311 4180 nedictus
2357 4125 2411 4180 iu
2461 4134 2643 4192 terra,
2695 4140 2860 4194 quam
2910 4125 3193 4180 benedixit
3235 4125 3500 4181 Dominus
3544 4120 3657 4177 Sa-

2240 4327 2284 4358 "
2317 4325 2421 4381 lsa.
2453 4343 2607 4391 xxix,
2646 4325 2738 4380 Η.
2826 4327 2870 4358 ’⁸
2903 4325 3014 4380 .Ier.
3052 4340 3205 4391 xxxi,
3243 4326 3334 4380 27.

431 4540 683 4627 (Ἠλκαξ
711 4544 801 4597 ὅτι
819 4544 1374 4627 πρῇοοςήιᾳρτος.
1422 4546 1623 4605 Nescio
1666 4564 1765 4627 cur
1810 4550 1955 4627 opti-

2065 4549 2337 4627 Sylburgii
2368 4551 2686 4627 conjectura
2713 4550 2920 4627 inducit
2948 4550 3435 4627 προσκεχώρηκεν.
3464 4549 3662 4627 illum»

355 4629 508 4669 mam
551 4614 842 4686 lectionem
888 4616 969 4669 Cl.
1021 4616 1301 4671 Tltirlbius
1332 4614 1520 4686 prava
1568 4614 1954 4674 emendatione

355 4685 741 4762 attenta'erit.
774 4684 1110 4762 [tegit_eni_t_n
1147 4688 1242 4741 καὶ
1272 4684 1498 4762 έτιμέν,
1535 4699 1589 4743 et
1620 4706 1745 4762 ntox
1788 4694 1846 4744 ὲν
1878 4690 1956 4762 τῷ

356 4754 473 4823 λαῷ
505 4770 608 4831 pro
647 4756 739 4831 ei;
759 4755 837 4825 τῷ
864 4756 1001 4831 λαῷ.
1043 4758 1139 4811 His
1171 4760 1359 4831 verbis
1377 4754 1488 4814 ’καὶ
1520 4762 1602 4813 ὄτι
1636 4761 1735 4831 μέν
1761 4754 1956 4816 εθοιιιιζ

359 4832 489 4877 dam
536 4824 741 4879 Justini
782 4824 1049 4899 rationem
1094 4828 1363 4883 contineri
1418 4842 1569 4899 patet
1602 4824 1666 4885 ex
1705 4833 1790 4886 his
1834 4846 1956 4899 quae

357 4906 693 4968 sequuntur,
731 4896 866 4968 πρὸς
894 4898 951 4951 δὲ
978 4899 1073 4951 καὶ
1100 4899 1329 4967 γελοῖον.
1371 4896 1505 4957 Tres
1532 4903 1681 4955 enim
1715 4896 1955 4955 rationes

357 4965 520 5043 affert
542 5006 559 5029 ,
592 4982 695 5019 cur
729 4965 989 5043 pimclara
1021 4965 1125 5043 illa
1163 4972 1485 5043 testimonia
1522 4974 1589 5025 ad
1646 4973 1955 5043 proselytos

355 5034 681 5110 {mimorum
718 5034 1035 5110 detorqueri
1065 5055 1173 5093 non
1204 5042 1437 5108 possint.
1472 5034 1681 5104 Prima.
1709 5034 1957 5110 quia'Ju-

356 5108 492 5163 datis
528 5109 927 5181 etgproselytis
961 5126 1066 5163 una
1098 5120 1153 5164 et
1184 5113 1376 5165 eadem
1408 5112 1531 5176 lex;
1580 5128 1686 5165 non
1728 5108 1866 5181 ergo
1900 5115 1953 5169 in

357 5178 658 5251 proselytis
688 5180 988 5251 promissio
1023 5196 1176 5233 nova:
1199 5182 1338 5251 legis
1370 5183 1649 5250 impletur.
1678 5178 1951 5250 Secunda,

358 5248 702 5322 quiarludazi
737 5261 791 5303 et
839 5251 1099 5321 prcselyti
1145 5248 1286 5305 unus
1325 5248 1461 5322 sunt
1498 5254 1764 5322 populus,
1810 5248 1954 5307 unde

357 5321 688 5393 manifesta
714 5322 998 5393 conclusio
1041 5331 1126 5375 est
1154 5321 1477 5393 pruselytos
1502 5321 1614 5376 non
1643 5339 1765 5377 esse
1806 5324 1952 5377 illam

355 5390 609 5461 gentium
675 5390 1051 5445 barreditatem
1104 5392 1325 5446 Christo
1356 5390 1721 5461 promissam.
1768 5393 1952 5448 Tertia

353 5459 636 5533 denique,
680 5461 809 5529 quia
837 5464 1133 5533 absurdum
1168 5462 1308 5517 foret
1342 5459 1648 5533 pioselytos
1683 5464 1954 5518 illumina-

360 5531 595 5591 tosdici,
633 5546 811 5585 ceu-os
843 5547 973 5586 vero
1001 5530 1237 5585 Juda‘os.

427 5600 685 5675 (πλεῖς
719 5601 801 5675 τῷ
835 5602 965 5668 λαῷ
1003 5602 1585 5674 προσκεχωρηκέναι.
1628 5603 1719 5659 Sic
1760 5604 1955 5675 legitur

356 5672 409 5723 in
433 5673 659 5747 codice
704 5674 1157 5747 Clarorum-tario,
1188 5672 1421 5742 excepto
1462 5676 1604 5744 quod
1658 5672 1834 5729 habet
1873 5676 1953 5747 τῷ

357 5741 513 5811 ubi}:
549 5759 647 5818 pro
690 5742 769 5813 τῷ
809 5743 944 5818 λαῷ.
979 5745 1218 5818 _Legitnr
1277 5741 1440 5798 etiam
1466 5741 1953 5818 _'7:poaxsxwpqxé'-

356 5830 447 5869 ut
484 5818 537 5866 in
563 5814 697 5884 Reg.
726 5826 782 5869 et
805 5813 947 5884 apud
977 5813 1044 5867 Il.
1073 5816 1428 5882 Stephanum.
1460 5813 1567 5870 Sed
1599 5818 1651 5869 in
1684 5813 1954 5872 editiones

361 5882 814 5941 Greco-Latinas
840 5882 1250 5957 (Londinenses
1277 5897 1455 5944 tamen
1487 5886 1723 5958 excipio)
1758 5888 1950 5945 vitiosa

2058 4620 2237 4688 aptior
2259 4623 2664 4676 eritsententia
2697 4622 2741 4675 si
2779 4620 3140 4675 monstratam
3177 4625 3227 4674 in
3244 4620 3440 4674 cudice
3456 4620 3645 4673 Claro-

2057 4702 2319 4746 montano
2351 4694 2493 4745 viam
2530 4701 2860 4762 sequentes.
2906 4692 3149 4761 legamus
3191 4693 3271 4755 είς
3313 4690 3399 4743 τὺγ
3424 4689 3502 4759 τῷ
3531 4689 3659 4762 λαῷ.

2058 4762 2615 4834 προσκεχωρηκέναι,
2650 4762 2991 4833 proselytus,
3027 4763 3118 4834 qui
3160 4762 3520 4834 circumcisus
3562 4772 3647 4815 est

2058 4831 2120 4885 ut
2168 4833 2235 4886 ad
2272 4831 2532 4902 populum
2584 4831 2844 4887 accedat;
2887 4834 2994 4887 Sed
3040 4832 3376 4885 subabsurda
3439 4831 3648 4902 inesset

2058 4901 2332 4956 dubitatio
2352 4901 2441 4957 liis
2470 4904 2651 4957 verbis
2687 4921 2700 4956 :
2749 4921 2767 4952 ι
2808 4903 3125 4972 Prosclytns
3164 4902 3547 4964 circumcisus,
3595 4901 3659 4955 si.

2058 4973 2125 5024 ad
2157 4974 2412 5042 populum
2442 4975 2691 5038 accedat,
2733 4991 2752 5025 ι
2789 4974 2941 5041 quasi
2984 4988 3051 5025 ex
3090 4972 3383 5042 proselytis
3404 4974 3646 5026 circum-

2058 5044 2191 5096 cisis
2227 5044 2316 5097 alii
2352 5044 2789 5113 adjungerentur
2824 5044 3047 5113 populo.
3072 5045 3163 5096 alii
3203 5058 3333 5097 non.

2132 5113 2244 5181 (‘29)
2282 5112 2544 5182 Ὁμοίως.
2596 5113 2813 5183 Langns
2855 5112 2984 5181 legit
3030 5114 3183 5183 ὅμως
3233 5124 3287 5167 et
3320 5112 3479 5182 paulo
3519 5122 3657 5183 post

2057 5183 2211 5252 ὑμῶν
2238 5185 2296 5237 δὲ
2323 5184 2411 5236 ού·
2437 5185 2533 5239 καὶ
2565 5184 2732 5255 ὑμᾶς.
2767 5183 2966 5254 Liquet
2994 5184 3140 5239 bunc
3172 5197 3297 5238 esse
3329 5199 3549 5237 sensum
3580 5185 3647 5239 ὃ.

2056 5256 2337 5325 martyris.

2127 5323 2239 5393 (50)
2264 5325 2373 5379 Καὶ
2398 5325 2489 5379 ὅτι
2512 5324 3043 5396 γελοιότερονκηίο
3085 5326 3251 5380 etiam
3296 5324 3520 5394 conjicit
3555 5323 3646 5396 vir

2054 5397 2300 5449 eruditus
2325 5394 2613 5463 legendum
2647 5397 2742 5449 καὶ
2770 5396 2871 5448 ἔτι.
2919 5395 3259 5451 Probabilior
3292 5411 3422 5450 sane
3451 5394 3643 5463 conje-

2054 5478 2236 5529 ctura,
2268 5467 2429 5536 eique
2472 5466 2706 5520 libenter
2740 5469 3049 5531 assentior;
3094 5467 3345 5535 quamvis
3382 5466 3510 5519 illud
3548 5466 3645 5520 καὶ

2053 5538 2137 5589 ὅτι
2170 5540 2362 5590 eodem
2401 5552 2587 5601 sensu,
2622 5552 2687 5590 ac
2729 5538 2888 5605 paulo
2914 5547 3058 5602 ante,
3097 5537 3325 5607 intelligi
3350 5537 3540 5607 possit.

2129 5607 2241 5677 (51)
2282 5610 2347 5662 El
2371 5607 2438 5662 δέ
2466 5624 2551 5678 τε.
2585 5607 2893 5674 Legendum
2913 5624 3032 5663 esse
3049 5606 3241 5675 εἴδετε,
3280 5605 3339 5661 ut
3364 5610 3414 5660 in
3447 5605 3642 5661 Bibliis

2053 5679 2367 5733 observavit
2394 5680 2644 5733 eruditus
2668 5678 2970 5743 Tltirlbius,
2989 5694 3053 5733 ac
3074 5679 3223 5733 Isaia:
3242 5681 3355 5734 haec
3389 5678 3553 5731 verba
3584 5686 3647 5731 et

2054 5750 2338 5819 sequentia
2372 5750 2631 5813 restituit,
2662 5765 2783 5819 qua:
2812 5747 3030 5808 Justin
3056 5750 3113 5807 in
3152 5750 3277 5807 aliis
3303 5748 3643 5807 editionibus

2053 5835 2339 5891 perperam
2371 5821 2636 5879 attributa
2674 5821 2911 5879 fuerant.
