3954 6258
358 364 455 420 751

1284 353 1340 408 s.
1376 350 1637 407 JUSTlNl
1672 308 2084 406 pﬁILosopm
2123 343 2209 400 ET
2250 342 2612 400 MAn'rvms

3509 337 3613 393 ’132

352 486 531 551 Atque
555 481 670 536 haec
693 479 911 549 quidem
934 517 949 541 ,
981 473 1222 545 Trypho,
1251 481 1513 542 quantum
1540 471 1691 533 licet,
1716 468 1926 523 edisse-

2037 479 2150 525 νους
2212 460 2385 514 ταῦτα
2428 460 2606 528 λέγειν
2652 457 2959 529 πειρῶμαι,
3000 454 3245 528 βραχέως
3290 452 3472 526 μέντοι
3502 456 3614 509 νκαὶ

354 592 503 641 rens,
533 584 754 645 propter
780 587 875 627 eos
904 571 998 641 qui
1032 578 1206 624 tecum
1231 564 1397 621 hodie
1419 570 1709 628 venerunt,
1736 559 1925 615 eadem

353 684 526 727 conor
553 669 768 731 dicere,
801 664 1041 719 breviter
1072 674 1250 716 tamen
1290 666 1342 713 et
1369 657 1607 713 concise.

424 764 495 816 At
525 760 617 815 ille
647 778 660 814 :
687 758 877 820 Recte,
909 756 1121 825 inquit,
1160 753 1317 815 facis,
1344 766 1409 805 ac
1436 748 1650 805 etiamsi
1672 747 1926 817 pluribus

351 866 410 913 et
436 856 628 912 eadem
687 854 881 907 iterum
913 850 1083 913 dicas,
1116 848 1255 903 scito
1284 858 1369 900 me
1394 852 1449 900 et
1484 858 1577 898 eos
1603 842 1695 912 qui
1730 840 1929 894 adsunt

352 948 622 1004 audiendo
648 941 926 1000 delectari.

424 1068 550 1122 119.
614 1059 907 1118 Christiani
950 1055 1178 1129 populus
1232 1061 1447 1108 sanctus
1508 1050 1735 1104 Abrahae
1801 1064 1926 1117 pro-

350 1161 566 1214 missus.
610 1154 795 1210 Vocati
824 1161 946 1206 sunt
978 1158 1036 1203 ut
1068 1146 1356 1202 Abraham.
1383 1173 1454 1185 -—-
1481 1142 1618 1197 Tum
1651 1156 1752 1211 ego
1781 1161 1791 1195 :
1819 1138 1927 1191 Pu-

352 1254 508 1319 tatis,
555 1266 588 1306 ο
613 1248 754 1312 viri,
802 1246 1045 1299 futurum
1079 1240 1276 1301 fuisse,
1310 1247 1369 1292 ut
1399 1238 1513 1292 inec
1542 1236 1592 1289 in
1626 1232 1928 1303 Scripturis

355 1344 668 1415 intelligere
700 1352 1016 1411 possemus,
1063 1335 1165 1389 nisi
1198 1334 1483 1388 voluntate
1510 1332 1655 1398 ejus,
1691 1328 1781 1398 qui
1813 1327 1928 1381 haec

352 1437 548 1500 voluit,
574 1429 907 1502 intelligendi
933 1426 1166 1496 gratiam
1197 1426 1598 1493 accepissemus
1622 1422 1644 1473 ?
1668 1420 1923 1474 nimirum

352 1540 411 1586 ut
455 1541 508 1587 et
544 1529 676 1585 illud
716 1528 811 1581 ﬁat
856 1523 1002 1594 quod
1054 1531 1300 1591 tempore
1335 1517 1535 1589 Moysis
1560 1516 1766 1570 dictum
1799 1521 1923 1566 est:

361 1651 379 1684 ι
415 1631 770 1686 lrritaverunt
801 1624 964 1695 212
1010 1636 1097 1676 me
1124 1621 1177 1675 iu
1203 1619 1433 1681 alienis,
1472 1616 1524 1668 in
1559 1613 1927 1668 abominatio.

354 1725 515 1779 nibus
541 1722 657 1777 suis
688 1717 1157 1774 exacerbaverunt
1187 1725 1294 1765 me.
1330 1707 1794 1764 Sacriﬁcaverunt
1820 1704 1929 1757 da:-

352 1814 579 1881 moniis,
625 1827 745 1883 quas
776 1826 882 1865 non
911 1814 1178 1864 noverunt
1206 1822 1219 1858 :
1250 1802 1373 1857 novi
1402 1809 1460 1855 et
1486 1807 1734 1855 recentes
1760 1791 1927 1851 vene—

352 1918 502 1971 runt,
527 1918 664 1975 quos
693 1919 800 1958 non
839 1908 1114 1956 noverunt
1147 1906 1337 1969 patres
1366 1907 1577 1949 eorum.
1608 1890 1802 1951 Deum,
1834 1886 1926 1955 qui
1956 1866 2000 1921 Β

354 2008 406 2054 te
434 1998 653 2069 genuit,
693 1992 1033 2062 dereliquisti
1055 2029 1071 2055 ,
1112 1998 1168 2044 et
1192 1988 1401 2043 oblitus
1424 1999 1483 2039 es
1512 1981 1607 2037 Dei
1638 1978 1932 2034 nutrientis

353 2103 427 2146 te.
460 2090 528 2145 Et
559 2089 697 2143 vidit
728 2086 1011 2150 Dominus,
1038 2093 1086 2139 et
1117 2080 1348 2144 zelavit;
1382 2086 1437 2133 et
1464 2075 1824 2129 exacerbatus
1852 2078 1936 2123 est

351 2193 576 2254 propter
614 2184 752 2237 iram
788 2180 1018 2235 ﬁliorum
1048 2189 1274 2231 suorum
1297 2181 1353 2228 et
1383 2170 1640 2233 ﬁliarum,
1669 2175 1722 2223 et
1750 2164 1884 2221 dixit
1916 2182 1929 2218 :

350 2278 616 2331 Avertam
664 2272 863 2328 faciem
899 2285 1073 2324 meam
1125 2268 1191 2321 ab
1228 2265 1339 2333 eis,
1386 2273 1442 2318 et
1486 2260 1772 2315 ostendam
1801 2256 1931 2326 quid

352 2370 458 2425 erit
490 2369 571 2423 eis
597 2368 649 2421 in
682 2364 1031 2425 novissimis;
1069 2359 1325 2429 quoniam
1352 2355 1643 2428 generatio
1669 2365 1931 2421 perversa

347 2468 468 2524 est,
509 2459 602 2513 lilii
631 2458 831 2527 quibus
858 2470 963 2509 non
996 2462 1083 2507 est
1120 2451 1255 2505 lides
1285 2449 1339 2503 in
1376 2448 1478 2503 eis.
1521 2445 1627 2515 [psi
1660 2444 1725 2497 ad
1757 2442 1929 2496 zelum

348 2559 793 2622 provocaverunt
820 2562 908 2602 me
935 2547 987 2600 in
1017 2560 1122 2599 non
1158 2542 1281 2607 deo,
1333 2538 1800 2596 exacerbaverunt
1847 2550 1933 2588 me

352 2650 408 2702 in
435 2645 590 2700 idolis
613 2644 756 2707 suis;
787 2651 843 2695 et
869 2655 969 2709 ego
997 2638 1303 2707 provocabo
1325 2649 1420 2690 eos
1443 2632 1508 2687 ad
1541 2630 1714 2687 zelum
1744 2630 1795 2683 in
1820 2644 1929 2683 non

346 2747 552 2811 gente;
590 2736 642 2789 in
673 2742 833 2805 gente
867 2731 1032 2786 stulta
1064 2728 1296 2784 lrritabo
1324 2726 1465 2780 illos.
1493 2723 1762 2792 Quoniam
1792 2721 1930 2790 ignis

357 2808 623 2885 accensus
655 2836 836 2880 estex
869 2822 1054 2875 furore
1101 2833 1221 2873 meo
1261 2834 1276 2871 :
1310 2825 1367 2871 et
1410 2813 1623 2869 ardebit
1656 2825 1827 2881 usque
1862 2808 1929 2863 ad

352 2917 657 2973 infernum.
693 2912 985 2967 Devorabit
1014 2921 1217 2965 terram
1241 2916 1294 2962 et
1318 2905 1589 2977 genimina
1622 2902 1756 2972 ejus,
1778 2916 1930 2954 com-

356 3012 517 3067 buret
567 3009 921 3062 fundamenta
978 3003 1289 3057 montium:
1331 2996 1673 3067 congregabo
1725 2995 1780 3049 in
1834 3006 1931 3047 eos

356 3104 498 3159 mala
516 3103 585 3156 ".
625 3121 642 3154 ι
677 3099 748 3154 Et
777 3109 1063 3170 postquam
1109 3096 1290 3165 justus
1318 3093 1406 3147 ille
1436 3092 1651 3146 occisus
1676 3096 1798 3152 est,
1830 3102 1929 3141 nos

357 3197 588 3269 populus
627 3194 761 3249 alter
813 3190 1193 3253 reﬂoruimus,
1261 3195 1317 3242 et
1369 3199 1520 3240 novre
1565 3197 1630 3237 ac
1669 3180 1929 3237 ﬂorentes

358 3290 522 3357 spicae
545 3285 998 3358 germinavimus,
1030 3279 1487 3351 quemadmodum
1517 3277 1776 3331 dixerunt
1798 3288 1928 3343 pro-

356 3382 534 3451 phetae
559 3395 573 3432 :
615 3398 633 3431 σ
662 3378 728 3433 Et
755 3376 1077 3445 confugient
1115 3382 1305 3443 gentes
1332 3370 1515 3424 multae
1544 3369 1613 3423 ad
1641 3367 1929 3422 Dominum

359 3474 413 3528 in
448 3474 538 3528 die
564 3471 654 3526 illa
687 3472 739 3527 in
770 3468 1051 3540 papulum,
1079 3475 1134 3521 et
1162 3464 1487 3520 habitabunt
1516 3461 1569 3516 in
1608 3461 1787 3515 medio
1811 3459 1932 3512 uni-

357 3580 531 3621 versa:
566 3564 812 3620 terras".
845 3580 864 3614 ι
889 3560 997 3616 Nos
1024 3568 1209 3614 autem
1240 3572 1348 3612 non
1375 3556 1535 3612 modo
1560 3552 1812 3624 populus,
1837 3549 1932 3605 sed

356 3660 523 3714 etiam
552 3657 781 3727 p0pulus
813 3663 1035 3709 sanctus
1064 3666 1276 3715 sumus,
1307 3658 1366 3703 ut
1386 3650 1497 3716 jam
1534 3644 1935 3703 demonstravi-

357 3766 479 3807 mus
502 3750 570 3804 ⁸⁷.
610 3769 630 3802 ι
674 3749 738 3803 Ει
778 3747 1051 3802 vocabunt
1081 3759 1205 3798 eum
1240 3745 1497 3812 populum
1530 3752 1805 3803 sanctum,
1847 3752 1935 3792 re-

359 3846 635 3914 demptum
689 3858 719 3897 a
773 3842 1004 3896 Domino
1046 3841 1113 3894 ’⁸.
1158 3858 1182 3891 ο
1237 3838 1583 3906 Quapropter
1639 3848 1743 3886 non
1800 3845 1935 3887 con-

362 3935 685 3990 temnendus
719 3932 950 4003 populus
975 3945 1189 3993 sumus,
1224 3942 1325 3983 nec
1344 3928 1576 3982 barbara
1606 3924 1755 3978 natio
1780 3964 1795 3989 ,
1833 3936 1934 3976 nec

359 4028 549 4099 quales
572 4026 771 4082 Carum
803 4035 895 4080 aut
917 4024 1191 4096 Phrygum
1223 4022 1497 4076 nationes.
1538 4019 1647 4075 Sed
1676 4032 1774 4074 nos
1799 4030 1927 4086 quo-

358 4136 466 4190 que
492 4119 656 4188 elegit
682 4117 824 4173 Deus
871 4126 926 4172 et
968 4116 1293 4171 manifestus
1320 4113 1579 4184 apparuit
1626 4126 1732 4166 non
1763 4111 1937 4165 inter-

358 4214 680 4284 rogantibus
724 4228 846 4266 eum
877 4229 892 4267 :
928 4231 950 4263 ί
982 4211 1122 4266 Ecce
1162 4210 1305 4264 Deus
1344 4222 1495 4274 sum,
1543 4208 1747 4276 inquit,
1783 4203 1934 4275 genti

362 4322 468 4362 non
520 4307 799 4363 invocanti
850 4319 1045 4359 nomen
1093 4317 1271 4357 meum
1292 4302 1360 4353 θ’.
1402 4320 1424 4352 9
1475 4299 1599 4355 llaec
1651 4300 1795 4353 enim
1844 4298 1934 4353 illa

358 4415 492 4471 gens
529 4408 641 4463 est,
674 4413 839 4468 quam
884 4397 1015 4454 olim
1051 4395 1195 4449 Deus
1239 4394 1516 4463 pollicitus
1544 4401 1628 4447 est
1662 4391 1892 4445 Abrahae
1915 4428 1933 4455 ,

358 4507 594 4561 eumque
623 4493 913 4546 multarum
949 4489 1187 4561 gentium
1217 4491 1429 4557 patrem
1459 4500 1489 4539 a
1524 4499 1586 4541 se
1621 4485 1932 4539 institutum

2031 570 2099 606 πε
2107 569 2336 624 ρικεκομ
2344 552 2517 623 μένως
2531 588 2544 601 .

2100 734 2388 796 Κάκεῖνοςο
2425 725 2500 784 Εὖ
2533 731 2735 793 ποιεῖς,
2783 728 2919 799 ἔφη·
2952 726 3061 781 κᾶν
3108 725 3198 780 διὰ
3245 725 3508 779 πλειόνων
3558 725 3614 778 δέ

2026 826 2125 878 καὶ
2158 824 2227 877 τά
2259 823 2398 877 αὐτὰ
2434 822 2596 877 πάλιν
2628 821 2823 892 λέγῃς,
2858 818 3070 890 χαίρειν
3106 836 3172 890 με
3207 820 3459 883 καὶτοὺς
3493 836 3607 871 συν-

2028 918 2187 980 όντας
2220 919 2286 987 τῇ
2315 915 2579 988 ἀκροάσει
2607 917 2863 985 γίνωσκε.

2100 1008 2220 1062 119.
2270 1007 2410 1076 Ἐγώ
2442 1024 2501 1059 τε
2534 1003 2602 1060 αὖ
2632 1002 2817 1060 εἶπον·
2857 1009 3049 1063 Οἴεσθε
3081 1008 3147 1063 ἂν
3178 1008 3331 1078 ἡμᾶς
3365 1021 3496 1058 ποτε
3520 1042 3535 1064 ,
3571 996 3617 1056 ῶ

2029 1096 2220 1170 ἄνδρες
2240 1138 2254 1161 ,
2288 1098 2600 1168 νενοηκέναι
2632 1098 2925 1170 δυνηθῆναι
2972 1102 3029 1152 ἐν
3061 1102 3181 1162 ταῖς
3212 1099 3461 1168 Γραφαῖς
3486 1093 3618 1147 ταῦ-

2028 1205 2095 1241 τα
2140 1187 2291 1259 (11),
2328 1190 2375 1240 εἰ
2413 1186 2486 1257 μὴ
2517 1186 2788 1257 ’θελήματι
2821 1188 2913 1240 τοῦ
2952 1188 3277 1260 θελήσαντος
3312 1183 3450 1238 αὐτὰ
3497 1182 3620 1236 ἐλά-

2030 1279 2197 1349 ϐομεν
2243 1278 2403 1350 χάριν
2447 1278 2542 1330 τοῦ
2591 1279 2812 1348 νοῆσαι;
2872 1279 2961 1333 ἵνα
3001 1280 3223 1349 γένηται
3274 1277 3373 1330 καὶ
3423 1275 3482 1327 τὸ
3533 1276 3619 1326 λε-

2028 1371 2295 1443 λεγμένον
2331 1373 2424 1423 ἐπὶ
2457 1370 2736 1434 Μωῦσέως
2756 1388 2768 1399 ·
2814 1390 2833 1421 ι
2866 1370 3197 1442 Παρώξυνάν
3236 1387 3303 1441 με
3338 1369 3424 1422 ἐπ’
3459 1367 3616 1421 ἁλλο-

2002 1464 2218 1536 τρίοις,
2246 1465 2303 1516 ἐν
2339 1462 2706 1532 βδελύγμασιν
2738 1460 2918 1515 αὐτῶν
2952 1460 3318 1532 ἐξεπίκρανάν
3348 1476 3433 1529 με.
3455 1457 3618 1511 ’Ἐθυ-

2030 1574 2129 1610 σαν
2160 1553 2454 1625 δαιμονίοις
2482 1549 2563 1616 οἷς
2594 1554 2695 1607 οὐκ
2723 1552 2896 1607 οἴδασι
2922 1571 2934 1584 ·
2976 1554 3159 1606 καινοὶ
3193 1552 3287 1605 καὶ
3316 1550 3618 1621 πρόσφατα

2026 1651 2243 1721 ἦκασιν,
2278 1645 2371 1710 οὓς
2403 1647 2504 1699 οὐκ
2537 1646 2754 1716 ᾔδεισαν
2786 1648 2833 1698 oi
2869 1645 3105 1716 πατέρες
3132 1644 3333 1698 αὐτῶν.
3363 1642 3495 1695 Θεὸν
3521 1641 3615 1693 τὸν

2028 1740 2367 1810 γεννήσαντά
2399 1756 2458 1791 σε
2493 1738 2882 1805 ἐγκατέλιπες,
2919 1739 3015 1790 καὶ
3051 1735 3319 1789 ἐπελάθου
3355 1732 3490 1787 Θεοῦ
3520 1731 3620 1783 τοῦ

2026 1833 2317 1904 τρέφοντος
2345 1848 2423 1884 σε.
2459 1832 2573 1884 Καὶ
2625 1825 2733 1882 εἶδε
2790 1829 3017 1901 Κύριος,
3073 1830 3168 1882 καὶ
3218 1827 3478 1898 ἐζήλωσε,
3524 1825 3620 1876 καὶ

2036 1922 2362 1996 παρωξύνθη
2389 1923 2455 1977 δι’
2477 1921 2645 1993 ὀργὴν
2670 1920 2798 1974 υἱῶν
2825 1920 2989 1974 αὺτοῦ
3011 1922 3105 1974 καὶ
3138 1918 3487 1989 θυγατέρων·
3525 1916 3622 1969 καὶ

2034 2012 2215 2069 εἶπεν·
2266 2013 2616 2084 Ἀποστρέψω
2652 2013 2715 2066 τὸ
2759 2012 3049 2084 πρόσωπόν
3104 2029 3208 2082 μου
3257 2010 3352 2063 ἀπ’
3404 2008 3617 2070 αὐτῶν,

2034 2111 2130 2162 καὶ
2175 2108 2331 2175 δείξω
2370 2108 2421 2161 τί
2470 2106 2623 2159 ἔσται
2659 2106 2842 2168 αὐτοῖς
2891 2104 2976 2158 ἐπ’
3022 2104 3299 2173 ἐσχάτων·
3343 2102 3425 2154 ὅτι
3456 2098 3623 2168 γενεὰ

2034 2196 2445 2269 ἐξεστραμμένη
2481 2197 2647 2260 ἐστὶν,
2684 2197 2789 2248 υἱοὶ
2819 2188 2900 2256 οἷς
2932 2194 3032 2245 οὐκ
3072 2192 3187 2244 ἔστι
3226 2190 3409 2253 πίστις
3442 2191 3500 2241 ἐν
3533 2189 3623 2240 αὐ-

2032 2296 2164 2355 τοῖς.
2199 2292 2363 2344 Αὐτοὶ
2407 2287 2805 2361 παρεζήλωσάν
2840 2304 2907 2357 με
2941 2285 3027 2338 ἐπ’
3061 2285 3121 2336 οὐ
3163 2282 3301 2354 θεῷ,
3337 2281 3623 2352 παρώργι-

2035 2384 2133 2437 σάν
2164 2399 2232 2453 με
2272 2384 2331 2434 ἐν
2362 2383 2475 2444 τοῖς
2504 2380 2743 2443 εἰδώλοις
2794 2377 2973 2431 αὐτῶν
2992 2394 3003 2406 ·
3044 2374 3198 2444 κάγὼ
3234 2372 3623 2444 παραζηλώσω

2033 2474 2230 2537 αὐτοὺς
2263 2473 2350 2526 ἐπ’
2380 2473 2481 2525 οὐκ
2514 2472 2690 2535 ἔθνει,
2741 2470 2829 2524 ἐπ’
2876 2469 3017 2523 ἐθνει
3052 2467 3297 2537 ἀσυνέτῳ
3332 2463 3623 2537 παροργιῶ

2033 2565 2255 2628 αὐτούς·
2293 2567 2374 2618 ὅτι
2416 2564 2526 2636 πῦρ
2560 2563 2885 2616 ἐκκέκαυται
2915 2564 2978 2614 ἐκ
3010 2560 3106 2613 τοῦ
3138 2558 3311 2629 θυμοῦ
3348 2576 3452 2628 μου
3473 2596 3488 2615 .
3521 2557 3623 2610 καὶ

2032 2656 2367 2727 καυθήσεται
2403 2656 2509 2718 ἕως
2551 2655 2697 2725 ᾅδου.
2735 2653 3127 2721 Καταφάγεται
3160 2651 3259 2720 τὴν
3288 2649 3391 2718 γῆν
3426 2650 3521 2701 καὶ
3552 2650 3624 2702 τὰ

2032 2752 2348 2820 γεννήματα
2374 2749 2564 2818 αὐτῆς,
2602 2745 2784 2815 φλέξει
2819 2745 3045 2815 θεμέλια
3074 2744 3273 2815 ὀρέων
3301 2741 3515 2805 συνάξω
3539 2742 3625 2803 εἰς

2034 2839 2230 2902 αὐτοὺς
2258 2838 2422 2891 κακά.
2456 2857 2473 2887 ι
2505 2838 2614 2890 Καὶ
2645 2835 2782 2906 μετὰ
2815 2835 2873 2887 τὸ
2906 2833 3260 2905 ἀναιρεθῆναι
3301 2832 3389 2885 τὸν
3412 2832 3624 2884 δίκαιον

2032 2933 2259 2993 ἐκεῖνον,
2285 2932 2446 3000 ἡμεῖς
2472 2928 2597 2991 λαὸς
2620 2928 2806 2998 ἔτερος
2840 2925 3205 2995 ὰνεθήλαμεν,
3231 2925 3324 2977 καὶ
3358 2923 3625 2992 ἐϐλαστή-

2034 3038 2207 3090 σαμεν
2260 3021 2489 3090 στάχυες
2534 3021 2712 3071 καινοὶ
2746 3019 2840 3070 καὶ
2876 3015 3161 3079 εὐθαλεῖς,
3207 3015 3283 3077 ὡς
3317 3014 3526 3082 ἔφασαν
3572 3013 3626 3063 οἱ

2034 3113 2343 3184 προφῆται·
2376 3131 2393 3161 ι
2426 3112 2537 3163 Καὶ
2570 3108 2997 3177 καταφεύξονται
3031 3106 3156 3177 ἔθνη
3192 3105 3364 3158 πολλὰ
3404 3104 3500 3156 ἐπὶ
3528 3101 3625 3155 τὸν

1957 3226 1999 3284 C
2032 3204 2237 3275 Κύριον
2267 3204 2326 3255 ἐν
2358 3201 2544 3273 ἐκείνῃ
2579 3203 2643 3269 τῇ
2673 3199 2855 3269 ἡμέρα
2878 3199 2958 3260 εἰς
2984 3197 3132 3259 λαὸν,
3151 3197 3246 3249 καὶ
3268 3192 3629 3264 κατασκηνώ-

2036 3312 2218 3349 σουσιν
2254 3296 2311 3347 ἐν
2342 3293 2492 3365 μέσῳ
2528 3291 2629 3362 τῆς
2661 3292 2764 3361 γῆς
2801 3290 3001 3360 πάσης.
3040 3308 3057 3340 ι
3104 3290 3299 3359 Ἡμεῖς
3333 3287 3390 3340 δέ
3424 3288 3484 3340 οὐ
3519 3286 3624 3355 μό-

2034 3405 2122 3442 νον
2150 3386 2309 3449 λαὸς,
2361 3384 2495 3438 ἀλλὰ
2529 3384 2625 3437 καί¹
2654 3382 2782 3445 λαὸς
2826 3380 2980 3449 ἆγιός
3014 3384 3201 3450 ἐσμεν,
3238 3379 3314 3442 ὡς
3338 3376 3626 3447 ἐδείξαμεν

2033 3481 2153 3552 ήδη.
2185 3498 2203 3530 ι
2224 3480 2335 3532 Καὶ
2359 3476 2677 3530 καλέσουσιν
2712 3472 2873 3528 αὐτὸν
2907 3472 3032 3526 λαὸν
3063 3472 3237 3540 ἅγιον,
3273 3468 3622 3540 λελυτρωμέ-

2034 3591 2122 3628 νον
2166 3571 2271 3625 ὑπὸ
2303 3568 2528 3640 Κυρίου.
2563 3587 2581 3618 ι
2619 3564 2829 3619 Οὐκοῦν
2862 3564 2962 3617 οὐκ
3019 3561 3489 3633 εὐκαταφρόνητος
3530 3559 3628 3631 6'7}-

2038 3664 2137 3737 μὸς
2191 3666 2359 3733 ἐσμεν
2382 3700 2394 3724 ,
2425 3660 2544 3713 οὐδὲ
2589 3656 2861 3728 βάρϐαρον
2896 3654 3095 3724 φῦλον,
3130 3652 3249 3706 οὐδὲ
3296 3652 3465 3703 ὁποῖα
3509 3651 3626 3702 Κα-

2039 3755 2144 3828 ρῶν
2178 3752 2288 3824 (12)
2326 3753 2360 3821 ἢ
2408 3749 2636 3821 Φρυγῶν
2671 3748 2797 3817 ἔθνη
2818 3763 2831 3775 ο
2869 3745 3005 3799 ἀλλὰ
3033 3745 3127 3797 καὶ
3161 3744 3309 3813 ἡμᾶς
3342 3739 3629 3807 ἐξελέξατο

2034 3851 2063 3901 ὁ
2090 3847 2222 3910 Θεὸς
2245 3885 2259 3909 ,
2300 3846 2397 3898 καὶ
2441 3841 2692 3914 ἐμφανὴς
2736 3836 2969 3909 ἐγενήθη
3002 3838 3116 3899 τοῖς
3154 3835 3228 3905 μή
3270 3830 3626 3903 ἐπερωτῶσιν

2036 3940 2216 3995 αὐτόν.
2256 3957 2275 3989 ι
2311 3936 2441 3989 Ἰδοὺ
2472 3935 2603 3998 Θεός
2628 3934 2744 4003 εἰμι
2780 3931 2891 4001 (15)
2912 3971 2925 3993 ,
2954 3929 3088 3999 φησὶ
3108 3969 3123 3991 ,
3155 3925 3232 3996 τῷ
3266 3924 3407 3977 ἔθνει
3438 3924 3491 3976 οἳ
3521 3923 3627 3976 οὐκ

2036 4028 2435 4084 ἐπεκαλέσαντο
2496 4025 2558 4077 τὸ
2608 4021 2780 4092 ὄνομά
2843 4038 2968 4091 μου.
3021 4038 3039 4072 ›
3096 4018 3265 4070 Τοῦτο
3314 4015 3422 4086 γάρ
3475 4016 3626 4067 ἐστιν

2039 4123 2216 4176 ἐκεῖνο
2237 4120 2297 4172 τὸ
2330 4118 2481 4182 ἔθνος
2508 4117 2535 4169 ὃ
2555 4116 2721 4169 πάλαι
2748 4113 2827 4184 τῷ
2864 4111 3114 4182 Ἀϐραὰμ
3136 4112 3165 4162 ὁ
3184 4109 3315 4171 Θεὸς
3334 4108 3623 4176 ὑπέσχετο,

2036 4214 2132 4267 καὶ
2172 4210 2385 4282 πατέρα
2420 4207 2627 4261 πολλῶν
2670 4204 2839 4257 ἐθνῶν
2873 4202 3060 4273 θήσειν
3089 4197 3485 4269 ἐπηγγείλατο,
3521 4197 3626 4248 οὐκ

2049 4302 2293 4375 Ἀράϐων
2317 4341 2332 4366 ,
2367 4300 2475 4354 οὐδ’
2510 4296 2825 4367 Αἰγυπτίων
2850 4334 2865 4358 ,
2896 4294 3007 4347 οὐδ’
3062 4290 3375 4360 Ἰδουμαίων
3408 4288 3585 4355 λέγων
3605 4301 3623 4316 ·

2038 4398 2160 4451 ἐπεὶ
2190 4396 2284 4448 καὶ
2324 4391 2551 4463 Ἰσμαὴλ
2586 4388 2821 4462 μεγάλου
2856 4386 3038 4457 πατὴρ
3062 4383 3245 4445 ἔθνους
3270 4381 3505 4449 ἐγένετο,
3527 4380 3627 4431 καὶ

2050 4487 2217 4541 Ἠσαῦ
2239 4504 2252 4517 ·
2291 4488 2388 4539 καὶ
2435 4482 2737 4553 Ἀμανιτῶν
2785 4484 2902 4533 ἐστι
2936 4478 3033 4532 νῦν
3066 4476 3198 4529 πολὺ
3239 4472 3461 4544 πλῆθος.
3497 4470 3623 4523 Νῶε

359 4588 427 4642 iri
461 4584 745 4656 promisit,
784 4599 891 4639 non
936 4583 1174 4637 Arabum
1196 4622 1211 4647 ,
1263 4595 1362 4635 nec
1387 4577 1801 4650 Egyptiorum,
1834 4590 1930 4631 nec

2037 4580 2095 4634 δὲ
2127 4581 2222 4633 καὶ
2257 4577 2420 4631 αὑτοῦ
2462 4575 2711 4647 Ἀϐραὰμ
2745 4574 2927 4644 πατὴρ
2958 4566 3049 4641 ἦν,
3078 4570 3171 4623 καὶ
3207 4564 3392 4628 ἁπλῶς
3422 4563 3623 4625 παντὸς

358 4677 719 4733 ldumazorum
749 4686 962 4747 patrem
996 4674 1238 4729 futurum
1266 4674 1478 4728 dicens.
1503 4671 1638 4726 Nam
1668 4680 1723 4725 et
1742 4670 1931 4725 lsmael

353 4779 517 4844 pater
553 4784 762 4839 magnae
788 4768 969 4839 gentis
996 4767 1227 4831 exstitit,
1249 4780 1459 4834 magnae
1488 4764 1654 4819 etiam
1687 4762 1850 4825 Esau,
1880 4770 1936 4815 et

352 4861 791 4918 Ammonitarum
838 4872 1033 4929 magna
1062 4872 1206 4911 nunc
1247 4863 1428 4910 exstat
1474 4852 1785 4907 multitudo.
1822 4850 1935 4905 Noe

352 4962 542 5009 autem
568 4953 739 5023 ipsius
770 4951 936 5006 etiam
956 4949 1193 5004 Abralne
1222 4958 1398 5018 pater,
1419 4961 1483 5001 ac
1512 4945 1677 5000 totius
1704 4957 1935 5013 prorsus

351 5047 636 5103 hominum
672 5046 889 5115 generis
910 5044 1050 5109 fuit;
1086 5034 1150 5099 a'c
1179 5042 1274 5096 alii
1301 5041 1530 5096 aliorum
1555 5039 1935 5109 progenitores

460 5226 505 5257 ⁸⁸
536 5223 693 5279 Deut.
732 5238 885 5277 XXXII
935 5220 1123 5276 16-23.

426 5430 538 5503 (11)
592 5429 679 5503 ll._
705 5443 757 5484 e.
811 5424 1250 5482 lnrarnationem
1298 5422 1425 5477 Filii
1466 5436 1531 5476 ac
1582 5418 1928 5476 vocationem

354 5500 615 5573 gentium.
645 5500 822 5573 01‘_1‘0.

426 5573 532 5644 (ίῖ)
592 5567 1214 5644 ΚαρῶνῙΑ-Αηιιείοῌεδί
1270 5563 1337 5644 ad
1391 5560 1735 5644 liopnenjcum
1770 5556 1928 5642 'illud

355 5627 529 5697 Ιιίἶιάί
548 5627 748 5705 νιιιξν.
788 5638 890 5693 867
919 5658 931 5693 :
959 5637 1159 5709 Καρῶν
1189 5638 1432 5707 ἡγήσατο
1453 5627 1924 5709 βαρϐαροφώνων.

356 5714 603 5770 δηΒυΒϐ
643 5704 725 5788 :—
748 5710 918 5764 Etiam
956 5704 1933 5788 ΡΙηξγεθεἼιίιιὶιςιιοήιὲιὺοῐθῠιιηιιιξοη·

358 5768 585 5848 teinptu.
635 5781 850 5845 Cicero,
896 5795 989 5844 pro
1036 5768 1264 5839 Flacco,
1297 5768 1528 5848 3127,
1579 5768 1928 5848 proverbium

354 5839 769 5916 commemorat,
811 5839 1126 5920 (Phrygum
1165 5847 1340 5918 plagis
1376 5844 1494 5900 ﬁeri
1529 5839 1705 5900 solere
1733 5839 1925 5895 melio-

2036 4671 2338 4743 ἀνθρώπων
2371 4671 2591 4739 γένους·
2632 4668 2781 4722 ἄλλοι
2824 4666 2880 4719 δὲ
2912 4665 3086 4719 ἄλλων
3119 4660 3394 4731 πρόγονοι.
3431 4656 3495 4707 Τί
3527 4651 3625 4708 οὖν

2037 4763 2198 4816 πλέον
2221 4761 2406 4815 ἐνθάδε
2441 4763 2469 4813 ὀ
2502 4758 2734 4831 Χριστὸς
2768 4755 3051 4827 χαρίζεται
3085 4751 3163 4822 τῷ
3199 4745 3623 4819 Ἀϐραάμ;’οτι

2036 4853 2124 4908 διὰ
2155 4853 2256 4923 τῆς
2288 4851 2477 4923 ὁμοίας
2508 4850 2755 4921 κλήσεως
2779 4850 2930 4917 φωνῇ
2956 4845 3213 4900 ἐκάλεσεν
3243 4839 3427 4902 αὑτὸν,
3451 4835 3623 4890 εἰπὼν

2038 4943 2273 5009 ἐξελθεῖν
2307 4943 2413 4996 ἀπὸ
2436 4943 2534 5012 τῆς
2567 4941 2670 5010 γῆς
2704 4943 2761 4992 ἐν
2860 4937 3016 5008 ᾤκει,
3049 4936 3143 4989 καὶ
3177 4934 3324 5003 ἡμᾶς
3357 4931 3413 4983 δέ
3442 4930 3622 4983 ᾶπαν-

2037 5052 2135 5099 τας
2166 5034 2230 5087 δι’
2273 5033 2487 5103 ἐκείνης
2532 5033 2631 5102 τῆς
2673 5031 2856 5099 φωνῆς
2892 5028 3147 5088 ἐκάλεσε,
3196 5025 3290 5077 καὶ
3326 5020 3623 5093 ἐξήλθομεν

1222 5219 1269 5251 ⁸⁸
1307 5218 1559 5282 Zach.u,
1591 5216 1677 5271 11.
1757 5215 1799 5246 ⁸⁷
1848 5227 1930 5281 su]

2056 5227 2109 5265 η.
2146 5208 2268 5267 110.
2347 5209 2391 5240 ⁹⁸
2430 5207 2532 5263 lsa.
2570 5222 2697 5263 un.
2733 5204 2821 5258 1?.
2898 5202 2944 5233 9°
2986 5202 3088 5255 lsa.
3115 5214 3204 5266 ιν,
3230 5199 3289 5253 5.

2036 5428 2171 5467 rem.
2211 5430 2229 5463 ι
2269 5412 2447 5465 Οττο.

2106 5462 2219 5552 (is)
2264 5462 2595 5552 nomen
2639 5479 2773 5552 εἰμι.
2826 5476 2883 5529 In
2916 5472 3115 5552 Dibliis
3166 5471 3397 5552 legitur,
3446 5462 3617 5552 εἶπα,

2043 5538 2174 5607 Ἰδού
2198 5538 2331 5622 ἐἰμι
2376 5548 2466 5622 τῷ,
2497 5538 2657 5622 ἔθνει.
2688 5538 2786 5600 Ἐκ
2806 5618 2817 5622 _
2838 5538 3335 5622 quibus-Justinus
3384 5538 3617 5617 intelligi

2032 5633 2238 5696 potest,
2268 5611 2313 5677 si
2344 5611 2472 5696 quid
2506 5620 2743 5696 habeant
2769 5611 2987 5669 obscuri
3027 5614 3173 5693 illius
3203 5611 3390 5673 verba;
3429 5618 3486 5661 at
3512 5611 3617 5690 uti:

2035 5676 2181 5750 bime
2228 5676 2604 5747 emendandus
2648 5688 2898 5751 videtur,
2944 5700 3046 5738 nec
3083 5684 3134 5735 in
3165 5698 3227 5735 ea
3268 5698 3326 5734 re
3360 5676 3617 5751 assentiri

2030 5780 2249 5835 possum
2284 5762 2497 5835 erudito
2536 5758 2861 5835 Londiniensi
2888 5749 3115 5835 edituri,
3146 5752 3312 5806 Deum
3330 5749 3491 5835 'euim
3528 5750 3620 5803 hic

2032 5820 2184 5906 ioqui
2211 5836 2346 5891 satis
2371 5828 2875 5888 auidmadvertitur
2902 5842 2966 5882 ex
3003 5825 3173 5881 verbo
3209 5820 3364 5894 φησι.
