3954 6258
341 425 443 480 753

1379 423 1732 483 DlALOGUS
1763 425 1910 483 CUM
1941 422 2330 481 TRY-PllONE
2365 418 2631 476 IUDA‘IO.

3532 415 3637 470 753

343 538 443 609 ήδη
475 539 588 592 ἀπὸ
639 541 751 610 τῆς
804 543 1093 606 πολιτείας
1124 544 1179 595 ἐν
1288 540 1500 612 ἐζῶμεν
1539 540 1680 594 κατὰ
1707 537 1774 592 τὰ
1809 537 1946 592 κοινέ

2067 535 2238 590 fuere.
2269 532 2608 602 Quid-igitur
2641 527 2874 598 amplius
2899 527 2991 584 hic
3023 525 3258 581 Abrahae
3293 523 3640 596 gratilicatur

348 629 452 682 τῶν
494 629 678 684 ἄλλων
715 631 826 701 τῆς
860 633 968 703 γῆς
1001 631 1298 703 οἰκητόρων
1349 629 1538 694 κακῶς
1588 627 1822 694 ζῶντες·
1862 629 1958 682 καὶ

359 725 449 775 σὺν
473 721 553 794 τῷ
587 723 862 796 ’Δϐραὰμ
887 726 990 795 τὴν
1024 725 1183 794 ἁγίαν
1209 723 1691 796 κληρονομήσομεν
1722 723 1846 794 γῆν,
1878 723 1960 786 είς

359 816 444 868 τὸν
492 817 813 886 ἀπέραντον
871 817 1048 871 αἰῶνα
1091 817 1189 888 τὴν
1233 816 1602 888 κληρονομίαν
1629 815 1957 886 ληψόμενοι,

365 911 518 962 τέκνα
542 909 638 963 τοῦ
678 910 943 982 Ἀϐραὰμ
975 912 1064 966 διὰ
1095 911 1192 983 τὴν
1219 909 1410 982 ὁμοίαν
1442 909 1626 963 πίστιν
1655 909 1828 973 ὄντες.
1861 909 1959 961 Ὃν

364 1002 464 1072 γὰρ
489 1002 697 1074 τρόπον
723 1005 942 1067 ἐκεῖνος
975 1006 1042 1075 τῇ
1073 1005 1224 1074 φωνῇ
1250 1002 1342 1056 τοῦ
1365 999 1503 1056 Θεοῦ
1527 1001 1840 1066 ἐπίστευσε,
1863 1001 1959 1054 xui.

365 1093 616 1165 ἐλογίσθη
643 1095 798 1165 αὐτῷ
828 1097 911 1159 είς
939 1096 1308 1168 δικαιοσύνην,
1336 1096 1426 1150 τὸν
1453 1095 1614 1148 αὐτδν
1640 1094 1837 1166 τρόπον
1864 1094 1960 1148 καὶ

364 1187 519 1256 ἡμεῖς
550 1190 620 1258 τῇ
657 1191 814 1259 φωνῇ
845 1189 941 1242 τοῦ
977 1188 1110 1243 Θεοῦ
1133 1230 1148 1254 ,
1188 1191 1254 1259 τῇ
1295 1188 1386 1242 διά
1415 1205 1475 1241 τε
1505 1188 1612 1241 τῶν
1633 1185 1959 1246 ,ἀποστόλων

363 1277 451 1332 τοῦ
493 1278 739 1350 Χριστοῦ
761 1280 1080 1352 λαληθείσῃ,
1119 1281 1281 1335 πάλιν
1313 1282 1408 1334 καὶ
1450 1282 1517 1351 τῇ
1565 1279 1654 1334 διὰ
1682 1279 1788 1333 τῶν
1822 1296 1959 1350 προ-

363 1370 545 1442 φητῶν
600 1372 949 1447 κηρυχθείσῃ
985 1375 1118 1445 ἡμῖν
1169 1373 1598 1437 πιστεύσαντες,
1648 1373 1811 1444 μέχρι
1865 1370 1958 1424 τοῦ

363 1462 730 1534 ἀποθνήσκειν
779 1467 917 1518 πᾶσι
955 1470 1066 1529 τοῖς
1110 1469 1169 1518 ἐν
1209 1465 1287 1537 τῷ
1317 1465 1508 1536 κόσμῳ
1546 1461 1955 1534 άπεταξάμεθα.

373 1552 762 1623 ὐμοιόπιστον
788 1553 885 1610 οὖν
910 1557 970 1610 τὸ
992 1556 1165 1621 ἔθνος,
1183 1560 1276 1611 καὶ
1307 1556 1576 1620 θεοσεϐὲς,
1604 1555 1700 1608 καὶ
1728 1555 1955 1619 δίκαιον,

361 1645 652 1717 εὐφραῖνον
694 1649 787 1701 τὸν
822 1648 1070 1721 πατέρα,
1115 1651 1457 1719 ὑπισχνεῖται
1493 1645 1672 1718 αὐτῷ,
1707 1645 1824 1700 ἀλλ’
1859 1646 1957 1717 οὑχ

361 1739 501 1808 ὑμᾶς
541 1759 560 1790 ι
593 1735 678 1804 οἷς
710 1741 814 1794 οὐκ
843 1741 961 1794 ἔστι
996 1742 1180 1805 πίστις
1213 1744 1272 1795 ἐν
1306 1741 1506 1803 αὑτοῖς.
1544 1758 1563 1790 ι

2061 626 2350 685 Christus?
2381 623 2534 691 Quod
2564 637 2686 676 eum
2718 634 2850 676 voce
2879 635 2974 690 per
3021 618 3259 674 similem
3291 617 3636 673 vocationem

2062 720 2298 786 vocavit,
2334 734 2458 773 cum
2487 732 2518 772 e
2551 729 2719 781 terra,
2748 730 2911 785 quam
2945 713 3241 777 incolebat,
3272 711 3426 767 exire
3448 709 3637 781 jussit,

2061 829 2128 869 ac
2172 827 2272 868 nos
2319 825 2515 866 omnes
2551 825 2646 879 per
2686 808 2838 863 illam
2879 820 3072 862 vocem
3113 805 3368 871 vocavit,
3416 803 3640 872 jamque

2058 905 2328 962 exivimus
2360 920 2425 959 ex
2457 903 2549 957 illo
2577 903 2702 956 vita
2749 914 2987 972 genere,
3015 899 3067 953 in
3099 913 3208 968 quo
3236 913 3403 968 prave
3437 910 3638 952 secun-

2064 1000 2190 1054 dum
2234 1010 2576 1052 communem
2612 1004 2939 1050 cancrorum
2988 1000 3150 1045 terrae
3183 989 3486 1046 incolarum
3523 1002 3638 1040 mo-

2065 1108 2177 1148 rem
2205 1091 2592 1155 versabamur;
2623 1097 2680 1143 et
2718 1102 2841 1142 cum
2870 1084 3190 1141 Abrahamo
3233 1094 3438 1139 sanctas
3476 1090 3638 1136 terra:

2062 1187 2304 1241 haeredes
2331 1183 2576 1246 erimus,
2615 1181 2990 1237 haereditatem
3037 1180 3092 1233 in
3138 1177 3410 1232 infinitum
3458 1187 3634 1230 aevum

2059 1285 2374 1342 cernentes,
2399 1275 2599 1345 quippe
2623 1288 2747 1329 cum
2780 1272 2874 1326 filii
2895 1271 3129 1326 Abrahae
3151 1278 3376 1340 propter
3396 1267 3634 1324 similem

2063 1371 2224 1425 fidem
2269 1369 2462 1424 simus.
2511 1366 2978 1433 Quemadmodum
3013 1364 3158 1419 enim
3222 1364 3312 1418 ilie
3357 1362 3481 1433 voci
3541 1361 3635 1417 Dei

2061 1459 2330 1523 credidit,
2363 1467 2421 1513 et
2452 1465 2768 1526 reputatum
2795 1465 2878 1511 est
2919 1456 2970 1511 ei
3016 1455 3084 1509 ad
3124 1455 3394 1525 justitiam
3421 1471 3438 1510 :
3467 1453 3544 1508 ita
3578 1461 3637 1508 et

2061 1565 2158 1605 nos
2203 1558 2491 1620 postquam
2527 1548 2647 1604 voci
2689 1547 2782 1604 Dei
2822 1556 2937 1602 tum
2991 1563 3090 1617 per
3121 1547 3398 1617 apostolos
3431 1545 3635 1602 Christi

2059 1626 2236 1699 denuo
2269 1643 2614 1714 pradicatze,
2664 1653 2779 1697 tum
2816 1655 2916 1711 per
2957 1641 3260 1711 prophetas
3302 1639 3461 1695 nobis
3505 1653 3635 1708 pro-

2057 1735 2310 1806 mulgatae
2329 1734 2682 1803 credidimus,
2711 1735 2779 1789 ad
2805 1745 3034 1790 mortem
3069 1749 3247 1804 usque
3268 1733 3523 1788 omnibus
3547 1746 3635 1787 re-

363 1831 484 1896 bus,
532 1849 661 1902 quae
700 1836 752 1888 iu
807 1838 1012 1888 mundo
1061 1848 1216 1899 sunt,
1288 1833 1748 1889 renuntiavimus.
1792 1830 2022 1886 Gentem
2063 1830 2230 1900 igitur
2277 1829 2475 1885 similis
2524 1829 2650 1884 fidei
2707 1838 2763 1884 et
2805 1828 2897 1883 Dei
2946 1827 3628 1916 cultricemetijustam,

360 1939 588 1994 quaeque
623 1935 839 1995 patrem
877 1943 1038 1981 suum
1069 1927 1256 1982 laetitia
1296 1925 1619 1997 perfundat,
1685 1936 1743 1978 at
1769 1935 2240 1992 nequaquamvos
2271 1920 2324 1976 ei
2378 1921 2666 1989 promisit,
2720 1939 2762 1974 ι.
2805 1924 2860 1977 in
2894 1923 3096 1992 quibus
3134 1935 3243 1976 non
3281 1928 3368 1974 est
3408 1917 3538 1974 fides
3573 1919 3627 1973 in

361 2016 490 2086 ipsis
514 2020 555 2071 ‘.
595 2037 616 2070 ι

427 2108 551 2162 120.
609 2109 805 2180 Ὁρᾶτε
854 2110 1040 2180 μέντοι
1087 2109 1162 2174 ὡς
1206 2109 1302 2164 καὶ
1341 2108 1421 2180 τῷ
1472 2107 1658 2162 Ἰσαὰκ
1701 2106 1770 2161 τὰ
1812 2103 1946 2158 αὑτὰ

2119 2099 2243 2156 HO.
2291 2099 2585 2170 Christiani
2632 2099 3103 2155 Isaacoetiam-u
3140 2100 3343 2156 Iacobo
3375 2109 3426 2156 et
3473 2101 3630 2159 Iuda:

357 2201 448 2252 καὶ
495 2199 578 2271 τῷ
637 2201 836 2254 Ἰακὼϐ
890 2203 1251 2273 ὑπισχνεῖται.
1304 2201 1462 2256 Οΰτω
1509 2200 1619 2272 γὰρ
1669 2200 1817 2270 λέγει
1875 2197 1954 2269 τῷ

367 2291 586 2345 Ἰσαάκ·
641 2311 659 2343 ι
691 2294 803 2346 Καὶ
835 2294 1288 2365 εὐλογηθήσονται
1337 2296 1394 2347 ἐν
1427 2293 1505 2364 τῷ
1541 2291 1814 2364 σπέρματί
1860 2305 1953 2343 σου

355 2383 532 2435 πάντα
578 2382 650 2436 τὰ
700 2383 843 2456 ἔθνη⁴
880 2386 983 2456 τῆς
1011 2387 1133 2456 γῆς.
1182 2405 1200 2436 ι
1240 2385 1331 2456 Τῷ
1376 2385 1433 2439 δὲ
1492 2383 1722 2438 Ἰακώϐ·
1780 2401 1800 2435 ι
1843 2383 1954 2436 Καὶ

353 2474 818 2546 εὐλογηθήσονται
835 2480 892 2531 ἐν
924 2477 1010 2531 σοὶ
1036 2480 1207 2531 πᾶσαι
1240 2480 1292 2530 αἱ
1317 2477 1480 2546 φυλαὶ
1495 2477 1593 2546 τῆς
1624 2477 1747 2548 γῆς,
1770 2475 1864 2528 καὶ
1885 2476 1944 2526 ἐν

351 2566 426 2635 τῷ
457 2568 742 2638 σπέρματί
774 2585 888 2621 σου.
922 2588 943 2620 ι
967 2569 1163 2623 Οὐκέτι
1191 2569 1352 2623 τοῦτο
1380 2568 1460 2640 τῷ
1497 2568 1689 2634 Ἠσαῦ,
1722 2567 1843 2621 οὐδὲ
1871 2565 1952 2637 τῷ

359 2658 591 2731 Ῥουϐὶμ
622 2660 795 2729 λέγει,
825 2661 946 2715 οὐδὲ
989 2661 1133 2733 ἄλλῳ
1177 2665 1303 2728 τινὶ,
1351 2663 1465 2716 ἀλλ’
1499 2662 1728 2725 ἐκείνοις
1772 2661 1831 2728 ἐξ
1876 2653 1952 2714 ὧν

347 2750 574 2820 ἔμελλεν
621 2753 847 2807 ἔσεσθαι
900 2753 1042 2807 κατὰ
1088 2755 1187 2827 τὴν
1231 2754 1543 2826 οἰκονομίαν
1572 2752 1671 2826 τὴν
1714 2753 1808 2806 διὰ.
1851 2752 1952 2822 τῆς

348 2843 634 2915 Παρθένου
663 2844 889 2916 Μαρίας
916 2847 944 2897 ὁ
975 2848 1226 2918 Χριστός.
1263 2847 1393 2916 Εῖγε
1432 2847 1491 2902 δὲ
1529 2849 1624 2900 καὶ
1661 2845 1761 2917 τὴν
1803 2845 1952 2898 εὑλο-

347 2933 469 3001 τίαν
504 2933 692 2987 Ἰούδα
717 2935 1081 3006 καταμάθοις,
1127 2937 1255 3000 ἴδοις
1293 2936 1360 2990 ἂν
1405 2937 1433 2990 ὃ
1460 2937 1622 3005 λέγω.
1655 2935 1950 3007 Μερίζεται

346 3026 455 3096 γὰρ
487 3028 552 3080 τὸ
585 3027 815 3098 σπέρμα
843 3029 908 3094 ἐξ
937 3029 1151 3094 Ἰακὼϐ,
1176 3033 1268 3085 καὶ
1294 3030 1386 3084 διὰ
1428 3029 1596 3084 Ἰούδα
1627 3031 1722 3084 καὶ
1751 3030 1948 3100 Φαρὲς,

347 3120 440 3173 καὶ
473 3122 681 3174 Ἰεσσαὶ
712 3123 808 3175 καὶ
825 3122 990 3176 Διαϐὶδ
1018 3125 1364 3194 κατέρχεται.
1409 3122 1594 3177 Ταῦτα
1635 3123 1680 3176 δ’
1713 3119 1782 3194 ἦν
1822 3123 1952 3193 σύμ-

346 3213 476 3266 ϐολα
509 3216 596 3268 ὅτι
627 3215 779 3278 τινὲς
805 3214 901 3268 τοῦ
934 3215 1126 3284 γένους
1165 3217 1318 3288 ὑμῶν
1360 3216 1746 3288 εὑρεθήσονται
1785 3216 1950 3270 τέκνα

361 3306 640 3378 Ἀϐραὰμ,
680 3309 777 3360 καὶ
810 3311 868 3361 ἐν
914 3309 1091 3380 μερίδι
1121 3309 1218 3363 τοῦ
1264 3309 1502 3381 Χριστοῦ
1533 3308 1944 3382 εὑρισκόμενοι·

346 3397 490 3450 ἄλλοι
532 3399 593 3451 δὲ
625 3399 798 3452 τέκνα
831 3400 928 3469 μὲν
971 3399 1065 3453 τοῦ
1121 3400 1391 3474 Ἀϐραὰμ,
1426 3402 1502 3465 ὡς
1534 3403 1566 3473 ή
1600 3401 1783 3472 ἄμμος
1825 3401 1881 3456 δὲ
1911 3403 1952 3472 ἡ

2057 2193 2322 2261 promissi.
2343 2221 2417 2234 —
2440 2193 2630 2248 Videte
2653 2195 2928 2263 quomodo
2953 2195 3146 2249 eadem
3176 2203 3232 2250 et
3263 2193 3418 2250 Isaac
3442 2206 3500 2251 et
3529 2194 3632 2250 Ia»

2053 2284 2156 2339 cob
2186 2285 2489 2352 promittat.
2519 2283 2598 2339 Ita
2632 2285 2776 2339 enim
2809 2284 2945 2339 dicit
2978 2283 3044 2338 ad
3080 2285 3242 2340 Isaac
3273 2303 3288 2340 :
3328 2304 3347 2337 ι
3376 2286 3441 2341 Et
3462 2285 3632 2342 bene-

2053 2374 2304 2429 dicentur
2343 2376 2398 2430 in
2447 2380 2656 2432 semine
2684 2385 2779 2431 tuo
2803 2391 2996 2432 omnes
3023 2387 3214 2446 gentes
3243 2387 3404 2434 terra:
3427 2381 3526 2436 ’.ιι

2052 2469 2214 2540 213
2245 2469 2310 2524 ad
2335 2469 2544 2527 Iacob:
2578 2489 2608 2523 ι.
2628 2471 2695 2525 Et
2723 2471 3110 2527 benedicentur
3132 2472 3187 2526 in
3222 2483 3272 2528 te
3310 2487 3504 2529 omnes
3520 2473 3634 2528 tri-

2052 2563 2154 2618 bus
2190 2574 2348 2620 terrae
2377 2573 2431 2618 et
2456 2564 2510 2618 in
2536 2563 2743 2619 semine
2765 2573 2861 2618 tuo
2891 2564 2933 2616 ³.
2973 2584 2994 2617 ι
3026 2564 3142 2619 Νοη
3167 2565 3217 2618 id
3237 2566 3350 2636 jam
3375 2566 3517 2620 Esau
3537 2574 3638 2622 aus

2053 2653 2242 2710 Ruben
2275 2656 2425 2721 dicit,
2447 2665 2543 2710 aut
2569 2656 2661 2710 alii
2683 2655 2938 2727 cuipiam,
2959 2658 3054 2711 sed
3087 2657 3153 2713 iis
3173 2672 3238 2712 ex
3259 2657 3456 2726 quibus
3473 2657 3632 2713 Chri-

2053 2757 2189 2814 stus,
2215 2749 2513 2803 sccundum
2548 2747 2696 2802 illam
2719 2762 2787 2802 ex
2817 2749 3033 2818 Virgine
3062 2749 3228 2803 Maria
3272 2751 3630 2818 dispensatio.-

2052 2854 2198 2905 ncm,
2234 2839 2474 2895 oriturus
2513 2851 2649 2895 erat.
2680 2839 2833 2907 Quod
2859 2842 2906 2896 si
2931 2849 2985 2896 et
3009 2839 3160 2896 Iudae
3196 2840 3628 2898 benedictionem

2050 2931 2385 2998 consideres,
2433 2947 2556 3002 quae
2611 2933 2733 2988 dico
2781 2933 3103 3003 perspicies.
3156 2932 3430 2989 Dividitur
3481 2935 3626 2988 enim

2051 3037 2236 3078 semen
2263 3039 2329 3079 ex
2351 3022 2616 3090 Iacob,et
2643 3039 2740 3094 per
2769 3023 2962 3079 Iudam
2992 3036 3045 3079 et
3066 3025 3271 3081 Pharos
3304 3035 3360 3081 et
3393 3024 3546 3082 Iesse
3573 3035 3630 3082 et

2052 3115 2310 3170 Davidem
2340 3116 2644 3172 deducitur.
2679 3115 2805 3173 Haec
2847 3127 3030 3171 autem
3075 3117 3315 3171 futurum
3350 3117 3629 3189 significa-

2051 3205 2202 3274 bant,
2226 3219 2288 3262 ut
2313 3208 2533 3277 quidam
2555 3223 2624 3262 ex
2657 3219 2837 3264 vestro
2863 3224 3061 3278 genere
3083 3209 3185 3264 lilii
3217 3210 3451 3266 Abrahae
3478 3210 3631 3264 iuve-

2053 3300 2320 3365 nirentur,
2364 3310 2420 3356 et
2461 3302 2514 3355 in
2554 3311 2710 3370 parte
2737 3300 2939 3357 Christi
2975 3312 3360 3368 censerentur;
3393 3301 3485 3356 alii
3525 3317 3626 3356 au-

2053 3402 2161 3448 tem
2193 3393 2285 3448 filii
2313 3394 2529 3464 quidem
2552 3394 2803 3462 Abrahae,
2836 3395 2930 3449 sed
2966 3395 3137 3450 instar
3165 3410 3346 3450 arenae
3377 3397 3430 3450 in
3460 3397 3627 3451 maris

346 3490 436 3542 ἐπὶ
466 3492 530 3542 τὸ
563 3491 748 3561 χεῖλος
777 3465 877 3561 τῆς
895 3491 1170 3563 θαλάσσης
1192 3465 1364 3557 ὄντες,
1392 3495 1514 3564 ἥτις
1541 3465 1733 3562 άγονός
1759 3509 1819 3545 τε
1853 3465 1946 3548 καί

2050 3486 2231 3541 littore
2257 3485 2490 3556 jacentis
2533 3495 2738 3552 essent,
2771 3503 2894 3557 quae
2922 3496 3008 3542 est
3041 3487 3326 3543 infecunda
3359 3498 3415 3543 et
3447 3488 3626 3544 infru-

345 3581 618 3654 άκαρπος,
667 3583 838 3655 πολλὴ
895 3585 994 3656 μὲν
1039 3586 1132 3638 καὶ
1170 3585 1542 3657 ἀναρίθμητος
1601 3586 1943 3657 ὑπάρχουσα,

343 3674 491 3726 οὐδὲν
523 3675 584 3726 δὲ
611 3674 755 3738 ὅλως
789 3675 1222 3747 καρπογονοῦσα,
1254 3677 1390 3731 ἀλλὰ
1408 3678 1568 3748 μόνον
1595 3677 1656 3730 τὸ
1688 3677 1832 3749 ὕδωρ
1845 3677 1946 3748 τῆς

346 3763 629 3837 θαλάσσης
660 3766 918 3822 πίνουσα.
959 3769 1138 3840 Ὅπερ
1178 3771 1273 3823 καὶ
1303 3769 1366 3822 τὸ
1405 3772 1464 3823 ἐν
1496 3769 1575 3840 τῷ
1613 3771 1759 3838 γένει
1792 3772 1945 3844 ὑμῶν

345 3857 478 3911 πολὺ
508 3857 724 3928 πλῆθος
768 3858 1069 3929 ἐλέγχεται,
1104 3863 1330 3933 πικρίας
1380 3864 1476 3933 μὲν
1508 3862 1810 3933 διδάγματα
1851 3865 1945 3917 καὶ

345 3947 639 4021 ἀθεότητος
681 3954 1061 4021 συμπίνοντες,
1094 3953 1185 4006 τὸν
1228 3952 1285 4005 δὲ
1316 3954 1410 4007 τοῦ
1448 3955 1584 4008 Θεοῦ
1614 3955 1770 4024 λόγον
1809 3957 1945 4010 ἀπο-

345 4042 629 4106 πτύοντες.
678 4044 818 4114 Φησὶ
849 4044 980 4112 γοῦν
1007 4047 1100 4100 καὶ
1130 4047 1188 4099 ἐν
1212 4045 1290 4116 τῷ
1335 4047 1532 4100 Ἰούδα·
1565 4069 1584 4099 ι
1626 4050 1741 4102 Οὐκ
1769 4049 1948 4104 ἐκλεί-

341 4135 428 4201 ψει
461 4137 654 4206 ἄρχων
683 4137 742 4202 ἐξ
803 4137 992 4199 Ἰούδα,
1032 4139 1126 4190 καὶ
1161 4137 1461 4209 ἡγούμενος
1511 4141 1573 4193 ἐκ
1608 4140 1717 4193 τῶν
1752 4141 1942 4213 μηρῶν

345 4227 531 4291 αὑτοῦ,
566 4228 678 4291 ἓως
713 4227 780 4281 ἂν
809 4227 949 4302 ἔλθῃ.
969 4229 1038 4283 τά
1069 4231 1408 4300 ἀποκείμενα
1441 4231 1620 4302 αὐτῷ·
1654 4234 1748 4287 καὶ
1779 4232 1943 4298 αὑτὸς

343 4316 494 4369 ἔσται
531 4317 832 4388 προσδοκία
859 4318 1048 4372 ἐθνῶν.
1081 4339 1099 4371 ι
1133 4322 1243 4373 Καὶ
1273 4321 1430 4374 τοῦτο
1458 4322 1540 4375 ὅτι
1565 4323 1666 4376 οὑκ
1692 4326 1770 4387 εἰς
1813 4323 1942 4376 Ἰού-

343 4406 439 4459 δαν
471 4407 705 4479 ἐρρέθη,
740 4409 858 4462 ἀλλ’
889 4411 968 4473 είς
995 4411 1085 4463 τὸν
1109 4412 1364 4482 Χριστὸν,
1395 4413 1663 4481 φαίνεται.
1696 4415 1806 4468 Καὶ
1834 4415 1942 4487 γὰρ

354 4498 554 4551 Ἰούδαν
580 4501 787 4564 πάντες
815 4502 864 4552 oi
899 4502 1006 4555 ἀπὸ
1032 4501 1141 4554 τῶν
1173 4503 1343 4556 ἐθνῶν
1377 4505 1594 4558 πάντων
1618 4505 1679 4557 οὑ
1710 4507 1940 4577 προσδο-

342 4591 548 4661 κῶμεν,
583 4591 724 4645 ἀλλὰ
769 4593 976 4664 Ἰησοῦν
1004 4595 1096 4648 τὸν
1128 4598 1221 4650 καὶ
1254 4597 1382 4662 τοὺς
1416 4597 1656 4668 πατέρας
1689 4598 1843 4669 ὑμῶν
1877 4600 1946 4664 ἐξ

339 4685 622 4750 Αἰγύπτου
647 4685 1007 4752 ἐξαγαγόντα.
1038 4688 1217 4760 Μέχρι
1237 4689 1347 4761 γὰρ
1374 4689 1475 4760 τῆς
1509 4693 1812 4763 παρουσίας
1843 4691 1939 4745 τοῦ

341 4776 580 4846 Χριστοῦ
605 4778 642 4845 ἡ
678 4779 986 4848 προφητεία
1010 4783 1418 4853 προεκήρυσσεν
1438 4801 1451 4814 ·
1481 4803 1500 4834 ι
1543 4785 1687 4848 Ἕως
1718 4784 1784 4838 ἂν
1809 4784 1938 4860 ἔλθῃ

336 4862 381 4935 ᾧ
415 4870 742 4933 ἀπόκειται,
790 4872 887 4924 καὶ
929 4873 1091 4936 αὐτὸς
1132 4874 1286 4929 ἔσται
1333 4877 1631 4947 προσδοκία
1679 4879 1865 4934 ἐθνῶν.
1913 4901 1932 4932 ι

350 4960 613 5031 Ἐλήλυθε
643 4962 959 5033 τοιγαροῦν,
982 4965 1058 5028 ὡς
1089 4967 1183 5018 καὶ
1224 4967 1283 5020 ἐν
1316 4969 1530 5032 πολλοῖς
1557 4970 1936 5042 ἀπεδείξαμεν,

335 5055 431 5105 καὶ
447 5053 824 5124 προσδοκᾶται
859 5056 1022 5110 πάλιν
1054 5059 1390 5129 παρέσεσθαι
1423 5062 1608 5115 ἐπάνω
1629 5063 1738 5116 τῶν
1778 5082 1937 5134 νεφε-

333 5145 441 5197 λῶν
482 5145 720 5214 Ἰησοῦς,
749 5141 810 5198 οὗ
839 5147 900 5199 τὸ
919 5148 1089 5220 ὄνομα
1115 5151 1405 5222 βεϐηλοῦτε
1433 5155 1609 5225 ὑμεῖς,
1646 5155 1740 5209 καὶ
1776 5156 1938 5230 βεϐη-

333 5235 563 5290 λοῦσθαι
574 5239 635 5289 ἐν
653 5239 885 5310 πάσητῇ
902 5243 972 5312 γῇ
990 5241 1366 5314 ἐξεργάζεσθε.
1389 5247 1622 5300 Δυνατὸν
1642 5247 1699 5300 δὲ
1724 5243 1793 5319 ἦν
1820 5266 1930 5320 μοι,

334 5327 495 5399 ἕσθην,
513 5323 784 5401 ὧάνδρες,
805 5333 1072 5402 μάχεσθαι
1089 5336 1224 5406 πρὸς
1239 5337 1381 5407 ὑμᾶς
1394 5338 1634 5410 περὶτῆς
1649 5338 1846 5404 λέξεως
1861 5341 1927 5413 ἢν

331 5422 364 5473 ὑ
374 5424 496 5490 μείς
515 5420 821 5490 ἐξηγεῖσθε,
846 5423 1094 5502 λέγοντες
1119 5427 1368 5499 εἰρῆσθαι
1387 5445 1400 5458 ·
1425 5448 1443 5480 ι
1471 5430 1616 5494 Ἕως
1633 5429 1699 5484 ἃν
1715 5431 1845 5505 ἔλθῃ
1859 5432 1930 5486 τὰ

333 5510 681 5580 ἀποκείμενα
708 5510 890 5582 αὐτῷ·
939 5533 956 5564 ι
1003 5515 1189 5586 ἐπειδὴ
1235 5517 1332 5588 οὐχ
1371 5517 1544 5581 οὕτως
1595 5520 1930 5594 ἐξηγήσαντο

330 5603 383 5653 οἱ
411 5600 838 5673 Ἐϐδομήκοντα,
864 5605 976 5659 ἀλλ’
993 5623 1007 5637 ·
1042 5608 1220 5672 «Ἕως
1246 5609 1310 5662 ἂν
1342 5610 1471 5683 ἔλθῃ
1570 5614 1876 5669 ἀπόκειται.
1903 5635 1929 5667 ι

348 5693 572 5766 Ἐπειδὴ
617 5695 674 5748 δὲ
715 5696 784 5750 τὰ
824 5698 1093 5754 ἀκόλουθα
1138 5701 1351 5773 μηνύει,
1394 5704 1474 5756 ὅτι
1513 5707 1642 5776 περὶ
1689 5707 1927 5779 Χριστοῦ

2047 3591 2259 3644 ctuosa,
2305 3595 2369 3634 ac
2411 3579 2643 3649 plurima
2690 3579 2912 3650 quidem
2965 3589 3021 3634 et
3063 3580 3497 3646 innumerabilis,
3529 3583 3625 3637 sed

2049 3671 2254 3725 nullum
2291 3670 2513 3725 omnino
2564 3668 2802 3724 fructum
2850 3667 3054 3735 ferens,
3104 3684 3174 3724 ac.
3213 3678 3424 3724 tantum
3453 3671 3625 3725 maris

2047 3765 2243 3834 aquam
2298 3761 2541 3817 ebibeus.
2595 3761 2760 3832 Cujus
2809 3763 3025 3832 quidem
3088 3764 3164 3816 rei
3213 3762 3376 3836 etiam
3428 3778 3624 3832 magna

2047 3858 2134 3912 illa
2188 3858 2240 3910 in
2293 3867 2474 3911 vestro
2517 3869 2714 3925 genere
2763 3854 3052 3910 multitudo
3107 3855 3378 3926 arguitur,
3425 3863 3486 3909 ut
3527 3855 3622 3926 qui

2047 3949 2422 4005 amaritudinis
2448 3957 2501 4002 et
2532 3948 2824 4018 impietatis
2849 3947 3128 4004 doctrinas
3154 3947 3366 4010 bibant,
3395 3947 3623 4002 verbum

2045 4053 2223 4098 autem
2276 4041 2370 4096 Dei
2419 4050 2694 4110 respuant.
2727 4041 2818 4096 Ait
2848 4040 3013 4110 igitur
3045 4049 3100 4095 et
3139 4041 3193 4093 in
3225 4038 3400 4095 Iuda:
3439 4058 3458 4091 ι
3503 4037 3621 4094 Non

2042 4134 2257 4189 deliciet
2303 4133 2556 4202 princeps
2599 4147 2665 4186 ex
2711 4130 2873 4196 Iuda,
2919 4139 2974 4185 et
3005 4130 3109 4185 dux
3142 4132 3210 4186 de
3250 4129 3460 4185 feruore
3480 4131 3620 4200 ejus,

2041 4226 2216 4282 donec
2261 4225 2503 4290 veniant,
2544 4240 2664 4295 qua:
2704 4224 2943 4293 reposita
2984 4235 3112 4278 sunt
3153 4225 3234 4288 ei;
3267 4234 3321 4278 et
3362 4225 3477 4291 ipse
3517 4221 3626 4277 erit

2043 4320 2374 4387 exspectatio
2407 4318 2647 4387 gentium
2679 4315 2721 4370 ⁵.
2771 4334 2793 4369 ι
2827 4317 3008 4386 Atque
3037 4316 3141 4370 hoc
3177 4331 3284 4370 non
3315 4317 3368 4370 iu
3400 4315 3621 4382 Iudam,

2042 4412 2136 4465 sed
2180 4409 2234 4463 in
2266 4408 2544 4464 Christum
2589 4408 2790 4462 dictum
2822 4421 2948 4462 esse
2989 4408 3178 4478 liquet.
3211 4406 3328 4463 Non
3356 4409 3500 4464 enim
3523 4407 3621 4464 Iu-

2043 4505 2164 4559 dam
2197 4519 2295 4559 uos
2331 4517 2520 4558 omnes
2541 4501 2893 4556 exomnibus
2919 4499 3176 4569 gentibus
3212 4508 3618 4569 exspectamus,

2043 4597 2136 4650 sed
2163 4593 2372 4660 Iesum,
2400 4595 2492 4665 qui
2519 4603 2574 4649 et
2606 4603 2790 4662 patres
2813 4601 3027 4647 vestros
3049 4606 3116 4645 ex
3139 4589 3378 4660 IEgypto
3405 4591 3619 4648 eduxit.

2041 4687 2178 4741 Nam
2209 4703 2383 4758 usque
2408 4689 2474 4743 ad
2509 4689 2708 4745 Christi
2734 4689 3024 4743 adventum
3056 4689 3335 4758 prophetia
3367 4701 3621 4757 praenun-

1972 4821 2015 4876 Β
2046 4783 2258 4836 tiabat:
2292 4801 2334 4833 ι.
2361 4782 2542 4837 Donec
2580 4783 2765 4838 veniat
2813 4782 2904 4838 cui
2938 4783 3235 4852 repositum
3274 4789 3377 4849 est,
3421 4793 3476 4837 et
3503 4782 3622 4850 ipse

2041 4875 2148 4930 erit
2185 4877 2526 4943 exspectatio
2563 4879 2824 4945 gentium.
2869 4897 2888 4929 ›
2940 4878 3105 4933 Venit
3132 4877 3320 4944 igitur,
3354 4887 3410 4930 ut
3436 4879 3622 4934 multis

2043 4967 2558 5034 demonstravimus,
2600 4985 2665 5024 ac
2716 4985 2902 5024 rursus
2959 4979 3224 5023 venturus
3269 4977 3619 5046 exspectatur

2041 5074 2110 5112 ex
2138 5058 2266 5114 altis
2291 5059 2526 5114 nubibus
2549 5057 2907 5128 Iesus,ucujns
2931 5074 3126 5115 nomen
3155 5059 3458 5130 profanatis
3480 5069 3536 5114 ct
3562 5069 3622 5115 ut

2041 5151 2096 5205 in
2149 5160 2263 5205 toto
2313 5155 2452 5207 orbe
2491 5153 2832 5224 profanetur,
2880 5167 3102 5221 operam
3151 5152 3317 5208 datis.
3367 5153 3617 5208 Pcteram

2039 5243 2291 5312 equidem
2318 5251 2512 5300 contra
2554 5258 2651 5300 vos
2686 5246 2969 5298 decertare
3014 5245 3081 5300 de
3112 5259 3244 5300 voce
3296 5245 3408 5310 illa,
3452 5259 3618 5315 quam

2039 5336 2114 5390 ita
2150 5337 2605 5407 interpretamiui,
2640 5349 2700 5392 ut
2733 5339 2933 5393 dictum
2963 5353 3086 5394 esse
3114 5339 3417 5396 asseratis:
3454 5355 3474 5390 ι
3508 5339 3614 5392 1)οο

2039 5445 2136 5484 nec
2167 5430 2409 5496 veniant,
2441 5445 2561 5500 qua:
2600 5434 2834 5502 reposita
2874 5442 3003 5487 sunt
3041 5432 3114 5486 ei.
3161 5451 3181 5483 ι
3237 5429 3422 5500 Neque
3467 5432 3614 5486 enim

2038 5524 2112 5577 ita
2150 5523 2494 5595 interpretati
2549 5535 2677 5583 sunt
2729 5525 3109 5595 Septuaginta,
3162 5526 3258 5580 sed
3295 5531 3328 5581 ι·
3357 5542 3378 5576 ι
3428 5525 3614 5581 Donec

2038 5615 2217 5671 veniat
2236 5618 2321 5671 cui
2349 5617 2644 5686 repositum
2669 5625 2774 5672 est.
2805 5636 2826 5670 ι
2850 5619 2956 5673 Sed
2971 5619 3095 5688 quia
3117 5620 3232 5674 haec
3257 5619 3311 5672 in
3331 5618 3610 5674 Christum

2036 5710 2179 5763 dicta
2214 5723 2336 5765 esse
2364 5717 2514 5779 patet
2547 5725 2616 5764 ex
2666 5712 2750 5766 bis
2796 5728 2916 5782 quae
2966 5722 3267 5782 sequuntur
3312 5711 3420 5784 (sic
3465 5712 3610 5766 enim

454 5870 475 5901 ⁸
515 5869 672 5928 Deut.
709 5887 882 5944 um,
915 5873 1009 5931 20.
1101 5878 1123 5908 ³
1162 5875 1297 5933 Gen.
1327 5893 1464 5946 χιιι,
1501 5879 1586 5934 18.
1663 5881 1684 5911 ³
1722 5879 1863 5939 Gen.
1901 5900 1946 5937 ιι

2055 5900 2095 5951 ι,
2133 5883 2285 5942 14.,⁸
2362 5885 2502 5941 Gen.
2539 5899 2688 5953 κως,
2729 5885 2818 5942 10.
