3954 6258
381 391 488 455 785
1305 401 1364 458 S.
1400 397 1667 458 JUSTlNl
1693 402 2102 460 PHlLOSOPHl
2142 406 2229 462 ET
2271 402 2628 459 MARTYRIS
3415 417 3419 422 '
3529 411 3622 469 736

384 519 589 574 habent
623 535 636 570 :
681 535 699 568 ι
742 517 811 571 Ει
847 516 962 588 ipse
1001 517 1107 572 erit
1139 521 1480 588 exspectatio
1506 521 1746 591 gentium
1786 525 1860 592 l),
1889 516 1956 576 de

2069 522 2272 595 εἴρηται
2307 522 2471 594 (οὕτω
2501 522 2610 594 γὰρ
2641 522 2841 593 ἔχουσι·
2904 541 2923 574 ι
2961 525 3071 578 Καὶ
3103 523 3262 588 αὐτὸς
3293 523 3442 577 ἔσται
3469 543 3628 598 προσ-

380 610 576 666 vocula
605 611 657 663 in
678 611 1082 665 contentionem
1114 613 1393 666 vobiscum
1415 628 1520 668 non
1548 615 1736 681 venio;
1767 630 1958 684 quent-

2069 614 2212 667 50xlai
2240 614 2408 668 ὲθνῶν
2449 614 2494 686 i)
2522 615 2582 668 οὐ
2617 616 2744 686 περὶ
2770 614 2864 668 τοῦ
2895 615 3148 682 λεξειδίου
3174 617 3473 688 συζητῆσαι

382 705 674 759 admodum
709 718 808 759 nec
847 719 912 758 ex
957 703 1281 774 Scripturis,
1321 720 1459 774 quas
1489 723 1592 761 non
1638 707 1954 777 agnoscitis,

2069 704 2308 777 ἔρχομαι,
2352 708 2522 779 ὅνπερ
2559 708 2761 777 τρόπον
2801 709 2921 761 οὐδὲ
2956 709 3062 762 ἀπὸ
3101 709 3320 780 τῶν-μὴ
3352 711 3632 781 ὁμολογου-

383 797 437 850 id
484 805 568 852 est
597 813 662 851 ex
701 796 945 852 recitatis
980 814 1012 852 a
1041 814 1128 852 me
1157 798 1408 855 Jere‘mia:
1441 800 1738 869 prophetae,
1773 799 1958 853 Esdrie

2069 797 2236 868 μένων
2266 799 2354 866 ὑφ’
2403 799 2555 870 ὑμῶν
2606 801 2857 871 Γραφῶν,
2905 793 2981 854 ὧν
3013 803 3108 854 καὶ
3145 803 3492 874 ἀνιστόρησα,
3535 801 3635 855 ἀπὺ

381 898 436 944 et
457 888 680 944 Davidis
718 889 901 944 verbis
932 890 1456 945 demonstrationem
1490 891 1557 946 de
1583 889 1804 946 Christo
1829 904 1957 956 per—

2069 887 2229 954 λόγων
2279 887 2542 960 Ἱερεμίου
2579 888 2674 941 τοῦ
2709 890 3010 961 προφήτου,
3038 889 3132 942 καὶ¹
3164 889 3388 960 Ἔσδρα,
3415 889 3506 942 καὶ¹
3536 891 3634 940 Δα-

383 978 552 1034 ﬁcere
581 979 786 1044 studui.
817 983 910 1036 sed
943 997 1009 1036 ex
1040 981 1107 1036 iis
1151 996 1271 1049 quae
1300 982 1564 1036 hactenus
1591 992 1724 1036 ratae
1747 998 1774 1034 a
1804 982 1956 1036 vobis

2069 973 2166 1038 ϐὶδ,
2197 975 2297 1046 τὴν
2330 975 2602 1040 ἀπόδειξιν
2629 977 2728 1049 τὴν
2759 978 2889 1049 περὶ
2921 978 3016 1030 τοῦ
3046 979 3281 1050 Χριστοῦ
3316 978 3635 1050 ποιήσασθαι

380 1071 677 1126 habentur.
713 1072 862 1140 Quas
900 1074 1118 1142 quidem
1165 1075 1210 1130 si
1259 1073 1661 1129 intellexissent
1703 1073 1959 1129 doctores

2069 1066 2386 1130 ἐσπούδασα,
2417 1067 2533 1120 ἀλλ’
2561 1068 2670 1120 ἀπὸ
2707 1067 2816 1121 τῶν
2863 1069 3309 1140 ὁμολογουμένων
3351 1071 3512 1142 μέχρι
3545 1068 3634 1124 νῦν

380 1163 570 1227 vestri,
597 1165 774 1233 probe
818 1165 1009 1221 sciatis
1043 1166 1318 1221 deleturos
1362 1165 1565 1231 fuisse;
1601 1166 1958 1234 quemadmo-

2069 1159 2149 1227 ὑφ’
2189 1159 2343 1230 ὑμῶν
2363 1177 2377 1190 ’
2412 1159 2448 1214 ἀ
2480 1161 2528 1213 εί
2557 1162 2933 1232 ὲνενοήκεισαν
2965 1163 3013 1214 οἱ
3039 1161 3346 1215 διδάσκαλοι
3377 1162 3550 1233 ὑμῶν,
3579 1157 3634 1217 εὖ

380 1252 508 1307 dum
563 1262 620 1309 et
667 1270 762 1311 eas
799 1256 1138 1322 deleverunt,
1185 1273 1306 1327 qua:
1357 1268 1585 1313 mortem
1634 1259 1786 1314 lsaize
1830 1273 1956 1327 spe-

2069 1249 2176 1302 ἴστε
2215 1251 2298 1304 ὅτι
2326 1251 2508 1321 ἀφανῆ
2549 1254 2975 1324 ὲπεποιήκεισαν
3004 1254 3137 1323 (14),
3175 1253 3251 1317 ὼς
3291 1255 3385 1306 καὶ
3416 1254 3484 1307 τὰ
3515 1257 3637 1327 περὶ

379 1353 557 1410 ciant,
582 1359 743 1413 quem
784 1359 934 1400 serra
975 1345 1155 1415 lignea
1195 1348 1556 1402 dissecuistis.
1590 1346 1790 1403 Christi
1837 1365 1957 1420 my-

2069 1343 2148 1396 τὸν
2188 1342 2414 1398 θάνατον
2459 1346 2698 1409 Ἡσαΐου,
2729 1346 2787 1398 ὃν
2817 1347 2998 1418 πρίονι
3023 1345 3218 1418 ξυλίνῳ
3232 1347 3512 1418 ἐπρίσατε,
3544 1365 3639 1418 μυ-

381 1433 608 1487 sterium
637 1435 689 1489 id
722 1449 959 1506 quoque,
997 1440 1089 1504 qui
1124 1451 1296 1505 genus
1324 1447 1564 1493 vestrum
1600 1437 1852 1493 bifariam
1875 1439 1960 1494 di-

2069 1436 2280 1508 πήριον
2320 1437 2413 1490 καὶ
2446 1437 2577 1490 αὐτὸ
2605 1438 2699 1492 τοῦ
2732 1438 2970 1510 Χριστοῦ
3001 1438 3094 1491 τοῦ
3143 1439 3360 1510 τέμνειν
3401 1440 3552 1512 ὑμῶν
3580 1442 3638 1494 τὸ

377 1524 594 1579 visurus
615 1534 722 1588 est,
753 1534 808 1580 et
833 1526 968 1580 alios
984 1527 1205 1595 quidem
1233 1543 1330 1597 pro
1361 1528 1573 1581 meritis
1604 1543 1769 1598 regno
1795 1540 1960 1586 aeter-

2069 1529 2214 1597 γένος
2240 1530 2363 1601 διχῆ
2399 1531 2700 1602 μέλλοντος,
2747 1533 2840 1585 καὶ
2870 1532 2997 1595 τοὺς
3029 1533 3126 1603 μὲν
3169 1533 3352 1599 ἀξίους
3399 1533 3497 1586 σὺν
3536 1536 3640 1598 τοῖς

379 1628 452 1669 no
481 1628 603 1668 cum
635 1615 846 1671 sanctis
874 1617 1200 1685 patriarchis
1243 1630 1298 1673 et
1323 1618 1610 1689 prophetis
1637 1620 1959 1690 dignaturus

2069 1621 2236 1690 ἅγίοις
2268 1623 2636 1696 πατριάρχαις
2658 1625 2752 1677 καὶ
2773 1626 3080 1697 προφήταις
3111 1625 3208 1696 τῆς
3239 1627 3461 1680 αἰωνίου
3497 1627 3641 1698 βασια

379 1716 502 1771 est;
531 1706 667 1762 alios
696 1723 824 1762 vero
856 1707 910 1762 in
935 1709 1076 1778 ignis
1111 1710 1425 1765 inexstincti
1451 1710 1956 1767 condemnationem

2069 1711 2210 1777 λείας
2228 1715 2515 1782 καταξιοῦν
2546 1717 2856 1788 μέλλοντος
2885 1721 3012 1782 τοὺς
3036 1719 3092 1771 δὲ
3110 1719 3204 1771 ἐπὶ
3226 1719 3324 1790 τὴν
3347 1721 3642 1790 καταδίκην

377 1812 504 1853 cum
553 1798 822 1855 similibus
857 1814 922 1854 ex
957 1801 1104 1855 omni
1151 1811 1311 1872 gente
1356 1803 1651 1859 incredulis
1680 1812 1735 1859 et
1771 1803 1960 1857 immu-

2069 1804 2155 1857 τοῦ
2200 1807 2464 1862 ἀσϐέστου
2509 1810 2681 1881 πυρὸς
2729 1811 2824 1864 σὺν
2869 1813 2982 1873 τοῖς
3020 1810 3226 1880 ὁμοίοις
3271 1810 3522 1863 ἀπειθέσι
3554 1811 3644 1863 καὶ

381 1893 483 1945 tari
529 1893 837 1949 nolentibus
889 1893 1258 1949 immisturum
1310 1909 1368 1950 se
1403 1893 1517 1962 iam
1557 1895 1954 1964 pronuntiavit.

2069 1900 2414 1971 ἀμεταθέτοις
2461 1901 2570 1956 ἀπὸ
2592 1865 2835 1957 ’πάντων
2881 1865 2992 1956 τῶν
3037 1865 3222 1956 (ἐθνῶν.
3256 1903 3497 1974 πέμψειν
3547 1903 3642 1973 ήδη

383 2003 406 2036 ι
451 1983 686 2040 Venieiit
737 1985 905 2051 enim,
943 1985 1140 2055 inquit,
1183 1987 1252 2041 ab
1298 1987 1514 2042 oriente
1549 1995 1606 2041 et
1653 1986 1956 2053 occidente,

2069 1997 2350 2066 φήσαντος.
2405 2013 2426 2046 ι
2479 1994 2705 2062 ’Ήξουσι
2751 1995 2881 2068 γὰρ,
2930 1992 3102 2059 εἶπεν,
3155 1995 3264 2048 ἀπὸ
3293 1994 3517 2065 δυσμῶν
3556 1996 3646 2047 καὶ

377 2086 432 2132 et
465 2079 785 2133 recumbent
816 2093 940 2133 cum
964 2078 1263 2142 Abraham,
1307 2078 1460 2132 Isaac
1495 2089 1548 2132 et
1577 2077 1746 2136 Jacob
1784 2079 1838 2134 in
1873 2095 1961 2135 re-

2069 2085 2354 2151 ἀνατολῶν,
2411 2087 2506 2142 καὶ
2550 2087 3004 2159 ἀνακλιθήσονται
3050 2086 3188 2158 μετά
3239 2085 3509 2158 Ἀϐραὰμ,
3557 2087 3649 2141 καὶ

378 2183 488 2238 gno
517 2169 824 2225 ccelorum:
861 2167 957 2222 lilii
997 2178 1180 2222 autem
1210 2169 1366 2238 regni
1397 2169 1686 2238 ejicicntur
1723 2171 1775 2224 in
1811 2180 1961 2226 tene-

2073 2176 2260 2230 Ἰσαάκ
2303 2177 2396 2230 καὶ
2439 2175 2634 2231 Ἰακὼϐ
2667 2178 2723 2230 ὲν
2754 2181 2820 2249 τῇ
2864 2177 3112 2250 βασιλεία
3150 2177 3258 2231 τῶν
3290 2176 3570 2249 οὐρανῶν·
3599 2178 3646 2230 οἱ

378 2261 508 2316 bras
529 2261 835 2316 exteriores
873 2263 918 2316 ⁵.
971 2281 990 2313 ι
1025 2261 1204 2331 Atque
1250 2263 1366 2317 haec
1395 2264 1613 2331 quidem
1639 2264 1774 2328 dixi,
1829 2267 1958 2334 quia

2069 2270 2116 2324 δὲ
2151 2271 2255 2322 υἱοὶ
2290 2270 2391 2340 τῆς
2415 2269 2691 2341 βασιλείας
2723 2270 3146 2342 ἐκϐληθήσονται
3174 2273 3254 2334 είς
3282 2270 3345 2322 τὸ
3372 2271 3563 2333 σκότος
3589 2269 3648 2322 τὸ

379 2353 455 2406 ita
493 2369 613 2408 sum
655 2353 882 2410 aﬂ‘ectiis
919 2355 1122 2420 animo,
1169 2364 1228 2410 ut
1258 2356 1396 2410 nihil
1445 2372 1671 2426 prorsus
1698 2358 1956 2423 dixerim,

2069 2362 2343 2435 ἐξώτερον.
2391 2384 2408 2415 i
2445 2364 2556 2417 Καὶ
2580 2363 2753 2417 ταῦτα
2780 2359 2932 2417 εἷπον
2973 2364 3108 2434 (15),
3142 2364 3224 2417 ὅτι
3258 2363 3408 2416 οὐδὲν
3439 2362 3648 2426 οὐδενὸς

379 2448 433 2501 in
462 2462 572 2516 quo
603 2448 748 2503 aliud
778 2464 992 2513 curem,
1014 2465 1177 2518 qnam
1214 2459 1273 2504 ut
1309 2466 1498 2506 verum
1540 2451 1741 2518 dicam,
1784 2453 1960 2507 nemi-

2069 2455 2408 2528 φροντίζωνῆ
2444 2457 2540 2511 τοῦ
2611 2457 2841 2529 τάληθὲς
2913 2455 3116 2525 λέγειν,
3167 2456 3405 2528 λέγοιμι,
3464 2456 3649 2510 οὐδένα

377 2555 503 2594 nem
531 2543 891 2608 reveriturus,
922 2544 1136 2598 etiamsi
1168 2560 1199 2600 e
1229 2545 1457 2614 vestigio
1484 2545 1715 2614 discerpi
1750 2561 1779 2600 a
1807 2547 1959 2601 vobis

2069 2547 2477 2619 δυσωπήσεσθαι
2505 2547 2736 2619 μέλλων,
2771 2548 2874 2602 κᾶν
2901 2547 2995 2620 δέῃ
3029 2549 3345 2619 παραυτίκα
3380 2550 3476 2617 ὑφ’
3501 2547 3650 2618 ὑμῶν

379 2641 650 2701 oporteat.
685 2632 932 2705 Namque
956 2651 1022 2690 ex
1057 2651 1176 2691 meo
1213 2651 1432 2707 genere,
1470 2637 1520 2691 id
1549 2647 1634 2692 est
1659 2652 1723 2691 ex
1767 2637 1960 2692 Sama-

2069 2640 2403 2711 μελισθῆναι.
2435 2640 2570 2694 Οὐδὲ
2587 2639 2697 2711 γάρ
2727 2640 2834 2692 ἀπὸ
2858 2638 2952 2692 τοῦ
2975 2639 3164 2709 γένους
3191 2639 3285 2692 τοῦ
3319 2640 3483 2710 ἐμοῦ,
3514 2640 3651 2708 λέγω

381 2722 601 2787 ritanis,
624 2724 788 2797 214
815 2725 1086 2782 neminem
1117 2741 1340 2790 curans,
1365 2742 1487 2781 cum
1511 2727 1782 2782 Ciesarem
1809 2729 1961 2784 obla—

2069 2732 2116 2786 δὲ
2147 2731 2258 2786 τῶν
2287 2734 2588 2805 Σαμαρέων
2639 2732 2772 2806 (16),
2811 2733 2955 2796 τινὸς
2995 2733 3253 2804 φροντίδα
3305 2733 3649 2804 ποιούμενος,

382 2823 436 2868 ιο
482 2816 550 2870 ad
593 2826 716 2871 acta
763 2819 1421 2892 scripto.compella-rem,
1471 2821 1582 2875 dixi
1623 2836 1718 2875 eos
1771 2836 1962 2876 errore

2069 2828 2355 2898 ἐγγράφως
2401 2827 2508 2899 (17)
2559 2827 2799 2899 Καίσαρι
2840 2827 3208 2899 προσομιλῶν,
3248 2822 3402 2880 εἷπον
3446 2827 3650 2882 πλανᾶ-

383 2907 587 2976 declpi,
629 2911 804 2978 utqui
839 2909 1048 2968 Simoni
1074 2913 1251 2984 gentis
1275 2928 1388 2968 suae
1421 2927 1578 2982 mago
1607 2912 1767 2968 [idem
1793 2914 1960 2968 habe-

2069 2921 2185 2975 σθαι
2217 2923 2416 2985 αὐτοὺς
2452 2920 2813 2991 πειθομένους
2842 2918 2920 2990 τῷ
2951 2919 3011 2971 έν
3040 2917 3118 2989 τῷ
3151 2918 3298 2987 γένει
3332 2918 3518 2973 αὐτῶν
3552 2921 3652 2990 μά-

380 3008 527 3065 rent,
579 3015 738 3070 quem
797 3002 966 3056 Deum
1023 3017 1188 3073 supra
1242 3020 1462 3059 omnem
1511 3005 1874 3075 principatum
1904 3017 1960 3061 et

2069 3032 2142 3086 γῳ
2171 3015 2396 3085 Σίμωνι,
2418 3013 2477 3067 ὃν
2503 3013 2636 3066 Θεὸν
2660 3013 2806 3082 ὑπὲρ
2828 3012 2940 3065 ἀνω
2971 3011 3153 3083 πάσης
3183 3012 3362 3084 ἀρχῆς
3383 3014 3482 3066 καί
3509 3011 3655 3079 ἐξου-

380 3099 705 3160 potestatem
751 3103 806 3148 et
837 3096 1090 3150 virtutem
1131 3111 1256 3152 esse
1288 3098 1495 3151 dicunt.

2069 3106 2186 3168 σίας
2217 3105 2310 3158 καὶ
2342 3103 2624 3175 δυνάμεως
2646 3098 2787 3156 εἶναι
2809 3102 3051 3170 λέγουσι.

450 3181 576 3237 191.
602 3183 687 3237 Ea:
702 3200 763 3238 eo
794 3187 933 3254 quod
953 3197 1131 3256 gentes
1165 3188 1220 3241 in
1235 3185 1417 3241 Iesum
1432 3190 1674 3254 credunt,
1707 3207 1822 3244 eum
1849 3206 1960 3244 esse

2138 3195 2260 3249 121.
2307 3197 2417 3251 Καὶ
2461 3194 2692 3265 ἡσυχίαν
2736 3192 2978 3261 ἀγόντων
3019 3191 3220 3254 αὐτῶν,
3261 3191 3461 3262 ἔφερον
3509 3191 3650 3262 (18)·

379 3274 651 3330 Christum
680 3286 849 3346 patet.
875 3308 948 3319 —
971 3277 1217 3350 Cumque
1243 3280 1320 3335 illi
1350 3283 1810 3350 conticescerent,
1843 3285 1958 3339 haec

2069 3284 2165 3339 Διά
2217 3283 2380 3337 Δαϐὶδ
2413 3285 2542 3354 περὶ
2587 3282 2777 3336 τούτου
2811 3281 2985 3350 λέγων
3030 3282 3140 3353 (19)
3181 3281 3582 3352 τοῦΧριστοῦ,
3611 3276 3656 3336 ὦ

455 3429 476 3465 ⁸
509 3432 701 3489 Matth.
741 3450 859 3500 vm,
891 3435 978 3491 ll.

2065 3633 2135 3674 no
2164 3616 2384 3683 dicavit,
2419 3629 2472 3675 et
2498 3620 2567 3674 ab
2604 3619 3030 3686 imperatoribus
3078 3618 3313 3690 postulat
3363 3619 3549 3690 n.56,
3599 3626 3668 3673 ut

2064 3698 2316 3760 senatum
2335 3690 2657 3759 etpopulum
2683 3691 2985 3744 Romanum
3005 3691 3345 3760 adjudicium
3369 3689 3458 3745 bis
3483 3692 3550 3744 de
3564 3704 3658 3760 ‘re-

2065 3759 2172 3813 bus
2217 3757 2503 3813 ferendum
2549 3762 2833 3815 advocent.
2886 3760 3036 3814 Verti
3083 3757 3246 3815 etiam
3287 3771 3496 3828 posset,
3546 3757 3659 3814 Cai-

2067 3844 2243 3900 sercm
2271 3830 2468 3896 scripto
2494 3832 2631 3885 actis
2671 3833 2981 3900 consignato
3011 3831 3340 3899 compellari.
3387 3830 3498 3884 Sed
3533 3830 3658 3900 quia

457 3608 568 3683 (14)
611 3609 837 3684 Ἀφεινῆ
867 3607 1353 3682 ἐπεποιήκεισαγ.
1391 3615 1591 3670 Eadem
1628 3616 1825 3671 docent
1851 3613 1961 3671 Ire-

380 3700 539 3740 naeus
571 3683 781 3746 Ιίιιζιιι.
815 3701 935 3754 cap.
971 3688 1062 3755 21;
1106 3685 1373 3743 Eusebius
1412 3686 1507 3741 lib.
1545 3701 1599 3740 vi
1657 3683 1961 3741 Demonstr.

377 3770 563 3828 evang.
594 3767 715 3828 pag.
741 3756 878 3828 257;
909 3756 1096 3828 Jogins
1130 3760 1270 3828 apud
1296 3757 1571 3811 Photium.

451 3825 564 3893 (t5)
592 3825 704 3879 Kal
729 3826 918 3880 ταῦτα
944 3824 1136 3885 εἷπον.
1165 3824 1257 3884 Sic
1283 3827 1632 3881 emendatum
1665 3835 1747 3882 est
1773 3826 1825 3881 in
1853 3827 1968 3881 edi-

380 3895 620 3968 tionibus
655 3895 1241 3968 Graeco-Latinispro
1271 3912 1337 3952 eo
1378 3901 1524 3968 quod
1571 3900 1709 3968 apud
1744 3897 1812 3953 lt.
1843 3898 1968 3953 Ste-

377 3964 616 4035 phanum
646 3975 730 4019 est
757 3967 850 4020 καλ¹
877 3967 1049 4023 ταῦτα
1087 3964 1260 4024 εἶπεν.

452 4036 567 4101 (16)
606 4035 730 4089 Τῶν
761 4039 1098 4107 Σαμαρέων.
1135 4042 1333 4095 Eadem
1370 4037 1631 4092 habemus
1665 4038 1729 4092 de
1771 4038 1966 4092 Sama~

379 4107 577 4180 ritanis
614 4107 715 4180 sub
766 4106 936 4180 linem;
974 4109 1246 4180 Apologia:
1281 4125 1364 4174 ti;
1400 4110 1467 4163 de
1515 4106 1737 4164 Simone
1775 4114 1958 4162 autem

377 4177 506 4232 vide
535 4175 688 4238 Apol.
718 4194 756 4240 i,
788 4194 841 4231 ii.
875 4177 962 4233 56.

451 4246 564 4315 (17)
617 4241 969 4317 Ὲγγράεοως.
998 4245 1113 4305 Νοη
1147 4250 1426 4320 quodlibet
1458 4249 1720 4319 scriptum
1750 4249 1964 4320 videtur

380 4317 485 4390 liac
514 4331 656 4390 voce»
683 4320 1003 4388 signiﬁcari,
1039 4323 1130 4376 seil
1157 4317 1419 4390 scriptum
1447 4322 1513 4390 ad
1543 4317 1661 4374 acta
1692 4319 1960 4390 oblatum.

381 4387 499 4440 Dux
528 4387 773 4453 quidam,
809 4396 946 4444 teste
975 4392 1209 4446 Eusebio
1232 4387 1325 4445 lib.
1350 4406 1405 4445 ix
1433 4389 1575 4444 Hist.
1601 4389 1812 4451 πείθει,
1834 4404 1884 4443 c.
1905 4389 1960 4454 5,

377 4458 433 4528 in
494 4457 962 4528 urberPliienices
1012 4465 1299 4524 Damasco,
1348 4477 1470 4515 cum
1517 4463 1760 4528 impuras
1798 4476 1962 4528 quas-

2068 3891 2316 3970 Justinus
2343 3891 2448 3956 hoc
2475 3901 2594 3955 loco
2625 3903 2797 3970 magis
2819 3891 3043 3955 'videtur
3069 3891 3510 3955 commemorare
3531 3891 3659 3970 quid

2073 3969 2314 4040 petierit,
2353 3984 2515 4037 quam
2550 3972 2679 4040 quid
2721 3969 3128 4040 impetraverit,
3179 3973 3411 4024 reddere
3465 3969 3654 4034 malui,

2071 4037 2247 4110 oblato
2286 4041 2357 4091 ad
2394 4049 2514 4092 acta
2541 4037 2756 4108 scripto,
2791 4037 2843 4095 id
2875 4050 2981 4106 est,
3015 4042 3156 4110 quod
3194 4042 3323 4110 petii
3355 4050 3415 4094 ut
3447 4041 3501 4094 in
3536 4052 3657 4094 aeta

2071 4109 2429 4182 reciperetur.
2484 4139 2556 4151 ——
2613 4111 2964 4182 Ἐγγράφως.
3025 4109 3285 4165 Maraiius
3333 4112 3468 4182 vult
3509 4110 3658 4182 reddi

2074 4197 2092 4228 ‹
2140 4177 2327 4251 oblato
2351 4182 2418 4233 ad
2450 4192 2573 4234 acta
2623 4177 2852 4251 scripto,
2890 4201 2910 4232 ι
2964 4183 3019 4251 h_.
3065 4197 3116 4236 e.
3159 4182 3303 4250 quod
3344 4181 3476 4250 petii
3513 4193 3574 4234 ut
3603 4180 3654 4232 in

2071 4250 2558 4322 actareciperctur
2583 4281 2654 4290 —
2683 4248 2765 4306 vel
2794 4254 2871 4322 (in
2905 4248 3191 4321 Addend.)_
3217 4269 3236 4301 ι
3278 4248 3487 4322 scripto
3520 4253 3658 4322 actis

2071 4318 2418 4391 cens‘ignato,
2459 4339 2494 4372 ι·
2519 4332 2576 4374 ut
2605 4323 2733 4391 quid
2763 4318 3323 4391 iiiipetraveritdicat.
3349 4318 3496 4374 Loca
3531 4337 3561 4373 a
3593 4319 3655 4374 ν.

2072 4388 2136 4442 D.
2168 4387 2332 4441 allata
2367 4405 2472 4444 non
2500 4387 2730 4446 multum
2768 4387 2972 4446 valent.
3020 4389 3271 4445 Justinus
3307 4393 3423 4444 vult
3467 4391 3656 4459 expri-

2074 4473 2234 4530 niere
2270 4473 2331 4530 se
2365 4475 2472 4513 non
2504 4477 2594 4514 ore
2624 4465 2718 4516 sed
2753 4465 2948 4530 scripto
2973 4461 3244 4516 Caesarem
3273 4462 3656 4529 compellasse.

379 4526 813 4619 dain‘muli'eres
853 4544 882 4582 e
915 4531 1030 4619 loro
1054 4526 1838 4619 rapuisset,'miseras‘corgii
1879 4528 1966 4581 λέ-
2000 4565 2044 4619 D
2079 4527 2320 4597 Respicit
2348 4543 2531 4619 a‘i‘iiem
2584 4526 2904 4619 alteriitrain
2940 4532 3252 4619 Apii‘logiam
3283 4547 3302 4585 :
3348 4526 3565 4619 scilicet
3603 4532 3656 4583 in

379 4613 498 4664 γειν
523 4598 818 4669 ἐγγράφως
856 4614 913 4654 se
938 4598 1282 4656 Christianas
1316 4602 1484 4655 fuisse
1515 4611 1568 4652 et
1612 4598 1965 4669 ﬂagitiorum,

377 4681 501 4735 qua:
534 4683 563 4720 a
593 4668 918 4739 Christianis
951 4682 1298 4739 gererentur,
1331 4671 1606 4727 conscias.
1633 4671 1836 4723 Probat
1862 4668 1972 4722 Vta-

377 4739 549 4813 lesius
584 4739 715 4813 illud
744 4738 920 4808 λέγειν
939 4738 1234 4813 ἐγγράφως
1259 4741 1590 4813 reddendum
1612 4754 1732 4794 esse
1762 4759 1776 4794 :
1815 4757 1833 4790 ι
1865 4739 1971 4813 Ριιτ

293 4819 295 4824 ·
379 4807 526 4861 blice
552 4808 718 4862 editis
751 4807 893 4878 apud
943 4807 1064 4865 acia
1119 4807 1450 4865 testimoniis
1492 4813 1694 4865 dicere.
1748 4829 1767 4862 ι
1814 4810 1970 4877 Apud

379 4879 630 4950 eumdem
662 4878 961 4935 Eusebium
996 4883 1088 4935 lib.
1124 4897 1220 4947 vn,
1257 4897 1308 4937 c.
1336 4882 1426 4944 11,
1456 4895 1578 4950 pag.
1609 4880 1739 4942 258,
1763 4895 1824 4934 ea
1849 4895 1970 4948 qua:

379 4946 717 5022 iniiilianus
740 4953 1027 5018 prrel'ectus
1059 4953 1118 5007 S.
1150 4946 1405 5022 Dionysio
1422 4946 1647 5020 ejusque
1691 4946 1880 5004 sociis'
1905 4951 1970 5002 ἀι-

379 5017 608 5092 γράφως
638 5017 876 5086 dixerat,
926 5017 1377 5092 opponuntur'iis
1435 5017 1572 5092 quat
1604 5031 1731 5074 tunc
1764 5023 1968 5092 in‘acta

383 5090 783 5162 reiciebantur.
821 5090 977 5161 Apud
1014 5093 1264 5146 Pliotium
1295 5093 1418 5146 cod.
1450 5090 1542 5154 52,
1569 5094 1789 5162 quitiam
1822 5090 1966 5143 Mes-

378 5158 571 5233 saliani
609 5158 905 5233 ἐγγράφως
937 5165 1171 5233 convicti
1209 5164 1378 5217 fuisse
1407 5158 1688 5223 dicuntur,
1723 5163 1865 5228 quod
1900 5163 1967 5215 ad

377 5230 647 5283 vomitum
702 5230 1012 5286 rediissem.
1065 5231 1124 5286 S.
1157 5233 1392 5288 Basilius
1435 5233 1504 5287 de
1535 5233 1785 5300 baptismi
1835 5246 1967 5300 pro-

381 5300 564 5354 missis
597 5301 674 5372 ait
703 5301 798 5355 lib.
833 5319 850 5356 ι
879 5303 956 5356 De
985 5305 1261 5369 baptismo,
1289 5319 1410 5371 cap.
1440 5307 1474 5358 3
1498 5319 1513 5356 :
1547 5303 1756 5370 Ὥσπερ
1776 5302 1968 5372 ἔγγρα-

381 5385 479 5438 φον
505 5370 796 5441 ὁμολογίαν
827 5373 1182 5443 συνεθέμεθα,
1208 5370 1597 5442 ιιυοάίιιιιίόοιιι
1626 5373 1841 5426 videtur
1864 5370 1969 5443 cx-

383 5443 576 5514 pti_cari
631 5455 791 5510 posse
839 5458 906 5498 ex
959 5441 1045 5498 his
1081 5441 1263 5514 Opiaii
1311 5441 1492 5498 verbis
1538 5445 1632 5498 lib.
1672 5459 1732 5508 ιι,
1777 5459 1829 5512 p.
1861 5441 1962 5496 54-:

389 5530 406 5561 ι
443 5509 606 5584 Fides
635 5509 996 5568 credentium
1049 5526 1104 5568 et
1130 5509 1442 5582 'professio,
1488 5531 1610 5584 quae
1656 5509 1799 5582 apud
1842 5525 1962 5567 aeta

383 5583 679 5638 coniicitur
717 5585 1052 5654 angelorum.
1089 5605 1108 5637 ι
1149 5586 1371 5640 Videtur
1397 5583 1528 5652 ergo
1554 5585 1963 5650 Justiniis,dum

387 5670 448 5707 se
475 5654 770 5725 ἐγγράφως
810 5654 1081 5710 (ὶωεειιθιιι
1127 5656 1423 5709 allocutum
1476 5672 1596 5710 esse
1631 5655 1785 5718 dicit,
1819 5669 1964 5722 eius-

392 5726 534 5776 modi
573 5729 837 5792 scriptum
882 5728 1166 5794 designare
1197 5728 1340 5795 quod
1369 5728 1435 5779 ad
1477 5733 1616 5795 acta,
1639 5725 1878 5778 oblatum
1909 5733 1964 5777 et

393 5795 700 5862 depositum
739 5795 928 5850 fuerit.
964 5804 1140 5866 Atque
1172 5794 1230 5850 id
1257 5797 1546 5850 conﬁrmat
1592 5794 1836 5849 Justinus
1867 5795 1960 5864 qui

395 5877 451 5920 et
495 5866 799 5933 Apoloyiam
828 5882 981 5921 suam
1017 5867 1226 5923 senatui
1259 5867 1420 5922 etiam
1452 5885 1515 5923 ac
1542 5868 1742 5938 populo
1771 5866 1961 5922 Itoma-

2076 4609 2312 4666 utraque
2363 4600 2638 4672 Simonem
2681 4603 2899 4672 Magum
2944 4600 3000 4672 et
3031 4600 3401 4672 Samaritana;
3448 4603 3658 4672 diserte

2073 4682 2489 4740 commemorat.
2520 4671 2597 4724 lta
2623 4670 2791 4736 enim,
2826 4671 3076 4740 Apol..ii,
3107 4688 3157 4725 c.
3192 4671 3299 4725 15:
3329 4672 3440 4724 Καὶ
3472 4670 3569 4724 τοῦ
3600 4673 3659 4723 ἐν

2070 4737 2150 4808 τῷ
2175 4738 2293 4809 ἐμῷ
2325 4738 2466 4793 ἔθνει
2500 4742 2732 4805 ἀσεϐοῦς
2761 4744 2853 4796 καὶ
2874 4737 2881 4740 ⁷
2899 4743 3103 4795 πλάνου
3148 4741 3488 4811 Σιμωνιανοῦ
3516 4740 3660 4794 διδά-

2070 4825 2284 4878 γματος
2309 4813 2709 4882 κατεφρόνησα.
2736 4815 2873 4868 Cum
2903 4829 3035 4867 vero
3062 4823 3290 4882 martyr,
3323 4824 3378 4866 ut
3414 4815 3658 4866 Crabins

2071 4883 2357 4951 (Spicileg.
2406 4883 2514 4935 55.
2571 4882 2690 4938 PP.
2723 4894 2764 4938 t.
2819 4886 2860 4950 Ι,
2918 4899 2972 4951 p.
3029 4883 3131 4937 158
3180 4885 3291 4951 sq.)
3348 4884 3653 4946 admonuit,

2075 4965 2184 5002 rem
2234 4950 2410 5019 ipsam
2459 4953 2509 5004 in
2547 4955 2699 5018 Apol.
2736 4970 2774 5019 t,
2827 4973 2877 5009 c.
2919 4950 3012 5017 26,
3065 4950 3382 5006 dixeritliis
3418 4953 3652 5005 verbis:

2071 5020 2180 5094 καὶ
2224 5021 2663 5094 ίσχεδὸνῄςπάντες
2709 5028 2806 5094 μὲν
2851 5023 3347 5094 Σαμαρεῖς,ὀλίγοι
3380 5022 3436 5074 δὲ
3470 5024 3566 5074 καὶ
3598 5024 3658 5076 ἐν

2068 5092 2182 5164 τοῖς
2202 5091 2392 5164 ἀλλοις
2414 5090 2649 5164 ἔθνεσιν,
2679 5090 2755 5157 ὥς
2779 5095 2869 5147 τὸν
2904 5090 3120 5164 πρῶτον
3151 5093 3269 5146 θεὸν
3295 5097 3503 5145 ἐκεῖνον
3527 5095 3660 5163 ὁμο-

2069 5158 2373 5235 λογοῦντες,
2407 5163 2616 5215 ἐκεῖνον
2655 5166 2749 5217 καὶ
2781 5158 3142 5235 προσκυνοῦσι
3175 5165 3325 5234 (coli.
3356 5180 3406 5219 c.
3439 5158 3658 5230 56.)’-

2067 5231 2317 5304 Cumque
2338 5235 2770 5304 circunistaniim
2802 5231 2904 5290 loci
2939 5244 2993 5288 et
3023 5231 3297 5304 temporis-
3317 5235 3407 5286 vix
3435 5238 3660 5303 patian-

2071 5303 2467 5376 tiii'_dia|ngiiiii
2495 5320 2618 5357 cum
2656 5303 2946 5376 Ti'ypliiine
2984 5303 3185 5374 Ephesi
3225 5305 3471 5358 habitum
3509 5309 3659 5372 Apo-

2067 5373 2207 5440 IOyi'u
2240 5377 2525 5445 posteriori
2561 5373 2914 5442 posteriorem
2945 5373 3124 5430 facere
3152 5377 3279 5445 (hac
3299 5378 3444 5429 enim
3465 5377 3660 5429 oblata

2067 5459 2173 5496 non
2221 5444 2454 5510 amplius
2504 5445 2672 5497 Itonia
2727 5449 2929 5500 abiisse
2987 5462 3088 5500 nec
3135 5444 3225 5500 diu
3285 5448 3659 5513 supervixisse

2067 5514 2231 5581 vulgo
2265 5525 2488 5582 putatur
2520 5513 2816 5585 Justinus),
2860 5520 2910 5568 in
2941 5516 3218 5569 communi
3249 5518 3524 5570 sententia
3561 5533 3656 5570 ac.

2063 5586 2343 5707 guliescob
2365 5600 2471 5652 qua
2522 5588 2722 5657 prioris
2766 5588 3037 5655 Apologia:
3085 5588 3176 5642 hic
3226 5597 3511 5656 respectus
3553 5592 3663 5643 ιω.

2103 5670 2243 5707 enr.
2349 5672 2478 5707 ττο.

2103 5664 2243 5708 etiir.
2298 5664 2478 5711 υττο.

2138 5725 2250 5796 (18)
2278 5727 2556 5801 Ἔρεροντ
2580 5727 2758 5801 Mallet
2791 5727 3114 5801 Sylburgius
3144 5726 3428 5801 ἐπέφερον.

2137 5802 2250 5867 (ιθ)
2273 5798 2494 5866 Λέγων.
2527 5800 2724 5869 Siipplc
2755 5798 2941 5872 Γραφή
2977 5798 3054 5857 {ei
3084 5800 3233 5861 Θεόςο
