3954 6258
341 402 436 455 7J7

1365 399 1716 458 DIALOGUS
1749 399 1896 457 CUM
1931 398 2308 456 TRYPHONE
2342 397 2608 456 “IDES.

3531 394 3633 451 758

330 515 487 581 φίλοι,
509 513 705 567 οὐκέτι
747 533 767 565 ι
814 517 880 570 ἐν
911 515 999 586 τῷ
1032 518 1306 588 σπέρματι
1339 515 1503 569 αὑτοῦ
1551 535 1570 568 r
1605 510 1759 571 εἶπεν
1799 517 1941 571 εὐλο-

2056 512 2226 580 adjeci
2249 512 2390 568 :Per
2419 511 2698 574 Davidem,
2721 509 2904 575 amici,
2931 510 3000 566 de
3027 511 3131 566 hoc
3153 509 3380 566 Christe
3406 508 3633 580 loquens

341 607 671 681 γηθήσεσθαι
701 607 785 661 τὰ.
812 609 977 680 ἔθνη,
1014 609 1152 663 ἀλλά
1177 627 1194 660 ι
1232 611 1288 662 ὲν
1310 607 1475 678 αὐτῷ.
1514 627 1540 659 ρ»
1577 607 1732 661 Οὕτω
1763 608 1820 662 δὲ
1840 611 1956 662 ἐκεῖ

352 706 483 758 ἐστι·
523 721 542 754 ι
566 701 643 756 Τὸ
675 701 864 773 ὄνομα
892 703 1064 756 αὐτοῦ
1087 704 1166 767 είς
1196 703 1284 756 τὸν
1315 702 1484 766 αίιῖρνα
1516 703 1656 774 ὑπὲρ
1686 702 1776 755 τὸν
1805 702 1955 772 ἥλιον

353 794 620 850 ἀνατελεί·
654 797 755 849 καὶ
801 795 1327 868 ὲνευλογηθήσονται
1373 797 1432 849 ἐν
1472 795 1622 867 αὐτῷ
1671 796 1846 850 πάντα
1886 794 1957 848 τὰ

354 891 504 962 ἔθνη.
535 909 556 942 ι
587 891 653 943 Εἰ
685 889 746 943 δὲ
777 893 838 944 ἐν
871 889 955 960 τῷ
977 889 1203 960 Χριστῷ
1234 890 1536 958 εὐλογεῖται
1565 889 1635 943 τά
1662 889 1788 960 ἔθνη
1821 889 1956 942 πάν-

353 1003 440 1047 τα,
469 984 918 1038 atatim-rdiisz
946 983 1057 1037 τῶν
1078 982 1248 1037 ἐθνῶν
1281 984 1374 1037 ἐπὶ
1388 984 1576 1037 τοῦτον
1605 982 1952 1052 πιστεύομεν,

354 1079 449 1130 καὶ
490 1077 653 1141 αὑτός
700 1079 910 1131 ἐστινό
936 1077 1213 1148 Χριστὸς,
1259 1077 1353 1130 καὶ
1383 1078 1545 1148 ἡμεῖς
1594 1077 1644 1129 οἱ
1676 1075 1743 1130 δι’
1789 1072 1952 1130 αὑτοῦ

352 1170 751 1241 εύλογημένοι.“
783 1171 898 1223 Τὸν
937 1171 1036 1241 μὲν
1063 1170 1212 1240 ἥλιον
1249 1169 1278 1222 ὁ
1315 1168 1447 1232 Θεὸς
1477 1167 1726 1222 ἐδεδώκει
1754 1167 1952 1238 πρότε-

357 1279 450 1332 ρον
467 1265 550 1326 εἰς
577 1263 642 1315 τὺ
673 1264 1006 1333 προσκυνεῖν
1039 1262 1222 1326 αὑτὸν,
1259 1259 1346 1322 ὡς
1369 1260 1708 1332 γέγραπται·
1743 1260 1838 1312 καὶ
1865 1259 1956 1312 οὺ-

353 1357 481 1410 δένα
514 1356 772 1410 οὐδέποτε
817 1355 944 1409 ἰδεῖν
978 1354 1124 1408 ἐστιν
1163 1353 1532 1424 ὑπομείναντα
1565 1352 1653 1404 διὰ
1686 1352 1786 1423 τὴν
1818 1351 1956 1423 πρὸς

353 1452 444 1504 τὸν
491 1449 648 1520 ἣλιον
699 1449 883 1501 πίστιν
935 1446 1262 1501 ἀποθανεῖν’
1310 1445 1398 1500 διὰ
1443 1445 1501 1498 δὲ
1543 1445 1605 1498 τὸ
1655 1444 1825 1516 ὄνομα
1856 1443 1952 1498 τοῦ

367 1543 571 1614 Ἰησοῦ,
606 1543 673 1596 ἐκ
705 1541 910 1605 παντὸς
943 1541 1132 1609 γένους
1165 1539 1470 1609 ἀνθρώπων
1501 1539 1595 1592 καὶ
1618 1537 1953 1609 ὑπομείναν-

353 1653 454 1699 τας
490 1637 586 1690 καὶ
606 1635 980 1705 ὑπομένοντας
1006 1634 1183 1686 πάντα
1215 1632 1448 1702 πάσχειν
1474 1631 1615 1702 ὑπὲρ
1641 1629 1740 1684 τοῦ
1761 1631 1833 1702 μὴ
1864 1632 1954 1702 ἀρ-

356 1729 632 1801 νήσασθαι
664 1729 852 1792 αὐτὸν,
880 1729 1007 1782 ἰδεῖν
1046 1727 1180 1781 ἔστι.
1201 1727 1614 1799 Πυραῶέστερος
1647 1725 1756 1796 γὰρ
1786 1725 1952 1781 αύτοῦ

350 1828 380 1878 ὁ
424 1824 528 1893 τῆς
559 1823 828 1895 ἀληθείας
857 1824 951 1876 καὶ
985 1823 1176 1891 σοφίας
1208 1821 1388 1890 λόγος,
1425 1822 1518 1874 καὶ
1567 1821 1955 1891 φωτεινότερος

354 1916 557 1985 μᾶλλον
609 1915 722 1969 τῶν
766 1914 922 1986 ἡλίου
970 1913 1255 1986 δυνάμεὼν
1294 1918 1432 1979 ἐστι,
1472 1916 1566 1968 καὶ
1598 1917 1678 1977 εἰς
1709 1913 1777 1966 τὰ
1813 1913 1948 1986 βάθη

349 2011 449 2079 τῆς
476 2007 712 2079 καρδίας
745 2007 842 2060 καὶ
872 2004 968 2058 τοῦ
996 2004 1090 2058 νοῦ
1107 2004 1382 2058 είσδύνων.
1405 2005 1568 2058 Ὅθεν
1599 2006 1693 2058 καὶ
1723 2007 1752 2057 ὁ
1793 2004 1950 2072 λόγος

353 2102 487 2169 ἔφη·
525 2118 545 2149 ‹
584 2098 762 2168 ’Υπὲρ
791 2096 882 2149 τὸν
929 2096 1078 2166 ἥλιον
1119 2095 1368 2148 ἀνατελεί
1397 2094 1458 2148 τὸ
1489 2095 1662 2164 ὄνομα
1694 2093 1882 2148 αὑτοῦ.
1925 2113 1944 2145 ι

351 2189 677 2242 Καὶλπάλινο
722 2208 741 2240 ι
783 2186 1043 2258 Ἀνατολὴ
1072 2186 1241 2257 ὄνομα
1274 2185 1461 2250 αὑτοῦ,
1494 2205 1512 2237 ι
1547 2185 1817 2258 Ζαχαρίας
1848 2203 1952 2257 φη-

351 2284 422 2336 σί.
467 2284 582 2336 Καὶ
618 2281 750 2352 περὶ
778 2281 876 2334 τοῦ
910 2279 1076 2333 αὑτοῦ
1099 2279 1270 2348 λέγων
1299 2275 1471 2342 εἶπεν,
1506 2280 1586 2332 ὅτι
1624 2299 1642 2330 ι
1680 2279 1950 2349 Κόψονται

350 2375 488 2444 φυλὴ
522 2374 671 2428 κατά
707 2373 901 2443 φυλήν.
955 2391 973 2422 ι
1009 2372 1071 2424 Εἰ
1115 2371 1172 2424 δὲ
1201 2373 1258 2425 ἐν
1304 2373 1370 2441 τῇ
1419 2371 1600 2440 ἀτίμῳ
1644 2370 1740 2423 καὶ
1784 2369 1953 2423 ἀειδεί

349 2466 441 2518 καὶ
473 2464 883 2534 ἐξουθενημένῃ
935 2461 1125 2533 πρώτῃ
1175 2461 1449 2534 παρουσία
1487 2461 1652 2514 αὐτοῦ
1695 2461 1949 2515 τοσοῦτον

349 2558 555 2628 ἔλαμψε
592 2557 690 2610 καὶ
723 2556 964 2625 ἴσχυσεν,
999 2555 1074 2617 ὡς
1119 2555 1177 2606 ἐν
1218 2553 1410 2625 μηδενὶ
1454 2553 1601 2621 γένει
1635 2551 1948 2621 ἀγνοεῖσθαι

349 2649 530 2712 αὑτὸν,
568 2649 666 2700 καὶ
692 2647 804 2700 ἀπὸ
834 2647 1034 2709 παντὸς
1053 2645 1339 2716 μετάνοιαν
1357 2644 1687 2714 πεποιῆσθαι
1714 2643 1822 2697 ἀπὸ
1847 2643 1948 2714 τῆς

348 2741 586 2804 παλαιᾶς
620 2741 805 2811 κακῆς
839 2739 1069 2793 ἑκάστου
1115 2739 1314 2806 γένους
1344 2737 1641 2801 πολιτείας,
1681 2735 1821 2790 ὥστε
1854 2737 1949 2790 καὶ

344 2835 414 2887 τὰ
453 2835 722 2905 δαιμόνια
767 2833 882 2904 (20)
918 2830 1321 2886 ὑποτάσσεσθαι
1365 2829 1529 2884 αὐτοῦ
1574 2829 1653 2900 τῷ
1699 2829 1944 2900 ὀνόματι,

345 2928 438 2980 καὶ
470 2927 658 2989 πάσας
688 2926 790 2989 τάς
823 2925 998 2996 ἀρχάς
1031 2924 1126 2978 καὶ
1157 2923 1259 2988 τὰς
1299 2923 1577 2994 βασιλείας
1613 2922 1723 2992 (21)
1757 2921 1944 2974 τούτου

342 3019 403 3070 τὸ
421 3018 602 3088 ὄνομα
622 3017 779 3089 παρά
812 3016 1020 3081 πάντας
1050 3016 1176 3082 τοὺς
1215 3015 1587 3077 ἀποθανόντας
1617 3012 1909 3066 δεδοικέναι
1927 3031 1942 3044 ο

342 3110 436 3174 0-3;
465 3113 532 3165 ἐκ
554 3111 766 3174 παντὸς
792 3111 996 3182 τρόπου
1024 3110 1132 3181 (22)
1151 3112 1207 3162 ἐν
1227 3112 1293 3181 τῇ
1318 3107 1511 3178 ἐνδόξῳ
1538 3106 1703 3160 αὐτοῦ
1737 3125 1944 3178 παρου-

2059 604 2341 674 Scriptura
2378 621 2481 658 non
2511 603 2624 674 jam
2661 603 2712 658 in
2746 621 2765 654 ι
2795 603 3005 658 semine
3035 602 3157 673 ejus
3198 622 3218 655 ι
3254 604 3386 659 dicit
3416 605 3638 660 benedi-

2055 707 2202 752 ctum
2227 696 2291 749 iri
2329 705 2545 766 gentes,
2573 695 2670 749 sed
2706 712 2726 746 ι
2764 695 2819 748 in
2857 697 2993 765 ipso.
3031 715 3050 748 ι
3083 696 3174 750 Sic
3204 706 3382 750 autem
3425 686 3496 751 ibi
3520 706 3634 754 est:

2060 808 2079 840 ‹
2112 787 2318 844 Nomen
2367 789 2484 856 ejus
2520 787 2576 841 in
2620 787 2882 842 saeculum
2916 803 3079 856 super
3099 789 3270 844 solem
3304 789 3586 843 exorietur
3617 806 3633 842 :

2054 888 2109 934 et
2154 879 2550 935 benedicentur
2598 880 2650 932 in
2695 879 2812 948 ipso
2842 895 3033 934 omnes
3064 890 3254 950 gentes
3301 881 3343 936 ⁸.
3379 899 3399 934 ι
3440 879 3633 946 Porro,

2053 974 2100 1028 si
2136 974 2190 1028 in
2239 972 2460 1027 Christo
2509 971 2904 1027 benedicuntur
2952 987 3145 1028 omnes
3197 984 3409 1044 gentes,
3455 982 3514 1029 et
3566 988 3633 1028 ex

2053 1065 2307 1119 omnibus
2339 1067 2590 1135 gentibus
2615 1068 2666 1120 in
2692 1066 2837 1122 hunc
2857 1068 3161 1132 credimus;
3198 1068 3459 1136 cumvipse
3479 1066 3638 1123 Chri-

2055 1168 2170 1212 stus
2190 1165 2298 1222 est,
2327 1167 2438 1213 tum
2469 1174 2567 1214 nos
2598 1173 2694 1229 per
2726 1175 2850 1213 eum
2878 1159 3175 1214 benedicti.
3212 1159 3391 1216 Solem
3418 1161 3636 1229 quidem

2055 1246 2197 1301 Deus
2231 1247 2458 1303 dederat
2491 1250 2644 1318 prius
2684 1250 2751 1302 ad
2783 1249 3148 1316 adorandum,
3176 1249 3636 1319 quemadmodum
3725 1259 3730 1264 ‘

2055 1343 2320 1412 scriptum
2348 1353 2432 1398 est
2466 1353 2487 1383 τ
2512 1359 2653 1409 ;.nec
2687 1346 2976 1414 quisquam
3009 1357 3249 1410 unquam
3276 1342 3508 1406 exstitit,
3541 1343 3635 1410 qui

2056 1445 2284 1490 mortem
2322 1445 2546 1506 prepter
2590 1436 2752 1490 fidem
2785 1437 2838 1490 in
2887 1436 3058 1491 solem
3105 1445 3410 1505 oppeteret.
3457 1435 3530 1489 At
3567 1448 3637 1490 ex

2053 1527 2202 1582 omni
2234 1541 2431 1595 genere
2456 1529 2746 1582 hominum
2779 1527 2970 1582 videre
3015 1537 3120 1592 est,
3149 1528 3241 1596 qui
3279 1535 3506 1596 propter
3533 1541 3637 1582 no-

2055 1635 2178 1673 men
2215 1618 2340 1674 Jesu
2376 1618 2632 1688 qu:elibet
2665 1620 2931 1688 supplicia
2962 1628 3018 1674 et
3063 1619 3390 1688 pertulerint
3422 1626 3479 1673 et
3509 1634 3638 1689 per-

2057 1711 2253 1774 ferant,
2290 1728 2357 1766 ne
2387 1712 2536 1766 illum
2580 1724 2802 1783 negent.
2840 1713 3144 1769 Ardentior
3178 1713 3324 1768 enim
3356 1725 3444 1768 est
3489 1713 3637 1767 illius

2057 1803 2299 1858 veritatis
2335 1811 2391 1858 et
2413 1803 2696 1874 sapientia:
2722 1819 2906 1859 sermo
2942 1814 3002 1860 et
3036 1805 3268 1861 lucidior
3299 1806 3466 1860 multo
3503 1805 3635 1861 solis

1986 1873 2026 1930 Β
2057 1895 2463 1961 virtutibus,-et
2495 1897 2549 1950 in
2581 1911 2831 1952 recessus
2848 1899 3029 1951 cordis
3057 1905 3113 1951 et
3143 1897 3340 1952 mentis
3364 1905 3633 1966 penetrat.

2055 1986 2210 2043 Unde
2235 1998 2291 2042 et
2320 1988 2604 2057 Scriptura
2635 1989 2769 2044 dicit
2795 2005 2808 2044 :
2849 2003 2880 2040 ι’
2902 1987 3086 2059 Super
3113 1990 3284 2044 solem
3299 1991 3508 2045 orietur
3539 2007 3638 2044 no-
3731 2011 3749 2024 π

2052 2097 2176 2136 men
2207 2080 2350 2148 ejus.
2394 2101 2413 2132 ι
2450 2082 2514 2136 Et
2549 2098 2771 2139 rursus:
2803 2101 2823 2135 ι
2863 2083 3058 2140 Oriens
3086 2099 3284 2139 nomen
3308 2083 3450 2153 ejus,
3492 2105 3514 2138 ι
3548 2087 3636 2140 in-

2053 2173 2170 2242 quit
2193 2173 2488 2230 Zacharias
2522 2175 2565 2239 ⁸,
2591 2177 2682 2244 qui
2710 2175 2776 2230 de
2797 2176 2991 2231 eodem
3022 2175 3250 2243 loquens
3272 2177 3350 2230 ait
3375 2195 3390 2232 :
3424 2195 3444 2228 ι
3476 2177 3637 2231 Plan-

2052 2274 2183 2334 gent
2211 2267 2387 2322 tribus
2418 2268 2720 2323 secundum
2766 2269 2989 2322 tribum.
3028 2288 3048 2320 ι
3085 2268 3240 2335 Quod
3272 2269 3320 2323 si
3357 2268 3412 2322 in
3458 2272 3636 2336 primo

2053 2361 2308 2424 adventu,
2339 2361 2432 2430 qui
2459 2361 2721 2432 inglorius
2755 2372 2809 2416 et
2840 2361 3096 2418 informis
3123 2374 3178 2418 et
3205 2363 3494 2433 despectus
3509 2364 3634 2430 fuit,

2054 2461 2263 2506 tantum
2299 2452 2656 2522 resplenduit,
2703 2469 2767 2508 ac
2796 2463 3006 2508 tantum
3052 2454 3249 2522 valuit,
3282 2467 3342 2510 ut
3381 2457 3528 2511 nulla
3581 2459 3635 2513 in

2050 2555 2210 2615 gente
2240 2546 2456 2616 ignotus
2481 2548 2574 2611 sit,
2610 2549 2706 2602 sed
2737 2548 2935 2617 ubique
2967 2548 3214 2604 homines
3244 2565 3314 2604 ex
3337 2551 3506 2606 veteri
3535 2567 3636 2606 cu-

2043 2639 2244 2707 jusque
2292 2639 2468 2707 gentis
2517 2639 2660 2694 malo
2705 2639 2922 2694 vivendi
2979 2655 3189 2709 genere
3245 2639 3634 2712 paenitentiam

2051 2739 2235 2799 agant,
2277 2731 2418 2785 unde
2449 2731 2548 2801 ipsi
2587 2733 2751 2786 etiam
2796 2733 3072 2788 daemones
3099 2731 3218 2802 ejus
3253 2735 3466 2788 nomini
3504 2733 3636 2788 sub-

2043 2821 2334 2890 jiciuntur,
2383 2837 2448 2878 ac
2479 2822 2825 2892 principatus
2875 2838 3084 2879 omnes-
3122 2836 3180 2878 et
3217 2839 3381 2895 regna
3433 2839 3634 2880 nomen

2048 2914 2164 2982 ejus
2189 2929 2356 2984 supra
2381 2929 2572 2969 omnes
2605 2912 2895 2968 defunctos
2927 2913 3334 2980 reformidant;
3361 2931 3544 2970 nonne
3580 2915 3635 2970 in

2049 3005 2284 3075 glorioso
2308 3005 2548 3059 adventu
2584 3020 2778 3060 omnes
2821 3021 3050 3076 prorsus
3092 3015 3326 3071 evertet,
3379 3008 3471 3077 qui
3507 3022 3634 3062 eum

2046 3099 2266 3155 oderint
2293 3107 2348 3154 et
2381 3099 2472 3167 qui
2498 3099 2565 3154 ab
2606 3113 2672 3154 eo
2704 3099 2888 3168 inique
2915 3100 3247 3165 defecerint;
3285 3116 3412 3156 suos
3448 3109 3634 3154 autem

339 3203 436 3274 σία
455 3203 761 3259 καταλύσει
790 3202 1000 3266 πάντας
1018 3203 1144 3266 τοὺς
1175 3203 1512 3273 μισήσαντας
1530 3199 1692 3252 αὐτὸν
1715 3201 1807 3252 καὶ
1819 3201 1941 3263 τοὺς

2050 3196 2269 3252 inducet
2303 3195 2365 3249 in.
2382 3196 2644 3264 requiem,
2679 3195 2935 3250 omnibus
2968 3210 3068 3250 eos
3095 3195 3430 3264 exspectatis
3468 3195 3632 3250 bonis

341 3297 507 3350 αὑτοῦ
531 3297 743 3361 ἀδίκως
777 3295 1150 3358 ἀποστάντας’
1181 3296 1310 3358 τοὺς
1337 3294 1397 3347 δὲ
1433 3293 1593 3356 ἰδίους
1617 3291 1943 3355 ἀναπαύσει,

343 3389 634 3452 ἀποδιδοὺς
675 3390 865 3452 αὐτοῖς
911 3389 980 3442 τά
1028 3385 1457 3459 προσδοκώμενα
1503 3384 1714 3449 πάντας
1784 3385 1946 3454 Ἡμῖν

338 3477 435 3535 οὖν
469 3480 634 3550 ἐδόθη
667 3481 764 3534 καὶ
798 3481 1034 3538 ἀκοῦσαι
1067 3480 1158 3533 καὶ
1193 3481 1432 3533 συνεῖναι
1461 3479 1556 3531 καὶ
1589 3478 1826 3550 σωθῆναι
1857 3478 1946 3532 διά

335 3573 536 3628 τούτου
552 3574 650 3627 τοῦ
675 3572 937 3644 Χριστοῦ,
954 3573 1049 3627 καὶ
1069 3573 1137 3626 τὰ
1155 3572 1248 3626 τοῦ
1271 3573 1482 3645 Πατρὸς
1503 3571 1797 3641 ἐπιγνῶναι
1818 3572 1948 3625 πάνα

323 3653 409 3721 ιιι’σ.
438 3669 580 3738 (25).
628 3667 732 3720 Διά
774 3666 934 3720 τοῦτο
977 3666 1128 3734 ἔλεγε
1173 3666 1309 3735 πρὸς
1355 3667 1546 3719 αὐτόν·
1589 3684 1607 3715 ι
1668 3666 1827 3734 Μέγα
1859 3664 1942 3718 σοί

338 3760 455 3814 ἐστι
488 3761 588 3813 τοῦ
623 3759 896 3830 κληθῆναί
930 3775 990 3810 σε
1024 3757 1188 3811 παῖδά
1223 3775 1346 3829 μου,
1372 3756 1466 3811 τοῦ
1502 3758 1822 3830 στῆσαιντὰς
1850 3775 1945 3828 φυ-

338 3851 438 3915 λέις
489 3851 589 3905 τοῦ
653 3849 870 3913 Ἰακὼϐ,
923 3852 1019 3904 καὶ
1066 3851 1166 3915 τὰς
1214 3850 1516 3922 διασπορὰς
1565 3853 1659 3906 τοῦ
1722 3851 1938 3924 Ἰσραὴλ

2051 3287 2448 3342 remunerans?
2486 3285 2653 3341 Nobis
2698 3287 2866 3356 igitur
2917 3287 3103 3340 datum
3141 3296 3226 3342 est
3261 3296 3316 3340 et
3352 3286 3544 3341 audire
3577 3295 3633 3341 et

2051 3378 2362 3449 intelligere
2386 3390 2442 3433 et
2465 3377 2664 3434 salvari
2701 3391 2797 3445 per
2833 3377 2981 3432 hunc
3002 3378 3302 3442 Christum,
3355 3385 3412 3430 et
3443 3376 3632 3434 omnia

2051 3493 2081 3529 a
2105 3475 2270 3530 Patre
2314 3473 2552 3529 revelata
2587 3486 2936 3544 cognoscere.
2979 3471 3272 3542 Propterea
3306 3471 3528 3527 dicebat
3561 3472 3634 3528 ad

2047 3585 2168 3626 eum
2198 3584 2213 3622 :
2250 3587 2287 3620 «-
2319 3566 2569 3635 Magnum
2605 3576 2692 3622 est
2726 3566 2822 3620 tibi
2867 3573 2927 3620 ut
2953 3565 3168 3621 voceris
3210 3579 3400 3618 servus
3448 3580 3628 3630 meus,

2049 3671 2108 3716 ut
2136 3661 2438 3717 constituas
2476 3661 2651 3716 tribus
2685 3657 2876 3726 Jacoh,
2912 3668 2967 3715 et
3003 3661 3377 3729 dispersione’s
3409 3657 3630 3714 lsraelis

2049 3762 2360 3810 convertas.
2393 3753 2554 3809 Posui
2591 3762 2644 3808 te
2675 3753 2728 3806 in
2760 3752 2936 3807 lucem
2971 3751 3147 3823 215.
3163 3752 3426 3824 gentium,
3463 3761 3522 3806 ut
3553 3751 3662 3806 sia“

2048 3849 2100 3904 in
2131 3849 2360 3904 salutem
2396 3863 2582 3902 earum
2617 3861 2790 3917 usque
2820 3846 2886 3900 ad
2920 3855 3226 3901 extremum
3251 3855 3415 3901 terrae
3439 3847 3483 3898 ’.
3528 3865 3549 3898 ι

342 3944 696 4017 ἐπιστρέψαι.
734 3945 968 3998 Τέθεικά
1000 3961 1060 3997 σε
1108 3945 1188 4007 εἰς
1222 3943 1339 4012 φῶς
1367 3944 1558 4010 ἐθνῶν,
1583 3945 1677 3998 τοῦ
1711 3943 1851 3998 εἷναί
1879 3962 1937 3998 σε
1971 3947 2052 4009 εἰς
2086 3941 2359 4011 σωτηρίαν
2393 3938 2571 3994 αὐτῶν
2585 3938 2695 4003 ἕως
2721 3938 2949 4009 ἐσχάτου
2970 3939 3082 4010 τῆς
3112 3937 3237 4009 γῆς,
3261 3959 3288 3990 γι

409 4058 431 4088 ⁸
469 4056 618 4111 Psal.
651 4072 801 4118 uxr,
825 4055 914 4111 l7.

413 4176 528 4246 (ΞΟ)
565 4177 752 4248 ’ξΩο-τε
773 4175 872 4229 καὶ
909 4178 983 4232 τὰ
1020 4177 1310 4248 δαιμόνια.
1339 4177 1497 4247 Legit
1529 4177 1611 4235 Cl.
1652 4178 1932 4234 Thirlbins

341 4244 531 4309 ὦς’τε.
568 4244 679 4300 Sed
715 4248 831 4302 haec
877 4251 1014 4303 satis
1064 4244 1348 4304 commode
1389 4244 1704 4303 referuntur
1751 4249 1815 4302 ad
1863 4265 1929 4305 ea

341 4331 468 4384 qua:
491 4317 749 4385 proxime
781 4319 1115 4385 praecedunt.
1152 4317 1506 4383 Perspicuum
1541 4323 1689 4373 enim
1711 4328 1795 4374 est
1826 4318 1932 4374 for-

341 4387 612 4440 midinem
655 4385 832 4450 illam.
883 4403 1048 4457 quam
1094 4389 1298 4445 Christi
1351 4389 1934 4444 nomen-daemonibus

337 4466 396 4509 et
425 4458 799 4524 potestatibus
819 4467 979 4513 terra:
1013 4459 1332 4522 incutiebat,
1363 4458 1600 4514 fructum
1623 4473 1746 4514 esse
1768 4475 1936 4514 evan-

338 4525 467 4598 gelii
490 4527 558 4598 in
586 4537 704 4598 toto
741 4538 1010 4598 terrarum
1040 4529 1170 4583 orbe
1193 4529 1495 4598 prsedicati.

413 4596 535 4665 (21)
567 4595 681 4651 Kal
708 4597 815 4663 τὰς
839 4595 1314 4665 βασιλείαςίὸἰο
1340 4599 1503 4653 etiam
1541 4599 1768 4656 infra-n.
1809 4603 1933 4666 l'o'l,

338 4668 681 4742 ιπξάίιειιιιξι⁵
703 4683 824 4742 esse
841 4671 1083 4723 ostendit
1105 4670 1242 4734 fore,
1277 4678 1561 4742 ut_omnes
1596 4673 1936 4742 principatus

337 4747 397 4793 et
422 4753 595 4807 regna
621 4736 906 4792 Christum
945 4749 1267 4794 metuerent.
1317 4739 1434 4794 Non
1470 4736 1699 4807 possunt
1741 4736 1806 4797 de
1849 4743 1935 4797 fu-

342 4817 466 4860 tura
523 4822 736 4883 regum“
765 4811 1139 4883 conversione
1175 4810 1292 4864 lucc
1337 4809 1592 4883 intelligi,
1639 4821 1754 4866 tum
1803 4815 1932 4883 quia

339 4876 630 4944 nunquam
684 4876 804 4932 illos
843 4880 1092 4934 veritatis
1127 4881 1462 4935 insectandm
1498 4876 1658 4935 finem
1691 4876 1935 4938 facturos

339 4947 590 5001 declarat
617 4945 872 5022 Justinus
903 4964 1065 5022 supra
1093 4950 1267 5016 n-.59,
1297 4961 1408 5006 tmn
1437 4951 1562 5019 quia
1605 4964 1931 5022 prmsentem

337 5032 532 5071 rerum
571 5029 780 5073 statum
814 5020 1040 5091 indicat,
1079 5036 1205 5074 cum
1241 5023 1318 5075 ait
1361 5020 1703 5091 principatus
1743 5039 1933 5079 omnes

336 5099 397 5162 et
449 5103 621 5162 regna
672 5104 869 5162 nomen
923 5089 1126 5144 Christi
1181 5089 1591 5162 suprafomnes
1646 5093 1932 5148 defunctos

342 5157 680 5230 formidare.
715 5159 811 5230 Sic
843 5161 1008 5214 etiam
1035 5175 1192 5230 supra
1225 5157 1279 5216 η’.
1318 5161 1407 5225 50,
1440 5164 1506 5216 de
1532 5162 1750 5218 Christo
1778 5181 1793 5217 :
1835 5165 1932 5217 Ὃν

464 5228 539 5310 τά
566 5228 817 5310 δαιμόνεα
852 5231 1070 5310 φρίσσὲ
1103 5228 1201 5284 καὶ
1236 5234 1407 5310 πᾶσαι
1448 5232 1634 5310 ἁπλῶς
1675 5235 1732 5287 αί
1765 5235 1932 5305 ἀρχαὶ

335 5301 437 5352 καὶ
463 5299 713 5374 ἐξουσίαι
737 5301 837 5374 τῆς
860 5299 984 5371 γῆς.
1028 5300 1214 5371 Regna
1241 5314 1296 5357 et
1328 5303 1664 5374 principatus
1691 5315 1745 5360 et
1774 5299 1928 5374 pote-

333 5381 523 5442 states
546 5371 633 5424 bis
662 5370 716 5424 in
747 5370 1014 5442 locis,’ut
1055 5370 1200 5442 saipe
1239 5370 1399 5438 alias,
1441 5370 1584 5442 apud
1619 5370 1843 5430 Graecos
1875 5383 1931 5430 et

336 5440 625 5514 Romanos
659 5440 982 5514 scriptores,
1027 5440 1168 5514 idem
1210 5453 1412 5498 sonant
1439 5440 1504 5498 ac
1533 5457 1688 5514 reges
1709 5456 1763 5501 et
1794 5459 1930 5512 prro--

335 5511 494 5564 sides
525 5521 580 5564 et
609 5512 987 5578 magistratus.
1035 5513 1143 5568 Sed
1175 5515 1447 5584 quomodo
1497 5511 1638 5568 hanc
1682 5511 1926 5571 omnium

336 5591 678 5648 potestatum
705 5584 972 5637 adversus
1017 5583 1296 5638 Christum
1329 5587 1688 5639 reverentiam
1737 5587 1921 5641 conci-

342 5652 610 5705 liabimus
651 5668 776 5705 cum
811 5653 1186 5722 hlasphemiis,
1214 5670 1352 5724 quas
1389 5655 1439 5707 in
1484 5654 1762 5710 Christum
1799 5672 1930 5708 evo-

343 5724 593 5794 rucbant,
647 5733 707 5794 et,
753 5723 1058 5792 suppliciis,
1094 5727 1293 5794 quibus
1335 5725 1680 5780 Christianos
1723 5725 1927 5780 alﬁctea

342 5792 526 5870 lunt!
554 5790 770 5870 _Justirti
798 5790 1176 5870 testimonium
1209 5795 1375 5850 multa
1405 5797 1751 5851 confirmant.
1804 5796 1925 5850 Non

349 5864 505 5917 enim
533 5864 762 5921 dubium
805 5867 937 5934 quin
977 5865 1412 5924 Christianorum
1462 5870 1747 5939 miracula,
1804 5871 1928 5922 vita

992 4055 1012 4086 ⁷
1055 4056 1210 4110 Deut.
1247 4071 1318 4119 tv,
1345 4055 1432 4112 l9.
1507 4057 1530 4091 ⁸
1564 4072 1682 4127 cap.
1713 4074 1788 4125 vr,
1821 4057 1909 4112 l2.
1981 4059 2002 4090 ’
2037 4057 2322 4122 lsa..xmx,‘
2355 4054 2409 4110 6t

2039 4181 2304 4235 sanctitas
2336 4187 2390 4233 et
2435 4191 2691 4233 crescens
2721 4193 2790 4232 ex
2831 4179 3313 4246 persecutionihus
3356 4195 3625 4238 numerus

2041 4258 2416 4319 persecutores
2446 4250 2589 4316 ipsos
2615 4263 2756 4319 saepe
2787 4251 3105 4304 terruerint.
3132 4249 3253 4317 Qui
3278 4251 3330 4304 in
3356 4252 3626 4308 Christia-

2037 4318 2138 4376 nos
2171 4319 2548 4389 vehementius
2580 4318 2912 4380 clamabant.
2948 4320 3000 4374 hi
3037 4335 3182 4389 saepe
3215 4336 3405 4376 eorum
3433 4323 3490 4376 in
3521 4324 3627 4377 mi-

2044 4392 2247 4446 racnlis
2304 4405 2334 4442 a
2387 4388 2498 4444 Deo
2533 4389 2887 4459 impetrandis
2930 4398 3258 4459 potestatem
3310 4403 3619 4448 senserant;

2049 4479 2068 4513 ι
2125 4461 2249 4516 Haec
2272 4461 2466 4531 omnia
2500 4459 2614 4524 tibi,
2653 4458 2730 4512 ait
2780 4458 3265 4531 Tertullianusuad
3303 4459 3618 4531 Scapulam,

1969 4551 2012 4607 ι)
2041 4542 2096 4607 et
2121 4533 2188 4586 de
2224 4529 2400 4607 olllcio
2428 4531 2643 4607 suggeri
2666 4540 2924 4607 possunt,
2953 4539 3009 4607 et
3044 4530 3115 4584 ab
3157 4529 3355 4607 iisdem
3392 4529 3624 4587 advoca-

2043 4602 2132 4674 tis,
2185 4603 2383 4674 quiet
2433 4598 2551 4666 ipsi
2591 4600 2857 4674 beneficia
2911 4600 3116 4674 habent
3151 4598 3619 4674 Christianorum,

2036 4671 2166 4727 licet
2203 4669 2511 4727 acclament
2555 4685 2676 4738 quae
2721 4669 2931 4725 volunt.
2995 4689 3014 4722 ι
3068 4669 3124 4725 ln
3173 4670 3364 4730 eodem
3416 4677 3623 4741 scripto

2039 4742 2208 4798 multa
2265 4740 2637 4800 Tertullianus
2681 4748 3075 4794 commemorat
3121 4742 3368 4808 exempla
3419 4740 3624 4798 divina:

2035 4814 2264 4868 ultionis
2295 4814 2349 4866 in
2393 4819 2773 4880 persecutores
2824 4809 3283 4881 Christianorum,
3318 4828 3384 4866 ac
3434 4813 3618 4881 plures

2036 4892 2284 4939 recenset
2307 4881 2588 4950 praesides,
2613 4881 2704 4948 qui
2735 4891 2830 4934 aut
2860 4881 2913 4934 in
2945 4899 2964 4931 ι
3002 4880 3106 4934 ﬁne
3141 4881 3262 4934 vitae
3293 4897 3403 4938 suae
3435 4880 3620 4937 recor-

2033 4955 2148 5008 dati
2163 4949 2618 5020 suntdeliquisse,
2633 4950 2777 5021 quod
2800 4960 3085 5006 vexassent
3099 4949 3506 5019 Chrisdanpsp
3524 4964 3622 5016 an:

2033 5024 2114 5078 eis
2149 5023 2438 5086 faverunt;
2471 5036 2568 5075 nec
2597 5021 2803 5075 omittit
2829 5022 3014 5078 Severi
3045 5022 3392 5089 imperatoris
3429 5025 3481 5076 in
3519 5038 3618 5078 eos

2033 5096 2344 5164 aequitatem
2383 5101 2438 5146 et
2473 5092 2930 5164 benevolentiam.
2972 5090 3143 5164 Nemo
3180 5092 3409 5164 inliciari
3444 5094 3620 5162 possit

2033 5162 2222 5220 eadem
2269 5163 2392 5218 aliis
2437 5162 2774 5231 temporibus
2824 5173 2880 5233 e_t
2924 5163 3062 5217 locis
3115 5162 3436 5233 contigisse.
3471 5165 3618 5217 Inter

2035 5235 2180 5304 ipsos
2209 5235 2583 5304 imperatores-
2606 5231 3048 5304 scimusJustini
3084 5241 3243 5304 actate
3275 5231 3616 5290 Antoninum

2031 5302 2358 5360 Christianis
2385 5317 2601 5373 aequum
2630 5317 2688 5356 se
2711 5302 3032 5373 praebuisse,
3062 5312 3118 5356 et
3141 5303 3441 5358 Adrianum
3479 5315 3618 5357 tem-

2032 5377 2121 5444 pla
2157 5377 2376 5430 Christo
2400 5371 2646 5445 statuere
2684 5371 2939 5445 voluisse.
2977 5372 3256 5429 Immerito
3279 5391 3414 5445 ergo
3441 5374 3615 5430 Justi-

2031 5443 2084 5499 iti
2117 5447 2360 5500 narratio
2406 5445 2459 5518 in
2495 5443 2878 5518 suspicionem
2905 5454 3152 5518 vocetur,
3168 5456 3281 5518 _aut
3314 5443 3500 5518 pravis
3522 5453 3615 5518 at-

2033 5526 2278 5590 tentetur
2327 5513 2659 5590 conjecturis
2690 5512 3234 5590 delenilo__illu_t_l_rﬁ;
3277 5512 3382 5590 γῆς
3420 5533 3474 5570 n.
3517 5513 3610 5582 50,

2031 5598 2154 5654 post
2186 5585 2446 5652 ἐξουσίαι,
2477 5595 2538 5640 ιιι
2559 5583 2880 5654 doctissimo
2913 5585 3160 5640 'l'hirlbio
3191 5583 3363 5642 visum
3399 5597 3504 5642 est.
3602 5598 3607 5603 '

2101 5651 2366 5728 (Ξὲγοῦς
2407 5657 2476 5710 ἐκ
2507 5651 2734 5720 παντὸς
2762 5655 3005 5722 τρόπου.
3055 5655 3368 5727 Legendum
3408 5658 3510 5711 οὐκ
3547 5657 3613 5711 ἐκ

2031 5729 2233 5792 παντὸς
2255 5729 2456 5800 τρόπου
2483 5743 2618 5800 cuni
2641 5738 2843 5800 puncto
2872 5728 3282 5799 interrogante;
3310 5730 3470 5800 idque
3488 5737 3614 5784 ante

2030 5816 2120 5854 me
2155 5796 2438 5854 admonuit
2466 5800 2547 5854 Cl.
2577 5796 2880 5852 Thirlbius.

2097 5871 2211 5941 (‘25)
2253 5871 2330 5925 Τὰ
2357 5870 2461 5925 τοῦ
2491 5868 2720 5940 Πατρός
2747 5868 2907 5942 ἐπιγ.
2939 5871 3156 5926 πάντα.
3194 5871 3329 5930 Vide
3358 5889 3414 5928 n.
3449 5871 3539 5932 44.
