3954 6258
403 405 507 460 1’39

1334 405 1392 463 S.
1428 406 1689 463 JUS’I‘INI
1730 406 2137 465 PHILOSOPIII
2176 406 2262 461 ET
2300 405 2655 461 MARTYRIS

3551 402 3653 461 760

475 520 597 575 ΕΩ.
635 521 902 575 Immerito
958 520 1067 575 hare
1111 521 1289 577 Judwi
1338 524 1403 577 de
1448 524 1728 595 proselytis
1766 523 1973 581 intelli-

2149 523 2270 577 122.
2321 521 2506 576 Ταῦτα
2545 523 2701 593 ὑμεῖς
2744 521 2841 591 μὲν
2873 522 2953 583 είς
3007 518 3099 571 τὸν
3132 518 3340 589 Γηόραν
3391 516 3484 570 καὶ
3526 520 3654 582 τοὺς

400 621 551 682 gum.
579 642 650 654 ——
674 613 852 682 Atque
882 614 998 669 haec
1030 628 1127 669 vos
1153 615 1371 684 quidem
1398 616 1450 670 in
1486 615 1741 671 Geioram
1769 626 1822 672 et
1842 633 1973 687 pro-

400 707 607 778 selytos
630 718 844 762 vestros
871 708 1013 763 dicta
1043 709 1409 775 existimatis;
1441 717 1498 763 at
1527 725 1655 766 vere
1679 712 1733 767 in
1768 726 1868 767 nos
1893 713 1977 767 di-

400 810 485 854 cta
524 809 681 865 sunt,
733 801 822 869 qui
858 815 957 869 per
1000 800 1183 856 Jesum
1237 803 1527 858 illuminati
1578 819 1791 858 sumus.
1836 804 1971 858 Nam

398 890 646 960 profecto
671 891 792 947 istis
821 894 986 945 etiam
1016 893 1385 949 testimonium
1419 895 1787 964 perhibuisset
1813 893 1975 948 Chri-

399 989 556 1033 stus:
584 997 730 1035 nunc
756 991 939 1036 autem
969 984 1157 1052 duplo,
1186 994 1243 1038 ut
1278 985 1394 1055 ipse
1429 986 1591 1051 dixit,
1643 986 1736 1039 lilii
1768 989 1973 1054 gehen-

400 1087 484 1126 nte
528 1074 637 1129 ﬁlis
667 1076 731 1129 ³ο.
783 1074 897 1130 Νοη
947 1091 1081 1146 ergo
1126 1079 1193 1133 ad
1239 1094 1333 1135 eos
1391 1082 1778 1150 prophetarum
1830 1079 1970 1134 dicta

396 1164 694 1233 pertinent,
725 1169 820 1220 sed
852 1168 919 1220 ad
959 1183 1082 1235 nos,
1120 1172 1187 1225 de
1223 1171 1418 1240 quibus
1455 1172 1585 1225 dicit
1631 1168 1918 1241 Scriptura
1952 1186 1968 1224 :

402 1272 423 1305 ι
457 1253 661 1308 Ducam
695 1270 873 1312 caecos
903 1258 1070 1313 invia
1113 1277 1279 1331 quam
1319 1265 1589 1328 nesciunt,
1621 1272 1674 1317 et
1718 1262 1971 1327 semitas,

395 1359 531 1413 quas
563 1346 973 1416 ignoraverunt,
1000 1350 1418 1408 inambulabunt
1459 1354 1523 1409 ".
1570 1354 1638 1407 Et
1659 1368 1761 1424 ego
1792 1353 1969 1417 testis,

2077 614 2449 687 προσηλύτους
2483 613 2731 686 εἰρῆσθαι
2754 612 3023 684 νομίζετε,⁹
3057 610 3135 681 τῷ
3166 612 3278 665 δντι
3308 609 3366 664 δὲ
3396 612 3477 675 είς
3505 610 3653 681 ἡμᾶς

2076 703 2290 775 εἴρηται
2321 704 2447 766 τοὺς
2477 702 2563 756 διὰ
2608 701 2783 774 Ἰησοῦ
2830 700 3290 772 πεφωτισμένους.
3322 696 3400 753 Ἦ
3435 700 3544 771 γὰρ
3588 700 3655 755 ἂν

2075 795 2346 857 κάκείνοις
2398 792 2695 864 ἐμαρτύρει
2739 795 2767 846 ὀ
2810 792 3060 863 Χριστός·
3109 791 3203 845 νῦν
3246 790 3304 844 δὲ
3343 791 3655 863 διπλότερον

2076 889 2181 940 υἱοὶ
2212 887 2455 957 γεέννης,
2485 885 2560 950 ὡς
2588 885 2751 948 αὐτὸς
2778 882 2895 938 εἷπε
2914 925 2929 949 ,
2970 884 3185 953 γίνεσθε
3230 884 3364 954 (24).
3407 885 3482 937 Ού
3519 885 3656 956 πρὸς

2076 982 2317 1044 ἐκείνους
2367 977 2460 1034 οῦν
2504 980 2625 1033 οὐδὲ
2673 979 2741 1033 τὰ
2773 979 2860 1033 διά
2898 980 3006 1033 τῶν
3054 980 3347 1051 προφητῶν
3390 980 3658 1050 εἰρημένα

2074 1074 2357 1137 λέλεκται,
2400 1072 2544 1127 ἀλλὰ
2594 1074 2729 1145 πρὸς
2759 1075 2928 1144 ἡμᾶς,
2963 1075 3090 1143 περὶ
3124 1067 3198 1127 ὧν
3226 1076 3254 1127 6
3297 1072 3452 1140 λόγος
3484 1071 3657 1139 λέγει·

2079 1186 2098 1217 «
2131 1166 2277 1231 Ἀξω
2310 1169 2368 1220 ὲν
2392 1166 2494 1236 eaq;
2526 1165 2758 1235 τυφλοὺς
2789 1166 2854 1237 ἢν
2878 1167 2977 1219 ούκ
3010 1167 3271 1234 ἔγνωσαν·
3317 1169 3409 1218 καὶ
3435 1164 3658 1235 τρίὸους

2071 1259 2164 1322 οὓς
2209 1260 2309 1312 ούκ
2350 1260 2600 1330 ᾔδεισαν,
2648 1266 2969 1330 πατήσουσι.
3018 1258 3188 1327 Κάγὼ
3228 1258 3455 1329 μάρτυς,
3508 1258 3657 1324 λέγει
3700 1322 3703 1327 Ι

2072 1352 2277 1424 Κύριος
2302 1354 2332 1404 6
2363 1352 2516 1416 Θεὸς,
2552 1352 2645 1405 καὶ
2676 1352 2704 1404 6
2736 1354 2867 1415 παῖς
2904 1368 3005 1422 μου
3038 1352 3098 1405 ὃν
3128 1350 3476 1421 ἐξελεξάμην.
3517 1368 3536 1400 ι
3572 1348 3659 1401 τί-

394 1434 528 1487 dicit
561 1436 821 1491 Dominus
844 1438 1012 1503 Deus,
1042 1449 1097 1493 et
1128 1457 1264 1509 puer
1298 1458 1479 1506 meus,
1519 1459 1679 1513 quem
1712 1443 1847 1513 elegi
1871 1443 1966 1497 ι’.»

2074 1462 2157 1498 σιν
2191 1442 2283 1499 οὖν
2330 1448 2598 1517 μαρτυρεῖ
2644 1448 2673 1499 6
2720 1444 2987 1516 Χριστόςς
3036 1444 3206 1513 Δῆλον
3238 1443 3311 1508 ὡς
3343 1446 3455 1506 τοῖς
3494 1458 3659 1495 πεπι-

395 1526 730 1592 Quibusnam
758 1530 925 1601 igitur
956 1538 1332 1592 teStimonium
1368 1538 1624 1607 perhibet
1671 1537 1922 1593 Christus
1948 1537 1973 1590 ?

2073 1537 2370 1592 στευκόσιν.
2408 1539 2472 1590 Οἱ
2502 1537 2558 1590 δὲ
2578 1537 2901 1609 προσήλυτοι
2928 1537 2987 1588 ού
3003 1528 3185 1606 ’μόνον
3204 1535 3265 1587 ού
3290 1532 3653 1597 πιστεύουσιν,

393 1619 753 1677 Credentibus
797 1625 1072 1686 videlicet.
1110 1629 1380 1702 Proselyti
1431 1642 1612 1685 autem
1665 1647 1771 1686 non
1813 1633 1972 1687 modo

2073 1630 2207 1684 ἀλλά
2252 1628 2565 1700 διπλότερον
2609 1628 2762 1700 ὑμῶν
2811 1626 3221 1699 βλασφημοῦσιν
3262 1628 3343 1688 είς
3380 1626 3441 1679 τὸ
3487 1624 3657 1695 ὄνομα

392 1725 501 1765 non
536 1714 795 1783 credunt,
840 1721 933 1774 sed
976 1723 1141 1775 etiam
1174 1722 1338 1792 duplo
1382 1738 1480 1778 vos
1519 1735 1781 1793 superant
1825 1724 1973 1778 blas-

2073 1720 2257 1784 αὐτοῦ,
2293 1721 2388 1775 καὶ
2426 1722 2573 1792 ἡμᾶς
2603 1721 2729 1783 τοὺς
2766 1722 2845 1783 εἱς
2901 1723 3106 1774 ἐκεῖνον
3156 1717 3514 1781 πιστεύοντας
3560 1717 3657 1770 καὶ

391 1804 627 1873 phemiis
667 1809 721 1861 in
764 1824 964 1866 nomen
1009 1810 1130 1880 ejus
1163 1815 1511 1881 evomendis;
1549 1828 1611 1869 ac
1653 1830 1756 1871 nos
1787 1816 1877 1885 qui
1912 1817 1968 1869 in

2073 1813 2318 1882 φονεύειν
2377 1814 2472 1867 καὶ
2525 1812 2757 1875 αίκίζειν
2808 1810 3102 1882 βούλονται·
3160 1809 3300 1864 κατά
3341 1810 3517 1885 πάντα
3548 1807 3659 1878 γὰρ

391 1909 515 1948 eum
555 1900 854 1965 credimus,
887 1911 941 1955 et
972 1904 1227 1958 occidere
1269 1914 1325 1959 et
1371 1906 1699 1960 excruciare
1745 1905 1965 1973 volunt;

2074 1876 2202 1977 ύμῖν
2248 1904 2625 1977 ἐξομοιοῦσθαι
2668 1876 2977 1957 σπεύδουσι.
3030 1906 3141 1957 Καὶ
3178 1903 3338 1957 πάλιν
3388 1882 3446 1956 ἐκ)
3477 1876 3659 1965 ἄλλοις

394 1988 449 2040 in
489 1990 743 2046 omnibus
790 1994 937 2050 enim
990 1996 1290 2051 assimilari
1344 1998 1498 2052 vobis
1543 2009 1835 2053 conantur.
1892 2002 1970 2055 Ae

393 2091 582 2134 rursus
618 2082 745 2136 alibi
781 2085 983 2140 clamat
1018 2104 1031 2141 :
1072 2106 1091 2140 ι
1130 2089 1243 2159 Ego
1278 2089 1545 2145 Dominus
1585 2091 1777 2145 vocavi
1828 2100 1880 2146 te
1914 2092 1968 2145 in

386 2166 627 2236 justitia,
661 2183 717 2227 et
756 2176 1160 2245 apprehendam
1200 2194 1419 2233 manum
1460 2190 1632 2247 tuam,
1672 2190 1727 2237 et
1772 2182 1967 2237 fortem

395 2266 615 2320 reddam
652 2276 727 2333 te,
752 2277 807 2323 et
835 2284 1032 2338 ponam
1068 2280 1120 2325 te
1154 2273 1206 2325 in
1231 2280 1621 2327 testamentum
1655 2276 1892 2343 generis,
1914 2275 1967 2329 in

391 2358 564 2413 lucem
592 2361 857 2429 gentium,
895 2371 956 2415 ut
986 2363 1202 2434 aperias
1224 2364 1412 2419 oculos
1442 2380 1734 2432 caecorum,
1761 2378 1815 2423 et
1836 2371 1969 2424 edu-

390 2467 487 2506 cas
510 2467 575 2507 ex
609 2454 840 2510 vinculis
867 2456 1207 2527 compeditos
1238 2458 1306 2515 ³³.
1339 2475 1365 2510 ι
1393 2458 1666 2526 Quoniam
1696 2462 1812 2517 hac
1834 2477 1962 2532 quo-

388 2562 495 2614 que
525 2547 592 2601 ad
626 2548 906 2603 Christum
946 2560 1003 2604 et
1054 2552 1121 2605 de
1152 2553 1408 2622 gentibus
1456 2554 1779 2610 illuminatis
1822 2558 1965 2611 dicta

388 2646 553 2705 sunt,
586 2655 652 2694 an
681 2658 897 2697 rursum
928 2644 1165 2700 dicetis:
1202 2647 1284 2701 Ad
1314 2647 1491 2717 legem
1524 2656 1579 2703 et
1613 2649 1679 2703 ad
1716 2649 1965 2719 prosely-

388 2740 472 2783 tos
497 2733 609 2785 haec
632 2732 809 2789 dicit?

457 2821 557 2877 Hic
588 2833 846 2894 tanquam
891 2828 944 2881 in
987 2830 1209 2883 theatro
1233 2830 1521 2886 vociferati
1550 2842 1679 2887 sunt
1717 2834 1965 2889 nonnulli

384 2927 574 2968 eorum
602 2955 618 2981 ,
664 2918 754 2986 qui
804 2920 1069 2987 postridie
1105 2932 1406 2977 venerant:
1443 2922 1627 2991 Quid?
1673 2924 1865 2981 Nonne
1896 2927 1965 2981 ad

386 3006 557 3075 legem
579 3015 633 3062 et
661 3009 727 3063 ad
758 3024 874 3077 eos,
899 3012 989 3080 qui
1020 3014 1088 3067 ab
1113 3028 1178 3068 ea
1204 3014 1613 3082 illuminantur,
1639 3018 1753 3073 hate
1792 3018 1969 3073 dicit?

385 3097 448 3151 lli
481 3108 659 3153 autem
691 3109 819 3156 sunt
846 3103 1126 3173 proselyti.

2074 1996 2190 2067 βοᾷ’
2234 2015 2252 2047 ι
2294 1994 2439 2063 Ἐγὼ
2481 1995 2684 2067 Κύριος
2716 1994 2952 2049 ἐκάλεσὰ
2989 2011 3049 2047 σε
3091 1996 3157 2064 τῇ
3192 1992 3533 2064 δικαιοσύνῃ,
3565 1992 3658 2045 καὶ

2071 2087 2332 2157 κρατήσω
2362 2087 2462 2156 τῆς
2500 2085 2680 2157 χειρός
2718 2103 2835 2149 σου,
2875 2085 2970 2138 καὶ
3001 2082 3205 2153 ἰσχύσω
3244 2099 3305 2133 σε
3329 2122 3343 2147 ,
3379 2082 3475 2135 καὶ
3507 2079 3658 2149 θήσω

2072 2196 2131 2232 σε
2172 2182 2251 2243 είς
2302 2178 2566 2249 διαθήκην
2612 2178 2835 2247 γένους,
2886 2178 2967 2239 εἰς
3018 2176 3133 2244 φῶς
3185 2174 3389 2237 ἐθνῶν,
3447 2172 3657 2237 ἀνοῖξαι

2069 2268 2379 2339 ὀφθαλμοὺς
2413 2267 2650 2338 τυφλῶν,
2685 2266 2972 2335 ἐξαγαγεῖν
3010 2267 3075 2317 ἐκ
3106 2262 3319 2334 δεσμῶν
3346 2259 3659 2329 πεπεδημέ-

2071 2380 2210 2425 νους.
2252 2381 2269 2412 ι
2305 2362 2459 2413 Ἐπεὶ
2503 2361 2596 2413 καὶ
2638 2358 2832 2421 ταῦτα,
2875 2352 2923 2409 ὧ
2967 2355 3191 2427 ἄνδρες,
3234 2352 3371 2425 πρὸς
3403 2352 3493 2403 τὸν
3522 2352 3657 2423 Χρι-

2071 2462 2212 2527 στὸν,
2248 2464 2343 2517 καὶ
2374 2461 2503 2533 περὶ
2539 2460 2649 2513 τῶν
2675 2458 2855 2513 -ἐθνῶν
2890 2454 3455 2525 τῶνηπεφωτισμέκων
3498 2454 3654 2525 εἴρη-

2066 2572 2178 2616 ται,
2212 2554 2245 2623 ἢ
2287 2554 2445 2608 πάλιν
2484 2553 2642 2623 ὑμεῖς
2665 2553 2857 2621 ἐρεῖτε·
2894 2548 3037 2619 Πρὸς
3078 2548 3168 2601 τὸν
3191 2547 3353 2618 νόμον
3379 2546 3527 2614 λέγει
3560 2546 3665 2597 καὶ

2067 2646 2193 2707 τοὺς
2222 2642 2592 2714 προσηλύτους
2614 2641 2785 2693 ταῦτα
2806 2657 2821 2705 ;

2137 2841 2249 2893 Καὶ
2292 2838 2481 2911 ὥσπερ
2530 2841 2588 2892 ἐν
2628 2836 2841 2906 θεάτρῳ
2885 2832 3188 2904 ἀνέκραγόν
3239 2848 3385 2894 τινες
3438 2829 3663 2901 τῶν»τῇ

2065 2932 2291 3005 δευτέρᾳ
2313 2930 2649 3000 ἀφιγμένων·
2687 2927 2846 2982 Ἀλλὰ
2879 2927 2966 2991 τί;
2997 2927 3057 2979 ού
3090 2926 3226 2995 πρὸς
3258 2924 3350 2976 τὸν
3379 2924 3542 2993 νόμον
3566 2922 3657 2974 λέ-

2065 3041 2171 3093 γει,
2199 3023 2293 3076 καὶ
2322 3023 2449 3087 τοὺς
2482 3021 2879 3092 φωτιζομένους
2896 3021 2986 3073 ὑπ’
3016 3017 3215 3083 αὑτοῦ;
3249 3009 3408 3069 Οὗτοι
3426 3016 3483 3068 δέ
3514 3015 3661 3067 εἰσιν

2066 3118 2114 3169 οἱ
2135 3115 2485 3187 προσήλυτοι.
3516 3098 3521 3105 ’

455 3191 696 3259 Minime,
729 3196 978 3265 inquam,
1005 3195 1353 3268 Tryphonem
1390 3200 1727 3272 respiciens;
1760 3216 1885 3256 nam
1913 3201 1959 3255 si

2134 3209 2282 3272 Οὔκ,
2315 3208 2485 3278 ἐφην,
2537 3205 2743 3261 ἀπιδὼν
2781 3204 2918 3279 πρὸς
2954 3204 3044 3257 τὸν
3082 3202 3373 3275 Τρύφωνα·
3410 3198 3564 3261 ἐπεὶ,
3602 3199 3659 3253 εἰ

382 3286 469 3341 lex
525 3296 738 3357 gentes,
788 3299 844 3343 et
888 3304 984 3346 eos
1028 3293 1123 3361 qui
1170 3292 1346 3362 legem
1383 3292 1621 3359 habent,
1652 3292 1960 3348 illuminare

383 3392 589 3449 posset,
623 3386 727 3454 qui
741 3399 878 3453 opus
906 3393 1053 3439 esset
1083 3384 1233 3440 Novo
1268 3386 1662 3441 Testamento?
1688 3384 1957 3453 Quoniam

381 3482 564 3530 autem
598 3475 803 3531 Novum
834 3478 1250 3533 Testamentum
1289 3486 1346 3532 et
1386 3489 1646 3533 aeternam
1684 3477 1861 3548 legem
1894 3492 1961 3533 ac

382 3570 702 3624 mandatum
751 3572 1041 3630 missurum
1074 3589 1134 3629 se
1184 3574 1327 3629 Deus
1372 3571 1804 3643 praanuntiabat,
1851 3585 1959 3625 non

381 3673 627 3717 veterem
671 3664 818 3718 illam
865 3665 1041 3736 legem
1080 3666 1313 3736 ejusque
1343 3665 1649 3735 proselytos
1683 3663 1959 3732 intellige-

382 3772 524 3822 mus,
556 3756 651 3810 sed
678 3756 956 3813 Christum
990 3775 1053 3815 ac
1081 3761 1391 3832 proselytos
1430 3760 1636 3830 ipsius,
1679 3775 1779 3815 nos
1808 3759 1961 3816 scili~

379 3858 467 3904 cet
495 3865 559 3905 ex
599 3852 881 3920 gentibus,
914 3867 1053 3923 quos
1082 3853 1407 3908 illuminavit
1436 3892 1452 3918 ,
1493 3853 1956 3923 quemadmodum

378 3942 579 3997 alicubi
612 3944 691 3997 ait
726 3961 742 3997 :
780 3962 799 3995 ι
837 3944 929 3999 Sic
955 3945 1091 4000 dicit
1114 3946 1374 4002 Dominus
1401 3960 1416 3999 :
1441 3944 1715 4015 Tempore
1732 3955 1957 4014 accepto

380 4036 635 4090 exaudivi
672 4044 742 4102 te,
777 4046 831 4092 et
862 4038 915 4092 in
952 4036 1040 4091 die
1088 4038 1283 4093 salutis
1322 4038 1783 4095 auxiliatussum
1834 4039 1955 4093 tibi.

378 4129 448 4185 Et
479 4128 600 4183 dedi
641 4138 693 4183 te
728 4132 779 4184 in
804 4138 1191 4185 testamentum
1212 4131 1476 4201 gentium,
1509 4140 1568 4185 ut
1594 4132 1959 4187 constitueres

378 4231 613 4286 terram,
639 4230 694 4275 et
716 4221 1090 4277 baereditatem
1124 4223 1403 4291 acciperes
1430 4223 1545 4277 loca
1586 4224 1801 4278 deserta
1832 4223 1898 4280 υ.
1933 4241 1951 4273 ι

377 4309 639 4373 Quanam
680 4310 848 4380 igitur
889 4312 1180 4367 lmreditas
1216 4313 1461 4368 Christi?
1500 4304 1683 4368 neune
1734 4312 1959 4383 gentes?

378 4402 663 4467 Quodnam
730 4401 824 4457 Dei
901 4406 1337 4461 testamentum?
1403 4420 1591 4461 nonne
1654 4405 1958 4460 Christus?

378 4492 846 4557 Quemadmodum
876 4496 1039 4550 etiam
1068 4496 1196 4551 alibi
1225 4497 1362 4553 dicit
1388 4514 1403 4552 :
1442 4516 1461 4551 ι
1491 4497 1663 4553 Filius
1712 4512 1867 4554 meus
1896 4513 1956 4554 es

2062 3301 2225 3371 νόμος
2253 3295 2367 3370 εἶχε
2403 3300 2465 3352 τὸ
2494 3296 2749 3369 φωτίζειν
2772 3298 2840 3350 τὰ
2874 3297 3001 3369 ἔθνη
3036 3296 3129 3350 καὶ
3158 3296 3285 3357 τοὺς
3306 3294 3530 3364 ἔχοντας
3554 3292 3659 3345 αῦ-

2061 3394 2172 3457 τὸν,
2216 3393 2299 3457 τίς
2336 3394 2494 3465 χρεία
2532 3391 2737 3461 Καινῆς
2771 3390 3078 3461 Διαθήκης;
3118 3387 3336 3458 Ἐπειδὴ
3371 3387 3482 3457 (25)
3510 3386 3656 3438 Και-

2062 3484 2158 3555 νὴν
2185 3484 2460 3556 Διαθήκην
2482 3524 2496 3549 ,
2532 3485 2629 3537 καὶ
2664 3484 2829 3553 νόμον
2863 3480 3077 3537 αἰώνιον
3124 3480 3219 3533 καὶ
3265 3479 3598 3551 πρόσταγμα
3624 3475 3658 3528 6

2062 3578 2192 3640 Θεὸς
2231 3579 2610 3649 προεκήρυσσε
2650 3575 2906 3647 πέμψειν,
2947 3576 3068 3645 ούχὶ
3099 3575 3190 3627 τὸν
3228 3573 3455 3626 παλαιὸν
3489 3572 3658 3643 νόμον

2062 3670 2406 3741 ἀκουσόμεθα
2444 3669 2540 3723 καὶ
2575 3672 2702 3732 τοὺς
2748 3668 3120 3741 προσηλύτους
3162 3666 3359 3731 αὐτοῦ,
3394 3665 3530 3718 ἀλλά
3561 3651 3667 3717 τὸκΐ

2062 3763 2294 3835 Χριστὸν
2319 3763 2415 3816 καὶ
2444 3762 2573 3825 τοὺς
2608 3760 2980 3834 προσηλύτους
3002 3758 3191 3823 αὐτοῦ,
3226 3760 3374 3829 ἡμᾶς
3402 3756 3472 3810 τὰ
3497 3756 3652 3826 ἔθνη,

2059 3851 2153 3915 οὒς
2191 3850 2475 3920 ἐφώτισεν,
2509 3850 2586 3915 ὥς
2618 3850 2719 3903 πού
2778 3866 2961 3921 φησιν·
3004 3868 3023 3900 ι
3055 3850 3210 3902 Οὕτω
3238 3848 3387 3918 λέγει
3424 3848 3652 3920 Κύριος

2061 3942 2253 4014 Καιρῷ
2274 3942 2449 4013 δεκτῷ
2482 3942 2765 4013 ἐπήκουσά
2794 3958 2909 4005 σου,
2950 3942 3046 3995 καὶ
3076 3943 3135 3994 ἐν
3157 3939 3341 4011 ἡμέρᾳ
3377 3938 3658 4010 σωτηρίας

2062 4036 2335 4107 ἐϐοήθησά
2368 4052 2449 4089 σοι
2478 4035 2609 4107 (26),
2650 4038 2745 4089 καὶ
2777 4035 2954 4089 ἐδωκά
2988 4051 3046 4087 σε
3085 4036 3162 4098 είς
3196 4032 3461 4105 διαθήκην
3479 4030 3656 4085 ἐθνῶν

2059 4128 2153 4181 τοῦ
2195 4129 2533 4200 καταστῆσαι
2560 4128 2656 4199 τὴν
2688 4127 2814 4198 γῆν,
2856 4128 2951 4182 καὶ
2986 4126 3350 4198 κληρονομίαν
3387 4124 3656 4195 κληρονοι

2064 4222 2233 4292 μῆσαι
2275 4222 2534 4293 ἐρήμους.
2581 4242 2599 4272 ι
2644 4220 2739 4284 Τίς
2777 4215 2869 4273 οῦν
2919 4220 2953 4291 ή
3005 4219 3336 4291 κληρονομία
3376 4216 3473 4269 τοῦ
3511 4217 3657 4289 Χρι-

2063 4312 2222 4377 στοῦς
2258 4314 2379 4383 ούχὶ
2414 4313 2484 4366 τὰ
2517 4312 2683 4384 ἕθνη;
2730 4314 2827 4376 Τίς
2859 4314 2892 4384 ή
2922 4311 3156 4382 διαθήκη
3197 4311 3294 4363 τοῦ
3336 4308 3508 4372 Θεοῦ;
3551 4309 3656 4378 οὐχ

2060 4410 2088 4460 6
2111 4408 2379 4479 Χριστός;
2415 4406 2504 4470 Ὠς
2529 4407 2625 4459 καὶ
2655 4404 2888 4475 ἀλλαχοῦ
2921 4421 3103 4476 φησιν·
3146 4422 3163 4454 ι
3208 4402 3334 4463 Υἱός
3364 4417 3466 4470 μου
3492 4395 3543 4453 εί
3566 4399 3652 4452 co"

2064 4498 2175 4567 ἐγὼ
2217 4499 2456 4571 σήμερον
2504 4498 2808 4568 γεγέννηκά
2842 4514 2921 4549 σε.
2959 4497 3194 4568 Ait-quat
3220 4495 3349 4565 παρ’
3375 4492 3537 4562 ἐμοῦ,
3560 4491 3656 4545 καὶ

375 4594 433 4637 ιιι
469 4604 485 4640 :
518 4586 810 4656 egohodie
835 4588 998 4657 genui
1032 4598 1103 4644 te.
1134 4588 1356 4645 Postula
1385 4605 1416 4644 a
1447 4607 1558 4658 me,
1593 4601 1649 4647 et
1683 4594 1829 4648 dabo
1857 4591 1955 4647 tibi

2073 4589 2215 4643 Ξὼσω
2249 4606 2331 4641 σοι
2365 4589 2490 4659 ἔθνη
2532 4588 2630 4661 τὴν
2663 4588 3028 4659 κληρονομίαν
3064 4604 3155 4641 σου
3206 4586 3299 4639 καὶ
3341 4584 3440 4656 τὴν
3485 4584 3656 4639 κατά-

375 4688 565 4744 gcntes
610 4680 988 4736 lnereditatem
1042 4696 1223 4753 tuam,
1272 4699 1328 4740 et
1358 4686 1757 4755 possessionem
1807 4694 1953 4742 tuam

377 4772 645 4828 terminos
670 4782 832 4830 terra:
858 4775 920 4830 ⁸⁵.
960 4795 979 4829 ι

444 4953 570 5009 ιεδ,
615 4953 879 5010 Ridicule:
920 4959 1379 5027 interpretationes
1408 4957 1743 5013 Judworum.
1791 4956 1963 5017 (ΖίινιιΔ

368 5046 529 5097 διὶαηὶ
564 5062 717 5101 verus
763 5046 951 5104 Israel.
996 5081 1063 5090 -
1103 5050 1572 5118 Quemadmodum
1626 5052 1790 5122 igitur
1834 5052 1951 5105 ha:c

370 5307 384 5345 1
442 5222 495 5344 “7
527 5221 713 5280 Matth.
754 5243 911 5295 χχιιι,
942 5230 1028 5283 15.

392 5308 431 5345 ι.
507 5330 519 5344 .

392 5308 431 5354 ι,
474 5308 519 5344 ι.

443 5489 863 5558 (24)Γινεσθε,
922 5487 1188 5543 Nimirum
1236 5504 1360 5544 eum
1416 5488 1643 5544 Judaica
1703 5492 1950 5545 instituta

1111 5231 1152 5260 “
1194 5229 1294 5282 Isa.
1332 5245 1462 5294 XLII,
1498 5231 1584 5285 16.
1663 5230 1705 5260 η
1746 5227 1847 5283 lsa.
1885 5243 2038 5292 xum,
2070 5227 2176 5287 10..
2237 5224 2280 5259 ¹³
2321 5223 2421 5278 Isa.
2455 5238 2563 5281 xui
2618 5221 2672 5276 6.

2064 4682 2247 4752 σχεσίν
2282 4699 2374 4734 σου
2412 4681 2481 4733 τὰ
2511 4681 2722 4751 πέρατα
2753 4680 2851 4750 τῆς
2891 4678 3014 4749 γῆς.
3055 4697 3073 4728 ι

2132 4956 2254 5008 125.
2291 4954 2378 5016 Ὠς
2409 4948 2519 5007 οῦν,
2544 4950 2720 5004 πάντα
2749 4948 2920 5003 ταῦτα
2960 4948 3174 5018 εἴρηται
3209 4946 3348 5016 πρὸς
3384 4946 3477 4999 τὸν
3513 4946 3650 5017 Χρι-

2057 5048 2148 5101 τὺν
2188 5047 2283 5101 καὶ
2324 5044 2393 5098 τὰ
2435 5044 2586 5115 ἔθνη,
2620 5043 2794 5106 οὕτως
2828 5042 3057 5095 κάκεῖνα
3091 5038 3340 5110 εἰρῆσθαι
3374 5036 3647 5107 νομίζετε.

2756 5222 2798 5253 ¹¹⁵
2836 5220 2937 5275 lsa.
2974 5234 3124 5273 xm.
3149 5218 3200 5281 8,
3247 5215 3302 5271 9.
3416 5216 3458 5246 ¹⁵
3501 5213 3645 5271 Psul.

2126 5492 2242 5560 (25)
2274 5490 2537 5554 Ἐπειδή.
2590 5490 2745 5560 δαψε
2792 5491 2844 5543 in
2892 5490 2997 5545 hac
3036 5503 3171 5560 voce
3223 5487 3359 5556 lapsi
3407 5486 3639 5546 librarii.

376 5559 790 5632 amplectimini.
825 5562 955 5626 Qua:
992 5561 1136 5632 enim
1173 5561 1461 5630 proselylis
1477 5562 1637 5632 dicit,
1663 5576 1724 5615 ea
1747 5559 1951 5615 Iudaeis
2053 5558 2365 5632 Legendum
2403 5563 2529 5632 ἐπεὶ
2561 5560 2639 5632 δέ,
2680 5558 2742 5613 ut
2766 5563 2973 5614 monuit
3010 5562 3091 5615 C3.
3130 5558 3429 5632 Thirlhius.

372 5629 644 5700 ipsisdici
671 5639 921 5696 poterant
951 5630 1277 5698 quibuscum
1309 5629 1615 5700 proselytos
1641 5647 1808 5685 unum
1828 5647 1953 5688 esse

376 5698 631 5766 νυριιΙιιιιι
657 5701 853 5765 prohat
879 5717 933 5752 ιι.
968 5700 1093 5754 125.
1127 5698 1559 5765 ρυιιιείιεεθεεε
1584 5712 1798 5756 nonest
1825 5718 1949 5755 cum

374 5769 438 5822 ιι.
482 5768 757 5831 Stephano
790 5769 966 5840 legere
996 5769 1239 5836 γίνεσθαι
1271 5772 1603 5835 ποιεῖτε,;ιυι
1628 5771 1947 5828 cumThiri-

369 5839 458 5893 ho
485 5838 749 5907 λέγονται.

2128 5628 2241 5703 (26)
2275 5629 2614 5697 Ἐϐοήθηοτά
2645 5646 2765 5685 σοι.
2792 5632 3023 5703 Additur
3052 5632 3105 5685 in
3127 5628 3333 5703 Dibliis
3354 5630 3453 5683 καὶ
3476 5629 3641 5703 ἔπλαο

2056 5700 2237 5765 σάσε,
2267 5716 2387 5768 quae
2413 5704 2581 5757 verba
2617 5703 2778 5755 etiam
2820 5700 2872 5771 in
2911 5702 3034 5757 cod.
3075 5701 3231 5754 Alex.
3274 5709 3329 5753 et
3362 5703 3509 5768 apud
3540 5702 3636 5771 Cy-

2057 5775 2164 5826 rill.
2203 5783 2256 5826 et
2282 5772 2453 5825 Clem.
2483 5772 2641 5833 Alex.
2676 5787 2732 5847 p_.
2764 5770 2909 5836 762,,
2931 5774 3123 5829 deesse
3153 5772 3296 5827 idem
3332 5771 3427 5826 vir-
3455 5770 3637 5827 crudiv

2057 5856 2143 5900 tus
2175 5844 2453 5900 observat.
