3954 6258
261 427 347 484 761

1263 422 1615 480 DIALOGUS
1642 423 1788 480 CUM
1823 422 2205 480 TRYPHONE
2237 423 2507 480 JUDIEO.

3441 424 3546 480 76$

258 542 413 595 Οὐδὲν
450 537 559 613 γὰρ
606 538 925 611 χρῄζουσιν
979 541 1025 594 οἱ
1081 540 1407 612 προσήλυτοι
1461 540 1763 612 διαθήκης,
1810 542 1851 593 εἰ

1963 541 2144 595 omnia
2173 540 2240 595 ad
2266 539 2545 595 Christum
2577 548 2627 594 et
2673 552 2865 610 gentes
2890 542 3033 597 dicta
3058 550 3220 607 sunt,
3258 541 3330 596 ita
3358 552 3411 598 et
3452 543 3543 599 illa

257 634 368 697 ἑνὸς
400 634 497 687 καὶ
532 631 632 685 τοῦ
669 634 854 687 αὐτοῦ
891 635 1025 687 πᾶσι
1067 638 1180 698 τοῖς
1224 634 1706 708 περὶτεμνομένοις
1750 651 1863 687 κει-

261 726 416 796 μένου
445 724 615 795 νόμου
639 765 655 788 ,
694 727 837 798 περὶ
886 726 1110 779 ἐκείνων
1156 725 1327 789 οὕτως
1369 728 1402 797 ἡ
1450 726 1489 777 Γ
1494 726 1639 798 ραφὴ
1678 724 1857 793 λέγει·

262 837 281 868 ι
312 817 417 871 Καὶ
454 816 908 887 προστεθήσεται
936 818 1028 870 καὶ
1055 821 1082 871 6
1110 818 1321 889 Γηόρας
1350 818 1487 890 πρὸς
1510 818 1731 881 αὐτοὺς,
1767 819 1861 870 καὶ

256 906 697 978 προστεθήσεται
732 909 874 980 πρὸς
903 908 994 960 τὸν
1029 904 1175 961 οἷκον
1196 906 1411 961 Ἰακώϐ.
1453 927 1477 959 ›
1508 909 1617 961 Καὶ
1644 908 1726 961 ὅτι
1762 908 1861 977 μὲν

256 1000 598 1072 προσήλυτος
636 998 754 1069 (27)
783 1002 812 1052 6
845 998 1301 1070 περιτεμνόμενος
1335 1001 1415 1062 είς
1437 999 1515 1069 τῷ
1553 998 1667 1069 λαῷ
1689 1015 1857 1070 προσ-

253 1093 643 1165 κεχωρηκέναι
693 1092 806 1163 (28)
842 1092 991 1145 ἐστὶν
1025 1092 1099 1154 ὡς
1132 1091 1428 1162 αὐτόχθων¹
1464 1093 1626 1163 ἡμεῖς
1649 1092 1704 1144 δὲ
1732 1091 1859 1156 λαὸς

253 1186 557 1257 κεκλῆσθαι
590 1186 911 1257 ἠξιωμένοι,
948 1186 1148 1255 ὁμοίως
1177 1185 1287 1255 (29)
1323 1184 1471 1247 ἔθνος
1497 1186 1662 1256 ἐσμὲν
1693 1184 1779 1238 διὰ
1798 1185 1859 1238 τὸ

253 1280 629 1350 ἀπερίτμητοι
674 1274 836 1331 εἶναι.
884 1278 1027 1349 Πρὸς
1062 1278 1119 1330 δὲ
1165 1279 1259 1330 καὶ
1284 1276 1493 1345 γελοῖόν
1528 1279 1677 1329 ἐστιν
1706 1278 1859 1346 ἡγεῖ-

256 1372 374 1425 σθαι
402 1373 584 1441 ὑμᾶς,
614 1371 725 1424 τῶν
760 1372 857 1441 μὲν
889 1369 1242 1441 προσηλύτων
1275 1368 1456 1422 αὐτῶν
1482 1367 1749 1439 ἀνεῷχθαι
1787 1366 1855 1420 τὰ

254 1465 500 1535 ὄμματα,
535 1464 697 1535 ὑμῶν
726 1465 784 1517 δὲ
815 1462 899 1517 οὔθ
941 1465 1032 1516 καὶ
1055 1464 1199 1533 ὑμᾶς
1232 1463 1331 1533 μὲν
1372 1462 1590 1514 ἀκούειν
1622 1462 1856 1531 τυφλοὺς

254 1558 345 1608 καὶ
399 1558 663 1624 κωφοὺς,
704 1555 948 1617 ἐκείνους
990 1554 1046 1608 δὲ
1094 1553 1559 1625 πεφωτισμένους.
1607 1554 1716 1607 Καὶ
1772 1555 1853 1607 ὅτι

251 1649 596 1720 γελοιότερον
632 1648 746 1717 (30)
776 1646 1112 1717 ἀποϐήσεται
1146 1648 1273 1716 ὑμῖν
1311 1646 1373 1699 τὸ
1406 1648 1656 1717 πρᾶγμα,
1692 1649 1740 1699 εί
1762 1647 1854 1699 τδν

252 1742 412 1811 νόμον
447 1745 568 1803 τοῖς
615 1740 796 1793 ἔθνεσι
837 1738 1078 1792 δεδόσθαι
1112 1742 1333 1810 φήσετε,
1370 1740 1527 1809 ὑμεῖς
1556 1739 1679 1791 οὔτε
1709 1741 1853 1792 ἐκεῖ·

254 1850 336 1885 νον
369 1834 464 1886 τὸν
518 1833 691 1903 νόμον
740 1832 962 1900 ἔγνωτε.
1007 1830 1338 1883 Ιίὺλαὸεῖσθε
1383 1829 1491 1901 γὰρ
1525 1831 1591 1884 ἂν
1621 1832 1721 1902 τὴν
1757 1830 1851 1883 τοῦ

1962 631 2274 687 existimate
2305 646 2427 686 esse
2450 632 2621 687 dicta.
2646 632 2765 687 Non
2801 634 2955 687 enim
2995 634 3247 703 indigent
3280 634 3546 707 proselyti

1964 734 2317 790 testamento;
2364 726 2430 791 si,
2483 740 2607 779 cum
2654 740 2761 779 una
2807 736 2863 779 et
2915 726 3107 779 eadem
3153 726 3238 779 lex
3288 726 3546 781 omnibus

1961 815 2302 870 circumcisis
2334 816 2511 885 posita
2559 816 2652 881 sit,
2691 816 2758 869 de
2782 814 2891 868 illis
2922 813 3208 883 Scriptura
3238 813 3318 868 sic
3363 813 3544 882 loqui-

1960 913 2048 960 tur
2079 924 2093 960 :
2131 923 2151 957 ι
2184 907 2248 960 Et
2280 914 2583 977 apponetur
2617 908 2785 962 etiam
2812 906 3041 960 Geioras
3075 907 3141 959 ad
3169 908 3337 974 ipsos,
3368 915 3423 959 et
3448 918 3547 973 ap-

1959 1009 2193 1067 ponetur
2242 1002 2309 1054 ad
2364 1002 2585 1055 domum
2636 998 2901 1055 Jacob“.
2952 1016 2971 1049 ›
3023 997 3162 1051 Tum
3212 998 3378 1051 etiam
3416 998 3544 1065 quia

1960 1090 2286 1159 proselytus,
2317 1091 2409 1160 qui
2438 1088 2803 1145 circumcisus
2833 1099 2937 1153 est,
2966 1088 3132 1158 216
3166 1095 3225 1141 ut
3264 1088 3332 1140 ad
3374 1100 3545 1156 p0pu-

1959 1178 2069 1232 lum
2104 1182 2349 1243 accedat,
2374 1189 2456 1234 est
2483 1179 2657 1235 instar
2688 1180 2960 1250 indigena:
2995 1198 3008 1233 :
3050 1195 3151 1233 nos
3193 1187 3376 1232 autem
3404 1217 3419 1241 ,
3451 1176 3544 1246 qui

1957 1272 2137 1343 populi
2178 1272 2544 1341 appellatione
2574 1272 2781 1341 dignati
2825 1288 3014 1326 sumus
3035 1311 3050 1335 ,
3078 1286 3211 1341 gens
3246 1280 3427 1324 tamen
3453 1285 3546 1323 sn-

1960 1380 2101 1427 nius,
2132 1378 2198 1417 eo
2232 1363 2377 1433 quod
2408 1364 2721 1417 circumcisi
2768 1378 2875 1416 non
2916 1362 3111 1416 simus.
3146 1361 3418 1415 Praeterea
3463 1360 3541 1414 ri-

1956 1455 2193 1510 diculum
2220 1465 2324 1521 est,
2360 1465 2420 1511 ut
2457 1455 2856 1527 proselytorum
2894 1455 3114 1525 quidem
3148 1454 3336 1509 oculos
3372 1467 3542 1522 aper-
3590 1518 3591 1521 η

1956 1556 2041 1601 tos
2064 1560 2206 1611 esse,
2240 1555 2455 1599 vestros
2478 1553 2661 1599 autem
2687 1558 3061 1612 nequaquam;
3091 1559 3155 1597 ac
3180 1556 3277 1597 vos
3319 1540 3541 1610 quidem

1954 1653 2127 1693 ciccos
2149 1646 2204 1691 et
2227 1636 2457 1699 surdos,
2485 1635 2605 1689 illos
2638 1646 2854 1698 autem,
2898 1635 3236 1687 illuminatos
3270 1634 3376 1687 dici
3420 1631 3541 1685 cxi-

1953 1730 2209 1782 stimetis.
2243 1726 2351 1781 Res
2382 1727 2565 1781 adhuc
2596 1727 2769 1795 magis
2796 1726 3026 1779 ridicula
3054 1725 3354 1787 videbitur,
3385 1724 3429 1776 si
3464 1725 3541 1777 le-

1954 1837 2073 1891 gent
2133 1820 2386 1890 gentibus
2440 1817 2624 1872 datam
2683 1818 2929 1881 dicatis,
2981 1832 3077 1871 vos
3130 1826 3310 1869 autem
3366 1816 3537 1884 ipsam

252 1925 382 1978 Θεοῦ
412 1898 614 1998 ὀργὴν,
652 1926 749 1978 καί
776 1898 881 1976 υἱοὶ
906 1924 1092 1994 ἄνομοι
1122 1925 1217 1976 καὶ
1252 1898 1610 1994 ῥεμὸεύοντες
1649 1898 1749 1977 sim
1785 1923 1851 1978 ἂν

1958 1915 2098 1967 illam
2138 1913 2310 1981 legem
2356 1927 2461 1965 non
2504 1911 2795 1966 noveritis.
2828 1908 2960 1963 Nam
3005 1910 3050 1963 si
3102 1909 3358 1973 nossetis,
3400 1908 3537 1960 iram

251 2014 364 2089 ἦτε,
396 2016 820 2086 δυσωπούμενοι
843 2015 1059 2068 ἀκούειν
1092 2016 1352 2069 ἑκάστοτε
1381 2016 1630 2084 λέγοντος
1664 2017 1855 2071 αὐτοῦ’»

259 2128 275 2158 ι
306 2109 423 2161 Υἱοὶ
456 2103 542 2171 οἷς
578 2108 684 2159 οὑκ
711 2106 827 2158 ἐστι
857 2106 1037 2168 πίστις
1064 2107 1121 2158 ὲν
1148 2105 1349 2169 αὐτοῖς.
1376 2106 1484 2157 Καὶ
1514 2106 1598 2168 τίς
1628 2105 1849 2175 τυφλὸς,

254 2197 360 2250 ἀλλ’
392 2198 428 2268 ἢ
468 2201 521 2251 οἱ
569 2197 762 2259 παῖδές
805 2213 926 2267 μουο
965 2197 1056 2249 καὶ
1098 2196 1301 2265 κωφὸς,
1341 2195 1456 2249 ἀλλ’
1493 2196 1525 2266 ἦ
1558 2199 1606 2249 oi
1632 2195 1852 2268 κυριεύ-

252 2309 397 2355 οντες
444 2291 665 2354 αὐτῶν;
702 2289 809 2342 Καὶ
863 2287 1250 2358 ὲτυφλὼθησαν
1288 2290 1337 2341 οἱ
1365 2287 1539 2341 δοῦλοι
1566 2288 1659 2340 τοῦ
1691 2287 1847 2341 Θεοῦ.

254 2384 308 2435 ΕΞ
331 2384 389 2437 δέ
409 2401 475 2452 γε
508 2384 625 2453 (51)
652 2382 933 2445 πολλάκις,
958 2382 1053 2433 καὶ
1068 2381 1171 2432 οὐκ
1188 2378 1547 2447 ὲφυλάξασθε·
1573 2380 1846 2449 ἀνεῳγμέ-

254 2495 314 2531 να
341 2477 411 2530 τὰ
461 2472 585 2529 ὦτα
643 2475 833 2545 ὑμῶν,
883 2475 977 2526 καὶ
1026 2474 1126 2526 οὐκ
1175 2471 1468 2538 ἠκούσατε.
1514 2492 1531 2523 ι
1586 2473 1650 2525 Ei
1688 2472 1853 2537 καλὸς

256 2569 400 2640 ὑμῶν
427 2570 457 2621 6
488 2569 719 2630 ἔπαινος
742 2566 839 2619 τοῦ
880 2565 1014 2618 Θεοῦ
1036 2566 1132 2617 καὶ
1160 2564 1295 2617 Θεοῦ
1329 2565 1603 2637 μαρτυρία
1639 2564 1849 2628 δούλοις

258 2662 540 2733 πρέπουσα
562 2677 575 2723 ;
594 2661 698 2712 οὐκ
718 2658 1037 2729 αἰσχύνεσθε
1061 2657 1318 2720 πολλάκις
1338 2658 1511 2711 ταῦτα
1539 2657 1849 2724 ἀκούοντες,

257 2754 365 2806 οὐδὲ
398 2752 765 2816 ἀπειλοῦντος
788 2753 882 2806 τοῦ
916 2753 1051 2807 Θεοῦ
1080 2756 1357 2826 φρίσσετε,
1388 2751 1555 2827 ἀλλ’ἢ
1584 2754 1707 2819 λαὸς
1739 2773 1853 2826 μω-

259 2844 339 2915 ρὸς
366 2846 462 2897 καὶ
508 2843 942 2917 σκληροκαρδιός
981 2847 1125 2899 ὲστε.
1166 2864 1185 2896 ι
1226 2846 1323 2899 Διὰ
1347 2845 1507 2899 τοῦτο
1542 2845 1651 2899 ίδοὺ
1677 2862 1849 2918 προσ-

257 2933 397 3004 θήσω
427 2934 530 2986 τοῦ
585 2934 903 3004 μεταθεῖναι
944 2935 1036 2988 τὸν
1066 2935 1192 2989 λαὸν
1227 2937 1413 2990 τοῦτον
1435 2978 1448 3002 ,
1492 2956 1511 2989 ι
1548 2936 1695 3007 λέγει
1734 2937 1851 2991 Κύ-

261 3042 360 3096 ριος
380 3066 397 3090 ,
423 3048 441 3076 ι
475 3026 578 3080 καὶ
614 3026 910 3097 μεταθήσω
938 3027 1153 3091 αὐτοὺς,
1190 3030 1283 3081 καὶ
1316 3028 1502 3081 ἀπολῶ
1531 3030 1629 3102 τὴν
1659 3029 1850 3097 σοφίαν

258 3112 353 3165 τῶν
386 3114 595 3183 σοφῶν,
638 3116 735 3167 καὶ
779 3115 878 3186 τὴν
920 3116 1133 3170 σύνεσιν
1164 3118 1274 3170 τῶν
1310 3118 1545 3173 συνετῶν
1574 3120 1786 3191 κρύψω.
1825 3138 1845 3172 ι

1956 2008 2050 2060 Dei
2098 2004 2452 2067 metuissetis,
2507 2019 2607 2058 nec
2659 2002 2755 2056 lilii
2814 2002 2986 2071 iniqui
3031 2003 3227 2055 essetis
3255 2010 3310 2053 et
3353 2014 3540 2054 errore

1952 2102 2246 2165 vagantes;
2293 2093 2389 2147 sed
2427 2092 2716 2148 cavissetis
2759 2107 2827 2146 ne
2860 2108 2981 2147 eum
3014 2107 3239 2160 semper
3267 2092 3537 2145 dicentem

1953 2186 2219 2241 audiretis
2252 2203 2266 2239 :
2307 2202 2326 2236 ι
2354 2184 2485 2240 Filii
2527 2186 2726 2254 quibus
2765 2200 2873 2238 non
2912 2196 2995 2238 est
3043 2184 3176 2238 ildes
3210 2184 3263 2237 in
3309 2184 3441 2251 ipsis
3469 2182 3535 2235 ι’.

1952 2278 2019 2331 Et
2044 2279 2169 2345 quis
2198 2278 2518 2349 caecusnisi
2549 2277 2704 2346 pueri
2742 2277 2885 2330 mei?
2912 2277 2978 2330 Et
3006 2280 3131 2347 quis
3161 2276 3396 2340 surdus,
3434 2274 3537 2328 nisi

1951 2371 2043 2438 qui
2092 2370 2448 2425 dominantur
2488 2370 2607 2425 eis?
2638 2370 2701 2423 Et
2741 2370 2999 2423 excaecati
3053 2378 3182 2423 sunt
3227 2368 3370 2423 servi
3418 2366 3536 2421 Dei.

1954 2462 2182 2517 Vidistis
2215 2478 2378 2532 saepe,
2402 2472 2457 2518 et
2481 2477 2586 2517 non
2614 2462 2951 2516 observastis
2983 2476 2997 2514 :
3030 2470 3232 2530 apertae
3260 2476 3420 2514 aures
3449 2474 3542 2516 ve-

1951 2565 2102 2621 strtc,
2132 2564 2187 2609 et
2213 2571 2320 2609 non
2352 2556 2586 2608 audistis
2613 2555 2673 2608 ³⁸.
2720 2574 2740 2606 ι
2765 2553 2902 2607 Νυιιι
2944 2554 3205 2623 praeclara
3241 2554 3355 2606 lucc
3398 2551 3536 2617 laus,

1951 2664 2113 2718 quam
2147 2649 2289 2703 Deus
2319 2650 2476 2703 vobis
2505 2648 2730 2714 tribuit,
2764 2659 2820 2702 et
2854 2646 2948 2701 Dei
2995 2647 3372 2701 testimonium
3417 2660 3540 2699 ser-

1952 2762 2048 2801 vos
2091 2743 2342 2799 decens?
2379 2742 2497 2797 Non
2551 2758 2648 2797 vos
2696 2743 2864 2812 pudet
2913 2743 3103 2796 eadem
3135 2755 3279 2810 saepe
3324 2739 3535 2794 audire.

1951 2855 2051 2895 nec
2078 2840 2190 2893 Deo
2221 2837 2596 2891 comminante
2641 2835 3108 2901 eontremiscitis;
3151 2833 3249 2888 sed
3296 2831 3539 2901 proiecto

1951 2932 2183 3004 populus
2208 2932 2341 2986 estis
2371 2929 2639 2998 insipiens
2688 2940 2745 2983 et
2779 2929 2945 2982 corde
2973 2928 3295 2982 obduratus.
3342 2943 3361 2975 ι
3398 2923 3538 2977 Pro-

1950 3034 2139 3094 pterea
2166 3039 2300 3079 ecce
2333 3024 2530 3078 addam
2567 3031 2627 3075 ut
2651 3021 2978 3075 transieram
3013 3018 3271 3088 populum
3309 3017 3473 3079 hunc,
3512 3034 3531 3066 ι

1951 3116 2087 3169 dicit
2111 3115 2373 3169 Dominus
2395 3155 2415 3180 ,
2458 3132 2475 3165 ι
2513 3122 2567 3168 et
2594 3112 2919 3165 transferam
2941 3125 3037 3164 eos
3070 3126 3082 3162 :
3118 3120 3173 3163 et
3197 3109 3421 3178 perdam
3449 3122 3539 3161 sa-

259 3204 523 3274 Εὐλέγωςο
556 3208 621 3259 οὑ
648 3207 759 3280 γάρ
795 3209 946 3277 σοφοί
976 3211 1118 3273 ἐστε,
1141 3211 1262 3264 οὐδὲ
1298 3212 1525 3274 συνετοὶ,
1560 3212 1695 3265 ἀλλά
1732 3212 1849 3285 δρι-

1958 3208 2214 3276 pientiam
2270 3206 2640 3275 sapientium,
2678 3213 2734 3258 et
2774 3202 3194 3271 intelligentiam
3222 3200 3537 3268 intelligen-

263 3300 370 3364 μείς
400 3298 501 3350 καὶ
534 3298 860 3367 πανοῦργοι·
895 3300 1050 3369 σοφοὶ
1078 3302 1157 3365 εἰς
1183 3302 1244 3354 τὸ
1272 3303 1633 3371 κακοποιῆσαι
1666 3303 1843 3374 μόνον’

260 3388 447 3453 γνιῖιναι
465 3390 525 3443 δὲ
557 3389 757 3460 βουλὴν
791 3391 927 3444 Θεοῦ
961 3394 1373 3465 κεκρυμμένην,
1396 3395 1429 3465 ἢ
1455 3395 1718 3467 διαθήκην
1739 3398 1851 3448 Ku-

262 3478 364 3549 ρίου
414 3480 647 3548 πιστὴν,
692 3479 728 3549 ἦ
774 3480 991 3553 τρίϐους
1041 3482 1290 3545 αίωνίους
1336 3483 1535 3554 εὑρεῖν,
1577 3481 1846 3535 ἀδύνατοι.

265 3587 281 3616 ι
314 3568 621 3641 Τοιγαροῦν
649 3570 850 3640 ἐγερῶ,
896 3573 1049 3642 φησὶ,
1094 3572 1173 3644 τῷ
1200 3573 1419 3645 Ἰσραὴλ
1446 3575 1537 3628 καὶ
1572 3575 1649 3647 τῷ
1680 3576 1850 3630 Ἰούδα

261 3659 471 3729 σπέρμα
505 3659 837 3731 ἀνθρώπιον,
870 3665 965 3715 καὶ
1009 3663 1232 3734 σπέρμα
1276 3666 1508 3735 κτηνῶν.
1550 3685 1568 3718 ι
1616 3668 1726 3721 Καὶ
1762 3666 1851 3720 διά

270 3746 483 3804 Ἡσαΐου
522 3754 658 3825 περὶ
688 3752 849 3807 ἄλλου
876 3756 1093 3827 Ἰσραὴλ
1125 3757 1267 3810 οὕτω
1294 3758 1446 3828 φησίδ
1486 3778 1504 3809 ι
1548 3760 1631 3830 Τῇ
1668 3761 1853 3832 ἡμέρᾳ

262 3841 431 3914 ἐκείνη
473 3844 632 3901 ἔσται
673 3847 857 3919 τρίτος
884 3849 1104 3921 Ἰσραὴλ
1150 3852 1208 3903 ἐν
1251 3854 1368 3915 τοῖς
1413 3852 1715 3924 Ἀσσυρίοις
1756 3853 1852 3907 καὶ

260 3937 589 4003 Αἰγυπτίοις,
611 3941 978 4012 εὐλογημένος
1008 3946 1065 3996 ἐν
1077 3947 1140 4015 τῇ
1162 3946 1231 4015 γῇ
1268 3945 1333 4015 ἣν
1354 3944 1617 4015 εὐλόγησε
1647 3945 1853 4017 Κύριος

263 4025 504 4095 Σαϐαὼθ,
554 4032 753 4099 λέγων’
788 4034 1167 4105 Εὐλογημένος
1192 4036 1343 4090 ἔσται
1369 4040 1397 4089 6
1423 4037 1551 4101 λαός
1596 4055 1697 4108 μου
1732 4040 1760 4091 6
1794 4041 1851 4092 ὲν

261 4116 512 4191 Αἰγύπτῳ
532 4160 547 4183 ,
583 4124 678 4175 καί
700 4126 728 4177 ὀ
755 4126 814 4178 ἐν
851 4126 1181 4197 Ἀσσυρίοις,
1214 4128 1308 4181 καὶ
1335 4130 1367 4199 ἡ
1389 4128 1722 4201 κληρονομία
1748 4146 1850 4200 μου

408 4320 451 4351 ¹⁴
484 4322 585 4376 lsa.
622 4340 738 4387 11v,
772 4324 822 4379 1.

907 4327 947 4357 ¹⁷
994 4326 1150 4381 Deut.
1181 4330 1476 4394 xxx.tt,20.
1560 4330 1604 4361 ¹⁸
1645 4329 1750 4385 lsa.
1788 4346 1921 4396 xui,
1962 4330 2046 4386 19.

1955 3301 2089 3352 tium
2138 3298 2472 3353 abscondam
2503 3298 2571 3352 ι’.
2613 3315 2632 3349 ι
2676 3295 2872 3350 Merito
2916 3309 3089 3358 sane;
3158 3306 3333 3360 neque
3388 3293 3536 3343 enim

1954 3393 2231 3461 sapientes
2258 3391 2395 3445 estis
2413 3399 2507 3443 aut
2531 3389 2845 3457 prudentes,
2872 3388 2967 3440 sed
3000 3385 3163 3439 astuti
3190 3394 3246 3438 et
3283 3381 3534 3450 versuti;

1954 3486 2008 3539 in
2038 3484 2141 3538 hoc
2167 3491 2375 3537 tantum
2395 3485 2672 3551 sapientes
2704 3488 2763 3534 ut
2801 3480 2946 3534 male
2985 3478 3193 3548 agatis;
3242 3477 3539 3531 abscondi-

1956 3587 2066 3633 Unn
2108 3588 2289 3631 autem
2338 3576 2432 3630 Dei
2474 3575 2765 3629 consilium
2818 3582 2911 3627 aut
2957 3572 3112 3626 lidele
3149 3579 3547 3625 testamentum.

1959 3668 2170 3724 Domini
2197 3682 2567 3737 cognoscere,
2593 3676 2689 3720 aut
2731 3676 2966 3720 mternas
3009 3664 3240 3718 semitas
3287 3662 3537 3717 invenire

1957 3777 2063 3817 non
2099 3761 2348 3831 potestis.
2375 3779 2399 3812 ιη
2437 3760 2621 3831 Itaque
2669 3758 2948 3822 excitabo,
3004 3757 3200 3825 inquit,
3255 3754 3441 3809 lsraeli
3482 3762 3541 3808 et

1954 3852 2107 3909 Iuda:
2133 3868 2319 3909 semen
2354 3852 2635 3907 hominum
2684 3861 2738 3905 et
2772 3866 2960 3905 semen
3008 3850 3276 3921 pecudum
3306 3849 3377 3904 ”.
3415 3866 3433 3900 ι
3471 3846 3539 3901 Ει

1957 3959 2053 4014 per
2089 3944 2283 4000 lsaiam
2331 3948 2397 4000 de
2434 3943 2540 3998 alio
2582 3942 2784 3997 lsraele
2825 3944 2906 3998 sic
2946 3943 3188 4011 loquitur
3226 3958 3241 3996 :
3280 3959 3299 3993 ι
3349 3940 3404 3994 In
3451 3940 3540 3994 die

1954 4037 2049 4091 illa
2082 4039 2190 4092 erit
2239 4038 2435 4093 tertius
2463 4036 2627 4091 Israel
2670 4037 2722 4091 in
2756 4036 3001 4106 Assyriis
3043 4045 3098 4088 et
3134 4032 3410 4105 :Egyptiis
3445 4030 3553 4085 be--

1957 4129 2204 4184 nedictus
2250 4130 2304 4183 in
2354 4139 2535 4196 terra,
2588 4144 2753 4198 quam
2804 4128 3087 4184 benedixit
3128 4127 3393 4185 Dominus
3437 4123 3545 4181 Sa-

2134 4332 2178 4362 ”
2210 4329 2313 4385 lsa.
2346 4346 2500 4395 uix,
2539 4329 2631 4384 H.
2720 4331 2764 4362 ’°
2796 4328 2907 4384 Jer.
2945 4344 3098 4394 χιιι,
3136 4328 3228 4383 ‘27.

328 4545 572 4632 (QD-Ha}
600 4550 691 4603 ὄτι
710 4550 1268 4632 περσήβμτος.
1316 4551 1517 4609 Nescio
1559 4569 1658 4632 cur
1704 4555 1848 4632 opti-

1958 4554 2230 4632 Sylburgii
2262 4556 2580 4632 conjectura
2607 4554 2813 4632 inducit
2841 4553 3329 4632 προσκεχώρηκεν.
3355 4551 3555 4632 Alunt)-

262 4632 412 4670 mam
450 4620 735 4691 lectionem
782 4621 863 4674 Cl.
913 4622 1195 4677 Thirlbius
1247 4640 1414 4691 prava
1462 4620 1847 4679 emendatione

262 4692 633 4768 ξηραίνει-ξι.
666 4690 1003 4768 ΙίρεῘι-εηί-ιιι
1040 4693 1135 4746 καὶ
1166 4690 1258 4768 έτιί
1271 4695 1391 4765 μέν,
1421 4704 1482 4768 et
1514 4711 1638 4768 mox
1682 4698 1739 4750 ὲν
1771 4695 1850 4768 τῷ

264 4756 375 4837 λαῷ
410 4774 501 4837 pro
538 4762 631 4837 είς.
651 4761 731 4831 τῷ
750 4756 894 4837 λαῷ.
937 4763 1032 4817 His
1065 4766 1255 4837 verbis
1271 4756 1382 4819 ’καὶ
1414 4767 1495 4819 ὃτι
1530 4766 1629 4837 μέν
1655 4756 1850 4821 δεουιιζ

266 4834 396 4882 dam
436 4830 633 4884 Justini
674 4830 943 4904 rationem
987 4833 1256 4889 contineri
1311 4847 1463 4904 patet
1496 4830 1560 4890 ex
1600 4838 1685 4891 his
1728 4852 1850 4904 qua:

266 4912 583 4974 sequuntur,
622 4902 759 4974 πρὸς
787 4903 844 4956 δὲ
872 4904 966 4956 καὶ
993 4904 1222 4972 γελοῖον.
1265 4902 1398 4962 'l‘rcs
1426 4908 1575 4960 enim
1609 4902 1849 4960 rationes

267 4967 453 5047 allen,
485 4987 585 5025 cur
620 4967 883 5047 pimclara
918 4967 1019 5047 illa
1056 4978 1369 5031 testimonia
1415 4979 1482 5030 ad
1539 4978 1849 5047 proselytos

266 5035 572 5115 Jndzorum
609 5035 929 5112 detorqueri
958 5060 1067 5099 non
1099 5047 1330 5113 possint.
1366 5035 1575 5109 Prima,
1603 5035 1852 5115 quia'Ju-

269 5108 394 5165 dtis
429 5108 821 5186 etgproselyti‘s
855 5131 960 5168 una
991 5126 1047 5169 et
1078 5108 1270 5170 eadem
1302 5118 1425 5181 lex;
1473 5108 1580 5171 non
1622 5108 1760 5186 'ergo
1794 5120 1847 5173 in

270 5183 551 5259 proseiytis
578 5183 1070 5259 promissionovw
1094 5187 1232 5257 legis
1265 5188 1543 5256 impletur.
1572 5183 1847 5255 Secunda,

272 5253 592 5333 quiaqludaci
627 5268 682 5309 et
732 5256 993 5333 proselyti
1038 5253 1181 5311 unus
1219 5253 1356 5333 sunt
1392 5259 1658 5327 populus,
1703 5253 1848 5333 unde

271 5327 575 5399 manifesta
604 5328 891 5399 conclusio
935 5336 1021 5381 est
1048 5327 1371 5399 proselytos
1400 5344 1508 5382 non
1537 5329 1846 5399 essevillain

270 5395 505 5472 gentium
566 5397 945 5472 hereditatem
997 5398 1219 5472 (δὴ-τίειο
1250 5395 1629 5472 promissam.
1662 5398 1847 5472 Tertia

269 5462 530 5539 denique,
571 5468 701 5536 quia
730 5469 1027 5539 absurdum
1062 5468 1202 5522 {oret
1236 5462 1542 5539 pioselytos
1577 5469 1849 5523 illumina-

275 5539 355 5583 ωε
371 5533 492 5595 dici.
527 5533 704 5591 caicos
736 5553 866 5591 vero
895 5536 1131 5591 Juda-os.

273 5673 283 5681 θ
340 5603 576 5681 (28)_£l¢
610 5607 694 5681 τῷ
729 5608 860 5674 ,1αῷ
898 5608 1479 5679 προσκεχωρηκένυι.
1522 5608 1848 5681 δίογιεεὶιιιι·

272 5678 551 5754 incedit-0
596 5680 1051 5754 C_lil!‘0ll|0||}ull(_),
1082 5678 1314 5748 excepto
1356 5681 1499 5749 quod
1552 5678 1727 5733 habet
1767 5681 1847 5754 τῷ

273 5749 422 5813 καλέ)
451 5764 541 5822 illo
582 5749 660 5820 τῷ
702 5749 837 5820 λαῷ.
874 5750 1112 5822 Διθῧὶιιηῆ
1172 5754 1335 5804 ﬁliai“
1363 5749 1847 5822 emcxaxwm";

272 5829 361 5893 ναι
397 5821 443 5869 ιιι
466 5818 589 5893 lleg.
618 5818 672 5875 et
697 5818 843 5893 apud
873 5818 940 5893 Β.
968 5821 1321 5888 Stephanum.
1354 5818 1461 5875 Sed
1490 5823 1553 5893 in
1579 5818 1848 5877 editiones

275 5888 708 5948 GraecuLatiuas
736 5888 1144 5963 (Londinenses
1172 5902 1349 5949 tamen
1381 5891 1618 5962 excipio)
1652 5893 1844 5950 vitiosa

1951 4623 2131 4693 aptior
2152 4623 2557 4680 eritsententia
2591 4626 2635 4679 si
2673 4623 3034 4680 monstratam
3072 4623 3538 4693 incediceQIaro-

1951 4691 2213 4751 montano
2244 4699 2386 4749 viam
2424 4705 2754 4765 sequentes,
2800 4696 3044 4765 legamus
3085 4696 3165 4758 είς
3207 4693 3269 4746 τὸ
3317 4691 3395 4763 τῷ
3425 4692 3555 4764 λαῷ

1951 4767 2509 4839 προσκεχωρηκέναι,
2544 4766 2885 4839 proselytns,
2921 4768 3012 4839 qui
3054 4765 3413 4839 circumcisus
3457 4774 3541 4817 est

1952 4834 2014 4890 ui
2063 4838 2128 4890 ad
2164 4834 2427 4907 populum
2477 4834 2739 4891 aceedati
2781 4838 2888 4890 Sed
2934 4835 3270 4907 subabsurda
3307 4834 3542 4907 inesset

1952 4903 2336 4962 dubitatioitis
2364 4908 2545 4961 verbis
2581 4926 2594 4959 :
2642 4925 2661 4956 ι
2702 4907 3020 4977 Proselytus
3058 4905 3441 4977 circumcisus,
3489 4903 3553 4958 si.

1952 4978 2019 5029 ad
2051 4978 2306 5046 populum
2336 4979 2585 5041 accedat,
2627 4995 2646 5028 ι
2683 4978 2835 5046 quasi
2877 4975 2944 5029 ex
2985 4975 3277 5045 proselytis
3298 4976 3540 5029 circum-

1952 5048 2086 5101 cisis
2121 5049 2210 5101 alii
2247 5048 2683 5117 adiungerentur
2718 5047 2941 5117 populo.
2966 5048 3058 5100 alii
3097 5062 3226 5101 non.

2026 5118 2139 5185 (29)
2176 5115 2438 5187 Ὀμοῖως.
2490 5117 2707 5188 Langus
2750 5115 2878 5185 legit
2925 5118 3077 5187 ὅμως
3127 5127 3181 5170 et
3213 5115 3374 5185 paulo
3413 5124 3553 5186 post

1952 5187 2104 5257 ὑμῶν
2132 5188 2189 5270 δέ
2217 5188 2305 5241 οὔ·
2330 5190 2427 5243 καὶ
2459 5187 2626 5259 ὑμᾶς.
2662 5187 2861 5258 Liquet
2888 5188 3034 5243 hunc
3066 5200 3191 5243 esse
3223 5202 3443 5241 sensum
3474 5188 3541 5242 ὃ.

1951 5272 2231 5313 ιιιιιιινιιε.

2021 5327 2133 5398 (30)
2158 5329 2267 5383 Καὶ
2292 5329 2383 5383 ὅτι
2406 5328 2937 5400 γελοιότερον-.-11η
2980 5329 3145 5384 etiam
3191 5327 3415 5397 conjicit
3450 5327 3541 5400 vir

1949 5401 2195 5453 eruditus
2219 5398 2507 5467 legendum
2541 5401 2637 5453 καὶ
2664 5400 2765 5452 ἔτι.
2814 5398 3153 5454 Probabilior
3185 5414 3317 5452 sane
3346 5398 3539 5465 conje-

1948 5481 2130 5533 ctura,
2162 5471 2323 5540 eique
2366 5470 2600 5524 libenter
2634 5473 2944 5535 assentior;
2988 5470 3240 5540 quamvis
3276 5470 3405 5523 illud
3442 5470 3540 5523 xui.

1947 5542 2031 5594 ὅτι
2065 5539 2256 5595 eodem
2295 5556 2482 5606 sensu,
2517 5556 2581 5594 ac
2624 5542 2783 5610 paulo
2809 5550 2953 5605 ante,
2992 5539 3220 5610 intelligi
3245 5539 3435 5610 possit.

2023 5611 2135 5681 (51)
2176 5614 2242 5666 El
2265 5611 2333 5665 δέ
2360 5628 2445 5682 γε.
2480 5607 2788 5677 Legeiidum
2808 5627 2926 5666 esse
2943 5609 3135 5677 εἴδετε,
3174 5607 3309 5664 utin
3342 5607 3538 5682 Bibliis

1947 5683 2262 5737 observavit
2289 5681 2539 5737 eruditus
2562 5682 2864 5747 Thirlbius,
2884 5697 2947 5736 ac
2969 5682 3117 5736 Isaia:
3136 5683 3251 5736 lucc
3284 5681 3448 5734 verba
3479 5689 3541 5735 et

1948 5754 2232 5823 sequentia
2267 5755 2525 5817 restituit,
2556 5768 2677 5823 qua:
2706 5750 2924 5811 Justin
2950 5753 3007 5810 in
3047 5752 3171 5809 aliis
3198 5751 3539 5809 editionibue

1948 5838 2234 5896 perperam
2266 5825 2531 5883 attributa
2568 5825 2806 5881 fuerant.
