3954 6258
347 389 454 447 7G3

1292 382 1347 435 S.
1389 380 1651 437 JUSTINI
1694 377 2101 435 PHILOSOPHI
2134 378 2612 432 ΕΤςΜΑιιΤγιιις

3522 379 3629 434 τοι

350 505 541 567 baoth,
579 502 770 557 dicens
800 515 815 553 :
849 497 1177 553 Benedictus
1217 495 1323 549 erit
1373 498 1609 566 populus
1628 512 1803 560 meus,
1830 496 1923 565 qui

2048 493 2264 564 Ισραήλ.
2312 492 2727 561 »Εὑλογοῦντος
2774 486 2868 547 οῦν
2919 492 3015 547 τοῦ
3062 491 3218 555 Θεοῦ,
3268 490 3363 544 καὶ
3402 490 3625 563 Ἰσραὴλ

351 609 435 652 est
466 599 517 649 in
560 594 819 663 IEgyptn,
847 600 901 645 et
926 591 1018 659 qui
1047 591 1098 643 in
1122 590 1380 660 Assyriis,
1415 598 1471 643 et
1505 591 1793 644 haereditas
1816 604 1933 643 mea

352 686 516 741 Israel
546 686 612 740 ".
653 704 671 737 ι
704 683 838 737 Cum
869 682 1036 751 igitur
1070 682 1210 735 Deus
1242 681 1386 733 hunc
1412 679 1679 751 pepulum
1705 678 1935 733 benedi-

352 790 443 834 cat
484 787 538 831 et
578 777 839 831 Israelem
886 785 1075 838 vocet,
1108 789 1171 827 ac
1202 772 1577 826 haereditatem
1612 786 1766 825 suam
1814 784 1935 825 esse

352 873 575 934 clamet,
605 869 880 937 quomodo
914 866 1294 935 pmniteuliam
1322 880 1426 918 non
1457 864 1651 933 agitis,
1694 871 1747 916 et
1788 862 1931 931 quod

353 980 450 1017 vos
476 964 572 1032 ipsi
604 961 916 1030 decipiatis,
952 960 1107 1029 quasi
1141 958 1241 1012 soli
1268 957 1432 1012 Israel
1460 956 1672 1017 essetis,
1704 964 1757 1009 et
1787 953 1932 1022 quod

353 1056 702 1110 benedictum
733 1055 877 1107 hunc
905 1052 995 1104 Dei
1030 1050 1287 1120 populum
1326 1047 1732 1103 exsecremini?
1770 1045 1933 1099 I’ost-

354 1162 517 1214 quam
548 1145 690 1199 enim
716 1144 782 1196 ad
807 1138 1114 1196 Jerusalem
1149 1152 1200 1195 et
1225 1140 1291 1194 ad
1325 1154 1590 1208 eas,nqu:e
1612 1139 1755 1191 circa
1786 1137 1931 1190 illam

354 1242 501 1294 sunt,
537 1234 809 1301 regiones,
847 1231 1063 1285 locutus
1108 1238 1232 1293 est,
1278 1229 1358 1283 sic
1412 1245 1625 1282 rursum
1685 1226 1930 1281 addidit:

362 1344 378 1375 ι
420 1326 481 1377 Et
528 1324 803 1393 generabo
834 1338 997 1391 super
1026 1337 1119 1376 vos
1152 1322 1419 1381 homines,
1456 1320 1709 1388 pupulum
1754 1335 1933 1373 meum

2040 584 2227 639 τοῦτον
2257 585 2348 638 τὸν
2385 584 2511 638 λαὸν
2544 585 2859 649 καλοῦντος,
2910 587 3004 639 καὶ
3047 583 3411 656 κληρονομίαν
3458 585 3628 637 αὐτοῦ

2043 676 2273 747 βοῶντος
2305 674 2463 739 εἶναι,
2501 676 2618 741 πῶς
2644 678 2702 729 οὐ
2742 680 3047 747 μετανοεῖτε
3083 677 3175 731 ἐπί
3206 693 3265 729 τε
3291 675 3370 746 τῷ
3399 676 3627 740 ἑαυτοὺς

2041 772 2254 841 ἀπατᾷν
2287 770 2362 835 ὡς
2390 770 2537 840 μόνοι
2558 770 2775 843 Ἰσραὴλ
2802 770 2973 835 ὄντες,
3014 771 3108 824 καὶ
3140 770 3231 823 ἐπὶ
3264 768 3344 840 τῷ
3384 772 3629 840 καταρᾶ-

2042 864 2165 919 σθαι
2206 866 2297 918 τὸν
2336 865 2695 937 σύλογημένον
2728 865 2821 919 τοῦ
2868 866 3001 919 Θεοῦ
3038 864 3192 921 λαόνζ
3234 865 3347 917 Kal.
3386 862 3497 933 γὰρ
3538 863 3630 914 ὅτε

2040 959 2176 1031 πρὸς
2203 958 2301 1029 τὴν
2334 958 2685 1029 Ἰερουσαλὴμ
2718 960 2811 1012 καὶ
2841 957 2935 1021 τὰς
2963 957 3121 1028 πέριξ
3143 957 3313 1028 αὐτῆς
3342 956 3496 1025 ἔλεγε
3523 953 3633 1025 χὼ-

2043 1066 2175 1119 ρας,
2228 1048 2370 1102 οῦτω
2406 1048 2567 1103 πάλιν
2608 1050 2885 1112 ὲπεῖπε;.‹
2931 1049 3039 1101 Kal
3073 1049 3319 1118 γεννήσω
3362 1046 3447 1114 ἐφ’
3482 1046 3633 1115 ὑμᾶς

2039 1139 2361 1212 ἀνθρώπους
2403 1142 2494 1194 τὸν
2529 1141 2658 1195 λαόν
2698 1159 2799 1212 μου
2856 1140 3073 1211 Ἰσραήλ
3099 1158 3111 1170 ·
3163 1142 3257 1193 καὶ
3287 1140 3633 1211 κληρονομή-

2039 1249 2220 1285 σουσιν
2261 1233 2438 1304 ὑμᾶς,
2474 1234 2568 1286 καὶ
2598 1232 2786 1286 ἔσεσθε
2820 1234 3003 1297 αὐτοῖς
3032 1235 3109 1299 εἰς,
3150 1232 3496 1302 κατάσχεσιψ
3530 1233 3631 1283 καὶ

2036 1323 2096 1376 ού
2125 1322 2197 1393 μὴ
2232 1323 2563 1394 προστεθῆτε
2596 1322 2677 1376 ἔτι
2711 1324 3081 1394 ἁτεκνωθῆναι
3114 1326 3207 1377 ἀπ’
3241 1323 3439 1377 αὐτῶν.
3477 1341 3495 1373 ι

358 1416 413 1469 in
444 1415 602 1469 Israel
632 1433 644 1467 :
678 1424 733 1468 et
764 1414 1076 1467 haareditate
1132 1412 1483 1481 possidebunt
1527 1427 1659 1479 vos,
1679 1422 1735 1465 et
1771 1412 1928 1467 eritis
1974 1417 2052 1468 eis
2112 1416 2164 1468 iu
2198 1416 2645 1485 possessionem:
2674 1425 2729 1470 et
2767 1431 2875 1471 nou
2930 1416 3157 1471 addctur
3187 1415 3339 1471 vobis
3391 1415 3527 1469 ultra
3568 1423 3632 1468 ut

354 1509 559 1575 absque
590 1507 783 1562 liberis
804 1520 897 1558 vos
920 1504 1144 1560 faciant.
1179 1526 1197 1557 ι

430 1601 567 1667 Quid
596 1602 792 1669 igitur?
822 1601 996 1669 inquit
1018 1599 1271 1670 Trypho;
1302 1613 1400 1654 vos
1422 1599 1590 1653 Israel
1606 1597 1761 1662 estis,
1791 1610 1854 1651 ac
1877 1595 1944 1650 de

356 1694 513 1747 vobis
547 1693 660 1746 hinc
687 1690 860 1745 dicit?

431 1788 487 1842 Si
533 1786 754 1855 quidem
779 1828 794 1849 ,
850 1785 1064 1839 aiebam
1106 1786 1221 1850 illi,
1261 1801 1369 1839 non
1402 1787 1468 1839 de
1502 1784 1590 1839 his
1619 1782 1730 1852 jam
1759 1783 1935 1838 disse'
1971 1819 2012 1873 Β

358 1878 614 1940 fuissem,
651 1877 812 1944 idque
838 1875 1115 1945 pluribus,
1147 1877 1514 1941 dubitarem,..
1533 1886 1715 1929 utrum
1751 1874 1803 1928 id
1839 1875 1940 1928 mi-

358 1985 466 2024 nus
498 1967 815 2037 intelligens
847 1968 1310 2037 interrogaveris;
1340 1968 1432 2023 sed
1467 1968 1595 2037 quia
1640 1968 1781 2021 hanc
1806 1982 1940 2035 quo-

356 2078 463 2130 que
494 2063 889 2131 quiestionem,
946 2070 1002 2115 ct
1048 2076 1170 2114 cum
1219 2060 1689 2114 demonstratione
1726 2070 1939 2114 etcum

358 2156 679 2211 assensione
707 2154 1109 2218 conclusimus,
1155 2170 1259 2209 non
1300 2164 1351 2208 te
1386 2155 1641 2208 existimo
1690 2160 1940 2223 ignorare

356 2247 612 2319 qurejam
649 2248 795 2303 dicta
831 2257 978 2310 sunt,
1012 2256 1104 2298 aut
1138 2261 1331 2299 rursus
1358 2243 1727 2299 contentionis
1762 2244 1941 2296 studio

359 2341 664 2409 indulgere,
697 2341 788 2393 sed
823 2354 1125 2399 provocare
1164 2347 1224 2391 ut
1256 2339 1342 2392 his
1377 2322 1595 2407 quoq-ue
1633 2335 1821 2391 eadem
1848 2336 1942 2388 de-

358 2441 680 2485 monstrem.
732 2432 893 2500 217
934 2430 1069 2484 Tum
1114 2429 1208 2483 illo
1250 2429 1531 2483 oculorum
1573 2438 1707 2483 nutu
1750 2443 1940 2481 assen-

359 2525 563 2588 tiente,
578 2522 811 2589 Rursus,
839 2525 1076 2585 aiebam,
1104 2523 1156 2575 in
1195 2522 1424 2587 ISaia,.si
1461 2522 1686 2576 auribus
1710 2521 1932 2575 audien-

362 2625 443 2668 tes
473 2615 706 2679 auditis,
744 2614 810 2668 de
838 2613 1060 2667 Christo
1093 2614 1234 2667 Deus
1284 2613 1337 2666 in
1386 2612 1643 2681 parabola
1687 2611 1937 2679 loquens,

356 2704 527 2759 Iacob
552 2706 701 2759 illum
738 2714 792 2759 et
818 2704 986 2758 Israel
1023 2704 1284 2773 appellat.
1317 2704 1410 2757 Sic
1441 2713 1621 2756 autem
1652 2703 1766 2756 ait:
1802 2720 1820 2752 ι
1850 2700 1943 2754 Ja-

358 2798 460 2851 rob
492 2811 688 2851 servus
735 2812 924 2859 meus,
960 2796 1254 2862 suscipiam
1307 2810 1429 2849 eum
1464 2810 1478 2848 :
1521 2794 1687 2848 Israel
1735 2794 1941 2849 electus

358 2905 513 2944 meus
539 2932 554 2957 ,
585 2904 787 2959 ponam
822 2889 1078 2957 spiritum
1112 2905 1291 2942 meum
1336 2904 1501 2958 super
1530 2903 1678 2954 eum,
1721 2889 1943 2957 etjudi-

359 2982 505 3036 cium
535 2981 786 3051 gentibus
816 2980 1082 3049 proferet.
1118 2980 1235 3035 Non
1273 2982 1594 3045 contendet,
1635 2995 1812 3050 neque
1838 2979 1943 3033 cla-

356 3074 564 3137 mabit,
618 3089 797 3143 neque
840 3075 1024 3129 audiet
1069 3074 1357 3142 quisquam
1397 3074 1448 3127 in
1506 3072 1705 3144 plateis
1750 3088 1938 3128 vocem

2122 1595 2185 1646 Τί
2205 1589 2331 1658 ούν;
2365 1596 2580 1666 φησὶψό
2613 1596 2864 1668 Τρύφωψ
2909 1598 3065 1668 ὑμεῖς
3095 1599 3314 1671 Ἰσραήλ
3346 1601 3493 1665 ὲστε,
3534 1603 3633 1655 καὶ

2048 1686 2176 1756 περὶ
2208 1685 2361 1757 ὑμῶν
2395 1686 2539 1755 λέγει
2576 1688 2784 1753 ταῦτα;

2112 1778 2175 1831 El
2212 1777 2330 1847 μὲν,
2371 1778 2507 1849 ἔφην
2539 1779 2704 1849 αὐτῷ,
2736 1779 2810 1851 μὴ
2843 1782 2971 1852 περὶ
2999 1781 3202 1837 τούτων
3227 1785 3321 1838 καὶ
3355 1784 3522 1839 πολὺν
3542 1786 3634 1838 λὸ-

2041 1885 2137 1937 γον
2185 1870 2560 1941 πεποιήμεθα,
2609 1871 2711 1925 κᾶν
2756 1874 3102 1943 ἀμφέϐαλλον
3151 1877 3225 1946 μή
3254 1893 3307 1928 τι
3335 1878 3395 1929 ού
3432 1878 3635 1930 συνιὼν

2039 1961 2196 2014 τοῦτο
2238 1964 2478 2032 ἐρωτᾷς·
2516 1962 2701 2033 ἐπειδὴ
2749 1963 2805 2016 δὲ
2846 1964 2939 2017 καὶ
2982 1964 3120 2035 μετὰ
3168 1966 3495 2031 ἀποδείξεως
3536 1970 3634 2021 καὶ

2044 2054 2489 2124 συγκαταθέσεως
2533 2056 2627 2109 καὶ
2664 2056 2823 2110 τοῦτο
2872 2058 3252 2128 συνηγάγομεν
3281 2060 3341 2111 τὸ
3384 2058 3631 2131 ζήτημα,

2039 2148 2101 2201 οὐ
2129 2148 2332 2219 νομίζω
2364 2166 2422 2200 σε
2460 2151 2675 2217 ἀγνοεῖν
2712 2151 2809 2221 μὲν
2847 2151 2915 2204 τὰ
2944 2153 3340 2224 προειρημένα,
3372 2154 3491 2207 οὐδὲ
3520 2156 3634 2208 πά-

2041 2241 2123 2293 λιν
2156 2241 2516 2314 φιλεριστεῖν,
2563 2242 2699 2296 ἀλλὰ
2746 2243 3136 2313 προκαλεῖσθαί
3176 2263 3242 2316 με
3286 2246 3378 2299 καὶ
3423 2246 3636 2310 τούτοις

2040 2334 2137 2405 τὴν
2182 2336 2350 2407 αὐτὴν
2402 2336 2677 2403 ἀπόδειξιν
2724 2338 3069 2409 ποιήσασθαι.
3122 2340 3232 2391 Kal
3271 2338 3348 2409 τῷ
3388 2338 3477 2391 διὰ
3520 2338 3635 2390 τῶν

2042 2428 2336 2500 ὀφθαλμῶν
2368 2430 2596 2502 νεύματι
2634 2432 3036 2502 συντιθεμένου,
3068 2432 3255 2495 Πάλιν,
3287 2432 3472 2500 ἔλεγον
3496 2432 3633 2500 ἐγὼ,

2044 2524 2101 2575 ὲν
2134 2522 2210 2592 τῷ
2254 2523 2470 2594 Ἡσαῖα,
2501 2524 2633 2576 ὠσὶν
2660 2523 2949 2587 ἀκούοντες
2982 2527 3029 2578 εί
3062 2525 3169 2595 ἄρα
3206 2526 3452 2589 ἀκούετε,
3503 2526 3637 2595 περὶ

2040 2611 2134 2664 τοῦ
2169 2613 2406 2684 Χριστοῦ
2444 2613 2617 2683 λέγων
2654 2617 2682 2667 ὀ
2711 2614 2841 2677 Θεὸς
2877 2617 2934 2667 ὲν
2964 2615 3264 2687 παραϐολῇ,
3297 2614 3492 2668 Ἰακὼϐ
3534 2616 3637 2667 αῦ-

2040 2704 2130 2757 τὸν
2160 2704 2315 2758 καλεῖ
2352 2705 2447 2759 καὶ
2489 2706 2726 2777 Ἰσραήλ.
2765 2706 2919 2759 Οὕτω
2959 2706 3125 2776 λέγει’
3168 2726 3185 2757 ι
3226 2705 3419 2759 Ἰακὼϐ
3448 2709 3475 2759 ὁ
3502 2709 3636 2769 παῖς

2046 2816 2169 2867 μου,
2212 2797 2575 2869 ἀντιλήψομαι
2602 2798 2787 2851 αὐτοῦ’
2826 2798 3042 2871 Ἰσραὴλ
3072 2798 3327 2863 ἐκλεκτός
3356 2816 3458 2869 μου
3491 2798 3632 2867 (52),

2044 2888 2195 2959 θήσω
2228 2889 2287 2941 τὸ
2313 2889 2531 2959 πνεῦμά
2566 2906 2668 2959 μου
2694 2892 2779 2942 ἐπ’
2821 2892 3001 2954 αὐτὸν,
3027 2889 3121 2943 καὶ
3142 2890 3321 2962 κρίσιν
3340 2892 3451 2953 τοῖς
3486 2889 3636 2942 ἔθνε-

2045 2999 2128 3034 σιν
2167 2980 2381 3045 ἐξοίσει.
2416 2982 2529 3035 Οὐκ
2552 2983 2740 3055 ἐρίσει,
2773 2982 2893 3035 οῦτε
2922 2980 3143 3055 κράξει,
3179 2980 3301 3034 οῦτε
3338 2981 3635 3035 ἀκούσεταί

2041 3088 2124 3133 τις
2158 3074 2216 3124 ὲν
2268 3076 2386 3135 ταῖς
2430 3072 2709 3137 πλατείαις
2754 3073 2852 3145 τὴν
2900 3074 3082 3145 φωνὴν
3132 3073 3329 3126 αὐτοῦ’
3379 3073 3632 3143 κάλαμον

359 3162 475 3231 ejus
505 3182 518 3217 :
547 3163 819 3218 calamum
847 3165 1146 3220 contritum
1178 3180 1284 3220 non
1315 3164 1651 3235 confringet,
1696 3174 1748 3219 et
1772 3164 1937 3217 linum

2048 3164 2501 3234 συντετριμμένον
2534 3166 2593 3217 οὐ
2620 3166 2892 3230 κατεάξει,
2928 3166 3022 3219 καὶ
3052 3165 3193 3218 λίνον
3225 3165 3523 3235 τυφόμενον
3566 3165 3631 3217 οὐ

358 3256 633 3325 fumigaus
665 3273 769 3312 uou
810 3258 1157 3326 exstinguet;
1204 3260 1299 3312 sed
1350 3258 1402 3310 in
1440 3258 1671 3311 veritate
1702 3257 1942 3327 proferet.

355 3347 621 3416 judicium
645 3366 673 3415 -,.
706 3349 936 3418 recipiet
977 3360 1033 3405 et
1069 3366 1174 3404 non
1222 3350 1532 3419 frangetur,
1560 3352 1735 3405 donec
1777 3360 1943 3419 ponat

361 3439 415 3491 in
457 3448 601 3492 terra
636 3438 925 3507 judicium.
977 3441 1042 3495 Et
1088 3446 1141 3494 in
1177 3442 1397 3495 nomine
1430 3440 1551 3509 ejus
1587 3452 1780 3506 gentes
1821 3456 1945 3509 spe-

361 3532 564 3586 rabunt
596 3533 665 3586 “.
706 3552 724 3585 ι
761 3531 1233 3600 Quemadmodum
1278 3535 1444 3605 igitur
1485 3534 1554 3588 ab
1594 3551 1701 3590 uno
1733 3536 1825 3589 illo
1853 3534 1945 3590 Ja-

360 3626 496 3687 cob,
538 3625 629 3693 qui
681 3634 737 3679 et
772 3626 937 3680 Israel
972 3628 1397 3695 cognominatus
1428 3636 1513 3681 est
1539 3670 1552 3691 ,
1586 3643 1748 3681 omne
1775 3642 1945 3696 genus

360 3726 604 3769 vestrum
630 3714 797 3771 .Iacob
825 3727 879 3771 et
915 3717 1074 3772 Israel
1113 3726 1371 3772 vocatum
1399 3726 1519 3781 est;
1555 3720 1633 3772 sic
1665 3728 1720 3771 et
1748 3734 1846 3771 nos
1877 3718 1946 3771 ab

362 3821 429 3859 eo
473 3806 565 3874 qui
616 3822 713 3860 nos
765 3807 817 3860 in
869 3807 980 3861 Deo
1020 3808 1208 3878 genuit
1259 3805 1520 3872 Christo,
1573 3818 1632 3861 ut
1680 3806 1849 3863 Jacoh
1890 3818 1946 3862 et.

362 3897 551 3960 Israel,
581 3908 635 3953 et
668 3897 803 3952 .Iuda
837 3909 891 3954 et
927 3899 1152 3969 Joseplt,
1180 3910 1234 3953 et
1268 3900 1475 3965 David,
1518 3902 1592 3954 ita
1625 3902 1792 3955 etiam
1826 3901 1942 3955 veri

364 3989 459 4042 lilii
504 3990 597 4045 Dei
643 4004 903 4045 vocamur
944 4001 1001 4047 et
1037 4004 1249 4057 sumus,
1284 3993 1539 4047 mandata
1590 3993 1791 4048 Christi
1821 4009 1942 4048 ser-

361 4091 572 4137 vautes.

436 4173 561 4229 124.
603 4173 897 4230 Christiani
919 4175 1019 4245 ﬁlii
1048 4174 1167 4230 Dei.
1190 4207 1259 4217 —
1280 4177 1525 4247 Cumque
1562 4194 1657 4235 eos
1698 4180 1943 4234 viderem

362 4268 711 4334 perturbatos
737 4308 753 4333 ,
810 4269 935 4333 quia
985 4269 1231 4323 dixeram
1258 4310 1274 4336 ,
1320 4286 1420 4327 nos
1460 4272 1624 4326 etiam
1667 4272 1760 4326 Dei
1802 4273 1944 4329 ﬁlios

360 4374 523 4427 esse;
565 4362 980 4433 interrogationi
1022 4378 1211 4417 eorum
1248 4379 1543 4419 occurrens
1568 4382 1582 4419 :
1606 4366 1823 4427 Audite,
1861 4367 1943 4419 in-

362 4466 546 4519 quam,
585 4469 618 4506 o
658 4454 792 4516 viri,
835 4456 1105 4524 quomodo
1138 4454 1373 4525 Spiritus
1396 4466 1620 4513 sanctus
1648 4459 1713 4513 de
1747 4459 1942 4528 populo

2053 3252 2126 3324 μὴ
2168 3253 2369 3305 σϐέσεν
2410 3255 2543 3309 ἀλλὰ
2578 3260 2657 3320 εἰς
2688 3256 2941 3327 ἀλήθειαν
2967 3256 3162 3320 ἐξοίσει
3190 3257 3391 3327 κρίσιν,
3433 3256 3638 3328 ἀναλή-

2045 3348 2139 3418 ψει
2174 3351 2282 3419 (55)
2318 3352 2412 3403 καὶ
2435 3352 2495 3403 ού
2529 3350 2603 3422 μὴ
2628 3350 3025 3423 θραυσθήσεται
3058 3350 3163 3413 ἕως
3203 3350 3268 3403 ἂν
3300 3349 3365 3420 θῇ
3411 3350 3503 3402 ἐπὶ
3535 3350 3632 3419 τῆς

2046 3441 2151 3511 γῆς
2192 3442 2390 3513 κρίσιν.
2442 3443 2550 3495 Καὶ
2604 3444 2698 3495 ἐπὶ
2750 3441 2828 3511 τῷ
2884 3441 3109 3512 ὀνόματι
3155 3440 3319 3492 αὑτοῦ
3354 3438 3635 3492 ἐλπιοῦσιν

2046 3531 2194 3601 ἔθνη.
2223 3551 2240 3582 ι
2279 3533 2366 3596 Ὡς
2397 3529 2488 3586 οῦν
2523 3533 2630 3587 ἀπὸ
2662 3532 2755 3585 τοῦ
2790 3532 2911 3596 ἑνὸς
2946 3530 3140 3584 Ἰακὼϐ
3168 3531 3376 3585 ἐκείνου
3412 3531 3504 3583 τοῦ
3539 3531 3637 3585 καὶ

2047 3624 2263 3695 Ἰσραὴλ
2296 3624 2712 3697 ἐπικληθέντος,
2753 3624 2819 3677 τὺ
2866 3626 2974 3678 πᾶν
3020 3624 3178 3693 γένος
3225 3623 3379 3694 ὑμῶν
3423 3640 3637 3695 προση-

2046 3717 2274 3788 γόρευτο
2295 3717 2489 3771 Ἰακὼὸ
2520 3717 2871 3789 καὶἸσραὴλ,
2902 3717 3045 3770 οῦτω
3069 3717 3163 3770 καὶ
3191 3718 3354 3788 ἡμεῖς
3391 3717 3499 3769 ἀπὸ
3535 3716 3636 3770 τοῦ

2046 3810 2405 3880 γεννήσαντος
2442 3811 2591 3880 ἡμᾶς
2619 3811 2699 3873 εἰς
2734 3810 2867 3862 Θεὸν
2909 3808 3169 3879 Χριστοῦ,
3209 3808 3285 3872 ὡς
3314 3811 3407 3862 καὶ
3436 3808 3639 3863 Ἰακὼϐ

2048 3904 2142 3956 καὶ
2176 3902 2428 3973 Ἰσραὴλ,
2466 3902 2559 3955 καὶ
2598 3902 2771 3956 Ἰούδα
2802 3903 2897 3956 xal
2929 3902 3151 3973 Ἰωσὴφ,
3192 3904 3286 3955 καὶ
3322 3902 3507 3965 Δαὸὶδ,
3540 3903 3642 3956 καὶ

2046 3993 2182 4047 Θεοῦ
2229 3995 2395 4047 τέκνα
2446 3994 2674 4065 ἀληθινὰ
2717 3993 3033 4065 καλούμεθα
3076 3992 3168 4046 καὶ
3204 3995 3371 4064 ἐσμὲν
3396 4032 3410 4057 ,
3454 3995 3503 4046 οἱ
3536 3993 3641 4059 τὰς

2048 4084 2268 4148 ἐντολὰς
2296 4085 2391 4138 τοῦ
2420 4085 2659 4157 Χριστοῦ
2690 4084 3076 4153 φυλάσσοντες.

2119 4176 2241 4231 124.
2288 4179 2398 4231 Καὶ
2434 4177 2621 4249 ἐπειδὴ
2652 4172 2791 4231 εἶδον
2820 4178 3017 4240 αὐτοὺς
3051 4176 3519 4248 συνταραχθέντας
3544 4176 3644 4229 ἐπὶ

2046 4269 2123 4342 τῷ
2155 4272 2329 4323 εἰπεῖν
2363 4288 2430 4342 με
2450 4272 2553 4324 ,καὶ
2581 4270 2716 4324 Θεοῦ
2746 4269 2913 4323 τέκνα
2954 4265 3271 4340 summa;
3294 4309 3308 4333 ,
3346 4268 3643 4340 προλαϐὼν

2045 4365 2107 4417 τὸ
2160 4364 2605 4436 ἀνερωτηθῆναι,
2666 4359 2856 4417 εἷπον·
2917 4362 3247 4426 Ἀκούσατε,
3306 4356 3352 4414 ὦ
3408 4361 3643 4431 ἄνδρες,

2048 4458 2166 4520 πῶς
2206 4458 2267 4510 τὸ
2307 4457 2459 4525 ἅγιον
2494 4456 2719 4532 Πνεῦμα
2755 4456 2901 4524 λέγει
2936 4456 3064 4527 περὶ
3110 4454 3202 4507 τοῦ
3231 4454 3363 4507 λαοῦ
3407 4454 3601 4506 τούτου
3622 4493 3640 4517 ,

364 4546 469 4599 isto
510 4548 661 4600 dicat
712 4548 852 4602 lilios
906 4549 1174 4603 Altissimi
1217 4567 1410 4606 omnes
1465 4567 1585 4607 esse
1611 4593 1627 4619 ,
1664 4562 1716 4607 et
1755 4554 1807 4607 ln
1846 4569 1941 4609 eo-

2048 4551 2128 4604 ὅτι
2159 4551 2265 4604 υίοὶ
2306 4550 2561 4619 Ὑψίστου
2596 4550 2798 4612 πάντες
2826 4551 2935 4603 εἰσὶ
2957 4590 2971 4613 ,
3010 4550 3103 4603 καὶ
3144 4550 3202 4601 ὲν
3238 4550 3304 4618 τῇ
3345 4549 3641 4617 συναγωγῇ

363 4655 484 4692 rum
532 4652 803 4694 conventu
839 4642 1153 4696 adfuturum
1191 4643 1364 4712 ipsum
1421 4645 1567 4698 illum
1625 4646 1936 4710 Christum,

360 4745 421 4786 ut
460 4749 620 4786 nume
660 4734 941 4789 hominum
978 4751 1146 4804 genus
1183 4736 1411 4805 judicet.
1456 4735 1581 4791 Heec
1635 4736 1795 4791 verba
1840 4754 1943 4807 pcr-

362 4826 620 4880 Davidem
650 4867 664 4889 ,
705 4839 764 4881 ut
799 4841 895 4881 vos
927 4830 1141 4897 quidem
1177 4829 1647 4899 iuterpretamiui,
1678 4832 1756 4884 sic
1792 4832 1939 4887 dicta

361 4930 487 4974 sunt
514 4935 529 4974 :
559 4939 577 4970 ι
616 4920 752 4973 Deus
784 4922 1012 4975 stetitin
1048 4936 1320 4993 synagoga
1362 4922 1588 4976 deorum
1617 4940 1631 4977 :
1666 4925 1719 4977 in
1764 4918 1943 4980 medio

362 5021 543 5063 autem
580 5011 709 5064 deos
738 5011 1028 5080 diiudicat.
1070 5012 1640 5082 Usquequojudicatis
1678 5015 1942 5083 iniquita-

361 5112 417 5155 te
441 5121 468 5151 ιι
495 5141 510 5166 ,
546 5110 600 5155 et
620 5099 788 5155 facies
819 5114 1169 5170 peccatorum
1203 5105 1461 5159 sumitis?
1490 5103 1740 5160 Judioate
1769 5122 1949 5177 egeno-

466 5286 509 5315 “
542 5280 649 5337 Isa.
686 5298 799 5349 εις,
835 5280 927 5347 24,
962 5281 1057 5338 25.
1131 5287 1176 5316 ²¹
1208 5281 1310 5338 lsa.
1340 5297 1473 5345 xstt,
1510 5281 1618 5337 1-4.

434 5441 549 5511 (52)
578 5441 913 5511 ,Ἐκλεκτός
940 5458 1078 5509 μου.
1116 5439 1342 5509 Legitur
1382 5438 1436 5492 in
1481 5447 1712 5511 utroque
1752 5438 1942 5511 codice

361 5508 466 5566 ms.
510 5510 766 5564 ἐκλεκτοῦ
816 5508 949 5581 μου,
992 5526 1113 5581 qua:
1155 5508 1425 5578 scriptura
1460 5525 1487 5562 a
1524 5508 1799 5581 Stephano
1841 5508 1943 5561 im-

365 5593 594 5645 mutata,
629 5598 691 5631 en
720 5580 864 5649 quod
897 5597 1020 5633 cutn
1052 5580 1243 5635 Bibliis
1272 5597 1377 5632 non
1400 5580 1719 5648 quadraret.

450 5652 551 5719 7'53)
604 5651 859 5715 Ἐξοίσει
909 5652 1132 5713 κρίσιν,
1168 5649 1490 5718 ἀναλήψει.
1518 5650 1646 5703 Post
1685 5649 1935 5719 Grotiurn

363 5732 414 5791 et
440 5718 696 5775 Grabium
719 5735 901 5775 mouet
925 5720 1205 5775 Thirlhius
1231 5716 1538 5791 legendum,
1559 5729 1617 5774 ut
1638 5721 1777 5790 apud
1795 5716 1938 5774 LXX

364 5789 558 5855 ἐξοίσει
593 5792 789 5862 κρίσιν,
826 5791 1152 5862 ἀναλάμψει.

441 5864 554 5933 (54)
608 5858 740 5917 Ἀπὸ
790 5858 1015 5928 παντες
1058 5858 1275 5931 ί;·ἐνοι·ς
1325 5858 1664 5931 ἀνθρώπων.
1723 5859 1935 5931 Nequa-

2045 4644 2221 4698 αὐτῶν
2254 4645 2521 4715 παρέσται
2559 4645 2719 4707 αὐτὸς
2747 4638 2901 4707 οὗτος
2940 4646 2969 4697 ὁ
3011 4643 3277 4715 Χριστὸς,
3310 4642 3408 4713 τὴν
3458 4640 3642 4710 κρίσιν

2046 4737 2153 4790 ἀπὸ
2197 4738 2395 4801 παντὸς
2422 4737 2613 4805 γένους
2658 4735 2959 4808 ἀνθρώπων
2991 4736 3100 4807 (54)
3153 4734 3496 4804 ποιούμενος.
3548 4732 3630 4785 Εἶ-

2050 4848 2240 4902 ρηνται
2268 4831 2323 4884 δὲ
2349 4832 2396 4883 οἱ
2440 4831 2587 4899 λόγοι
2618 4829 2707 4883 διὰ
2736 4828 2899 4882 Δαϐὶδ
2921 4870 2934 4892 ,
2968 4828 3043 4890 ὼς
3080 4828 3177 4900 μὲν
3221 4828 3381 4897 ὑμεῖς
3423 4825 3641 4896 ἐξηγεῖ-

2052 4924 2143 4976 σθε
2164 4964 2177 4987 .
2212 4923 2416 4987 οὕτως’
2454 4943 2472 4975 ι
2522 4925 2579 4976 'U
2608 4922 2740 4985 Θεὸς
2772 4921 2901 4993 ἔστη
2935 4923 2991 4974 ὲν
3028 4922 3317 4989 συναγωγῇ
3352 4917 3491 4969 θεῶν
3517 4935 3529 4946 ·
3579 4918 3642 4969 ὲν

2053 5016 2201 5086 μέσῳ
2228 5016 2284 5069 δὲ
2317 5016 2473 5080 θεοὺς
2498 5010 2781 5087 διακρίνει.
2818 5016 2963 5077 Ἕως
2993 5014 3120 5066 πότε
3152 5013 3367 5084 κρίνετε
3396 5009 3639 5069 ἀδικίαν,

2049 5110 2143 5161 καὶ
2176 5109 2441 5179 πρόσωπα
2480 5108 2821 5180 ἁμαρτωλῶν
2862 5106 3202 5179 ).αμ6άνετε;
3252 5104 3495 5176 Κρίνατε
3547 5105 3642 5173 ὀρ-

2046 5452 2211 5506 quam
2248 5437 2531 5508 legendum
2569 5439 2727 5508 περί,
2765 5448 2824 5493 ιιι
2855 5439 3180 5510 Sylbttrgius
3220 5449 3275 5495 et
3323 5439 3415 5493 alii
3448 5441 3641 5495 existi-

2048 5518 2284 5579 marunt.
2313 5512 2404 5574 sed
2435 5510 2511 5561 sic
2540 5510 2979 5578 intelligendum,
3010 5512 3165 5579 quasi
3195 5510 3458 5579 scriptum
3486 5522 3639 5566 esset

2042 5578 2366 5650 ἀνθρώπων
2392 5580 2499 5631 ἀπὸ
2544 5580 2743 5650 παντὸς
2788 5580 2977 5647 γένους
3012 5578 3093 5633 vel
3132 5581 3244 5633 τῶν
3280 5578 3389 5634 ἀπὸ
3431 5581 3640 5645 παντὸς

2041 5650 2233 5717 γένους
2280 5649 2602 5721 ἀνθρώπων.
2653 5649 2870 5705 Justiuo
2917 5651 3209 5705 familiaris
3260 5663 3342 5705 est
3394 5652 3513 5705 haec
3557 5653 3640 5705 lo-

2039 5722 2243 5794 quendi
2284 5720 2621 5794 ratio.‘lliuc
2645 5737 2701 5775 n.
2734 5722 2858 5786 I3l,
2896 5722 3127 5793 legimus
3159 5722 3267 5775 ἀπὸ
3298 5722 3505 5785 παντὸς
3534 5737 3640 5794 με-

2038 5793 2256 5846 τάνοιαν
2288 5791 2637 5860 πεποιῆσθαι.
