  <div class='ocr_page' id='page_1' title='image "/cluster/home/n/w/nwhite01/storage/ocr_20150623/6/mdp.39015004289917/404.png"; bbox 0 0 3954 6258; ppageno 0'>
   <div class='ocr_carea' id='block_1_1' title="bbox 222 424 3531 488">
    <p class='ocr_par' dir='ltr' id='par_1_1' title="bbox 222 424 3531 488">
     <span class='ocr_line' id='line_1_1' title="bbox 222 424 3531 488; baseline 0.002 -11"><span class='ocrx_word' id='word_1_1' title='bbox 222 425 311 478; x_wconf 71' lang='lat'><strong>1&#39;65</strong></span> <span class='ocrx_word' id='word_1_2' title='bbox 1252 430 1596 487; x_wconf 78' lang='lat' dir='ltr'><strong>DIALOGUS</strong></span> <span class='ocrx_word' id='word_1_3' title='bbox 1631 429 1776 486; x_wconf 82' lang='lat' dir='ltr'><strong>CUM</strong></span> <span class='ocrx_word' id='word_1_4' title='bbox 1815 427 2188 484; x_wconf 79' lang='lat' dir='ltr'><strong>TRYPHONE</strong></span> <span class='ocrx_word' id='word_1_5' title='bbox 2219 424 2481 488; x_wconf 68' lang='grc' dir='ltr'><strong>Ιυῡίὶο.</strong></span> <span class='ocrx_word' id='word_1_6' title='bbox 3431 429 3531 484; x_wconf 82' lang='lat'><em>766</em></span> 
     </span>
    </p>
   </div>
   <div class='ocr_carea' id='block_1_2' title="bbox 227 539 1788 620">
    <p class='ocr_par' dir='ltr' id='par_1_2' title="bbox 227 539 1788 620">
     <span class='ocr_line' id='line_1_2' title="bbox 227 539 1788 620; baseline 0.003 -25"><span class='ocrx_word' id='word_1_7' title='bbox 227 539 366 613; x_wconf 75' lang='grc' dir='ltr'><strong>φανῷ</strong></span> <span class='ocrx_word' id='word_1_8' title='bbox 391 541 489 594; x_wconf 68' lang='grc' dir='ltr'>καὶ</span> <span class='ocrx_word' id='word_1_9' title='bbox 517 543 744 614; x_wconf 81' lang='grc' dir='ltr'><strong>πτωχῷ</strong></span> <span class='ocrx_word' id='word_1_10' title='bbox 767 584 784 607; x_wconf 87' lang='grc'><em>,</em></span> <span class='ocrx_word' id='word_1_11' title='bbox 817 547 922 600; x_wconf 75' lang='grc' dir='ltr'><strong>καὶ</strong></span> <span class='ocrx_word' id='word_1_12' title='bbox 954 547 1212 601; x_wconf 84' lang='grc' dir='ltr'>ταπεινὸν</span> <span class='ocrx_word' id='word_1_13' title='bbox 1245 548 1338 602; x_wconf 70' lang='grc' dir='ltr'>καὶ</span> <span class='ocrx_word' id='word_1_14' title='bbox 1376 547 1586 620; x_wconf 80' lang='grc' dir='ltr'>πένητα</span> <span class='ocrx_word' id='word_1_15' title='bbox 1627 547 1788 600; x_wconf 82' lang='grc' dir='ltr'>δικαιι</span> 
     </span>
    </p>
   </div>
   <div class='ocr_carea' id='block_1_3' title="bbox 1968 539 3529 620">
    <p class='ocr_par' dir='ltr' id='par_1_3' title="bbox 1968 544 3529 618">
     <span class='ocr_line' id='line_1_3' title="bbox 1968 544 3529 618; baseline 0 -17"><span class='ocrx_word' id='word_1_16' title='bbox 1968 555 2011 601; x_wconf 71' lang='lat' dir='ltr'><strong>at</strong></span> <span class='ocrx_word' id='word_1_17' title='bbox 2052 547 2296 618; x_wconf 89' lang='lat' dir='ltr'><strong>pupillo,</strong></span> <span class='ocrx_word' id='word_1_18' title='bbox 2347 557 2404 602; x_wconf 88' lang='lat' dir='ltr'><strong>et</strong></span> <span class='ocrx_word' id='word_1_19' title='bbox 2459 544 2717 602; x_wconf 85' lang='lat' dir='ltr'><strong>humilem</strong></span> <span class='ocrx_word' id='word_1_20' title='bbox 2765 553 2820 600; x_wconf 89' lang='lat' dir='ltr'><strong>et</strong></span> <span class='ocrx_word' id='word_1_21' title='bbox 2865 558 3160 615; x_wconf 85' lang='lat' dir='ltr'><strong>pauperem</strong></span> <span class='ocrx_word' id='word_1_22' title='bbox 3211 545 3529 614; x_wconf 83' lang='lat' dir='ltr'><strong>justilieate.</strong></span> 
     </span>
    </p>
   </div>
   <div class='ocr_carea' id='block_1_4' title="bbox 232 634 1793 713">
    <p class='ocr_par' dir='ltr' id='par_1_4' title="bbox 232 634 1789 712">
     <span class='ocr_line' id='line_1_4' title="bbox 232 634 1789 712; baseline 0.004 -26"><span class='ocrx_word' id='word_1_23' title='bbox 232 650 375 688; x_wconf 74' lang='grc' dir='ltr'>σατε.</span> <span class='ocrx_word' id='word_1_24' title='bbox 406 634 704 698; x_wconf 75' lang='grc' dir='ltr'>Ἐξέλεσθε</span> <span class='ocrx_word' id='word_1_25' title='bbox 737 637 988 710; x_wconf 78' lang='grc' dir='ltr'>πένητα,</span> <span class='ocrx_word' id='word_1_26' title='bbox 1020 641 1116 693; x_wconf 71' lang='grc' dir='ltr'>καὶ</span> <span class='ocrx_word' id='word_1_27' title='bbox 1144 639 1356 711; x_wconf 85' lang='grc' dir='ltr'>πτωχὸν</span> <span class='ocrx_word' id='word_1_28' title='bbox 1377 641 1441 693; x_wconf 87' lang='grc' dir='ltr'>ὲκ</span> <span class='ocrx_word' id='word_1_29' title='bbox 1461 638 1644 712; x_wconf 86' lang='grc' dir='ltr'>χειρὸς</span> <span class='ocrx_word' id='word_1_30' title='bbox 1674 640 1789 709; x_wconf 84' lang='grc' dir='ltr'>ἁμα</span> 
     </span>
    </p>
   </div>
   <div class='ocr_carea' id='block_1_5' title="bbox 1972 634 3533 713">
    <p class='ocr_par' dir='ltr' id='par_1_5' title="bbox 1972 638 3533 713">
     <span class='ocr_line' id='line_1_5' title="bbox 1972 638 3533 713; baseline -0.001 -17"><span class='ocrx_word' id='word_1_31' title='bbox 1972 641 2164 712; x_wconf 79' lang='lat' dir='ltr'><strong>Eripite</strong></span> <span class='ocrx_word' id='word_1_32' title='bbox 2212 650 2601 713; x_wconf 89' lang='lat' dir='ltr'><strong>pauperem,et</strong></span> <span class='ocrx_word' id='word_1_33' title='bbox 2631 654 2860 709; x_wconf 77' lang='lat' dir='ltr'><strong>egenum</strong></span> <span class='ocrx_word' id='word_1_34' title='bbox 2911 638 2979 693; x_wconf 92' lang='lat' dir='ltr'><strong>de</strong></span> <span class='ocrx_word' id='word_1_35' title='bbox 3028 654 3190 692; x_wconf 89' lang='lat' dir='ltr'><strong>manu</strong></span> <span class='ocrx_word' id='word_1_36' title='bbox 3223 639 3533 707; x_wconf 76' lang='lat' dir='ltr'><strong>peccatoris</strong></span> 
     </span>
    </p>
   </div>
   <div class='ocr_carea' id='block_1_6' title="bbox 234 725 1795 804">
    <p class='ocr_par' dir='ltr' id='par_1_6' title="bbox 234 725 1795 804">
     <span class='ocr_line' id='line_1_6' title="bbox 234 725 1795 804; baseline 0.003 -25"><span class='ocrx_word' id='word_1_37' title='bbox 234 726 398 780; x_wconf 75' lang='grc' dir='ltr'>τωλοῦ</span> <span class='ocrx_word' id='word_1_38' title='bbox 442 725 716 798; x_wconf 75' lang='grc' dir='ltr'><strong>ῥύσασθε.</strong></span> <span class='ocrx_word' id='word_1_39' title='bbox 754 731 880 784; x_wconf 78' lang='grc' dir='ltr'><strong>υύκ</strong></span> <span class='ocrx_word' id='word_1_40' title='bbox 922 731 1168 799; x_wconf 71' lang='grc' dir='ltr'>ἔγνωσαν</span> <span class='ocrx_word' id='word_1_41' title='bbox 1197 732 1318 785; x_wconf 80' lang='grc' dir='ltr'>οὐδὲ</span> <span class='ocrx_word' id='word_1_42' title='bbox 1351 732 1612 804; x_wconf 80' lang='grc' dir='ltr'>συνῆκαν,</span> <span class='ocrx_word' id='word_1_43' title='bbox 1645 733 1703 785; x_wconf 82' lang='grc' dir='ltr'><strong>ὲν</strong></span> <span class='ocrx_word' id='word_1_44' title='bbox 1732 749 1795 784; x_wconf 83' lang='grc' dir='ltr'><strong>σκ</strong></span> 
     </span>
    </p>
   </div>
   <div class='ocr_carea' id='block_1_7' title="bbox 1973 725 3534 804">
    <p class='ocr_par' dir='ltr' id='par_1_7' title="bbox 1977 729 3534 798">
     <span class='ocr_line' id='line_1_7' title="bbox 1977 729 3534 798; baseline -0.003 -10"><span class='ocrx_word' id='word_1_45' title='bbox 1977 734 2203 793; x_wconf 89' lang='lat' dir='ltr'><strong>iberate.</strong></span> <span class='ocrx_word' id='word_1_46' title='bbox 2267 734 2595 789; x_wconf 84' lang='lat' dir='ltr'><strong>Nescierunt</strong></span> <span class='ocrx_word' id='word_1_47' title='bbox 2657 745 2833 798; x_wconf 91' lang='lat' dir='ltr'><strong>neque</strong></span> <span class='ocrx_word' id='word_1_48' title='bbox 2881 729 3303 794; x_wconf 84' lang='lat' dir='ltr'><strong>intellexerunt,</strong></span> <span class='ocrx_word' id='word_1_49' title='bbox 3346 731 3400 784; x_wconf 91' lang='lat' dir='ltr'><strong>in</strong></span> <span class='ocrx_word' id='word_1_50' title='bbox 3455 740 3534 784; x_wconf 80' lang='lat' dir='ltr'><strong>te-</strong></span> 
     </span>
    </p>
   </div>
   <div class='ocr_carea' id='block_1_8' title="bbox 233 819 1794 896">
    <p class='ocr_par' dir='ltr' id='par_1_8' title="bbox 233 819 1794 896">
     <span class='ocr_line' id='line_1_8' title="bbox 233 819 1794 896; baseline 0.002 -24"><span class='ocrx_word' id='word_1_51' title='bbox 233 837 319 872; x_wconf 79' lang='grc' dir='ltr'><strong>τει</strong></span> <span class='ocrx_word' id='word_1_52' title='bbox 344 819 773 890; x_wconf 80' lang='grc' dir='ltr'>διαπορεύονται</span> <span class='ocrx_word' id='word_1_53' title='bbox 801 864 817 888; x_wconf 93' lang='grc'><strong>,</strong></span> <span class='ocrx_word' id='word_1_54' title='bbox 873 824 1300 896; x_wconf 81' lang='grc' dir='ltr'><strong>σαλευθήσονται</strong></span> <span class='ocrx_word' id='word_1_55' title='bbox 1329 825 1506 878; x_wconf 81' lang='grc' dir='ltr'>πάντα</span> <span class='ocrx_word' id='word_1_56' title='bbox 1535 823 1605 877; x_wconf 86' lang='grc' dir='ltr'><strong>τὰ</strong></span> <span class='ocrx_word' id='word_1_57' title='bbox 1633 823 1794 894; x_wconf 84' lang='grc' dir='ltr'>θεμὲλ</span> 
     </span>
    </p>
   </div>
   <div class='ocr_carea' id='block_1_9' title="bbox 1972 819 3533 896">
    <p class='ocr_par' dir='ltr' id='par_1_9' title="bbox 1972 821 3533 891">
     <span class='ocr_line' id='line_1_9' title="bbox 1972 821 3533 891; baseline -0.003 -12"><span class='ocrx_word' id='word_1_58' title='bbox 1972 827 2141 881; x_wconf 87' lang='lat' dir='ltr'><strong>tebris</strong></span> <span class='ocrx_word' id='word_1_59' title='bbox 2181 826 2494 891; x_wconf 79' lang='lat' dir='ltr'><strong>ambulant;</strong></span> <span class='ocrx_word' id='word_1_60' title='bbox 2541 824 2903 877; x_wconf 87' lang='lat' dir='ltr'><strong>movebuntur</strong></span> <span class='ocrx_word' id='word_1_61' title='bbox 2957 822 3139 875; x_wconf 85' lang='lat' dir='ltr'><strong>omnia</strong></span> <span class='ocrx_word' id='word_1_62' title='bbox 3177 821 3533 876; x_wconf 83' lang='lat' dir='ltr'><strong>fundamenta</strong></span> 
     </span>
    </p>
   </div>
   <div class='ocr_carea' id='block_1_10' title="bbox 239 911 1800 991">
    <p class='ocr_par' dir='ltr' id='par_1_10' title="bbox 239 911 1800 986">
     <span class='ocr_line' id='line_1_10' title="bbox 239 911 1800 986; baseline 0.001 -22"><span class='ocrx_word' id='word_1_63' title='bbox 239 913 342 982; x_wconf 71' lang='grc' dir='ltr'><strong>τῆς</strong></span> <span class='ocrx_word' id='word_1_64' title='bbox 383 912 506 982; x_wconf 78' lang='grc' dir='ltr'><strong>γῆς.</strong></span> <span class='ocrx_word' id='word_1_65' title='bbox 555 913 704 983; x_wconf 84' lang='grc' dir='ltr'><strong>Ἐγὼ</strong></span> <span class='ocrx_word' id='word_1_66' title='bbox 748 911 925 970; x_wconf 82' lang='grc' dir='ltr'>εἶπα·</span> <span class='ocrx_word' id='word_1_67' title='bbox 964 917 1088 970; x_wconf 90' lang='grc' dir='ltr'>Θεοί</span> <span class='ocrx_word' id='word_1_68' title='bbox 1121 918 1274 981; x_wconf 74' lang='grc' dir='ltr'><strong>ἐστε,</strong></span> <span class='ocrx_word' id='word_1_69' title='bbox 1319 918 1414 971; x_wconf 76' lang='grc' dir='ltr'><strong>καὶ</strong></span> <span class='ocrx_word' id='word_1_70' title='bbox 1455 918 1560 971; x_wconf 72' lang='grc' dir='ltr'>υίοὶ</span> <span class='ocrx_word' id='word_1_71' title='bbox 1600 917 1800 986; x_wconf 75' lang='grc' dir='ltr'>’Υψίστι</span> 
     </span>
    </p>
   </div>
   <div class='ocr_carea' id='block_1_11' title="bbox 1967 911 3528 991">
    <p class='ocr_par' dir='ltr' id='par_1_11' title="bbox 1967 913 3528 991">
     <span class='ocr_line' id='line_1_11' title="bbox 1967 913 3528 991; baseline -0.004 -17"><span class='ocrx_word' id='word_1_72' title='bbox 1967 933 2139 977; x_wconf 66' lang='grc' dir='ltr'><strong>ιρι-ηε.</strong></span> <span class='ocrx_word' id='word_1_73' title='bbox 2180 921 2289 991; x_wconf 79' lang='lat' dir='ltr'><strong>Ego</strong></span> <span class='ocrx_word' id='word_1_74' title='bbox 2327 921 2438 976; x_wconf 84' lang='lat' dir='ltr'><strong>dixi</strong></span> <span class='ocrx_word' id='word_1_75' title='bbox 2481 936 2494 972; x_wconf 89' lang='lat'><strong>:</strong></span> <span class='ocrx_word' id='word_1_76' title='bbox 2534 919 2612 972; x_wconf 91' lang='lat' dir='ltr'><strong>Dii</strong></span> <span class='ocrx_word' id='word_1_77' title='bbox 2652 917 2785 972; x_wconf 87' lang='lat' dir='ltr'><strong>estis</strong></span> <span class='ocrx_word' id='word_1_78' title='bbox 2824 925 2880 970; x_wconf 89' lang='lat' dir='ltr'><strong>et</strong></span> <span class='ocrx_word' id='word_1_79' title='bbox 2918 915 3013 968; x_wconf 83' lang='lat' dir='ltr'><strong>ﬁlii</strong></span> <span class='ocrx_word' id='word_1_80' title='bbox 3053 913 3266 969; x_wconf 82' lang='lat' dir='ltr'><strong>Excelsi</strong></span> <span class='ocrx_word' id='word_1_81' title='bbox 3317 928 3528 969; x_wconf 83' lang='lat' dir='ltr'><strong>omnes.</strong></span> 
     </span>
    </p>
   </div>
   <div class='ocr_carea' id='block_1_12' title="bbox 239 1003 1800 1081">
    <p class='ocr_par' dir='ltr' id='par_1_12' title="bbox 239 1005 1800 1081">
     <span class='ocr_line' id='line_1_12' title="bbox 239 1005 1800 1081; baseline 0.001 -24"><span class='ocrx_word' id='word_1_82' title='bbox 239 1005 466 1069; x_wconf 77' lang='grc' dir='ltr'><strong>πάντες.</strong></span> <span class='ocrx_word' id='word_1_83' title='bbox 513 1005 712 1077; x_wconf 79' lang='grc' dir='ltr'><strong>Ὑμεῖς</strong></span> <span class='ocrx_word' id='word_1_84' title='bbox 755 1008 816 1061; x_wconf 80' lang='grc' dir='ltr'>δὲ</span> <span class='ocrx_word' id='word_1_85' title='bbox 857 1010 936 1072; x_wconf 84' lang='grc' dir='ltr'><strong>ὡς</strong></span> <span class='ocrx_word' id='word_1_86' title='bbox 980 1009 1258 1081; x_wconf 79' lang='grc' dir='ltr'>ἄνθρωποι</span> <span class='ocrx_word' id='word_1_87' title='bbox 1306 1009 1711 1081; x_wconf 86' lang='grc' dir='ltr'>ἀποθνήσκετε,</span> <span class='ocrx_word' id='word_1_88' title='bbox 1758 1025 1800 1060; x_wconf 73' lang='grc' dir='ltr'>κ‹</span> 
     </span>
    </p>
   </div>
   <div class='ocr_carea' id='block_1_13' title="bbox 1972 1003 3533 1081">
    <p class='ocr_par' dir='ltr' id='par_1_13' title="bbox 1972 1003 3533 1068">
     <span class='ocr_line' id='line_1_13' title="bbox 1972 1003 3533 1068; baseline -0.002 -9"><span class='ocrx_word' id='word_1_89' title='bbox 1972 1006 2065 1062; x_wconf 72' lang='lat' dir='ltr'><strong>Vos</strong></span> <span class='ocrx_word' id='word_1_90' title='bbox 2131 1017 2310 1061; x_wconf 86' lang='lat' dir='ltr'><strong>autem</strong></span> <span class='ocrx_word' id='word_1_91' title='bbox 2375 1008 2519 1062; x_wconf 91' lang='lat' dir='ltr'><strong>sicut</strong></span> <span class='ocrx_word' id='word_1_92' title='bbox 2579 1006 2826 1060; x_wconf 84' lang='lat' dir='ltr'><strong>homines</strong></span> <span class='ocrx_word' id='word_1_93' title='bbox 2901 1003 3218 1068; x_wconf 89' lang='lat' dir='ltr'><strong>morimini,</strong></span> <span class='ocrx_word' id='word_1_94' title='bbox 3275 1014 3328 1058; x_wconf 89' lang='lat' dir='ltr'><strong>et</strong></span> <span class='ocrx_word' id='word_1_95' title='bbox 3391 1005 3533 1057; x_wconf 94' lang='lat' dir='ltr'><strong>sicut</strong></span> 
     </span>
    </p>
   </div>
   <div class='ocr_carea' id='block_1_14' title="bbox 234 1090 1795 1170">
    <p class='ocr_par' dir='ltr' id='par_1_14' title="bbox 234 1090 1795 1170">
     <span class='ocr_line' id='line_1_14' title="bbox 234 1090 1795 1170; baseline 0.002 -22"><span class='ocrx_word' id='word_1_96' title='bbox 234 1097 318 1160; x_wconf 78' lang='grc' dir='ltr'><strong>ὡς</strong></span> <span class='ocrx_word' id='word_1_97' title='bbox 347 1090 432 1159; x_wconf 78' lang='grc' dir='ltr'><strong>εἷς</strong></span> <span class='ocrx_word' id='word_1_98' title='bbox 460 1097 570 1149; x_wconf 79' lang='grc' dir='ltr'><strong>τῶν</strong></span> <span class='ocrx_word' id='word_1_99' title='bbox 599 1097 888 1169; x_wconf 79' lang='grc' dir='ltr'>ἀρχόντων</span> <span class='ocrx_word' id='word_1_100' title='bbox 922 1101 1170 1152; x_wconf 84' lang='grc' dir='ltr'><strong>πίπτετε.</strong></span> <span class='ocrx_word' id='word_1_101' title='bbox 1221 1099 1455 1153; x_wconf 83' lang='grc' dir='ltr'>Ἀνάστα</span> <span class='ocrx_word' id='word_1_102' title='bbox 1481 1101 1510 1152; x_wconf 96' lang='lat'><strong>6</strong></span> <span class='ocrx_word' id='word_1_103' title='bbox 1541 1098 1674 1162; x_wconf 86' lang='grc' dir='ltr'><strong>Θεὸς</strong></span> <span class='ocrx_word' id='word_1_104' title='bbox 1699 1138 1712 1162; x_wconf 90' lang='grc'><em>,</em></span> <span class='ocrx_word' id='word_1_105' title='bbox 1743 1116 1795 1170; x_wconf 69' lang='grc' dir='ltr'>κε</span> 
     </span>
    </p>
   </div>
   <div class='ocr_carea' id='block_1_15' title="bbox 1969 1090 3530 1170">
    <p class='ocr_par' dir='ltr' id='par_1_15' title="bbox 1969 1097 3530 1170">
     <span class='ocr_line' id='line_1_15' title="bbox 1969 1097 3530 1170; baseline -0.004 -16"><span class='ocrx_word' id='word_1_106' title='bbox 1969 1115 2094 1155; x_wconf 79' lang='lat' dir='ltr'><strong>tuus</strong></span> <span class='ocrx_word' id='word_1_107' title='bbox 2124 1102 2190 1156; x_wconf 91' lang='lat' dir='ltr'><strong>de</strong></span> <span class='ocrx_word' id='word_1_108' title='bbox 2229 1101 2565 1170; x_wconf 87' lang='lat' dir='ltr'><strong>principibus</strong></span> <span class='ocrx_word' id='word_1_109' title='bbox 2599 1099 2818 1155; x_wconf 86' lang='lat' dir='ltr'><strong>caditis.</strong></span> <span class='ocrx_word' id='word_1_110' title='bbox 2853 1097 3118 1165; x_wconf 82' lang='lat' dir='ltr'><strong>Exsurge,</strong></span> <span class='ocrx_word' id='word_1_111' title='bbox 3159 1097 3320 1159; x_wconf 86' lang='lat' dir='ltr'><strong>Deus.</strong></span> <span class='ocrx_word' id='word_1_112' title='bbox 3348 1097 3530 1166; x_wconf 87' lang='lat' dir='ltr'><strong>judica</strong></span> 
     </span>
    </p>
   </div>
   <div class='ocr_carea' id='block_1_16' title="bbox 235 1190 1796 1264">
    <p class='ocr_par' dir='ltr' id='par_1_16' title="bbox 235 1192 1796 1264">
     <span class='ocr_line' id='line_1_16' title="bbox 235 1192 1796 1264; baseline -0.001 -19"><span class='ocrx_word' id='word_1_113' title='bbox 235 1207 332 1245; x_wconf 73' lang='grc' dir='ltr'>νυν</span> <span class='ocrx_word' id='word_1_114' title='bbox 355 1192 460 1263; x_wconf 73' lang='grc' dir='ltr'>τὴν</span> <span class='ocrx_word' id='word_1_115' title='bbox 496 1193 626 1262; x_wconf 77' lang='grc' dir='ltr'><strong>γῆν,</strong></span> <span class='ocrx_word' id='word_1_116' title='bbox 657 1193 741 1244; x_wconf 85' lang='grc' dir='ltr'><strong>ὃτι</strong></span> <span class='ocrx_word' id='word_1_117' title='bbox 773 1193 838 1246; x_wconf 78' lang='grc' dir='ltr'><strong>σὺ</strong></span> <span class='ocrx_word' id='word_1_118' title='bbox 873 1192 1454 1264; x_wconf 84' lang='grc' dir='ltr'>κατακληρονομήσεις</span> <span class='ocrx_word' id='word_1_119' title='bbox 1483 1193 1542 1244; x_wconf 80' lang='grc' dir='ltr'><strong>ὲν</strong></span> <span class='ocrx_word' id='word_1_120' title='bbox 1567 1192 1702 1245; x_wconf 82' lang='grc' dir='ltr'>πᾶσι</span> <span class='ocrx_word' id='word_1_121' title='bbox 1738 1208 1796 1244; x_wconf 87' lang='grc' dir='ltr'><strong>το</strong></span> 
     </span>
    </p>
   </div>
   <div class='ocr_carea' id='block_1_17' title="bbox 1975 1190 3536 1264">
    <p class='ocr_par' dir='ltr' id='par_1_17' title="bbox 1977 1190 3536 1263">
     <span class='ocr_line' id='line_1_17' title="bbox 1977 1190 3536 1263; baseline -0.005 -16"><span class='ocrx_word' id='word_1_122' title='bbox 1977 1205 2181 1260; x_wconf 85' lang='lat' dir='ltr'><strong>erram,</strong></span> <span class='ocrx_word' id='word_1_123' title='bbox 2225 1193 2484 1263; x_wconf 90' lang='lat' dir='ltr'><strong>quoniam</strong></span> <span class='ocrx_word' id='word_1_124' title='bbox 2508 1201 2580 1245; x_wconf 83' lang='lat' dir='ltr'><strong>-tu</strong></span> <span class='ocrx_word' id='word_1_125' title='bbox 2609 1190 2956 1246; x_wconf 52' lang='lat' dir='ltr'><strong>btereditabis</strong></span> <span class='ocrx_word' id='word_1_126' title='bbox 2991 1190 3043 1242; x_wconf 94' lang='lat' dir='ltr'><strong>in</strong></span> <span class='ocrx_word' id='word_1_127' title='bbox 3082 1190 3334 1243; x_wconf 92' lang='lat' dir='ltr'><strong>omnibus</strong></span> <span class='ocrx_word' id='word_1_128' title='bbox 3358 1191 3536 1258; x_wconf 78' lang='lat' dir='ltr'><strong>genti-</strong></span> 
     </span>
    </p>
   </div>
   <div class='ocr_carea' id='block_1_18' title="bbox 237 1279 1798 1356">
    <p class='ocr_par' dir='ltr' id='par_1_18' title="bbox 237 1283 1798 1356">
     <span class='ocr_line' id='line_1_18' title="bbox 237 1283 1798 1356; baseline 0.001 -20"><span class='ocrx_word' id='word_1_129' title='bbox 237 1283 475 1338; x_wconf 69' lang='grc' dir='ltr'>ἔθνεσιν.</span> <span class='ocrx_word' id='word_1_130' title='bbox 508 1303 527 1334; x_wconf 81' lang='grc'>›</span> <span class='ocrx_word' id='word_1_131' title='bbox 563 1285 653 1337; x_wconf 87' lang='grc' dir='ltr'>Ἐν</span> <span class='ocrx_word' id='word_1_132' title='bbox 683 1285 740 1338; x_wconf 85' lang='grc' dir='ltr'>δὲ</span> <span class='ocrx_word' id='word_1_133' title='bbox 772 1287 839 1356; x_wconf 83' lang='grc' dir='ltr'><strong>τῇ</strong></span> <span class='ocrx_word' id='word_1_134' title='bbox 869 1285 979 1338; x_wconf 85' lang='grc' dir='ltr'><strong>τῶν</strong></span> <span class='ocrx_word' id='word_1_135' title='bbox 1011 1285 1409 1356; x_wconf 77' lang='grc' dir='ltr'>Ἑϐδομήκοντα</span> <span class='ocrx_word' id='word_1_136' title='bbox 1430 1284 1540 1355; x_wconf 77' lang='grc'>(55)</span> <span class='ocrx_word' id='word_1_137' title='bbox 1573 1283 1798 1356; x_wconf 83' lang='grc' dir='ltr'><strong>ὲξηγήσε</strong></span> 
     </span>
    </p>
   </div>
   <div class='ocr_carea' id='block_1_19' title="bbox 1973 1279 3534 1356">
    <p class='ocr_par' dir='ltr' id='par_1_19' title="bbox 1973 1279 3534 1354">
     <span class='ocr_line' id='line_1_19' title="bbox 1973 1279 3534 1354; baseline -0.006 -14"><span class='ocrx_word' id='word_1_138' title='bbox 1973 1288 2054 1340; x_wconf 78' lang='lat' dir='ltr'><strong>ius</strong></span> <span class='ocrx_word' id='word_1_139' title='bbox 2071 1285 2173 1339; x_wconf 65' lang='lat'><strong>&quot;.1</strong></span> <span class='ocrx_word' id='word_1_140' title='bbox 2197 1284 2253 1338; x_wconf 92' lang='lat' dir='ltr'><strong>In</strong></span> <span class='ocrx_word' id='word_1_141' title='bbox 2277 1284 2624 1354; x_wconf 81' lang='lat' dir='ltr'><strong>Septuaginta</strong></span> <span class='ocrx_word' id='word_1_142' title='bbox 2648 1291 2828 1337; x_wconf 89' lang='lat' dir='ltr'><strong>autem</strong></span> <span class='ocrx_word' id='word_1_143' title='bbox 2849 1279 3298 1348; x_wconf 83' lang='lat' dir='ltr'><strong>interpretatione</strong></span> <span class='ocrx_word' id='word_1_144' title='bbox 3327 1279 3534 1332; x_wconf 87' lang='lat' dir='ltr'><strong>dictum</strong></span> 
     </span>
    </p>
   </div>
   <div class='ocr_carea' id='block_1_20' title="bbox 237 1373 1798 1448">
    <p class='ocr_par' dir='ltr' id='par_1_20' title="bbox 237 1376 1796 1448">
     <span class='ocr_line' id='line_1_20' title="bbox 237 1376 1796 1448; baseline 0 -20"><span class='ocrx_word' id='word_1_145' title='bbox 237 1376 458 1448; x_wconf 76' lang='grc' dir='ltr'>εἴρηται</span> <span class='ocrx_word' id='word_1_146' title='bbox 479 1395 493 1406; x_wconf 91' lang='grc'><strong>·</strong></span> <span class='ocrx_word' id='word_1_147' title='bbox 535 1395 554 1428; x_wconf 73' lang='grc' dir='ltr'><strong>ι</strong></span> <span class='ocrx_word' id='word_1_148' title='bbox 607 1377 740 1429; x_wconf 80' lang='grc' dir='ltr'>Ἰδοὺ</span> <span class='ocrx_word' id='word_1_149' title='bbox 773 1377 840 1448; x_wconf 80' lang='grc' dir='ltr'>δὴ</span> <span class='ocrx_word' id='word_1_150' title='bbox 871 1377 948 1440; x_wconf 83' lang='grc' dir='ltr'><strong>ὡς</strong></span> <span class='ocrx_word' id='word_1_151' title='bbox 990 1377 1266 1448; x_wconf 85' lang='grc' dir='ltr'>ἄνθρωποι</span> <span class='ocrx_word' id='word_1_152' title='bbox 1310 1376 1688 1448; x_wconf 85' lang='grc' dir='ltr'>ὰποθνήσκετε</span> <span class='ocrx_word' id='word_1_153' title='bbox 1711 1415 1725 1440; x_wconf 90' lang='grc'><em>,</em></span> <span class='ocrx_word' id='word_1_154' title='bbox 1760 1393 1796 1429; x_wconf 88' lang='grc' dir='ltr'><strong>κ</strong></span> 
     </span>
    </p>
   </div>
   <div class='ocr_carea' id='block_1_21' title="bbox 1973 1373 3534 1448">
    <p class='ocr_par' dir='ltr' id='par_1_21' title="bbox 1973 1373 3534 1439">
     <span class='ocr_line' id='line_1_21' title="bbox 1973 1373 3534 1439; baseline -0.004 -6"><span class='ocrx_word' id='word_1_155' title='bbox 1973 1388 2076 1434; x_wconf 72' lang='lat' dir='ltr'><strong>2st:</strong></span> <span class='ocrx_word' id='word_1_156' title='bbox 2114 1397 2132 1430; x_wconf 74' lang='grc' dir='ltr'><strong>ι</strong></span> <span class='ocrx_word' id='word_1_157' title='bbox 2165 1378 2304 1432; x_wconf 88' lang='lat' dir='ltr'><strong>Ecce</strong></span> <span class='ocrx_word' id='word_1_158' title='bbox 2335 1379 2477 1432; x_wconf 91' lang='lat' dir='ltr'><strong>sicut</strong></span> <span class='ocrx_word' id='word_1_159' title='bbox 2506 1376 2756 1431; x_wconf 87' lang='lat' dir='ltr'><strong>homines</strong></span> <span class='ocrx_word' id='word_1_160' title='bbox 2786 1373 3091 1439; x_wconf 91' lang='lat' dir='ltr'><strong>morimini,</strong></span> <span class='ocrx_word' id='word_1_161' title='bbox 3127 1381 3183 1427; x_wconf 92' lang='lat' dir='ltr'><strong>et</strong></span> <span class='ocrx_word' id='word_1_162' title='bbox 3219 1373 3360 1426; x_wconf 91' lang='lat' dir='ltr'><strong>sicut</strong></span> <span class='ocrx_word' id='word_1_163' title='bbox 3393 1387 3534 1426; x_wconf 90' lang='lat' dir='ltr'><strong>unus</strong></span> 
     </span>
    </p>
   </div>
   <div class='ocr_carea' id='block_1_22' title="bbox 233 1465 1794 1542">
    <p class='ocr_par' dir='ltr' id='par_1_22' title="bbox 233 1465 1792 1541">
     <span class='ocr_line' id='line_1_22' title="bbox 233 1465 1792 1541; baseline 0 -21"><span class='ocrx_word' id='word_1_164' title='bbox 233 1470 312 1532; x_wconf 77' lang='grc' dir='ltr'><strong>ὡς</strong></span> <span class='ocrx_word' id='word_1_165' title='bbox 357 1465 446 1532; x_wconf 80' lang='grc' dir='ltr'><strong>εἷς</strong></span> <span class='ocrx_word' id='word_1_166' title='bbox 489 1469 603 1522; x_wconf 84' lang='grc' dir='ltr'><strong>τῶν</strong></span> <span class='ocrx_word' id='word_1_167' title='bbox 649 1469 929 1540; x_wconf 80' lang='grc' dir='ltr'><strong>ἀρχόντων</strong></span> <span class='ocrx_word' id='word_1_168' title='bbox 979 1470 1225 1522; x_wconf 59' lang='grc' dir='ltr'><strong>πίπτετε</strong></span> <span class='ocrx_word' id='word_1_169' title='bbox 1280 1488 1312 1521; x_wconf 54' lang='grc'><strong>›’</strong></span> <span class='ocrx_word' id='word_1_170' title='bbox 1349 1469 1439 1522; x_wconf 83' lang='grc' dir='ltr'><strong>ἵνα</strong></span> <span class='ocrx_word' id='word_1_171' title='bbox 1493 1467 1710 1541; x_wconf 83' lang='grc' dir='ltr'><strong>δηλώσῃ</strong></span> <span class='ocrx_word' id='word_1_172' title='bbox 1758 1486 1792 1521; x_wconf 87' lang='grc' dir='ltr'><strong>κ</strong></span> 
     </span>
    </p>
   </div>
   <div class='ocr_carea' id='block_1_23' title="bbox 1974 1465 3535 1542">
    <p class='ocr_par' dir='ltr' id='par_1_23' title="bbox 1974 1466 3535 1542">
     <span class='ocr_line' id='line_1_23' title="bbox 1974 1466 3535 1542; baseline -0.005 -16"><span class='ocrx_word' id='word_1_173' title='bbox 1974 1474 2020 1528; x_wconf 90' lang='lat' dir='ltr'><strong>le</strong></span> <span class='ocrx_word' id='word_1_174' title='bbox 2075 1471 2413 1542; x_wconf 88' lang='lat' dir='ltr'><strong>principibus</strong></span> <span class='ocrx_word' id='word_1_175' title='bbox 2459 1472 2693 1534; x_wconf 87' lang='lat' dir='ltr'><strong>caditis;</strong></span> <span class='ocrx_word' id='word_1_176' title='bbox 2727 1488 2745 1521; x_wconf 75' lang='grc' dir='ltr'><strong>ι</strong></span> <span class='ocrx_word' id='word_1_177' title='bbox 2783 1479 2844 1523; x_wconf 85' lang='grc' dir='ltr'><strong>ιιι</strong></span> <span class='ocrx_word' id='word_1_178' title='bbox 2888 1468 3312 1522; x_wconf 88' lang='lat' dir='ltr'><strong>inobedientiam</strong></span> <span class='ocrx_word' id='word_1_179' title='bbox 3357 1466 3535 1520; x_wconf 87' lang='lat' dir='ltr'><strong>homi-</strong></span> 
     </span>
    </p>
   </div>
   <div class='ocr_carea' id='block_1_24' title="bbox 232 1558 1793 1634">
    <p class='ocr_par' dir='ltr' id='par_1_24' title="bbox 232 1561 1793 1634">
     <span class='ocr_line' id='line_1_24' title="bbox 232 1561 1793 1634; baseline 0.001 -21"><span class='ocrx_word' id='word_1_180' title='bbox 232 1562 334 1632; x_wconf 73' lang='grc' dir='ltr'><strong>τὴν</strong></span> <span class='ocrx_word' id='word_1_181' title='bbox 385 1563 683 1634; x_wconf 80' lang='grc' dir='ltr'>παρακοὴν</span> <span class='ocrx_word' id='word_1_182' title='bbox 714 1562 824 1615; x_wconf 82' lang='grc' dir='ltr'>τῶν</span> <span class='ocrx_word' id='word_1_183' title='bbox 863 1561 1191 1632; x_wconf 85' lang='grc' dir='ltr'>ἀνθρώπων,</span> <span class='ocrx_word' id='word_1_184' title='bbox 1223 1561 1318 1615; x_wconf 80' lang='grc' dir='ltr'><strong>τοῦ</strong></span> <span class='ocrx_word' id='word_1_185' title='bbox 1367 1561 1538 1632; x_wconf 82' lang='grc' dir='ltr'>Ἀδὰμ</span> <span class='ocrx_word' id='word_1_186' title='bbox 1573 1561 1717 1630; x_wconf 83' lang='grc' dir='ltr'>λέγω</span> <span class='ocrx_word' id='word_1_187' title='bbox 1759 1579 1793 1614; x_wconf 87' lang='grc' dir='ltr'><strong>κ</strong></span> 
     </span>
    </p>
   </div>
   <div class='ocr_carea' id='block_1_25' title="bbox 1976 1558 3537 1634">
    <p class='ocr_par' dir='ltr' id='par_1_25' title="bbox 1978 1558 3537 1628">
     <span class='ocr_line' id='line_1_25' title="bbox 1978 1558 3537 1628; baseline -0.004 -12"><span class='ocrx_word' id='word_1_188' title='bbox 1978 1579 2086 1617; x_wconf 85' lang='lat' dir='ltr'><strong>tum</strong></span> <span class='ocrx_word' id='word_1_189' title='bbox 2127 1561 2392 1628; x_wconf 88' lang='lat' dir='ltr'><strong>declaret,</strong></span> <span class='ocrx_word' id='word_1_190' title='bbox 2433 1562 2484 1616; x_wconf 93' lang='lat' dir='ltr'><strong>id</strong></span> <span class='ocrx_word' id='word_1_191' title='bbox 2517 1570 2610 1615; x_wconf 85' lang='lat' dir='ltr'><strong>est</strong></span> <span class='ocrx_word' id='word_1_192' title='bbox 2647 1560 2776 1614; x_wconf 71' lang='lat' dir='ltr'><strong>A‘dze</strong></span> <span class='ocrx_word' id='word_1_193' title='bbox 2810 1570 2862 1613; x_wconf 90' lang='lat' dir='ltr'><strong>et</strong></span> <span class='ocrx_word' id='word_1_194' title='bbox 2895 1559 3039 1624; x_wconf 70' lang='lat' dir='ltr'><strong>Evze,</strong></span> <span class='ocrx_word' id='word_1_195' title='bbox 3075 1568 3130 1612; x_wconf 90' lang='lat' dir='ltr'><strong>et</strong></span> <span class='ocrx_word' id='word_1_196' title='bbox 3157 1573 3343 1612; x_wconf 89' lang='lat' dir='ltr'><strong>casum</strong></span> <span class='ocrx_word' id='word_1_197' title='bbox 3373 1558 3537 1610; x_wconf 91' lang='lat' dir='ltr'><strong>unius</strong></span> 
     </span>
    </p>
   </div>
   <div class='ocr_carea' id='block_1_26' title="bbox 230 1650 1791 1726">
    <p class='ocr_par' dir='ltr' id='par_1_26' title="bbox 230 1653 1791 1725">
     <span class='ocr_line' id='line_1_26' title="bbox 230 1653 1791 1725; baseline 0 -19"><span class='ocrx_word' id='word_1_198' title='bbox 230 1653 335 1723; x_wconf 66' lang='grc' dir='ltr'><strong>τῆς</strong></span> <span class='ocrx_word' id='word_1_199' title='bbox 368 1653 522 1714; x_wconf 71' lang='grc' dir='ltr'><strong>Εὔας</strong></span> <span class='ocrx_word' id='word_1_200' title='bbox 543 1694 558 1715; x_wconf 90' lang='grc'><em>,</em></span> <span class='ocrx_word' id='word_1_201' title='bbox 593 1656 689 1707; x_wconf 73' lang='grc' dir='ltr'><strong>καὶ</strong></span> <span class='ocrx_word' id='word_1_202' title='bbox 720 1655 823 1723; x_wconf 80' lang='grc' dir='ltr'><strong>τὴν</strong></span> <span class='ocrx_word' id='word_1_203' title='bbox 855 1654 1060 1708; x_wconf 84' lang='grc' dir='ltr'>πτῶσιν</span> <span class='ocrx_word' id='word_1_204' title='bbox 1087 1654 1182 1708; x_wconf 81' lang='grc' dir='ltr'><strong>τοῦ</strong></span> <span class='ocrx_word' id='word_1_205' title='bbox 1230 1654 1352 1717; x_wconf 80' lang='grc' dir='ltr'>ἐνὸς</span> <span class='ocrx_word' id='word_1_206' title='bbox 1393 1653 1501 1706; x_wconf 82' lang='grc' dir='ltr'>τῶν</span> <span class='ocrx_word' id='word_1_207' title='bbox 1535 1653 1791 1725; x_wconf 62' lang='grc' dir='ltr'>ἀρχόντωπ</span> 
     </span>
    </p>
   </div>
   <div class='ocr_carea' id='block_1_27' title="bbox 1972 1650 3533 1726">
    <p class='ocr_par' dir='ltr' id='par_1_27' title="bbox 1972 1650 3533 1726">
     <span class='ocr_line' id='line_1_27' title="bbox 1972 1650 3533 1726; baseline -0.006 -16"><span class='ocrx_word' id='word_1_208' title='bbox 1972 1670 2016 1710; x_wconf 75' lang='lat' dir='ltr'><strong>:x</strong></span> <span class='ocrx_word' id='word_1_209' title='bbox 2053 1655 2415 1726; x_wconf 86' lang='lat' dir='ltr'><strong>principibus,</strong></span> <span class='ocrx_word' id='word_1_210' title='bbox 2450 1655 2501 1707; x_wconf 90' lang='lat' dir='ltr'><strong>id</strong></span> <span class='ocrx_word' id='word_1_211' title='bbox 2533 1663 2619 1707; x_wconf 81' lang='lat' dir='ltr'><strong>est</strong></span> <span class='ocrx_word' id='word_1_212' title='bbox 2657 1653 2802 1706; x_wconf 85' lang='lat' dir='ltr'><strong>illius</strong></span> <span class='ocrx_word' id='word_1_213' title='bbox 2844 1651 2934 1721; x_wconf 86' lang='lat' dir='ltr'><strong>qui</strong></span> <span class='ocrx_word' id='word_1_214' title='bbox 2978 1666 3206 1719; x_wconf 82' lang='lat' dir='ltr'><strong>serpens</strong></span> <span class='ocrx_word' id='word_1_215' title='bbox 3232 1650 3405 1704; x_wconf 90' lang='lat' dir='ltr'><strong>dictus</strong></span> <span class='ocrx_word' id='word_1_216' title='bbox 3427 1659 3533 1714; x_wconf 83' lang='lat' dir='ltr'><strong>est,</strong></span> 
     </span>
    </p>
   </div>
   <div class='ocr_carea' id='block_1_28' title="bbox 228 1740 1789 1816">
    <p class='ocr_par' dir='ltr' id='par_1_28' title="bbox 228 1745 1788 1816">
     <span class='ocr_line' id='line_1_28' title="bbox 228 1745 1788 1816; baseline 0 -19"><span class='ocrx_word' id='word_1_217' title='bbox 228 1746 490 1798; x_wconf 66' lang='grc' dir='ltr'><strong>τουτέστι</strong></span> <span class='ocrx_word' id='word_1_218' title='bbox 549 1745 646 1798; x_wconf 75' lang='grc' dir='ltr'><strong>τοῦ</strong></span> <span class='ocrx_word' id='word_1_219' title='bbox 694 1745 1034 1816; x_wconf 81' lang='grc' dir='ltr'><strong>κεκλημένου</strong></span> <span class='ocrx_word' id='word_1_220' title='bbox 1081 1747 1289 1799; x_wconf 78' lang='grc' dir='ltr'>ἐκείνου</span> <span class='ocrx_word' id='word_1_221' title='bbox 1337 1745 1515 1814; x_wconf 79' lang='grc' dir='ltr'><strong>ὄφεως</strong></span> <span class='ocrx_word' id='word_1_222' title='bbox 1539 1785 1554 1810; x_wconf 88' lang='grc'>,</span> <span class='ocrx_word' id='word_1_223' title='bbox 1592 1745 1788 1798; x_wconf 87' lang='grc' dir='ltr'>πεσόντ</span> 
     </span>
    </p>
   </div>
   <div class='ocr_carea' id='block_1_29' title="bbox 1972 1740 3533 1816">
    <p class='ocr_par' dir='ltr' id='par_1_29' title="bbox 1972 1740 3533 1816">
     <span class='ocr_line' id='line_1_29' title="bbox 1972 1740 3533 1816; baseline -0.005 -16"><span class='ocrx_word' id='word_1_224' title='bbox 1972 1763 2017 1802; x_wconf 81' lang='lat' dir='ltr'><strong>tc</strong></span> <span class='ocrx_word' id='word_1_225' title='bbox 2041 1762 2238 1816; x_wconf 83' lang='lat' dir='ltr'><strong>magno</strong></span> <span class='ocrx_word' id='word_1_226' title='bbox 2275 1761 2404 1800; x_wconf 90' lang='lat' dir='ltr'><strong>casu</strong></span> <span class='ocrx_word' id='word_1_227' title='bbox 2430 1745 2687 1808; x_wconf 83' lang='lat' dir='ltr'><strong>concidit,</strong></span> <span class='ocrx_word' id='word_1_228' title='bbox 2718 1758 2782 1796; x_wconf 89' lang='lat' dir='ltr'><strong>eo</strong></span> <span class='ocrx_word' id='word_1_229' title='bbox 2811 1743 2954 1812; x_wconf 87' lang='lat' dir='ltr'><strong>quod</strong></span> <span class='ocrx_word' id='word_1_230' title='bbox 2998 1742 3165 1794; x_wconf 85' lang='lat' dir='ltr'><strong>Evam</strong></span> <span class='ocrx_word' id='word_1_231' title='bbox 3211 1740 3533 1809; x_wconf 86' lang='lat' dir='ltr'><strong>decepisset.</strong></span> 
     </span>
    </p>
   </div>
   <div class='ocr_carea' id='block_1_30' title="bbox 229 1834 1790 1910">
    <p class='ocr_par' dir='ltr' id='par_1_30' title="bbox 229 1835 1790 1910">
     <span class='ocr_line' id='line_1_30' title="bbox 229 1835 1790 1910; baseline 0.001 -21"><span class='ocrx_word' id='word_1_232' title='bbox 229 1838 448 1891; x_wconf 78' lang='grc' dir='ltr'>πτῶσιν</span> <span class='ocrx_word' id='word_1_233' title='bbox 482 1838 734 1909; x_wconf 76' lang='grc' dir='ltr'>μεγάλην</span> <span class='ocrx_word' id='word_1_234' title='bbox 755 1878 770 1902; x_wconf 90' lang='grc'><em>,</em></span> <span class='ocrx_word' id='word_1_235' title='bbox 804 1837 893 1890; x_wconf 82' lang='grc' dir='ltr'>διὰ</span> <span class='ocrx_word' id='word_1_236' title='bbox 917 1837 978 1890; x_wconf 87' lang='grc' dir='ltr'><strong>τὸ</strong></span> <span class='ocrx_word' id='word_1_237' title='bbox 1008 1838 1392 1908; x_wconf 79' lang='grc' dir='ltr'>ἀποπλανῆσαι</span> <span class='ocrx_word' id='word_1_238' title='bbox 1413 1839 1513 1910; x_wconf 82' lang='grc' dir='ltr'>τὴν</span> <span class='ocrx_word' id='word_1_239' title='bbox 1543 1835 1689 1890; x_wconf 78' lang='grc' dir='ltr'>Εὔαν</span> <span class='ocrx_word' id='word_1_240' title='bbox 1713 1836 1790 1906; x_wconf 69' lang='grc' dir='ltr'><strong>(σε</strong></span> 
     </span>
    </p>
   </div>
   <div class='ocr_carea' id='block_1_31' title="bbox 1976 1834 3537 1910">
    <p class='ocr_par' dir='ltr' id='par_1_31' title="bbox 1976 1834 3537 1908">
     <span class='ocr_line' id='line_1_31' title="bbox 1976 1834 3537 1908; baseline -0.007 -12"><span class='ocrx_word' id='word_1_241' title='bbox 1976 1840 2060 1896; x_wconf 76' lang='lat' dir='ltr'><strong>ied</strong></span> <span class='ocrx_word' id='word_1_242' title='bbox 2106 1841 2233 1908; x_wconf 90' lang='lat' dir='ltr'><strong>quia</strong></span> <span class='ocrx_word' id='word_1_243' title='bbox 2266 1853 2375 1892; x_wconf 88' lang='lat' dir='ltr'><strong>non</strong></span> <span class='ocrx_word' id='word_1_244' title='bbox 2411 1838 2462 1892; x_wconf 91' lang='lat' dir='ltr'><strong>in</strong></span> <span class='ocrx_word' id='word_1_245' title='bbox 2496 1837 2641 1891; x_wconf 92' lang='lat' dir='ltr'><strong>hunc</strong></span> <span class='ocrx_word' id='word_1_246' title='bbox 2673 1851 2833 1890; x_wconf 90' lang='lat' dir='ltr'><strong>usum</strong></span> <span class='ocrx_word' id='word_1_247' title='bbox 2878 1834 3043 1888; x_wconf 89' lang='lat' dir='ltr'><strong>verba</strong></span> <span class='ocrx_word' id='word_1_248' title='bbox 3083 1834 3172 1888; x_wconf 87' lang='lat' dir='ltr'><strong>illa</strong></span> <span class='ocrx_word' id='word_1_249' title='bbox 3223 1848 3365 1887; x_wconf 89' lang='lat' dir='ltr'><strong>nunc</strong></span> <span class='ocrx_word' id='word_1_250' title='bbox 3411 1848 3537 1900; x_wconf 84' lang='lat' dir='ltr'><strong>pro-</strong></span> 
     </span>
    </p>
   </div>
   <div class='ocr_carea' id='block_1_32' title="bbox 245 1923 1806 2002">
    <p class='ocr_par' dir='ltr' id='par_1_32' title="bbox 245 1929 1802 2002">
     <span class='ocr_line' id='line_1_32' title="bbox 245 1929 1802 2002; baseline 0 -19"><span class='ocrx_word' id='word_1_251' title='bbox 245 1931 388 1983; x_wconf 72' lang='lat' dir='ltr'><strong>&#39;m&#39;</strong></span> <span class='ocrx_word' id='word_1_252' title='bbox 417 1930 616 2002; x_wconf 76' lang='grc' dir='ltr'>ἐπειδὴ</span> <span class='ocrx_word' id='word_1_253' title='bbox 647 1931 710 1983; x_wconf 79' lang='grc' dir='ltr'>οὐ</span> <span class='ocrx_word' id='word_1_254' title='bbox 746 1931 884 2002; x_wconf 77' lang='grc' dir='ltr'>πρὸς</span> <span class='ocrx_word' id='word_1_255' title='bbox 910 1929 1068 1983; x_wconf 79' lang='grc' dir='ltr'><strong>τοῦτό</strong></span> <span class='ocrx_word' id='word_1_256' title='bbox 1104 1948 1193 2002; x_wconf 87' lang='grc' dir='ltr'><strong>μοι</strong></span> <span class='ocrx_word' id='word_1_257' title='bbox 1221 1930 1330 1984; x_wconf 79' lang='grc' dir='ltr'>νῦν</span> <span class='ocrx_word' id='word_1_258' title='bbox 1348 1933 1376 1984; x_wconf 90' lang='lat'><strong>6</strong></span> <span class='ocrx_word' id='word_1_259' title='bbox 1396 1931 1554 1998; x_wconf 68' lang='grc' dir='ltr'>λόγος</span> <span class='ocrx_word' id='word_1_260' title='bbox 1572 1929 1802 1983; x_wconf 86' lang='grc' dir='ltr'>λέλεκτα</span> 
     </span>
    </p>
   </div>
   <div class='ocr_carea' id='block_1_33' title="bbox 1972 1923 3533 2002">
    <p class='ocr_par' dir='ltr' id='par_1_33' title="bbox 1972 1923 3533 1996">
     <span class='ocr_line' id='line_1_33' title="bbox 1972 1923 3533 1996; baseline -0.006 -12"><span class='ocrx_word' id='word_1_261' title='bbox 1972 1930 2095 1996; x_wconf 86' lang='lat' dir='ltr'><strong>&#39;ero,</strong></span> <span class='ocrx_word' id='word_1_262' title='bbox 2130 1931 2225 1984; x_wconf 90' lang='lat' dir='ltr'><strong>sed</strong></span> <span class='ocrx_word' id='word_1_263' title='bbox 2273 1939 2342 1982; x_wconf 82' lang='lat' dir='ltr'><strong>nt‘</strong></span> <span class='ocrx_word' id='word_1_264' title='bbox 2369 1927 2526 1983; x_wconf 89' lang='lat' dir='ltr'><strong>vobis</strong></span> <span class='ocrx_word' id='word_1_265' title='bbox 2564 1929 2934 1981; x_wconf 88' lang='lat' dir='ltr'><strong>demonstrem</strong></span> <span class='ocrx_word' id='word_1_266' title='bbox 2970 1923 3235 1995; x_wconf 88' lang='lat' dir='ltr'><strong>Spiritum</strong></span> <span class='ocrx_word' id='word_1_267' title='bbox 3282 1934 3533 1978; x_wconf 86' lang='lat' dir='ltr'><strong>sanctum</strong></span> 
     </span>
    </p>
   </div>
   <div class='ocr_carea' id='block_1_34' title="bbox 229 2015 1790 2094">
    <p class='ocr_par' dir='ltr' id='par_1_34' title="bbox 229 2021 1788 2094">
     <span class='ocr_line' id='line_1_34' title="bbox 229 2021 1788 2094; baseline -0.003 -16"><span class='ocrx_word' id='word_1_268' title='bbox 229 2026 371 2078; x_wconf 71' lang='grc' dir='ltr'>ἀλλὰ</span> <span class='ocrx_word' id='word_1_269' title='bbox 405 2025 550 2094; x_wconf 79' lang='grc' dir='ltr'>πρὸς</span> <span class='ocrx_word' id='word_1_270' title='bbox 570 2024 632 2076; x_wconf 86' lang='grc' dir='ltr'><strong>τὸ</strong></span> <span class='ocrx_word' id='word_1_271' title='bbox 655 2023 936 2086; x_wconf 85' lang='grc' dir='ltr'>ἀποδεῖξαι</span> <span class='ocrx_word' id='word_1_272' title='bbox 967 2023 1117 2094; x_wconf 84' lang='grc' dir='ltr'>ὑμῖν,</span> <span class='ocrx_word' id='word_1_273' title='bbox 1152 2025 1234 2076; x_wconf 78' lang='grc' dir='ltr'><strong>ὅτι</strong></span> <span class='ocrx_word' id='word_1_274' title='bbox 1266 2023 1328 2076; x_wconf 83' lang='grc' dir='ltr'><strong>τὸ</strong></span> <span class='ocrx_word' id='word_1_275' title='bbox 1358 2022 1585 2093; x_wconf 81' lang='grc' dir='ltr'>Πνεῦμα</span> <span class='ocrx_word' id='word_1_276' title='bbox 1613 2022 1674 2074; x_wconf 82' lang='grc' dir='ltr'><strong>τὸ</strong></span> <span class='ocrx_word' id='word_1_277' title='bbox 1696 2021 1788 2090; x_wconf 82' lang='grc' dir='ltr'><strong>ἆγι</strong></span> 
     </span>
    </p>
   </div>
   <div class='ocr_carea' id='block_1_35' title="bbox 1973 2015 3534 2094">
    <p class='ocr_par' dir='ltr' id='par_1_35' title="bbox 1973 2015 3534 2092">
     <span class='ocr_line' id='line_1_35' title="bbox 1973 2015 3534 2092; baseline -0.004 -16"><span class='ocrx_word' id='word_1_278' title='bbox 1973 2023 2286 2092; x_wconf 67' lang='lat' dir='ltr'><strong>exprobrare</strong></span> <span class='ocrx_word' id='word_1_279' title='bbox 2316 2019 2625 2075; x_wconf 87' lang='lat' dir='ltr'><strong>hominibus</strong></span> <span class='ocrx_word' id='word_1_280' title='bbox 2657 2018 2823 2086; x_wconf 86' lang='lat' dir='ltr'><strong>quod,</strong></span> <span class='ocrx_word' id='word_1_281' title='bbox 2871 2031 2992 2071; x_wconf 92' lang='lat' dir='ltr'><strong>cunt</strong></span> <span class='ocrx_word' id='word_1_282' title='bbox 3040 2017 3113 2070; x_wconf 93' lang='lat' dir='ltr'><strong>ita</strong></span> <span class='ocrx_word' id='word_1_283' title='bbox 3149 2015 3277 2070; x_wconf 78' lang='lat' dir='ltr'><strong>facti</strong></span> <span class='ocrx_word' id='word_1_284' title='bbox 3325 2017 3436 2069; x_wconf 93' lang='lat' dir='ltr'><strong>sint</strong></span> <span class='ocrx_word' id='word_1_285' title='bbox 3475 2025 3534 2069; x_wconf 86' lang='lat' dir='ltr'><strong>ut</strong></span> 
     </span>
    </p>
   </div>
   <div class='ocr_carea' id='block_1_36' title="bbox 228 2107 1789 2187">
    <p class='ocr_par' dir='ltr' id='par_1_36' title="bbox 228 2113 1789 2187">
     <span class='ocr_line' id='line_1_36' title="bbox 228 2113 1789 2187; baseline -0.003 -17"><span class='ocrx_word' id='word_1_286' title='bbox 228 2115 486 2181; x_wconf 80' lang='grc' dir='ltr'><strong>ὀνειὸξζει</strong></span> <span class='ocrx_word' id='word_1_287' title='bbox 517 2116 650 2178; x_wconf 77' lang='grc' dir='ltr'><strong>τοὺς</strong></span> <span class='ocrx_word' id='word_1_288' title='bbox 673 2114 997 2187; x_wconf 76' lang='grc' dir='ltr'>ἀνθρώπους</span> <span class='ocrx_word' id='word_1_289' title='bbox 1016 2156 1031 2179; x_wconf 90' lang='grc'>,</span> <span class='ocrx_word' id='word_1_290' title='bbox 1061 2117 1186 2179; x_wconf 87' lang='grc' dir='ltr'><strong>τοὺς</strong></span> <span class='ocrx_word' id='word_1_291' title='bbox 1215 2115 1309 2168; x_wconf 78' lang='grc' dir='ltr'><strong>καὶ</strong></span> <span class='ocrx_word' id='word_1_292' title='bbox 1337 2114 1456 2185; x_wconf 85' lang='grc' dir='ltr'><strong>Θεῷ</strong></span> <span class='ocrx_word' id='word_1_293' title='bbox 1485 2113 1688 2185; x_wconf 86' lang='grc' dir='ltr'>ὁμοίως</span> <span class='ocrx_word' id='word_1_294' title='bbox 1708 2113 1789 2166; x_wconf 84' lang='grc' dir='ltr'><strong>ἀπ</strong></span> 
     </span>
    </p>
   </div>
   <div class='ocr_carea' id='block_1_37' title="bbox 1972 2107 3533 2187">
    <p class='ocr_par' dir='ltr' id='par_1_37' title="bbox 1972 2107 3533 2182">
     <span class='ocr_line' id='line_1_37' title="bbox 1972 2107 3533 2182; baseline -0.006 -14"><span class='ocrx_word' id='word_1_295' title='bbox 1972 2117 2064 2170; x_wconf 87' lang='lat' dir='ltr'><strong>)eo</strong></span> <span class='ocrx_word' id='word_1_296' title='bbox 2096 2113 2302 2169; x_wconf 87' lang='lat' dir='ltr'><strong>similes</strong></span> <span class='ocrx_word' id='word_1_297' title='bbox 2333 2127 2399 2166; x_wconf 85' lang='lat' dir='ltr'><strong>ac</strong></span> <span class='ocrx_word' id='word_1_298' title='bbox 2434 2110 2810 2182; x_wconf 88' lang='lat' dir='ltr'><strong>perpessionis</strong></span> <span class='ocrx_word' id='word_1_299' title='bbox 2842 2119 2896 2163; x_wconf 89' lang='lat' dir='ltr'><strong>ct</strong></span> <span class='ocrx_word' id='word_1_300' title='bbox 2940 2109 3132 2164; x_wconf 89' lang='lat' dir='ltr'><strong>mortis</strong></span> <span class='ocrx_word' id='word_1_301' title='bbox 3170 2119 3443 2176; x_wconf 79' lang='lat' dir='ltr'><strong>expertes,</strong></span> <span class='ocrx_word' id='word_1_302' title='bbox 3489 2107 3533 2160; x_wconf 91' lang='lat' dir='ltr'><strong>si</strong></span> 
     </span>
    </p>
   </div>
   <div class='ocr_carea' id='block_1_38' title="bbox 230 2201 1791 2278">
    <p class='ocr_par' dir='ltr' id='par_1_38' title="bbox 230 2207 1791 2278">
     <span class='ocr_line' id='line_1_38' title="bbox 230 2207 1791 2278; baseline -0.002 -15"><span class='ocrx_word' id='word_1_303' title='bbox 230 2210 347 2274; x_wconf 83' lang='grc' dir='ltr'><strong>θεῖς</strong></span> <span class='ocrx_word' id='word_1_304' title='bbox 396 2210 494 2263; x_wconf 79' lang='grc' dir='ltr'>καὶ</span> <span class='ocrx_word' id='word_1_305' title='bbox 545 2207 881 2274; x_wconf 81' lang='grc' dir='ltr'><strong>ἀθανάτους,</strong></span> <span class='ocrx_word' id='word_1_306' title='bbox 914 2207 1009 2260; x_wconf 83' lang='grc' dir='ltr'><strong>ὲάν</strong></span> <span class='ocrx_word' id='word_1_307' title='bbox 1050 2207 1325 2276; x_wconf 82' lang='grc' dir='ltr'>φυλάξωσι</span> <span class='ocrx_word' id='word_1_308' title='bbox 1351 2207 1420 2260; x_wconf 82' lang='grc' dir='ltr'><strong>τὰ</strong></span> <span class='ocrx_word' id='word_1_309' title='bbox 1452 2207 1791 2278; x_wconf 66' lang='grc' dir='ltr'>προστάγμαί</span> 
     </span>
    </p>
   </div>
   <div class='ocr_carea' id='block_1_39' title="bbox 1976 2201 3537 2278">
    <p class='ocr_par' dir='ltr' id='par_1_39' title="bbox 1976 2201 3537 2275">
     <span class='ocr_line' id='line_1_39' title="bbox 1976 2201 3537 2275; baseline -0.004 -15"><span class='ocrx_word' id='word_1_310' title='bbox 1976 2207 2206 2261; x_wconf 88' lang='lat' dir='ltr'><strong>nandata</strong></span> <span class='ocrx_word' id='word_1_311' title='bbox 2243 2207 2363 2275; x_wconf 87' lang='lat' dir='ltr'><strong>ejus</strong></span> <span class='ocrx_word' id='word_1_312' title='bbox 2396 2215 2647 2269; x_wconf 85' lang='lat' dir='ltr'><strong>servent,</strong></span> <span class='ocrx_word' id='word_1_313' title='bbox 2682 2205 2850 2257; x_wconf 76' lang='lat' dir='ltr'><strong>futuri</strong></span> <span class='ocrx_word' id='word_1_314' title='bbox 2886 2203 3020 2269; x_wconf 84' lang='lat' dir='ltr'><strong>sint,</strong></span> <span class='ocrx_word' id='word_1_315' title='bbox 3053 2217 3288 2271; x_wconf 88' lang='lat' dir='ltr'><strong>cumque</strong></span> <span class='ocrx_word' id='word_1_316' title='bbox 3326 2215 3392 2254; x_wconf 91' lang='lat' dir='ltr'><strong>eo</strong></span> <span class='ocrx_word' id='word_1_317' title='bbox 3441 2201 3537 2254; x_wconf 88' lang='lat' dir='ltr'><strong>ho-</strong></span> 
     </span>
    </p>
   </div>
   <div class='ocr_carea' id='block_1_40' title="bbox 226 2281 1787 2372">
    <p class='ocr_par' dir='ltr' id='par_1_40' title="bbox 226 2281 1784 2372">
     <span class='ocr_line' id='line_1_40' title="bbox 226 2281 1784 2372; baseline -0.004 -14"><span class='ocrx_word' id='word_1_318' title='bbox 428 2344 444 2367; x_wconf 94' lang='lat'><strong>,</strong></span> <span class='ocrx_word' id='word_1_319' title='bbox 479 2301 891 2372; x_wconf 78' lang='grc' dir='ltr'><strong>γεγενημένους</strong></span> <span class='ocrx_word' id='word_1_320' title='bbox 913 2342 928 2366; x_wconf 90' lang='grc'><strong>,</strong></span> <span class='ocrx_word' id='word_1_321' title='bbox 965 2301 1058 2354; x_wconf 76' lang='lat' dir='ltr'><strong>xai</strong></span> <span class='ocrx_word' id='word_1_322' title='bbox 1083 2299 1530 2371; x_wconf 78' lang='grc' dir='ltr'>κατηξιωμένους</span> <span class='ocrx_word' id='word_1_323' title='bbox 1563 2299 1654 2352; x_wconf 86' lang='grc' dir='ltr'>ὑπ’</span> <span class='ocrx_word' id='word_1_324' title='bbox 1684 2299 1784 2353; x_wconf 77' lang='grc' dir='ltr'>αὐτ</span> 
     </span>
    </p>
   </div>
   <div class='ocr_carea' id='block_1_41' title="bbox 1976 2281 3537 2372">
    <p class='ocr_par' dir='ltr' id='par_1_41' title="bbox 1976 2290 3537 2367">
     <span class='ocr_line' id='line_1_41' title="bbox 1976 2290 3537 2367; baseline -0.005 -15"><span class='ocrx_word' id='word_1_325' title='bbox 1976 2313 2085 2353; x_wconf 85' lang='lat' dir='ltr'><strong>tore</strong></span> <span class='ocrx_word' id='word_1_326' title='bbox 2110 2297 2220 2352; x_wconf 87' lang='lat' dir='ltr'><strong>sint</strong></span> <span class='ocrx_word' id='word_1_327' title='bbox 2243 2297 2448 2367; x_wconf 83' lang='lat' dir='ltr'><strong>dignati</strong></span> <span class='ocrx_word' id='word_1_328' title='bbox 2491 2306 2548 2351; x_wconf 85' lang='grc' dir='ltr'><strong>ιιι</strong></span> <span class='ocrx_word' id='word_1_329' title='bbox 2588 2297 2706 2366; x_wconf 89' lang='lat' dir='ltr'><strong>ejus</strong></span> <span class='ocrx_word' id='word_1_330' title='bbox 2736 2296 2828 2348; x_wconf 85' lang='lat' dir='ltr'><strong>lilii</strong></span> <span class='ocrx_word' id='word_1_331' title='bbox 2860 2302 3147 2356; x_wconf 73' lang='lat' dir='ltr'><strong>vocentur,</strong></span> <span class='ocrx_word' id='word_1_332' title='bbox 3176 2291 3278 2360; x_wconf 88' lang='lat' dir='ltr'><strong>ipsi</strong></span> <span class='ocrx_word' id='word_1_333' title='bbox 3318 2290 3446 2343; x_wconf 68' lang='lat' dir='ltr'><strong>Adae</strong></span> <span class='ocrx_word' id='word_1_334' title='bbox 3481 2297 3537 2344; x_wconf 83' lang='lat' dir='ltr'><strong>et</strong></span> 
     </span>
    </p>
   </div>
   <div class='ocr_carea' id='block_1_42' title="bbox 225 2381 1786 2464">
    <p class='ocr_par' dir='ltr' id='par_1_42' title="bbox 225 2387 1786 2464">
     <span class='ocr_line' id='line_1_42' title="bbox 225 2387 1786 2464; baseline -0.004 -16"><span class='ocrx_word' id='word_1_335' title='bbox 225 2397 381 2458; x_wconf 76' lang='grc' dir='ltr'>υἱοὺς</span> <span class='ocrx_word' id='word_1_336' title='bbox 432 2392 609 2448; x_wconf 70' lang='grc' dir='ltr'>αὑτοῦ</span> <span class='ocrx_word' id='word_1_337' title='bbox 660 2393 946 2447; x_wconf 85' lang='grc' dir='ltr'>καλεῖσθαι</span> <span class='ocrx_word' id='word_1_338' title='bbox 970 2433 984 2456; x_wconf 88' lang='grc'><strong><em>,</em></strong></span> <span class='ocrx_word' id='word_1_339' title='bbox 1032 2394 1125 2446; x_wconf 85' lang='grc' dir='ltr'><strong>καὶ</strong></span> <span class='ocrx_word' id='word_1_340' title='bbox 1179 2387 1326 2446; x_wconf 75' lang='grc' dir='ltr'>οὗτοι</span> <span class='ocrx_word' id='word_1_341' title='bbox 1375 2393 1577 2463; x_wconf 87' lang='grc' dir='ltr'>ὁμοίως</span> <span class='ocrx_word' id='word_1_342' title='bbox 1613 2391 1725 2464; x_wconf 82' lang='grc'>(57)</span> <span class='ocrx_word' id='word_1_343' title='bbox 1773 2410 1786 2441; x_wconf 59' lang='grc' dir='ltr'><em>η</em></span> 
     </span>
    </p>
   </div>
   <div class='ocr_carea' id='block_1_43' title="bbox 1976 2381 3537 2464">
    <p class='ocr_par' dir='ltr' id='par_1_43' title="bbox 1976 2381 3537 2454">
     <span class='ocr_line' id='line_1_43' title="bbox 1976 2381 3537 2454; baseline -0.007 -9"><span class='ocrx_word' id='word_1_344' title='bbox 1976 2393 2080 2446; x_wconf 65' lang='lat' dir='ltr'><strong>Eva:</strong></span> <span class='ocrx_word' id='word_1_345' title='bbox 2113 2389 2402 2444; x_wconf 89' lang='lat' dir='ltr'><strong>assimilati</strong></span> <span class='ocrx_word' id='word_1_346' title='bbox 2438 2397 2670 2443; x_wconf 90' lang='lat' dir='ltr'><strong>morlem</strong></span> <span class='ocrx_word' id='word_1_347' title='bbox 2704 2387 2808 2441; x_wconf 88' lang='lat' dir='ltr'><strong>sibi</strong></span> <span class='ocrx_word' id='word_1_348' title='bbox 2841 2386 2944 2454; x_wconf 91' lang='lat' dir='ltr'><strong>ipsi</strong></span> <span class='ocrx_word' id='word_1_349' title='bbox 2973 2383 3304 2447; x_wconf 70' lang='lat' dir='ltr'><strong>conficiant;</strong></span> <span class='ocrx_word' id='word_1_350' title='bbox 3340 2381 3537 2436; x_wconf 90' lang='lat' dir='ltr'><strong>habeat</strong></span> 
     </span>
    </p>
   </div>
   <div class='ocr_carea' id='block_1_44' title="bbox 241 2473 1802 2557">
    <p class='ocr_par' dir='ltr' id='par_1_44' title="bbox 241 2484 1802 2557">
     <span class='ocr_line' id='line_1_44' title="bbox 241 2484 1802 2557; baseline -0.002 -17"><span class='ocrx_word' id='word_1_351' title='bbox 241 2486 417 2557; x_wconf 72' lang='grc' dir='ltr'>’Δᾰάμ</span> <span class='ocrx_word' id='word_1_352' title='bbox 463 2487 568 2539; x_wconf 76' lang='grc' dir='ltr'><strong>καὶ</strong></span> <span class='ocrx_word' id='word_1_353' title='bbox 610 2489 679 2557; x_wconf 77' lang='grc' dir='ltr'><strong>τῇ</strong></span> <span class='ocrx_word' id='word_1_354' title='bbox 723 2484 837 2557; x_wconf 71' lang='grc' dir='ltr'><strong>Εὔα</strong></span> <span class='ocrx_word' id='word_1_355' title='bbox 871 2485 1313 2556; x_wconf 80' lang='grc' dir='ltr'>ὲξομοιούμενοι,</span> <span class='ocrx_word' id='word_1_356' title='bbox 1359 2485 1588 2539; x_wconf 86' lang='grc' dir='ltr'>θάνατον</span> <span class='ocrx_word' id='word_1_357' title='bbox 1638 2487 1802 2538; x_wconf 82' lang='grc' dir='ltr'>ἑαυτο</span> 
     </span>
    </p>
   </div>
   <div class='ocr_carea' id='block_1_45' title="bbox 1976 2473 3537 2557">
    <p class='ocr_par' dir='ltr' id='par_1_45' title="bbox 1976 2473 3537 2549">
     <span class='ocr_line' id='line_1_45' title="bbox 1976 2473 3537 2549; baseline -0.004 -17"><span class='ocrx_word' id='word_1_358' title='bbox 1976 2499 2122 2547; x_wconf 84' lang='lat' dir='ltr'><strong>.ane,</strong></span> <span class='ocrx_word' id='word_1_359' title='bbox 2173 2491 2233 2536; x_wconf 88' lang='lat' dir='ltr'><strong>ul.</strong></span> <span class='ocrx_word' id='word_1_360' title='bbox 2279 2483 2483 2547; x_wconf 79' lang='lat' dir='ltr'><strong>vultis,</strong></span> <span class='ocrx_word' id='word_1_361' title='bbox 2521 2483 2686 2534; x_wconf 83' lang='lat' dir='ltr'><strong>etiam</strong></span> <span class='ocrx_word' id='word_1_362' title='bbox 2747 2478 2938 2549; x_wconf 86' lang='lat' dir='ltr'><strong>psalmi</strong></span> <span class='ocrx_word' id='word_1_363' title='bbox 2991 2476 3409 2546; x_wconf 76' lang='lat' dir='ltr'><strong>interpretatio;</strong></span> <span class='ocrx_word' id='word_1_364' title='bbox 3459 2473 3537 2526; x_wconf 92' lang='lat' dir='ltr'><strong>sic</strong></span> 
     </span>
    </p>
   </div>
   <div class='ocr_carea' id='block_1_46' title="bbox 229 2565 1790 2649">
    <p class='ocr_par' dir='ltr' id='par_1_46' title="bbox 229 2576 1790 2649">
     <span class='ocr_line' id='line_1_46' title="bbox 229 2576 1790 2649; baseline -0.001 -18"><span class='ocrx_word' id='word_1_365' title='bbox 229 2577 567 2649; x_wconf 67' lang='grc' dir='ltr'>ἐργάζονται</span> <span class='ocrx_word' id='word_1_366' title='bbox 590 2595 622 2607; x_wconf 60' lang='grc' dir='ltr'><strong>ι</strong></span> <span class='ocrx_word' id='word_1_367' title='bbox 644 2578 818 2648; x_wconf 77' lang='grc' dir='ltr'><strong>ὲχὲτω</strong></span> <span class='ocrx_word' id='word_1_368' title='bbox 847 2578 942 2631; x_wconf 79' lang='grc' dir='ltr'><strong>καὶ</strong></span> <span class='ocrx_word' id='word_1_369' title='bbox 986 2579 1019 2649; x_wconf 84' lang='grc' dir='ltr'><strong>ή</strong></span> <span class='ocrx_word' id='word_1_370' title='bbox 1055 2578 1320 2649; x_wconf 80' lang='grc' dir='ltr'>ἑρμηνεία</span> <span class='ocrx_word' id='word_1_371' title='bbox 1371 2576 1467 2630; x_wconf 83' lang='grc' dir='ltr'><strong>τοῦ</strong></span> <span class='ocrx_word' id='word_1_372' title='bbox 1499 2576 1718 2648; x_wconf 78' lang='grc' dir='ltr'>ψαλμοῦ</span> <span class='ocrx_word' id='word_1_373' title='bbox 1772 2580 1790 2629; x_wconf 66' lang='grc' dir='ltr'><strong>ι</strong></span> 
     </span>
    </p>
   </div>
   <div class='ocr_carea' id='block_1_47' title="bbox 1975 2565 3536 2649">
    <p class='ocr_par' dir='ltr' id='par_1_47' title="bbox 1976 2565 3536 2635">
     <span class='ocr_line' id='line_1_47' title="bbox 1976 2565 3536 2635; baseline -0.009 -4"><span class='ocrx_word' id='word_1_374' title='bbox 1976 2593 2136 2630; x_wconf 86' lang='lat' dir='ltr'><strong>amen</strong></span> <span class='ocrx_word' id='word_1_375' title='bbox 2168 2575 2447 2631; x_wconf 87' lang='lat' dir='ltr'><strong>constabit</strong></span> <span class='ocrx_word' id='word_1_376' title='bbox 2489 2574 2748 2628; x_wconf 90' lang='lat' dir='ltr'><strong>omnibus</strong></span> <span class='ocrx_word' id='word_1_377' title='bbox 2781 2586 3100 2627; x_wconf 83' lang='lat' dir='ltr'><strong>concessum</strong></span> <span class='ocrx_word' id='word_1_378' title='bbox 3147 2584 3289 2635; x_wconf 87' lang='lat' dir='ltr'><strong>esse,</strong></span> <span class='ocrx_word' id='word_1_379' title='bbox 3339 2579 3396 2621; x_wconf 86' lang='lat' dir='ltr'><strong>ut</strong></span> <span class='ocrx_word' id='word_1_380' title='bbox 3439 2565 3536 2630; x_wconf 90' lang='lat' dir='ltr'><strong>dii,</strong></span> 
     </span>
    </p>
   </div>
   <div class='ocr_carea' id='block_1_48' title="bbox 230 2666 1791 2740">
    <p class='ocr_par' dir='ltr' id='par_1_48' title="bbox 230 2669 1791 2740">
     <span class='ocr_line' id='line_1_48' title="bbox 230 2669 1791 2740; baseline -0.001 -17"><span class='ocrx_word' id='word_1_381' title='bbox 230 2671 491 2740; x_wconf 70' lang='grc' dir='ltr'>βούλεσθε</span> <span class='ocrx_word' id='word_1_382' title='bbox 517 2712 535 2736; x_wconf 87' lang='grc'><em>,</em></span> <span class='ocrx_word' id='word_1_383' title='bbox 594 2672 694 2724; x_wconf 75' lang='grc' dir='ltr'><strong>καὶ</strong></span> <span class='ocrx_word' id='word_1_384' title='bbox 741 2669 916 2734; x_wconf 73' lang='grc' dir='ltr'>οὕτως</span> <span class='ocrx_word' id='word_1_385' title='bbox 959 2671 1374 2734; x_wconf 74' lang='grc' dir='ltr'>ἀποδέδεικται,</span> <span class='ocrx_word' id='word_1_386' title='bbox 1409 2670 1634 2723; x_wconf 76' lang='grc' dir='ltr'>ὅτιθεοὶ</span> <span class='ocrx_word' id='word_1_387' title='bbox 1681 2686 1791 2722; x_wconf 67' lang='grc' dir='ltr'>κατ’</span> 
     </span>
    </p>
   </div>
   <div class='ocr_carea' id='block_1_49' title="bbox 1976 2666 3537 2740">
    <p class='ocr_par' dir='ltr' id='par_1_49' title="bbox 1976 2666 3537 2737">
     <span class='ocr_line' id='line_1_49' title="bbox 1976 2666 3537 2737; baseline -0.01 -10"><span class='ocrx_word' id='word_1_388' title='bbox 1976 2687 2014 2727; x_wconf 57' lang='lat' dir='ltr'><strong>:c</strong></span> <span class='ocrx_word' id='word_1_389' title='bbox 2056 2670 2150 2724; x_wconf 84' lang='lat' dir='ltr'><strong>ﬁlii</strong></span> <span class='ocrx_word' id='word_1_390' title='bbox 2186 2669 2453 2724; x_wconf 65' lang='lat' dir='ltr'><strong>Altissimi</strong></span> <span class='ocrx_word' id='word_1_391' title='bbox 2490 2668 2604 2722; x_wconf 77' lang='lat' dir='ltr'><strong>fieri</strong></span> <span class='ocrx_word' id='word_1_392' title='bbox 2639 2666 2868 2737; x_wconf 76' lang='lat' dir='ltr'><strong>possint,</strong></span> <span class='ocrx_word' id='word_1_393' title='bbox 2909 2678 2973 2719; x_wconf 89' lang='lat' dir='ltr'><strong>ac</strong></span> <span class='ocrx_word' id='word_1_394' title='bbox 3026 2677 3123 2732; x_wconf 90' lang='lat' dir='ltr'><strong>pro</strong></span> <span class='ocrx_word' id='word_1_395' title='bbox 3163 2676 3221 2716; x_wconf 90' lang='lat' dir='ltr'><strong>se</strong></span> <span class='ocrx_word' id='word_1_396' title='bbox 3264 2673 3537 2729; x_wconf 87' lang='lat' dir='ltr'><strong>quemque</strong></span> 
     </span>
    </p>
   </div>
   <div class='ocr_carea' id='block_1_50' title="bbox 228 2753 1789 2833">
    <p class='ocr_par' dir='ltr' id='par_1_50' title="bbox 228 2763 1788 2833">
     <span class='ocr_line' id='line_1_50' title="bbox 228 2763 1788 2833; baseline -0.001 -15"><span class='ocrx_word' id='word_1_397' title='bbox 228 2764 454 2830; x_wconf 80' lang='grc' dir='ltr'>ξέωνται</span> <span class='ocrx_word' id='word_1_398' title='bbox 486 2763 774 2833; x_wconf 80' lang='grc' dir='ltr'>γενέσθαι,</span> <span class='ocrx_word' id='word_1_399' title='bbox 809 2764 904 2817; x_wconf 78' lang='grc' dir='ltr'><strong>καὶ</strong></span> <span class='ocrx_word' id='word_1_400' title='bbox 933 2765 1041 2816; x_wconf 76' lang='grc' dir='ltr'>υἱοὶ</span> <span class='ocrx_word' id='word_1_401' title='bbox 1077 2763 1331 2833; x_wconf 73' lang='grc' dir='ltr'>Ὑψίστου</span> <span class='ocrx_word' id='word_1_402' title='bbox 1359 2763 1560 2827; x_wconf 83' lang='grc' dir='ltr'><strong>πάντες</strong></span> <span class='ocrx_word' id='word_1_403' title='bbox 1590 2763 1788 2817; x_wconf 85' lang='grc' dir='ltr'>δύνασθ</span> 
     </span>
    </p>
   </div>
   <div class='ocr_carea' id='block_1_51' title="bbox 1976 2753 3537 2833">
    <p class='ocr_par' dir='ltr' id='par_1_51' title="bbox 1976 2753 3537 2831">
     <span class='ocr_line' id='line_1_51' title="bbox 1976 2753 3537 2831; baseline -0.008 -14"><span class='ocrx_word' id='word_1_404' title='bbox 1976 2764 2376 2831; x_wconf 81' lang='lat' dir='ltr'><strong>:tjudicandum</strong></span> <span class='ocrx_word' id='word_1_405' title='bbox 2409 2770 2462 2816; x_wconf 89' lang='lat' dir='ltr'><strong>et</strong></span> <span class='ocrx_word' id='word_1_406' title='bbox 2489 2757 2962 2814; x_wconf 83' lang='lat' dir='ltr'><strong>condemnandum</strong></span> <span class='ocrx_word' id='word_1_407' title='bbox 2988 2771 3132 2818; x_wconf 88' lang='lat' dir='ltr'><strong>esse,</strong></span> <span class='ocrx_word' id='word_1_408' title='bbox 3157 2753 3324 2823; x_wconf 76' lang='grc'><strong>218</strong></span> <span class='ocrx_word' id='word_1_409' title='bbox 3349 2766 3537 2821; x_wconf 87' lang='lat' dir='ltr'><strong>quem-</strong></span> 
     </span>
    </p>
   </div>
   <div class='ocr_carea' id='block_1_52' title="bbox 226 2847 1787 2930">
    <p class='ocr_par' dir='ltr' id='par_1_52' title="bbox 226 2857 1786 2930">
     <span class='ocr_line' id='line_1_52' title="bbox 226 2857 1786 2930; baseline 0.001 -20"><span class='ocrx_word' id='word_1_410' title='bbox 226 2859 488 2928; x_wconf 77' lang='grc' dir='ltr'>γενέσθαι</span> <span class='ocrx_word' id='word_1_411' title='bbox 524 2857 921 2927; x_wconf 83' lang='grc' dir='ltr'>κατηξίωνται,</span> <span class='ocrx_word' id='word_1_412' title='bbox 941 2859 1035 2911; x_wconf 78' lang='grc' dir='ltr'><strong>καὶ</strong></span> <span class='ocrx_word' id='word_1_413' title='bbox 1056 2858 1184 2930; x_wconf 85' lang='grc' dir='ltr'>παρ’</span> <span class='ocrx_word' id='word_1_414' title='bbox 1202 2859 1431 2921; x_wconf 73' lang='grc' dir='ltr'>ἑαυτοὺς</span> <span class='ocrx_word' id='word_1_415' title='bbox 1453 2857 1549 2911; x_wconf 58' lang='grc' dir='ltr'><strong>καὶ⁴</strong></span> <span class='ocrx_word' id='word_1_416' title='bbox 1565 2857 1786 2928; x_wconf 86' lang='grc' dir='ltr'>κρίνεσθ</span> 
     </span>
    </p>
   </div>
   <div class='ocr_carea' id='block_1_53' title="bbox 1975 2847 3536 2930">
    <p class='ocr_par' dir='ltr' id='par_1_53' title="bbox 1975 2847 3536 2912">
     <span class='ocr_line' id='line_1_53' title="bbox 1975 2847 3536 2912; baseline -0.008 -2"><span class='ocrx_word' id='word_1_417' title='bbox 1975 2858 2238 2912; x_wconf 50' lang='lat' dir='ltr'><strong>[dmodum</strong></span> <span class='ocrx_word' id='word_1_418' title='bbox 2263 2857 2531 2910; x_wconf 87' lang='lat' dir='ltr'><strong>Adamum</strong></span> <span class='ocrx_word' id='word_1_419' title='bbox 2561 2861 2614 2908; x_wconf 91' lang='lat' dir='ltr'><strong>et</strong></span> <span class='ocrx_word' id='word_1_420' title='bbox 2637 2853 2827 2906; x_wconf 86' lang='lat' dir='ltr'><strong>Evam.</strong></span> <span class='ocrx_word' id='word_1_421' title='bbox 2852 2851 3133 2906; x_wconf 75' lang='lat' dir='ltr'><strong>Christum</strong></span> <span class='ocrx_word' id='word_1_422' title='bbox 3157 2859 3340 2901; x_wconf 91' lang='lat' dir='ltr'><strong>autem</strong></span> <span class='ocrx_word' id='word_1_423' title='bbox 3369 2847 3536 2902; x_wconf 86' lang='lat' dir='ltr'><strong>etiam</strong></span> 
     </span>
    </p>
   </div>
   <div class='ocr_carea' id='block_1_54' title="bbox 229 2942 1790 3020">
    <p class='ocr_par' dir='ltr' id='par_1_54' title="bbox 229 2949 1790 3020">
     <span class='ocr_line' id='line_1_54' title="bbox 229 2949 1790 3020; baseline -0.003 -16"><span class='ocrx_word' id='word_1_424' title='bbox 229 2952 322 3004; x_wconf 70' lang='grc' dir='ltr'><strong>καὶ</strong></span> <span class='ocrx_word' id='word_1_425' title='bbox 343 2949 818 3014; x_wconf 72' lang='grc' dir='ltr'>καταδικάζεσθαι</span> <span class='ocrx_word' id='word_1_426' title='bbox 851 2949 1153 3020; x_wconf 85' lang='grc' dir='ltr'>μέλλουσιν,</span> <span class='ocrx_word' id='word_1_427' title='bbox 1176 2950 1250 3012; x_wconf 85' lang='grc' dir='ltr'><strong>ὡς</strong></span> <span class='ocrx_word' id='word_1_428' title='bbox 1267 2950 1362 3002; x_wconf 82' lang='grc' dir='ltr'><strong>καὶ</strong></span> <span class='ocrx_word' id='word_1_429' title='bbox 1398 2949 1570 3020; x_wconf 79' lang='grc' dir='ltr'>Ἀδὰμ</span> <span class='ocrx_word' id='word_1_430' title='bbox 1587 2952 1682 3004; x_wconf 77' lang='grc' dir='ltr'><strong>καὶ</strong></span> <span class='ocrx_word' id='word_1_431' title='bbox 1706 2951 1790 3004; x_wconf 78' lang='grc' dir='ltr'><strong>Εὖ.</strong></span> 
     </span>
    </p>
   </div>
   <div class='ocr_carea' id='block_1_55' title="bbox 1740 2942 3301 3020">
    <p class='ocr_par' dir='ltr' id='par_1_55' title="bbox 1740 2942 3301 3014">
     <span class='ocr_line' id='line_1_55' title="bbox 1740 2942 3301 3014; baseline -0.01 -9"><span class='ocrx_word' id='word_1_432' title='bbox 1740 2951 1842 3005; x_wconf 76' lang='grc' dir='ltr'><strong>ἰῦα.</strong></span> <span class='ocrx_word' id='word_1_433' title='bbox 1949 2945 2123 3001; x_wconf 89' lang='lat' dir='ltr'><strong>Deum</strong></span> <span class='ocrx_word' id='word_1_434' title='bbox 2157 2946 2341 3001; x_wconf 86' lang='lat' dir='ltr'><strong>vocari</strong></span> <span class='ocrx_word' id='word_1_435' title='bbox 2366 2945 2484 3014; x_wconf 88' lang='lat' dir='ltr'><strong>jam</strong></span> <span class='ocrx_word' id='word_1_436' title='bbox 2516 2943 2706 2998; x_wconf 91' lang='lat' dir='ltr'><strong>multis</strong></span> <span class='ocrx_word' id='word_1_437' title='bbox 2731 2942 3166 2998; x_wconf 89' lang='lat' dir='ltr'><strong>demonstratum</strong></span> <span class='ocrx_word' id='word_1_438' title='bbox 3195 2947 3301 2992; x_wconf 88' lang='lat' dir='ltr'><strong>est.</strong></span> 
     </span>
    </p>
   </div>
   <div class='ocr_carea' id='block_1_56' title="bbox 230 3041 1848 3114">
    <p class='ocr_par' dir='ltr' id='par_1_56' title="bbox 230 3041 1848 3114">
     <span class='ocr_line' id='line_1_56' title="bbox 230 3041 1848 3114; baseline 0 -20"><span class='ocrx_word' id='word_1_439' title='bbox 230 3044 362 3094; x_wconf 72' lang='grc' dir='ltr'><strong>Ὅτι</strong></span> <span class='ocrx_word' id='word_1_440' title='bbox 381 3043 440 3096; x_wconf 76' lang='grc' dir='ltr'>δὲ</span> <span class='ocrx_word' id='word_1_441' title='bbox 461 3042 565 3096; x_wconf 69' lang='grc' dir='ltr'>καὶ</span> <span class='ocrx_word' id='word_1_442' title='bbox 597 3041 734 3094; x_wconf 82' lang='grc' dir='ltr'>Θεὸν</span> <span class='ocrx_word' id='word_1_443' title='bbox 764 3041 856 3094; x_wconf 79' lang='grc' dir='ltr'>τὸν</span> <span class='ocrx_word' id='word_1_444' title='bbox 884 3042 1117 3114; x_wconf 77' lang='grc' dir='ltr'>Χριστὸν</span> <span class='ocrx_word' id='word_1_445' title='bbox 1145 3043 1335 3108; x_wconf 87' lang='grc' dir='ltr'>καλεῖ,</span> <span class='ocrx_word' id='word_1_446' title='bbox 1374 3044 1434 3095; x_wconf 81' lang='grc' dir='ltr'><strong>ὲν</strong></span> <span class='ocrx_word' id='word_1_447' title='bbox 1466 3043 1682 3106; x_wconf 85' lang='grc' dir='ltr'>πολλοῖς</span> <span class='ocrx_word' id='word_1_448' title='bbox 1713 3044 1848 3096; x_wconf 77' lang='lat' dir='ltr'><strong>dirra-</strong></span> 
     </span>
    </p>
   </div>
   <div class='ocr_carea' id='block_1_57' title="bbox 228 3136 528 3189">
    <p class='ocr_par' dir='ltr' id='par_1_57' title="bbox 228 3136 528 3189">
     <span class='ocr_line' id='line_1_57' title="bbox 228 3136 528 3189; baseline 0 -1"><span class='ocrx_word' id='word_1_449' title='bbox 228 3136 340 3189; x_wconf 72' lang='grc' dir='ltr'><strong>δὲδε</strong></span> <span class='ocrx_word' id='word_1_450' title='bbox 351 3149 528 3188; x_wconf 65' lang='grc' dir='ltr'>ικταιι</span> 
     </span>
    </p>
   </div>
   <div class='ocr_carea' id='block_1_58' title="bbox 297 3206 1858 3300">
    <p class='ocr_par' dir='ltr' id='par_1_58' title="bbox 297 3220 1845 3300">
     <span class='ocr_line' id='line_1_58' title="bbox 297 3220 1845 3300; baseline -0.001 -16"><span class='ocrx_word' id='word_1_451' title='bbox 297 3230 423 3286; x_wconf 70' lang='grc'><strong>125.</strong></span> <span class='ocrx_word' id='word_1_452' title='bbox 481 3228 863 3300; x_wconf 75' lang='grc' dir='ltr'>Ἐϐουλόμην,</span> <span class='ocrx_word' id='word_1_453' title='bbox 917 3227 1089 3296; x_wconf 79' lang='grc' dir='ltr'>λέγω,</span> <span class='ocrx_word' id='word_1_454' title='bbox 1145 3227 1276 3299; x_wconf 80' lang='grc' dir='ltr'>παρ’</span> <span class='ocrx_word' id='word_1_455' title='bbox 1328 3227 1484 3299; x_wconf 82' lang='grc' dir='ltr'>ὑμῶν</span> <span class='ocrx_word' id='word_1_456' title='bbox 1535 3227 1750 3299; x_wconf 86' lang='grc' dir='ltr'>μαθεῖν,</span> <span class='ocrx_word' id='word_1_457' title='bbox 1799 3220 1845 3282; x_wconf 80' lang='grc' dir='ltr'>ὧ</span> 
     </span>
    </p>
   </div>
   <div class='ocr_carea' id='block_1_59' title="bbox 1972 3206 3533 3300">
    <p class='ocr_par' dir='ltr' id='par_1_59' title="bbox 2022 3206 3533 3285">
     <span class='ocr_line' id='line_1_59' title="bbox 2022 3206 3533 3285; baseline -0.009 -12"><span class='ocrx_word' id='word_1_458' title='bbox 2022 3217 2146 3274; x_wconf 67' lang='grc'><strong>125.</strong></span> <span class='ocrx_word' id='word_1_459' title='bbox 2187 3215 2438 3285; x_wconf 78' lang='lat' dir='ltr'><strong>Explicat</strong></span> <span class='ocrx_word' id='word_1_460' title='bbox 2465 3230 2625 3284; x_wconf 87' lang='lat' dir='ltr'><strong>quam</strong></span> <span class='ocrx_word' id='word_1_461' title='bbox 2648 3213 2752 3268; x_wconf 79' lang='lat' dir='ltr'><strong>vim</strong></span> <span class='ocrx_word' id='word_1_462' title='bbox 2778 3213 2967 3266; x_wconf 78' lang='lat' dir='ltr'><strong>habeat</strong></span> <span class='ocrx_word' id='word_1_463' title='bbox 2999 3225 3096 3263; x_wconf 83' lang='lat' dir='ltr'><strong>voa:</strong></span> <span class='ocrx_word' id='word_1_464' title='bbox 3123 3206 3292 3262; x_wconf 81' lang='lat' dir='ltr'><strong>Israel</strong></span> <span class='ocrx_word' id='word_1_465' title='bbox 3318 3217 3366 3262; x_wconf 82' lang='lat' dir='ltr'><strong>et</strong></span> <span class='ocrx_word' id='word_1_466' title='bbox 3398 3222 3533 3274; x_wconf 86' lang='lat' dir='ltr'><strong>quo-</strong></span> 
     </span>
    </p>
   </div>
   <div class='ocr_carea' id='block_1_60' title="bbox 229 3281 1790 3395">
    <p class='ocr_par' dir='ltr' id='par_1_60' title="bbox 229 3281 1790 3395">
     <span class='ocr_line' id='line_1_60' title="bbox 229 3281 1790 3395; baseline -0.003 -20"><span class='ocrx_word' id='word_1_467' title='bbox 229 3323 456 3395; x_wconf 61' lang='lat' dir='ltr'><strong>bE-psg,</strong></span> <span class='ocrx_word' id='word_1_468' title='bbox 507 3322 598 3384; x_wconf 84' lang='grc' dir='ltr'><strong>τίς</strong></span> <span class='ocrx_word' id='word_1_469' title='bbox 647 3323 682 3391; x_wconf 78' lang='grc' dir='ltr'>ἡ</span> <span class='ocrx_word' id='word_1_470' title='bbox 718 3281 1092 3391; x_wconf 44' lang='grc' dir='ltr'><strong>⁸δόναμιςιτοό</strong></span> <span class='ocrx_word' id='word_1_471' title='bbox 1135 3281 1686 3391; x_wconf 44' lang='grc' dir='ltr'>Ἰσραὴλιόνόματος</span> <span class='ocrx_word' id='word_1_472' title='bbox 1732 3281 1790 3372; x_wconf 60' lang='lat' dir='ltr'><strong>iit</strong></span> 
     </span>
    </p>
   </div>
   <div class='ocr_carea' id='block_1_61' title="bbox 1973 3281 3534 3395">
    <p class='ocr_par' dir='ltr' id='par_1_61' title="bbox 1973 3302 3534 3388">
     <span class='ocr_line' id='line_1_61' title="bbox 1973 3302 3534 3388; baseline -0.006 -24"><span class='ocrx_word' id='word_1_473' title='bbox 1973 3312 2106 3364; x_wconf 86' lang='lat' dir='ltr'><strong>nodo</strong></span> <span class='ocrx_word' id='word_1_474' title='bbox 2133 3309 2406 3388; x_wconf 59' lang='lat' dir='ltr'><strong>conveniat</strong></span> <span class='ocrx_word' id='word_1_475' title='bbox 2430 3305 2664 3361; x_wconf 80' lang='lat' dir='ltr'><strong>Christo.</strong></span> <span class='ocrx_word' id='word_1_476' title='bbox 2687 3334 2759 3346; x_wconf 91' lang='lat'><strong>--</strong></span> <span class='ocrx_word' id='word_1_477' title='bbox 2779 3304 2886 3360; x_wconf 89' lang='lat' dir='ltr'><strong>Sed</strong></span> <span class='ocrx_word' id='word_1_478' title='bbox 2916 3321 2984 3358; x_wconf 81' lang='lat' dir='ltr'><strong>ex</strong></span> <span class='ocrx_word' id='word_1_479' title='bbox 3009 3306 3163 3359; x_wconf 88' lang='lat' dir='ltr'><strong>vobis</strong></span> <span class='ocrx_word' id='word_1_480' title='bbox 3185 3305 3325 3358; x_wconf 78' lang='lat' dir='ltr'><strong>scire</strong></span> <span class='ocrx_word' id='word_1_481' title='bbox 3347 3302 3534 3365; x_wconf 87' lang='lat' dir='ltr'><strong>velint,</strong></span> 
     </span>
    </p>
   </div>
   <div class='ocr_carea' id='block_1_62' title="bbox 230 3394 1791 3487">
    <p class='ocr_par' dir='ltr' id='par_1_62' title="bbox 230 3394 1791 3487">
     <span class='ocr_line' id='line_1_62' title="bbox 230 3394 1791 3487; baseline -0.002 -19"><span class='ocrx_word' id='word_1_482' title='bbox 230 3394 630 3487; x_wconf 59' lang='grc' dir='ltr'>ἡσυχαζόντων</span> <span class='ocrx_word' id='word_1_483' title='bbox 666 3413 848 3468; x_wconf 80' lang='grc' dir='ltr'>αὐτῶν</span> <span class='ocrx_word' id='word_1_484' title='bbox 873 3454 888 3479; x_wconf 87' lang='grc'><em>,</em></span> <span class='ocrx_word' id='word_1_485' title='bbox 918 3414 1197 3485; x_wconf 79' lang='grc' dir='ltr'>ἐπήνεγκα</span> <span class='ocrx_word' id='word_1_486' title='bbox 1221 3429 1235 3443; x_wconf 80' lang='grc'><em>”</em></span> <span class='ocrx_word' id='word_1_487' title='bbox 1282 3411 1424 3481; x_wconf 76' lang='grc' dir='ltr'><strong>Ἐγὼ</strong></span> <span class='ocrx_word' id='word_1_488' title='bbox 1468 3413 1497 3465; x_wconf 84' lang='grc' dir='ltr'><strong>ὃ</strong></span> <span class='ocrx_word' id='word_1_489' title='bbox 1539 3414 1791 3484; x_wconf 78' lang='grc' dir='ltr'>ἐπίσταμι</span> 
     </span>
    </p>
   </div>
   <div class='ocr_carea' id='block_1_63' title="bbox 1974 3394 3535 3487">
    <p class='ocr_par' dir='ltr' id='par_1_63' title="bbox 1974 3394 3535 3471">
     <span class='ocr_line' id='line_1_63' title="bbox 1974 3394 3535 3471; baseline -0.004 -17"><span class='ocrx_word' id='word_1_490' title='bbox 1974 3425 1981 3454; x_wconf 71' lang='grc' dir='ltr'>ι</span> <span class='ocrx_word' id='word_1_491' title='bbox 2011 3404 2142 3465; x_wconf 83' lang='lat' dir='ltr'><strong>viri,</strong></span> <span class='ocrx_word' id='word_1_492' title='bbox 2178 3416 2344 3471; x_wconf 89' lang='lat' dir='ltr'><strong>quam</strong></span> <span class='ocrx_word' id='word_1_493' title='bbox 2378 3395 2490 3454; x_wconf 87' lang='lat' dir='ltr'><strong>vim</strong></span> <span class='ocrx_word' id='word_1_494' title='bbox 2524 3401 2726 3454; x_wconf 89' lang='lat' dir='ltr'><strong>habeat</strong></span> <span class='ocrx_word' id='word_1_495' title='bbox 2757 3398 2890 3452; x_wconf 90' lang='lat' dir='ltr'><strong>illud</strong></span> <span class='ocrx_word' id='word_1_496' title='bbox 2930 3412 3128 3452; x_wconf 86' lang='lat' dir='ltr'><strong>nomen</strong></span> <span class='ocrx_word' id='word_1_497' title='bbox 3153 3394 3342 3450; x_wconf 84' lang='lat' dir='ltr'><strong>Israel.</strong></span> <span class='ocrx_word' id='word_1_498' title='bbox 3367 3395 3535 3450; x_wconf 86' lang='lat' dir='ltr'><strong>Cum--</strong></span> 
     </span>
    </p>
   </div>
   <div class='ocr_carea' id='block_1_64' title="bbox 229 3485 1790 3580">
    <p class='ocr_par' dir='ltr' id='par_1_64' title="bbox 229 3485 1784 3580">
     <span class='ocr_line' id='line_1_64' title="bbox 229 3485 1784 3580; baseline -0.001 -19"><span class='ocrx_word' id='word_1_499' title='bbox 229 3485 368 3580; x_wconf 45' lang='grc' dir='ltr'><strong>ἓρῶί</strong></span> <span class='ocrx_word' id='word_1_500' title='bbox 417 3509 548 3561; x_wconf 71' lang='grc' dir='ltr'><strong>οὗτε</strong></span> <span class='ocrx_word' id='word_1_501' title='bbox 591 3506 708 3578; x_wconf 80' lang='grc' dir='ltr'><strong>γάρ</strong></span> <span class='ocrx_word' id='word_1_502' title='bbox 755 3505 935 3559; x_wconf 81' lang='grc' dir='ltr'><strong>εἰδότα</strong></span> <span class='ocrx_word' id='word_1_503' title='bbox 984 3505 1059 3576; x_wconf 80' lang='grc' dir='ltr'>μὴ</span> <span class='ocrx_word' id='word_1_504' title='bbox 1106 3504 1286 3573; x_wconf 81' lang='grc' dir='ltr'>λέγειν</span> <span class='ocrx_word' id='word_1_505' title='bbox 1319 3504 1528 3558; x_wconf 77' lang='grc' dir='ltr'>δίκαιον</span> <span class='ocrx_word' id='word_1_506' title='bbox 1568 3503 1784 3577; x_wconf 80' lang='grc' dir='ltr'>ήγοῦμα</span> 
     </span>
    </p>
   </div>
   <div class='ocr_carea' id='block_1_65' title="bbox 1970 3485 3531 3580">
    <p class='ocr_par' dir='ltr' id='par_1_65' title="bbox 1970 3485 3531 3566">
     <span class='ocr_line' id='line_1_65' title="bbox 1970 3485 3531 3566; baseline -0.008 -17"><span class='ocrx_word' id='word_1_507' title='bbox 1970 3512 2054 3566; x_wconf 75' lang='lat' dir='ltr'><strong>[ne</strong></span> <span class='ocrx_word' id='word_1_508' title='bbox 2087 3495 2165 3550; x_wconf 91' lang='lat' dir='ltr'><strong>illi</strong></span> <span class='ocrx_word' id='word_1_509' title='bbox 2201 3495 2451 3557; x_wconf 88' lang='lat' dir='ltr'><strong>silerent,</strong></span> <span class='ocrx_word' id='word_1_510' title='bbox 2489 3491 2645 3546; x_wconf 88' lang='lat' dir='ltr'><strong>intuli</strong></span> <span class='ocrx_word' id='word_1_511' title='bbox 2678 3509 2692 3545; x_wconf 87' lang='lat'><strong>:</strong></span> <span class='ocrx_word' id='word_1_512' title='bbox 2729 3490 2916 3545; x_wconf 87' lang='lat' dir='ltr'><strong>Dicam</strong></span> <span class='ocrx_word' id='word_1_513' title='bbox 2944 3488 3199 3557; x_wconf 90' lang='lat' dir='ltr'><strong>equidem</strong></span> <span class='ocrx_word' id='word_1_514' title='bbox 3227 3487 3370 3556; x_wconf 93' lang='lat' dir='ltr'><strong>quod</strong></span> <span class='ocrx_word' id='word_1_515' title='bbox 3395 3485 3531 3540; x_wconf 87' lang='lat' dir='ltr'><strong>scio.</strong></span> 
     </span>
    </p>
   </div>
   <div class='ocr_carea' id='block_1_66' title="bbox 228 3576 1789 3670">
    <p class='ocr_par' dir='ltr' id='par_1_66' title="bbox 228 3576 1772 3668">
     <span class='ocr_line' id='line_1_66' title="bbox 228 3576 1772 3668; baseline -0.001 -16"><span class='ocrx_word' id='word_1_516' title='bbox 388 3576 739 3653; x_wconf 63' lang='grc' dir='ltr'>ὑπονοοῦντα</span> <span class='ocrx_word' id='word_1_517' title='bbox 767 3597 1091 3652; x_wconf 82' lang='grc' dir='ltr'>ἐπίστασθαι</span> <span class='ocrx_word' id='word_1_518' title='bbox 1119 3597 1266 3668; x_wconf 75' lang='grc' dir='ltr'>ὑμᾶς</span> <span class='ocrx_word' id='word_1_519' title='bbox 1286 3636 1300 3661; x_wconf 91' lang='grc'><em>,</em></span> <span class='ocrx_word' id='word_1_520' title='bbox 1335 3598 1430 3650; x_wconf 70' lang='grc' dir='ltr'><strong>καὶ</strong></span> <span class='ocrx_word' id='word_1_521' title='bbox 1457 3597 1546 3651; x_wconf 84' lang='grc' dir='ltr'><strong>διὰ</strong></span> <span class='ocrx_word' id='word_1_522' title='bbox 1579 3576 1772 3668; x_wconf 82' lang='grc' dir='ltr'>φθόνον</span> 
     </span>
    </p>
   </div>
   <div class='ocr_carea' id='block_1_67' title="bbox 1973 3576 3534 3670">
    <p class='ocr_par' dir='ltr' id='par_1_67' title="bbox 1973 3576 3534 3658">
     <span class='ocr_line' id='line_1_67' title="bbox 1973 3576 3534 3658; baseline -0.006 -17"><span class='ocrx_word' id='word_1_523' title='bbox 1973 3588 2134 3658; x_wconf 67' lang='lat' dir='ltr'><strong>teque</strong></span> <span class='ocrx_word' id='word_1_524' title='bbox 2167 3602 2383 3658; x_wconf 69' lang='lat' dir='ltr'><strong>aaqnum</strong></span> <span class='ocrx_word' id='word_1_525' title='bbox 2416 3600 2537 3641; x_wconf 85' lang='lat' dir='ltr'><strong>esse</strong></span> <span class='ocrx_word' id='word_1_526' title='bbox 2573 3584 2836 3649; x_wconf 87' lang='lat' dir='ltr'><strong>arbitror,</strong></span> <span class='ocrx_word' id='word_1_527' title='bbox 2869 3591 2928 3636; x_wconf 90' lang='lat' dir='ltr'><strong>ut</strong></span> <span class='ocrx_word' id='word_1_528' title='bbox 2959 3581 3108 3650; x_wconf 87' lang='lat' dir='ltr'><strong>quod</strong></span> <span class='ocrx_word' id='word_1_529' title='bbox 3140 3579 3257 3634; x_wconf 86' lang='lat' dir='ltr'><strong>scio</strong></span> <span class='ocrx_word' id='word_1_530' title='bbox 3283 3593 3389 3632; x_wconf 91' lang='lat' dir='ltr'><strong>non</strong></span> <span class='ocrx_word' id='word_1_531' title='bbox 3419 3576 3534 3632; x_wconf 87' lang='lat' dir='ltr'><strong>elo-</strong></span> 
     </span>
    </p>
   </div>
   <div class='ocr_carea' id='block_1_68' title="bbox 228 3670 1789 3764">
    <p class='ocr_par' dir='ltr' id='par_1_68' title="bbox 228 3689 1788 3764">
     <span class='ocr_line' id='line_1_68' title="bbox 228 3689 1788 3764; baseline -0.001 -19"><span class='ocrx_word' id='word_1_532' title='bbox 228 3693 296 3745; x_wconf 70' lang='grc' dir='ltr'>δι’</span> <span class='ocrx_word' id='word_1_533' title='bbox 324 3694 594 3763; x_wconf 72' lang='grc' dir='ltr'>ἀπειρίαν</span> <span class='ocrx_word' id='word_1_534' title='bbox 629 3692 732 3764; x_wconf 82' lang='grc' dir='ltr'><strong>τὴν</strong></span> <span class='ocrx_word' id='word_1_535' title='bbox 761 3689 856 3744; x_wconf 77' lang='grc' dir='ltr'><strong>τοῦ</strong></span> <span class='ocrx_word' id='word_1_536' title='bbox 889 3689 1193 3760; x_wconf 84' lang='grc' dir='ltr'>βούλεσθαι,</span> <span class='ocrx_word' id='word_1_537' title='bbox 1225 3689 1527 3761; x_wconf 83' lang='grc' dir='ltr'>ἐπίσταμαι</span> <span class='ocrx_word' id='word_1_538' title='bbox 1551 3690 1710 3754; x_wconf 84' lang='grc' dir='ltr'><strong>αὐτὸς</strong></span> <span class='ocrx_word' id='word_1_539' title='bbox 1734 3689 1788 3760; x_wconf 82' lang='grc'><strong>(5</strong></span> 
     </span>
    </p>
   </div>
   <div class='ocr_carea' id='block_1_69' title="bbox 1972 3670 3533 3764">
    <p class='ocr_par' dir='ltr' id='par_1_69' title="bbox 1972 3670 3533 3752">
     <span class='ocr_line' id='line_1_69' title="bbox 1972 3670 3533 3752; baseline -0.008 -16"><span class='ocrx_word' id='word_1_540' title='bbox 1972 3697 2109 3752; x_wconf 71' lang='lat' dir='ltr'><strong>luat,</strong></span> <span class='ocrx_word' id='word_1_541' title='bbox 2141 3691 2236 3735; x_wconf 89' lang='lat' dir='ltr'><strong>aut</strong></span> <span class='ocrx_word' id='word_1_542' title='bbox 2256 3694 2356 3735; x_wconf 88' lang='lat' dir='ltr'><strong>vos</strong></span> <span class='ocrx_word' id='word_1_543' title='bbox 2387 3679 2532 3734; x_wconf 89' lang='lat' dir='ltr'><strong>scire</strong></span> <span class='ocrx_word' id='word_1_544' title='bbox 2555 3676 2801 3748; x_wconf 90' lang='lat' dir='ltr'><strong>quidem,</strong></span> <span class='ocrx_word' id='word_1_545' title='bbox 2832 3676 2926 3730; x_wconf 90' lang='lat' dir='ltr'><strong>sed</strong></span> <span class='ocrx_word' id='word_1_546' title='bbox 2968 3673 3200 3737; x_wconf 90' lang='lat' dir='ltr'><strong>invidia,</strong></span> <span class='ocrx_word' id='word_1_547' title='bbox 3229 3681 3321 3724; x_wconf 88' lang='lat' dir='ltr'><strong>aut</strong></span> <span class='ocrx_word' id='word_1_548' title='bbox 3341 3670 3533 3724; x_wconf 86' lang='lat' dir='ltr'><strong>volun-</strong></span> 
     </span>
    </p>
   </div>
   <div class='ocr_carea' id='block_1_70' title="bbox 230 3761 1791 3854">
    <p class='ocr_par' dir='ltr' id='par_1_70' title="bbox 230 3761 1790 3854">
     <span class='ocr_line' id='line_1_70' title="bbox 230 3761 1790 3854; baseline 0.003 -24"><span class='ocrx_word' id='word_1_549' title='bbox 230 3761 546 3854; x_wconf 58' lang='grc' dir='ltr'>φροντίζειν</span> <span class='ocrx_word' id='word_1_550' title='bbox 578 3761 708 3848; x_wconf 68' lang='lat' dir='ltr'><strong>dei,</strong></span> <span class='ocrx_word' id='word_1_551' title='bbox 758 3781 895 3836; x_wconf 86' lang='grc' dir='ltr'><strong>ἀλλά</strong></span> <span class='ocrx_word' id='word_1_552' title='bbox 942 3781 1122 3836; x_wconf 83' lang='grc' dir='ltr'>πάντα</span> <span class='ocrx_word' id='word_1_553' title='bbox 1156 3781 1344 3845; x_wconf 85' lang='grc' dir='ltr'>ἁπλῶς</span> <span class='ocrx_word' id='word_1_554' title='bbox 1387 3783 1482 3834; x_wconf 76' lang='grc' dir='ltr'>και·</span> <span class='ocrx_word' id='word_1_555' title='bbox 1527 3781 1726 3846; x_wconf 77' lang='grc' dir='ltr'>ἀδόλως</span> <span class='ocrx_word' id='word_1_556' title='bbox 1758 3781 1790 3834; x_wconf 80' lang='grc' dir='ltr'><strong>λ</strong></span> 
     </span>
    </p>
   </div>
   <div class='ocr_carea' id='block_1_71' title="bbox 1972 3761 3533 3854">
    <p class='ocr_par' dir='ltr' id='par_1_71' title="bbox 1974 3761 3533 3842">
     <span class='ocr_line' id='line_1_71' title="bbox 1974 3761 3533 3842; baseline -0.007 -16"><span class='ocrx_word' id='word_1_557' title='bbox 1974 3772 2089 3827; x_wconf 88' lang='lat' dir='ltr'><strong>aria</strong></span> <span class='ocrx_word' id='word_1_558' title='bbox 2148 3771 2426 3842; x_wconf 88' lang='lat' dir='ltr'><strong>imperitia</strong></span> <span class='ocrx_word' id='word_1_559' title='bbox 2481 3769 2845 3836; x_wconf 85' lang='lat' dir='ltr'><strong>vosmetipsos</strong></span> <span class='ocrx_word' id='word_1_560' title='bbox 2894 3764 3150 3832; x_wconf 88' lang='lat' dir='ltr'><strong>decipere</strong></span> <span class='ocrx_word' id='word_1_561' title='bbox 3207 3761 3533 3832; x_wconf 74' lang='lat' dir='ltr'><strong>suspicans,</strong></span> 
     </span>
    </p>
   </div>
   <div class='ocr_carea' id='block_1_72' title="bbox 231 3851 1792 3945">
    <p class='ocr_par' dir='ltr' id='par_1_72' title="bbox 231 3851 1792 3945">
     <span class='ocr_line' id='line_1_72' title="bbox 231 3851 1792 3945; baseline 0.001 -21"><span class='ocrx_word' id='word_1_562' title='bbox 231 3851 373 3940; x_wconf 74' lang='grc' dir='ltr'>γειν,</span> <span class='ocrx_word' id='word_1_563' title='bbox 402 3874 482 3937; x_wconf 82' lang='grc' dir='ltr'><strong>ὡς</strong></span> <span class='ocrx_word' id='word_1_564' title='bbox 513 3877 542 3927; x_wconf 89' lang='lat'><strong>6</strong></span> <span class='ocrx_word' id='word_1_565' title='bbox 573 3873 712 3944; x_wconf 75' lang='grc' dir='ltr'><strong>ἐμὸς</strong></span> <span class='ocrx_word' id='word_1_566' title='bbox 741 3873 950 3944; x_wconf 85' lang='grc' dir='ltr'>Κύριος</span> <span class='ocrx_word' id='word_1_567' title='bbox 980 3868 1132 3926; x_wconf 68' lang='grc' dir='ltr'>εἶπεν</span> <span class='ocrx_word' id='word_1_568' title='bbox 1151 3889 1166 3903; x_wconf 86' lang='grc'><strong>·</strong></span> <span class='ocrx_word' id='word_1_569' title='bbox 1204 3891 1223 3924; x_wconf 75' lang='grc' dir='ltr'><strong>ι</strong></span> <span class='ocrx_word' id='word_1_570' title='bbox 1275 3872 1530 3942; x_wconf 79' lang='grc' dir='ltr'>Ἐξῆλθεν</span> <span class='ocrx_word' id='word_1_571' title='bbox 1555 3875 1583 3924; x_wconf 82' lang='lat'><strong>6</strong></span> <span class='ocrx_word' id='word_1_572' title='bbox 1606 3873 1792 3945; x_wconf 70' lang='lat' dir='ltr'><strong>amipo</strong></span> 
     </span>
    </p>
   </div>
   <div class='ocr_carea' id='block_1_73' title="bbox 1972 3851 3533 3945">
    <p class='ocr_par' dir='ltr' id='par_1_73' title="bbox 1972 3851 3533 3932">
     <span class='ocr_line' id='line_1_73' title="bbox 1972 3851 3533 3932; baseline -0.009 -15"><span class='ocrx_word' id='word_1_573' title='bbox 1972 3876 2168 3932; x_wconf 77' lang='lat' dir='ltr'><strong>.emper</strong></span> <span class='ocrx_word' id='word_1_574' title='bbox 2188 3859 2561 3916; x_wconf 89' lang='lat' dir='ltr'><strong>sollicitudine</strong></span> <span class='ocrx_word' id='word_1_575' title='bbox 2585 3857 2903 3927; x_wconf 82' lang='lat' dir='ltr'><strong>distringar,</strong></span> <span class='ocrx_word' id='word_1_576' title='bbox 2939 3854 3034 3909; x_wconf 90' lang='lat' dir='ltr'><strong>sed</strong></span> <span class='ocrx_word' id='word_1_577' title='bbox 3065 3853 3246 3923; x_wconf 87' lang='lat' dir='ltr'><strong>potius</strong></span> <span class='ocrx_word' id='word_1_578' title='bbox 3267 3862 3324 3905; x_wconf 91' lang='lat' dir='ltr'><strong>ut</strong></span> <span class='ocrx_word' id='word_1_579' title='bbox 3351 3851 3533 3906; x_wconf 81' lang='lat' dir='ltr'><strong>omnia</strong></span> 
     </span>
    </p>
   </div>
   <div class='ocr_carea' id='block_1_74' title="bbox 230 3944 1791 4036">
    <p class='ocr_par' dir='ltr' id='par_1_74' title="bbox 230 3963 1791 4036">
     <span class='ocr_line' id='line_1_74' title="bbox 230 3963 1791 4036; baseline -0.001 -18"><span class='ocrx_word' id='word_1_580' title='bbox 230 3965 324 4018; x_wconf 75' lang='grc' dir='ltr'><strong>τοῦ</strong></span> <span class='ocrx_word' id='word_1_581' title='bbox 371 3969 601 4036; x_wconf 82' lang='grc' dir='ltr'>σπεῖραι</span> <span class='ocrx_word' id='word_1_582' title='bbox 642 3965 734 4018; x_wconf 80' lang='grc' dir='ltr'><strong>τὸν</strong></span> <span class='ocrx_word' id='word_1_583' title='bbox 780 3964 1014 4036; x_wconf 81' lang='grc' dir='ltr'>σπόρον·</span> <span class='ocrx_word' id='word_1_584' title='bbox 1075 3965 1169 4018; x_wconf 70' lang='grc' dir='ltr'>καὶ</span> <span class='ocrx_word' id='word_1_585' title='bbox 1206 3966 1236 4018; x_wconf 89' lang='lat'><strong>6</strong></span> <span class='ocrx_word' id='word_1_586' title='bbox 1279 3964 1378 4035; x_wconf 80' lang='grc' dir='ltr'><strong>μὲν</strong></span> <span class='ocrx_word' id='word_1_587' title='bbox 1412 3963 1607 4017; x_wconf 78' lang='grc' dir='ltr'>ἔπεσεν</span> <span class='ocrx_word' id='word_1_588' title='bbox 1635 3966 1715 4028; x_wconf 82' lang='grc' dir='ltr'><strong>εἰς</strong></span> <span class='ocrx_word' id='word_1_589' title='bbox 1745 3964 1791 4017; x_wconf 67' lang='grc' dir='ltr'><strong>τί</strong></span> 
     </span>
    </p>
   </div>
   <div class='ocr_carea' id='block_1_75' title="bbox 1970 3944 3531 4036">
    <p class='ocr_par' dir='ltr' id='par_1_75' title="bbox 1970 3944 3531 4024">
     <span class='ocr_line' id='line_1_75' title="bbox 1970 3944 3531 4024; baseline -0.006 -18"><span class='ocrx_word' id='word_1_590' title='bbox 1970 3955 2278 4024; x_wconf 67' lang='grc' dir='ltr'>ιὶηιριὶοἰιει·</span> <span class='ocrx_word' id='word_1_591' title='bbox 2317 3967 2381 4007; x_wconf 90' lang='lat' dir='ltr'><strong>ac</strong></span> <span class='ocrx_word' id='word_1_592' title='bbox 2407 3951 2528 4006; x_wconf 90' lang='lat' dir='ltr'><strong>sine</strong></span> <span class='ocrx_word' id='word_1_593' title='bbox 2567 3950 2693 4004; x_wconf 92' lang='lat' dir='ltr'><strong>dolo</strong></span> <span class='ocrx_word' id='word_1_594' title='bbox 2733 3949 3030 4018; x_wconf 82' lang='lat' dir='ltr'><strong>proferam,</strong></span> <span class='ocrx_word' id='word_1_595' title='bbox 3071 3944 3531 4017; x_wconf 89' lang='lat' dir='ltr'><strong>quemadmodum</strong></span> 
     </span>
    </p>
   </div>
   <div class='ocr_carea' id='block_1_76' title="bbox 229 4041 1790 4126">
    <p class='ocr_par' dir='ltr' id='par_1_76' title="bbox 229 4051 1790 4126">
     <span class='ocr_line' id='line_1_76' title="bbox 229 4051 1790 4126; baseline 0.001 -21"><span class='ocrx_word' id='word_1_596' title='bbox 229 4051 344 4105; x_wconf 66' lang='grc' dir='ltr'>ῶάν</span> <span class='ocrx_word' id='word_1_597' title='bbox 370 4070 384 4081; x_wconf 88' lang='grc'><strong>·</strong></span> <span class='ocrx_word' id='word_1_598' title='bbox 424 4056 454 4106; x_wconf 82' lang='grc' dir='ltr'><strong>ὁ</strong></span> <span class='ocrx_word' id='word_1_599' title='bbox 498 4053 560 4106; x_wconf 79' lang='grc' dir='ltr'>δὲ</span> <span class='ocrx_word' id='word_1_600' title='bbox 598 4056 681 4116; x_wconf 85' lang='grc' dir='ltr'><strong>είς</strong></span> <span class='ocrx_word' id='word_1_601' title='bbox 726 4053 828 4117; x_wconf 79' lang='grc' dir='ltr'><strong>τὰς</strong></span> <span class='ocrx_word' id='word_1_602' title='bbox 870 4052 1145 4117; x_wconf 52' lang='grc' dir='ltr'>ἀκάνθας</span> <span class='ocrx_word' id='word_1_603' title='bbox 1176 4056 1204 4106; x_wconf 91' lang='lat'><strong>6</strong></span> <span class='ocrx_word' id='word_1_604' title='bbox 1247 4055 1303 4107; x_wconf 84' lang='grc' dir='ltr'>δὲ</span> <span class='ocrx_word' id='word_1_605' title='bbox 1334 4055 1426 4107; x_wconf 76' lang='grc' dir='ltr'><strong>ἐπὶ</strong></span> <span class='ocrx_word' id='word_1_606' title='bbox 1453 4054 1523 4107; x_wconf 83' lang='grc' dir='ltr'><strong>τὰ</strong></span> <span class='ocrx_word' id='word_1_607' title='bbox 1556 4054 1790 4126; x_wconf 84' lang='grc' dir='ltr'><strong>πετρώδτ</strong></span> 
     </span>
    </p>
   </div>
   <div class='ocr_carea' id='block_1_77' title="bbox 1973 4041 3534 4126">
    <p class='ocr_par' dir='ltr' id='par_1_77' title="bbox 1973 4041 3534 4110">
     <span class='ocr_line' id='line_1_77' title="bbox 1973 4041 3534 4110; baseline -0.008 -6"><span class='ocrx_word' id='word_1_608' title='bbox 1973 4049 2214 4106; x_wconf 90' lang='lat' dir='ltr'><strong>)ominus</strong></span> <span class='ocrx_word' id='word_1_609' title='bbox 2245 4060 2398 4101; x_wconf 90' lang='lat' dir='ltr'><strong>meus</strong></span> <span class='ocrx_word' id='word_1_610' title='bbox 2435 4045 2576 4100; x_wconf 80' lang='lat' dir='ltr'><strong>dixit</strong></span> <span class='ocrx_word' id='word_1_611' title='bbox 2607 4061 2621 4097; x_wconf 89' lang='lat'><strong>:</strong></span> <span class='ocrx_word' id='word_1_612' title='bbox 2661 4061 2680 4094; x_wconf 77' lang='grc' dir='ltr'><strong>ι</strong></span> <span class='ocrx_word' id='word_1_613' title='bbox 2718 4043 2978 4110; x_wconf 77' lang='lat' dir='ltr'><strong>Exiitqui</strong></span> <span class='ocrx_word' id='word_1_614' title='bbox 3003 4041 3534 4096; x_wconf 86' lang='lat' dir='ltr'><strong>seminatseminare</strong></span> 
     </span>
    </p>
   </div>
   <div class='ocr_carea' id='block_1_78' title="bbox 228 4131 1789 4216">
    <p class='ocr_par' dir='ltr' id='par_1_78' title="bbox 228 4142 1789 4216">
     <span class='ocr_line' id='line_1_78' title="bbox 228 4142 1789 4216; baseline 0 -21"><span class='ocrx_word' id='word_1_615' title='bbox 228 4145 259 4195; x_wconf 74' lang='grc' dir='ltr'><strong><em>ὁ</em></strong></span> <span class='ocrx_word' id='word_1_616' title='bbox 291 4143 349 4196; x_wconf 77' lang='grc' dir='ltr'>δὲ</span> <span class='ocrx_word' id='word_1_617' title='bbox 385 4144 481 4195; x_wconf 69' lang='grc' dir='ltr'>ἐπὶ</span> <span class='ocrx_word' id='word_1_618' title='bbox 522 4143 625 4215; x_wconf 81' lang='grc' dir='ltr'><strong>τὴν</strong></span> <span class='ocrx_word' id='word_1_619' title='bbox 654 4145 759 4214; x_wconf 78' lang='grc' dir='ltr'><strong>γῆν</strong></span> <span class='ocrx_word' id='word_1_620' title='bbox 790 4144 891 4214; x_wconf 84' lang='grc' dir='ltr'><strong>τὴν</strong></span> <span class='ocrx_word' id='word_1_621' title='bbox 924 4144 1115 4216; x_wconf 83' lang='grc' dir='ltr'>καλήν.</span> <span class='ocrx_word' id='word_1_622' title='bbox 1153 4164 1172 4196; x_wconf 70' lang='grc' dir='ltr'><strong>ι</strong></span> <span class='ocrx_word' id='word_1_623' title='bbox 1216 4145 1421 4198; x_wconf 85' lang='grc' dir='ltr'>Ἐλπίδι</span> <span class='ocrx_word' id='word_1_624' title='bbox 1452 4142 1547 4199; x_wconf 79' lang='grc' dir='ltr'><strong>οὖν</strong></span> <span class='ocrx_word' id='word_1_625' title='bbox 1576 4145 1670 4198; x_wconf 78' lang='grc' dir='ltr'><strong>τοῦ</strong></span> <span class='ocrx_word' id='word_1_626' title='bbox 1704 4142 1789 4200; x_wconf 71' lang='grc' dir='ltr'>εῖνι</span> 
     </span>
    </p>
   </div>
   <div class='ocr_carea' id='block_1_79' title="bbox 1969 4131 3530 4216">
    <p class='ocr_par' dir='ltr' id='par_1_79' title="bbox 1969 4131 3530 4206">
     <span class='ocr_line' id='line_1_79' title="bbox 1969 4131 3530 4206; baseline -0.007 -11"><span class='ocrx_word' id='word_1_627' title='bbox 1969 4158 2172 4206; x_wconf 65' lang='lat' dir='ltr'><strong>tamen;</strong></span> <span class='ocrx_word' id='word_1_628' title='bbox 2211 4149 2268 4195; x_wconf 90' lang='lat' dir='ltr'><strong>et</strong></span> <span class='ocrx_word' id='word_1_629' title='bbox 2302 4138 2454 4194; x_wconf 88' lang='lat' dir='ltr'><strong>aliud</strong></span> <span class='ocrx_word' id='word_1_630' title='bbox 2500 4137 2702 4192; x_wconf 86' lang='lat' dir='ltr'><strong>cecidit</strong></span> <span class='ocrx_word' id='word_1_631' title='bbox 2738 4135 2792 4189; x_wconf 94' lang='lat' dir='ltr'><strong>in</strong></span> <span class='ocrx_word' id='word_1_632' title='bbox 2840 4134 3010 4199; x_wconf 87' lang='lat' dir='ltr'><strong>viam,</strong></span> <span class='ocrx_word' id='word_1_633' title='bbox 3053 4131 3198 4185; x_wconf 89' lang='lat' dir='ltr'><strong>aliud</strong></span> <span class='ocrx_word' id='word_1_634' title='bbox 3233 4132 3285 4184; x_wconf 92' lang='lat' dir='ltr'><strong>in</strong></span> <span class='ocrx_word' id='word_1_635' title='bbox 3323 4132 3530 4198; x_wconf 86' lang='lat' dir='ltr'><strong>spinas,</strong></span> 
     </span>
    </p>
   </div>
   <div class='ocr_carea' id='block_1_80' title="bbox 232 4221 1793 4307">
    <p class='ocr_par' dir='ltr' id='par_1_80' title="bbox 232 4232 1793 4307">
     <span class='ocr_line' id='line_1_80' title="bbox 232 4232 1793 4307; baseline 0.001 -23"><span class='ocrx_word' id='word_1_636' title='bbox 232 4249 336 4284; x_wconf 62' lang='grc' dir='ltr'><strong>που</strong></span> <span class='ocrx_word' id='word_1_637' title='bbox 374 4232 552 4302; x_wconf 78' lang='grc' dir='ltr'>καλὴν</span> <span class='ocrx_word' id='word_1_638' title='bbox 584 4233 713 4302; x_wconf 79' lang='grc' dir='ltr'><strong>γῆν,</strong></span> <span class='ocrx_word' id='word_1_639' title='bbox 745 4234 926 4302; x_wconf 79' lang='grc' dir='ltr'>λέγειν</span> <span class='ocrx_word' id='word_1_640' title='bbox 954 4234 1069 4288; x_wconf 81' lang='grc' dir='ltr'><strong>δεῖ·</strong></span> <span class='ocrx_word' id='word_1_641' title='bbox 1104 4235 1288 4307; x_wconf 75' lang='grc' dir='ltr'>ἐπειδή</span> <span class='ocrx_word' id='word_1_642' title='bbox 1316 4252 1380 4304; x_wconf 85' lang='grc' dir='ltr'><strong>γε</strong></span> <span class='ocrx_word' id='word_1_643' title='bbox 1417 4236 1627 4298; x_wconf 83' lang='grc' dir='ltr'>ἐκεῖνος</span> <span class='ocrx_word' id='word_1_644' title='bbox 1649 4237 1678 4287; x_wconf 87' lang='lat'><strong>6</strong></span> <span class='ocrx_word' id='word_1_645' title='bbox 1711 4235 1793 4306; x_wconf 70' lang='grc' dir='ltr'>ἐμὲ</span> 
     </span>
    </p>
   </div>
   <div class='ocr_carea' id='block_1_81' title="bbox 1968 4221 3529 4307">
    <p class='ocr_par' dir='ltr' id='par_1_81' title="bbox 1968 4221 3529 4294">
     <span class='ocr_line' id='line_1_81' title="bbox 1968 4221 3529 4294; baseline -0.01 -6"><span class='ocrx_word' id='word_1_646' title='bbox 1968 4235 2095 4288; x_wconf 83' lang='lat' dir='ltr'><strong>tliud</strong></span> <span class='ocrx_word' id='word_1_647' title='bbox 2130 4234 2182 4288; x_wconf 89' lang='lat' dir='ltr'><strong>in</strong></span> <span class='ocrx_word' id='word_1_648' title='bbox 2217 4233 2338 4287; x_wconf 90' lang='lat' dir='ltr'><strong>loca</strong></span> <span class='ocrx_word' id='word_1_649' title='bbox 2371 4244 2594 4294; x_wconf 83' lang='lat' dir='ltr'><strong>saxosa,</strong></span> <span class='ocrx_word' id='word_1_650' title='bbox 2641 4226 2789 4280; x_wconf 91' lang='lat' dir='ltr'><strong>aliud</strong></span> <span class='ocrx_word' id='word_1_651' title='bbox 2838 4225 2894 4279; x_wconf 90' lang='lat' dir='ltr'><strong>in</strong></span> <span class='ocrx_word' id='word_1_652' title='bbox 2931 4235 3134 4280; x_wconf 89' lang='lat' dir='ltr'><strong>terram</strong></span> <span class='ocrx_word' id='word_1_653' title='bbox 3174 4223 3374 4276; x_wconf 91' lang='lat' dir='ltr'><strong>bonam</strong></span> <span class='ocrx_word' id='word_1_654' title='bbox 3403 4221 3469 4274; x_wconf 69' lang='lat'><strong>&quot;.</strong></span> <span class='ocrx_word' id='word_1_655' title='bbox 3508 4241 3529 4274; x_wconf 75' lang='grc' dir='ltr'><strong>ι</strong></span> 
     </span>
    </p>
   </div>
   <div class='ocr_carea' id='block_1_82' title="bbox 233 4315 1794 4400">
    <p class='ocr_par' dir='ltr' id='par_1_82' title="bbox 233 4326 1794 4400">
     <span class='ocr_line' id='line_1_82' title="bbox 233 4326 1794 4400; baseline 0.003 -22"><span class='ocrx_word' id='word_1_656' title='bbox 233 4326 445 4397; x_wconf 64' lang='grc' dir='ltr'>Κύριος</span> <span class='ocrx_word' id='word_1_657' title='bbox 464 4368 480 4391; x_wconf 95' lang='grc'><strong>,</strong></span> <span class='ocrx_word' id='word_1_658' title='bbox 508 4327 588 4390; x_wconf 85' lang='grc' dir='ltr'><strong>ὡς</strong></span> <span class='ocrx_word' id='word_1_659' title='bbox 616 4327 839 4398; x_wconf 80' lang='grc' dir='ltr'>ἰσχυρὸς</span> <span class='ocrx_word' id='word_1_660' title='bbox 881 4329 977 4381; x_wconf 71' lang='grc' dir='ltr'>καὶ</span> <span class='ocrx_word' id='word_1_661' title='bbox 1003 4327 1224 4392; x_wconf 86' lang='grc' dir='ltr'>δυνατὸς</span> <span class='ocrx_word' id='word_1_662' title='bbox 1242 4370 1257 4393; x_wconf 88' lang='grc'>,</span> <span class='ocrx_word' id='word_1_663' title='bbox 1286 4329 1354 4382; x_wconf 81' lang='grc' dir='ltr'><strong>τὰ</strong></span> <span class='ocrx_word' id='word_1_664' title='bbox 1385 4328 1494 4383; x_wconf 79' lang='grc' dir='ltr'>ἴδια</span> <span class='ocrx_word' id='word_1_665' title='bbox 1526 4327 1679 4400; x_wconf 79' lang='grc' dir='ltr'>ποιρά</span> <span class='ocrx_word' id='word_1_666' title='bbox 1706 4329 1794 4382; x_wconf 65' lang='grc' dir='ltr'><strong>πὰε</strong></span> 
     </span>
    </p>
   </div>
   <div class='ocr_carea' id='block_1_83' title="bbox 1972 4315 3533 4400">
    <p class='ocr_par' dir='ltr' id='par_1_83' title="bbox 1973 4315 3533 4397">
     <span class='ocr_line' id='line_1_83' title="bbox 1973 4315 3533 4397; baseline -0.009 -15"><span class='ocrx_word' id='word_1_667' title='bbox 1973 4344 2004 4382; x_wconf 92' lang='lat' dir='ltr'><strong>n</strong></span> <span class='ocrx_word' id='word_1_668' title='bbox 2040 4329 2179 4382; x_wconf 90' lang='lat' dir='ltr'><strong>hanc</strong></span> <span class='ocrx_word' id='word_1_669' title='bbox 2205 4341 2339 4397; x_wconf 76' lang='lat' dir='ltr'><strong>ergo</strong></span> <span class='ocrx_word' id='word_1_670' title='bbox 2376 4338 2525 4394; x_wconf 82' lang='lat' dir='ltr'><strong>Spem</strong></span> <span class='ocrx_word' id='word_1_671' title='bbox 2569 4321 2768 4374; x_wconf 89' lang='lat' dir='ltr'><strong>alicubi</strong></span> <span class='ocrx_word' id='word_1_672' title='bbox 2799 4333 2920 4373; x_wconf 89' lang='lat' dir='ltr'><strong>esse</strong></span> <span class='ocrx_word' id='word_1_673' title='bbox 2956 4329 3159 4373; x_wconf 89' lang='lat' dir='ltr'><strong>terram</strong></span> <span class='ocrx_word' id='word_1_674' title='bbox 3190 4317 3413 4381; x_wconf 85' lang='lat' dir='ltr'><strong>bonam,</strong></span> <span class='ocrx_word' id='word_1_675' title='bbox 3445 4315 3533 4369; x_wconf 86' lang='lat' dir='ltr'><strong>di-</strong></span> 
     </span>
    </p>
   </div>
   <div class='ocr_carea' id='block_1_84' title="bbox 229 4410 1790 4491">
    <p class='ocr_par' dir='ltr' id='par_1_84' title="bbox 229 4417 1790 4491">
     <span class='ocr_line' id='line_1_84' title="bbox 229 4417 1790 4491; baseline 0 -21"><span class='ocrx_word' id='word_1_676' title='bbox 229 4432 340 4470; x_wconf 74' lang='grc' dir='ltr'>των</span> <span class='ocrx_word' id='word_1_677' title='bbox 382 4419 686 4490; x_wconf 77' lang='grc' dir='ltr'>ἀπαιτήσει</span> <span class='ocrx_word' id='word_1_678' title='bbox 729 4417 900 4471; x_wconf 77' lang='grc' dir='ltr'>ἐλθὼν</span> <span class='ocrx_word' id='word_1_679' title='bbox 925 4458 956 4483; x_wconf 82' lang='lat'><strong>,.</strong></span> <span class='ocrx_word' id='word_1_680' title='bbox 991 4419 1087 4472; x_wconf 78' lang='grc' dir='ltr'><strong>καὶ</strong></span> <span class='ocrx_word' id='word_1_681' title='bbox 1124 4420 1213 4472; x_wconf 80' lang='grc' dir='ltr'>τὸν</span> <span class='ocrx_word' id='word_1_682' title='bbox 1235 4420 1520 4491; x_wconf 79' lang='grc' dir='ltr'>οἰκονόμον</span> <span class='ocrx_word' id='word_1_683' title='bbox 1560 4419 1752 4473; x_wconf 74' lang='grc' dir='ltr'>ἑαυτοῦ</span> <span class='ocrx_word' id='word_1_684' title='bbox 1783 4439 1790 4470; x_wconf 74' lang='grc' dir='ltr'><strong>ι</strong></span> 
     </span>
    </p>
   </div>
   <div class='ocr_carea' id='block_1_85' title="bbox 1970 4410 3531 4491">
    <p class='ocr_par' dir='ltr' id='par_1_85' title="bbox 1970 4410 3531 4477">
     <span class='ocr_line' id='line_1_85' title="bbox 1970 4410 3531 4477; baseline -0.008 -5"><span class='ocrx_word' id='word_1_685' title='bbox 1970 4420 2185 4474; x_wconf 84' lang='lat' dir='ltr'><strong>:endum</strong></span> <span class='ocrx_word' id='word_1_686' title='bbox 2233 4427 2336 4472; x_wconf 87' lang='lat' dir='ltr'><strong>est.</strong></span> <span class='ocrx_word' id='word_1_687' title='bbox 2395 4414 2548 4470; x_wconf 83' lang='lat' dir='ltr'><strong>Meus</strong></span> <span class='ocrx_word' id='word_1_688' title='bbox 2594 4413 2740 4466; x_wconf 91' lang='lat' dir='ltr'><strong>enim</strong></span> <span class='ocrx_word' id='word_1_689' title='bbox 2795 4411 2886 4465; x_wconf 89' lang='lat' dir='ltr'><strong>ille</strong></span> <span class='ocrx_word' id='word_1_690' title='bbox 2938 4410 3235 4474; x_wconf 91' lang='lat' dir='ltr'><strong>Dominus,</strong></span> <span class='ocrx_word' id='word_1_691' title='bbox 3277 4418 3531 4477; x_wconf 88' lang='lat' dir='ltr'><strong>tauquam</strong></span> 
     </span>
    </p>
   </div>
   <div class='ocr_carea' id='block_1_86' title="bbox 231 4505 1792 4580">
    <p class='ocr_par' dir='ltr' id='par_1_86' title="bbox 231 4508 1786 4580">
     <span class='ocr_line' id='line_1_86' title="bbox 231 4508 1786 4580; baseline 0.001 -18"><span class='ocrx_word' id='word_1_692' title='bbox 231 4508 597 4563; x_wconf 65' lang='grc' dir='ltr'>καταδικάσει</span> <span class='ocrx_word' id='word_1_693' title='bbox 624 4550 640 4574; x_wconf 89' lang='grc'><em>,</em></span> <span class='ocrx_word' id='word_1_694' title='bbox 679 4511 730 4563; x_wconf 87' lang='grc' dir='ltr'><strong>εί</strong></span> <span class='ocrx_word' id='word_1_695' title='bbox 763 4508 1026 4580; x_wconf 77' lang='grc' dir='ltr'>γνωρίζοι</span> <span class='ocrx_word' id='word_1_696' title='bbox 1072 4511 1233 4566; x_wconf 80' lang='grc' dir='ltr'>αὐτὸν</span> <span class='ocrx_word' id='word_1_697' title='bbox 1283 4511 1372 4565; x_wconf 84' lang='grc' dir='ltr'>διὰ</span> <span class='ocrx_word' id='word_1_698' title='bbox 1416 4513 1478 4566; x_wconf 80' lang='grc' dir='ltr'><strong>τὸ</strong></span> <span class='ocrx_word' id='word_1_699' title='bbox 1526 4511 1786 4566; x_wconf 80' lang='grc' dir='ltr'>ὲπίστασθ</span> 
     </span>
    </p>
   </div>
   <div class='ocr_carea' id='block_1_87' title="bbox 1967 4505 3528 4580">
    <p class='ocr_par' dir='ltr' id='par_1_87' title="bbox 1967 4505 3528 4580">
     <span class='ocr_line' id='line_1_87' title="bbox 1967 4505 3528 4580; baseline -0.01 -13"><span class='ocrx_word' id='word_1_700' title='bbox 1967 4512 2110 4568; x_wconf 89' lang='lat' dir='ltr'><strong>&#39;ortis</strong></span> <span class='ocrx_word' id='word_1_701' title='bbox 2139 4519 2194 4565; x_wconf 89' lang='lat' dir='ltr'><strong>et</strong></span> <span class='ocrx_word' id='word_1_702' title='bbox 2224 4520 2447 4580; x_wconf 87' lang='lat' dir='ltr'><strong>potens,</strong></span> <span class='ocrx_word' id='word_1_703' title='bbox 2481 4522 2580 4562; x_wconf 90' lang='lat' dir='ltr'><strong>sua</strong></span> <span class='ocrx_word' id='word_1_704' title='bbox 2615 4507 2842 4561; x_wconf 85' lang='lat' dir='ltr'><strong>veniens</strong></span> <span class='ocrx_word' id='word_1_705' title='bbox 2868 4505 2936 4560; x_wconf 84' lang='lat' dir='ltr'><strong>ab</strong></span> <span class='ocrx_word' id='word_1_706' title='bbox 2966 4505 3220 4559; x_wconf 90' lang='lat' dir='ltr'><strong>omnibus</strong></span> <span class='ocrx_word' id='word_1_707' title='bbox 3251 4510 3528 4570; x_wconf 88' lang='lat' dir='ltr'><strong>rcposcet;</strong></span> 
     </span>
    </p>
   </div>
   <div class='ocr_carea' id='block_1_88' title="bbox 231 4593 1792 4710">
    <p class='ocr_par' dir='ltr' id='par_1_88' title="bbox 231 4601 1791 4676">
     <span class='ocr_line' id='line_1_88' title="bbox 231 4601 1791 4676; baseline 0.003 -22"><span class='ocrx_word' id='word_1_708' title='bbox 231 4601 318 4655; x_wconf 74' lang='grc' dir='ltr'><strong>ὅτι</strong></span> <span class='ocrx_word' id='word_1_709' title='bbox 344 4601 580 4666; x_wconf 76' lang='grc' dir='ltr'>δυνατός</span> <span class='ocrx_word' id='word_1_710' title='bbox 622 4604 770 4656; x_wconf 78' lang='grc' dir='ltr'>ἐστιν</span> <span class='ocrx_word' id='word_1_711' title='bbox 798 4606 826 4657; x_wconf 90' lang='lat'><strong>6</strong></span> <span class='ocrx_word' id='word_1_712' title='bbox 857 4605 1064 4676; x_wconf 76' lang='grc' dir='ltr'>Κύριος</span> <span class='ocrx_word' id='word_1_713' title='bbox 1105 4605 1269 4659; x_wconf 77' lang='grc' dir='ltr'>αὐτοῦ</span> <span class='ocrx_word' id='word_1_714' title='bbox 1323 4606 1418 4660; x_wconf 75' lang='grc' dir='ltr'><strong>καὶ</strong></span> <span class='ocrx_word' id='word_1_715' title='bbox 1463 4604 1633 4659; x_wconf 78' lang='grc' dir='ltr'>ἐλθὼν</span> <span class='ocrx_word' id='word_1_716' title='bbox 1675 4607 1791 4660; x_wconf 87' lang='grc' dir='ltr'><strong>ἀπα</strong></span> 
     </span>
    </p>
   </div>
   <div class='ocr_carea' id='block_1_89' title="bbox 1969 4593 3530 4710">
    <p class='ocr_par' dir='ltr' id='par_1_89' title="bbox 1969 4593 3530 4673">
     <span class='ocr_line' id='line_1_89' title="bbox 1969 4593 3530 4673; baseline -0.01 -14"><span class='ocrx_word' id='word_1_717' title='bbox 1969 4619 2016 4659; x_wconf 83' lang='lat' dir='ltr'><strong>tc</strong></span> <span class='ocrx_word' id='word_1_718' title='bbox 2039 4605 2471 4673; x_wconf 79' lang='lat' dir='ltr'><strong>dispensatorem</strong></span> <span class='ocrx_word' id='word_1_719' title='bbox 2506 4618 2665 4658; x_wconf 89' lang='lat' dir='ltr'><strong>suum</strong></span> <span class='ocrx_word' id='word_1_720' title='bbox 2698 4616 2805 4654; x_wconf 88' lang='lat' dir='ltr'><strong>non</strong></span> <span class='ocrx_word' id='word_1_721' title='bbox 2835 4595 3236 4658; x_wconf 78' lang='lat' dir='ltr'><strong>condemnabit,</strong></span> <span class='ocrx_word' id='word_1_722' title='bbox 3283 4594 3333 4648; x_wconf 90' lang='lat' dir='ltr'><strong>si</strong></span> <span class='ocrx_word' id='word_1_723' title='bbox 3375 4593 3530 4646; x_wconf 88' lang='lat' dir='ltr'><strong>illum</strong></span> 
     </span>
    </p>
   </div>
   <div class='ocr_carea' id='block_1_90' title="bbox 231 4693 1792 4770">
    <p class='ocr_par' dir='ltr' id='par_1_90' title="bbox 231 4696 1792 4770">
     <span class='ocr_line' id='line_1_90' title="bbox 231 4696 1792 4770; baseline 0.003 -22"><span class='ocrx_word' id='word_1_724' title='bbox 231 4698 391 4768; x_wconf 71' lang='grc' dir='ltr'><strong>τήσει</strong></span> <span class='ocrx_word' id='word_1_725' title='bbox 421 4696 496 4749; x_wconf 70' lang='grc' dir='ltr'><strong>τὰ</strong></span> <span class='ocrx_word' id='word_1_726' title='bbox 524 4697 635 4750; x_wconf 71' lang='grc' dir='ltr'>ἴδια</span> <span class='ocrx_word' id='word_1_727' title='bbox 655 4738 669 4761; x_wconf 93' lang='grc'>,</span> <span class='ocrx_word' id='word_1_728' title='bbox 707 4699 802 4751; x_wconf 75' lang='grc' dir='ltr'>ἐπὶ</span> <span class='ocrx_word' id='word_1_729' title='bbox 835 4700 1014 4752; x_wconf 80' lang='grc' dir='ltr'>πᾶσαν</span> <span class='ocrx_word' id='word_1_730' title='bbox 1041 4698 1320 4770; x_wconf 84' lang='grc' dir='ltr'>τράπεζαν</span> <span class='ocrx_word' id='word_1_731' title='bbox 1354 4699 1564 4754; x_wconf 86' lang='grc' dir='ltr'>διδόντα</span> <span class='ocrx_word' id='word_1_732' title='bbox 1584 4740 1598 4764; x_wconf 93' lang='grc'><em>,</em></span> <span class='ocrx_word' id='word_1_733' title='bbox 1630 4699 1746 4752; x_wconf 89' lang='grc' dir='ltr'>ἀλλ’</span> <span class='ocrx_word' id='word_1_734' title='bbox 1775 4717 1792 4752; x_wconf 75' lang='grc' dir='ltr'><strong>ι</strong></span> 
     </span>
    </p>
   </div>
   <div class='ocr_carea' id='block_1_91' title="bbox 1967 4693 3528 4770">
    <p class='ocr_par' dir='ltr' id='par_1_91' title="bbox 1967 4693 3528 4768">
     <span class='ocr_line' id='line_1_91' title="bbox 1967 4693 3528 4768; baseline -0.008 -17"><span class='ocrx_word' id='word_1_735' title='bbox 1967 4700 2182 4765; x_wconf 77' lang='lat' dir='ltr'><strong>iuverit,</strong></span> <span class='ocrx_word' id='word_1_736' title='bbox 2208 4713 2332 4754; x_wconf 87' lang='lat' dir='ltr'><strong>cum</strong></span> <span class='ocrx_word' id='word_1_737' title='bbox 2356 4698 2530 4768; x_wconf 89' lang='lat' dir='ltr'><strong>probe</strong></span> <span class='ocrx_word' id='word_1_738' title='bbox 2551 4699 2721 4752; x_wconf 87' lang='lat' dir='ltr'><strong>sciret</strong></span> <span class='ocrx_word' id='word_1_739' title='bbox 2747 4693 3035 4750; x_wconf 91' lang='lat' dir='ltr'><strong>Dominum</strong></span> <span class='ocrx_word' id='word_1_740' title='bbox 3064 4705 3218 4746; x_wconf 89' lang='lat' dir='ltr'><strong>suum</strong></span> <span class='ocrx_word' id='word_1_741' title='bbox 3249 4696 3528 4757; x_wconf 88' lang='lat' dir='ltr'><strong>potentem</strong></span> 
     </span>
    </p>
   </div>
   <div class='ocr_carea' id='block_1_92' title="bbox 230 4781 1791 4864">
    <p class='ocr_par' dir='ltr' id='par_1_92' title="bbox 230 4789 1791 4864">
     <span class='ocr_line' id='line_1_92' title="bbox 230 4789 1791 4864; baseline 0.003 -22"><span class='ocrx_word' id='word_1_742' title='bbox 230 4790 302 4842; x_wconf 63' lang='lat'><strong>6.’</strong></span> <span class='ocrx_word' id='word_1_743' title='bbox 356 4791 541 4844; x_wconf 81' lang='grc' dir='ltr'>αξτίαν</span> <span class='ocrx_word' id='word_1_744' title='bbox 590 4791 980 4863; x_wconf 81' lang='grc' dir='ltr'>οἰανδηποτοῦν</span> <span class='ocrx_word' id='word_1_745' title='bbox 1033 4791 1431 4864; x_wconf 73' lang='grc' dir='ltr'>κατορύξαντα.</span> <span class='ocrx_word' id='word_1_746' title='bbox 1481 4794 1593 4847; x_wconf 76' lang='grc' dir='ltr'>Καὶ</span> <span class='ocrx_word' id='word_1_747' title='bbox 1635 4793 1695 4846; x_wconf 87' lang='grc' dir='ltr'><strong>τὸ</strong></span> <span class='ocrx_word' id='word_1_748' title='bbox 1745 4789 1791 4846; x_wconf 72' lang='grc' dir='ltr'>οἰ</span> 
     </span>
    </p>
   </div>
   <div class='ocr_carea' id='block_1_93' title="bbox 1968 4781 3529 4864">
    <p class='ocr_par' dir='ltr' id='par_1_93' title="bbox 1968 4781 3529 4858">
     <span class='ocr_line' id='line_1_93' title="bbox 1968 4781 3529 4858; baseline -0.01 -12"><span class='ocrx_word' id='word_1_749' title='bbox 1968 4807 2108 4858; x_wconf 69' lang='lat' dir='ltr'><strong>esse,</strong></span> <span class='ocrx_word' id='word_1_750' title='bbox 2141 4808 2204 4847; x_wconf 88' lang='lat' dir='ltr'><strong>ac</strong></span> <span class='ocrx_word' id='word_1_751' title='bbox 2246 4793 2560 4846; x_wconf 88' lang='lat' dir='ltr'><strong>venientem</strong></span> <span class='ocrx_word' id='word_1_752' title='bbox 2607 4804 2708 4844; x_wconf 86' lang='lat' dir='ltr'><strong>sua</strong></span> <span class='ocrx_word' id='word_1_753' title='bbox 2751 4788 3111 4856; x_wconf 90' lang='lat' dir='ltr'><strong>repetiturum</strong></span> <span class='ocrx_word' id='word_1_754' title='bbox 3142 4824 3158 4850; x_wconf 90' lang='lat'><strong>,</strong></span> <span class='ocrx_word' id='word_1_755' title='bbox 3202 4781 3269 4836; x_wconf 89' lang='lat' dir='ltr'><strong>ad</strong></span> <span class='ocrx_word' id='word_1_756' title='bbox 3313 4793 3529 4834; x_wconf 89' lang='lat' dir='ltr'><strong>omnem</strong></span> 
     </span>
    </p>
   </div>
   <div class='ocr_carea' id='block_1_94' title="bbox 245 4871 1806 4956">
    <p class='ocr_par' dir='ltr' id='par_1_94' title="bbox 245 4883 1806 4956">
     <span class='ocr_line' id='line_1_94' title="bbox 245 4883 1806 4956; baseline 0.003 -20"><span class='ocrx_word' id='word_1_757' title='bbox 245 4883 473 4955; x_wconf 75' lang='grc' dir='ltr'>Ἰσραὴλ</span> <span class='ocrx_word' id='word_1_758' title='bbox 489 4883 663 4954; x_wconf 70' lang='grc' dir='ltr'>ὄνομα</span> <span class='ocrx_word' id='word_1_759' title='bbox 689 4884 849 4938; x_wconf 79' lang='grc' dir='ltr'><strong>τοῦτο</strong></span> <span class='ocrx_word' id='word_1_760' title='bbox 882 4886 1158 4956; x_wconf 87' lang='grc' dir='ltr'>σημαίνει,</span> <span class='ocrx_word' id='word_1_761' title='bbox 1191 4884 1507 4955; x_wconf 80' lang='grc' dir='ltr'>ἄνθρωπος</span> <span class='ocrx_word' id='word_1_762' title='bbox 1527 4885 1712 4940; x_wconf 78' lang='grc' dir='ltr'>νικῶν</span> <span class='ocrx_word' id='word_1_763' title='bbox 1733 4886 1806 4941; x_wconf 86' lang='grc' dir='ltr'>δύ</span> 
     </span>
    </p>
   </div>
   <div class='ocr_carea' id='block_1_95' title="bbox 1968 4871 3529 4956">
    <p class='ocr_par' dir='ltr' id='par_1_95' title="bbox 1968 4871 3529 4952">
     <span class='ocr_line' id='line_1_95' title="bbox 1968 4871 3529 4952; baseline -0.01 -13"><span class='ocrx_word' id='word_1_764' title='bbox 1968 4900 2194 4948; x_wconf 81' lang='lat' dir='ltr'><strong>nensam</strong></span> <span class='ocrx_word' id='word_1_765' title='bbox 2218 4883 2438 4939; x_wconf 87' lang='lat' dir='ltr'><strong>dedisse</strong></span> <span class='ocrx_word' id='word_1_766' title='bbox 2465 4897 2584 4952; x_wconf 72' lang='lat' dir='ltr'><strong>quae</strong></span> <span class='ocrx_word' id='word_1_767' title='bbox 2616 4889 2930 4950; x_wconf 87' lang='lat' dir='ltr'><strong>acceperat,</strong></span> <span class='ocrx_word' id='word_1_768' title='bbox 2964 4877 3187 4930; x_wconf 89' lang='lat' dir='ltr'><strong>minime</strong></span> <span class='ocrx_word' id='word_1_769' title='bbox 3213 4887 3343 4927; x_wconf 90' lang='lat' dir='ltr'><strong>vero</strong></span> <span class='ocrx_word' id='word_1_770' title='bbox 3375 4871 3529 4925; x_wconf 83' lang='lat' dir='ltr'><strong>defo-</strong></span> 
     </span>
    </p>
   </div>
   <div class='ocr_carea' id='block_1_96' title="bbox 234 4965 1795 5050">
    <p class='ocr_par' dir='ltr' id='par_1_96' title="bbox 234 4975 1795 5050">
     <span class='ocr_line' id='line_1_96' title="bbox 234 4975 1795 5050; baseline 0.004 -22"><span class='ocrx_word' id='word_1_771' title='bbox 234 4993 436 5046; x_wconf 77' lang='grc' dir='ltr'>ναμιν.</span> <span class='ocrx_word' id='word_1_772' title='bbox 470 4977 546 5029; x_wconf 87' lang='lat' dir='ltr'><em>T6</em></span> <span class='ocrx_word' id='word_1_773' title='bbox 589 4975 698 5045; x_wconf 72' lang='grc' dir='ltr'><strong>γὰρ</strong></span> <span class='ocrx_word' id='word_1_774' title='bbox 733 4978 906 5045; x_wconf 69' lang='grc' dir='ltr'>Ἰσρα</span> <span class='ocrx_word' id='word_1_775' title='bbox 937 4979 1047 5050; x_wconf 79' lang='grc'>(59)</span> <span class='ocrx_word' id='word_1_776' title='bbox 1072 5019 1087 5044; x_wconf 92' lang='lat'><strong>,</strong></span> <span class='ocrx_word' id='word_1_777' title='bbox 1118 4980 1431 5048; x_wconf 79' lang='grc' dir='ltr'>ἅνθρωπός</span> <span class='ocrx_word' id='word_1_778' title='bbox 1479 4983 1595 5034; x_wconf 77' lang='grc' dir='ltr'>ἐστι</span> <span class='ocrx_word' id='word_1_779' title='bbox 1617 5000 1628 5010; x_wconf 91' lang='grc'>·</span> <span class='ocrx_word' id='word_1_780' title='bbox 1678 4981 1742 5034; x_wconf 85' lang='grc' dir='ltr'><strong>τὸ</strong></span> <span class='ocrx_word' id='word_1_781' title='bbox 1780 4981 1795 5034; x_wconf 73' lang='grc' dir='ltr'><strong>ί</strong></span> 
     </span>
    </p>
   </div>
   <div class='ocr_carea' id='block_1_97' title="bbox 1970 4965 3531 5050">
    <p class='ocr_par' dir='ltr' id='par_1_97' title="bbox 1970 4965 3531 5047">
     <span class='ocr_line' id='line_1_97' title="bbox 1970 4965 3531 5047; baseline -0.009 -14"><span class='ocrx_word' id='word_1_782' title='bbox 1970 4979 2096 5035; x_wconf 89' lang='lat' dir='ltr'><strong>lisse</strong></span> <span class='ocrx_word' id='word_1_783' title='bbox 2150 4980 2222 5035; x_wconf 90' lang='lat' dir='ltr'><strong>ob</strong></span> <span class='ocrx_word' id='word_1_784' title='bbox 2279 4977 2446 5032; x_wconf 88' lang='lat' dir='ltr'><strong>ullam</strong></span> <span class='ocrx_word' id='word_1_785' title='bbox 2492 4990 2721 5047; x_wconf 85' lang='lat' dir='ltr'><strong>prorsus</strong></span> <span class='ocrx_word' id='word_1_786' title='bbox 2761 4986 3007 5028; x_wconf 88' lang='lat' dir='ltr'><strong>causam.</strong></span> <span class='ocrx_word' id='word_1_787' title='bbox 3055 4969 3114 5024; x_wconf 88' lang='lat' dir='ltr'><strong>ld</strong></span> <span class='ocrx_word' id='word_1_788' title='bbox 3169 4965 3334 5039; x_wconf 80' lang='lat' dir='ltr'><strong>igitur</strong></span> <span class='ocrx_word' id='word_1_789' title='bbox 3385 4965 3531 5022; x_wconf 85' lang='lat' dir='ltr'><strong>valet</strong></span> 
     </span>
    </p>
   </div>
   <div class='ocr_carea' id='block_1_98' title="bbox 311 5131 1692 5203">
    <p class='ocr_par' dir='ltr' id='par_1_98' title="bbox 311 5131 1692 5203">
     <span class='ocr_line' id='line_1_98' title="bbox 311 5131 1692 5203; baseline 0.007 -20"><span class='ocrx_word' id='word_1_790' title='bbox 311 5131 536 5186; x_wconf 74' lang='lat' dir='ltr'><strong>“Psal.</strong></span> <span class='ocrx_word' id='word_1_791' title='bbox 571 5147 740 5186; x_wconf 76' lang='lat' dir='ltr'><strong>um</strong></span> <span class='ocrx_word' id='word_1_792' title='bbox 771 5147 870 5202; x_wconf 89' lang='lat' dir='ltr'><strong>per</strong></span> <span class='ocrx_word' id='word_1_793' title='bbox 901 5141 1100 5189; x_wconf 87' lang='lat' dir='ltr'><strong>totum.</strong></span> <span class='ocrx_word' id='word_1_794' title='bbox 1174 5134 1222 5166; x_wconf 70' lang='lat'><strong>&quot;‘</strong></span> <span class='ocrx_word' id='word_1_795' title='bbox 1253 5135 1448 5190; x_wconf 83' lang='lat' dir='ltr'><strong>Matth.</strong></span> <span class='ocrx_word' id='word_1_796' title='bbox 1483 5151 1606 5203; x_wconf 65' lang='grc' dir='ltr'>χιιι,</span> <span class='ocrx_word' id='word_1_797' title='bbox 1638 5137 1692 5193; x_wconf 76' lang='grc'><strong>5.</strong></span> 
     </span>
    </p>
   </div>
   <div class='ocr_carea' id='block_1_99' title="bbox 291 5280 1852 5362">
    <p class='ocr_par' dir='ltr' id='par_1_99' title="bbox 291 5285 1830 5362">
     <span class='ocr_line' id='line_1_99' title="bbox 291 5285 1830 5362; baseline 0.005 -23"><span class='ocrx_word' id='word_1_798' title='bbox 291 5287 405 5362; x_wconf 72' lang='lat'><strong>{35)</strong></span> <span class='ocrx_word' id='word_1_799' title='bbox 420 5288 521 5341; x_wconf 79' lang='grc' dir='ltr'><strong>Ἐν</strong></span> <span class='ocrx_word' id='word_1_800' title='bbox 533 5285 605 5362; x_wconf 59' lang='grc' dir='ltr'><strong>δε</strong></span> <span class='ocrx_word' id='word_1_801' title='bbox 617 5285 691 5362; x_wconf 78' lang='grc' dir='ltr'><strong>τῇ</strong></span> <span class='ocrx_word' id='word_1_802' title='bbox 702 5287 822 5362; x_wconf 65' lang='grc' dir='ltr'><strong>τῶν</strong></span> <span class='ocrx_word' id='word_1_803' title='bbox 834 5288 1297 5362; x_wconf 53' lang='grc' dir='ltr'>Ἐϐδομήκονται</span> <span class='ocrx_word' id='word_1_804' title='bbox 1317 5290 1479 5346; x_wconf 89' lang='lat' dir='ltr'><strong>Decla</strong></span> <span class='ocrx_word' id='word_1_805' title='bbox 1489 5302 1568 5362; x_wconf 81' lang='lat' dir='ltr'><strong>rat</strong></span> <span class='ocrx_word' id='word_1_806' title='bbox 1583 5290 1830 5361; x_wconf 82' lang='lat' dir='ltr'><strong>profecto</strong></span> 
     </span>
    </p>
   </div>
   <div class='ocr_carea' id='block_1_100' title="bbox 1969 5280 3530 5362">
    <p class='ocr_par' dir='ltr' id='par_1_100' title="bbox 2009 5280 3530 5362">
     <span class='ocr_line' id='line_1_100' title="bbox 2009 5280 3530 5362; baseline -0.005 -17"><span class='ocrx_word' id='word_1_807' title='bbox 2009 5289 2124 5362; x_wconf 78' lang='lat'><strong>(56)</strong></span> <span class='ocrx_word' id='word_1_808' title='bbox 2163 5288 2367 5362; x_wconf 49' lang='lat' dir='ltr'><strong>Aedan)</strong></span> <span class='ocrx_word' id='word_1_809' title='bbox 2398 5283 2836 5355; x_wconf 78' lang='grc' dir='ltr'>ἀποπλανῆσαι</span> <span class='ocrx_word' id='word_1_810' title='bbox 2868 5283 2985 5353; x_wconf 73' lang='grc' dir='ltr'><strong>τὴν</strong></span> <span class='ocrx_word' id='word_1_811' title='bbox 3016 5284 3202 5338; x_wconf 80' lang='grc' dir='ltr'>Εὔαν.</span> <span class='ocrx_word' id='word_1_812' title='bbox 3252 5281 3387 5337; x_wconf 85' lang='lat' dir='ltr'><strong>Vide</strong></span> <span class='ocrx_word' id='word_1_813' title='bbox 3423 5280 3530 5338; x_wconf 81' lang='lat' dir='ltr'><strong>Ta-</strong></span> 
     </span>
    </p>
   </div>
   <div class='ocr_carea' id='block_1_101' title="bbox 236 5355 2322 5426">
    <p class='ocr_par' dir='ltr' id='par_1_101' title="bbox 236 5355 2322 5426">
     <span class='ocr_line' id='line_1_101' title="bbox 236 5355 2322 5426; baseline 0.002 -15"><span class='ocrx_word' id='word_1_814' title='bbox 236 5355 494 5413; x_wconf 70' lang='lat' dir='ltr'><strong>lustinus</strong></span> <span class='ocrx_word' id='word_1_815' title='bbox 522 5355 730 5426; x_wconf 86' lang='lat' dir='ltr'><strong>aliquid</strong></span> <span class='ocrx_word' id='word_1_816' title='bbox 765 5373 888 5414; x_wconf 84' lang='lat' dir='ltr'><strong>esse</strong></span> <span class='ocrx_word' id='word_1_817' title='bbox 919 5355 1257 5415; x_wconf 76' lang='lat' dir='ltr'><strong>discriminis</strong></span> <span class='ocrx_word' id='word_1_818' title='bbox 1285 5361 1432 5416; x_wconf 89' lang='lat' dir='ltr'><strong>inter</strong></span> <span class='ocrx_word' id='word_1_819' title='bbox 1456 5355 1742 5418; x_wconf 58' lang='lat' dir='ltr'><strong>Hebraeum</strong></span> <span class='ocrx_word' id='word_1_820' title='bbox 1772 5371 1830 5416; x_wconf 88' lang='lat' dir='ltr'><strong>et</strong></span> <span class='ocrx_word' id='word_1_821' title='bbox 1939 5355 2149 5416; x_wconf 77' lang='lat' dir='ltr'><strong>tiaitum</strong></span> <span class='ocrx_word' id='word_1_822' title='bbox 2181 5377 2237 5413; x_wconf 93' lang='lat' dir='ltr'><strong>n.</strong></span> <span class='ocrx_word' id='word_1_823' title='bbox 2267 5359 2322 5416; x_wconf 87' lang='lat'><strong>8.</strong></span> 
     </span>
    </p>
   </div>
   <div class='ocr_carea' id='block_1_102' title="bbox 240 5423 3530 5503">
    <p class='ocr_par' dir='ltr' id='par_1_102' title="bbox 240 5423 3530 5503">
     <span class='ocr_line' id='line_1_102' title="bbox 240 5423 3530 5503; baseline -0.002 -21"><span class='ocrx_word' id='word_1_824' title='bbox 240 5423 631 5503; x_wconf 49' lang='lat' dir='ltr'><strong>Septuagirtta.</strong></span> <span class='ocrx_word' id='word_1_825' title='bbox 661 5427 874 5482; x_wconf 80' lang='lat' dir='ltr'><strong>Nullum</strong></span> <span class='ocrx_word' id='word_1_826' title='bbox 919 5432 1424 5503; x_wconf 86' lang='lat' dir='ltr'><strong>tamen_discrimen</strong></span> <span class='ocrx_word' id='word_1_827' title='bbox 1486 5432 1828 5502; x_wconf 89' lang='lat' dir='ltr'><strong>reliquerunt</strong></span> <span class='ocrx_word' id='word_1_828' title='bbox 1961 5430 2420 5503; x_wconf 61' lang='lat' dir='ltr'><strong>__(57)_&#39;ant&#39;_wc.</strong></span> <span class='ocrx_word' id='word_1_829' title='bbox 2450 5428 2767 5498; x_wconf 79' lang='lat' dir='ltr'><strong>Legendum</strong></span> <span class='ocrx_word' id='word_1_830' title='bbox 2801 5427 2985 5497; x_wconf 84' lang='grc' dir='ltr'>ὅμως,</span> <span class='ocrx_word' id='word_1_831' title='bbox 3015 5434 3073 5479; x_wconf 84' lang='grc' dir='ltr'><strong>ιιι</strong></span> <span class='ocrx_word' id='word_1_832' title='bbox 3095 5423 3379 5478; x_wconf 86' lang='lat' dir='ltr'><strong>admonuit</strong></span> <span class='ocrx_word' id='word_1_833' title='bbox 3401 5437 3530 5476; x_wconf 88' lang='lat' dir='ltr'><strong>eru-</strong></span> 
     </span>
    </p>
   </div>
   <div class='ocr_carea' id='block_1_103' title="bbox 241 5497 3040 5572">
    <p class='ocr_par' dir='ltr' id='par_1_103' title="bbox 241 5497 3040 5572">
     <span class='ocr_line' id='line_1_103' title="bbox 241 5497 3040 5572; baseline 0.005 -22"><span class='ocrx_word' id='word_1_834' title='bbox 241 5497 480 5572; x_wconf 64' lang='lat' dir='ltr'><strong>l_ibra_rii.</strong></span> <span class='ocrx_word' id='word_1_835' title='bbox 511 5497 620 5551; x_wconf 86' lang='lat' dir='ltr'><strong>Sed</strong></span> <span class='ocrx_word' id='word_1_836' title='bbox 649 5507 762 5552; x_wconf 84' lang='lat' dir='ltr'><strong>tota</strong></span> <span class='ocrx_word' id='word_1_837' title='bbox 799 5515 886 5554; x_wconf 90' lang='lat' dir='ltr'><strong>res</strong></span> <span class='ocrx_word' id='word_1_838' title='bbox 921 5501 1269 5572; x_wconf 70' lang='lat' dir='ltr'><strong>expedietur,</strong></span> <span class='ocrx_word' id='word_1_839' title='bbox 1311 5503 1356 5555; x_wconf 91' lang='lat' dir='ltr'><strong>si</strong></span> <span class='ocrx_word' id='word_1_840' title='bbox 1393 5518 1558 5572; x_wconf 79' lang='lat' dir='ltr'><strong>supra</strong></span> <span class='ocrx_word' id='word_1_841' title='bbox 1589 5497 1834 5572; x_wconf 79' lang='lat' dir='ltr'><strong>legamus</strong></span> <span class='ocrx_word' id='word_1_842' title='bbox 1939 5497 2423 5572; x_wconf 52' lang='lat' dir='ltr'><strong>dit&#39;us&#39;Thi&#39;rlhins.</strong></span> <span class='ocrx_word' id='word_1_843' title='bbox 2539 5497 2551 5498; x_wconf 27' lang='grc' dir='ltr'><strong>ί</strong></span> <span class='ocrx_word' id='word_1_844' title='bbox 2625 5570 2634 5572; x_wconf 21' lang='grc' dir='ltr'><em>Α</em></span> <span class='ocrx_word' id='word_1_845' title='bbox 2709 5568 2720 5572; x_wconf 88' lang='lat'>_</span> <span class='ocrx_word' id='word_1_846' title='bbox 2808 5566 2842 5572; x_wconf 83' lang='lat'><strong><em>_</em></strong></span> <span class='ocrx_word' id='word_1_847' title='bbox 2947 5567 2999 5572; x_wconf 46' lang='grc' dir='ltr'><strong>η</strong></span> <span class='ocrx_word' id='word_1_848' title='bbox 3035 5557 3040 5564; x_wconf 89' lang='grc'>.</span> 
     </span>
    </p>
   </div>
   <div class='ocr_carea' id='block_1_104' title="bbox 237 5563 1798 5642">
    <p class='ocr_par' dir='ltr' id='par_1_104' title="bbox 237 5563 1793 5642">
     <span class='ocr_line' id='line_1_104' title="bbox 237 5563 1793 5642; baseline 0.003 -23"><span class='ocrx_word' id='word_1_849' title='bbox 237 5569 320 5642; x_wconf 65' lang='grc' dir='ltr'><strong>ὡς</strong></span> <span class='ocrx_word' id='word_1_850' title='bbox 364 5567 685 5642; x_wconf 74' lang='grc' dir='ltr'>ἄνθρωπος,</span> <span class='ocrx_word' id='word_1_851' title='bbox 738 5578 805 5642; x_wconf 68' lang='lat' dir='ltr'><strong>ut</strong></span> <span class='ocrx_word' id='word_1_852' title='bbox 847 5563 1199 5642; x_wconf 15' lang='lat' dir='ltr'><strong>inrH&#39;ebraro.</strong></span> <span class='ocrx_word' id='word_1_853' title='bbox 1256 5563 1376 5642; x_wconf 82' lang='lat' dir='ltr'><strong>ipse</strong></span> <span class='ocrx_word' id='word_1_854' title='bbox 1425 5563 1672 5628; x_wconf 66' lang='lat' dir='ltr'><strong>Justinus</strong></span> <span class='ocrx_word' id='word_1_855' title='bbox 1725 5587 1793 5625; x_wconf 92' lang='lat' dir='ltr'><strong>no</strong></span> 
     </span>
    </p>
   </div>
   <div class='ocr_carea' id='block_1_105' title="bbox 1961 5563 3522 5642">
    <p class='ocr_par' dir='ltr' id='par_1_105' title="bbox 1961 5563 3522 5642">
     <span class='ocr_line' id='line_1_105' title="bbox 1961 5563 3522 5642; baseline -0.006 -15"><span class='ocrx_word' id='word_1_856' title='bbox 1961 5640 1967 5642; x_wconf 20' lang='grc' dir='ltr'>ν</span> <span class='ocrx_word' id='word_1_857' title='bbox 2010 5568 2123 5640; x_wconf 74' lang='grc'><strong>(58)</strong></span> <span class='ocrx_word' id='word_1_858' title='bbox 2173 5571 2528 5642; x_wconf 68' lang='grc' dir='ltr'>Ἐπίσταμαι</span> <span class='ocrx_word' id='word_1_859' title='bbox 2570 5566 2916 5642; x_wconf 14' lang='grc' dir='ltr'><strong>αᾼὺτόςκΡΓρ</strong></span> <span class='ocrx_word' id='word_1_860' title='bbox 2947 5567 3034 5621; x_wconf 86' lang='lat' dir='ltr'><strong>his</strong></span> <span class='ocrx_word' id='word_1_861' title='bbox 3058 5564 3281 5642; x_wconf 71' lang='lat' dir='ltr'><strong>vocibus</strong></span> <span class='ocrx_word' id='word_1_862' title='bbox 3331 5563 3522 5642; x_wconf 78' lang='lat' dir='ltr'><strong>legen-</strong></span> 
     </span>
    </p>
   </div>
   <div class='ocr_carea' id='block_1_106' title="bbox 241 5635 3524 5712">
    <p class='ocr_par' dir='ltr' id='par_1_106' title="bbox 241 5635 3524 5712">
     <span class='ocr_line' id='line_1_106' title="bbox 241 5635 3524 5712; baseline -0.001 -20"><span class='ocrx_word' id='word_1_863' title='bbox 241 5635 729 5712; x_wconf 59' lang='lat' dir='ltr'><strong>gbscure&#39;indicat</strong></span> <span class='ocrx_word' id='word_1_864' title='bbox 754 5640 1059 5712; x_wconf 82' lang='lat' dir='ltr'><strong>discrimen</strong></span> <span class='ocrx_word' id='word_1_865' title='bbox 1087 5641 1140 5712; x_wconf 83' lang='lat' dir='ltr'><strong>in</strong></span> <span class='ocrx_word' id='word_1_866' title='bbox 1167 5657 1232 5697; x_wconf 87' lang='lat' dir='ltr'><strong>eo</strong></span> <span class='ocrx_word' id='word_1_867' title='bbox 1261 5635 1501 5712; x_wconf 77' lang='lat' dir='ltr'><strong>positum</strong></span> <span class='ocrx_word' id='word_1_868' title='bbox 1533 5658 1658 5698; x_wconf 90' lang='lat' dir='ltr'><strong>esse</strong></span> <span class='ocrx_word' id='word_1_869' title='bbox 1684 5644 1828 5712; x_wconf 77' lang='lat' dir='ltr'><strong>quod</strong></span> <span class='ocrx_word' id='word_1_870' title='bbox 1936 5635 2064 5712; x_wconf 75' lang='lat' dir='ltr'><strong>dum</strong></span> <span class='ocrx_word' id='word_1_871' title='bbox 2100 5642 2317 5696; x_wconf 89' lang='lat' dir='ltr'><strong>videtur</strong></span> <span class='ocrx_word' id='word_1_872' title='bbox 2341 5635 2560 5712; x_wconf 73' lang='grc' dir='ltr'>ἀπατᾷν</span> <span class='ocrx_word' id='word_1_873' title='bbox 2598 5637 3035 5712; x_wconf 40' lang='grc' dir='ltr'>ἑαυτούςηᾶυρε</span> <span class='ocrx_word' id='word_1_874' title='bbox 3064 5635 3198 5712; x_wconf 77' lang='lat' dir='ltr'><strong>alias</strong></span> <span class='ocrx_word' id='word_1_875' title='bbox 3223 5639 3524 5712; x_wconf 78' lang='lat' dir='ltr'><strong>exprobrat</strong></span> 
     </span>
    </p>
   </div>
   <div class='ocr_carea' id='block_1_107' title="bbox 243 5705 3522 5789">
    <p class='ocr_par' dir='ltr' id='par_1_107' title="bbox 243 5705 3522 5789">
     <span class='ocr_line' id='line_1_107' title="bbox 243 5705 3522 5789; baseline -0.001 -29"><span class='ocrx_word' id='word_1_876' title='bbox 243 5708 609 5789; x_wconf 75' lang='lat' dir='ltr'><strong>Septuaginta</strong></span> <span class='ocrx_word' id='word_1_877' title='bbox 651 5710 942 5789; x_wconf 77' lang='lat' dir='ltr'><strong>posuerint</strong></span> <span class='ocrx_word' id='word_1_878' title='bbox 969 5710 1045 5773; x_wconf 82' lang='grc' dir='ltr'><strong>ὡς</strong></span> <span class='ocrx_word' id='word_1_879' title='bbox 1071 5705 1370 5783; x_wconf 74' lang='grc' dir='ltr'>ἄνθρωποι.</span> <span class='ocrx_word' id='word_1_880' title='bbox 1405 5714 1504 5789; x_wconf 86' lang='lat' dir='ltr'><strong>_Ai_t</strong></span> <span class='ocrx_word' id='word_1_881' title='bbox 1526 5715 1672 5767; x_wconf 91' lang='lat' dir='ltr'><strong>enim</strong></span> <span class='ocrx_word' id='word_1_882' title='bbox 1702 5705 1830 5767; x_wconf 81' lang='lat' dir='ltr'><strong>illo-</strong></span> <span class='ocrx_word' id='word_1_883' title='bbox 1932 5709 2161 5789; x_wconf 73' lang='lat' dir='ltr'><strong>Judaeis,</strong></span> <span class='ocrx_word' id='word_1_884' title='bbox 2184 5712 2326 5782; x_wconf 88' lang='lat' dir='ltr'><strong>quod</strong></span> <span class='ocrx_word' id='word_1_885' title='bbox 2349 5705 3008 5789; x_wconf 52' lang='lat' dir='ltr'><strong>semeiipsosllecipiant;</strong></span> <span class='ocrx_word' id='word_1_886' title='bbox 3041 5705 3201 5776; x_wconf 77' lang='lat' dir='ltr'><strong>cujus</strong></span> <span class='ocrx_word' id='word_1_887' title='bbox 3229 5708 3305 5760; x_wconf 89' lang='lat' dir='ltr'><strong>rei</strong></span> <span class='ocrx_word' id='word_1_888' title='bbox 3334 5720 3522 5759; x_wconf 81' lang='lat' dir='ltr'><strong>exem-</strong></span> 
     </span>
    </p>
   </div>
   <div class='ocr_carea' id='block_1_108' title="bbox 244 5779 2744 5850">
    <p class='ocr_par' dir='ltr' id='par_1_108' title="bbox 244 5779 2744 5850">
     <span class='ocr_line' id='line_1_108' title="bbox 244 5779 2744 5850; baseline -0 -19"><span class='ocrx_word' id='word_1_889' title='bbox 244 5794 369 5831; x_wconf 83' lang='lat' dir='ltr'><strong>rutn</strong></span> <span class='ocrx_word' id='word_1_890' title='bbox 402 5781 923 5849; x_wconf 79' lang='lat' dir='ltr'><strong>interpretationem</strong></span> <span class='ocrx_word' id='word_1_891' title='bbox 967 5792 1150 5848; x_wconf 88' lang='lat' dir='ltr'><strong>aptam</strong></span> <span class='ocrx_word' id='word_1_892' title='bbox 1177 5779 1316 5838; x_wconf 71' lang='lat' dir='ltr'><strong>esse</strong></span> <span class='ocrx_word' id='word_1_893' title='bbox 1350 5785 1418 5838; x_wconf 86' lang='lat' dir='ltr'><strong>ad</strong></span> <span class='ocrx_word' id='word_1_894' title='bbox 1450 5787 1831 5839; x_wconf 78' lang='lat' dir='ltr'><strong>demonstran-</strong></span> <span class='ocrx_word' id='word_1_895' title='bbox 1930 5782 2016 5850; x_wconf 89' lang='lat' dir='ltr'><strong>pla</strong></span> <span class='ocrx_word' id='word_1_896' title='bbox 2054 5779 2499 5850; x_wconf 40' lang='grc' dir='ltr'>Ιιηῡοὶιιυεηκὸιί</span> <span class='ocrx_word' id='word_1_897' title='bbox 2528 5791 2584 5833; x_wconf 88' lang='lat' dir='ltr'><strong>et</strong></span> <span class='ocrx_word' id='word_1_898' title='bbox 2617 5779 2744 5834; x_wconf 79' lang='grc'><strong>105.</strong></span> 
     </span>
    </p>
   </div>
   <div class='ocr_carea' id='block_1_109' title="bbox 239 5842 1800 5930">
    <p class='ocr_par' dir='ltr' id='par_1_109' title="bbox 239 5842 1800 5930">
     <span class='ocr_line' id='line_1_109' title="bbox 239 5842 1800 5930; baseline 0.008 -34"><span class='ocrx_word' id='word_1_899' title='bbox 239 5851 370 5930; x_wconf 52' lang='lat' dir='ltr'><strong>ring]</strong></span> <span class='ocrx_word' id='word_1_900' title='bbox 403 5842 699 5930; x_wconf 43' lang='lat' dir='ltr'><strong>&#39;homi&#39;npm</strong></span> <span class='ocrx_word' id='word_1_901' title='bbox 747 5842 1209 5930; x_wconf 70' lang='lat' dir='ltr'><strong>inobe_ilieittiair_t_,</strong></span> <span class='ocrx_word' id='word_1_902' title='bbox 1250 5854 1352 5927; x_wconf 80' lang='grc' dir='ltr'>τὴν</span> <span class='ocrx_word' id='word_1_903' title='bbox 1401 5854 1686 5927; x_wconf 82' lang='grc' dir='ltr'>παρακοὴν</span> <span class='ocrx_word' id='word_1_904' title='bbox 1718 5853 1800 5908; x_wconf 51' lang='grc' dir='ltr'><strong>τῶπ</strong></span> 
     </span>
    </p>
   </div>
   <div class='ocr_carea' id='block_1_110' title="bbox 1957 5842 3518 5930">
    <p class='ocr_par' dir='ltr' id='par_1_110' title="bbox 2005 5842 3518 5930">
     <span class='ocr_line' id='line_1_110' title="bbox 2005 5842 3518 5930; baseline -0.003 -24"><span class='ocrx_word' id='word_1_905' title='bbox 2005 5853 2119 5930; x_wconf 66' lang='grc' dir='ltr'>(ὅθ)</span> <span class='ocrx_word' id='word_1_906' title='bbox 2165 5851 2235 5930; x_wconf 76' lang='lat' dir='ltr'><em>T6</em></span> <span class='ocrx_word' id='word_1_907' title='bbox 2271 5842 2843 5930; x_wconf 32' lang='lat' dir='ltr'><strong>76p_&#39;_&#39;laga.ﬂ_l.ocns_</strong></span> <span class='ocrx_word' id='word_1_908' title='bbox 2879 5865 2989 5930; x_wconf 82' lang='lat' dir='ltr'><strong>non</strong></span> <span class='ocrx_word' id='word_1_909' title='bbox 3038 5857 3192 5930; x_wconf 67' lang='lat' dir='ltr'><strong>caret</strong></span> <span class='ocrx_word' id='word_1_910' title='bbox 3234 5846 3392 5909; x_wconf 87' lang='lat' dir='ltr'><strong>vitio,</strong></span> <span class='ocrx_word' id='word_1_911' title='bbox 3416 5848 3518 5927; x_wconf 37' lang='lat' dir='ltr'><strong>-ita</strong></span> 
     </span>
    </p>
   </div>
   <div class='ocr_carea' id='block_1_111' title="bbox 240 5916 1801 5994">
    <p class='ocr_par' dir='ltr' id='par_1_111' title="bbox 240 5916 1656 5989">
     <span class='ocr_line' id='line_1_111' title="bbox 240 5916 1656 5989; baseline 0.01 -19"><span class='ocrx_word' id='word_1_912' title='bbox 240 5917 571 5989; x_wconf 69' lang='grc' dir='ltr'>ὼιθρὼπων,</span> <span class='ocrx_word' id='word_1_913' title='bbox 598 5918 794 5976; x_wconf 78' lang='lat' dir='ltr'><strong>Adami</strong></span> <span class='ocrx_word' id='word_1_914' title='bbox 823 5921 1032 5978; x_wconf 82' lang='lat' dir='ltr'><strong>scilicet</strong></span> <span class='ocrx_word' id='word_1_915' title='bbox 1053 5929 1119 5977; x_wconf 20' lang='lat' dir='ltr'><strong>et,</strong></span> <span class='ocrx_word' id='word_1_916' title='bbox 1142 5916 1318 5980; x_wconf 58' lang='lat' dir='ltr'><strong>sm:</strong></span> <span class='ocrx_word' id='word_1_917' title='bbox 1483 5916 1494 5927; x_wconf 85' lang='grc'><em>’</em></span> <span class='ocrx_word' id='word_1_918' title='bbox 1643 5916 1656 5926; x_wconf 78' lang='grc'><em>’</em></span> 
     </span>
    </p>
   </div>
   <div class='ocr_carea' id='block_1_112' title="bbox 1959 5916 3520 5994">
    <p class='ocr_par' dir='ltr' id='par_1_112' title="bbox 1959 5916 3520 5994">
     <span class='ocr_line' id='line_1_112' title="bbox 1959 5916 3520 5994; baseline -0.004 -14"><span class='ocrx_word' id='word_1_919' title='bbox 1959 5916 2290 5993; x_wconf 64' lang='lat' dir='ltr'><strong>:orrigendus</strong></span> <span class='ocrx_word' id='word_1_920' title='bbox 2321 5916 2445 5976; x_wconf 63' lang='grc' dir='ltr'><strong>ς’Τὸ</strong></span> <span class='ocrx_word' id='word_1_921' title='bbox 2483 5916 2593 5992; x_wconf 70' lang='grc' dir='ltr'>γὰρ</span> <span class='ocrx_word' id='word_1_922' title='bbox 2626 5921 2784 5994; x_wconf 83' lang='grc' dir='ltr'>Ἱσρα</span> <span class='ocrx_word' id='word_1_923' title='bbox 2807 5919 3120 5991; x_wconf 79' lang='grc' dir='ltr'>ἄνθρωπός</span> <span class='ocrx_word' id='word_1_924' title='bbox 3159 5919 3275 5973; x_wconf 73' lang='grc' dir='ltr'>ἐστι</span> <span class='ocrx_word' id='word_1_925' title='bbox 3302 5916 3520 5980; x_wconf 77' lang='grc' dir='ltr'><strong>νικῶν,</strong></span> 
     </span>
    </p>
   </div>
  </div>
