3954 6258
448 364 553 419 767

452 481 668 536 lsraelis
703 496 931 546 nomen,
964 481 1119 537 homo
1154 485 1361 539 vincens
1395 487 1659 542 virtutem.
1706 489 1830 545 Isra
1876 494 2020 548 enim

2133 498 2283 561 “11.1,
2319 498 2588 569 δύναμις.
2639 504 2814 574 Ὅπερ
2850 504 2943 559 καὶ
2990 506 3077 560 διὰ
3124 509 3218 562 τοῦ
3268 527 3440 584 μυστη

447 582 533 628 est
561 574 723 626 homo
764 573 1009 639 vincens,
1036 572 1105 626 El
1147 585 1326 629 autem
1360 576 1558 634 virtus.
1597 580 1755 647 Quod
1799 586 2017 653 quidem

446 664 729 717 Christum
754 662 827 718 ita
864 662 1135 717 facturum
1160 680 1304 731 esse,
1335 682 1456 721 cum
1486 670 1649 725 homo
1679 672 1856 729 factus
1898 674 2029 730 fuis-

448 762 572 816 set,
612 767 711 819 per
756 752 1078 823 mysterium
1117 754 1262 807 illius
1308 756 1475 809 etiam
1524 756 1839 815 luctatiouis
1890 778 2030 832 pral-

450 844 657 897 dictum
693 852 814 907 est,
845 859 949 911 qua
982 841 1151 898 Jacob
1178 845 1418 901 luctatus
1450 859 1532 902 est
1559 865 1682 903 eum
1720 866 1786 906 eo
1815 855 1905 922 qui
1950 855 2029 908 vi-

450 936 686 987 debatur
711 935 957 1003 quidem,
996 950 1062 989 eo
1092 938 1235 1003 quod
1260 936 1441 992 Patris
1461 940 1725 995 voluntati
1753 946 2031 1000 ministra-

449 1035 550 1088 ret,
578 1027 719 1079 Deus
743 1038 921 1079 autem
947 1037 1051 1092 est,
1078 1042 1143 1080 eo
1166 1029 1309 1096 quod
1347 1030 1491 1084 [ilius
1527 1032 1921 1103 primogenitus
1958 1039 2032 1093 sit

446 1117 691 1169 omnium
730 1128 1130 1171 creaturarum.
1164 1119 1460 1189 Postquam
1494 1123 1638 1177 enim
1666 1125 1831 1182 homo
1856 1128 2031 1185 factus

446 1218 550 1272 est,
594 1220 649 1262 ut
679 1207 792 1274 jam
832 1210 966 1273 dixi,
1013 1214 1249 1266 accessit
1273 1215 1341 1266 ad
1378 1229 1502 1267 eum
1532 1215 1807 1283 diabolus,
1847 1220 1901 1275 id
1947 1232 2032 1277 est

446 1301 623 1355 virtus
664 1302 773 1367 illa,
810 1319 932 1373 qua:
953 1316 1007 1358 et
1029 1320 1256 1373 serpens
1286 1318 1519 1362 vocatur
1538 1319 1593 1363 et
1627 1308 1882 1379 Satanas,
1912 1324 2034 1370 teu-

447 1404 570 1446 tans
598 1408 721 1447 eum
747 1434 762 1459 ,
811 1406 870 1448 et
911 1405 1259 1464 prosternere
1297 1399 1671 1467 contendens,
1707 1407 2031 1470 postulando

450 1494 509 1537 ut
534 1500 593 1538 se
621 1487 896 1541 adoraret.
934 1489 1003 1540 At
1039 1488 1299 1545 Christus
1336 1506 1461 1546 eum
1496 1494 1799 1565 proﬂigavit
1833 1509 1887 1551 et
1918 1515 2036 1568 pro-

447 1577 667 1640 stravit,
700 1578 1010 1645 improbum
1044 1594 1166 1634 esse
1208 1598 1464 1653 arguens,
1509 1586 1605 1654 qui
1647 1597 1839 1642 contra
1886 1591 2035 1645 Scri-

446 1677 660 1736 pturam
713 1670 935 1723 adorari
998 1686 1057 1725 se
1122 1682 1179 1725 ut
1232 1674 1402 1727 Deum
1468 1678 1809 1747 postularet,
1858 1699 1887 1736 a
1939 1683 2031 1740 Dei

447 1762 733 1816 voluntate
789 1763 965 1818 factus
1021 1776 1291 1833 apostata.
1354 1768 1655 1838 Respondit
1710 1774 1854 1827 enim
1916 1775 2027 1832 illi:

1390 367 1449 423 S.
1492 368 1753 425 JUSTINI
1794 373 2202 431 PHILOSOPHI
2235 378 2321 431 ET
2354 380 2712 437 MARTYRIS

3610 398 3701 457 768

3449 513 3565 584 ρίου
3610 518 3701 589 τῆς

2133 587 2310 658 πάλης
2353 590 2418 661 ἢν
2461 593 2751 669 ἐπάλαισεν
2812 595 3007 648 Ἰακὼϐ
3061 599 3197 669 μετά
3246 601 3341 654 τοῦ
3389 587 3700 677 φαινομένου

2133 680 2231 749 μὲν
2258 678 2367 748 (40)
2392 720 2406 744 ,
2457 683 2521 734 ὲκ
2563 682 2658 735 τοῦ
2695 687 2761 754 τῇ
2809 684 2903 738 τοῦ
2948 688 3158 760 Πατρὸς
3194 690 3354 763 βουλῇ
3399 695 3700 767 ὑπηρετεῖν,

2130 768 2264 821 θεοῦ
2305 770 2390 833 δὲ,
2426 774 2490 825 ὲκ
2528 773 2621 826 τοῦ
2653 776 2763 847 (εΗ)
2806 773 2943 831 εἶναι
2989 781 3177 834 τέκνον
3218 786 3563 854 πρωτότοκον
3606 792 3704 845 τῶν

2128 859 2266 911 ὅλων
2288 862 2624 930 κτισμάτων,
2644 866 3085 938 ἑπεπροφήτευτο
3112 867 3284 933 οὕτως
3308 872 3402 924 καὶ
3430 872 3704 945 ἄνθρωπος

2130 950 2422 1020 γενόμενος
2454 954 2481 1005 ό
2512 954 2746 1024 Χριστὸς
2791 958 3056 1028 ποιήσειν.
3095 961 3223 1014 Ὅτε
3252 963 3362 1035 γὰρ
3426 961 3703 1034 ἄνθρωπος

2130 1042 2375 1109 γέγονεν,
2410 1044 2484 1107 ὡς
2514 1049 2773 1116 προεῖπον
2802 1088 2813 1111 ,
2866 1050 3167 1120 προσῆλθεν
3198 1055 3347 1126 αὐτῷ
3374 1057 3403 1107 ὁ
3434 1056 3705 1122 διάϐολος,

2129 1134 2406 1188 τουτέστιν
2436 1138 2468 1207 ἡ
2494 1137 2721 1209 δύναμις
2737 1141 2921 1212 ἐκείνη
2952 1143 2985 1212 ἡ
3019 1144 3109 1197 καὶ
3142 1145 3263 1213 ὄφις
3284 1148 3597 1221 κεκλημένη
3623 1152 3707 1205 καὶ

2133 1226 2381 1290 Σατανᾶς
2403 1268 2416 1289 ,
2454 1231 2727 1301 πειράζων
2762 1233 2943 1297 αὑτὸν,
2982 1239 3076 1288 καὶ
3104 1238 3501 1310 ἀγωνιζόμενος
3548 1260 3706 1296 κατα-

2132 1317 2335 1381 ϐαλεῖν,
2368 1320 2455 1373 διὰ
2478 1322 2573 1374 τοῦ
2606 1324 2788 1388 ἀξιοῦν
2820 1329 3191 1399 προσκυνῆσαι
3219 1332 3399 1385 αὐτόν.
3442 1334 3498 1386 'U
3526 1334 3582 1387 δὲ
3615 1336 3705 1388 αὐ·-

2131 1408 2224 1460 τὸν
2258 1411 2517 1465 κατέλυσε
2572 1415 2664 1468 καὶ
2710 1417 3039 1484 κατέϐαλεν,
3091 1420 3315 1490 ἐλέγξας
3357 1425 3436 1477 ὅτι
3481 1428 3706 1499 πονηρός

2133 1500 2270 1567 ἐστι,
2304 1504 2455 1575 παρά
2480 1507 2577 1577 τὴν
2598 1509 2818 1580 Γραφὴν
2838 1511 3002 1575 ἀξιῶν
3024 1516 3444 1585 προσκυνεῖσθαι
3464 1518 3541 1582 ὡς
3560 1520 3705 1584 Θεὸς,

2134 1595 2449 1667 ἀποστάτης
2470 1599 2571 1668 τῆς
2600 1600 2691 1653 τοῦ
2724 1602 2857 1655 Θεοῦ
2883 1603 3107 1676 γνώμης
3133 1611 3512 1678 γεγενημένος.
3559 1613 3708 1665 Ἀπο-

2134 1687 2378 1757 κρίνεται
2412 1690 2519 1761 γὰρ
2546 1692 2724 1763 αὐτῷ·
2760 1712 2777 1743 ι
2813 1694 3155 1765 Γέγραπται’
3196 1697 3401 1770 Κύριον
3448 1701 3540 1753 τὸν
3584 1703 3710 1757 Θεόν

2136 1795 2228 1830 σου
2262 1787 2688 1851 προσκυνήσεις,
2716 1783 2811 1836 καὶ
2849 1784 2996 1855 αὐτῷ
3022 1786 3165 1857 μόνῳ
3191 1787 3529 1860 λατρεύσεις.
3566 1811 3583 1842 ι
3611 1794 3709 1847 Καὶ
3756 1816 3769 1829 ι

451 1871 471 1903 ι
502 1852 773 1921 Scriptum
798 1864 882 1908 est
911 1872 925 1908 :
963 1855 1250 1910 Dominum
1286 1858 1455 1913 Deum
1491 1871 1639 1915 tuum
1670 1864 1945 1931 adorabis,
1971 1876 2024 1920 et

2131 1870 2430 1940 ἡττημένος
2459 1873 2552 1924 καὶ
2592 1872 2949 1944 ἐληλεγμένος
2969 1852 3232 1931 ἀπένεῦσε
3254 1852 3378 1932 τότε
3401 1883 3430 1934 ό
3450 1852 3708 1947 διάϐολος.

446 1944 522 1998 illi
564 1946 667 2000 soli
699 1949 908 2002 servies
930 1950 995 2001 ’⁵.
1029 1968 1047 2000 ι
1083 1949 1220 2004 Tum
1265 1953 1469 2008 fractus
1493 1965 1548 2008 et
1582 1958 1868 2013 convictus
1906 1960 2027 2012 dia-

447 2035 602 2090 bolus
642 2038 923 2093 discessit.
967 2040 1072 2095 Sed
1129 2044 1258 2112 quia
1314 2044 1557 2101 futurum
1604 2050 1767 2103 etiam
1811 2061 1930 2105 erat
1970 2062 2029 2106 ut

445 2128 700 2184 Christus
744 2142 933 2185 noster
979 2146 1365 2205 marcesceret,
1407 2138 1458 2193 id
1498 2149 1581 2194 est
1614 2141 1666 2193 in
1695 2156 1936 2196 aerumna
1974 2152 2027 2198 et

446 2224 718 2291 passionis
745 2238 907 2279 sensu
938 2226 990 2280 in
1027 2242 1255 2283 crucem
1298 2240 1457 2287 actus
1488 2245 1826 2299 versaretur,
1869 2236 2028 2305 hujus

446 2329 664 2382 quoque
707 2316 784 2368 rei
815 2319 1325 2385 praenuntiationem
1362 2323 1647 2391 exhibuit,
1686 2340 1807 2379 eum
1838 2325 2027 2381 Jacobi

445 2404 627 2457 femur
674 2407 887 2476 tetigit,
924 2419 1092 2477 atque
1130 2419 1189 2464 ut
1234 2426 1607 2469 marcesceret
1654 2416 1858 2473 etl'ecit.
1901 2419 2027 2473 Erat

447 2509 629 2550 autem
675 2500 754 2554 illi
802 2502 1107 2570 antiquitus
1154 2520 1352 2559 nomen
1411 2506 1618 2574 Israel,
1662 2525 1769 2578 quo
1809 2512 2025 2567 beatum

444 2586 615 2643 Jaeob
664 2593 1111 2661 cognominavit,
1152 2596 1488 2655 benedicens
1537 2614 1662 2655 eum
1708 2619 1807 2659 suo
1858 2604 2028 2672 ipsius

444 2683 688 2745 nomine,
712 2695 876 2753 atque
901 2685 1003 2740 hac
1034 2688 1202 2742 etiam
1240 2690 1451 2745 ratione
1481 2695 1789 2761 praedicens
1838 2712 2027 2751 omnes

446 2773 540 2841 qui
569 2788 665 2840 per
690 2791 814 2828 eum
839 2776 905 2829 ad
931 2776 1147 2833 Patrem
1172 2781 1515 2849 confugiunt,
1540 2784 1884 2840 benedictum
1909 2803 2028 2843 esse

444 2861 721 2915 lsraelem.
767 2863 872 2919 Vos
903 2878 1084 2920 autem
1118 2883 1242 2923 cum
1272 2871 1409 2924 nihil
1456 2873 1649 2926 horum
1682 2874 2027 2943 iutelligatis,

446 2968 547 3006 nec
579 2955 743 3025 219
772 2958 838 3011 ad
872 2958 1283 3029 intelligendum
1309 2964 1482 3031 parati
1511 2965 1663 3030 sitis;
1691 2968 1815 3035 quia
1841 2983 2030 3022 secun-

446 3046 574 3098 dum
605 3049 829 3103 carnale
848 3067 1035 3106 semen
1070 3054 1162 3109 ﬁlii
1193 3057 1326 3111 estis
1349 3055 1561 3123 Jacobi,
1599 3060 1776 3116 salvos
1805 3063 2027 3119 omnino

447 3152 544 3191 vos
592 3138 807 3196 futuros
849 3148 1197 3214 exspectatis.
1253 3150 1322 3201 At
1377 3166 1473 3205 vos
1519 3152 1570 3205 in
1622 3154 1707 3207 his
1746 3169 1962 3225 quoque
1997 3171 2025 3208 a

444 3231 850 3301 vobismetipsis
881 3236 934 3290 in
965 3252 1210 3294 errorem
1246 3241 1449 3309 induci,
1478 3244 1725 3313 pluribus
1754 3262 1785 3300 a
1821 3263 1905 3302 me
1927 3248 2025 3302 de-

443 3332 807 3378 monstratum
836 3337 941 3380 est.
1662 3338 1682 3357 ⁸

515 3412 640 3467 126.
696 3414 855 3470 Varia
897 3418 1093 3475 Christi
1138 3427 1353 3479 nomina
1410 3429 1697 3482 secundum
1749 3430 2023 3502 utrumque

444 3512 715 3560 naturam.
742 3506 909 3560 Deum
932 3527 1042 3563 esse
1072 3512 1243 3577 illum,
1281 3527 1331 3569 et
1365 3520 1680 3587 apparuisse
1704 3522 2021 3587 patriarchis

442 3596 833 3648 os:enditur.—
862 3598 1037 3665 Quod,
1066 3606 1109 3656 si
1141 3608 1377 3661 n0ssetis
1404 3610 1529 3678 quis
1559 3613 1778 3666 tandem
1807 3611 1897 3665 ille
1927 3615 2020 3679 sit,

440 3691 533 3759 qui
566 3700 619 3745 et
658 3693 899 3764 Angelus
930 3701 1107 3769 magni
1152 3704 1390 3770 consilii,
1427 3705 1722 3774 interdum,
1754 3717 1809 3763 et
1841 3708 1925 3762 vir
1953 3709 2022 3764 ab

505 3870 554 3902 "
584 3870 775 3926 Matth.
809 3888 883 3941 iv,
925 3874 1013 3931 10;

438 4026 500 4076 τὸ
528 4025 582 4078 δὲ
609 4026 709 4104 "lli.
724 4026 1299 4104 duraliic._Correctio
1322 4042 1472 4086 certa
1489 4049 1550 4087 es
1581 4035 1699 4104 ipso
1720 4036 1842 4091 loco
1886 4035 2029 4090 Nam

442 4098 700 4177 praecedit
746 4101 839 4152 καὶ
867 4097 927 4177 τρ
959 4097 1052 4177 οῦν
1094 4103 1313 4177 Ἰσραὴλ
1359 4104 1526 4173 ὄνομα
1572 4097 1730 4177 τοῦτο
1774 4108 2028 4177 σημαίνει

440 4163 746 4232 ἄνθρωπος
776 4170 959 4242 νιιιςῶν
984 4163 1572 4241 δύναμὶινίεειιιειιιίιι
1601 4163 2028 4242 Justini,"lsrael

440 4228 829 4326 d_ictiis,guasi
989 4228 1281 4314 mw'wm
1320 4270 1339 4303 ι
1378 4228 2027 4326 bomo_vineens’poten;

438 4320 628 4438 tlinum
659 4320 818 4374 Drus.
844 4324 1051 4375 Comm.
1078 4334 1214 4392 post.
1241 4326 1310 4375 ad
1340 4340 1486 4378 voces
1514 4322 1587 4379 N.
1613 4324 1697 4391 T.,
1735 4320 1863 4398 pag’.
1900 4327 2024 4382 190.

474 4404 588 4438 sna.

474 4404 588 4442 EBB.

513 4458 625 4529 (40)
672 4460 784 4514 Τοῦ
833 4462 1194 4531 φαινομένου
1239 4465 1373 4532 μέν.
1431 4464 1756 4520 Pervertunt
1813 4466 2016 4522 Justini

2144 1969 2281 2021 Ἀλλ’
2311 1971 2433 2023 ἐπεὶ
2478 1972 2571 2023 καὶ
2611 1975 2818 2044 ναρκᾷν
2864 1975 3091 2046 ἔμελλε,
3131 1978 3405 2032 τουτέστιν
3460 1983 3521 2034 ὲν
3570 1982 3709 2053 πόνῳ

2130 2062 2224 2114 καὶ
2254 2064 2313 2115 ὲν
2341 2062 2621 2133 ἀντιλήψει
2647 2064 2741 2118 τοῦ
2773 2066 2978 2131 πάθους
2998 2108 3012 2133 ,
3040 2069 3127 2122 ὅτε
3158 2070 3519 2142 σταυροῦσθαι
3552 2073 3711 2143 ἔμελ-

2130 2151 2219 2205 λεν
2248 2156 2275 2206 ὁ
2316 2155 2550 2225 Χριστὸς
2581 2159 2609 2209 ό
2652 2158 2915 2229 ἡμέτερος
2937 2199 2952 2223 ,
3010 2161 3103 2213 καὶ
3138 2162 3329 2215 τούτου
3378 2165 3711 2236 προκήρυξιν

2130 2246 2352 2317 ἐποίησε
2399 2246 2487 2299 διὰ
2539 2247 2633 2300 τοῦ
2677 2249 2914 2319 ἅψασθαι
2960 2254 3054 2305 τοῦ
3108 2253 3284 2325 μηροῦ
3327 2254 3421 2308 τοῦ
3482 2256 3711 2320 Ἰακὼϐ,

2130 2341 2224 2390 καὶ
2257 2340 2525 2411 ναρκῆσαι
2558 2341 2798 2412 ποιῆσαι.
2850 2344 2906 2396 '0
2932 2345 2989 2397 δὲ
3029 2346 3246 2417 Ἰσραὴλ
3272 2342 3339 2418 ἦν
3369 2348 3543 2419 ὄνομα
3566 2348 3711 2419 αῦτῷ

2130 2430 2355 2495 ἄνωθεν,
2392 2433 2419 2485 ὃ
2449 2435 2771 2505 ἐπωνόμασε
2802 2436 2893 2488 τὸν
2934 2439 3202 2508 μακάριον
3238 2434 3429 2493 Ἰακὼϐ
3478 2442 3710 2511 εὐλογῶν

2129 2524 2207 2594 τῷ
2246 2526 2441 2578 ἑαυτοῦ
2498 2527 2757 2598 ὀνόματι,
2804 2529 3094 2600 κηρύσσων
3134 2534 3228 2585 καὶ
3267 2532 3357 2586 διὰ
3398 2534 3590 2587 τούτου
3634 2537 3710 2589 ετι

2131 2615 2331 2679 πάντες
2364 2619 2410 2669 οἱ
2438 2617 2506 2669 δι’
2539 2618 2701 2671 αὑτοῦ
2733 2618 2812 2689 τῷ
2846 2622 3020 2693 Πατρὶ
3062 2626 3526 2694 προσφεύγοντες,
3561 2626 3708 2679 εὐλο-

2129 2707 2366 2777 γημένος
2418 2710 2633 2781 Ἰσραήλ
2683 2712 2848 2765 ἐστιν.
2906 2713 3093 2784 Ὑμεῖς
3137 2714 3229 2779 δὲ,
3286 2716 3450 2787 μηδὲν
3505 2716 3711 2771 τούτων

2130 2801 2483 2870 νενοηκότες,
2538 2802 2671 2872 μηδὲ
2721 2808 2862 2857 νοεῖν
2907 2807 3479 2877 παρασκευαζόμενοι,
3524 2808 3711 2882 ἐπειδὴ

2130 2892 2272 2946 κατά
2321 2894 2379 2946 τὸ
2426 2894 2685 2963 σαρκικὸν
2720 2896 2939 2967 σπέρμα
2976 2898 3069 2951 τοῦ
3114 2899 3306 2952 Ἰακὼϐ
3338 2900 3507 2954 τέκνα
3552 2902 3711 2966 ἐστὲ,

2130 2983 2345 3047 πάντως
2395 2984 2735 3055 σωθήσεσθαι
2789 2988 3144 3056 προσδοκᾶτε.
3206 2992 3346 3044 Ἀλλ’
3392 2994 3473 3045 ὅτι
3514 2995 3613 3047 καὶ
3654 2993 3711 3045 ἐν

2129 3075 2338 3139 τούτοις
2370 3078 2596 3142 ἑαυτοὺς
2639 3077 2875 3131 πλανᾶτε
2895 3119 2910 3145 ,
2943 3080 3316 3136 ἀποδέδεικταί
3359 3101 3448 3153 μοι
3481 3086 3539 3136 ὲν
3580 3083 3711 3137 πολ-

2130 3163 2259 3229 λοῖς.

2199 3428 2322 3483 126.
2363 3431 2455 3494 Τίς
2500 3430 2543 3482 δ’
2577 3431 2723 3483 ἐστὶν
2767 3424 2921 3495 οὗτος
2965 3431 3021 3493 ὃς
3050 3432 3144 3484 καὶ
3175 3431 3435 3499 Ἀγγελος
3467 3431 3710 3501 μεγάλης

2128 3523 2320 3594 βουλῆς
2351 3540 2502 3586 ποτε,
2536 3525 2628 3576 καὶ
2655 3523 2792 3592 ἀνὴρ
2821 3523 2908 3576 διὰ
2936 3522 3211 3595 Ἰεξεκιὴλ,
3236 3524 3328 3575 καὶ
3356 3524 3430 3585 ὡς
3462 3524 3592 3587 Υἱὸς
3620 3524 3710 3576 ἀν-

2126 3615 2345 3686 θρώπου
2391 3614 2479 3667 διὰ
2525 3615 2743 3687 Δανιὴλ,
2790 3616 2883 3668 καὶ
2930 3616 3146 3668 παιδίον
3191 3615 3279 3667 διὰ
3324 3616 3568 3677 'Hcaiou,
3619 3614 3713 3668 καὶ

2126 3708 2381 3779 Χριστὸς,
2412 3709 2505 3761 καὶ
2532 3708 2664 3771 Θεὸς
2709 3709 3101 3779 προσκυνητὸς,
3135 3710 3228 3761 καὶ
3258 3707 3421 3762 Δαϐὶδ
3449 3708 3586 3779 (42),
3618 3706 3713 3761 καὶ

2134 4046 2319 4118 ιιῑροιιξ
2354 4039 2513 4118 unius
2544 4048 2599 4093 et
2632 4039 2855 4118 ingeniti
2882 4048 2945 4118 et
2976 4056 3083 4093 non
3133 4038 3455 4118 enarrabilis
3484 4037 3580 4118 D_ei

2136 4109 2258 4162 lius.
2302 4110 2473 4179 Iuliis
2505 4112 2757 4163 omnibus
2793 4111 2925 4163 locis
2955 4110 3237 4179 generatio
3270 4120 3473 4162 aeterna
3513 4109 3715 4161 intelli-

2137 4181 2330 4248 genda.
2362 4178 2496 4232 Nam
2523 4179 2627 4232 etsi
2659 4182 2941 4248 generatio
2964 4178 3104 4249 apud
3132 4178 3409 4234 Justinuut
3449 4178 3592 4231 idem
3627 4188 3715 4231 est

2136 4265 2538 4329 nonnunquam.
2562 4266 2623 4329 ac
2664 4252 2971 4329 progressio
3012 4251 3080 4303 ad
3113 4250 3709 4329 mundi_creationein;

2135 4330 2191 4370 at
2220 4335 2343 4373 cum
2376 4319 2467 4373 Dei
2500 4318 2673 4373 Filius
2708 4321 3040 4383 nominatur,
3072 4320 3353 4388 generatio
3377 4330 3583 4371 aeterna
3620 4318 3710 4371 iii-

2136 4389 2441 4458 tulligenda.
2472 4389 2604 4443 Nam
2645 4408 2663 4440 ι
2705 4390 2797 4443 Dei
2830 4389 3022 4453 Filius,
3061 4393 3150 4457 qui
3184 4392 3332 4444 solus
3358 4392 3580 4457 proprie
3615 4388 3709 4442 Fi-

2134 4459 2237 4513 lius
2269 4462 2491 4526 dicitur,
2523 4460 2755 4513 Verbum
2794 4473 3086 4531 antequam
3127 4463 3358 4514 mundus
3392 4470 3709 4523 crearetur,

440 4527 766 4604 sententiam
799 4527 889 4599 qui
924 4527 1046 4586 cum
1082 4527 1375 4604 Sylbiirgio
1425 4546 1547 4604 post
1587 4537 1684 4592 bas
1715 4553 1879 4592 voces
1916 4542 2015 4591 ad-

2131 4532 2351 4604 quodet
2371 4547 2478 4604 una
2514 4546 2637 4604 cum
2668 4546 2732 4585 eo
2774 4527 3001 4604 aderat,
3029 4541 3101 4604 et
3141 4533 3378 4604 genitum
3425 4541 3533 4604 est,
3579 4544 3708 4604 cum

439 4602 571 4653 dunt
606 4601 803 4677 ἀνδρόςΔ
825 4611 917 4656 aut
948 4601 1198 4677 ἀγγέλου,
1224 4601 1486 4674 Loquitur
1517 4605 1764 4660 Justinus
1792 4608 1860 4662 de
1883 4625 2020 4677 quo-

437 4687 657 4740 cunque
684 4673 1209 4746 modo_apparemli;
1243 4686 1298 4727 et
1322 4673 1460 4744 apte
1494 4693 1557 4730 ac
1584 4678 1871 4746 principiis
1902 4673 2019 4733 suis

436 4741 1050 4817 eouseutauee_Patrem
1077 4741 1707 4815 nunquam—apparuisse
1728 4741 1827 4801 nec
1850 4765 2023 4817 appa-

438 4826 561 4887 rere
586 4828 765 4881 posse,
796 4812 993 4887 Filium
1016 4830 1147 4887 vero
1165 4812 1485 4887 apparuisse
1507 4826 1714 4882 censet,
1742 4833 1848 4870 non
1874 4812 2017 4887 quod

435 4883 624 4957 eadem
660 4900 762 4957 non
795 4884 865 4937 sit
916 4884 967 4957 in
1008 4882 1280 4957 Patre'et
1328 4884 1469 4940 Filio
1513 4896 1735 4951 natura,
1766 4887 1857 4940 sed
1889 4882 2017 4957 quia

436 4951 663 5025 Filiusa
692 4952 851 5007 Patre
876 4955 1131 5015 mittitur,
1160 4954 1321 5009 Pater
1349 4972 1478 5010 vero
1507 4958 1645 5009 mitti
1676 4972 1778 5009 non
1813 4951 2015 5025 potest.

434 5051 505 5099 τ-
531 5023 640 5099 ῖοῦ
672 5026 1057 5099 φαινομένοιι.
1093 5025 1222 5078 Seil.
1253 5027 1310 5077 ὲν
1344 5025 1457 5099 ἰδέα
1479 5026 1765 5097 ἀνθρώπου
1794 5023 1868 5097 (it.
1902 5028 2015 5099 58).

441 5091 765 5165 Designatur
789 5091 969 5147 autem
1005 5094 1214 5164 Logos;
1250 5091 1529 5164 nunquam
1556 5091 1703 5149 enim
1729 5091 2019 5165 supremus

436 5161 579 5215 Deus
614 5165 663 5231 (ὁ
697 5163 867 5228 ὅντως
898 5164 1052 5233 Θεός)
1088 5161 1140 5217 in
1180 5161 1396 5219 terram‘
1420 5169 1728 5233 descendit,
1762 5161 1819 5222 ui
1848 5166 2019 5222 Justi-

434 5248 539 5286 nus
570 5235 752 5286 multis
786 5239 921 5289 locis
952 5237 1127 5288 docet.
1158 5236 1335 5290 OT'ru.

510 5304 621 5371 (ll)
664 5304 812 5377 Θεοῦ
845 5305 947 5369 δὲ,
997 5306 1065 5358 ἐιι
1109 5305 1239 5361 τοῦ.
1287 5304 1378 5360 Sic
1416 5307 1580 5377 etiam
1615 5323 1778 5377 supra
1823 5322 1880 5363 ιι.
1923 5309 2015 5374 61,

436 5373 633 5447 Filium
658 5376 734 5447 ait
760 5377 944 5447 vocari
969 5377 1222 5445 angelum
1241 5387 1297 5429 et
1316 5373 1703 5447 archiducem,
1732 5397 1750 5430 ι
1782 5393 1847 5433 eo
1871 5373 2017 5447 quod

440 5445 619 5497 Patris
650 5445 912 5498 voluntati
949 5447 1263 5499 ministret:
1305 5465 1323 5497 ι
1359 5446 1526 5501 Deum
1560 5464 1690 5503 vero
1728 5460 1782 5502 et
1826 5445 2011 5503 Domi"

438 5531 565 5589 num
605 5526 659 5589 et
693 5514 948 5578 Verbum,
980 5532 999 5565 ι
1038 5532 1102 5569 eo
1138 5518 1280 5584 quod
1314 5518 1595 5571 voluntate
1625 5534 1690 5571 ex
1730 5517 1891 5572 Patre
1922 5535 2018 5589 ge-

438 5587 583 5639 nitus
608 5588 715 5652 sit;
745 5604 763 5638 ι
794 5590 992 5657 quibus
1022 5590 1316 5654 postremis
1350 5589 1527 5642 verbis
1561 5592 1854 5655 respondet
1872 5587 2014 5657 quod

437 5657 538 5726 hoc
570 5661 690 5711 loco
724 5659 798 5709 ait
824 5655 1071 5711 Justinus
1097 5675 1109 5710 :
1140 5675 1159 5707 ι
1200 5658 1342 5711 Deus
1382 5669 1564 5711 autem
1609 5668 1712 5724 est,
1756 5675 1822 5714 eo
1871 5655 2013 5726 quod

432 5724 606 5781 Filius
638 5727 1036 5795 primogenitus
1063 5728 1134 5782 sit
1163 5728 1407 5781 omnium
1431 5739 1829 5782 creaturarum.
1865 5724 1900 5779 ι’
1923 5728 2015 5782 Sic

431 5799 596 5853 etiam
626 5797 773 5854 infra
803 5815 856 5854 ιι.
890 5812 1031 5869 seq.,
1056 5810 1108 5854 et
1141 5814 1195 5853 ιι.
1233 5798 1356 5853 129.
1380 5813 1398 5849 ι
1427 5797 1566 5855 Deus
1589 5814 1709 5856 esse
1738 5817 1758 5851 ι
1788 5801 1987 5856 dicitur
2026 5812 2029 5813 '

2124 4614 2221 4667 per
2249 4600 2379 4653 illud
2410 4601 2564 4653 initio
2597 4605 2778 4655 omnia
2820 4602 3065 4654 condidit
3092 4600 3163 4656 et,
3190 4600 3425 4662 ornavit,
3475 4600 3589 4661 hic,
3625 4600 3711 4651 iu-

2124 4687 2309 4737 quam,
2350 4671 2540 4735 Filius,
2575 4688 2639 4747 eo
2671 4673 2827 4747 quod
2854 4682 3051 4725 unctus
3079 4676 3152 4725 sit
3176 4684 3230 4724 et
3264 4686 3360 4747 per
3392 4686 3514 4747 eu_m
3563 4670 3711 4747 Deus

2122 4744 2303 4795 omnia
2346 4744 2659 4807 ornaverit,
2690 4738 2952 4795 Christus
2994 4753 3239 4796 vocatur.
3283 4760 3301 4791 ι
3333 4740 3409 4793 Ita
3450 4738 3711 4792 Justinus

2122 4811 2279 4878 Apol.
2314 4827 2370 4874 ιι,
2406 4830 2460 4863 ιι.
2498 4812 2681 4888 ti,__ubi_
2710 4822 2911 4888 irterua
2943 4811 3060 4888 Filii
3093 4813 3374 4888 generatio
3409 4809 3708 4888 ιιιιιιι-ιΐοειθ

2123 4884 2479 4951 distinguitur
2502 4901 2530 4934 ιι
2562 4882 2720 4937 Verbi
2746 4880 3148 4951 progressione.
3179 4884 3269 4934 Sic
3292 4882 3453 4933 etiam
3482 4880 3702 4951 pia/ag.

2124 4968 2174 5003 ιι.
2212 4948 2337 5016 105,
2373 4968 2497 5005 cum
2525 4948 2776 5007 Christus
2816 4948 3044 5029 vocatur
3081 4971 3101 5003 ι
3137 4953 3451 5029 unigenitus
3480 4948 3703 5029 Paren-

2121 5024 2192 5075 tis
2221 5024 2623 5085 universorum,
2648 5026 2885 5101 _propr_ie
2924 5039 2993 5076 ex
3036 5039 3101 5076 eo
3138 5021 3371 5101 Verbum
3408 5035 3471 5101 _et
3520 5021 3711 5073 virtus

2120 5095 2367 5170 genitus,
2404 5109 2563 5170 {non
2611 5094 2719 5147 alia
2752 5093 3268 5170 debet'generatio,
3314 5093 3419 5144 nisi
3466 5102 3705 5170 eterna,

2123 5163 2369 5231 iutelligi.
2394 5163 2533 5228 Quin
2556 5167 2717 5218 etiam
2749 5178 2872 5217 cum
2908 5161 3153 5240 Justinus
3175 5166 3241 5240 de
3268 5164 3604 5240 temporaria
3634 5164 3707 5213 ad

2122 5237 2308 5287 mundi
2332 5245 2666 5289 creationem
2692 5238 3046 5303 generatione
3071 5233 3331 5300 loquitur,
3358 5234 3705 5300 preposituin

2119 5314 2202 5355 est
2226 5306 2297 5367 ei,
2335 5317 2388 5356 ut
2424 5308 2582 5358 modo
2614 5308 2668 5361 in
2695 5314 2807 5359 not.
2841 5308 2909 5358 ad
2942 5321 2999 5358 ιι.
3032 5303 3133 5358 128
3178 5305 3500 5366 videbimus,
3540 5312 3709 5355 atter-

2118 5376 2530 5452 tiainhproba‘ie.
2619 5447 2659 5452 __
2731 5445 2761 5452 _
2811 5447 2839 5452 η
2968 5447 2980 5452 _
3238 5446 3250 5452 _
3668 5442 3680 5452 .

2190 5444 2304 5515 (42)
2326 5446 2451 5518 Διιῖαὶ
2488 5447 2684 5502 Δαϐίδ.
2728 5445 3051 5518 Sylburgius
3086 5455 3215 5500 ante
3238 5446 3334 5499 bas
3360 5458 3520 5499 voces
3543 5444 3714 5511 ponit

2116 5515 2206 5569 διὰ
2232 5516 2415 5580 Δαϐίδ,
2446 5533 2609 5591 atque
2637 5522 2751 5573 haec
2771 5515 3051 5588 postrema
3091 5519 3255 5591 verba
3288 5520 3553 5591 excidisse
3595 5529 3707 5591 pu-

2122 5599 2199 5641 tat
2241 5592 2309 5641 oh
2341 5590 2751 5643 similitudinem
2788 5606 2930 5667 cum‘
2953 5590 3326 5667 sequentibus.
3362 5589 3466 5667 sed
3517 5590 3709 5667 satias

2119 5661 2331 5713 videtur
2361 5677 2459 5729 pro
2486 5662 2569 5714 his
2600 5663 2821 5715 vocibus
2850 5662 2943 5714 καὶ
2971 5654 3155 5721 Δαϐίδ,
3181 5661 3360 5728 legere
3388 5657 3476 5711 διὰ
3504 5654 3705 5709 Δαϐἰδ.

2115 5731 2191 5787 lta
2224 5736 2385 5787 etiam
2417 5733 2590 5787 visum
2621 5736 2832 5788 erudito
2857 5733 3053 5788 edituri
3079 5731 3433 5788 Lundmensi.
