3954 6258
249 374 345 431 169

1270 358 1623 417 DIALOGUS
1656 357 1804 415 CUM
1846 356 2223 411 TRYPHONE
2258 356 2527 414 JUDAZO.

3459 363 3564 418 770

256 486 501 563 Χριστὸς,
531 486 629 539 καὶ
663 483 841 547 Λίθος
872 483 963 537 διὰ
994 481 1223 543 πολλῶν,
1262 479 1363 532 καὶ
1392 476 1567 545 Σοφία
1594 474 1683 528 διὰ
1711 473 1850 527 Σολο-

1978 472 2283 534 Ezechiele,
2315 481 2370 525 et
2399 482 2658 541 tanquam
2689 470 2857 528 Filius
2902 473 3143 529 bominis
3176 490 3206 527 a
3235 475 3482 542 Daniele,
3512 488 3570 534 et

258 586 453 658 μῶνθς,
470 580 565 634 καὶ⁵
591 576 806 648 Ἰωσὴφ
838 578 938 630 καὶ
969 575 1188 638 Ἰούδας,
1207 574 1299 627 καὶ
1324 572 1561 642 ’Ἄστρον
1589 568 1677 621 διὰ
1705 570 1850 622 Μωῡ·

1972 564 2234 633 puerulus
2264 566 2331 619 ab
2364 564 2520 628 lsaia,
2555 576 2610 619 et
2652 566 2908 622 Christus
2938 576 2991 621 et
3019 568 3164 624 Deus
3194 569 3505 626 adorandus
3534 587 3566 625 a

260 681 415 741 σὲως,
446 674 540 729 καὶ
577 670 851 741 Ἀνατολὴ
899 669 988 723 διὰ
1036 668 1331 739 Ζαχαρίου,
1361 665 1455 719 καὶ¹
1487 662 1726 735 παθητὸς
1775 662 1869 715 καὶ

269 770 464 826 Ἰακὼϐ
506 768 602 822 καὶ
642 763 871 836 Ἰσραὴλ
916 761 1077 815 πάλιν
1104 760 1193 813 διὰ
1234 758 1484 819 Ἡσαΐου,
1515 756 1608 810 καὶ
1648 754 1868 816 Ῥάϐδος

258 866 353 918 καὶ
370 862 566 925 Ἄνθος
592 858 871 922 καὶΛίθος
900 854 1292 927 ἀκρογωνιαῖος
1324 850 1607 921 κέκληται,
1629 848 1721 901 καὶ
1740 847 1868 911 Υἱὸς

254 956 415 1018 Θεοζ,
449 958 499 1009 εἰ
532 953 855 1023 ἐγνώκειτε,
886 944 932 1002 ὦ
963 948 1218 1020 Τρύφων,
1255 945 1409 1015 ἔφην,
1441 943 1542 996 οὐκ
1574 942 1639 996 ἂν
1668 940 1865 994 ἐϐλασ-

254 1053 491 1119 φημεῖτε
538 1049 621 1109 εἰς
664 1045 829 1099 αὐτὸν
865 1044 965 1115 ἤδη
998 1043 1091 1095 καὶ
1117 1036 1584 1111 παραγενόμενον,
1620 1034 1712 1088 καὶ
1743 1051 1866 1102 γεν-

252 1142 512 1213 νηθέντα,
533 1140 631 1193 καὶ
660 1137 927 1200 παθόντα,
952 1135 1044 1189 καὶ
1071 1129 1350 1187 ἀναϐάντα
1378 1131 1457 1191 εἰς
1481 1128 1570 1180 τὸν
1598 1126 1825 1199 οὐρανόν
1846 1145 1858 1157 ·

252 1236 315 1296 ὃς
357 1234 455 1287 καὶ
498 1232 665 1285 πάλιν
711 1230 1003 1301 παρέσται,
1036 1226 1130 1280 καὶ
1176 1223 1300 1277 τότε
1340 1221 1595 1290 κόψονται
1626 1219 1779 1291 ὑμῶν
1806 1221 1861 1273 αἱ

253 1327 469 1380 δικεκα
512 1325 701 1394 φυλαί.
722 1324 894 1385 Ἐπεὶ,
925 1323 974 1374 εἰ
1007 1319 1302 1391 νενοήκατε
1346 1314 1415 1370 τὰ
1458 1314 1722 1386 εἰρημένα
1755 1313 1862 1367 ὑπὸ

257 1421 363 1471 τῶν
409 1416 739 1489 προφητῶν,
769 1416 871 1468 οὐκ
906 1414 972 1468 ἂν
998 1408 1315 1484 ,ἐξηρνεῖσθε
1344 1406 1507 1461 αὑτὸν
1536 1400 1674 1460 εἶναι
1707 1405 1858 1468 Θεὸν,

257 1510 350 1562 τοῦ
385 1509 554 1581 μόνου
587 1509 683 1562 καί
714 1508 1012 1577 ἀγεννήτου
1043 1504 1137 1557 καὶ
1166 1501 1407 1574 ἀρρήτου
1428 1497 1564 1551 Θεοῦ
1586 1497 1733 1551 Υἱόν.
1765 1498 1857 1551 Εἶ-

260 1620 424 1673 ρηται
455 1602 567 1673 γάρ
602 1618 707 1653 που
737 1600 831 1654 καὶ
857 1598 948 1652 διὰ
965 1594 1243 1657 Μωῦσέως
1270 1594 1327 1646 έν
1346 1595 1413 1664 τῇ
1443 1591 1635 1661 Ἐξόδῳ
1663 1590 1854 1654 οὕτως·

264 1715 281 1745 ι
308 1693 649 1764 Ὲλάλησεδὲ
669 1691 877 1763 Κύριος
908 1686 1427 1762 πρὸςΜωῦσῆν,καὶ
1456 1678 1577 1736 εἷπε
1606 1684 1742 1754 πρὸς
1762 1684 1859 1737 αὐ-

254 1789 375 1840 τόν·
399 1783 544 1853 Ἐγώ
574 1786 691 1855 εἰμι
713 1782 939 1855 Κύριος,
960 1782 1053 1835 καὶ
1081 1779 1269 1850 ὤφθην
1299 1778 1437 1848 πρὸς
1465 1777 1556 1830 τὸν
1585 1777 1854 1850 Ἀϐραὰμ,

256 1881 351 1933 καὶ
392 1877 610 1939 Ἰσαὰκ,
660 1877 757 1929 καὶ
798 1873 1014 1936 Ἰακὼϐ,
1044 1872 1178 1935 Θεὸς
1217 1867 1417 1933 αὐτῶν,
1452 1870 1546 1924 καὶ
1589 1869 1649 1923 τὸ
1687 1870 1860 1942 ὄνομά

260 1989 361 2042 μου
394 1970 508 2040 (45)
542 1969 646 2021 οὐκ
690 1966 938 2037 ἐδήλωσα
965 1966 1168 2027 αὐτοῖς,
1199 1964 1291 2017 καὶ
1318 1963 1522 2034 ἐστησα
1548 1962 1647 2033 τὴν
1675 1961 1861 2034 διαθή-

256 2080 361 2132 κην
393 2079 499 2131 μου
531 2061 675 2130 πρὸς
703 2057 954 2121 αὐτούς.»
979 2058 1089 2110 Καὶ
1107 2054 1249 2108 οὓτω
1266 2054 1427 2108 πάλιν
1446 2054 1627 2122 λέγει’
1653 2072 1671 2104 ‹
1700 2054 1859 2108 Κατὰ

272 2154 465 2207 Ἰακὼϐ
507 2153 801 2224 ἄνθρωπος
842 2150 1105 2204 ὲπάλαιεο
1137 2169 1154 2200 ι
1193 2150 1285 2202 καὶ
1315 2148 1444 2201 Θεό»
1488 2164 1650 2217 φησιν
1696 2142 1853 2202 εἶναι.

254 2266 287 2297 ς
310 2242 465 2300 Εἶδον
492 2245 608 2317 γὰρ
638 2244 774 2297 Θεὸν
804 2244 1094 2316 πρόσωπον
1122 2242 1258 2314 πρὸς
1279 2240 1591 2313 πρόσωπον,
1610 2241 1704 2294 καὶ
1731 2236 1863 2293 έσὼέ
1910 2304 1917 2310 ,

250 2337 325 2409 θη
366 2342 400 2409 ἡ
445 2338 597 2409 ψυχή
646 2354 773 2407 μου,
802 2355 819 2387 t
864 2336 1012 2404 λέγει
1050 2334 1331 2406 εἰρηκέναι
1372 2334 1463 2386 τὸν
1504 2330 1714 2386 Ἰακώϐ.
1746 2335 1856 2387 Καὶ

250 2431 337 2484 ὃτι
376 2432 472 2484 καὶ
508 2430 606 2482 τὸν
637 2428 802 2482 τόπον
831 2428 964 2481 ὅπου
992 2426 1139 2498 αὐτῷ
1167 2426 1427 2480 ἐπάλαισε
1457 2427 1551 2479 καὶ
1578 2425 1733 2497 ὤφθη
1763 2426 1855 2480 καὶ

250 2522 542 2593 εὐλόγησε,
578 2522 677 2575 καὶ
722 2520 980 2573 ἐκάλεσεν
1010 2514 1165 2583 Εἶδος
1211 2518 1368 2581 Θεοῦ,
1403 2518 1696 2590 ἀνέγραψε.
1745 2518 1856 2571 Καὶ

252 2616 334 2687 τῷ
360 2614 616 2686 Ἀϐραὰμ
632 2614 855 2684 ὁμοίως,
874 2613 1114 2683 Μωῦσῆς
1145 2628 1332 2682 φησιν,
1352 2609 1505 2681 ὤφθη
1522 2613 1550 2663 ὁ
1565 2609 1695 2672 Θεὸς
1720 2609 1857 2681 πρὸς

254 2710 319 2779 τῇ
362 2706 485 2777 δρυῒ
530 2710 603 2777 τῇ
653 2704 925 2776 Μαμϐρῇ,
957 2703 1249 2775 καθημένῳ
1290 2704 1385 2756 ἐπὶ
1423 2704 1521 2774 τῆς
1560 2701 1727 2774 θύρας
1746 2703 1855 2775 ,τῆς

256 2805 461 2875 σκηνῆς
508 2800 685 2855 αὑτοῦ
735 2799 1103 2870 μεσημϐρίας.
1135 2793 1269 2849 Εἶτα
1312 2795 1484 2849 ταῦτα
1513 2794 1702 2859 εἰπὼν,
1734 2796 1855 2847 ἐπι-

255 2898 407 2966 φέρει
426 2913 439 2925 ο
480 2915 500 2946 ι
528 2892 869 2961 Ἀναϐλέψας
896 2892 953 2945 δὲ
981 2894 1090 2953 τοῖς
1118 2889 1418 2959 ὀφθαλμοῖς
1457 2885 1585 2952 εἶδε,
1618 2890 1712 2943 καὶ
1744 2890 1851 2942 ἰδοὺ

253 2993 398 3060 τρεῖς
450 2988 655 3058 ἄνδρες
714 2985 1059 3055 εἱστήκεισαν
1100 2982 1287 3035 ἐπάνω
1326 2981 1486 3036 αὑτοῦ
1511 2999 1524 3011 ·
1572 2984 1665 3037 καὶ
1709 2983 1849 3045 ἰδὼν,

256 3080 590 3152 συνέδραμεν
637 3080 721 3140 εἰς
771 3077 1090 3145 συνάντησιν
1117 3075 1340 3137 αὐτοῖς.
1370 3093 1388 3125 ι
1426 3074 1561 3128 Μετ’
1584 3073 1761 3142 ὀλίγον
1796 3075 1853 3128 δὲ

1972 655 2193 720 Davide,
2211 664 2266 709 et
2295 656 2546 711 Christus
2578 667 2630 712 et
2660 657 2826 727 Lapis
2853 675 2881 712 a
2916 660 3122 725 multis,
3141 670 3194 715 et
3221 661 3502 730 Sapientia
3533 678 3564 717 a

1972 747 2296 814 Salomone,
2322 760 2377 805 et
2405 749 2608 821 Ioseph
2647 762 2700 807 et
2732 750 2904 808 Judas
2933 763 2989 808 et
3015 754 3185 809 Stella
3212 772 3240 808 a
3277 757 3484 827 Moyse,
3507 768 3565 813 et

1969 836 2168 893 Oriens
2198 856 2227 891 a
2258 839 2551 903 Zacharia,
2583 851 2637 895 et
2669 858 2864 897 rursus
2901 844 2969 896 ah
3011 844 3149 898 lsaia
3191 848 3464 914 passibilis
3503 858 3562 904 et

1966 929 2134 986 Jacob
2160 941 2214 985 et
2246 932 2429 997 Israel,
2485 942 2537 988 et
2562 932 2727 1002 Virga
2775 944 2831 990 et
2857 933 3001 1000 Flos,
3037 946 3092 990 et
3114 935 3276 1005 Lapis
3308 954 3562 995 summus

1968 1024 2249 1092 angularis
2277 1034 2539 1091 vocatus;
2575 1027 2699 1092 hoc,
2751 1028 2995 1096 inquam,
3030 1029 3075 1082 si
3115 1032 3378 1094 nossetis,
3425 1033 3561 1103 Try-

1965 1117 2097 1187 pho,
2130 1134 2237 1172 non
2300 1132 2423 1171 eum
2486 1118 2757 1187 profecto
2793 1119 3150 1188 blasphemiis
3200 1125 3556 1190 appeteretis,

1964 1210 2128 1264 etiam
2159 1219 2448 1280 postquam
2481 1212 2719 1275 advenit,
2750 1222 2805 1267 et
2837 1224 3001 1267 natus
3032 1229 3098 1267 ac
3130 1230 3322 1283 passus
3351 1227 3454 1283 est,
3490 1234 3556 1274 ac
3639 1260 3648 1270 .

1965 1304 2020 1356 in
2059 1304 2254 1358 caelum
2290 1306 2571 1370 ascendit;
2620 1308 2709 1373 qui
2743 1306 2961 1374 quidem
3008 1322 3228 1361 rursum
3274 1310 3553 1380 adveniet,

1963 1411 2028 1452 ac
2061 1407 2190 1451 tunc
2223 1397 2486 1467 plangent
2517 1399 2800 1453 duodecim
2849 1409 3043 1454 vestra).
3090 1401 3282 1457 tribus.
3328 1401 3462 1456 Nam
3509 1406 3554 1459 si

1962 1486 2381 1543 intellexissetis
2405 1504 2523 1555 quae
2551 1506 2581 1542 a
2610 1490 2893 1560 prephetis
2923 1492 3067 1545 dicta
3091 1504 3255 1559 sunt;
3288 1510 3393 1549 non
3424 1510 3550 1550 eum

1962 1581 2269 1649 negassetis
2320 1581 2490 1636 Deum
2545 1597 2690 1647 esse,
2728 1582 2898 1637 solius
2949 1593 3004 1637 et
3056 1586 3283 1654 ingeniti
3329 1599 3383 1642 et
3440 1605 3549 1643 non

1959 1672 2288 1727 enarrabilis
2322 1674 2417 1728 Dei
2458 1673 2676 1729 Filium.
2707 1676 2920 1730 Dictum
2960 1684 3046 1730 est
3086 1680 3230 1732 enim
3262 1679 3463 1736 alicubi
3496 1693 3554 1738 et

1957 1779 2055 1833 per
2077 1764 2297 1836 Moysen
2353 1766 2406 1820 in
2457 1765 2643 1821 Exodo
2674 1768 2739 1822 ad
2766 1768 2913 1823 hunc
2951 1770 3171 1824 modum
3205 1787 3218 1824 :
3258 1790 3276 1822 ι
3306 1770 3549 1828 Locutus

1962 1868 2048 1913 est
2095 1867 2276 1913 autem
2329 1858 2595 1914 Dominus
2639 1862 2706 1915 ad
2749 1862 2979 1927 Moysen
3021 1871 3075 1917 et
3100 1863 3239 1917 dixit
3268 1866 3334 1918 ad
3372 1881 3545 1921 eum:

1964 1949 2076 2019 Ego
2112 1965 2233 2004 sum
2267 1950 2626 2016 Dominus,et
2655 1953 2806 2010 visus
2836 1970 2957 2009 sum
2988 1956 3221 2011 Abrahae
3249 1965 3304 2012 et
3325 1957 3472 2012 Isaac
3492 1967 3548 2013 et

1958 2038 2147 2106 Jacob,
2176 2042 2317 2096 Deus
2367 2058 2582 2108 eorum,
2622 2053 2678 2097 et
2726 2060 2923 2099 nomen
2958 2063 3135 2102 meum
3168 2064 3276 2103 non
3309 2050 3544 2106 iudicavi

1961 2134 2059 2197 eis,
2091 2143 2146 2186 et
2194 2135 2359 2189 statui
2409 2142 2794 2190 testamentum
2843 2154 3023 2193 meum
3070 2141 3137 2193 ad
3183 2142 3363 2195 eos".
3399 2161 3417 2192 ι
3454 2142 3547 2197 Sic

1958 2227 2124 2281 etiam
2157 2242 2346 2282 rursus
2371 2228 2448 2282 ait
2477 2245 2490 2281 :
2524 2246 2543 2280 ‹
2571 2228 2706 2283 Cum
2735 2228 2908 2285 Jacob
2940 2233 3102 2289 homo
3131 2234 3373 2290 luctatus
3403 2246 3541 2301 est,»

1958 2332 2191 2387 eumque
2220 2316 2395 2371 Deum
2420 2332 2541 2373 esse
2567 2318 2718 2373 dicit.
2746 2319 2880 2374 Nam
2910 2319 3081 2376 Jacob
3106 2324 3311 2378 dixisse
3337 2324 3541 2380 refert:

1962 2425 1982 2459 ι
2014 2408 2136 2461 Vidi
2190 2407 2363 2462 Deum
2414 2408 2554 2464 faeie
2596 2410 2665 2464 ad
2705 2409 2939 2474 faciem;
2989 2420 3045 2463 et
3087 2412 3234 2466 salva
3284 2412 3433 2467 facta
3463 2423 3548 2468 est

1959 2501 2141 2555 anima
2193 2516 2311 2555 mea
2331 2502 2396 2554 "’.
2431 2520 2450 2553 ι
2484 2502 2689 2556 Scribit
2723 2504 2888 2557 etiam
2941 2503 3143 2569 locum,
3172 2506 3261 2559 ubi
3308 2521 3431 2560 cum
3476 2521 3546 2561 eo

1960 2593 2203 2648 luctatus
2236 2602 2341 2659 est,
2376 2596 2536 2664 eique
2566 2595 2817 2664 apparuit
2847 2605 2901 2649 et
2928 2595 3229 2661 benedixit,
3255 2598 3321 2651 ab
3353 2612 3419 2651 eo
3450 2612 3548 2652 vo-

1956 2696 2140 2741 catum
2177 2686 2347 2742 fuisse
2398 2686 2616 2742 Faciem
2647 2687 2765 2742 Dei.
2815 2687 2884 2742 Et
2925 2688 3158 2743 Abrahze
3184 2689 3459 2755 similiter,
3486 2698 3546 2743 ut

1957 2801 2033 2852 ait
2076 2798 2310 2870 Moyses,
2352 2800 2495 2855 Deus
2547 2800 2615 2854 ad
2669 2815 2932 2871 quercum
2965 2801 3221 2856 Mambrae
3269 2805 3541 2873 apparuit,

1956 2889 2166 2945 sedenti
2196 2893 2261 2945 ad
2285 2892 2487 2945 ostium
2516 2891 2849 2946 tabernaculi
2884 2894 3135 2948 meridie.
3161 2892 3367 2948 Deinde
3390 2904 3540 2964 post-

1955 2997 2117 3053 quam
2153 2984 2269 3039 haec
2297 2984 2451 3049 dicit,
2484 2984 2670 3051 adjicit
2704 3003 2718 3039 :
2750 3003 2768 3036 ‹
2802 2984 3120 3054 Suspiciens
3151 2996 3334 3041 autem
3364 2986 3541 3042 oculis

1956 3077 2111 3142 vidit,
2138 3090 2192 3132 et
2217 3092 2346 3132 ecce
2376 3087 2487 3131 tres
2524 3078 2627 3130 viri
2678 3080 2904 3131 stabant
2949 3094 3111 3146 supra
3149 3094 3307 3143 eum;
3340 3088 3391 3132 et
3415 3093 3538 3133 cum

254 3167 330 3234 εἷς
355 3171 414 3236 ἐξ
442 3170 633 3225 αὐτῶν
666 3170 1006 3239 ὑπισχνεῖται
1047 3166 1125 3238 τῷ
1159 3166 1407 3237 Ἀϐραὰμ
1451 3166 1592 3218 υἱόν·
1629 3184 1647 3217 ‹
1677 3167 1740 3220 Τί
1769 3168 1850 3219 ὅτι

1956 3170 2198 3229 vidisset,
2232 3170 2477 3223 Occurrit
2526 3170 2632 3223 illis
2668 3170 2883 3223 obviam
2902 3170 3002 3222 ³⁸.»
3039 3171 3208 3223 Paulo
3249 3180 3372 3239 post
3400 3186 3541 3225 unus

256 3265 477 3331 ἐγέλασε
498 3264 719 3333 Σάρρα,
748 3261 985 3328 λέγουσα
1008 3276 1021 3289 ο
1054 3255 1209 3326 *Αρά
1229 3275 1293 3325 γε
1314 3257 1587 3327 τέξομαι;
1618 3257 1756 3327 Ἐγὼ
1783 3258 1851 3311 δὲ

256 3355 580 3424 Marsa.
604 3354 702 3423 Μὴ
723 3353 975 3406 ἀδυνατεῖ
1000 3350 1152 3422 παρὰ
1177 3350 1255 3421 τῷ
1282 3348 1401 3420 Θεῷ
1429 3350 1609 3421 ρἧας
1640 3351 1735 3413 Εἰς
1760 3350 1850 3403 τὸν

254 3449 440 3518 καιρὸν
482 3448 685 3501 τοῦτον
730 3443 1058 3517 ἀποστρέψω
1097 3447 1179 3507 ei;
1223 3444 1402 3515 ὧρας,
1450 3444 1544 3497 καὶ
1591 3442 1741 3497 ἔσται
1781 3446 1846 3514 τῇ

253 3540 438 3613 Σάρρᾳ
466 3542 607 3601 υἱός.
644 3539 754 3592 Καὶ
784 3536 1218 3591 ἀπαλλάσσονται
1247 3535 1354 3588 ἀπὸ
1382 3534 1649 3605 Ἀϐραάμ.
1684 3554 1702 3585 ι
1741 3536 1851 3588 Καὶ

250 3634 392 3686 οὕτω
434 3634 572 3703 περὶ
616 3631 800 3705 αὐτῶν
842 3630 1003 3683 πάλιν
1045 3629 1225 3697 λέγει·
1279 3647 1297 3678 ‹
1336 3626 1753 3693 Ἐξαναστάντες
1793 3627 1849 3681 δὲ

250 3726 457 3779 ἐκεῖθεν
501 3726 554 3776 οἱ
599 3724 795 3794 ἄνδρες
836 3720 1170 3791 κατέϐλεψαν
1214 3719 1310 3772 ἐπὶ
1358 3719 1646 3790 πρόσωπον
1693 3718 1849 3774 Σοδό-

255 3834 389 3886 μων.
419 3836 439 3867 ι
466 3811 605 3869 Εἶτα
630 3814 793 3867 πάλιν
813 3814 951 3885 πρὸς
976 3813 1066 3865 τὸν
1094 3811 1347 3883 Ἀϐραὰμ
1373 3810 1432 3873 ὃς
1461 3807 1529 3883 ἦν
1558 3812 1651 3864 καὶ
1679 3811 1845 3875 ἐστιν,

250 3909 326 3971 ὡς
352 3909 503 3976 λέγει
534 3905 683 3977 (44)·
724 3925 741 3957 t
768 3907 843 3958 Οὐ
894 3905 967 3976 μὴ
1009 3904 1200 3976 κρύψω
1246 3903 1353 3957 ἀπὸ
1395 3903 1488 3956 τοῦ
1530 3903 1715 3966 παιδός
1747 3921 1846 3974 μου

267 4000 520 4070 Ἁϐραάμ
546 3998 665 4066 ἐγὼ
692 3998 728 4050 ἃ
760 3997 937 4067 μέλλω
968 3999 1165 4049 ποιεῖν·
1200 4016 1218 4047 ›
1241 3996 1337 4049 καὶ
1378 3994 1445 4048 τὰ
1474 3995 1599 4067 ἑξῆς
1638 3997 1850 4048 ἀνιστο-

256 4094 467 4161 ρημένα
512 4090 626 4143 ἀπὸ
670 4089 781 4141 τῶν
820 4088 915 4141 τοῦ
962 4088 1258 4151 Μωῦσέως,
1292 4089 1385 4140 καὶ
1414 4087 1726 4158 ὲξηγημένα
1755 4089 1846 4141 ὑπ’

251 4185 383 4254 ἐμοῦ
418 4183 586 4252 πάλιν
618 4181 825 4249 ἔλεγον,
849 4180 915 4232 δι’
931 4172 1005 4232 ὧν
1032 4179 1405 4232 ἀποδέδεικται
1433 4179 1537 4231 ὑπὸ
1566 4178 1643 4249 τῷ
1672 4180 1847 4249 Πατρὶ

252 4279 344 4329 καὶ
388 4276 585 4345 Κυρίῳ
629 4272 978 4343 τεταγμένος,
1009 4273 1102 4325 καὶ
1145 4271 1431 4342 ὑπηρετῶν
1460 4272 1526 4340 τῇ
1558 4270 1717 4342 βουλῇ
1749 4271 1848 4323 αὐ-

253 4369 365 4430 τοῦ,
395 4363 559 4429 οὗτος
595 4367 658 4428 ὃς
687 4366 843 4435 ὤφθη
873 4364 952 4433 τῷ
982 4381 1042 4417 τε
1084 4364 1353 4435 Ἀϐραὰμ,
1385 4364 1479 4417 καὶ
1521 4364 1597 4434 τῷ
1640 4364 1844 4429 Ἰσαὰκ,

428 4459 456 4471 υ
511 4460 525 4476 θ

252 4461 345 4512 καί
387 4459 467 4529 τῷ
511 4456 735 4519 Ἰακὼϐ,
765 4457 857 4510 καὶ
883 4458 996 4519 τοῖς
1026 4455 1203 4519 ἄλλοις
1248 4456 1613 4526 πατριάρχαις
1643 4457 1844 4524 ἀναγε-

1952 3278 2019 3315 ex
2068 3262 2176 3316 illis
2231 3262 2500 3332 promittit
2546 3262 2782 3315 Abrahae
2831 3261 3043 3316 ﬁlium:
3080 3281 3101 3314 ι
3131 3262 3270 3329 Quid
3306 3263 3380 3315 ita
3413 3262 3540 3317 risit

1955 3352 2114 3419 Sara,
2160 3353 2346 3406 dicens
2383 3372 2395 3406 :
2435 3351 2579 3406 Num
2627 3354 2791 3423 igitur
2821 3354 3071 3424 pariam?
3110 3354 3223 3423 Ego
3252 3370 3370 3407 vero
3408 3370 3537 3406 con-

1951 3446 2122 3498 senui.
2168 3443 2252 3496 Att
2306 3444 2647 3513 impossibile
2700 3456 2785 3498 est
2835 3445 2979 3515 apud
3039 3446 3206 3499 Deum
3264 3444 3538 3498 verbum?

1952 3531 2223 3600 Tempore
2251 3532 2356 3586 isto
2392 3542 2636 3587 revertar
2673 3533 2725 3587 in
2762 3535 2947 3598 horas,
2974 3518 3029 3589 et
3057 3536 3162 3589 erit
3191 3535 3341 3589 Sara
3368 3535 3533 3589 illius.

1952 3623 2019 3677 Et
2066 3625 2437 3680 discesserunt
2491 3628 2559 3681 ab
2598 3628 2994 3684 Abrahamo".
3024 3646 3044 3680 ι
3092 3628 3296 3682 Deinde
3342 3630 3422 3683 sic
3469 3629 3538 3684 de

1952 3717 2059 3771 illis
2086 3732 2276 3771 rursus
2302 3716 2542 3787 loquitur
2571 3737 2584 3772 :
2617 3738 2636 3770 ‹
2669 3718 2797 3773 lude
2827 3729 3011 3774 autem
3043 3730 3400 3791 exsurgentes
3427 3722 3535 3777 viri

1951 3821 2309 3880 respexerunt
2336 3812 2390 3866 in
2428 3812 2621 3867 faciem
2652 3810 3091 3867 Sodomorum”.
3120 3832 3139 3863 ›
3174 3812 3309 3866 Tum
3340 3827 3535 3867 rursus

1950 3906 2227 3971 quomodo
2254 3905 2625 3960 Abrahatnum
2665 3907 2710 3960 is
2742 3907 2832 3975 qui
2866 3914 2949 3959 est
2982 3915 3036 3959 et
3076 3906 3169 3974 qui
3197 3915 3317 3959 erat
3347 3905 3426 3959 sic
3456 3904 3537 3958 al-

1952 3996 2245 4065 loquatur:
2291 4016 2311 4049 ‹
2342 3998 2457 4052 Νοη
2504 3998 2695 4052 celabo
2745 3998 3020 4051 Abraham
3073 4012 3291 4051 servum
3346 4013 3528 4052 meum

1950 4104 2071 4157 quae
2100 4089 2344 4144 facturus
2376 4104 2494 4145 sum
2514 4090 2579 4155 ³¹;
2613 4108 2632 4141 ι
2668 4098 2722 4144 et
2746 4104 2865 4158 qum
2899 4098 3205 4160 sequuntur
3235 4103 3302 4141 ex
3328 4087 3534 4159 Moysis

1950 4181 2169 4248 scriptis
2194 4180 2308 4249 jam
2340 4182 2657 4250 deprompta
2682 4193 2735 4236 et
2765 4197 2794 4234 a
2825 4197 2909 4236 me
2939 4184 3189 4251 exposita
3222 4198 3415 4236 rursus
3444 4198 3533 4235 re-

1949 4274 2108 4341 petii;
2140 4287 2207 4329 ex
2237 4274 2435 4343 quibus
2474 4275 2905 4341 demonstratur,
2939 4276 3039 4329 sub
3068 4276 3231 4331 Patre
3261 4283 3318 4329 et
3348 4275 3534 4329 Domi-

1950 4380 2022 4419 no
2065 4365 2378 4434 praefectum
2429 4382 2572 4431 esse,
2623 4381 2688 4419 ac
2738 4367 2859 4436 ejus
2902 4368 3172 4421 voluntati
3217 4368 3534 4421 ministrare

1951 4456 2139 4521 istum,
2170 4457 2261 4526 qui
2308 4459 2562 4527 apparuit
2602 4458 2837 4513 Abrahae
2870 4469 2924 4513 et
2972 4460 3123 4514 Isaac
3171 4469 3226 4515 et
3271 4458 3442 4515 Jacob
3475 4472 3531 4515 et

299 4638 346 4669 ²⁶
378 4636 557 4690 Exod.
595 4634 745 4701 v1.2,
780 4635 834 4689 3.
912 4636 955 4667 ’⁷
986 4635 1121 4690 Gen.
1157 4651 1331 4701 χχιιι,
1355 4635 1447 4703 24,
1477 4636 1566 4690 50.
1645 4635 1689 4669 ³⁸
1728 4635 1843 4692 Gen

1956 4636 2137 4700 ’111,2.
2213 4638 2659 4706 “uitans”.
2737 4639 3099 4707 '°|bid.,l6.
3174 4640 3529 4706 “lbid.,l7.

326 4840 437 4909 (‘3)
480 4837 591 4891 Καὶ
628 4836 695 4889 τὸ
731 4834 919 4904 ὄνομά
962 4852 1099 4905 μου.
1144 4835 1317 4909 Biblia
1362 4834 1568 4909 addunt
1613 4834 1839 4909 Κόρης,

1956 4849 2156 4909 censet.
2192 4837 2282 4889 ubi
2310 4835 2379 4909 ad
2417 4835 2654 4907 Moysem
2689 4845 2908 4909 ventum
2933 4845 3038 4899 est,
3070 4852 3176 4909 non
3198 4834 3309 4903 jam
3346 4839 3446 4893 sibi
3474 4842 3529 4894 in

254 4905 420 4977 quam
466 4908 690 4975 quidem
746 4921 936 4960 vocem
985 4908 1186 4977 omittit
1224 4907 1394 4977 etiam
1437 4906 1611 4977 Pltilo_
1640 4905 1731 4977 lib.
1760 4905 1841 4977 De

258 4975 533 5031 nominum
572 4977 888 5037 mutatione,
938 4990 991 5043 p.
1032 4975 1192 5029 1046.
1224 4976 1449 5029 Turnus.
1476 5003 1545 5015 —
1572 4975 1840 5028 Eusebius

254 5049 636 5108 Casariensis,
666 5046 827 5114 longe
850 5046 1116 5107 omnium,
1138 5046 1229 5114 qui
1261 5045 1313 5097 in
1346 5045 1590 5113 partibus
1617 5045 1839 5097 Ariauis

258 5120 505 5180 luerunt,
533 5117 906 5178 doctissimus,
939 5115 1201 5183 praeclare
1232 5116 1363 5168 vidit
1394 5116 1533 5169 hanc
1561 5114 1757 5169 Justini
1786 5124 1841 5167 et

257 5191 494 5242 aliorum
539 5184 767 5240 Patrum
814 5196 943 5238 ante
992 5184 1333 5239 Nictenorutu
1370 5186 1696 5239 sententiam
1732 5199 1837 5237 non

257 5274 418 5327 posse
466 5272 592 5310 cum
640 5256 854 5327 Ariauo
899 5270 1110 5327 veneno
1139 5255 1439 5327 conciliari.
1470 5255 1573 5308 Pro
1603 5270 1667 5309 eo
1692 5255 1837 5327 enim

255 5324 401 5396 quod
426 5326 679 5381 Justinus
706 5326 946 5380 Verbum
984 5325 1152 5395 Moysi
1189 5326 1510 5396 apparuisse
1537 5324 1834 5396 (10681,ςὶ-

255 5394 367 5469 que
412 5400 638 5458 dixisse,
680 5408 738 5469 ut
770 5396 1047 5469 habemus
1068 5413 1123 5451 ιι,
1147 5396 1244 5469 60,
1288 5403 1345 5469 et_
1380 5395 1536 5469 Apol:
1569 5411 1605 5457 I,
1640 5411 1695 5469 n_.
1726 5394 1793 5446 65
1823 5415 1835 5448 ;

260 5465 289 5522 ἱ
308 5469 420 5537 Ego
442 5484 562 5522 sum
587 5468 864 5522 exsisteus
885 5466 993 5529 ille,
1014 5466 1162 5537 Deus
1182 5466 1479 5537 Abraham,
1504 5465 1642 5520 Deus
1665 5465 1835 5537 Isaae,

254 5550 315 5591 et
348 5535 487 5593 Deus
511 5537 720 5598 Iacob;
753 5556 773 5588 ι
808 5544 970 5605 negat
998 5535 1262 5589 Eusebius
1295 5536 1486 5588 Filium
1518 5536 1837 5603 apparuisse

256 5610 456 5680 loysi,
489 5609 647 5675 eique
685 5610 803 5662 hzec
836 5608 996 5680 verba
1031 5607 1274 5680 dixifse:
1303 5608 1474 5674 ipsum
1507 5605 1723 5680 Patrem
1754 5606 1835 5658 lo-

256 5676 447 5735 cutum
496 5696 618 5732 esse
653 5677 962 5738 contendit,
996 5677 1247 5744 angelum
1283 5686 1463 5729 autem
1495 5676 1834 5744 apparuisse.

255 5752 372 5806 Cur
420 5766 548 5819 ergo
591 5749 883 5812 Eusebius,
918 5746 1011 5819 qui
1066 5746 1280 5819 Patrem
1326 5761 1606 5819 nunquam
1659 5746 1835 5819 visum

255 5837 404 5889 esse,
433 5814 527 5878 sed
559 5820 757 5876 Filium
793 5817 1048 5885 Abrahae,
1077 5817 1225 5873 lsaac
1246 5826 1299 5872 et
1318 5814 1485 5873 Jacob
1516 5816 1837 5886 apparuisse

1949 4908 2049 4961 hac
2088 4908 2353 4961 sententia
2400 4916 2636 4969 constat,
2683 4908 2776 4960 sed
2827 4910 3042 4961 Patrem
3096 4908 3334 4961 locutum
3380 4924 3526 4971 esse,

1948 4978 2201 5044 angelum
2236 4978 2557 5043 apparuisse
2596 4977 2908 5043 pertendit?
2938 4976 3052 5029 Non
3087 4978 3249 5029 aliam
3284 4993 3416 5030 sane
3454 4980 3524 5033 ob

1948 5063 2191 5110 causam,
2241 5047 2345 5099 nisi
2392 5050 2521 5114 quia
2559 5046 2777 5100 videbat
2827 5047 2910 5099 his
2953 5046 3132 5100 verbis
3165 5064 3177 5098 :
3217 5064 3236 5097 ι
3266 5047 3376 5116 Ego
3406 5064 3524 5101 sum

1946 5118 2221 5171 exsisleus
2250 5116 2363 5181 ille,
2397 5135 2415 5167 ι
2455 5126 2705 5169 naturam
2734 5116 2973 5169 divinam
3022 5116 3095 5168 ita
3148 5117 3528 5182 signiﬁcanter

1943 5186 2195 5254 exprimi,
2234 5196 2293 5237 ut
2336 5202 2453 5240 eam
2500 5187 2719 5241 Christo
2767 5189 3038 5254 denegare
3079 5202 3187 5237 nou
3235 5187 3424 5253 possit,
3479 5188 3525 5239 si

1944 5258 2069 5324 quis
2098 5258 2211 5309 haec
2244 5255 2319 5308 illi
2353 5255 2517 5309 verba
2550 5257 2835 5309 attribuat.
2870 5256 3037 5308 Suam
3069 5256 3209 5309 hanc
3258 5255 3527 5310 Eusebius

1945 5326 2259 5393 opinionem
2281 5328 2511 5393 exponit
2534 5327 2583 5377 in
2611 5325 2856 5393 pluribus
2878 5327 3010 5379 locis
3032 5326 3122 5379 lib.
3144 5340 3193 5378 vt
3222 5325 3520 5378 Demonstr.

1944 5412 2153 5464 evang.,
2190 5396 2463 5463 praecipue
2496 5410 2623 5449 vero
2652 5412 2700 5448 c.
2736 5398 2826 5448 14.
2855 5396 3086 5450 Nolebat
3125 5398 3267 5448 enim
3304 5396 3526 5449 Christo

1944 5467 2118 5533 aptari
2163 5464 2302 5529 loca,
2337 5466 2388 5517 in
2443 5466 2641 5532 quibus
2690 5480 2884 5534 nomen
2931 5476 3014 5520 est
3064 5466 3521 5534 qttadrilnterttut.

1948 5535 2079 5589 Vide
2117 5535 2238 5603 ejus
2269 5533 2562 5603 Comment.
2595 5536 2650 5587 in
2680 5533 2946 5596 Psalmos,
2979 5552 3029 5603 p.
3064 5533 3171 5588 554
3198 5547 3250 5587 et
3288 5537 3411 5590 584.

2014 5606 2128 5675 (Η)
2151 5601 2269 5675 “·“ρς
2298 5601 2375 5675 ἦν
2408 5604 2506 5656 καὶ
2538 5606 2730 5675 ἐστιν,
2753 5606 2834 5669 ὡς
2852 5601 3031 5675 λέγει.
3078 5604 3386 5673 Legenduut
3414 5606 3524 5658 for-

1948 5673 2089 5731 tasse
2108 5673 2177 5747 :6;
2208 5673 2276 5747 ἦν
2307 5673 2399 5728 καὶ
2419 5675 2565 5747 ἐστιν
2582 5674 2725 5728 οὕτω
2744 5675 2913 5743 λέγει,
2936 5673 3104 5742 atque
3134 5677 3204 5729 ita
3235 5678 3361 5746 legit
3387 5675 3525 5731 Latt-

1942 5762 2063 5814 gus.
2098 5746 2202 5799 Sed
2234 5745 2419 5799 tamen
2458 5745 2664 5799 nullam
2693 5762 2814 5800 esse
2858 5747 3189 5802 emendandi
3219 5745 3519 5803 neCessita-

1944 5828 2051 5872 tem
2083 5816 2316 5888 perSpici
2346 5826 2523 5886 potest
2555 5832 2623 5872 ex
2660 5818 3133 5887 interpretatione.
