3954 6258
287 341 379 398 773

1278 341 1624 399 DlthOGUS
1656 343 1802 400 CUM
1844 342 2220 399 TRYl’llONE
2255 319 2532 402 tuom.

3467 359 3572 415 77L

279 455 443 527 enim,
475 457 530 508 ὲν
551 455 827 528 ὲλαχίστῳ
857 458 1029 532 μέρει
1061 459 1166 530 γῆς
1195 461 1421 531 φανεῖ-τῃ
1457 461 1649 513 Ὁπότε
1677 478 1739 530 γε
1769 462 1852 515 οὑξ

1994 462 2155 516 hendi
2202 471 2404 530 potest,
2447 464 2554 517 imo
2602 479 2671 520 ne
2717 473 2830 521 toto
2863 469 3083 539 quidem
3117 473 3347 539 mundo,
3375 475 3577 547 quippe

278 552 367 621 τὴν
390 549 544 614 δόξαν
577 548 676 602 τοῦ
711 553 846 622 παρ’
880 552 1058 606 αὑτοῦ
1102 553 1442 624 πεμφθέντος
1485 553 1667 625 ἴσχυεν
1696 556 1724 607 6
1755 554 1883 618 λαὸς

280 644 396 696 ἰδεῖν
431 643 488 695 ὲν
507 643 664 714 Σινᾷ,
690 643 798 696 οὐδ
817 645 1246 717 αὐτὸςΜωῦσῆς
1275 645 1494 716 ἴσχυσεν
1523 645 1780 700 εἰσελθεῖν
1803 648 1882 711 εἰς

274 737 364 806 τὴν
406 737 616 807 σκηνὴν
663 738 732 807 ἦν
783 737 1070 809 ἐποίησεν,
1105 741 1153 792 εί
1198 738 1271 811 μὴ
1313 737 1607 810 ἐπληρώθη
1641 738 1750 810 (49)
1782 740 1882 812 τῆς

272 830 419 900 παρὰ
460 828 558 881 τοῦ
610 829 752 883 Θεοῦ
797 830 988 903 δόξης·
1022 833 1144 886 οὐδὲ
1190 833 1295 904 μὴν
1332 832 1360 884 6
1407 833 1584 904 ἱερεὺς
1610 833 1879 903 ’ὑπέμεινε

269 921 604 975 κατενώπιον
649 921 749 976 τοῦ
793 923 926 978 ναοῦ
971 926 1181 996 στῆναι,
1212 926 1300 978 ὅτε
1329 926 1428 998 τὴν
1458 926 1688 978 κιϐωτὸν
1719 926 1877 980 Σολο-

270 1013 380 1084 μὼν
413 1015 774 1086 εἰσεκόμισεν
804 1018 886 1080 εἰς
912 1017 1004 1070 τὸν
1029 1014 1173 1070 οἷκον
1200 1018 1290 1070 τὸν
1312 1019 1370 1070 ὲν
1413 1018 1723 1090 Ἱερουσαλὴ
1733 1037 1792 1088 μ,
1809 1018 1877 1071 ὃν

264 1107 426 1167 αὐτὸς
473 1109 503 1160 6
556 1107 816 1179 Σολομὼν
862 1108 1223 1181 ᾠκοδομήκει.
1283 1109 1420 1163 Οὔτε
1467 1107 1560 1164 οὖν
1603 1111 1874 1182 Ἀϐραὰμ,

262 1200 382 1254 οὗτε
429 1200 646 1265 Ἰσαὰκ,
681 1201 807 1254 οὔτε
849 1199 1067 1264 Ἰακὼ6,
1097 1200 1219 1254 οὔτε
1249 1201 1405 1266 ἄλλος
1433 1202 1738 1274 ἀνθρώπων
1768 1199 1874 1256 εἶδε

261 1295 347 1346 τὸν
378 1294 613 1364 Πατέρα
652 1295 747 1347 καὶ
784 1295 1023 1365 ἄρρητον
1051 1293 1252 1366 Κύριον
1278 1294 1386 1348 τῶν
1415 1295 1634 1348 πάντων
1665 1295 1872 1360 ἁπλῶς,

263 1385 348 1439 καὶ
393 1385 575 1439 αὐτοῦ
613 1385 712 1439 τοῦ
756 1385 997 1458 Χριστοῦ
1029 1386 1139 1457 (50)
1161 1403 1173 1416 ·
1227 1386 1340 1440 ἀλλ’
1371 1388 1578 1440 ἐκεῖνον
1613 1388 1702 1440 τὸν
1732 1387 1875 1442 κατὰ

261 1478 462 1549 βουλὴν
491 1478 596 1550 τὴν
624 1479 838 1531 ἐκείνου
862 1478 972 1549 (5-1)
994 1479 1086 1532 καὶ
1107 1479 1237 1531 Θεὸν
1265 1479 1396 1533 ὄντα
1411 1480 1542 1534 Υἱὸν
1571 1479 1759 1543 αὐτοῦ,
1779 1482 1873 1534 καὶ

258 1572 496 1639 ἄγγελον
543 1571 612 1624 ἐκ
658 1570 756 1624 τοῦ
805 1571 1100 1642 ὑπηρετεῖν
1129 1573 1195 1642 τῇ
1225 1569 1418 1642 γνώμῃ
1457 1571 1622 1626 αὐτοῦ
1643 1589 1655 1602 ο
1691 1572 1749 1625 ὃν
1777 1574 1872 1627 καὶ

256 1665 559 1735 ἄνθρωπον
602 1663 934 1736 γεννηθῆναι
963 1664 1050 1718 διὰ
1075 1665 1172 1735 τῆς
1200 1664 1477 1736 Παρθένου
1510 1665 1830 1736 βεϐούληται
1850 1685 1864 1697 ·

255 1757 309 1820 '6;
325 1759 429 1809 καὶ
458 1755 578 1828 πῦρ
607 1773 742 1808 ποτε
769 1755 958 1824 γέγονε
975 1759 1039 1827 τῇ
1059 1757 1194 1828 πρὸς
1211 1758 1347 1810 Μιυῦ
1356 1758 1452 1811 σέα
1468 1757 1654 1830 ὁμιλίᾳ.
1671 1761 1735 1829 τῇ
1760 1760 1868 1813 ἀπὸ

1992 553 2084 621 qui
2115 563 2234 607 erat
2263 556 2424 608 etiam
2458 567 2752 625 antequam
2802 562 3036 614 mundus
3087 561 3261 617 ﬁeret.
3289 564 3578 632 Quomodo

1989 645 2168 716 igitur,
2187 645 2278 701 ille
2308 656 2405 701 aut
2446 661 2776 717 quemquam
2815 651 3148 722 alloquatur,
3188 667 3282 713 aut
3312 661 3573 730 cuiquam

1988 747 2271 806 appareat,
2302 746 2394 790 aut
2427 739 2480 792 in
2526 743 2914 810 angustissima
2953 757 3112 800 terrae
3159 761 3312 819 parte
3357 757 3584 824 conspi-

1987 829 2202 882 ciatur?
2226 829 2359 883 Cum
2395 846 2461 883 ne
2487 831 2630 886 illius
2656 836 2900 902 quidem,
2933 839 3023 906 qui
3055 840 3124 894 ab
3150 857 3216 896 eo
3246 846 3449 902 missus
3470 858 3574 913 est,

1987 920 2214 989 gloriam
2256 924 2488 992 populus
2521 925 2574 979 in
2606 925 2739 980 Sina
2774 928 2972 985 intueri
3008 935 3278 1000 potuerit;
3331 954 3430 991 nec
3462 941 3574 1009 ipse

1985 1009 2200 1082 Moyses
2228 1015 2663 1084 tabernaculum,
2690 1020 2834 1087 quod
2860 1019 3093 1088 fecerat,
3126 1025 3335 1094 ingredi
3365 1042 3573 1096 posset,

1985 1103 2028 1156 si
2055 1102 2225 1173 gloria
2256 1103 2352 1159 Dei
2386 1106 2670 1176 impletum
2700 1121 2882 1177 esset;
2913 1129 3087 1183 neque
3115 1117 3280 1170 etiam
3309 1123 3573 1175 sacerdos

1981 1209 2083 1263 pro
2115 1197 2313 1266 templo
2361 1207 2509 1254 stare
2543 1201 2890 1267 sustinuerit,
2925 1220 3052 1259 cum
3087 1223 3274 1262 arcam
3311 1210 3569 1265 Salomon

1984 1285 2164 1342 intulit
2217 1290 2270 1342 in
2325 1290 2543 1344 domum
2604 1291 3195 1366 Hierosolymitauam,
3243 1317 3408 1370 quam
3457 1304 3570 1373 ipse

1981 1388 2391 1436 construxerat.
2423 1381 2534 1438 Nec
2564 1385 2839 1441 Abraham
2871 1389 3058 1454 igitur,
3099 1410 3199 1449 nec
3241 1395 3418 1463 Isaac,
3467 1413 3568 1453 nec

1979 1471 2137 1542 221
2188 1471 2382 1540 Jacob,
2428 1492 2530 1532 nec
2577 1480 2868 1549 quisquam
2924 1498 2992 1538 ex
3050 1487 3363 1545 hominibus
3410 1493 3563 1547 illum

1977 1565 2222 1619 omnium
2249 1567 2494 1634 omnino,
2524 1585 2589 1624 ac
2618 1571 2790 1639 ipsius
2817 1573 3022 1629 Christi
3058 1576 3276 1633 Patrem
3302 1592 3357 1635 et
3385 1581 3566 1638 Domi-

1977 1671 2106 1709 num
2155 1672 2264 1709 non
2313 1661 2683 1715 enarrabilem
2721 1663 2886 1732 vidit;
2921 1666 3014 1720 sed
3044 1683 3187 1735 eum,
3225 1673 3316 1741 qui
3369 1689 3566 1730 secun-

1977 1748 2105 1801 dum
2153 1749 2323 1817 ipsius
2349 1753 2690 1809 voluntatem
2721 1764 2777 1809 et
2808 1758 2948 1812 Deus
2974 1770 3058 1815 est
3085 1763 3253 1830 ipsius
3281 1764 3474 1832 Filius,
3509 1783 3562 1823 et

255 1850 350 1918 τῆς
384 1849 582 1918 βάτου.
602 1849 780 1912 Ἐπεὶ,
801 1847 895 1900 ἐὰν
922 1848 994 1919 μὴ
1023 1847 1165 1901 οὕτω
1196 1843 1476 1920 νοήσωμεν
1507 1849 1605 1914 τὰς
1624 1851 1848 1923 Γραφὰς

1976 1841 2200 1910 angelus
2223 1857 2290 1896 ex
2313 1859 2379 1898 eo
2399 1846 2544 1913 quod
2575 1847 2848 1902 ministret
2874 1850 3044 1920 ipsius
3071 1853 3372 1922 voluntati;
3396 1875 3558 1927 quem

258 1942 614 2013 συμϐήσεται
643 1942 736 1994 τὸν
768 1941 991 2012 Πατέρα
1021 1942 1113 1995 καὶ
1140 1940 1346 2014 Κύριον
1374 1942 1484 1996 τῶν
1513 1943 1650 1996 ὅλων
1686 1943 1758 2014 μὴ
1778 1961 1871 2012 γε-

254 2035 527 2104 γενῆσθαι
559 2034 684 2086 τότε
714 2034 773 2084 ὲν
802 2036 914 2096 τοῖς
942 2034 1214 2104 οὐρανοῖς.
1241 2033 1328 2086 ὅτε
1359 2033 1446 2086 διὰ
1477 2035 1756 2099 Μωΰσέως
1783 2035 1868 2088 λέ-

253 2127 478 2179 λεκται·
521 2145 540 2175 ι
573 2125 690 2178 Καὶ
737 2125 944 2191 Κύριος
988 2123 1204 2196 ἔϐρεξεν
1246 2125 1342 2178 ἐπὶ
1381 2126 1590 2198 Σόδομα
1631 2128 1742 2200 πῦρ
1774 2131 1867 2183 καὶ

255 2221 396 2272 θεῖον
444 2216 606 2288 παρὰ
647 2217 860 2288 Κυρίου
904 2218 969 2270 ἐκ
1008 2217 1102 2270 τοῦ
1129 2217 1386 2290 οὐρανοῦ·
1413 2239 1431 2270 ι
1466 2222 1561 2274 καὶ
1591 2220 1751 2274 πάλιν
1779 2222 1867 2276 διὰ

253 2312 421 2365 Δαϐιδ
452 2314 544 2364 Et:
578 2308 833 2362 λέλεκται
865 2311 1066 2375 οὕτως·
1107 2313 1342 2382 (Ἀρατε
1370 2312 1564 2378 πύλας,
1593 2316 1642 2368 οἱ
1671 2315 1865 2386 ἄρχον-

252 2421 363 2466 τες,
388 2404 572 2474 ὑμῶν.
599 2405 696 2457 καὶ
713 2402 1015 2474 ὲπὰρθητε,
1042 2404 1202 2457 πύλαι
1233 2407 1439 2459 αἰώνιοι
1458 2424 1471 2436 °
1504 2407 1598 2460 καὶ
1629 2406 1864 2460 εἰσελεύ-

251 2513 405 2549 σεται
450 2500 480 2550 ὁ
516 2497 787 2559 Βασιλεὺς
827 2496 929 2565 τῆς
976 2495 1164 2568 δόξηςο
1201 2516 1220 2548 δ
1256 2499 1350 2550 καὶ
1380 2498 1540 2551 πάλιν
1568 2500 1655 2552 ὅτε
1687 2499 1856 2571 φησί’

257 2607 274 2638 ι
303 2589 468 2656 Λέγει
501 2591 718 2659 Κύρικ
746 2587 824 2659 τῷ
843 2588 1035 2659 Κυρίῳ
1065 2606 1187 2659 μουσ
1208 2588 1390 2642 Κάθου
1419 2592 1484 2643 ὲκ
1511 2591 1699 2656 δεξιῶν
1730 2610 1856 2663 μου,

250 2680 354 2743 ἕως
396 2680 464 2734 ἂν
509 2681 590 2733 θῶ
633 2682 768 2743 τοὺς
813 2679 1044 2751 ἐχθρούς
1076 2699 1168 2735 σου
1199 2683 1490 2737 ὑποπόδιον
1526 2684 1634 2737 τῶν
1680 2685 1857 2739 ποδῶν

253 2791 366 2826 σου.
402 2794 419 2824 1

319 3010 442 3064 128.
480 3013 601 3065 Καὶ
635 3012 721 3064 ὅτι
756 3011 962 3083 Κύριος
993 3013 1068 3065 ὢν
1095 3015 1124 3066 6
1150 3015 1406 3087 Χριστὸς,
1439 3017 1532 3071 καὶ
1563 3017 1695 3081 Θεὸς
1715 3017 1849 3072 Θεοῦ

252 3103 377 3166 Υἱὸς
411 3105 711 3176 ὑπάρχων,
747 3107 842 3158 καὶ
882 3105 1107 3177 δυνάμει
1150 3109 1470 3180 φαινόμενος
1503 3109 1612 3181 (52)
1653 3112 1847 3182 πρότε-

1973 1942 2029 1985 et
2061 1932 2332 1988 hominem
2371 1937 2520 1991 nasci
2561 1953 2627 1993 ex
2664 1939 2886 2011 Virgine
2919 1943 3128 2012 voluit;
3173 1947 3264 2016 qui
3317 1959 3371 2003 et
3417 1951 3560 2019 ignis

1972 2023 2263 2093 aliquando
2291 2027 2467 2083 fuitin
2492 2029 2765 2099 colloquio
2789 2049 2910 2088 cum
2945 2035 3128 2106 Moyse
3157 2053 3221 2092 ex
3251 2041 3409 2096 rubo.
3437 2042 3557 2098 Nisi

1969 2117 2111 2171 enim
2141 2117 2452 2187 Scripturas
2496 2121 2570 2175 ita
2599 2122 2986 2195 intelligamus,
3015 2143 3083 2183 eo
3127 2145 3214 2185 res
3258 2133 3456 2188 evadet
3497 2145 3557 2190 ut

1968 2207 2132 2262 Pater
2166 2219 2221 2264 et
2266 2211 2528 2268 Dominus
2571 2215 2953 2272 universorum
2993 2228 3122 2275 tunc
3165 2223 3217 2276 in
3249 2225 3408 2279 caelis
3445 2242 3553 2282 non

1968 2299 2154 2367 fuerit,
2209 2317 2331 2356 cum
2389 2319 2486 2373 per
2546 2303 2779 2377 Moysem
2828 2310 3030 2366 dictum
3079 2323 3165 2368 est
3212 2335 3224 2369 :
3279 2334 3298 2366 ι
3335 2316 3401 2370 Ει
3453 2319 3556 2372 Do-

1967 2393 2146 2469 minus
2192 2394 2328 2464 pluit
2374 2413 2537 2465 super
2591 2399 2884 2457 Sodomam
2941 2405 3122 2475 ignem
3158 2417 3212 2461 et
3243 2409 3471 2479 sulphur
3522 2427 3554 2466 a

1967 2484 2200 2539 Domino
2228 2503 2292 2541 ex
2327 2491 2543 2558 cmlo";
2580 2512 2598 2542 ι
2628 2502 2721 2548 aut
2750 2509 2872 2548 cum
2900 2512 3088 2553 rursus
3121 2515 3219 2570 per
3247 2501 3507 2559 Davidem
3536 2521 3548 2556 :

1967 2595 1986 2627 ι
2021 2577 2221 2633 Tollite
2267 2592 2475 2648 portas,
2517 2585 2812 2654 principes,
2856 2598 3107 2655 vestras;
3135 2599 3189 2644 et
3239 2592 3551 2656 elevamini.

1962 2678 2132 2736 porta:
2153 2674 2443 2728 aaternales
2468 2716 2482 2740 ,
2501 2687 2557 2730 et
2579 2677 2826 2733 introibit
2847 2677 2959 2734 Rex
2979 2682 3174 2752 gloria}
3188 2683 3255 2748 ³ος
3284 2693 3407 2738 »ιιιιι
3425 2701 3550 2740 cum

1961 2758 2099 2812 idem
2135 2756 2269 2815 ait:
2300 2781 2318 2812 ι
2355 2763 2502 2819 Dixit
2537 2767 2800 2822 Dominus
2857 2771 3086 2827 Domino
3137 2788 3260 2829 meo
3298 2793 3312 2828 :
3348 2776 3488 2833 Sede
3519 2794 3549 2832 a

1957 2849 2169 2904 dextris
2195 2853 2351 2916 meis,
2380 2855 2552 2910 donec
2577 2872 2778 2926 ponam
2812 2860 3068 2918 inimicos
3098 2873 3219 2919 tuos
3245 2867 3547 2922 scabellnm

1955 2943 2151 3012 pedum
2183 2955 2401 3002 tuorum
2419 2949 2484 3001 ’9.
2519 2969 2537 3000 ι

2026 3036 2150 3092 128.
2201 3037 2425 3093 Verbum
2457 3058 2560 3094 non
2592 3052 2648 3094 ut
2685 3045 2856 3099 virtus
2884 3047 3128 3101 inanima
3168 3049 3421 3120 mittitur,
3453 3054 3547 3106 sed

1961 3141 2018 3183 ιιι
2061 3147 2290 3200 persona
2335 3150 2400 3188 ea:
2428 3131 2612 3189 Patris
2635 3138 2935 3192 substantia
2961 3142 3160 3210 genita.
3187 3143 3349 3198 —Ac
3383 3144 3544 3200 Chri-

254 3214 341 3266 ρον
367 3198 445 3262 ὡς
481 3199 654 3269 ἀνὴρ,
693 3199 792 3251 καὶ
825 3199 1076 3267 ἄγγελος,
1110 3202 1204 3254 καὶ
1233 3203 1293 3254 ὲν
1327 3203 1497 3274 πυρὸς
1521 3203 1670 3276 δόξῃ,
1701 3205 1776 3269 ὡς
1799 3209 1852 3258 ἐν

1963 3232 2104 3277 stum
2141 3225 2359 3293 quidem
2405 3226 2691 3282 Dominum
2729 3241 2782 3284 et
2815 3230 2985 3285 Deum
3025 3233 3118 3287 Dei
3154 3233 3350 3291 Filium
3394 3253 3539 3306 esse,

249 3291 310 3356 τῇ
349 3289 498 3358 βάτῳ
530 3288 837 3357 πέφανται,
868 3290 963 3341 καὶ
1008 3289 1099 3342 ἐπὶ
1140 3290 1242 3359 τῆς
1291 3292 1525 3362 κρίσεως
1556 3294 1657 3364 τῆς
1693 3312 1854 3363 γεγε-

249 3381 489 3450 νημένης
525 3383 627 3436 ἐπὶ
670 3382 902 3453 Σόδομα,
954 3383 1335 3439 ἀποδέδεικται
1380 3387 1442 3440 ἐν
1475 3387 1688 3453 πολλοῖς
1742 3393 1855 3454 τοῖς

248 3475 586 3544 εἰρημένοις.
636 3475 983 3547 Ἀνιστόρουν
1019 3477 1075 3530 δὲ
1112 3461 1274 3532 πάλιν
1302 3479 1337 3532 ἃ
1375 3480 1468 3532 καὶ
1518 3482 1848 3554 προέγραψα

247 3565 353 3616 ἀπὸ
383 3564 488 3634 τῆς
523 3566 748 3632 Ἐξόδου
788 3567 992 3632 πάντα,
1034 3570 1163 3640 περί
1211 3588 1271 3623 τε
1317 3571 1416 3642 τῆς
1455 3573 1718 3638 ὀπτασίας
1752 3576 1850 3646 τῆς

365 3658 466 3728 τῆς
501 3658 694 3728 βάτου,
733 3663 828 3714 καὶ
870 3660 970 3730 τῆς
1011 3662 1352 3735 ἐπικλήσεως
1380 3664 1474 3718 τοῦ
1523 3667 1696 3738 Ἰησοῦ
1727 3669 1848 3722 ὀνό-

250 3768 439 3818 ματος,
491 3754 592 3804 καὶ
641 3753 935 3822 ἐπέλεγον·
985 3758 1096 3810 Καὶ
1140 3759 1216 3830 μὴ
1269 3759 1546 3831 νομίζητε,
1590 3756 1634 3814 ὦ
1679 3756 1847 3828 οὗτοι,

245 3844 325 3895 ὅτι
373 3845 792 3916 περιττολογῶν
843 3847 1015 3902 ταῦτα
1049 3850 1194 3920 λέγω
1241 3851 1502 3918 πολλάκις
1529 3871 1542 3884 ·
1577 3854 1690 3909 ἀλλ’
1724 3859 1848 3913 ἐπεὶ

243 3938 506 4005 γινώσκω
541 3939 640 3992 καί
667 3957 820 4005 τινας
843 3943 1132 4013 προλέγειν
1155 3946 1332 4000 ταῦτα
1359 3946 1734 4020 βουλομένους,
1754 3955 1848 4006 καὶ

318 4117 360 4146 ³⁷
388 4116 532 4172 Gen.
561 4134 683 4180 xix,
710 4118 804 4173 24.
882 4121 930 4152 ³⁸
960 4119 1106 4177 Psal.
1144 4139 1302 4190 mit,
1343 4124 1394 4179 7.

235 4284 539 4352 queretur,
572 4285 638 4352 ιιι
676 4277 847 4352 paulo
868 4289 1003 4352 Apost
1033 4280 1112 4333 ait
1137 4279 1404 4352 Justinus,
1435 4297 1557 4336 eum
1586 4283 1837 4352 aliquan-

243 4346 336 4396 diu
365 4348 511 4399 calo
535 4346 800 4409 abfuisse,
836 4346 977 4402 si'ad
1005 4366 1128 4404 eum
1162 4351 1505 4406 referrentur
1533 4354 1650 4408 haec
1681 4346 1837 4408 Scri-

244 4428 423 4491 ptum
453 4420 574 4491 loca
608 4437 620 4470 :
653 4436 672 4468 ι
707 4419 954 4473 Altollite
986 4432 1191 4491 portas,
1217 4423 1518 4491 principes.
1543 4434 1750 4479 vestras
1786 4435 1842 4478 et

242 4485 767 4564 elevainiiii,_port:e
794 4485 1102 4564 teternales,
1131 4485 1461 4564 et_iiitroibit
1487 4493 1602 4547 Rex
1625 4495 1836 4564 gloriae.

245 4551 399 4630 Dixit
429 4551 702 4630 Dominus
736 4560 964 4613 Domino
996 4551 1116 4616 meo
1140 4579 1154 4614 :
1177 4562 1316 4616 Sede
1337 4580 1364 4615 a
1387 4565 1594 4618 denris
1623 4551 1780 4630 meis,
1811 4585 1831 4616 ι

244 4638 301 4678 et
325 4627 435 4681 alia
469 4629 741 4695 ejusmodi
770 4645 894 4695 qua:
919 4631 986 4688 de
1012 4631 1145 4686 Filio
1169 4633 1311 4687 dicta
1347 4631 1506 4688 facile
1537 4627 1838 4689 concilian-

247 4707 343 4749 tur
372 4712 502 4751 cum
533 4708 730 4767 natura
758 4702 962 4767 divina,
991 4703 1119 4769 quia
1146 4703 1319 4757 Filius
1344 4718 1372 4756 a
1401 4702 1566 4758 Patre
1588 4705 1837 4758 .mittitur

245 4779 302 4842 et
335 4769 770 4842 habitaratione
811 4771 1168 4827 humanitatis
1205 4773 1520 4842 aliquandiu
1567 4774 1708 4830 cwlo
1740 4776 1839 4828 ab-

249 4839 371 4913 (nit.
398 4842 478 4913 At
509 4840 563 4891 in
596 4840 814 4913 Patrem
863 4842 1086 4906 collata,
1116 4860 1220 4896 non
1247 4839 1356 4912 ja’tn
1387 4855 1712 4912 suppetente
1742 4861 1857 4913 ea-I

1476 4125 1519 4159 ³ο
1544 4126 1690 4184 Psal.
1723 4143 1832 4193 (ιιι,
1870 4131 1920 4188 ι.

1869 4514 1976 4599 Dp

1959 3324 2015 3366 et
2046 3315 2244 3370 virtute
2280 3317 2434 3384 prius
2467 3320 2786 3387 apparuisse
2835 3331 2896 3375 ιιι
2945 3323 3120 3376 virum
3170 3334 3225 3378 et
3261 3327 3538 3395 angelum,

1959 3415 2011 3458 et
2057 3406 2110 3458 in
2159 3407 2333 3476 gloria
2378 3411 2540 3479 ignis,
2589 3412 2738 3466 velut
2787 3414 2840 3467 in
2890 3414 3024 3468 rubo
3065 3417 3200 3470 etin
3230 3417 3439 3484 judicio
3471 3422 3540 3475 de

1959 3489 2212 3554 Sodomis
2271 3497 2441 3562 facto,
2481 3499 2599 3569 jam
2654 3501 2901 3570 pluribus
2945 3505 3379 3562 demonstratum
3431 3522 3535 3567 est.

1955 3582 2281 3640 Referebam
2351 3601 2530 3644 autem
2599 3592 2794 3646 iterum
2838 3598 3051 3661 omnia,
3099 3615 3220 3668 quae
3266 3603 3420 3670 prius
3465 3618 3529 3659 ex

1953 3678 2144 3735 Exodo
2190 3683 2490 3752 descripsi,
2535 3695 2646 3738 tum
2689 3688 2756 3740 de
2810 3689 3017 3745 visione
3066 3692 3120 3744 in
3162 3696 3299 3749 rubo
3330 3697 3535 3764 oblata,

1955 3780 2068 3825 tum
2106 3774 2171 3827 de
2207 3774 2458 3843 imposita
2511 3779 2747 3834 nominis
2782 3777 2910 3835 Jesu
2943 3783 3310 3852 appellatione
3333 3840 3350 3866 ,
3393 3798 3534 3842 tum-

1951 3877 2059 3931 que
2090 3862 2204 3918 hrec
2234 3866 2457 3937 insuper
2497 3870 2684 3924 addidi
2715 3885 2725 3918 :
2760 3871 2835 3927 Ne
2873 3875 3201 3932 existimetis
3233 3894 3319 3933 me
3336 3862 3534 3936 verbis

1953 3955 2378 4024 supet'ﬂuentem
2421 3961 2537 4017 hate
2586 3967 2784 4034 saepius
2827 3967 3064 4028 iterare:
3102 3973 3197 4026 sed
3232 3975 3359 4042 quia
3397 3991 3533 4028 non-

2018 4287 2270 4364 (5_0)_qu
2309 4291 2497 4345 αὐτοῦ
2535 4293 2642 4347 τοῦ
2689 4295 2969 4362 Χριστοῦ.
3027 4297 3143 4364 Quo
3181 4315 3340 4354 sensu
3382 4301 3529 4356 Deus

1947 4356 2152 4411 Christi
2182 4362 2417 4423 dicatur,
2448 4365 2682 4430 explicat
2719 4356 2967 4419 Justinus
3001 4356 3140 4423 iiTt'ra
3172 4387 3226 4422 n.
3267 4371 3389 4425 129.
3429 4371 3524 4424 Νι-

1947 4430 2145 4481 tnirum
2201 4441 2476 4508 quatenus
2502 4433 2632 4508 pejus
2674 4447 2828 4508 pater
2869 4447 2975 4501 est,
3011 4438 3174 4508 eique
3206 4451 3426 4508 prastat
3467 4451 3526 4495 ut

1983 4510 2146 4551 oteus
2172 4501 2243 4553 sit
2275 4512 2328 4552 et
2357 4502 2615 4556 Dominus
2638 4501 2690 4558 et
2720 4505 2883 4560 Deus.

2013 4568 2122 4648 (iii)
2155 4569 2317 4623 Κατὰ
2346 4572 2592 4648 ,ϐουλὴν
2636 4573 2751 4641 τὴν
2801 4577 3055 4630 ἐκείνου.
3090 4576 3215 4631 Ηωο
3270 4578 3521 4648 loquendi

1946 4641 2110 4700 ratio.
2156 4655 2280 4708 qua:
2337 4643 2532 4696 merito
2584 4656 2835 4712 suspecta
2897 4659 3046 4701 esset
3099 4650 3150 4700 in
3209 4641 3522 4708 hOminibus

1942 4713 2350 4783 generationem
2407 4728 2474 4766 ex
2537 4716 2845 4770 substantia
2907 4716 3320 4783 rejieientibus,
3384 4723 3522 4777 nilnl

1940 4794 2166 4859 prorsus
2201 4781 2807 4859 habet_sus_pieionis_in
2843 4802 2936 4859 ore
2964 4781 3194 4852 ‘Jnstini,
3231 4790 3325 4857 qui
3361 4794 3522 4859 paulo

1940 4858 2063 4916 post
2096 4851 2340 4928 declarat
2372 4851 2700 4928 verbumex
2732 4854 2910 4909 Patris
2943 4851 3519 4928 substantia'genitnm

246 4909 371 4960 dein
399 4911 479 4963 rei
513 4911 854 4977 explicanda:
889 4915 1124 4976 ratione,
1151 4909 1388 4968 divinam
1416 4909 1708 4968 essentiam
1743 4917 1836 4970 lte-

248 4983 464 5050 derenl.
496 4980 668 5035 5-150
698 4994 910 5049 spectat
940 4991 1048 5038 tota
1074 4983 1271 5038 Justini
1313 4985 1617 5039 disserendi
1675 4987 1831 5050 ratio,

248 5062 308 5101 ut
336 5047 562 5105 Judeos
607 5047 766 5106 fateri
809 5063 968 5120 cogat
1012 5052 1207 5106 Filium
1240 5070 1304 5108 ex
1334 5054 1519 5117 Patre,
1554 5054 1718 5109 veluti
1751 5047 1834 5108 lu;

1937 4934 2083 4981 esse,
2114 4931 2172 4995 ut
2205 4921 2386 4995 lumen
2411 4924 2476 4976 de
2501 4922 2730 4995 lumine.
2767 4928 3109 4995 Quapropter
3142 4921 3511 4986 eum'Filium

1937 4991 2234 5043 secundum
2263 4994 2597 5046 voluntatem
2638 4994 2820 5050 Patris
2863 4991 3060 5050 Filium
3088 5007 3142 5049 et
3179 4998 3344 5053 Deum
3380 5017 3504 5056 esse

1938 5060 2093 5135 dicit,
2141 5075 2247 5113 non
2295 5062 2402 5135 alio
2443 5063 2673 5135 consilio
2715 5066 2766 5118 id
2815 5067 3000 5120 dicere
3050 5069 3252 5135 potuit,
3305 5071 3412 5124 nisi
3463 5084 3519 5125 ut

1936 5129 2079 5205 hanc
2123 5147 2187 5205 ett
2239 5133 2542 5186 substantia
2595 5137 3002 5202 generationem
3050 5129 3415 5205 exprimeret,
3453 5157 3518 5195 ac

1934 5199 2131 5254 Filium
2157 5202 2560 5256 demonstraret
2595 5199 2625 5257 εἰ
2661 5205 2822 5258 Patre
2855 5207 3096 5259 divinam
3131 5199 3518 5265 naturaiu'ac-

1935 5273 2168 5339 cepiSse,
2195 5284 2294 5348 nec
2327 5288 2392 5327 eo
2424 5274 2617 5348 invito,
2655 5285 2712 5348 ut
2745 5277 3222 5348 de_commeutitio
3258 5279 3348 5334 illo
3373 5279 3511 5348 Deo,

1934 5343 2047 5416 sive
2082 5343 2323 5416 secundo
2361 5345 2632 5416 principio
2676 5343 2957 5413 fingebant
3012 5347 3368 5416 Marcionitae,
3406 5343 3508 5404 ex;

1934 5412 2151 5488 sistere.
2186 5412 2361 5488 ᾼΙὶιιιιι
2397 5414 2559 5488 etiam
2587 5412 3010 5488 explicationem
3056 5418 3184 5488 ipse,
3198 5412 3365 5485 paulo
3391 5433 3514 5488 post

1931 5483 2155 5548 subiicit
2184 5482 2456 5536 Justinus.
2492 5485 2582 5537 Ait
2616 5486 2762 5559 enim
2798 5484 2992 5559 Filium
3023 5507 3041 5539 ι
3063 5482 3131 5540 ex
3167 5482 3332 5543 Patre
3357 5482 3514 5559 geni-

1934 5560 2047 5605 tum
2077 5568 2217 5616 esse,
2241 5563 2515 5630 potestate
2547 5564 2603 5607 et
2633 5556 2913 5609 voluntate
2937 5556 3126 5625 ipsius,
3162 5556 3509 5630 nequaquam

1931 5637 2061 5676 vero
2094 5638 2188 5689 per
2219 5624 2636 5680 abscissionem.
2665 5644 2683 5676 ι

1999 5693 2111 5763 ,(52)
2143 5692 2399 5771 Δυνᾴμει
2439 5697 2818 5771 φαινόμενος.
2854 5694 3123 5771 Nimirum
3172 5714 3270 5768 per
3305 5714 3508 5771 Opera-

1933 5764 2136 5842 tionem
2160 5776 2214 5818 et
2247 5764 2528 5836 virtutem,
2561 5764 2846 5842 πρότερον,
2889 5768 2941 5824 id
2974 5780 3059 5824 est
3091 5764 3220 5827 ante
3247 5764 3507 5830 lucaniaé

1935 5848 2154 5891 ttottctu.

247 5137 368 5192 men
411 5136 486 5174 ex
526 5123 737 5176 lumine
771 5125 1014 5192 genitum
1063 5140 1206 5188 esse,
1237 5127 1434 5178 nedum
1482 5127 1530 5179 ei
1580 5136 1831 5180 naturam

244 5191 492 5243 divinant
521 5191 801 5248 inviderit.
831 5196 888 5247 6°
914 5194 1106 5261 Judaei,
1136 5206 1196 5249 ιιι
1227 5199 1310 5248 eis
1343 5194 1833 5262 exprobratJusti-

247 5275 347 5314 lens
380 5277 539 5334 tium.
571 5263 696 5320 IN.
732 5265 900 5318 Deum
931 5265 1058 5328 sibi,
1091 5266 1527 5334 ulcumpositutu
1558 5269 1830 5334 quoddam

244 5332 473 5395 animal,
503 5337 820 5406 glitigebau',
865 5345 920 5389 et
957 5336 1160 5391 idcirco
1198 5332 1322 5389 eum
1370 5332 1621 5391 νοΙθὺαιιι
1664 5352 1831 5406 appa-

243 5407 443 5476 ruisse.
475 5404 620 5469 Quid
655 5407 855 5459 mirum
888 5422 1040 5476 ergo,
1088 5409 1131 5461 si
1166 5421 1259 5460 eos
1283 5407 1349 5460 ad
1379 5404 1712 5462 sublimiora
1730 5404 1828 5462 νο-

246 5485 332 5524 cat
357 5471 638 5540 Justinus,
667 5492 732 5530 ac
759 5471 1041 5532 Filium'in
1071 5477 1236 5530 variis
1249 5476 1470 5540 formis,
1490 5477 1712 5531 Patrem
1746 5493 1832 5534 ve-

244 5558 304 5598 ro
332 5561 689 5617 nequaquam
723 5550 774 5600 in
803 5550 1021 5618 prepria
1072 5560 1264 5602 natura
1300 5550 1473 5604 visum
1527 5563 1651 5603 esse
1695 5566 1827 5603 con-

248 5619 418 5669 Icluiil
438 5618 462 5670 τ

314 5689 432 5764 (βυ)
471 5692 542 5742 Ei
567 5688 656 5764 μὴ
686 5689 1020 5764 ἐπληρώθη.
1060 5690 1370 5764 Lugendum
1411 5696 1464 5747 εί
1519 5695 1616 5764 μὲν
1661 5691 1828 5764 ἐπλη-

253 5759 397 5829 ρώθη
442 5764 522 5814 vel
564 5760 966 5833 siréﬁlnptbeq,
1001 5772 1057 5817 ιιι
1093 5759 1343 5819 Justinus
1387 5759 1826 5833 cuutScriptur’a

255 5834 543 5889 conciliem
553 5832 702 5890 ι·.Τιιι
713 5849 834 5887 ιιιιι.
