3954 6258
430 318 532 374 ττῆ

1360 312 1420 369 S.
1454 312 1720 369 JUSTINI
1752 311 2164 370 PHILOSOPHI
2204 311 2293 367 ET
2334 312 2694 369 MARTYRIS

2538 218 2546 247 ί

3587 318 3683 373 ’Πϐ

430 433 608 487 nullos
638 432 801 486 etiam
833 444 956 485 esse
983 430 1097 485 scio
1126 430 1217 498 qui
1252 430 1367 484 lucc
1404 445 1673 500 occupare
1702 432 1888 493 velint,
1936 446 1997 485 ac

2106 432 2330 499 φάσκειν
2353 432 2451 503 τὴν
2484 433 2711 503 δύναμιν
2732 433 2829 504 τὴν
2860 434 3011 505 παρὰ
3050 432 3142 487 τοῦ
3187 432 3400 503 Πατρός
3427 431 3535 485 τῶν
3559 433 3690 489 ὅλων

428 520 638 582 dicere,
672 520 934 574 virtutem
984 520 1154 582 illam,
1198 535 1318 588 ψιειξ
1352 534 1380 573 a
1408 518 1571 573 Patre
1622 520 2001 574 universorum

428 612 600 683 Moysi
650 622 747 666 aut
797 613 1027 666 Abrahae
1091 619 1187 665 aut
1224 610 1395 666 Jacob
1445 611 1716 680 apparuit.
1754 612 2003 683 angelum

425 706 614 761 vocari
652 721 776 759 cum
827 706 893 758 ad
935 705 1185 760 homines
1217 707 1386 767 venit,
1411 709 1536 776 quia
1575 721 1674 774 per
1696 695 2007 760 eam'man-

426 797 548 851 data
593 794 771 851 Patris
820 797 1137 850 hominibus
1174 798 1530 860 nuntiantur;
1574 797 1832 866 gloriam,
1879 796 2005 865 quia

424 902 524 956 per
559 888 703 951 visa,
736 902 858 955 qum
902 886 1164 940 sustineri
1211 900 1315 938 non
1366 894 1615 954 possunt,
1668 893 1892 954 apparet
1923 885 2007 937 iii-

426 981 677 1044 terdum;
728 979 905 1032 virum
959 978 1252 1046 aliquando
1307 988 1364 1031 et
1421 978 1721 1042 hominem,
1777 978 1902 1045 quia
1950 978 2003 1031 in

426 1070 695 1140 ejusmodi
734 1071 929 1125 formis
968 1084 1066 1139 pro
1098 1069 1383 1122 voluntate
1420 1067 1600 1121 Patris
1630 1067 2000 1134 conspicitur;

427 1163 665 1218 Verbum
696 1163 933 1230 denique
976 1160 1275 1230 appellant,
1319 1158 1446 1228 quia
1492 1156 1670 1210 Patris
1717 1170 2005 1211 sermones

426 1257 494 1310 ad
520 1255 771 1309 homines
803 1253 1071 1316 perferat.
1103 1252 1255 1306 Hanc
1292 1261 1475 1305 autem
1504 1250 1763 1303 virtutem
1785 1265 1814 1303 a
1847 1248 2005 1305 Patre

425 1353 671 1409 abscindi
716 1360 811 1406 aut
853 1349 1097 1419 separari
1160 1366 1265 1403 non
1322 1362 1503 1418 posse,
1544 1349 2002 1415 quemadmodum

427 1447 519 1500 lux
552 1445 683 1500 solis
717 1445 770 1497 in
808 1455 952 1497 terra
982 1441 1227 1495 abscindi
1253 1451 1307 1494 et
1336 1442 1581 1507 separari
1609 1442 1795 1510 nequit
1830 1456 1859 1494 a
1891 1440 2005 1495 sole

424 1538 515 1606 qui
561 1547 644 1590 est
684 1537 735 1588 in
770 1534 933 1597 uelo,
976 1541 1031 1587 et
1070 1547 1194 1586 cum
1251 1531 1332 1586 sol
1355 1532 1634 1594 occiderit,
1697 1531 1789 1584 lux
1844 1531 2004 1585 simul

422 1626 659 1691 occidit;
712 1625 793 1678 sic
848 1640 970 1677 cum
1022 1620 1132 1674 vult
1194 1622 1373 1686 Pater,
1440 1622 1722 1692 inquiunt,
1778 1620 1909 1676 facit
1947 1631 2006 1676 ut

422 1719 598 1772 virtus
648 1717 769 1786 ejus
808 1716 1099 1785 prosiliat;
1157 1729 1350 1768 rursus
1400 1728 1525 1768 cum
1566 1715 1701 1779 vult,
1757 1714 1903 1769 illam
1935 1714 2002 1768 ad

2107 525 2370 591 φανεῖσαν
2399 522 2476 593 τῷ
2508 525 2751 588 Μωῠσεῖ,
2793 525 2827 595 ἢ
2851 523 2929 595 τῷ
2972 524 3245 596 Ἀϐραὰμ,
3285 524 3316 594 ἢ
3359 523 3436 594 τῷ
3480 524 3687 589 Ἰακὼϐ,

2106 614 2335 682 ἄγγελον
2379 614 2661 668 καλεῖσθαι
2706 616 2764 667 ἐν
2802 618 2866 686 τῇ
2917 615 3055 686 πρὸς
3107 613 3429 686 ἀνθρώπους
3464 615 3690 685 προόδῳ,

2107 706 2295 778 ἐπειδὴ
2338 706 2403 758 δι’
2448 706 2616 777 αὐτῆς
2661 707 2728 761 τὰ
2769 707 2921 779 παρὰ
2957 705 3049 760 τοῦ
3088 707 3303 777 Πατρός
3331 709 3444 769 τοῖς
3484 706 3690 778 ἀνθρώ-

2108 817 2231 862 ποις
2254 799 2609 868 ἀγγέλλεται·
2644 798 2802 865 δόξαν
2838 799 2916 863 δὲ,
2951 798 3138 870 ἐπειδὴ
3171 800 3229 851 ἐν
3263 800 3536 869 ἀχωρήτῳ
3567 797 3692 852 ποτὶ

2106 894 2375 965 φαντασίᾳ
2402 894 2679 963 φαίνεται⁸
2707 893 2879 965 ἀνδρα
2906 893 2963 946 δέ
2990 910 3117 947 ποτε
3152 895 3247 946 καὶ
3278 892 3565 964 ἄνθρωπον
3595 908 3692 944 κα-

2105 982 2337 1046 λεῖσθαι,
2370 983 2559 1055 ἐπειδὴ
2592 985 2650 1036 ὲν
2700 987 2933 1055 μορφαῖς
2971 982 3248 1047 τοιαύταις
3293 982 3694 1054 σχηματιζόμε-

2104 1091 2193 1138 νος
2222 1075 2493 1144 φαίνεται,
2527 1071 2728 1145 αἷσπερ
2768 1074 3017 1145 βούλεται
3056 1075 3085 1125 ὁ
3122 1075 3343 1144 Πατήρ’
3393 1075 3491 1126 καὶ
3523 1073 3694 1140 Λόγον

2104 1167 2381 1230 καλοῦσιν,
2413 1167 2599 1238 ἐπειδὴ
2633 1168 2727 1219 καὶ
2769 1166 2867 1228 τὰς
2906 1165 3055 1237 παρὰ
3100 1164 3192 1218 τοῦ
3237 1164 3451 1235 Πατρδς
3481 1163 3695 1235 ὁμιλίας

2107 1260 2425 1331 φέρειδτοῖς
2462 1256 2792 1329 ἀνθρώποις.
2838 1259 3115 1329 Ἀτμητον
3158 1256 3215 1310 δὲ
3258 1257 3352 1310 καὶ
3393 1256 3695 1326 ἀχώριστον

2104 1351 2195 1404 τοῦ
2234 1349 2705 1421 Πατρὸιδταύτην
2748 1348 2845 1419 τὴν
2904 1348 3134 1418 δύναμιν
3187 1348 3477 1419 ὑπάρχειν,
3528 1348 3695 1415 ὅνπερ

2104 1441 2305 1511 τρόπον
2343 1440 2404 1493 τὸ
2433 1440 2525 1493 τοῦ
2562 1440 2713 1511 ἡλίου
2755 1441 2888 1509 φασὶ
2927 1438 3042 1509 φῶς
3088 1441 3180 1492 ἐπὶ
3207 1441 3309 1510 γῆς
3341 1434 3480 1492 εἶναι
3515 1439 3694 1511 ἄτμη-

2104 1548 2193 1586 τον
2225 1534 2321 1586 καὶ
2361 1532 2665 1604 ἀχώριστον
2703 1531 2854 1595 ὄντος
2895 1531 2990 1584 τοῦ
3048 1519 3198 1602 ἡλῐου
3231 1534 3289 1584 ὲν
3317 1531 3394 1601 τῷ
3439 1530 3691 1603 οὐρανῷ·

2106 1626 2200 1678 καὶ
2218 1625 2360 1697 εὸταν
2387 1622 2544 1695 δύσῃ,
2585 1624 3020 1695 συναποφέρεται
3049 1624 3107 1676 τὸ
3142 1623 3257 1693 φῶς
3275 1640 3291 1655 ο
3324 1623 3496 1687 οὕτως
3522 1626 3551 1676 ὁ
3581 1625 3694 1677 Πα-

2106 1716 2229 1788 τὴρ,
2261 1716 2388 1769 ὅταν
2419 1715 2697 1787 βούληται,
2738 1716 2978 1784 λέγουσι,
3017 1716 3246 1786 δύναμιν
3285 1716 3450 1769 αὑτοῦ
3484 1734 3699 1788 προπη-

422 1809 663 1877 seipsum
716 1807 966 1861 reﬂectit.
1015 1807 1218 1861 Eodem
1263 1807 1425 1860 modo
1465 1806 1688 1876 angelos
1731 1806 1901 1861 etiam
1932 1809 1999 1862 ab

2106 1808 2198 1878 δᾷν
2238 1810 2413 1860 ποιεῖ’
2449 1809 2546 1861 καὶ
2587 1809 2716 1861 ὅταν
2750 1808 3026 1880 βούληται,
3060 1808 3222 1861 πάλιν
3258 1808 3576 1862 ἀναστέλλει
3621 1810 3698 1872 εἰς

421 1914 487 1955 eo
516 1900 633 1954 fieri
662 1899 879 1952 docent.
915 1896 1023 1950 Sed
1062 1894 1282 1965 angelos
1305 1896 1522 1964 quidem
1552 1910 1672 1950 esse
1699 1910 1764 1949 ac
1792 1910 2006 1964 semper

422 2006 676 2056 manere,
728 2005 906 2058 neque
942 1989 995 2042 in
1038 1988 1115 2054 id,
1160 2002 1227 2041 ex
1277 2002 1386 2055 quo
1427 1987 1731 2052 exstitere,
1783 1986 2004 2041 dissolvi

421 2087 858 2141 demonstratum
890 2090 995 2136 est.
1036 2081 1187 2134 Illam
1219 2090 1403 2134 autem
1434 2079 1716 2141 virtutem,
1754 2093 1916 2147 quam
1952 2089 2006 2132 et

423 2181 592 2235 Deum
636 2192 818 2233 sermo
859 2176 1236 2246 propheticus,
1278 2184 1335 2227 ut
1388 2172 1574 2226 multis
1600 2171 1875 2225 ‘similiter
1914 2172 2006 2226 de-

419 2282 786 2327 monstratum
822 2279 931 2333 est,
974 2277 1028 2322 et
1054 2267 1310 2337 angelum
1343 2274 1525 2329 vocat,
1554 2279 1658 2319 non
1684 2265 1799 2319 solo
1828 2265 2005 2318 nomi-

424 2380 515 2427 nc,
542 2372 601 2415 ut
632 2368 805 2417 lucem
846 2361 998 2425 solis,
1028 2358 1339 2421 numerari,
1365 2358 1460 2411 sed
1490 2365 1546 2410 et
1584 2370 1814 2432 numero
1854 2355 2002 2409 aliud

420 2455 551 2524 quid
576 2469 720 2515 esse,
742 2455 909 2508 etiam
943 2466 1109 2522 supra
1138 2450 1381 2504 breviter
1407 2448 1636 2502 disserui
1659 2465 1673 2512 ;
1694 2463 1813 2501 eum
1837 2447 1999 2515 222

420 2545 675 2598 virtutem
715 2544 859 2598 illam
900 2558 968 2597 ex
1010 2544 1173 2596 Patre
1207 2540 1450 2612 genitam
1490 2539 1762 2605 dicerem,
1798 2540 2003 2593 virtute

417 2646 476 2693 et
515 2638 797 2691 voluntate
870 2636 1066 2704 ipsius,
1103 2650 1211 2689 non
1258 2646 1391 2685 vero
1442 2646 1542 2700 per
1582 2632 2000 2698 abscissionem,

419 2731 574 2801 quasi
606 2729 785 2784 Patris
817 2727 1121 2783 substantia
1154 2725 1511 2791 divideretur,
1542 2724 1999 2793 quemadmodum

423 2833 620 2878 cmtera
667 2823 846 2875 omnia
896 2836 1016 2889 qua:
1051 2821 1371 2875 dividuntur
1413 2826 1470 2870 et
1501 2818 1844 2881 scinduntur,
1890 2832 1999 2871 non

419 2917 611 2971 eadem
642 2924 770 2968 sunt
816 2929 881 2968 ac
921 2923 1216 2983 antequam
1242 2912 1639 2977 scindereutur,
1665 2926 1727 2965 ac
1767 2910 2000 2980 exempli

417 3022 583 3062 causa
624 3006 833 3075 sumpsi
860 3009 1036 3076 ignes,
1080 3019 1217 3073 quos
1246 3020 1314 3058 ex
1358 3004 1469 3057 alio
1514 3004 1640 3074 igne
1666 3004 1891 3057 accendi
1918 3003 2001 3055 vi-

416 3101 630 3166 demus,
680 3116 785 3154 non
830 3100 1121 3153 imminuto
1178 3098 1272 3152 illo
1311 3114 1379 3152 ex
1419 3113 1528 3169 quo
1574 3097 1730 3151 multi
1775 3096 1997 3151 accendi

419 3202 668 3262 possunt,
705 3192 795 3245 sed
826 3191 1018 3245 eodem
1050 3201 1324 3245 manente.

2107 1900 2317 1953 ἔαυτόν.
2344 1900 2500 1953 Κατά
2527 1900 2714 1955 τοῦτον
2743 1900 2834 1954 τὸν
2871 1901 3074 1974 τρόπον
3120 1902 3217 1955 καὶ
3249 1901 3375 1964 τοὺς
3421 1901 3698 1969 ἀγγέλους

2106 1994 2278 2045 ποιεῖν
2316 1992 2479 2045 αὑτὸν
2530 1992 2895 2047 διδάσκουσιν.
2944 1993 3083 2045 Ἀλλ’
3130 1994 3211 2046 ὅτι
3265 1993 3365 2063 μὲν
3413 1989 3507 2047 οὖν
3559 1994 3698 2046 εἰσιν

2105 2084 2345 2153 ἄγγελοι,
2384 2084 2489 2137 ’καὶ
2526 2085 2615 2137 ἀεὶ
2656 2085 2928 2156 μένοντες,
2962 2087 3059 2139 καὶ
3111 2085 3184 2155 μὴ
3222 2084 3582 2155 ἀναλυόμενοι
3620 2087 3698 2148 εἰς

2105 2176 2281 2227 ἐκεῖνο
2313 2175 2372 2241 ἐξ
2402 2167 2573 2247 οὗπερ
2602 2175 2911 2245 γεγόνασιν,
2939 2175 3348 2229 ἀποδέδεικται·
3381 2180 3475 2231 καὶ
3504 2178 3587 2229 ὅτι
3610 2175 3699 2229 δύ-

2104 2285 2265 2338 ναμις
2292 2266 2431 2339 αὕτη
2462 2269 2527 2338 ἢν
2563 2269 2658 2320 καὶ
2699 2267 2834 2320 Θεὸν
2884 2267 3041 2320 καλεῖ
3075 2267 3104 2318 ὁ
3146 2269 3483 2339 προφητικὸς
3514 2268 3696 2336 λόγος,

2102 2357 2188 2411 διὰ
2216 2356 2426 2410 πολλῶν
2450 2356 2564 2429 (55)
2601 2356 2862 2420 ὡσαύτως
2886 2357 3284 2420 ἀποδέδεικται,
3315 2360 3410 2411 καὶ
3438 2359 3697 2427 ἄγγελον,

2102 2457 2200 2528 οὐχ
2229 2457 2304 2521 ὡς
2336 2457 2396 2510 τὸ
2436 2456 2529 2511 τοῦ
2558 2456 2708 2528 ἡλίου
2739 2456 2855 2525 φῶς
2888 2456 3113 2527 ὀνόματι
3159 2455 3317 2526 μόνον
3357 2457 3695 2528 ἀριθμεῖται,

2103 2548 2238 2602 ἀλλά
2268 2549 2363 2601 καὶ
2398 2547 2617 2619 ἀριθμῷ
2646 2547 2833 2619 ἕτερόν
2880 2546 2930 2599 τί
2973 2548 3113 2610 ἐστι,
3148 2547 3241 2599 καὶ
3274 2550 3332 2600 ἐν
3368 2550 3480 2611 τοῖς
3507 2565 3701 2618 προειο

2105 2638 2364 2708 ρημένθις
2393 2637 2481 2690 διὰ
2511 2636 2758 2709 βραχέων
2793 2636 2882 2688 τὸν
2903 2634 3061 2703 λόγον
3102 2634 3363 2706 ἐξήτασα,
3392 2635 3563 2689 εἰπὼν
3598 2637 3698 2706 τὴν

2101 2729 2333 2800 δύναμιν
2377 2728 2583 2799 ταύτην
2630 2727 2996 2797 γεγεννῆσθαι
3026 2727 3135 2799 (54)
3170 2728 3279 2781 ἀπὸ
3323 2729 3415 2782 τοῦ
3453 2730 3696 2800 Πατρὺς,

2101 2822 2331 2892 δυνάμει
2355 2824 2450 2875 καὶ
2487 2820 2649 2892 βουλῇ
2678 2820 2866 2884 αὐτοῦ,
2898 2821 3013 2874 ἀλλ’
3037 2821 3096 2873 οὐ
3124 2821 3265 2875 κατά
3291 2822 3599 2894 ἀποτομὴν,
3623 2825 3697 2887 ὼς

2103 2912 2584 2985 ἀπομεριζομένης
2624 2912 2723 2982 τῆς
2762 2911 2855 2964 τοῦ
2899 2912 3111 2983 Πατρὺς
3143 2912 3368 2977 οὐσίας,
3416 2914 3581 2967 ὁποῖα
3632 2914 3701 2967 τὰ

2101 3004 2236 3058 ἀλλα
2266 2999 2444 3057 πάντα
2489 3002 2824 3074 μεριζόμενα
2868 3004 2965 3056 καὶ
3007 3002 3318 3073 τεμνόμενα
3362 3001 3423 3055 οὐ
3447 3002 3518 3055 τά
3555 3002 3701 3056 αὐτά

2104 3098 2251 3149 ἐστιν
2283 3096 2319 3149 ἃ
2351 3097 2446 3148 καὶ
2476 3096 2608 3167 πρὶν
2636 3094 2913 3165 τμηθῆναι
2933 3111 2946 3123 ·
2982 3095 3076 3146 καὶ
3115 3093 3567 3164 παραδείγματος
3602 3094 3702 3163 χά-

2030 3180 2077 3240 C
2111 3205 2195 3259 ριν
2227 3188 2587 3259 παρειλήφειν
2618 3188 2683 3241 τὰ
2707 3187 2782 3249 ὡς
2822 3187 2931 3240 ἀπὸ
2972 3188 3143 3260 πυρὸς
3170 3187 3523 3257 ἀναπτόμενα
3546 3185 3702 3256 πυρα

414 3286 580 3357 ἔτερα
623 3285 731 3356 (55)
764 3285 1009 3357 ὁρῶμεν,
1035 3284 1185 3338 οὐδὲν
1237 3283 1630 3355 ἐλαττουμένου
1681 3281 1893 3336 ἐκείνου
1947 3279 2008 3345 ἐξ
2063 3273 2124 3335 οὗ
2170 3281 2479 3351 ἀναφθῆναι
2528 3280 2697 3333 πολλά
2721 3278 2999 3343 δύνανται,
3028 3280 3164 3332 ἀλλὰ
3189 3278 3385 3332 ταὺτοῦ
3404 3278 3698 3363 μένοντος.

493 3381 611 3436 129.
653 3379 722 3433 Id
762 3384 1108 3449 conﬁrmatur
1158 3392 1222 3432 ex
1254 3380 1378 3432 aliis
1425 3376 1714 3431 Scrirtura:
1751 3375 1906 3433 locis.
1931 3402 2003 3413 —

456 3606 601 3675 ,(55)
634 3605 735 3657 Διὰ
762 3601 1029 3658 πολλῶν,
1065 3598 1515 3675 Przemittendum
1544 3596 1791 3675 (agona:
1808 3594 1999 3651 vocula

417 3667 631 3731 videtur
662 3677 940 3730 excidisse
974 3676 1045 3727 ob
1078 3673 1316 3725 similem
1352 3684 1550 3726 sonum
1588 3667 1811 3738 syllabas
1845 3682 1992 3737 prae-

418 3747 685 3802 cedentis.

492 3816 599 3886 (54)
624 3812 1057 3883 Γεγεννῆσθαι.
1099 3811 1223 3865 llzec
1265 3810 1333 3886 de
1378 3805 1779 3886 teternaHVerbi
1820 3820 1997 3886 gene-

418 3878 659 3951 ratione,
698 3878 951 3939 simul-et
987 3882 1313 3949 temporaria
1338 3883 1406 3933 ad
1441 3878 1625 3931 nmndi
1657 3878 2000 3951 creationem

417 3947 813 4027 progressione
856 3947 1111 4027 intelligi
1134 3955 1355 4027 debent.
1393 3947 1829 4027 Detemporaria
1878 3947 2004 4014 qui-

416 4017 554 4081 demv
590 4026 725 4079 satis
760 4026 924 4078 multa
963 4017 1204 4077 divinius
1235 4021 1301 4073 ad
1339 4038 1392 4074 ιι.
1428 4020 1518 4071 (il.
1558 4017 1634 4072 De
1666 4027 1869 4071 acterna
1902 4032 2003 4068 au-

420 4106 528 4151 tetn
562 4097 903 4164 perspicuum
931 4098 1060 4157 erit,
1093 4094 1135 4146 si
1163 4092 1595 4164 consideremus,
1629 4088 1684 4141 1°
1723 4088 1792 4164 Iis
1824 4086 1999 4141 Justi-

419 4158 838 4220 num'hoc'loco
871 4179 1193 4225 occurrere,
1218 4164 1308 4231 qui
1339 4160 1575 4231 Verbum
1608 4158 1881 4231 negabant
1903 4171 1999 4210 ex-

418 4238 626 4291 stitisse
654 4245 946 4302 antequam
981 4228 1325 4301 prodiret'ad
1358 4230 1552 4302 mundi
1578 4228 1914 4302 creationem
1945 4236 2002 4279 et

418 4309 487 4360 ad
511 4307 651 4360 alias
691 4296 1142 4375 perfunctiones;
1178 4302 1433 4355 virtutem
1467 4297 1612 4375 enim
1647 4313 1769 4352 esse
1792 4296 2005 4350 aPatre

418 4380 643 4432 minime
689 4369 1024 4435 distinctam,
1089 4388 1210 4442 qua:
1256 4388 1362 4425 non
1425 4369 1654 4442 exsistat
1702 4378 1999 4442 antequam

417 4448 689 4518 prosiliant,
728 4457 783 4501 et
821 4447 911 4518 ubi
964 4437 1146 4518 rediit,
1182 4444 1451 4518 exsistere
1479 4441 1713 4518 desinat.
1735 4439 1800 4518 2f
1829 4437 1999 4518 Iidem

421 4507 695 4584 homines,
727 4517 905 4587 qualis
944 4521 1013 4570 sit
1042 4507 1331 4587 illavirt‘us
1368 4510 1687 4587 existimari
1714 4507 1997 4587 volebant,

417 4606 486 4644 ex
518 4576 815 4657 modo'qiio
848 4586 1219 4657 progreditur.
1246 4583 1428 4657 Quare
1460 4583 1602 4647 quod
1641 4580 1716 4631 ait
1745 4576 2001 4657 Justinus

420 4661 487 4713 ad
531 4675 628 4712 eos
675 4647 1025 4719 re'l'elléudos,
1064 4647 1299 4707 Verbum
1338 4652 1411 4704 ita
1450 4647 1999 4720 geiiei'atiiin_fiiisse,

2172 3374 2296 3429 129.
2331 3374 2442 3427 Καὶ
2474 3374 2570 3427 νῦν
2595 3372 2651 3426 δὲ
2678 3372 2758 3425 ἔτι
2785 3373 2880 3425 καὶ⁸
2911 3370 3005 3435 οὓς
3033 3366 3183 3424 εἷπον
3214 3369 3408 3438 λόγους
3442 3371 3522 3433 είς
3553 3368 3699 3422 ἀπό⁴

2102 3593 2500 3669 plumbumani
2532 3593 2713 3669 λόγου,
2740 3591 3175 3669 quem_.lnstinus_
3206 3592 3283 3645 ait
3326 3594 3556 3669 minime
3586 3595 3699 3669 im-

2104 3661 2278 3721 ininui
2315 3669 2442 3718 dum
2488 3661 2786 3731 profertur.
2816 3664 2874 3716 4ο
2904 3661 3023 3730 Ipse
3057 3664 3301 3717 declarat
3328 3663 3598 3732 quidquid
3631 3678 3701 3719 ea

2101 3739 2171 3791 de
2209 3752 2267 3790 re
2302 3736 2563 3788 disseruit
2589 3750 2643 3787 ιι.
2680 3735 2769 3793 61.
2810 3735 2864 3787 id
2904 3750 2963 3787 se
2996 3747 3059 3787 ea
3106 3743 3286 3786 mente
3316 3734 3689 3797 disseruisse,

2104 3818 2159 3862 ut
2195 3807 2455 3874 probaret
2492 3822 2511 3854 ι
2537 3806 2794 3857 virtutem
2836 3804 3009 3867 illam,
3034 3819 3197 3871 quam
3227 3814 3281 3857 et
3314 3805 3480 3857 Deum
3508 3818 3698 3857 sermo

2104 3876 2461 3947 propheticus
2515 3884 2572 3947 et
2613 3874 2861 3943 angelum
2898 3884 3084 3947 vocat,
3116 3889 3222 3927 non
3256 3874 3379 3927 solo
3428 3875 3686 3947 nomine,

2106 3943 2165 4003 iit
2211 3943 2397 3999 lucem
2454 3944 2608 4009 solis,
2649 3945 2955 4007 numerari,
2990 3944 3086 3996 sed
3144 3954 3199 3998 et
3250 3958 3478 3996 numero
3533 3943 3691 3997 aliud

2104 4018 2237 4089 quid
2266 4031 2408 4081 esse,
2442 4035 2459 4067 ι
2499 4016 2731 4089 sive,_ut
2758 4016 2835 4066 ait
2862 4031 2918 4067 n.
3105 4027 3325 4080 semper
3359 4028 3485 4066 cum
3530 4011 3700 4067 Patre

2106 4084 2279 4142 fuisse
2311 4095 2365 4139 et
2396 4101 2519 4139 cuin
2558 4098 2624 4138 eo
2648 4084 2869 4138 Patrem
2906 4084 3260 4146 collocutum,
3304 4093 3363 4135 nt
3406 4099 3529 4136 cum
3564 4098 3700 4148 per-

2105 4175 2243 4214 Suna
2277 4156 2482 4209 divina.
2524 4154 2802 4209 Videndus
2822 4169 2885 4208 ea
2916 4156 2983 4207 de
3023 4169 3080 4207 re
3107 4153 3369 4206 Tatianus
3401 4171 3458 4205 ιι.
3503 4152 3560 4215 5,
3602 4153 3697 4206 ubi

2105 4227 2353 4297 magistri
2379 4225 2707 4290 doctrinam,
2744 4226 2788 4277 si
2810 4223 3007 4297 minus
3042 4225 3271 4277 totidem
3309 4224 3510 4279 verbis.
3541 4238 3700 4277 cene

2106 4295 2332 4353 totidem
2377 4297 2665 4349 sententiis
2698 4295 2978 4361 explanat.

2178 4368 2289 4440 (55)
2317 4368 2562 4440 κ”Ετερα
2596 4364 2854 4440 Postulat
2886 4378 3078 4440 sensus
3115 4361 3534 4440 ut‘legamus
3570 4363 3699 4440 ξτε-

2109 4431 2196 4512 ρα,
2225 4431 2328 4512 nisi
2364 4431 2487 4504 quis
2515 4438 2696 4502 legere
2731 4435 2883 4512 malit
2912 4433 3087 4512 tb_;_':dt
3109 4431 3217 4485 ἀπὸ
3244 4432 3435 4503 πυρός.
3463 4432 3700 4512 ῌιΓὶίίςθ

2105 4505 2359 4577 congruit
2382 4518 2603 4561 atterunt:
2626 4505 2971 4577 generationi
2999 4507 3099 4557 hoc
3129 4508 3438 4577 exemplum
3472 4505 3701 4558 luminis

2106 4585 2174 4635 de
2218 4574 2423 4633 lumine
2458 4577 2709 4640 accensi;
2739 4589 2837 4629 nec
2874 4574 3071 4626 mirum
3132 4574 3303 4625 videri
3353 4575 3541 4635 debet,
3591 4589 3699 4628 cur

2105 4650 2380 4712 Justinus,
2417 4662 2539 4699 cum
2582 4646 2685 4699 hoc
2731 4647 2783 4698 iu
2838 4645 2955 4697 loco
2987 4654 3040 4697 et
3066 4657 3250 4711 supra,
3282 4660 3336 4696 ιι.
3374 4644 3462 4708 Gl,
3498 4644 3703 4713 loqua-

420 4740 482 4782 ut
514 4730 691 4796 ignem
734 4745 801 4783 ex
844 4729 967 4796 igne
994 4715 1312 4787 accensum,
1337 4737 1403 4775 eo
1430 4715 1639 4796 spectat
1672 4730 1728 4796 ut
1760 4718 1998 4771 Verbum
2034 4719 2079 4778 D
2108 4733 2200 4774 tur
2245 4723 2319 4796 de
2355 4718 2617 4796 Verbi__a_t_l
2651 4716 2839 4770 mundi
2873 4715 3212 4793 creationem
3267 4716 3689 4794 progressione,

419 4791 636 4868 semper
671 4800 835 4853 fuisse
867 4791 1047 4851 inuicti
1087 4795 1492 4868 degluniincpac
1527 4791 1753 4868 proinde
1783 4802 1997 4868 semper

417 4859 630 4938 aequale
656 4878 712 4924 et
745 4865 1211 4923 consubstantiale
1242 4865 1390 4938 Patri
1415 4861 1811 4938 intelligamus.
1854 4859 1909 4909 5⁸
1936 4860 1989 4911 In

421 4930 507 4994 bis
540 4943 702 4995 rebus
738 4939 1076 4993 disserendis
1119 4950 1277 5003 aeque
1307 4932 1465 4986 Verbi
1492 4947 1559 5003 ac
1588 4930 1773 4983 Patris
1798 4932 1994 5003 immu-

420 5011 678 5064 tabilitati
707 5010 966 5064 consulit.
1003 4999 1295 5061 Contendit
1318 5004 1460 5057 enim
1492 5001 1728 5054 Verbum
1764 5015 1793 5052 a
1832 4999 1996 5052 Patre

419 5092 743 5151 generatum
776 5081 969 5144 fuisse,
1004 5096 1023 5129 ι
1052 5079 1251 5151 virtute
1283 5075 1644 5151 et_voliiiit:ite
1673 5072 1860 5140 ipsms,
1882 5087 1900 5119 ι
1940 5079 2000 5122 ιιι

420 5145 714 5221 personam
757 5152 999 5205 divinam
1030 5145 1528 5221 etiminutabilem,
1563 5160 1581 5192 ι
1610 5156 1715 5221 non
1751 5155 1878 5221 vero
1906 5155 2003 5207 per

422 5212 847 5287 abusi-sionem,
871 5241 888 5273 ι
926 5230 987 5274 ιιι
1022 5219 1371 5272 ellicientiam
1415 5226 1626 5287 et_rem
1673 5212 1997 5287 inaniinani2

422 5294 628 5347 Statuit
673 5282 895 5345 minime
934 5291 1166 5345 diviSam
1205 5287 1385 5339 Patris
1417 5282 1824 5344 substantiam;
1853 5282 1996 5350 quod

422 5363 642 5433 quidem
675 5363 1024 5417 metuendum
1064 5368 1228 5421 esset,
1266 5358 1311 5410 si
1346 5358 1515 5433 virtus
1557 5362 1815 5433 quamam
1875 5355 1997 5405 ina-

422 5425 571 5487 nima
612 5444 669 5488 et
718 5434 1004 5487 mutabilis
1032 5433 1101 5486 ab
1138 5436 1258 5498 ejus
1300 5425 1604 5498 substantia
1634 5425 1991 5498 avelleretur;

422 5516 475 5557 at
509 5506 645 5559 nihil
695 5505 962 5573 ejusmodi
1012 5492 1424 5569 suspicandum,
1465 5497 1553 5573 ubi
1590 5496 1776 5573 lumen
1809 5495 1876 5546 de
1916 5492 1995 5543 lu-

425 5578 569 5629 mine
600 5578 666 5629 ad
700 5568 882 5628 mundi
914 5576 1248 5628 creationem
1276 5568 1647 5637 progreditur,
1678 5568 1727 5618 id
1758 5575 1842 5637 est
1866 5580 1992 5633 per-

423 5662 557 5701 80ml
584 5664 739 5714 aeque
764 5646 1123 5699 iuunutabilis
1151 5658 1214 5695 ac
1253 5635 1364 5707 ipse
1398 5638 1577 5714 Pater,
1614 5638 1728 5689 sive
1758 5635 1996 5714 Verbum

422 5707 681 5771 omnibus
731 5718 847 5783 ejus
897 5718 1033 5769 ideis
1089 5731 1151 5767 ac
1190 5710 1588 5783 omnipotentia
1632 5707 1999 5783 etnoninibus

423 5788 705 5840 ottributis
738 5775 804 5839 ab
834 5799 1040 5839 aeterno
1078 5786 1360 5837 donatum.
1400 5780 1660 5832 Eamdem
1702 5775 1864 5830 Verbi
1907 5778 2004 5827 im-

423 5858 843 5912 niutabilitateiu
885 5856 1082 5911 astruit
1116 5851 1413 5908 adhibitum
1454 5867 1509 5905 ιι.
1544 5850 1605 5901 tit
1638 5849 1786 5901 aliud
1816 5861 2003 5901 exelu-

2110 4792 2418 4858 exemplum
2465 4788 2724 4841 adhibeat
2779 4784 3123 4858 genie-rationi
3177 4794 3397 4858 aeterna:
3454 4786 3703 4858 niasinie

2108 4854 2557 4916 οοιιεοῖιιιιιιειιιιι.
2608 4858 2742 4911 Cum
2775 4857 2947 4917 enim,
2990 4854 3173 4921 utjam
3221 4855 3359 4916 dixi,
3390 4864 3499 4907 tota
3546 4856 3703 4909 illius

2101 4932 2484 4999 disputation
2516 4936 2746 4997 Spectat,
2780 4936 2839 4979 ut
2868 4923 3106 4999 \A’erlmtn
3134 4939 3349 4999 semper
3376 4926 3543 4999 luisse
3566 4941 3701 4977 cum

2103 4996 2284 5063 Patre,
2321 4996 2750 5067 seinper’lumcn
2788 4998 2854 5050 de
2893 4996 3098 5048 lumine
3143 4996 3425 5067 exstitisse
3474 4998 3703 5048 demon-

2101 5083 2268 5135 stret;
2305 5082 2417 5123 tum
2444 5065 2580 5123 vero
2603 5070 2849 5122 solemne
2879 5078 2961 5119 est
2990 5067 3199 5119 sanctis
3243 5065 3519 5135 Patribus
3554 5077 3703 5118 tem-

2106 5134 2385 5211 porariam
2442 5139 2565 5194 Filii
2629 5139 2977 5211 missionem,
3035 5136 3227 5211 iisdem
3294 5134 3558 5211 exemplis
3634 5153 3705 5189 ac

2106 5206 2367 5267 {sternam
2399 5210 2789 5279 eXplicarc.,S.
2815 5209 3049 5279 Cyl-illus
3071 5209 3495 5279 Alexandrinus,
3514 5206 3616 5279 lib.
3647 5221 3705 5258 iv

2105 5288 2160 5337 in
2193 5281 2419 5344 Joanu.,
2527 5281 2653 5343 M5,
2687 5277 2886 5332 Filium
2929 5280 2979 5331 iii
3006 5278 3153 5329 hunc
3192 5278 3455 5329 mundum
3476 5293 3506 5327 a
3534 5277 3706 5350 Patre

2107 5357 2335 5407 missum
2369 5347 2540 5405 fuisse
2563 5354 2663 5413 ait,
2694 5370 2712 5400 ι
2750 5360 2807 5402 ιιι
2836 5354 3060 5401 verbum
3097 5362 3161 5399 ex
3196 5358 3396 5409 mente,
3425 5356 3483 5397 nt
3511 5347 3706 5412 Splen-

2104 5429 2294 5477 dorem
2319 5426 2450 5476 Solis
2478 5438 2543 5475 ex
2575 5423 2711 5488 ipso,
2746 5438 2764 5470 ι
2803 5418 3079 5488 ἀπεστάλη
3111 5416 3167 5469 δὲ
3191 5415 3381 5478 οὕτως,
3520 5416 3708 5484 Λόγος

2101 5496 2167 5547 ὲκ
2187 5492 2300 5560 νοῦ,
2333 5492 2408 5557 ὼς
2441 5486 2782 5561 ἀπαύγασμα
2816 5490 2875 5542 τὸ
2920 5486 3140 5559 ἡλιακὸν
3180 5488 3237 5553 ἐξ
3266 5486 3701 5561 merulea-dem

2102 5569 2267 5619 habet
2288 5557 2513 5619 ’tVicetas
2545 5557 3053 5622 inrorationem’ox,
3080 5562 3136 5613 S.
3173 5560 3423 5625 Gregorii
3457 5557 3709 5609 Νειῑιειιι-

2102 5637 2248 5690 zeui.
2279 5636 2385 5688 Sed
2422 5637 2467 5689 si
2493 5635 2619 5702 quid
2646 5632 2985 5686 difﬁcultatis
3015 5634 3066 5683 in
3092 5633 3192 5683 hoc
3219 5631 3360 5693 loco,
3400 5640 3492 5679 aut
3519 5644 3577 5702 in
3617 5643 3710 5702 eo

2102 5708 2197 5777 qui
2219 5721 2390 5775 snpra
2416 5699 2679 5769 occurrit,
2721 5706 2882 5777 inﬁt,
2926 5704 3199 5777 residuum
3230 5703 3323 5767 sit,
3359 5702 3522 5753 vtlim
3548 5699 3710 5751 illius

2104 5771 2423 5846 explanatio
2446 5785 2723 5846 repetatur
2746 5787 2815 5829 ex
2840 5771 3102 5827 'l‘atiano.
