3954 6258
237 392 328 450 ’ΖΠ

1243 384 1587 444 DIALOGUS
1607 383 1753 452 CUM
1792 380 2164 438 TRYPHONE
2199 378 2462 438 JUDAEO.

3382 386 3486 443 778

240 509 384 576 εειξιν
440 503 634 560 τούτου
704 504 844 578 ὲρῶ.
907 506 1083 561 Ὅταν
1126 503 1277 577 λέγῃ·
1355 523 1373 555 ι
1416 503 1644 576 Ἐὗρεξε
1705 501 1821 556 Κύ-

1948 499 2074 554 innc
2105 511 2285 554 autem
2317 510 2374 556 et
2406 515 2526 570 qua:
2565 502 2632 556 ad
2663 497 2824 568 hujus
2853 500 2932 557 rei
2966 501 3485 561 demonstrationem

243 620 340 677 ριος
388 597 500 672 πῦρ
546 598 705 671 παρὰ
753 598 972 672 Κυρίου
1003 600 1069 652 ὲκ
1095 598 1186 653 :05
1217 596 1446 668 οὐρανοῦ
1468 616 1514 666 ,ι
1543 597 1637 652 δύο
1663 596 1821 658 ὄντας

243 693 446 769 ἀριθμῷ
465 691 667 765 μηνύει
691 692 722 743 6
744 691 911 761 λόγος
935 693 965 744 6
990 690 1348 764 προφητικός·
1375 689 1464 744 τὸν
1491 688 1586 761 μὲν
1603 689 1696 742 ἐπὶ
1719 689 1823 757 γῆς

238 790 376 850 ὂντα,
406 787 465 850 ὃς
500 801 641 856 φησι
675 783 1129 856 καταϐεϐηκέναι
1155 785 1282 836 ἰδεῖν
1313 782 1410 853 τὴν
1442 781 1688 854 κραυγὴν
1730 782 1825 835 Σο-

238 881 431 950 δόμων·
460 880 558 932 τὸν
597 878 681 942 δὲ,
724 879 787 932 ὲν
837 879 952 941 τοῖς
999 877 1246 948 οὐρανοῖς
1277 874 1618 946 ὑπάρχοντα·
1646 873 1704 938 ὃς
1728 874 1824 926 καὶ

238 973 321 1026 :05
359 973 454 1024 ἐπὶ
507 971 616 1041 γῆς
669 969 886 1042 Κυρίου
934 967 1140 1042 Κύριός
1189 969 1355 1029 ἐστιν,
1385 967 1459 1031 ὡς
1509 966 1698 1037 Πατὴρ
1729 967 1824 1018 καὶ

238 1065 381 1126 Θεὸς,
411 1063 595 1126 αἴτιός
630 1081 692 1115 τε
724 1062 876 1132 αὐτῷ
906 1062 999 1116 :05
1027 1058 1166 1116 εἶναι
1203 1063 1298 1115 καὶ
1328 1059 1557 1130 δυνατῷ,
1593 1060 1686 1112 καὶ
1711 1060 1824 1110 Κυ-

243 1157 352 1227 ρέῳ,
378 1156 479 1207 καὶ
513 1154 662 1225 Θεῷ.
697 1156 810 1209 Καὶ
845 1155 1006 1208 πάλιν
1049 1154 1176 1209 ὅταν
1219 1153 1354 1224 λέγῃ
1375 1153 1404 1205 ὁ
1427 1151 1583 1220 λόγος
1615 1149 1827 1222 εἰρηκέ·

239 1265 320 1301 ναι
352 1247 444 1300 τὸν
476 1247 619 1300 Θεὸν
654 1249 713 1299 ὲν
747 1248 890 1317 ἀρχῇ
911 1264 924 1276 ·
968 1266 986 1297 ι
1033 1247 1160 1299 Ἰδοὺ
1197 1245 1365 1314 Ἀδὰμ
1395 1243 1614 1313 γέγονεν
1639 1242 1713 1305 ὼς
1746 1237 1826 1304 εἷς

243 1341 297 1404 ἐξ
337 1340 522 1411 ἡμῶν,
557 1360 576 1392 ›
614 1340 758 1404 τόδε,
800 1360 818 1391 ι
843 1339 918 1403 ὡς
949 1334 1028 1404 εἷς
1059 1339 1120 1403 ἐξ
1160 1338 1336 1411 ἡμῶν,
1363 1355 1380 1388 ι
1422 1337 1516 1390 καὶ
1545 1335 1677 1390 αὐτὸ
1708 1336 1828 1404 ἀρι-

244 1429 370 1501 θμοῦ
395 1424 711 1500 δηλωτικόν
753 1431 900 1481 ἐστιν
919 1444 931 1459 ·
952 1428 1066 1482 ἀλλ’
1091 1429 1151 1482 οὐ
1183 1425 1531 1499 τροπολογίαν
1562 1422 1828 1495 χωροῦσιν

243 1524 286 1575 οξ
313 1522 489 1589 λόγοι,
521 1521 601 1584 ὡς
629 1520 947 1592 ἐξηγεῖσθαι
977 1519 1340 1590 ἐπιχειροῦσιν
1369 1519 1418 1572 οἱ
1444 1517 1712 1586 σοφισταὶ,
1735 1516 1829 1568 καὶ

247 1615 375 1686 μηδὲ
405 1614 596 1682 λέγειν
627 1612 729 1683 τὴν
761 1612 1038 1684 ἀλήθειαν,
1062 1612 1191 1681 μηδὲ
1223 1614 1360 1664 νοεῖν
1389 1610 1693 1678 δυνάμενοι.
1720 1607 1831 1659 Καὶ

245 1709 297 1758 ἓν
329 1709 396 1776 τῇ
425 1704 606 1775 Σοφίᾳ
649 1704 898 1774 εἴρηται·
938 1722 956 1755 ι
992 1703 1116 1756 Ἐὰν
1139 1701 1444 1770 ἀναγγείλω
1470 1702 1596 1770 ὐμῖν
1621 1700 1686 1752 τὰ
1709 1698 1829 1753 καθ’

245 1795 456 1867 ἡμέραν
481 1793 781 1864 γινόμενα,
809 1793 1165 1865 μνημονεύσω
1194 1793 1261 1846 τὰ
1302 1792 1362 1856 ἐξ
1386 1792 1578 1856 αἰῶνος
1603 1789 1834 1862 ἀριθμῆ-

392 1862 630 1961 Κύριοςγ
661 1862 842 1948 ἔκτισε
895 1862 962 1957 με
1014 1885 1186 1958 ἀρχὴν
1235 1885 1369 1939 ὁδῶν
1417 1886 1578 1939 αὐτοῦ
1612 1885 1722 1956 (56)
1753 1885 1831 1946 εἰς
1865 1862 1906 1917 Β

248 1981 378 2052 ἔργα
403 1981 578 2034 αὐτοῦ
598 1996 612 2010 ·
649 1978 754 2050 πρὸ
779 1978 872 2031 τοῦ
898 1978 1092 2043 αἰῶνος
1123 1977 1447 2050 ὲθεμελίωσέ
1481 1995 1548 2048 με
1580 1979 1636 2030 ὲν
1666 1979 1830 2048 ἀρχῇ,

249 2072 350 2142 πρὸ
386 2070 484 2123 :05
520 2071 625 2139 τὴν
649 2069 753 2138 γῆν
782 2069 1027 2137 ποιῆσαι,
1055 2068 1142 2120 καὶ
1172 2068 1277 2138 πρὸ
1305 2067 1396 2121 :05
1441 2067 1536 2130 τὰς
1567 2065 1832 2130 ἀϐύσσους

250 2161 493 2230 ποιῆσαι,
531 2160 634 2212 καὶ
668 2159 774 2229 πρὸ
815 2159 908 2211 :05
950 2158 1227 2230 προελθεῖν
1252 2157 1348 2222 τὰς
1374 2159 1553 2227 πηγὰς
1583 2157 1686 2210 τῶν
1710 2158 1834 2211 ὐδά-

249 2268 372 2315 των,
407 2250 520 2320 πρὸ
551 2249 652 2302 τοῦ
686 2249 786 2321 ὅρη
827 2249 1185 2320 ἑδρασθῆναι·
1215 2249 1319 2320 πρὸ
1363 2249 1419 2302 δὲ
1463 2251 1679 2303 πάντων
1713 2251 1836 2321 βου-

249 2341 350 2394 νῶν
373 2342 551 2411 γεννᾷ
579 2358 673 2412 με.
703 2360 720 2390 ι
747 2343 858 2394 Καὶ
883 2339 1050 2394 εἰπὼν
1073 2340 1263 2403 ταῦτα,
1288 2341 1564 2411 ἐπήγαγον
1581 2359 1592 2370 ·
1622 2343 1833 2407 Νοεῖτε,

250 2427 292 2485 ὦ
315 2433 616 2504 ἀκροαταὶ,
659 2431 713 2484 εἴ
753 2419 817 2498 γε
861 2431 958 2484 καὶ
997 2431 1086 2484 τὸν
1123 2431 1246 2485 νοῦν
1291 2431 1604 2502 προσέχετε,
1633 2433 1726 2485 καὶ
1756 2433 1836 2485 ὃτι

252 2523 618 2595 γεγεννῆσθαι
661 2521 766 2574 ὐπὸ
811 2521 905 2575 :05
951 2522 1161 2593 Πατρός
1196 2521 1350 2576 τοῦτο
1375 2523 1434 2576 :6
1464 2524 1708 2595 γέννημα
1733 2526 1838 2596 πρὸ

256 2620 467 2671 πάντων
508 2614 707 2679 ἁπλῶς
754 2613 862 2669 τῶν
903 2616 1214 2685 κτισμάτων
1256 2616 1285 2667 6
1312 2615 1466 2684 λόγος
1511 2616 1718 2686 ἐδήλου,
1745 2617 1839 2670 καὶ

257 2709 312 2761 :6
359 2707 712 2777 γεννώμενον
757 2705 870 2776 (57)
919 2705 1010 2758 :05
1048 2693 1340 2774 γεννῶντος
1384 2706 1601 2778 ἀριθμῷ
1657 2707 1840 2781 ἕτερόν

256 2803 385 2865 ἐστι,
413 2804 529 2864 πᾶς
559 2797 818 2852 ὁστισοῦν
849 2797 1222 2869 ὁμολογήσειε.

233 2988 238 2990 ⁷
325 2985 444 3040 150.
487 2985 606 3038 Καὶ
642 2981 1044 3054 συντιθεμένων
1071 2982 1308 3050 πάντων,
1331 2981 1511 3038 εἷπον·
1539 2984 1632 3041 καὶ
1654 2985 1843 3056 λόγους

256 3077 310 3129 δέ
340 3093 492 3140 τινας
557 3074 776 3145 οὖς’μὴ
827 3075 1287 3146 ἀπεμνημόνευσα
1331 3076 1613 3148 πρότερον,
1641 3075 1843 3148 εἴποιμ’

1923 593 2079 648 attuli
2133 594 2440 649 testimonia
2487 603 2750 664 repetam.
2782 595 2916 650 Cum
2965 597 3098 652 dicit
3137 599 3488 668 propheticus

1924 701 2136 741 sermo:
2162 703 2181 738 ι
2208 687 2352 741 ΡΙυίι
2375 686 2634 740 Dominus
2653 687 2826 757 ignem
2851 704 2881 743 a
2902 689 3126 744 Domino
3144 692 3210 744 de
3222 693 3363 746 cmlo
3383 693 3448 755 ⁸⁸,
3463 712 3482 743 ο

1925 779 2064 833 duos
2093 793 2322 833 numero
2351 793 2472 832 esse
2500 777 2744 832 declarat
2766 795 2780 830 :
2802 778 2965 832 alium
2992 780 3210 848 quidem
3236 783 3288 834 in
3317 791 3484 846 terra,

1926 887 2086 940 quem
2122 872 2467 925 descendisse
2498 871 2633 926 dicit
2659 881 2718 924 nt
2747 873 2957 928 videret
2991 874 3280 929 clamorem
3315 877 3490 930 Sodo-

1927 977 2176 1025 morum;
2227 964 2391 1016 alium
2441 973 2622 1018 autem
2684 964 2737 1017 in
2777 964 2952 1029 caelis,
3008 966 3100 1034 qui
3147 977 3204 1020 et
3249 968 3393 1024 illius
3435 970 3488 1023 in

1929 1063 2072 1107 terra
2134 1055 2448 1122 apparentis
2493 1054 2702 1110 Domini
2751 1056 3011 1110 Dominus
3065 1067 3166 1121 est,
3222 1068 3493 1126 quatenus

1927 1143 2091 1200 Pater
2129 1157 2186 1200 et
2218 1147 2378 1210 Deus,
2411 1148 2502 1217 qui
2549 1147 2597 1202 ei
2653 1157 2896 1217 praestat,
2931 1159 2989 1203 ut
3021 1159 3076 1204 et
3118 1161 3313 1219 potens
3337 1152 3409 1206 sit
3438 1163 3494 1204 et

1929 1237 2193 1293 Dominus
2238 1247 2294 1293 et
2335 1238 2497 1295 Deus.
2539 1238 2755 1295 Rursus
2803 1255 2926 1294 cum
2985 1241 3154 1296 refert
3206 1242 3492 1308 Scriptura

1930 1331 2100 1385 Demn
2137 1332 2190 1384 in
2223 1331 2490 1402 principio
2515 1331 2753 1386 dixisse:
2783 1351 2802 1384 ι
2830 1333 2967 1387 Ecce
2991 1334 3163 1388 Adam
3211 1333 3391 1388 factus
3414 1345 3498 1390 est

1937 1431 2194 1492 tanquam
2245 1436 2384 1476 unus
2435 1436 2504 1475 ex
2552 1422 2790 1488 nobis“,
2817 1442 2836 1475 ι
2877 1423 2928 1477 id
2961 1439 3179 1494 quoque
3210 1409 3495 1480 numerum

1933 1514 2168 1578 indicat;
2205 1528 2380 1581 neque
2402 1513 2521 1568 hate
2557 1512 2722 1567 verba
2779 1515 3138 1586 tr0pologiam
3177 1517 3494 1582 admittunt,

1935 1621 1994 1665 ut
2019 1610 2368 1678 interpretari
2395 1620 2664 1665 conantur
2686 1609 2963 1677 sOpbistae,
2999 1617 3054 1662 et
3082 1608 3172 1678 qui
3212 1609 3494 1662 veritatem

1933 1719 2038 1759 nec
2093 1705 2296 1767 dicere,
2345 1718 2447 1758 nec
2492 1702 2792 1772 intelligere
2846 1709 3092 1770 possunt.
3145 1699 3358 1753 Dictum
3413 1709 3499 1753 est

1933 1800 2098 1854 etiam
2139 1798 2193 1852 in
2238 1797 2518 1866 Sapientia
2548 1813 2562 1850 :
2596 1814 2615 1848 ι
2647 1793 2705 1849 Si
2736 1795 3136 1849 annuntiavero
3176 1792 3351 1856 vobis,
3377 1807 3498 1861 qua!

1934 1891 1988 1944 in
2019 1889 2161 1944 diem
2188 1888 2321 1942 ﬁunt
2345 1903 2359 1940 :
2385 1902 2596 1942 memor
2617 1903 2713 1942 ero
2745 1900 2863 1953 quae
2881 1901 2909 1939 a
2943 1884 3160 1947 saeculo,
3187 1897 3494 1937 numerare.

1937 1981 2202 2038 Dominus
2241 1981 2484 2036 condidit
2530 1995 2618 2034 me
2659 1979 2869 2034 initium
2919 1979 3135 2031 viarum
3166 1991 3388 2031 suarum
3441 1976 3498 2029 in

1935 2089 2098 2145 opera
2135 2087 2231 2128 sua
2261 2080 2430 2127 :ante
2459 2071 2713 2126 saeculum
2763 2070 3011 2125 fundavit
3063 2083 3171 2132 me,
3203 2069 3256 2122 in
3289 2069 3501 2138 princi-

1933 2169 2050 2237 pio,
2087 2177 2376 2234 antequam
2418 2175 2620 2218 terram
2654 2162 2881 2227 faceret,
2913 2170 2969 2216 et
3007 2171 3302 2231 antequam
3337 2161 3501 2231 abys-

1937 2275 2028 2315 sos
2061 2261 2442 2324 constitueret,
2467 2258 2782 2326 priusquam
2812 2255 3094 2323 prodirent
3125 2253 3304 2308 fontes
3328 2267 3502 2321 aqua-

1939 2367 2089 2416 rum,
2121 2345 2414 2418 antequam
2452 2357 2667 2401 montes
2694 2346 3114 2407 collocarentur,
3140 2355 3195 2398 et
3221 2352 3350 2396 ante
3383 2358 3503 2396 om-

1939 2458 2036 2498 nes
2086 2441 2254 2496 colles
2300 2449 2524 2508 generat
2554 2455 2642 2494 me
2657 2439 2724 2493 "’.
2756 2437 2866 2492 :Et
2907 2451 3030 2492 cum
3064 2438 3176 2490 hmc
3221 2435 3501 2497 dixissem,

1943 2530 2125 2584 addidi
2157 2547 2171 2584 :
2201 2529 2542 2598 lntelligitis,
2593 2529 2891 2593 auditores,
2951 2527 3222 2596 siquidem
3261 2526 3502 2580 animum

1941 2619 2270 2684 advertitis,
2307 2619 2654 2688 Scripturam
2713 2619 3036 2681 declarare,
3080 2618 3392 2688 progeniem
3435 2633 3506 2671 ex

1939 2711 2104 2766 Patre
2131 2720 2254 2765 ante
2272 2725 2462 2766 omnes
2487 2711 2710 2765 omnino
2739 2723 2828 2764 res
2859 2719 3072 2764 creatas
3093 2710 3328 2778 genitam
3359 2722 3504 2762 esse.

1938 2802 2114 2860 Porro
2143 2804 2384 2874 genitum
2415 2818 2446 2857 a
2481 2803 2740 2874 gignente
2765 2801 2931 2858 alium
2963 2817 3191 2858 numero
3225 2816 3348 2858 esse
3381 2802 3508 2871 qni-

1943 2892 2075 2947 libet
2107 2891 2382 2947 fatebitur.

2017 2983 2140 3040 150.
2182 2982 2340 3036 Redit
2369 2981 2438 3034 ad
2464 2981 2850 3036 conversionem
2875 2981 3108 3051 gentium
3132 2995 3348 3051 eamque
3368 2993 3510 3047 prter

1944 3073 2142 3128 dictam
2173 3072 2502 3127 ostendit.—-
2525 3071 2656 3126 Cum
2687 3077 3085 3126 assentirentur
3112 3085 3325 3134 omnes,
3351 3070 3464 3124 dixi
3493 3089 3508 3121 ι

261 3169 326 3224 ἂν
351 3171 500 3240 ἄρτι.
528 3168 660 3222 Εἰσὶ
691 3168 753 3220 δὲ
784 3167 1063 3238 εἰρημένοι
1096 3168 1199 3221 ὐπὸ
1224 3169 1315 3222 :05
1352 3170 1540 3224 πιστοῦ
1579 3170 1842 3242 θεράπον-

1950 3165 2224 3221 Nonnulla
2265 3163 2597 3228 testimonia,
2637 3179 2759 3233 quae
2806 3175 2969 3218 antea
3027 3177 3134 3216 non
3190 3161 3512 3224 memoravi,

258 3277 342 3323 τος
364 3259 658 3322 Μωῦσέως
690 3257 1228 3328 ὲπικεκαλυμμένως.
1275 3259 1504 3331 Εἴρηται
1544 3260 1601 3313 δὲ
1641 3260 1844 3327 οὕτως·

266 3373 284 3402 ι
310 3351 680 3424 Εὐφράνθητε
727 3350 952 3421 οὐρανοὶ
982 3349 1100 3419 ἃμα
1129 3349 1296 3420 αὐτῷ,
1337 3353 1431 3404 καὶ
1474 3353 1852 3425 προσκυνησά-

261 3461 434 3497 τωσαν
464 3441 623 3511 αὐτῷ
668 3441 872 3504 πάντες
896 3440 1114 3508 ἄγγελοι
1147 3441 1300 3506 Θεοῦ,
1335 3462 1354 3493 ι
1383 3442 1474 3496 καὶ
1501 3444 1568 3496 τὰ
1599 3443 1726 3513 ἑξῆς
1755 3445 1848 3498 τοῦ

261 3533 416 3600 λόγου
447 3533 731 3602 ἐπέφερον
757 3530 962 3584 ταῦτα·
994 3550 1011 3582 ι
1037 3533 1389 3604 Εὐφράνθητε
1432 3533 1558 3606 ἔθνη
1596 3537 1732 3605 μετὰ
1756 3534 1848 3589 :05

262 3627 387 3680 λαοῦ
416 3624 615 3687 αὐτοῦ,
648 3623 745 3676 καὶ
777 3621 1216 3692 ἐνισχυσάτωσαν
1237 3623 1384 3695 αὐτῷ
1411 3624 1610 3688 πάντες
1633 3625 1852 3695 ἄγγελοι

262 3717 425 3770 Θεοῦ·
466 3718 553 3770 ὅτι
599 3715 664 3769 :6
706 3709 850 3785 αἷμα
881 3715 986 3768 τῶν
1020 3715 1150 3769 υἱῶν
1201 3715 1363 3769 αὐτοῦ
1409 3717 1720 3781 ἐκδικεῖται,
1757 3718 1853 3770 καὶ

264 3808 568 3879 ἐκδικήσει,
598 3806 699 3860 καὶ
741 3806 1108 3860 ἀνταποδώσει
1153 3807 1308 3878 δίκην
1351 3812 1462 3870 τοῖς
1493 3809 1726 3879 ἐχθροῖς,
1757 3810 1854 3862 καὶ

264 3903 373 3962 τοῖς
431 3899 695 3970 μισοῦσιν
737 3899 900 3952 αὐτὸν
946 3898 1350 3962 ἀνταποδώσει,
1399 3899 1493 3953 καὶ
1539 3898 1855 3969 ἐκκαθαριεί

265 3989 468 4059 Κύριος
503 3988 604 4059 τὴν
630 3989 736 4058 γῆν
768 3989 861 4041 :05
898 3988 1028 4042 λαοῦ
1060 3989 1244 4042 αὐτοῦ.
1272 4008 1290 4039 ι
1328 3991 1439 4043 Καὶ
1470 3988 1636 4042 εἰπὼν
1661 3989 1850 4054 ταῦτα,

267 4082 410 4150 ἡμᾶς
436 4083 512 4134 τὰ
551 4080 684 4152 ἔθνη
721 4080 868 4148 λέγει
907 4080 1290 4152 εὐφραίνεσθαι
1324 4082 1458 4151 μετὰ
1482 4081 1573 4135 τοῦ
1606 4082 1733 4136 λαοῦ
1760 4082 1856 4134 αὐ-

267 4174 378 4236 τοῦ,
404 4175 555 4241 λέγω
589 4172 866 4244 Ἀϐραὰμ,
885 4174 980 4226 καὶ
1015 4173 1218 4237 Ἰσαὰκ,
1246 4174 1342 4226 καὶ
1379 4171 1591 4237 Ἰακὼϐ,
1619 4173 1855 4236 καὶτοὺς

268 4264 559 4333 προφήτας
591 4260 781 4324 ἁπλῶς
806 4260 936 4331 (58),
969 4261 1062 4314 καὶ
1088 4262 1211 4326 τοὺς
1244 4262 1339 4315 ἀπ’
1369 4262 1575 4315 ἐκείνου
1601 4263 1692 4316 :05
1724 4261 1856 4316 λαοῦ

269 4354 478 4416 πάντας
511 4353 944 4425 εὐαρεστοῦντας
967 4352 1042 4423 τῷ
1070 4353 1186 4424 Θεῷ
1211 4354 1351 4408 κατὰ
1387 4356 1455 4409 τὰ
1480 4355 1857 4428 προωμολογη-

273 4446 418 4516 μένα
443 4448 583 4515 ἡμῖν
605 4461 619 4474 ·
640 4445 755 4498 ἀλλ’
778 4446 837 4498 οὐ
861 4445 1064 4509 πάντας
1096 4447 1220 4509 τοὺς
1239 4447 1348 4500 ἀπὸ
1369 4447 1460 4500 τοῦ
1483 4447 1671 4514 γένους
1704 4447 1856 4518 ὐμῶν

1951 3273 2094 3314 nunc
2124 3256 2422 3328 proferam.
2463 3254 2603 3310 Sunt
2625 3265 2806 3310 autem
2838 3268 3043 3309 arcane
3070 3268 3100 3306 a
3130 3251 3273 3307 ﬁdeli
3304 3250 3514 3305 famulo

1950 3351 2135 3422 Moyse
2183 3350 2327 3403 dicta
2362 3348 2416 3401 in
2469 3348 2613 3402 hunc
2659 3347 2921 3401 modum:
2963 3364 2982 3396 ι
3022 3343 3328 3406 Laelamini,
3364 3342 3514 3408 caeli,

1950 3453 2074 3493 cum
2135 3440 2252 3508 ipso
2278 3478 2294 3504 ,
2328 3448 2384 3492 et
2439 3439 2675 3493 adorent
2705 3453 2828 3492 eum
2867 3452 3058 3492 omnes
3086 3436 3265 3507 angeli
3307 3434 3402 3490 Dei
3443 3451 3458 3487 :
3489 3451 3510 3484 ι

1951 3537 2005 3583 et
2029 3531 2144 3583 haec
2167 3545 2288 3600 quae
2317 3540 2619 3599 sequuntur
2649 3531 2702 3584 in
2735 3529 3020 3596 Scriptura
3061 3527 3233 3597 adjeci
3259 3543 3274 3580 :
3301 3543 3321 3578 ι
3345 3524 3519 3579 Laeta-

1953 3620 2106 3685 mini,
2139 3629 2354 3691 gentes,
2394 3635 2519 3674 cum
2548 3620 2746 3690 populo
2780 3621 2915 3690 ejus,
2951 3628 3007 3675 et
3051 3618 3426 3674 confortentur
3465 3617 3518 3671 ei

1953 3729 2145 3767 omnes
2184 3714 2363 3784 angeli
2389 3713 2504 3778 Dei,
2535 3715 2660 3782 quia
2684 3715 3000 3784 sanguinem
3024 3711 3260 3767 ﬁliorum
3292 3723 3518 3764 suorum

1954 3807 2240 3863 ulciscitur
2271 3815 2327 3862 et
2362 3807 2677 3873 ulciscetur,
2709 3816 2765 3861 et
2791 3806 3088 3860 vindictam
3116 3803 3384 3858 retribuet
3413 3802 3520 3856 ini-

1957 3898 2136 3961 micis,
2171 3907 2227 3953 et
2257 3899 2342 3953 bis
2370 3899 2463 3967 qui
2507 3900 2745 3954 oderunt
2785 3897 2944 3967 223
2992 3912 3114 3951 eum
3149 3895 3434 3957 retribuet,
3463 3902 3521 3947 et

1959 3993 2286 4061 cxpurgabit
2341 3993 2604 4048 Dominus
2641 4002 2842 4047 terram
2873 3991 3055 4060 populi
3091 3990 3174 4044 sui
3197 3989 3261 4042 “.
3287 4009 3307 4041 ι
3343 3988 3522 4056 Atque

1955 4083 2042 4137 his
2080 4085 2263 4139 verbis
2297 4086 2550 4140 declarat
2601 4100 2718 4147 nos,
2767 4086 2857 4154 qui
2908 4093 3096 4155 gentes
3135 4098 3347 4146 sumus,
3394 4095 3520 4136 cum

1957 4175 2130 4243 ipsius
2155 4177 2355 4245 populo
2376 4176 2580 4242 lactari;
2609 4178 2732 4231 dico
2758 4186 2938 4231 autem
2966 4175 3240 4230 Abraham
3284 4185 3339 4228 et
3370 4172 3523 4227 Isaac

1957 4279 2012 4322 et
2041 4268 2232 4332 Jacob,
2269 4279 2326 4323 et
2367 4284 2552 4323 omnes
2587 4284 2810 4338 prorsus
2854 4269 3171 4337 prophetas,
3209 4275 3263 4322 et
3287 4266 3522 4337 quicun-

1958 4373 2065 4428 que
2097 4376 2163 4413 cx
2206 4359 2298 4413 illo
2325 4359 2522 4428 populo
2554 4362 2885 4430 placuerunt
2909 4360 3038 4422 Deo,
3066 4357 3521 4428 quemadmodum

1959 4464 2118 4506 antea
2166 4454 2308 4506 inter
2353 4466 2452 4506 nos
2491 4452 2793 4506 convenit:
2824 4459 2879 4504 at
2925 4465 3266 4519 nequaquam
3308 4462 3520 4507 omnes.

274 4535 665 4606 ἀκουσόμεθα·
726 4537 911 4609 ἐπειδὴ
952 4538 1194 4610 ἔγνωμεν
1241 4539 1334 4593 καὶ
1385 4539 1472 4592 διὰ
1516 4540 1736 4592 Ἡσαΐου
1789 4542 1842 4594 τὰ

1960 4545 2051 4615 qui
2087 4560 2153 4598 ex
2188 4554 2367 4596 vestro
2397 4558 2598 4611 genere
2645 4552 2790 4605 sunt,
2828 4542 3228 4611 intelligemus;
3257 4538 3524 4608 siquidem

270 4625 422 4680 κῶλα
468 4625 580 4677 τῶν
625 4627 1092 4700 παραϐεϐηκότων
1118 4630 1222 4683 ὐπὸ
1251 4629 1528 4702 σκώληκος
1560 4630 1654 4684 καὶ
1688 4631 1865 4684 ἀπαύ-

276 4734 401 4770 στου
450 4720 629 4789 πυρὸς
672 4719 1170 4790 διαϐιϐρώσκεσθαι
1211 4721 1442 4792 μέλλειν,
1489 4721 1734 4776 ἀθάνατα
1767 4722 1864 4792 μὲ-

275 4827 454 4872 rma,
492 4811 638 4863 ὥστε
673 4811 766 4864 καὶ
799 4808 938 4864 εἶναι
965 4813 1042 4876 εἰς
1071 4814 1259 4884 ὅρασιν
1289 4814 1468 4884 πάσης
1493 4813 1697 4885 σαρκός
1729 4814 1861 4885 (59).

286 4901 571 4954 Ἐπειπείν
600 4902 656 4954 δὲ
681 4903 810 4970 ὑμῖν
845 4901 1104 4972 βούλομαι
1136 4904 1228 4957 καὶ
1275 4904 1410 4977 πρὸς
1443 4903 1670 4968 τούτοις,
1693 4899 1736 4958 ὦ
1766 4905 1862 4958 ἄν-

276 4992 420 5064 δρες,
451 4993 617 5063 ἔφην,
649 4994 746 5048 καὶ
785 4995 976 5060 ἄλλους
1018 5000 1167 5061 τινὰς
1209 4998 1400 5067 λόγους
1426 4999 1521 5053 ἀπ’
1552 5001 1728 5053 αὐτῶν
1757 5000 1862 5056 τῶν

346 5195 394 5224 ⁸⁸
424 5193 568 5250 Gen.
603 5211 719 5258 xix,
742 5194 833 5250 24.
909 5195 951 5226 ⁸¹
977 5195 1113 5254 Gen.
1145 5214 1229 5264 ιιι,
1260 5199 1348 5252 29..

347 5396 464 5466 (56)
510 5396 692 5449 ’θεῶν
714 5397 923 5451 αὐτοῦ.
955 5397 1190 5452 Clarom.
1220 5398 1336 5453 ὁδὸν
1361 5399 1546 5452 αὐτοῦ.
1578 5399 1667 5454 Sic
1695 5401 1858 5455 etiam

281 5467 490 5533 Reginis
521 5475 588 5519 ad
616 5471 924 5538 inarginem
954 5479 1007 5520 et
1033 5469 1094 5521 Β.
1128 5469 1436 5538 Stephanus
1462 5475 1527 5524 ad
1553 5475 1782 5524 calcem.

352 5539 468 5606 (-37)
497 5538 608 5607 Kal
643 5540 706 5591 τὸ
743 5536 1132 5607 γεννώμενον·
1163 5536 1261 5592 Vél
1309 5541 1589 5604 lt‘gt’mlum
1641 5541 1734 5593 καὶ
1782 5542 1864 5595 ὅτι

275 5608 335 5729 :6
366 5606 850 5686 γενῖώμενον,⁷νοι
881 5613 1314 5677 praernittendum
1345 5609 1420 5673 ὡς
1441 5613 1524 5664 his
1556 5615 1734 5666 verbis
1759 5615 1866 5674 πᾶς

309 5693 551 5729 στιςουν.

309 5693 551 5731 ’κιο-ουν.

352 5748 470 5817 (58)
516 5747 631 5802 Καὶ
669 5747 817 5813 τοὺς
865 5747 1173 5817 προφήτας
1217 5750 1441 5817 ἀπ.1ὧς.
1498 5751 1628 5805 Illud
1682 5751 1868 5815 ἁπλῶς

285 5822 518 5876 meliore
558 5820 680 5872 loco
712 5819 999 5872 existimat
1028 5822 1280 5878 collocari
1307 5823 1585 5880 'l‘birlbius
1617 5823 1868 5894 legendo,

603 5911 886 5973 ΡΑτιιοι..
921 5910 1040 5973 Gn.
1069 5913 1179 5976 VI.

1451 5197 1571 5230 “"3
1600 5198 1764 5256 Prov.
1803 5216 1920 5267 vm,
1963 5199 2155 5258 92-25-

1960 4655 2027 4694 ιιι
2059 4635 2197 4692 Isaia
2221 4636 2266 4667 δ’
2296 4636 2590 4690 didicimus
2627 4635 2989 4699 futurum,tut
3037 4633 3280 4688 membra
3314 4645 3524 4700 praeva—

1953 4730 2252 4783 ricatorqu
2285 4744 2314 4781 a
2353 4741 2538 4782 verme
2587 4737 2642 4783 et
2687 4744 2793 4783 non
2838 4725 3238 4796 exstinguendo
3271 4723 3395 4791 igne
3420 4735 3524 4774 vo-

1959 4825 2167 4880 re‘ntur,
2210 4817 2535 4870 immortalia
2573 4818 2972 4886 permanentia,
3007 4817 3080 4870 ita
3126 4825 3180 4866 ut
3213 4811 3526 4882 spectaculo

1959 4909 2068 4962 sint
2099 4908 2244 4963 omni
2283 4910 2459 4963 carni.
2513 4908 2651 4963 Volo
2706 4919 2886 4963 autem
2924 4908 3101 4970 vobis,
3159 4915 3360 4974 praeter
3408 4902 3530 4957 haec

1963 5000 2302 5065 testimonia,
2341 5001 2522 5067 oviri,
2556 5001 2792 5066 aiebam,
2847 5000 2951 5053 alia
3007 5000 3172 5052 etiam
3221 5011 3288 5051 ex
3331 4995 3528 5050 iisdem

2230 5202 2277 5233 ⁴⁵
2310 5201 2468 5257 Deut.
2503 5217 2674 5268 xxx",
2705 5203 2797 5258 45.
2874 5201 2919 5232 ⁸⁵
2951 5213 3071 5268 cap.
3107 5213 3234 5264 va,
3263 5199 3358 5253 9.4.

1962 5406 2056 5458 καὶ
2079 5404 2261 5469 ἁπλῶς
2289 5406 2414 5469 τοὺς
2446 5406 2540 5458 ἀπ’
2565 5405 2790 5458 ἐκείνου.

2037 5476 2144 5547 (59)
2199 5475 2411 5547 Πάσης
2464 5475 2708 5542 σαρκός,
2756 5474 2907 5546 Legit
2950 5477 3091 5547 idem
3124 5474 3234 5547 (vir
3287 5470 3533 5547 eruditus

1965 5541 2333 5619 πᾲσῃίσαρκί,
2359 5541 2499 5619 utin
2529 5541 2728 5619 Bihllis
2751 5558 2810 5619 et
2831 5541 2972 5615 apud
2999 5545 3268 5619 Justinum
3300 5559 3354 5595 n.
3384 5541 3535 5619 “ne:

1970 5609 2240 5670 140."Sell
2274 5633 2393 5668 cum
2416 5615 2665 5670 Justinus
2698 5609 2996 5685 Scriptura:
3039 5616 3205 5667 verba
3247 5609 3536 5685 nonurefe-A-

1970 5695 2058 5738 rat
2086 5688 2189 5739 hoc
2227 5687 2364 5745 loco.
2407 5703 2510 5737 non
2547 5687 2700 5738 video
2725 5681 2898 5739 cur'ei
2948 5703 3052 5738 non
3087 5684 3304 5752 licuerit
3329 5681 3534 5748 aliquid

1974 5755 2168 5826 leviter
2199 5757 2489 5808 inunmare
2518 5767 2568 5809 et
2599 5752 2772 5810 malos
2799 5756 3168 5826 spectaculum
3197 5755 3374 5809 omnis
3409 5766 3527 5806 car-

1975 5825 2060 5882 nis
2085 5827 2296 5881 lnturos
2318 5826 2522 5882 dicere.

3143 5915 3223 5976 25
