  <div class='ocr_page' id='page_1' title='image "/cluster/home/n/w/nwhite01/storage/ocr_20150623/6/mdp.39015004289917/411.png"; bbox 0 0 3954 6258; ppageno 0'>
   <div class='ocr_carea' id='block_1_1' title="bbox 469 390 578 447">
    <p class='ocr_par' dir='ltr' id='par_1_1' title="bbox 469 390 578 447">
     <span class='ocr_line' id='line_1_1' title="bbox 469 390 578 447; baseline 0.037 -5"><span class='ocrx_word' id='word_1_1' title='bbox 469 390 578 447; x_wconf 83' lang='grc'><strong>’179</strong></span> 
     </span>
    </p>
   </div>
   <div class='ocr_carea' id='block_1_2' title="bbox 1389 382 2724 448">
    <p class='ocr_par' dir='ltr' id='par_1_2' title="bbox 1389 382 2724 448">
     <span class='ocr_line' id='line_1_2' title="bbox 1389 382 2724 448; baseline -0.003 -1"><span class='ocrx_word' id='word_1_2' title='bbox 1389 390 1445 447; x_wconf 91' lang='lat' dir='ltr'><strong>S.</strong></span> <span class='ocrx_word' id='word_1_3' title='bbox 1486 382 1750 448; x_wconf 69' lang='lat' dir='ltr'><strong>JUSTINI</strong></span> <span class='ocrx_word' id='word_1_4' title='bbox 1782 386 2195 447; x_wconf 78' lang='lat' dir='ltr'><strong>PHILOSOPHI</strong></span> <span class='ocrx_word' id='word_1_5' title='bbox 2243 388 2333 443; x_wconf 85' lang='lat' dir='ltr'><strong>ET</strong></span> <span class='ocrx_word' id='word_1_6' title='bbox 2368 388 2724 444; x_wconf 76' lang='lat' dir='ltr'><strong>MARTYRIS</strong></span> 
     </span>
    </p>
   </div>
   <div class='ocr_carea' id='block_1_3' title="bbox 3596 383 3687 443">
    <p class='ocr_par' dir='ltr' id='par_1_3' title="bbox 3596 383 3687 443">
     <span class='ocr_line' id='line_1_3' title="bbox 3596 383 3687 443; baseline 0.022 -2"><span class='ocrx_word' id='word_1_7' title='bbox 3596 383 3687 443; x_wconf 83' lang='grc'><strong>780</strong></span> 
     </span>
    </p>
   </div>
   <div class='ocr_carea' id='block_1_4' title="bbox 469 495 2017 580">
    <p class='ocr_par' dir='ltr' id='par_1_4' title="bbox 469 502 2017 580">
     <span class='ocr_line' id='line_1_4' title="bbox 469 502 2017 580; baseline 0.001 -22"><span class='ocrx_word' id='word_1_8' title='bbox 469 504 668 575; x_wconf 84' lang='lat' dir='ltr'><strong>Moysis</strong></span> <span class='ocrx_word' id='word_1_9' title='bbox 699 502 918 576; x_wconf 73' lang='lat' dir='ltr'><strong>scriptis</strong></span> <span class='ocrx_word' id='word_1_10' title='bbox 946 506 1204 565; x_wconf 88' lang='lat' dir='ltr'><strong>nonnulla</strong></span> <span class='ocrx_word' id='word_1_11' title='bbox 1239 506 1506 578; x_wconf 83' lang='lat' dir='ltr'><strong>proferre,</strong></span> <span class='ocrx_word' id='word_1_12' title='bbox 1536 522 1599 563; x_wconf 80' lang='lat' dir='ltr'><strong>ex</strong></span> <span class='ocrx_word' id='word_1_13' title='bbox 1629 508 1827 580; x_wconf 85' lang='lat' dir='ltr'><strong>quibus</strong></span> <span class='ocrx_word' id='word_1_14' title='bbox 1867 507 2017 565; x_wconf 90' lang='lat' dir='ltr'><strong>etian</strong></span> 
     </span>
    </p>
   </div>
   <div class='ocr_carea' id='block_1_5' title="bbox 2126 495 3692 580">
    <p class='ocr_par' dir='ltr' id='par_1_5' title="bbox 2137 495 3692 575">
     <span class='ocr_line' id='line_1_5' title="bbox 2137 495 3692 575; baseline -0.001 -16"><span class='ocrx_word' id='word_1_15' title='bbox 2137 506 2412 571; x_wconf 83' lang='grc' dir='ltr'>Μωῦσέως</span> <span class='ocrx_word' id='word_1_16' title='bbox 2441 507 2613 575; x_wconf 87' lang='grc' dir='ltr'>λόγων</span> <span class='ocrx_word' id='word_1_17' title='bbox 2630 523 2643 537; x_wconf 72' lang='grc' dir='ltr'>σ</span> <span class='ocrx_word' id='word_1_18' title='bbox 2675 505 2733 572; x_wconf 77' lang='grc' dir='ltr'>ἐξ</span> <span class='ocrx_word' id='word_1_19' title='bbox 2757 495 2830 559; x_wconf 83' lang='grc' dir='ltr'>ὧν</span> <span class='ocrx_word' id='word_1_20' title='bbox 2854 504 2947 558; x_wconf 79' lang='grc' dir='ltr'>καὶ</span> <span class='ocrx_word' id='word_1_21' title='bbox 2975 498 3160 575; x_wconf 82' lang='grc' dir='ltr'>νοῆσαι</span> <span class='ocrx_word' id='word_1_22' title='bbox 3182 499 3429 568; x_wconf 75' lang='grc' dir='ltr'><strong>δύνασθε,</strong></span> <span class='ocrx_word' id='word_1_23' title='bbox 3452 502 3532 557; x_wconf 85' lang='grc' dir='ltr'><strong>ὁτι</strong></span> <span class='ocrx_word' id='word_1_24' title='bbox 3563 504 3692 559; x_wconf 80' lang='grc' dir='ltr'>ἄνω-</span> 
     </span>
    </p>
   </div>
   <div class='ocr_carea' id='block_1_6' title="bbox 470 595 2035 671">
    <p class='ocr_par' dir='ltr' id='par_1_6' title="bbox 470 595 2035 671">
     <span class='ocr_line' id='line_1_6' title="bbox 470 595 2035 671; baseline 0.003 -23"><span class='ocrx_word' id='word_1_25' title='bbox 470 595 782 666; x_wconf 86' lang='lat' dir='ltr'><strong>intelligere</strong></span> <span class='ocrx_word' id='word_1_26' title='bbox 831 599 1084 667; x_wconf 77' lang='lat' dir='ltr'><strong>potestis,</strong></span> <span class='ocrx_word' id='word_1_27' title='bbox 1120 599 1289 653; x_wconf 91' lang='lat' dir='ltr'><strong>Deum</strong></span> <span class='ocrx_word' id='word_1_28' title='bbox 1356 601 1657 669; x_wconf 88' lang='lat' dir='ltr'><strong>antiquitus</strong></span> <span class='ocrx_word' id='word_1_29' title='bbox 1711 600 2035 671; x_wconf 71' lang='lat' dir='ltr'><strong>dispersisse</strong></span> 
     </span>
    </p>
   </div>
   <div class='ocr_carea' id='block_1_7' title="bbox 467 685 2033 760">
    <p class='ocr_par' dir='ltr' id='par_1_7' title="bbox 467 685 2033 760">
     <span class='ocr_line' id='line_1_7' title="bbox 467 685 2033 760; baseline 0.001 -22"><span class='ocrx_word' id='word_1_30' title='bbox 467 699 658 740; x_wconf 91' lang='lat' dir='ltr'><strong>omnes</strong></span> <span class='ocrx_word' id='word_1_31' title='bbox 689 685 940 741; x_wconf 88' lang='lat' dir='ltr'><strong>homines</strong></span> <span class='ocrx_word' id='word_1_32' title='bbox 967 688 1263 742; x_wconf 92' lang='lat' dir='ltr'><strong>secundum</strong></span> <span class='ocrx_word' id='word_1_33' title='bbox 1311 701 1510 757; x_wconf 85' lang='lat' dir='ltr'><strong>genera</strong></span> <span class='ocrx_word' id='word_1_34' title='bbox 1544 699 1595 742; x_wconf 90' lang='lat' dir='ltr'><strong>et</strong></span> <span class='ocrx_word' id='word_1_35' title='bbox 1632 689 1878 760; x_wconf 77' lang='lat' dir='ltr'><strong>linguas;</strong></span> <span class='ocrx_word' id='word_1_36' title='bbox 1910 702 2033 741; x_wconf 92' lang='lat' dir='ltr'><strong>cum</strong></span> 
     </span>
    </p>
   </div>
   <div class='ocr_carea' id='block_1_8' title="bbox 466 774 2031 845">
    <p class='ocr_par' dir='ltr' id='par_1_8' title="bbox 466 774 2031 845">
     <span class='ocr_line' id='line_1_8' title="bbox 466 774 2031 845; baseline 0 -18"><span class='ocrx_word' id='word_1_37' title='bbox 466 788 649 829; x_wconf 85' lang='lat' dir='ltr'><strong>autem</strong></span> <span class='ocrx_word' id='word_1_38' title='bbox 705 789 773 830; x_wconf 80' lang='lat' dir='ltr'><strong>ex</strong></span> <span class='ocrx_word' id='word_1_39' title='bbox 823 774 1077 831; x_wconf 91' lang='lat' dir='ltr'><strong>omnibus</strong></span> <span class='ocrx_word' id='word_1_40' title='bbox 1112 776 1404 845; x_wconf 82' lang='lat' dir='ltr'><strong>generibus</strong></span> <span class='ocrx_word' id='word_1_41' title='bbox 1439 785 1683 830; x_wconf 90' lang='lat' dir='ltr'><strong>vestrum</strong></span> <span class='ocrx_word' id='word_1_42' title='bbox 1723 776 1825 830; x_wconf 84' lang='lat' dir='ltr'><strong>sibi</strong></span> <span class='ocrx_word' id='word_1_43' title='bbox 1859 788 2031 844; x_wconf 79' lang='lat' dir='ltr'><strong>genus</strong></span> 
     </span>
    </p>
   </div>
   <div class='ocr_carea' id='block_1_9' title="bbox 464 865 2030 937">
    <p class='ocr_par' dir='ltr' id='par_1_9' title="bbox 464 865 2030 937">
     <span class='ocr_line' id='line_1_9' title="bbox 464 865 2030 937; baseline -0.001 -18"><span class='ocrx_word' id='word_1_44' title='bbox 464 866 843 937; x_wconf 87' lang='lat' dir='ltr'><strong>assumpserit,</strong></span> <span class='ocrx_word' id='word_1_45' title='bbox 878 880 1049 936; x_wconf 89' lang='lat' dir='ltr'><strong>genus</strong></span> <span class='ocrx_word' id='word_1_46' title='bbox 1073 867 1263 922; x_wconf 89' lang='lat' dir='ltr'><strong>inutile</strong></span> <span class='ocrx_word' id='word_1_47' title='bbox 1289 876 1345 923; x_wconf 91' lang='lat' dir='ltr'><strong>et</strong></span> <span class='ocrx_word' id='word_1_48' title='bbox 1379 867 1767 921; x_wconf 90' lang='lat' dir='ltr'><strong>inobedienset</strong></span> <span class='ocrx_word' id='word_1_49' title='bbox 1790 865 2030 929; x_wconf 79' lang='lat' dir='ltr'><strong>inﬁdele;</strong></span> 
     </span>
    </p>
   </div>
   <div class='ocr_carea' id='block_1_10' title="bbox 463 957 2032 1030">
    <p class='ocr_par' dir='ltr' id='par_1_10' title="bbox 463 957 2032 1030">
     <span class='ocr_line' id='line_1_10' title="bbox 463 957 2032 1030; baseline -0.003 -17"><span class='ocrx_word' id='word_1_50' title='bbox 463 974 698 1029; x_wconf 90' lang='lat' dir='ltr'><strong>eumque</strong></span> <span class='ocrx_word' id='word_1_51' title='bbox 722 972 835 1027; x_wconf 87' lang='lat' dir='ltr'><strong>eos,</strong></span> <span class='ocrx_word' id='word_1_52' title='bbox 865 960 966 1028; x_wconf 16' lang='lat' dir='ltr'><strong>qui.</strong></span> <span class='ocrx_word' id='word_1_53' title='bbox 993 974 1061 1014; x_wconf 82' lang='lat' dir='ltr'><strong>ex</strong></span> <span class='ocrx_word' id='word_1_54' title='bbox 1098 960 1245 1014; x_wconf 90' lang='lat' dir='ltr'><strong>omni</strong></span> <span class='ocrx_word' id='word_1_55' title='bbox 1270 973 1470 1030; x_wconf 81' lang='lat' dir='ltr'><strong>genere</strong></span> <span class='ocrx_word' id='word_1_56' title='bbox 1503 957 1662 1012; x_wconf 85' lang='lat' dir='ltr'><strong>electi</strong></span> <span class='ocrx_word' id='word_1_57' title='bbox 1694 966 1841 1021; x_wconf 90' lang='lat' dir='ltr'><strong>sunt,</strong></span> <span class='ocrx_word' id='word_1_58' title='bbox 1864 957 2032 1026; x_wconf 88' lang='lat' dir='ltr'><strong>ipsius</strong></span> 
     </span>
    </p>
   </div>
   <div class='ocr_carea' id='block_1_11' title="bbox 461 1048 2034 1121">
    <p class='ocr_par' dir='ltr' id='par_1_11' title="bbox 461 1048 2034 1121">
     <span class='ocr_line' id='line_1_11' title="bbox 461 1048 2034 1121; baseline 0.001 -19"><span class='ocrx_word' id='word_1_59' title='bbox 461 1051 730 1106; x_wconf 82' lang='lat' dir='ltr'><strong>voluntati</strong></span> <span class='ocrx_word' id='word_1_60' title='bbox 773 1065 870 1121; x_wconf 89' lang='lat' dir='ltr'><strong>per</strong></span> <span class='ocrx_word' id='word_1_61' title='bbox 906 1051 1208 1120; x_wconf 88' lang='lat' dir='ltr'><strong>Christum,</strong></span> <span class='ocrx_word' id='word_1_62' title='bbox 1263 1065 1424 1120; x_wconf 90' lang='lat' dir='ltr'><strong>quem</strong></span> <span class='ocrx_word' id='word_1_63' title='bbox 1479 1059 1532 1104; x_wconf 89' lang='lat' dir='ltr'><strong>et</strong></span> <span class='ocrx_word' id='word_1_64' title='bbox 1576 1048 1745 1105; x_wconf 68' lang='lat' dir='ltr'><strong>Iacob</strong></span> <span class='ocrx_word' id='word_1_65' title='bbox 1780 1056 1939 1104; x_wconf 89' lang='lat' dir='ltr'><strong>vocat</strong></span> <span class='ocrx_word' id='word_1_66' title='bbox 1979 1057 2034 1103; x_wconf 91' lang='lat' dir='ltr'><strong>et</strong></span> 
     </span>
    </p>
   </div>
   <div class='ocr_carea' id='block_1_12' title="bbox 461 1137 2025 1211">
    <p class='ocr_par' dir='ltr' id='par_1_12' title="bbox 461 1137 2025 1211">
     <span class='ocr_line' id='line_1_12' title="bbox 461 1137 2025 1211; baseline -0.003 -15"><span class='ocrx_word' id='word_1_67' title='bbox 461 1141 718 1198; x_wconf 89' lang='lat' dir='ltr'><strong>lsraelem</strong></span> <span class='ocrx_word' id='word_1_68' title='bbox 760 1142 1023 1208; x_wconf 78' lang='lat' dir='ltr'><strong>nominat,</strong></span> <span class='ocrx_word' id='word_1_69' title='bbox 1058 1141 1307 1211; x_wconf 89' lang='lat' dir='ltr'><strong>paruisse</strong></span> <span class='ocrx_word' id='word_1_70' title='bbox 1358 1140 1681 1205; x_wconf 89' lang='lat' dir='ltr'><strong>ostenderit,</strong></span> <span class='ocrx_word' id='word_1_71' title='bbox 1716 1153 1811 1193; x_wconf 85' lang='lat' dir='ltr'><strong>eos</strong></span> <span class='ocrx_word' id='word_1_72' title='bbox 1843 1147 1899 1193; x_wconf 92' lang='lat' dir='ltr'><strong>et</strong></span> <span class='ocrx_word' id='word_1_73' title='bbox 1928 1137 2025 1192; x_wconf 80' lang='lat' dir='ltr'><strong>Ja-</strong></span> 
     </span>
    </p>
   </div>
   <div class='ocr_carea' id='block_1_13' title="bbox 461 1230 2030 1303">
    <p class='ocr_par' dir='ltr' id='par_1_13' title="bbox 461 1230 2030 1303">
     <span class='ocr_line' id='line_1_13' title="bbox 461 1230 2030 1303; baseline -0.004 -13"><span class='ocrx_word' id='word_1_74' title='bbox 461 1235 654 1290; x_wconf 86' lang='lat' dir='ltr'><strong>cobum</strong></span> <span class='ocrx_word' id='word_1_75' title='bbox 692 1243 748 1290; x_wconf 91' lang='lat' dir='ltr'><strong>et</strong></span> <span class='ocrx_word' id='word_1_76' title='bbox 780 1234 1060 1299; x_wconf 88' lang='lat' dir='ltr'><strong>lsraelem,</strong></span> <span class='ocrx_word' id='word_1_77' title='bbox 1113 1242 1168 1287; x_wconf 89' lang='lat' dir='ltr'><strong>ut</strong></span> <span class='ocrx_word' id='word_1_78' title='bbox 1198 1234 1309 1303; x_wconf 89' lang='lat' dir='ltr'><strong>jam</strong></span> <span class='ocrx_word' id='word_1_79' title='bbox 1345 1232 1591 1302; x_wconf 83' lang='lat' dir='ltr'><strong>pluribus</strong></span> <span class='ocrx_word' id='word_1_80' title='bbox 1625 1231 1760 1297; x_wconf 81' lang='lat' dir='ltr'><strong>dixi,</strong></span> <span class='ocrx_word' id='word_1_81' title='bbox 1790 1244 1908 1286; x_wconf 89' lang='lat' dir='ltr'><strong>esse</strong></span> <span class='ocrx_word' id='word_1_82' title='bbox 1938 1230 2030 1284; x_wconf 84' lang='lat' dir='ltr'><strong>de-</strong></span> 
     </span>
    </p>
   </div>
   <div class='ocr_carea' id='block_1_14' title="bbox 460 1326 2026 1395">
    <p class='ocr_par' dir='ltr' id='par_1_14' title="bbox 460 1326 2026 1395">
     <span class='ocr_line' id='line_1_14' title="bbox 460 1326 2026 1395; baseline -0.004 -12"><span class='ocrx_word' id='word_1_83' title='bbox 460 1328 610 1383; x_wconf 85' lang='lat' dir='ltr'><strong>bere.</strong></span> <span class='ocrx_word' id='word_1_84' title='bbox 639 1328 771 1382; x_wconf 92' lang='lat' dir='ltr'><strong>Dum</strong></span> <span class='ocrx_word' id='word_1_85' title='bbox 809 1329 954 1383; x_wconf 92' lang='lat' dir='ltr'><strong>enim</strong></span> <span class='ocrx_word' id='word_1_86' title='bbox 991 1328 1066 1381; x_wconf 86' lang='lat' dir='ltr'><strong>ait</strong></span> <span class='ocrx_word' id='word_1_87' title='bbox 1101 1345 1113 1381; x_wconf 91' lang='lat'><strong>:</strong></span> <span class='ocrx_word' id='word_1_88' title='bbox 1145 1326 1490 1392; x_wconf 75' lang='lat' dir='ltr'><strong>«Laetamini,</strong></span> <span class='ocrx_word' id='word_1_89' title='bbox 1526 1333 1734 1395; x_wconf 84' lang='lat' dir='ltr'><strong>gentes,</strong></span> <span class='ocrx_word' id='word_1_90' title='bbox 1772 1340 1893 1378; x_wconf 90' lang='lat' dir='ltr'><strong>eum</strong></span> <span class='ocrx_word' id='word_1_91' title='bbox 1928 1338 2026 1393; x_wconf 90' lang='lat' dir='ltr'><strong>po—</strong></span> 
     </span>
    </p>
   </div>
   <div class='ocr_carea' id='block_1_15' title="bbox 460 1414 2028 1487">
    <p class='ocr_par' dir='ltr' id='par_1_15' title="bbox 460 1414 2028 1487">
     <span class='ocr_line' id='line_1_15' title="bbox 460 1414 2028 1487; baseline -0.002 -16"><span class='ocrx_word' id='word_1_92' title='bbox 460 1419 589 1487; x_wconf 89' lang='lat' dir='ltr'><strong>pulo</strong></span> <span class='ocrx_word' id='word_1_93' title='bbox 621 1418 799 1486; x_wconf 65' lang='lat' dir='ltr'><strong>ejus,»</strong></span> <span class='ocrx_word' id='word_1_94' title='bbox 834 1416 1067 1473; x_wconf 90' lang='lat' dir='ltr'><strong>similem</strong></span> <span class='ocrx_word' id='word_1_95' title='bbox 1114 1417 1221 1472; x_wconf 91' lang='lat' dir='ltr'><strong>illis</strong></span> <span class='ocrx_word' id='word_1_96' title='bbox 1272 1415 1490 1485; x_wconf 90' lang='lat' dir='ltr'><strong>quidem</strong></span> <span class='ocrx_word' id='word_1_97' title='bbox 1544 1415 1735 1470; x_wconf 90' lang='lat' dir='ltr'><strong>tribuit</strong></span> <span class='ocrx_word' id='word_1_98' title='bbox 1793 1414 2028 1469; x_wconf 63' lang='lat' dir='ltr'><strong>hazredi-</strong></span> 
     </span>
    </p>
   </div>
   <div class='ocr_carea' id='block_1_16' title="bbox 464 1507 2028 1577">
    <p class='ocr_par' dir='ltr' id='par_1_16' title="bbox 464 1507 2028 1577">
     <span class='ocr_line' id='line_1_16' title="bbox 464 1507 2028 1577; baseline -0.001 -15"><span class='ocrx_word' id='word_1_99' title='bbox 464 1520 642 1572; x_wconf 91' lang='lat' dir='ltr'><strong>tatem,</strong></span> <span class='ocrx_word' id='word_1_100' title='bbox 681 1523 878 1564; x_wconf 90' lang='lat' dir='ltr'><strong>nomen</strong></span> <span class='ocrx_word' id='word_1_101' title='bbox 914 1517 1095 1562; x_wconf 90' lang='lat' dir='ltr'><strong>autem</strong></span> <span class='ocrx_word' id='word_1_102' title='bbox 1134 1522 1241 1562; x_wconf 93' lang='lat' dir='ltr'><strong>non</strong></span> <span class='ocrx_word' id='word_1_103' title='bbox 1275 1508 1497 1573; x_wconf 91' lang='lat' dir='ltr'><strong>simile;</strong></span> <span class='ocrx_word' id='word_1_104' title='bbox 1535 1507 1629 1561; x_wconf 89' lang='lat' dir='ltr'><strong>sed</strong></span> <span class='ocrx_word' id='word_1_105' title='bbox 1673 1508 1798 1560; x_wconf 91' lang='lat' dir='ltr'><strong>dum</strong></span> <span class='ocrx_word' id='word_1_106' title='bbox 1840 1516 2028 1577; x_wconf 86' lang='lat' dir='ltr'><strong>gentes</strong></span> 
     </span>
    </p>
   </div>
   <div class='ocr_carea' id='block_1_17' title="bbox 457 1599 2028 1672">
    <p class='ocr_par' dir='ltr' id='par_1_17' title="bbox 457 1599 2028 1672">
     <span class='ocr_line' id='line_1_17' title="bbox 457 1599 2028 1672; baseline -0.002 -17"><span class='ocrx_word' id='word_1_107' title='bbox 457 1610 511 1655; x_wconf 88' lang='lat' dir='ltr'><strong>et</strong></span> <span class='ocrx_word' id='word_1_108' title='bbox 543 1617 665 1656; x_wconf 92' lang='lat' dir='ltr'><strong>cum</strong></span> <span class='ocrx_word' id='word_1_109' title='bbox 703 1600 901 1672; x_wconf 86' lang='lat' dir='ltr'><strong>populo</strong></span> <span class='ocrx_word' id='word_1_110' title='bbox 934 1614 1033 1655; x_wconf 92' lang='lat' dir='ltr'><strong>suo</strong></span> <span class='ocrx_word' id='word_1_111' title='bbox 1085 1599 1331 1654; x_wconf 87' lang='lat' dir='ltr'><strong>laetantes</strong></span> <span class='ocrx_word' id='word_1_112' title='bbox 1365 1599 1517 1665; x_wconf 85' lang='lat' dir='ltr'><strong>dicit,</strong></span> <span class='ocrx_word' id='word_1_113' title='bbox 1554 1599 1608 1653; x_wconf 93' lang='lat' dir='ltr'><strong>in</strong></span> <span class='ocrx_word' id='word_1_114' title='bbox 1643 1599 1903 1667; x_wconf 89' lang='lat' dir='ltr'><strong>probrum</strong></span> <span class='ocrx_word' id='word_1_115' title='bbox 1931 1614 2028 1653; x_wconf 86' lang='lat' dir='ltr'><strong>ve-</strong></span> 
     </span>
    </p>
   </div>
   <div class='ocr_carea' id='block_1_18' title="bbox 457 1690 2024 1763">
    <p class='ocr_par' dir='ltr' id='par_1_18' title="bbox 457 1690 2024 1763">
     <span class='ocr_line' id='line_1_18' title="bbox 457 1690 2024 1763; baseline 0 -15"><span class='ocrx_word' id='word_1_116' title='bbox 457 1703 629 1749; x_wconf 89' lang='lat' dir='ltr'><strong>strum</strong></span> <span class='ocrx_word' id='word_1_117' title='bbox 662 1702 852 1763; x_wconf 91' lang='lat' dir='ltr'><strong>gentes</strong></span> <span class='ocrx_word' id='word_1_118' title='bbox 887 1690 1144 1763; x_wconf 85' lang='lat' dir='ltr'><strong>appellat.</strong></span> <span class='ocrx_word' id='word_1_119' title='bbox 1179 1691 1645 1758; x_wconf 83' lang='lat' dir='ltr'><strong>Quemadmodum</strong></span> <span class='ocrx_word' id='word_1_120' title='bbox 1678 1694 1823 1747; x_wconf 90' lang='lat' dir='ltr'><strong>enim</strong></span> <span class='ocrx_word' id='word_1_121' title='bbox 1852 1701 1907 1747; x_wconf 89' lang='lat' dir='ltr'><strong>et</strong></span> <span class='ocrx_word' id='word_1_122' title='bbox 1928 1708 2024 1748; x_wconf 87' lang='lat' dir='ltr'><strong>vos</strong></span> 
     </span>
    </p>
   </div>
   <div class='ocr_carea' id='block_1_19' title="bbox 452 1783 2022 1851">
    <p class='ocr_par' dir='ltr' id='par_1_19' title="bbox 452 1783 2022 1851">
     <span class='ocr_line' id='line_1_19' title="bbox 452 1783 2022 1851; baseline 0 -12"><span class='ocrx_word' id='word_1_123' title='bbox 452 1786 525 1839; x_wconf 76' lang='lat' dir='ltr'><strong>ad</strong></span> <span class='ocrx_word' id='word_1_124' title='bbox 577 1785 917 1841; x_wconf 87' lang='lat' dir='ltr'><strong>iracundiam</strong></span> <span class='ocrx_word' id='word_1_125' title='bbox 965 1784 1120 1839; x_wconf 90' lang='lat' dir='ltr'><strong>illum</strong></span> <span class='ocrx_word' id='word_1_126' title='bbox 1170 1783 1506 1851; x_wconf 88' lang='lat' dir='ltr'><strong>concitastis,</strong></span> <span class='ocrx_word' id='word_1_127' title='bbox 1564 1785 1688 1838; x_wconf 90' lang='lat' dir='ltr'><strong>dum</strong></span> <span class='ocrx_word' id='word_1_128' title='bbox 1731 1784 2022 1839; x_wconf 88' lang='lat' dir='ltr'><strong>simulacra</strong></span> 
     </span>
    </p>
   </div>
   <div class='ocr_carea' id='block_1_20' title="bbox 2140 595 3687 669">
    <p class='ocr_par' dir='ltr' id='par_1_20' title="bbox 2140 595 3687 669">
     <span class='ocr_line' id='line_1_20' title="bbox 2140 595 3687 669; baseline 0 -20"><span class='ocrx_word' id='word_1_129' title='bbox 2140 596 2231 650; x_wconf 85' lang='grc' dir='ltr'>θεν</span> <span class='ocrx_word' id='word_1_130' title='bbox 2264 600 2361 668; x_wconf 80' lang='grc' dir='ltr'><strong>μὲν</strong></span> <span class='ocrx_word' id='word_1_131' title='bbox 2394 599 2601 661; x_wconf 79' lang='grc' dir='ltr'><strong>πάντας</strong></span> <span class='ocrx_word' id='word_1_132' title='bbox 2639 598 2763 661; x_wconf 80' lang='grc' dir='ltr'>τοὺς</span> <span class='ocrx_word' id='word_1_133' title='bbox 2798 596 3118 667; x_wconf 81' lang='grc' dir='ltr'>ἀνθρώπους</span> <span class='ocrx_word' id='word_1_134' title='bbox 3139 598 3168 647; x_wconf 91' lang='lat'><strong>6</strong></span> <span class='ocrx_word' id='word_1_135' title='bbox 3189 595 3319 660; x_wconf 79' lang='grc' dir='ltr'>Θεὸς</span> <span class='ocrx_word' id='word_1_136' title='bbox 3341 596 3687 669; x_wconf 85' lang='grc' dir='ltr'>διεσκόρπισε,</span> 
     </span>
    </p>
   </div>
   <div class='ocr_carea' id='block_1_21' title="bbox 2138 687 3692 760">
    <p class='ocr_par' dir='ltr' id='par_1_21' title="bbox 2138 687 3692 760">
     <span class='ocr_line' id='line_1_21' title="bbox 2138 687 3692 760; baseline 0.001 -19"><span class='ocrx_word' id='word_1_137' title='bbox 2138 688 2232 742; x_wconf 75' lang='grc' dir='ltr'>καὶ</span> <span class='ocrx_word' id='word_1_138' title='bbox 2262 689 2329 742; x_wconf 77' lang='grc' dir='ltr'>τὰ</span> <span class='ocrx_word' id='word_1_139' title='bbox 2364 688 2495 760; x_wconf 83' lang='grc' dir='ltr'><strong>γένη</strong></span> <span class='ocrx_word' id='word_1_140' title='bbox 2535 689 2666 759; x_wconf 90' lang='grc'>(60),</span> <span class='ocrx_word' id='word_1_141' title='bbox 2708 689 2803 743; x_wconf 78' lang='grc' dir='ltr'><strong>καὶ</strong></span> <span class='ocrx_word' id='word_1_142' title='bbox 2850 687 3103 756; x_wconf 83' lang='grc' dir='ltr'><strong>γλώσσας</strong></span> <span class='ocrx_word' id='word_1_143' title='bbox 3124 705 3137 717; x_wconf 83' lang='grc'><em>’</em></span> <span class='ocrx_word' id='word_1_144' title='bbox 3168 689 3235 739; x_wconf 81' lang='grc' dir='ltr'>ὲκ</span> <span class='ocrx_word' id='word_1_145' title='bbox 3269 687 3483 741; x_wconf 86' lang='grc' dir='ltr'>πάντων</span> <span class='ocrx_word' id='word_1_146' title='bbox 3516 688 3569 740; x_wconf 83' lang='grc' dir='ltr'>δὲ</span> <span class='ocrx_word' id='word_1_147' title='bbox 3594 688 3692 742; x_wconf 83' lang='grc' dir='ltr'><strong>τῶν</strong></span> 
     </span>
    </p>
   </div>
   <div class='ocr_carea' id='block_1_22' title="bbox 2138 779 3691 851">
    <p class='ocr_par' dir='ltr' id='par_1_22' title="bbox 2138 779 3691 851">
     <span class='ocr_line' id='line_1_22' title="bbox 2138 779 3691 851; baseline -0.008 -17"><span class='ocrx_word' id='word_1_148' title='bbox 2138 779 2326 848; x_wconf 86' lang='grc' dir='ltr'>γενῶν,</span> <span class='ocrx_word' id='word_1_149' title='bbox 2359 781 2514 849; x_wconf 86' lang='grc' dir='ltr'>γένος</span> <span class='ocrx_word' id='word_1_150' title='bbox 2539 779 2717 850; x_wconf 81' lang='grc' dir='ltr'>ἐαυτῷ</span> <span class='ocrx_word' id='word_1_151' title='bbox 2744 780 2921 834; x_wconf 92' lang='grc' dir='ltr'>λαϐὼν</span> <span class='ocrx_word' id='word_1_152' title='bbox 2949 780 3010 833; x_wconf 84' lang='grc' dir='ltr'>τὸ</span> <span class='ocrx_word' id='word_1_153' title='bbox 3039 780 3325 849; x_wconf 89' lang='grc' dir='ltr'>ὑμέτερον,</span> <span class='ocrx_word' id='word_1_154' title='bbox 3354 779 3508 847; x_wconf 87' lang='grc' dir='ltr'>γένος</span> <span class='ocrx_word' id='word_1_155' title='bbox 3531 781 3691 851; x_wconf 78' lang='grc' dir='ltr'>ἄχρη-</span> 
     </span>
    </p>
   </div>
   <div class='ocr_carea' id='block_1_23' title="bbox 2138 870 3695 937">
    <p class='ocr_par' dir='ltr' id='par_1_23' title="bbox 2138 870 3695 937">
     <span class='ocr_line' id='line_1_23' title="bbox 2138 870 3695 937; baseline 0.003 -16"><span class='ocrx_word' id='word_1_156' title='bbox 2138 887 2282 932; x_wconf 87' lang='grc' dir='ltr'>στον,</span> <span class='ocrx_word' id='word_1_157' title='bbox 2326 873 2418 925; x_wconf 72' lang='grc' dir='ltr'>καὶ</span> <span class='ocrx_word' id='word_1_158' title='bbox 2454 872 2695 935; x_wconf 82' lang='grc' dir='ltr'>ἀπειθὲς,</span> <span class='ocrx_word' id='word_1_159' title='bbox 2741 871 2834 925; x_wconf 80' lang='grc' dir='ltr'><strong>καὶ</strong></span> <span class='ocrx_word' id='word_1_160' title='bbox 2876 870 3141 935; x_wconf 80' lang='grc' dir='ltr'>ἄπιστον,</span> <span class='ocrx_word' id='word_1_161' title='bbox 3202 870 3381 937; x_wconf 84' lang='grc' dir='ltr'>δείξας</span> <span class='ocrx_word' id='word_1_162' title='bbox 3427 872 3548 934; x_wconf 71' lang='grc' dir='ltr'>τοὺς</span> <span class='ocrx_word' id='word_1_163' title='bbox 3597 874 3695 927; x_wconf 76' lang='grc' dir='ltr'>ἀπὸ</span> 
     </span>
    </p>
   </div>
   <div class='ocr_carea' id='block_1_24' title="bbox 2136 961 3697 1035">
    <p class='ocr_par' dir='ltr' id='par_1_24' title="bbox 2136 961 3697 1035">
     <span class='ocr_line' id='line_1_24' title="bbox 2136 961 3697 1035; baseline 0.002 -21"><span class='ocrx_word' id='word_1_164' title='bbox 2136 964 2334 1026; x_wconf 87' lang='grc' dir='ltr'>παντὸς</span> <span class='ocrx_word' id='word_1_165' title='bbox 2374 963 2561 1032; x_wconf 81' lang='grc' dir='ltr'><strong>γένους</strong></span> <span class='ocrx_word' id='word_1_166' title='bbox 2601 963 2955 1035; x_wconf 84' lang='grc' dir='ltr'><strong>αἱρουμένους</strong></span> <span class='ocrx_word' id='word_1_167' title='bbox 2990 961 3274 1015; x_wconf 81' lang='grc' dir='ltr'>πεπεῖσθαι</span> <span class='ocrx_word' id='word_1_168' title='bbox 3301 961 3462 1017; x_wconf 82' lang='grc' dir='ltr'>αὐτοῦ</span> <span class='ocrx_word' id='word_1_169' title='bbox 3492 965 3556 1034; x_wconf 81' lang='grc' dir='ltr'>τῇ</span> <span class='ocrx_word' id='word_1_170' title='bbox 3583 964 3697 1033; x_wconf 87' lang='grc' dir='ltr'>βου-</span> 
     </span>
    </p>
   </div>
   <div class='ocr_carea' id='block_1_25' title="bbox 2135 1052 3696 1126">
    <p class='ocr_par' dir='ltr' id='par_1_25' title="bbox 2135 1052 3696 1126">
     <span class='ocr_line' id='line_1_25' title="bbox 2135 1052 3696 1126; baseline 0 -21"><span class='ocrx_word' id='word_1_171' title='bbox 2135 1052 2199 1123; x_wconf 80' lang='grc' dir='ltr'><strong>λῇ</strong></span> <span class='ocrx_word' id='word_1_172' title='bbox 2226 1053 2313 1107; x_wconf 75' lang='grc' dir='ltr'><strong>διὰ</strong></span> <span class='ocrx_word' id='word_1_173' title='bbox 2335 1054 2427 1107; x_wconf 85' lang='grc' dir='ltr'><strong>τοῦ</strong></span> <span class='ocrx_word' id='word_1_174' title='bbox 2454 1054 2712 1125; x_wconf 79' lang='grc' dir='ltr'><strong>Χριστοῦ,</strong></span> <span class='ocrx_word' id='word_1_175' title='bbox 2734 1053 2791 1107; x_wconf 84' lang='grc' dir='ltr'>ὃν</span> <span class='ocrx_word' id='word_1_176' title='bbox 2817 1054 2909 1106; x_wconf 79' lang='grc' dir='ltr'><strong>καὶ</strong></span> <span class='ocrx_word' id='word_1_177' title='bbox 2956 1052 3147 1107; x_wconf 90' lang='grc' dir='ltr'>Ἰακὼϐ</span> <span class='ocrx_word' id='word_1_178' title='bbox 3163 1054 3334 1120; x_wconf 85' lang='grc' dir='ltr'>καλεῖ,</span> <span class='ocrx_word' id='word_1_179' title='bbox 3358 1054 3451 1107; x_wconf 79' lang='grc' dir='ltr'><strong>καὶ</strong></span> <span class='ocrx_word' id='word_1_180' title='bbox 3496 1054 3696 1126; x_wconf 77' lang='grc' dir='ltr'>Ἰσραὴλ</span> 
     </span>
    </p>
   </div>
   <div class='ocr_carea' id='block_1_26' title="bbox 2134 1130 3695 1217">
    <p class='ocr_par' dir='ltr' id='par_1_26' title="bbox 2134 1130 3695 1217">
     <span class='ocr_line' id='line_1_26' title="bbox 2134 1130 3695 1217; baseline 0.002 -21"><span class='ocrx_word' id='word_1_181' title='bbox 2134 1146 2408 1215; x_wconf 78' lang='grc' dir='ltr'>ὀνομάζει,</span> <span class='ocrx_word' id='word_1_182' title='bbox 2442 1146 2661 1209; x_wconf 82' lang='grc' dir='ltr'>τούτους</span> <span class='ocrx_word' id='word_1_183' title='bbox 2693 1146 2786 1199; x_wconf 77' lang='grc' dir='ltr'><strong>καὶ</strong></span> <span class='ocrx_word' id='word_1_184' title='bbox 2830 1144 3024 1199; x_wconf 87' lang='grc' dir='ltr'>Ἰακὼϐ</span> <span class='ocrx_word' id='word_1_185' title='bbox 3054 1146 3150 1199; x_wconf 74' lang='grc' dir='ltr'><strong>καὶ</strong></span> <span class='ocrx_word' id='word_1_186' title='bbox 3187 1130 3514 1217; x_wconf 78' lang='grc' dir='ltr'>’1σραὴλ,ὼς</span> <span class='ocrx_word' id='word_1_187' title='bbox 3543 1146 3695 1217; x_wconf 86' lang='grc' dir='ltr'>προέ-</span> 
     </span>
    </p>
   </div>
   <div class='ocr_carea' id='block_1_27' title="bbox 2134 1234 3691 1309">
    <p class='ocr_par' dir='ltr' id='par_1_27' title="bbox 2134 1234 3691 1309">
     <span class='ocr_line' id='line_1_27' title="bbox 2134 1234 3691 1309; baseline 0.001 -21"><span class='ocrx_word' id='word_1_188' title='bbox 2134 1252 2239 1307; x_wconf 80' lang='grc' dir='ltr'><strong>φην</strong></span> <span class='ocrx_word' id='word_1_189' title='bbox 2286 1239 2343 1289; x_wconf 82' lang='grc' dir='ltr'>ὲν</span> <span class='ocrx_word' id='word_1_190' title='bbox 2389 1238 2618 1301; x_wconf 83' lang='grc' dir='ltr'>πολλοῖς,</span> <span class='ocrx_word' id='word_1_191' title='bbox 2665 1234 2802 1291; x_wconf 80' lang='grc' dir='ltr'>εἶναι</span> <span class='ocrx_word' id='word_1_192' title='bbox 2833 1237 2914 1289; x_wconf 87' lang='grc' dir='ltr'><strong>δεῖ</strong></span> <span class='ocrx_word' id='word_1_193' title='bbox 2942 1236 3069 1308; x_wconf 91' lang='grc'><strong>(61).</strong></span> <span class='ocrx_word' id='word_1_194' title='bbox 3101 1253 3118 1287; x_wconf 82' lang='grc' dir='ltr'><strong>ι</strong></span> <span class='ocrx_word' id='word_1_195' title='bbox 3145 1236 3531 1308; x_wconf 78' lang='grc' dir='ltr'>Εὐφράνθητε,</span> <span class='ocrx_word' id='word_1_196' title='bbox 3571 1238 3691 1309; x_wconf 79' lang='grc' dir='ltr'>γὰρ,</span> 
     </span>
    </p>
   </div>
   <div class='ocr_carea' id='block_1_28' title="bbox 2133 1327 3697 1400">
    <p class='ocr_par' dir='ltr' id='par_1_28' title="bbox 2133 1327 3697 1400">
     <span class='ocr_line' id='line_1_28' title="bbox 2133 1327 3697 1400; baseline 0.003 -21"><span class='ocrx_word' id='word_1_197' title='bbox 2133 1327 2259 1399; x_wconf 78' lang='grc' dir='ltr'>ἔθνη</span> <span class='ocrx_word' id='word_1_198' title='bbox 2296 1330 2433 1399; x_wconf 86' lang='grc' dir='ltr'>μετὰ</span> <span class='ocrx_word' id='word_1_199' title='bbox 2475 1330 2567 1383; x_wconf 88' lang='grc' dir='ltr'><strong>τοῦ</strong></span> <span class='ocrx_word' id='word_1_200' title='bbox 2603 1329 2731 1383; x_wconf 88' lang='grc' dir='ltr'>λαοῦ</span> <span class='ocrx_word' id='word_1_201' title='bbox 2762 1330 2946 1394; x_wconf 82' lang='grc' dir='ltr'>αὑτοῦ,</span> <span class='ocrx_word' id='word_1_202' title='bbox 2974 1350 2992 1381; x_wconf 73' lang='grc' dir='ltr'><strong>ι</strong></span> <span class='ocrx_word' id='word_1_203' title='bbox 3032 1328 3220 1391; x_wconf 77' lang='grc' dir='ltr'>εἰπὼν,</span> <span class='ocrx_word' id='word_1_204' title='bbox 3260 1329 3359 1399; x_wconf 83' lang='grc' dir='ltr'>τὴν</span> <span class='ocrx_word' id='word_1_205' title='bbox 3397 1330 3496 1399; x_wconf 83' lang='grc' dir='ltr'><strong>μὲν</strong></span> <span class='ocrx_word' id='word_1_206' title='bbox 3518 1330 3697 1400; x_wconf 82' lang='grc' dir='ltr'>ὁμοίαν</span> 
     </span>
    </p>
   </div>
   <div class='ocr_carea' id='block_1_29' title="bbox 2132 1420 3698 1493">
    <p class='ocr_par' dir='ltr' id='par_1_29' title="bbox 2132 1420 3698 1493">
     <span class='ocr_line' id='line_1_29' title="bbox 2132 1420 3698 1493; baseline 0.003 -21"><span class='ocrx_word' id='word_1_207' title='bbox 2132 1420 2315 1484; x_wconf 76' lang='grc' dir='ltr'>αὐτοῖς</span> <span class='ocrx_word' id='word_1_208' title='bbox 2340 1421 2601 1492; x_wconf 82' lang='grc' dir='ltr'>ἀπονέμει</span> <span class='ocrx_word' id='word_1_209' title='bbox 2632 1421 3015 1493; x_wconf 87' lang='grc' dir='ltr'>κληρονομίαν,</span> <span class='ocrx_word' id='word_1_210' title='bbox 3042 1422 3134 1474; x_wconf 78' lang='grc' dir='ltr'>καὶ</span> <span class='ocrx_word' id='word_1_211' title='bbox 3167 1420 3263 1492; x_wconf 79' lang='grc' dir='ltr'>τὴν</span> <span class='ocrx_word' id='word_1_212' title='bbox 3287 1422 3481 1492; x_wconf 78' lang='grc' dir='ltr'>ὁμοίαν</span> <span class='ocrx_word' id='word_1_213' title='bbox 3513 1422 3698 1493; x_wconf 91' lang='grc' dir='ltr'>ὀνομα-</span> 
     </span>
    </p>
   </div>
   <div class='ocr_carea' id='block_1_30' title="bbox 2132 1509 3695 1582">
    <p class='ocr_par' dir='ltr' id='par_1_30' title="bbox 2132 1509 3695 1582">
     <span class='ocr_line' id='line_1_30' title="bbox 2132 1509 3695 1582; baseline 0.001 -20"><span class='ocrx_word' id='word_1_214' title='bbox 2132 1509 2253 1563; x_wconf 87' lang='grc' dir='ltr'>σίαν</span> <span class='ocrx_word' id='word_1_215' title='bbox 2282 1509 2494 1562; x_wconf 86' lang='grc' dir='ltr'>δίδωσιν</span> <span class='ocrx_word' id='word_1_216' title='bbox 2532 1510 2672 1581; x_wconf 67' lang='grc'>(62)·</span> <span class='ocrx_word' id='word_1_217' title='bbox 2710 1509 2836 1582; x_wconf 79' lang='grc' dir='ltr'>ἔθνη</span> <span class='ocrx_word' id='word_1_218' title='bbox 2868 1511 2925 1563; x_wconf 87' lang='grc' dir='ltr'>δὲ</span> <span class='ocrx_word' id='word_1_219' title='bbox 2966 1511 3163 1575; x_wconf 79' lang='grc' dir='ltr'>αὐτοὺς</span> <span class='ocrx_word' id='word_1_220' title='bbox 3199 1512 3295 1564; x_wconf 73' lang='grc' dir='ltr'>καὶ</span> <span class='ocrx_word' id='word_1_221' title='bbox 3332 1511 3695 1582; x_wconf 63' lang='grc' dir='ltr'>εὐφραινομέά</span> 
     </span>
    </p>
   </div>
   <div class='ocr_carea' id='block_1_31' title="bbox 2129 1598 3699 1671">
    <p class='ocr_par' dir='ltr' id='par_1_31' title="bbox 2129 1598 3699 1671">
     <span class='ocr_line' id='line_1_31' title="bbox 2129 1598 3699 1671; baseline 0.001 -20"><span class='ocrx_word' id='word_1_222' title='bbox 2129 1616 2251 1663; x_wconf 90' lang='grc' dir='ltr'>νους</span> <span class='ocrx_word' id='word_1_223' title='bbox 2280 1600 2415 1669; x_wconf 87' lang='grc' dir='ltr'>μετὰ</span> <span class='ocrx_word' id='word_1_224' title='bbox 2459 1599 2550 1653; x_wconf 91' lang='grc' dir='ltr'><strong>τοῦ</strong></span> <span class='ocrx_word' id='word_1_225' title='bbox 2577 1598 2706 1653; x_wconf 82' lang='grc' dir='ltr'>λαοῦ</span> <span class='ocrx_word' id='word_1_226' title='bbox 2744 1599 2909 1653; x_wconf 86' lang='grc' dir='ltr'>αὑτοῦ</span> <span class='ocrx_word' id='word_1_227' title='bbox 2938 1599 3134 1668; x_wconf 85' lang='grc' dir='ltr'>λέγων,</span> <span class='ocrx_word' id='word_1_228' title='bbox 3168 1602 3246 1664; x_wconf 82' lang='grc' dir='ltr'>εἰς</span> <span class='ocrx_word' id='word_1_229' title='bbox 3266 1600 3467 1664; x_wconf 78' lang='grc' dir='ltr'>ὄνειδος</span> <span class='ocrx_word' id='word_1_230' title='bbox 3494 1602 3555 1653; x_wconf 85' lang='grc' dir='ltr'>τὸ</span> <span class='ocrx_word' id='word_1_231' title='bbox 3576 1602 3699 1671; x_wconf 75' lang='grc' dir='ltr'>ὑμέ-</span> 
     </span>
    </p>
   </div>
   <div class='ocr_carea' id='block_1_32' title="bbox 2128 1692 3701 1764">
    <p class='ocr_par' dir='ltr' id='par_1_32' title="bbox 2128 1692 3701 1764">
     <span class='ocr_line' id='line_1_32' title="bbox 2128 1692 3701 1764; baseline 0.001 -19"><span class='ocrx_word' id='word_1_232' title='bbox 2128 1710 2282 1764; x_wconf 83' lang='grc' dir='ltr'>τερον</span> <span class='ocrx_word' id='word_1_233' title='bbox 2310 1693 2457 1761; x_wconf 81' lang='grc' dir='ltr'>λέγει</span> <span class='ocrx_word' id='word_1_234' title='bbox 2482 1692 2652 1758; x_wconf 76' lang='grc' dir='ltr'>ἔθνος.</span> <span class='ocrx_word' id='word_1_235' title='bbox 2686 1694 2781 1745; x_wconf 87' lang='grc' dir='ltr'>Ὃν</span> <span class='ocrx_word' id='word_1_236' title='bbox 2810 1692 2918 1763; x_wconf 84' lang='grc' dir='ltr'>γὰρ</span> <span class='ocrx_word' id='word_1_237' title='bbox 2944 1694 3041 1745; x_wconf 74' lang='grc' dir='ltr'><strong>καὶ</strong></span> <span class='ocrx_word' id='word_1_238' title='bbox 3074 1693 3233 1763; x_wconf 85' lang='grc' dir='ltr'>ὑμεῖς</span> <span class='ocrx_word' id='word_1_239' title='bbox 3262 1692 3460 1763; x_wconf 83' lang='grc' dir='ltr'>τρόπον</span> <span class='ocrx_word' id='word_1_240' title='bbox 3489 1709 3701 1763; x_wconf 86' lang='grc' dir='ltr'>παρωρ-</span> 
     </span>
    </p>
   </div>
   <div class='ocr_carea' id='block_1_33' title="bbox 2127 1782 3697 1854">
    <p class='ocr_par' dir='ltr' id='par_1_33' title="bbox 2127 1782 3697 1854">
     <span class='ocr_line' id='line_1_33' title="bbox 2127 1782 3697 1854; baseline -0.002 -17"><span class='ocrx_word' id='word_1_241' title='bbox 2127 1785 2315 1853; x_wconf 87' lang='grc' dir='ltr'>γίσατε</span> <span class='ocrx_word' id='word_1_242' title='bbox 2347 1784 2921 1854; x_wconf 79' lang='grc' dir='ltr'>είδωλολατρήσαντες,</span> <span class='ocrx_word' id='word_1_243' title='bbox 2953 1782 3096 1836; x_wconf 74' lang='grc' dir='ltr'>οὕτω</span> <span class='ocrx_word' id='word_1_244' title='bbox 3133 1783 3228 1836; x_wconf 79' lang='grc' dir='ltr'><strong>καὶ</strong></span> <span class='ocrx_word' id='word_1_245' title='bbox 3253 1782 3451 1845; x_wconf 80' lang='grc' dir='ltr'>αὐτοὺς</span> <span class='ocrx_word' id='word_1_246' title='bbox 3492 1782 3697 1835; x_wconf 84' lang='grc' dir='ltr'>εἰδωλο-</span> 
     </span>
    </p>
   </div>
   <div class='ocr_carea' id='block_1_34' title="bbox 444 1858 2017 1944">
    <p class='ocr_par' dir='ltr' id='par_1_34' title="bbox 444 1872 2017 1942">
     <span class='ocr_line' id='line_1_34' title="bbox 444 1872 2017 1942; baseline -0.001 -12"><span class='ocrx_word' id='word_1_247' title='bbox 444 1877 658 1942; x_wconf 69' lang='lat' dir='ltr'><strong>colitis,</strong></span> <span class='ocrx_word' id='word_1_248' title='bbox 696 1876 772 1931; x_wconf 90' lang='lat' dir='ltr'><strong>ita</strong></span> <span class='ocrx_word' id='word_1_249' title='bbox 834 1885 890 1931; x_wconf 92' lang='lat' dir='ltr'><strong>et</strong></span> <span class='ocrx_word' id='word_1_250' title='bbox 934 1874 1076 1941; x_wconf 92' lang='lat' dir='ltr'><strong>illos,</strong></span> <span class='ocrx_word' id='word_1_251' title='bbox 1131 1887 1253 1926; x_wconf 89' lang='lat' dir='ltr'><strong>cum</strong></span> <span class='ocrx_word' id='word_1_252' title='bbox 1304 1872 1725 1928; x_wconf 88' lang='lat' dir='ltr'><strong>simulacrorum</strong></span> <span class='ocrx_word' id='word_1_253' title='bbox 1787 1874 2017 1929; x_wconf 80' lang='lat' dir='ltr'><strong>cultores</strong></span> 
     </span>
    </p>
   </div>
   <div class='ocr_carea' id='block_1_35' title="bbox 2126 1858 3697 1944">
    <p class='ocr_par' dir='ltr' id='par_1_35' title="bbox 2127 1871 3697 1944">
     <span class='ocr_line' id='line_1_35' title="bbox 2127 1871 3697 1944; baseline -0.001 -19"><span class='ocrx_word' id='word_1_254' title='bbox 2127 1873 2328 1944; x_wconf 87' lang='grc' dir='ltr'>λάτρας</span> <span class='ocrx_word' id='word_1_255' title='bbox 2360 1873 2519 1937; x_wconf 76' lang='grc' dir='ltr'>ὄντας</span> <span class='ocrx_word' id='word_1_256' title='bbox 2551 1872 2859 1943; x_wconf 79' lang='grc' dir='ltr'>κατηξίωσε</span> <span class='ocrx_word' id='word_1_257' title='bbox 2892 1871 3095 1940; x_wconf 88' lang='grc' dir='ltr'>γνῶναι</span> <span class='ocrx_word' id='word_1_258' title='bbox 3135 1871 3234 1941; x_wconf 88' lang='grc' dir='ltr'>τὴν</span> <span class='ocrx_word' id='word_1_259' title='bbox 3281 1871 3475 1942; x_wconf 84' lang='grc' dir='ltr'>βουλὴν</span> <span class='ocrx_word' id='word_1_260' title='bbox 3519 1872 3697 1935; x_wconf 79' lang='grc' dir='ltr'>αὑτοῦ,</span> 
     </span>
    </p>
   </div>
   <div class='ocr_carea' id='block_1_36' title="bbox 454 1967 2028 2039">
    <p class='ocr_par' dir='ltr' id='par_1_36' title="bbox 454 1967 2028 2039">
     <span class='ocr_line' id='line_1_36' title="bbox 454 1967 2028 2039; baseline -0.002 -15"><span class='ocrx_word' id='word_1_261' title='bbox 454 1978 659 2034; x_wconf 87' lang='lat' dir='ltr'><strong>essent,</strong></span> <span class='ocrx_word' id='word_1_262' title='bbox 691 1971 793 2025; x_wconf 90' lang='lat' dir='ltr'><strong>hac</strong></span> <span class='ocrx_word' id='word_1_263' title='bbox 838 1968 1013 2039; x_wconf 87' lang='lat' dir='ltr'><strong>gratia</strong></span> <span class='ocrx_word' id='word_1_264' title='bbox 1065 1967 1314 2036; x_wconf 83' lang='lat' dir='ltr'><strong>dignatus</strong></span> <span class='ocrx_word' id='word_1_265' title='bbox 1366 1975 1471 2030; x_wconf 88' lang='lat' dir='ltr'><strong>est,</strong></span> <span class='ocrx_word' id='word_1_266' title='bbox 1526 1975 1586 2021; x_wconf 91' lang='lat' dir='ltr'><strong>ut</strong></span> <span class='ocrx_word' id='word_1_267' title='bbox 1638 1978 2028 2038; x_wconf 85' lang='lat' dir='ltr'><strong>cognoscerent</strong></span> 
     </span>
    </p>
   </div>
   <div class='ocr_carea' id='block_1_37' title="bbox 454 2062 2022 2135">
    <p class='ocr_par' dir='ltr' id='par_1_37' title="bbox 454 2062 2022 2135">
     <span class='ocr_line' id='line_1_37' title="bbox 454 2062 2022 2135; baseline -0.001 -17"><span class='ocrx_word' id='word_1_268' title='bbox 454 2065 625 2135; x_wconf 89' lang='lat' dir='ltr'><strong>ipsius</strong></span> <span class='ocrx_word' id='word_1_269' title='bbox 660 2064 1016 2130; x_wconf 87' lang='lat' dir='ltr'><strong>voluntatem,</strong></span> <span class='ocrx_word' id='word_1_270' title='bbox 1041 2071 1096 2119; x_wconf 90' lang='lat' dir='ltr'><strong>et</strong></span> <span class='ocrx_word' id='word_1_271' title='bbox 1123 2065 1523 2129; x_wconf 82' lang='lat' dir='ltr'><strong>baereditatem,</strong></span> <span class='ocrx_word' id='word_1_272' title='bbox 1563 2077 1685 2133; x_wconf 77' lang='lat' dir='ltr'><strong>qua:</strong></span> <span class='ocrx_word' id='word_1_273' title='bbox 1712 2064 1851 2132; x_wconf 92' lang='lat' dir='ltr'><strong>apud</strong></span> <span class='ocrx_word' id='word_1_274' title='bbox 1875 2062 2022 2116; x_wconf 80' lang='lat' dir='ltr'><strong>illum</strong></span> 
     </span>
    </p>
   </div>
   <div class='ocr_carea' id='block_1_38' title="bbox 453 2162 921 2230">
    <p class='ocr_par' dir='ltr' id='par_1_38' title="bbox 453 2162 921 2230">
     <span class='ocr_line' id='line_1_38' title="bbox 453 2162 921 2230; baseline -0.009 -13"><span class='ocrx_word' id='word_1_275' title='bbox 453 2172 553 2224; x_wconf 84' lang='lat' dir='ltr'><strong>est,</strong></span> <span class='ocrx_word' id='word_1_276' title='bbox 588 2162 921 2230; x_wconf 83' lang='lat' dir='ltr'><strong>acciperent.</strong></span> 
     </span>
    </p>
   </div>
   <div class='ocr_carea' id='block_1_39' title="bbox 529 2249 2023 2322">
    <p class='ocr_par' dir='ltr' id='par_1_39' title="bbox 529 2249 2023 2322">
     <span class='ocr_line' id='line_1_39' title="bbox 529 2249 2023 2322; baseline -0.003 -17"><span class='ocrx_word' id='word_1_277' title='bbox 529 2254 651 2306; x_wconf 77' lang='grc'><strong>151.</strong></span> <span class='ocrx_word' id='word_1_278' title='bbox 703 2252 919 2317; x_wconf 84' lang='lat' dir='ltr'><strong>Quanto</strong></span> <span class='ocrx_word' id='word_1_279' title='bbox 950 2252 1218 2322; x_wconf 76' lang='lat' dir='ltr'><strong>ﬁdeliores</strong></span> <span class='ocrx_word' id='word_1_280' title='bbox 1267 2253 1377 2307; x_wconf 89' lang='lat' dir='ltr'><strong>Deo</strong></span> <span class='ocrx_word' id='word_1_281' title='bbox 1425 2261 1601 2321; x_wconf 81' lang='lat' dir='ltr'><strong>gentes</strong></span> <span class='ocrx_word' id='word_1_282' title='bbox 1650 2251 1717 2304; x_wconf 83' lang='lat' dir='ltr'><strong>ad</strong></span> <span class='ocrx_word' id='word_1_283' title='bbox 1756 2249 2023 2303; x_wconf 77' lang='lat' dir='ltr'><strong>Christum</strong></span> 
     </span>
    </p>
   </div>
   <div class='ocr_carea' id='block_1_40' title="bbox 452 2335 2022 2414">
    <p class='ocr_par' dir='ltr' id='par_1_40' title="bbox 452 2335 2022 2414">
     <span class='ocr_line' id='line_1_40' title="bbox 452 2335 2022 2414; baseline -0.002 -16"><span class='ocrx_word' id='word_1_284' title='bbox 452 2361 713 2398; x_wconf 77' lang='lat' dir='ltr'><strong>conversa:</strong></span> <span class='ocrx_word' id='word_1_285' title='bbox 744 2361 903 2414; x_wconf 88' lang='lat' dir='ltr'><strong>quam</strong></span> <span class='ocrx_word' id='word_1_286' title='bbox 944 2344 1147 2403; x_wconf 75' lang='lat' dir='ltr'><strong>Judwi.</strong></span> <span class='ocrx_word' id='word_1_287' title='bbox 1180 2374 1251 2385; x_wconf 93' lang='lat'>—</span> <span class='ocrx_word' id='word_1_288' title='bbox 1302 2343 1582 2400; x_wconf 84' lang='lat' dir='ltr'><strong>Proferam</strong></span> <span class='ocrx_word' id='word_1_289' title='bbox 1632 2335 1813 2398; x_wconf 68' lang='lat' dir='ltr'><strong>autem</strong></span> <span class='ocrx_word' id='word_1_290' title='bbox 1860 2342 2022 2397; x_wconf 88' lang='lat' dir='ltr'><strong>verba</strong></span> 
     </span>
    </p>
   </div>
   <div class='ocr_carea' id='block_1_41' title="bbox 449 2435 2025 2509">
    <p class='ocr_par' dir='ltr' id='par_1_41' title="bbox 449 2435 2025 2509">
     <span class='ocr_line' id='line_1_41' title="bbox 449 2435 2025 2509; baseline -0.001 -19"><span class='ocrx_word' id='word_1_291' title='bbox 449 2452 516 2490; x_wconf 83' lang='lat' dir='ltr'><strong>ex</strong></span> <span class='ocrx_word' id='word_1_292' title='bbox 543 2436 742 2505; x_wconf 87' lang='lat' dir='ltr'><strong>quibus</strong></span> <span class='ocrx_word' id='word_1_293' title='bbox 768 2451 961 2493; x_wconf 86' lang='lat' dir='ltr'><strong>omnes</strong></span> <span class='ocrx_word' id='word_1_294' title='bbox 989 2447 1180 2509; x_wconf 82' lang='lat' dir='ltr'><strong>gentes</strong></span> <span class='ocrx_word' id='word_1_295' title='bbox 1205 2452 1232 2491; x_wconf 92' lang='lat' dir='ltr'><strong>a</strong></span> <span class='ocrx_word' id='word_1_296' title='bbox 1263 2438 1374 2493; x_wconf 90' lang='lat' dir='ltr'><strong>Deo</strong></span> <span class='ocrx_word' id='word_1_297' title='bbox 1413 2438 1616 2492; x_wconf 88' lang='lat' dir='ltr'><strong>divisas</strong></span> <span class='ocrx_word' id='word_1_298' title='bbox 1644 2435 1812 2491; x_wconf 83' lang='lat' dir='ltr'><strong>fuisse</strong></span> <span class='ocrx_word' id='word_1_299' title='bbox 1840 2443 2025 2490; x_wconf 87' lang='lat' dir='ltr'><strong>osten-</strong></span> 
     </span>
    </p>
   </div>
   <div class='ocr_carea' id='block_1_42' title="bbox 451 2527 2020 2599">
    <p class='ocr_par' dir='ltr' id='par_1_42' title="bbox 451 2527 2020 2599">
     <span class='ocr_line' id='line_1_42' title="bbox 451 2527 2020 2599; baseline -0.001 -19"><span class='ocrx_word' id='word_1_300' title='bbox 451 2528 618 2581; x_wconf 90' lang='lat' dir='ltr'><strong>ditur.</strong></span> <span class='ocrx_word' id='word_1_301' title='bbox 658 2527 796 2581; x_wconf 90' lang='lat' dir='ltr'><strong>Sunt</strong></span> <span class='ocrx_word' id='word_1_302' title='bbox 855 2539 1035 2582; x_wconf 88' lang='lat' dir='ltr'><strong>autem</strong></span> <span class='ocrx_word' id='word_1_303' title='bbox 1084 2528 1393 2597; x_wconf 83' lang='lat' dir='ltr'><strong>ejusmodi:</strong></span> <span class='ocrx_word' id='word_1_304' title='bbox 1431 2528 1759 2599; x_wconf 67' lang='lat' dir='ltr'><strong>«Interroga</strong></span> <span class='ocrx_word' id='word_1_305' title='bbox 1812 2536 2020 2597; x_wconf 83' lang='lat' dir='ltr'><strong>patrem</strong></span> 
     </span>
    </p>
   </div>
   <div class='ocr_carea' id='block_1_43' title="bbox 449 2618 2022 2689">
    <p class='ocr_par' dir='ltr' id='par_1_43' title="bbox 449 2618 2022 2689">
     <span class='ocr_line' id='line_1_43' title="bbox 449 2618 2022 2689; baseline 0 -19"><span class='ocrx_word' id='word_1_306' title='bbox 449 2627 601 2671; x_wconf 86' lang='lat' dir='ltr'><strong>tuum</strong></span> <span class='ocrx_word' id='word_1_307' title='bbox 639 2628 694 2672; x_wconf 86' lang='lat' dir='ltr'><strong>et</strong></span> <span class='ocrx_word' id='word_1_308' title='bbox 730 2618 1074 2673; x_wconf 87' lang='lat' dir='ltr'><strong>annuntiabit</strong></span> <span class='ocrx_word' id='word_1_309' title='bbox 1113 2619 1244 2674; x_wconf 91' lang='lat' dir='ltr'><strong>tibi:</strong></span> <span class='ocrx_word' id='word_1_310' title='bbox 1285 2619 1519 2689; x_wconf 87' lang='lat' dir='ltr'><strong>majores</strong></span> <span class='ocrx_word' id='word_1_311' title='bbox 1568 2629 1708 2683; x_wconf 89' lang='lat' dir='ltr'><strong>tuos,</strong></span> <span class='ocrx_word' id='word_1_312' title='bbox 1739 2625 1796 2673; x_wconf 89' lang='lat' dir='ltr'><strong>et</strong></span> <span class='ocrx_word' id='word_1_313' title='bbox 1840 2618 2022 2672; x_wconf 89' lang='lat' dir='ltr'><strong>dicent</strong></span> 
     </span>
    </p>
   </div>
   <div class='ocr_carea' id='block_1_44' title="bbox 454 2709 2019 2780">
    <p class='ocr_par' dir='ltr' id='par_1_44' title="bbox 454 2709 2019 2780">
     <span class='ocr_line' id='line_1_44' title="bbox 454 2709 2019 2780; baseline 0.001 -19"><span class='ocrx_word' id='word_1_314' title='bbox 454 2709 581 2773; x_wconf 87' lang='lat' dir='ltr'><strong>tibi,</strong></span> <span class='ocrx_word' id='word_1_315' title='bbox 610 2709 828 2777; x_wconf 88' lang='lat' dir='ltr'><strong>quando</strong></span> <span class='ocrx_word' id='word_1_316' title='bbox 888 2709 1167 2765; x_wconf 83' lang='lat' dir='ltr'><strong>dividebat</strong></span> <span class='ocrx_word' id='word_1_317' title='bbox 1212 2709 1523 2765; x_wconf 82' lang='lat' dir='ltr'><strong>Altissimus</strong></span> <span class='ocrx_word' id='word_1_318' title='bbox 1560 2718 1768 2780; x_wconf 84' lang='lat' dir='ltr'><strong>gentes,</strong></span> <span class='ocrx_word' id='word_1_319' title='bbox 1801 2709 2019 2777; x_wconf 89' lang='lat' dir='ltr'><strong>quando</strong></span> 
     </span>
    </p>
   </div>
   <div class='ocr_carea' id='block_1_45' title="bbox 451 2800 2020 2871">
    <p class='ocr_par' dir='ltr' id='par_1_45' title="bbox 451 2800 2020 2871">
     <span class='ocr_line' id='line_1_45' title="bbox 451 2800 2020 2871; baseline 0 -18"><span class='ocrx_word' id='word_1_320' title='bbox 451 2800 801 2871; x_wconf 81' lang='lat' dir='ltr'><strong>dispergebat</strong></span> <span class='ocrx_word' id='word_1_321' title='bbox 833 2800 972 2856; x_wconf 89' lang='lat' dir='ltr'><strong>ﬁlios</strong></span> <span class='ocrx_word' id='word_1_322' title='bbox 1003 2802 1200 2856; x_wconf 80' lang='lat' dir='ltr'><strong>Adam.</strong></span> <span class='ocrx_word' id='word_1_323' title='bbox 1238 2802 1538 2857; x_wconf 88' lang='lat' dir='ltr'><strong>Constituit</strong></span> <span class='ocrx_word' id='word_1_324' title='bbox 1586 2801 1850 2856; x_wconf 89' lang='lat' dir='ltr'><strong>terminos</strong></span> <span class='ocrx_word' id='word_1_325' title='bbox 1888 2814 2020 2870; x_wconf 91' lang='lat' dir='ltr'><strong>gen-</strong></span> 
     </span>
    </p>
   </div>
   <div class='ocr_carea' id='block_1_46' title="bbox 453 2889 2014 2957">
    <p class='ocr_par' dir='ltr' id='par_1_46' title="bbox 453 2889 2014 2957">
     <span class='ocr_line' id='line_1_46' title="bbox 453 2889 2014 2957; baseline 0 -13"><span class='ocrx_word' id='word_1_326' title='bbox 453 2890 583 2944; x_wconf 91' lang='lat' dir='ltr'><strong>tium</strong></span> <span class='ocrx_word' id='word_1_327' title='bbox 616 2895 914 2946; x_wconf 82' lang='lat' dir='ltr'><strong>secundum</strong></span> <span class='ocrx_word' id='word_1_328' title='bbox 953 2908 1239 2947; x_wconf 89' lang='lat' dir='ltr'><strong>numerum</strong></span> <span class='ocrx_word' id='word_1_329' title='bbox 1282 2893 1514 2946; x_wconf 89' lang='lat' dir='ltr'><strong>ﬁliorum</strong></span> <span class='ocrx_word' id='word_1_330' title='bbox 1549 2891 1738 2957; x_wconf 83' lang='lat' dir='ltr'><strong>Israel,</strong></span> <span class='ocrx_word' id='word_1_331' title='bbox 1783 2901 1836 2945; x_wconf 90' lang='lat' dir='ltr'><strong>et</strong></span> <span class='ocrx_word' id='word_1_332' title='bbox 1869 2889 2014 2945; x_wconf 83' lang='lat' dir='ltr'><strong>facta</strong></span> 
     </span>
    </p>
   </div>
   <div class='ocr_carea' id='block_1_47' title="bbox 2130 1963 3660 2038">
    <p class='ocr_par' dir='ltr' id='par_1_47' title="bbox 2130 1963 3660 2038">
     <span class='ocr_line' id='line_1_47' title="bbox 2130 1963 3660 2038; baseline -0.003 -18"><span class='ocrx_word' id='word_1_333' title='bbox 2130 1966 2224 2020; x_wconf 75' lang='grc' dir='ltr'><strong>καὶ</strong></span> <span class='ocrx_word' id='word_1_334' title='bbox 2258 1966 2660 2038; x_wconf 83' lang='grc' dir='ltr'>κληρονομῆσαι</span> <span class='ocrx_word' id='word_1_335' title='bbox 2691 1964 2789 2036; x_wconf 77' lang='grc' dir='ltr'><strong>τὴν</strong></span> <span class='ocrx_word' id='word_1_336' title='bbox 2814 1964 3181 2036; x_wconf 81' lang='grc' dir='ltr'>κληρονομίαν</span> <span class='ocrx_word' id='word_1_337' title='bbox 3213 1963 3309 2033; x_wconf 84' lang='grc' dir='ltr'>τὴν</span> <span class='ocrx_word' id='word_1_338' title='bbox 3346 1966 3477 2035; x_wconf 79' lang='grc' dir='ltr'>παρ’</span> <span class='ocrx_word' id='word_1_339' title='bbox 3497 1963 3660 2033; x_wconf 78' lang='grc' dir='ltr'>αὐτῷ.</span> 
     </span>
    </p>
   </div>
   <div class='ocr_carea' id='block_1_48' title="bbox 2197 2230 3703 2313">
    <p class='ocr_par' dir='ltr' id='par_1_48' title="bbox 2197 2230 3703 2313">
     <span class='ocr_line' id='line_1_48' title="bbox 2197 2230 3703 2313; baseline -0.008 -15"><span class='ocrx_word' id='word_1_340' title='bbox 2197 2242 2468 2313; x_wconf 73' lang='grc' dir='ltr'>151.Ἐρῶ</span> <span class='ocrx_word' id='word_1_341' title='bbox 2489 2242 2545 2295; x_wconf 78' lang='grc' dir='ltr'><strong>δὲ</strong></span> <span class='ocrx_word' id='word_1_342' title='bbox 2572 2240 2804 2304; x_wconf 73' lang='grc' dir='ltr'>καὶτοὺς</span> <span class='ocrx_word' id='word_1_343' title='bbox 2825 2240 3012 2307; x_wconf 81' lang='grc' dir='ltr'>λόγους</span> <span class='ocrx_word' id='word_1_344' title='bbox 3028 2238 3092 2291; x_wconf 88' lang='grc' dir='ltr'>δι’</span> <span class='ocrx_word' id='word_1_345' title='bbox 3106 2230 3181 2294; x_wconf 83' lang='grc' dir='ltr'>ὧν</span> <span class='ocrx_word' id='word_1_346' title='bbox 3198 2236 3453 2308; x_wconf 82' lang='grc' dir='ltr'>δηλοῦται</span> <span class='ocrx_word' id='word_1_347' title='bbox 3477 2234 3703 2306; x_wconf 77' lang='grc' dir='ltr'>μερίσας</span> 
     </span>
    </p>
   </div>
   <div class='ocr_carea' id='block_1_49' title="bbox 2127 2326 3701 2405">
    <p class='ocr_par' dir='ltr' id='par_1_49' title="bbox 2127 2326 3701 2405">
     <span class='ocr_line' id='line_1_49' title="bbox 2127 2326 3701 2405; baseline -0.006 -17"><span class='ocrx_word' id='word_1_348' title='bbox 2127 2335 2302 2389; x_wconf 84' lang='grc' dir='ltr'>πάντα</span> <span class='ocrx_word' id='word_1_349' title='bbox 2320 2333 2388 2387; x_wconf 82' lang='grc' dir='ltr'>τὰ</span> <span class='ocrx_word' id='word_1_350' title='bbox 2418 2334 2543 2405; x_wconf 80' lang='grc' dir='ltr'>ἔθνη</span> <span class='ocrx_word' id='word_1_351' title='bbox 2576 2335 2604 2386; x_wconf 89' lang='grc' dir='ltr'><strong>ὁ</strong></span> <span class='ocrx_word' id='word_1_352' title='bbox 2625 2332 2774 2396; x_wconf 85' lang='grc' dir='ltr'>Θεός.</span> <span class='ocrx_word' id='word_1_353' title='bbox 2827 2332 2949 2384; x_wconf 73' lang='grc' dir='ltr'>Εἰσὶ</span> <span class='ocrx_word' id='word_1_354' title='bbox 2971 2332 3028 2384; x_wconf 85' lang='grc' dir='ltr'>δὲ</span> <span class='ocrx_word' id='word_1_355' title='bbox 3058 2326 3201 2385; x_wconf 71' lang='grc' dir='ltr'>οὗτοι</span> <span class='ocrx_word' id='word_1_356' title='bbox 3220 2348 3233 2359; x_wconf 88' lang='grc'><strong>·</strong></span> <span class='ocrx_word' id='word_1_357' title='bbox 3275 2350 3293 2381; x_wconf 75' lang='grc' dir='ltr'><strong>ι</strong></span> <span class='ocrx_word' id='word_1_358' title='bbox 3330 2328 3701 2401; x_wconf 84' lang='grc' dir='ltr'>Ἐπερώτησον</span> 
     </span>
    </p>
   </div>
   <div class='ocr_carea' id='block_1_50' title="bbox 2122 2418 3700 2497">
    <p class='ocr_par' dir='ltr' id='par_1_50' title="bbox 2122 2418 3700 2497">
     <span class='ocr_line' id='line_1_50' title="bbox 2122 2418 3700 2497; baseline -0.006 -17"><span class='ocrx_word' id='word_1_359' title='bbox 2122 2427 2213 2480; x_wconf 81' lang='grc' dir='ltr'><strong>τὸν</strong></span> <span class='ocrx_word' id='word_1_360' title='bbox 2235 2426 2447 2497; x_wconf 80' lang='grc' dir='ltr'>πατέρα</span> <span class='ocrx_word' id='word_1_361' title='bbox 2483 2443 2575 2479; x_wconf 92' lang='grc' dir='ltr'><strong>σου</strong></span> <span class='ocrx_word' id='word_1_362' title='bbox 2597 2466 2612 2489; x_wconf 95' lang='grc'><strong>,</strong></span> <span class='ocrx_word' id='word_1_363' title='bbox 2666 2426 2759 2478; x_wconf 76' lang='grc' dir='ltr'><strong>καὶ</strong></span> <span class='ocrx_word' id='word_1_364' title='bbox 2784 2423 3073 2492; x_wconf 84' lang='grc' dir='ltr'>ἀναγγελεῖ</span> <span class='ocrx_word' id='word_1_365' title='bbox 3106 2439 3205 2475; x_wconf 81' lang='grc' dir='ltr'>σοι’</span> <span class='ocrx_word' id='word_1_366' title='bbox 3240 2422 3365 2485; x_wconf 72' lang='grc' dir='ltr'>τοὺς</span> <span class='ocrx_word' id='word_1_367' title='bbox 3401 2418 3700 2492; x_wconf 85' lang='grc' dir='ltr'>πρεσϐυτέ-</span> 
     </span>
    </p>
   </div>
   <div class='ocr_carea' id='block_1_51' title="bbox 2126 2510 3699 2590">
    <p class='ocr_par' dir='ltr' id='par_1_51' title="bbox 2126 2510 3699 2590">
     <span class='ocr_line' id='line_1_51' title="bbox 2126 2510 3699 2590; baseline -0.004 -20"><span class='ocrx_word' id='word_1_368' title='bbox 2126 2536 2252 2590; x_wconf 88' lang='grc' dir='ltr'>ρους</span> <span class='ocrx_word' id='word_1_369' title='bbox 2276 2534 2392 2581; x_wconf 89' lang='grc' dir='ltr'>σου,</span> <span class='ocrx_word' id='word_1_370' title='bbox 2426 2518 2522 2569; x_wconf 74' lang='grc' dir='ltr'>καὶ</span> <span class='ocrx_word' id='word_1_371' title='bbox 2548 2517 2732 2589; x_wconf 80' lang='grc' dir='ltr'>ἑροῦσί</span> <span class='ocrx_word' id='word_1_372' title='bbox 2767 2535 2868 2579; x_wconf 86' lang='grc' dir='ltr'>σοι,</span> <span class='ocrx_word' id='word_1_373' title='bbox 2901 2517 2986 2569; x_wconf 81' lang='grc' dir='ltr'><strong>ὅτε</strong></span> <span class='ocrx_word' id='word_1_374' title='bbox 3037 2510 3340 2585; x_wconf 81' lang='grc' dir='ltr'>διεμέριζεν</span> <span class='ocrx_word' id='word_1_375' title='bbox 3380 2515 3408 2565; x_wconf 98' lang='lat'><strong>6</strong></span> <span class='ocrx_word' id='word_1_376' title='bbox 3446 2514 3699 2582; x_wconf 67' lang='grc' dir='ltr'>’Ύψιστος</span> 
     </span>
    </p>
   </div>
   <div class='ocr_carea' id='block_1_52' title="bbox 2122 2605 3701 2682">
    <p class='ocr_par' dir='ltr' id='par_1_52' title="bbox 2122 2605 3701 2682">
     <span class='ocr_line' id='line_1_52' title="bbox 2122 2605 3701 2682; baseline -0.005 -18"><span class='ocrx_word' id='word_1_377' title='bbox 2122 2611 2270 2682; x_wconf 71' lang='grc' dir='ltr'>ἔθνη,</span> <span class='ocrx_word' id='word_1_378' title='bbox 2315 2611 2392 2674; x_wconf 85' lang='grc' dir='ltr'>ὡς</span> <span class='ocrx_word' id='word_1_379' title='bbox 2440 2610 2744 2681; x_wconf 86' lang='grc' dir='ltr'>διέσπειρεν</span> <span class='ocrx_word' id='word_1_380' title='bbox 2801 2610 2948 2672; x_wconf 72' lang='grc' dir='ltr'>υἱοὺς</span> <span class='ocrx_word' id='word_1_381' title='bbox 3020 2607 3206 2677; x_wconf 86' lang='grc' dir='ltr'>Ἀδάμ.</span> <span class='ocrx_word' id='word_1_382' title='bbox 3258 2607 3530 2674; x_wconf 77' lang='grc' dir='ltr'>Ἐστησεν</span> <span class='ocrx_word' id='word_1_383' title='bbox 3582 2605 3701 2675; x_wconf 83' lang='grc' dir='ltr'>ὅρια</span> 
     </span>
    </p>
   </div>
   <div class='ocr_carea' id='block_1_53' title="bbox 2121 2696 3699 2770">
    <p class='ocr_par' dir='ltr' id='par_1_53' title="bbox 2121 2696 3699 2770">
     <span class='ocr_line' id='line_1_53' title="bbox 2121 2696 3699 2770; baseline -0.005 -16"><span class='ocrx_word' id='word_1_384' title='bbox 2121 2701 2294 2755; x_wconf 75' lang='grc' dir='ltr'>ἐθνῶν</span> <span class='ocrx_word' id='word_1_385' title='bbox 2324 2699 2463 2754; x_wconf 87' lang='grc' dir='ltr'>κατὰ</span> <span class='ocrx_word' id='word_1_386' title='bbox 2490 2699 2753 2770; x_wconf 83' lang='grc' dir='ltr'>ἀριθμοὺς</span> <span class='ocrx_word' id='word_1_387' title='bbox 2777 2699 2908 2753; x_wconf 88' lang='grc' dir='ltr'>υἱῶν</span> <span class='ocrx_word' id='word_1_388' title='bbox 2941 2698 3174 2769; x_wconf 84' lang='grc' dir='ltr'>Ἰσραὴλ,</span> <span class='ocrx_word' id='word_1_389' title='bbox 3204 2698 3297 2751; x_wconf 79' lang='grc' dir='ltr'><strong>καὶ</strong></span> <span class='ocrx_word' id='word_1_390' title='bbox 3329 2696 3565 2767; x_wconf 73' lang='grc' dir='ltr'>ἐγενήθη</span> <span class='ocrx_word' id='word_1_391' title='bbox 3609 2713 3699 2765; x_wconf 84' lang='grc' dir='ltr'>με-</span> 
     </span>
    </p>
   </div>
   <div class='ocr_carea' id='block_1_54' title="bbox 2123 2788 3701 2865">
    <p class='ocr_par' dir='ltr' id='par_1_54' title="bbox 2123 2788 3701 2865">
     <span class='ocr_line' id='line_1_54' title="bbox 2123 2788 3701 2865; baseline -0.003 -20"><span class='ocrx_word' id='word_1_392' title='bbox 2123 2794 2208 2865; x_wconf 75' lang='grc' dir='ltr'><strong>ρὶς</strong></span> <span class='ocrx_word' id='word_1_393' title='bbox 2241 2793 2447 2864; x_wconf 83' lang='grc' dir='ltr'>Κυρίου</span> <span class='ocrx_word' id='word_1_394' title='bbox 2476 2792 2603 2854; x_wconf 84' lang='grc' dir='ltr'>λαὸς</span> <span class='ocrx_word' id='word_1_395' title='bbox 2654 2791 2817 2845; x_wconf 81' lang='grc' dir='ltr'>αὑτοῦ</span> <span class='ocrx_word' id='word_1_396' title='bbox 2863 2791 3078 2853; x_wconf 89' lang='grc' dir='ltr'>Ἰακὼϐ,</span> <span class='ocrx_word' id='word_1_397' title='bbox 3132 2790 3417 2861; x_wconf 88' lang='grc' dir='ltr'>σχοίνισμα</span> <span class='ocrx_word' id='word_1_398' title='bbox 3448 2788 3701 2860; x_wconf 85' lang='grc' dir='ltr'>κληρονο-</span> 
     </span>
    </p>
   </div>
   <div class='ocr_carea' id='block_1_55' title="bbox 2125 2883 3699 2956">
    <p class='ocr_par' dir='ltr' id='par_1_55' title="bbox 2125 2883 3699 2956">
     <span class='ocr_line' id='line_1_55' title="bbox 2125 2883 3699 2956; baseline -0.003 -18"><span class='ocrx_word' id='word_1_399' title='bbox 2125 2888 2253 2956; x_wconf 89' lang='grc' dir='ltr'>μίας</span> <span class='ocrx_word' id='word_1_400' title='bbox 2280 2884 2444 2939; x_wconf 81' lang='grc' dir='ltr'>αὑτοῦ</span> <span class='ocrx_word' id='word_1_401' title='bbox 2486 2884 2755 2956; x_wconf 78' lang='grc' dir='ltr'>Ἰσραήλ.»</span> <span class='ocrx_word' id='word_1_402' title='bbox 2813 2885 2922 2937; x_wconf 71' lang='grc' dir='ltr'>Καὶ</span> <span class='ocrx_word' id='word_1_403' title='bbox 2958 2883 3124 2937; x_wconf 88' lang='grc' dir='ltr'>είπὼν</span> <span class='ocrx_word' id='word_1_404' title='bbox 3166 2883 3373 2943; x_wconf 83' lang='grc' dir='ltr'>ταῦτα,</span> <span class='ocrx_word' id='word_1_405' title='bbox 3423 2884 3699 2953; x_wconf 79' lang='grc' dir='ltr'>ὲπήνεγκα</span> 
     </span>
    </p>
   </div>
   <div class='ocr_carea' id='block_1_56' title="bbox 445 2975 2017 3054">
    <p class='ocr_par' dir='ltr' id='par_1_56' title="bbox 445 2981 2017 3054">
     <span class='ocr_line' id='line_1_56' title="bbox 445 2981 2017 3054; baseline 0 -17"><span class='ocrx_word' id='word_1_406' title='bbox 445 2990 531 3037; x_wconf 88' lang='lat' dir='ltr'><strong>est</strong></span> <span class='ocrx_word' id='word_1_407' title='bbox 580 2998 707 3052; x_wconf 91' lang='lat' dir='ltr'><strong>pars</strong></span> <span class='ocrx_word' id='word_1_408' title='bbox 760 2982 981 3038; x_wconf 85' lang='lat' dir='ltr'><strong>Domini</strong></span> <span class='ocrx_word' id='word_1_409' title='bbox 1039 2985 1270 3054; x_wconf 83' lang='lat' dir='ltr'><strong>pepulus</strong></span> <span class='ocrx_word' id='word_1_410' title='bbox 1309 2983 1428 3051; x_wconf 84' lang='lat' dir='ltr'><strong>ejus</strong></span> <span class='ocrx_word' id='word_1_411' title='bbox 1482 2981 1696 3038; x_wconf 85' lang='lat' dir='ltr'><strong>Jacob:</strong></span> <span class='ocrx_word' id='word_1_412' title='bbox 1742 2981 2017 3037; x_wconf 82' lang='lat' dir='ltr'><strong>funiculus</strong></span> 
     </span>
    </p>
   </div>
   <div class='ocr_carea' id='block_1_57' title="bbox 2126 2975 3698 3054">
    <p class='ocr_par' dir='ltr' id='par_1_57' title="bbox 2126 2975 3698 3047">
     <span class='ocr_line' id='line_1_57' title="bbox 2126 2975 3698 3047; baseline -0.001 -20"><span class='ocrx_word' id='word_1_413' title='bbox 2126 2977 2308 3045; x_wconf 71' lang='grc' dir='ltr'>λέγων,</span> <span class='ocrx_word' id='word_1_414' title='bbox 2341 2979 2422 3030; x_wconf 80' lang='grc' dir='ltr'><strong>ὅτι</strong></span> <span class='ocrx_word' id='word_1_415' title='bbox 2443 2979 2489 3029; x_wconf 88' lang='lat' dir='ltr'><strong>ol</strong></span> <span class='ocrx_word' id='word_1_416' title='bbox 2532 2976 2928 3047; x_wconf 81' lang='grc' dir='ltr'>Ἑϐδομήκοντα</span> <span class='ocrx_word' id='word_1_417' title='bbox 2960 2976 3309 3045; x_wconf 72' lang='grc' dir='ltr'>ἐξηγήσαντο,</span> <span class='ocrx_word' id='word_1_418' title='bbox 3346 2975 3428 3026; x_wconf 85' lang='grc' dir='ltr'>ὅτι</span> <span class='ocrx_word' id='word_1_419' title='bbox 3456 2993 3474 3024; x_wconf 75' lang='grc' dir='ltr'>ί</span> <span class='ocrx_word' id='word_1_420' title='bbox 3507 2975 3698 3042; x_wconf 77' lang='grc' dir='ltr'>Ἔστη-</span> 
     </span>
    </p>
   </div>
   <div class='ocr_carea' id='block_1_58' title="bbox 446 3070 2017 3148">
    <p class='ocr_par' dir='ltr' id='par_1_58' title="bbox 446 3075 2011 3146">
     <span class='ocr_line' id='line_1_58' title="bbox 446 3075 2011 3146; baseline 0.001 -18"><span class='ocrx_word' id='word_1_421' title='bbox 446 3075 783 3131; x_wconf 70' lang='lat' dir='ltr'><strong>htereditatis</strong></span> <span class='ocrx_word' id='word_1_422' title='bbox 808 3076 925 3146; x_wconf 88' lang='lat' dir='ltr'><strong>ejus</strong></span> <span class='ocrx_word' id='word_1_423' title='bbox 956 3076 1121 3131; x_wconf 88' lang='lat' dir='ltr'><strong>Israel</strong></span> <span class='ocrx_word' id='word_1_424' title='bbox 1152 3078 1250 3131; x_wconf 69' lang='grc'><strong>⁸⁸.»</strong></span> <span class='ocrx_word' id='word_1_425' title='bbox 1300 3078 1368 3131; x_wconf 88' lang='grc' dir='ltr'>Ει</span> <span class='ocrx_word' id='word_1_426' title='bbox 1400 3093 1523 3131; x_wconf 91' lang='lat' dir='ltr'><strong>cum</strong></span> <span class='ocrx_word' id='word_1_427' title='bbox 1574 3077 1690 3132; x_wconf 73' lang='lat' dir='ltr'><strong>hazc</strong></span> <span class='ocrx_word' id='word_1_428' title='bbox 1729 3076 2011 3145; x_wconf 83' lang='lat' dir='ltr'><strong>dixissem,</strong></span> 
     </span>
    </p>
   </div>
   <div class='ocr_carea' id='block_1_59' title="bbox 2126 3070 3696 3148">
    <p class='ocr_par' dir='ltr' id='par_1_59' title="bbox 2126 3070 3696 3148">
     <span class='ocr_line' id='line_1_59' title="bbox 2126 3070 3696 3148; baseline -0.004 -18"><span class='ocrx_word' id='word_1_429' title='bbox 2126 3094 2211 3130; x_wconf 86' lang='grc' dir='ltr'><strong>σεν</strong></span> <span class='ocrx_word' id='word_1_430' title='bbox 2243 3079 2365 3148; x_wconf 83' lang='grc' dir='ltr'>ὅρια</span> <span class='ocrx_word' id='word_1_431' title='bbox 2403 3076 2571 3131; x_wconf 81' lang='grc' dir='ltr'>ἐθνῶν</span> <span class='ocrx_word' id='word_1_432' title='bbox 2601 3075 2740 3130; x_wconf 85' lang='grc' dir='ltr'><strong>κατὰ</strong></span> <span class='ocrx_word' id='word_1_433' title='bbox 2778 3075 3007 3145; x_wconf 76' lang='grc' dir='ltr'>ἀριθμὸν</span> <span class='ocrx_word' id='word_1_434' title='bbox 3049 3074 3294 3141; x_wconf 85' lang='grc' dir='ltr'>ἀγγέλων</span> <span class='ocrx_word' id='word_1_435' title='bbox 3327 3072 3522 3126; x_wconf 75' lang='grc' dir='ltr'>Θεοῦ.»</span> <span class='ocrx_word' id='word_1_436' title='bbox 3562 3070 3696 3125; x_wconf 76' lang='grc' dir='ltr'>Ἀλλ’</span> 
     </span>
    </p>
   </div>
   <div class='ocr_carea' id='block_1_60' title="bbox 444 3162 2017 3253">
    <p class='ocr_par' dir='ltr' id='par_1_60' title="bbox 444 3166 2010 3241">
     <span class='ocr_line' id='line_1_60' title="bbox 444 3166 2010 3241; baseline 0.003 -21"><span class='ocrx_word' id='word_1_437' title='bbox 444 3166 673 3222; x_wconf 88' lang='lat' dir='ltr'><strong>addidi:</strong></span> <span class='ocrx_word' id='word_1_438' title='bbox 719 3166 1070 3241; x_wconf 83' lang='lat' dir='ltr'><strong>Septuaginta</strong></span> <span class='ocrx_word' id='word_1_439' title='bbox 1130 3169 1456 3239; x_wconf 85' lang='lat' dir='ltr'><strong>interpretes</strong></span> <span class='ocrx_word' id='word_1_440' title='bbox 1505 3169 1577 3223; x_wconf 90' lang='lat' dir='ltr'><strong>ita</strong></span> <span class='ocrx_word' id='word_1_441' title='bbox 1611 3179 2010 3238; x_wconf 85' lang='lat' dir='ltr'><strong>exposuerunt:</strong></span> 
     </span>
    </p>
   </div>
   <div class='ocr_carea' id='block_1_61' title="bbox 2126 3162 3697 3253">
    <p class='ocr_par' dir='ltr' id='par_1_61' title="bbox 2126 3162 3697 3236">
     <span class='ocr_line' id='line_1_61' title="bbox 2126 3162 3697 3236; baseline -0.004 -15"><span class='ocrx_word' id='word_1_442' title='bbox 2126 3170 2240 3221; x_wconf 69' lang='grc' dir='ltr'>ἐπεὶ</span> <span class='ocrx_word' id='word_1_443' title='bbox 2267 3169 2361 3221; x_wconf 77' lang='grc' dir='ltr'><strong>καὶ</strong></span> <span class='ocrx_word' id='word_1_444' title='bbox 2393 3171 2456 3221; x_wconf 77' lang='grc' dir='ltr'>ἐκ</span> <span class='ocrx_word' id='word_1_445' title='bbox 2487 3167 2678 3221; x_wconf 87' lang='grc' dir='ltr'>τούτου</span> <span class='ocrx_word' id='word_1_446' title='bbox 2711 3166 2869 3219; x_wconf 89' lang='grc' dir='ltr'>πάλιν</span> <span class='ocrx_word' id='word_1_447' title='bbox 2892 3165 3042 3218; x_wconf 80' lang='grc' dir='ltr'>οὐδέν</span> <span class='ocrx_word' id='word_1_448' title='bbox 3079 3183 3169 3236; x_wconf 90' lang='grc' dir='ltr'><strong>μοι</strong></span> <span class='ocrx_word' id='word_1_449' title='bbox 3192 3164 3512 3219; x_wconf 73' lang='grc' dir='ltr'>ἐλαττοῦται</span> <span class='ocrx_word' id='word_1_450' title='bbox 3558 3164 3587 3216; x_wconf 92' lang='lat'><strong>6</strong></span> <span class='ocrx_word' id='word_1_451' title='bbox 3612 3162 3697 3215; x_wconf 60' lang='grc' dir='ltr'><strong>λόπ</strong></span> 
     </span>
    </p>
   </div>
   <div class='ocr_carea' id='block_1_62' title="bbox 447 3253 2017 3333">
    <p class='ocr_par' dir='ltr' id='par_1_62' title="bbox 447 3259 2016 3332">
     <span class='ocr_line' id='line_1_62' title="bbox 447 3259 2016 3332; baseline 0.003 -21"><span class='ocrx_word' id='word_1_452' title='bbox 447 3277 467 3311; x_wconf 77' lang='grc' dir='ltr'><strong>ι</strong></span> <span class='ocrx_word' id='word_1_453' title='bbox 500 3259 797 3315; x_wconf 82' lang='lat' dir='ltr'><strong>Constituit</strong></span> <span class='ocrx_word' id='word_1_454' title='bbox 842 3262 1106 3316; x_wconf 86' lang='lat' dir='ltr'><strong>terminos</strong></span> <span class='ocrx_word' id='word_1_455' title='bbox 1165 3262 1486 3331; x_wconf 89' lang='lat' dir='ltr'><strong>populorum</strong></span> <span class='ocrx_word' id='word_1_456' title='bbox 1530 3261 1688 3332; x_wconf 83' lang='lat' dir='ltr'><strong>juxta</strong></span> <span class='ocrx_word' id='word_1_457' title='bbox 1729 3277 2016 3316; x_wconf 86' lang='lat' dir='ltr'><strong>numerum</strong></span> 
     </span>
    </p>
   </div>
   <div class='ocr_carea' id='block_1_63' title="bbox 2126 3253 3698 3333">
    <p class='ocr_par' dir='ltr' id='par_1_63' title="bbox 2126 3253 3698 3333">
     <span class='ocr_line' id='line_1_63' title="bbox 2126 3253 3698 3333; baseline -0.004 -18"><span class='ocrx_word' id='word_1_458' title='bbox 2126 3280 2234 3331; x_wconf 84' lang='grc' dir='ltr'>γος,</span> <span class='ocrx_word' id='word_1_459' title='bbox 2268 3263 2365 3333; x_wconf 77' lang='grc' dir='ltr'><strong>τὴν</strong></span> <span class='ocrx_word' id='word_1_460' title='bbox 2392 3262 2661 3332; x_wconf 84' lang='grc' dir='ltr'>ὑμετέραν</span> <span class='ocrx_word' id='word_1_461' title='bbox 2694 3258 2954 3329; x_wconf 80' lang='grc' dir='ltr'>ἐξήγησιν</span> <span class='ocrx_word' id='word_1_462' title='bbox 3005 3253 3176 3311; x_wconf 76' lang='grc' dir='ltr'>εἶπον.</span> <span class='ocrx_word' id='word_1_463' title='bbox 3230 3259 3342 3312; x_wconf 75' lang='grc' dir='ltr'><strong>Καὶ</strong></span> <span class='ocrx_word' id='word_1_464' title='bbox 3386 3259 3551 3328; x_wconf 79' lang='grc' dir='ltr'>ὑμεῖς</span> <span class='ocrx_word' id='word_1_465' title='bbox 3576 3257 3620 3309; x_wconf 69' lang='grc' dir='ltr'>δ’</span> <span class='ocrx_word' id='word_1_466' title='bbox 3652 3257 3698 3309; x_wconf 80' lang='grc' dir='ltr'>ει</span> 
     </span>
    </p>
   </div>
   <div class='ocr_carea' id='block_1_64' title="bbox 443 3344 2017 3423">
    <p class='ocr_par' dir='ltr' id='par_1_64' title="bbox 443 3351 2015 3423">
     <span class='ocr_line' id='line_1_64' title="bbox 443 3351 2015 3423; baseline 0.003 -20"><span class='ocrx_word' id='word_1_467' title='bbox 443 3351 763 3419; x_wconf 84' lang='lat' dir='ltr'><strong>angelorum</strong></span> <span class='ocrx_word' id='word_1_468' title='bbox 825 3352 974 3407; x_wconf 62' lang='lat' dir='ltr'><strong>Dei.)</strong></span> <span class='ocrx_word' id='word_1_469' title='bbox 1043 3352 1151 3407; x_wconf 89' lang='lat' dir='ltr'><strong>Sed</strong></span> <span class='ocrx_word' id='word_1_470' title='bbox 1212 3362 1451 3408; x_wconf 79' lang='lat' dir='ltr'><strong>vestram</strong></span> <span class='ocrx_word' id='word_1_471' title='bbox 1503 3353 2015 3423; x_wconf 85' lang='lat' dir='ltr'><strong>interpretationem</strong></span> 
     </span>
    </p>
   </div>
   <div class='ocr_carea' id='block_1_65' title="bbox 2126 3344 3698 3423">
    <p class='ocr_par' dir='ltr' id='par_1_65' title="bbox 2126 3344 3698 3422">
     <span class='ocr_line' id='line_1_65' title="bbox 2126 3344 3698 3422; baseline -0.005 -18"><span class='ocrx_word' id='word_1_472' title='bbox 2126 3351 2373 3422; x_wconf 82' lang='grc' dir='ltr'>βούλεσθε</span> <span class='ocrx_word' id='word_1_473' title='bbox 2407 3350 2514 3421; x_wconf 77' lang='grc'>(65)</span> <span class='ocrx_word' id='word_1_474' title='bbox 2547 3351 2645 3420; x_wconf 87' lang='grc' dir='ltr'><strong>τὴν</strong></span> <span class='ocrx_word' id='word_1_475' title='bbox 2684 3348 2939 3419; x_wconf 88' lang='grc' dir='ltr'>ἀλήθειαν</span> <span class='ocrx_word' id='word_1_476' title='bbox 2996 3346 3351 3416; x_wconf 79' lang='grc' dir='ltr'>ὁμολογῆσαι,</span> <span class='ocrx_word' id='word_1_477' title='bbox 3389 3348 3471 3400; x_wconf 83' lang='grc' dir='ltr'>ὅτι</span> <span class='ocrx_word' id='word_1_478' title='bbox 3510 3344 3698 3399; x_wconf 78' lang='grc' dir='ltr'>πιστό-</span> 
     </span>
    </p>
   </div>
   <div class='ocr_carea' id='block_1_66' title="bbox 443 3437 2017 3514">
    <p class='ocr_par' dir='ltr' id='par_1_66' title="bbox 443 3443 2017 3514">
     <span class='ocr_line' id='line_1_66' title="bbox 443 3443 2017 3514; baseline 0.003 -17"><span class='ocrx_word' id='word_1_479' title='bbox 443 3443 623 3507; x_wconf 88' lang='lat' dir='ltr'><strong>retuli,</strong></span> <span class='ocrx_word' id='word_1_480' title='bbox 659 3445 789 3514; x_wconf 89' lang='lat' dir='ltr'><strong>quia</strong></span> <span class='ocrx_word' id='word_1_481' title='bbox 819 3444 1041 3499; x_wconf 78' lang='lat' dir='ltr'><strong>nihilex</strong></span> <span class='ocrx_word' id='word_1_482' title='bbox 1076 3460 1140 3499; x_wconf 89' lang='lat' dir='ltr'><strong>ea</strong></span> <span class='ocrx_word' id='word_1_483' title='bbox 1182 3460 1241 3500; x_wconf 91' lang='lat' dir='ltr'><strong>re</strong></span> <span class='ocrx_word' id='word_1_484' title='bbox 1290 3446 1421 3500; x_wconf 91' lang='lat' dir='ltr'><strong>mihi</strong></span> <span class='ocrx_word' id='word_1_485' title='bbox 1479 3447 1822 3502; x_wconf 91' lang='lat' dir='ltr'><strong>imminuitur</strong></span> <span class='ocrx_word' id='word_1_486' title='bbox 1849 3448 2017 3501; x_wconf 88' lang='lat' dir='ltr'><strong>ratio-</strong></span> 
     </span>
    </p>
   </div>
   <div class='ocr_carea' id='block_1_67' title="bbox 2126 3437 3700 3514">
    <p class='ocr_par' dir='ltr' id='par_1_67' title="bbox 2126 3437 3700 3514">
     <span class='ocr_line' id='line_1_67' title="bbox 2126 3437 3700 3514; baseline -0.004 -19"><span class='ocrx_word' id='word_1_487' title='bbox 2126 3459 2263 3514; x_wconf 76' lang='grc' dir='ltr'>τεροι</span> <span class='ocrx_word' id='word_1_488' title='bbox 2293 3442 2428 3512; x_wconf 85' lang='grc' dir='ltr'>πρὸς</span> <span class='ocrx_word' id='word_1_489' title='bbox 2448 3442 2538 3494; x_wconf 86' lang='grc' dir='ltr'><strong>τὸν</strong></span> <span class='ocrx_word' id='word_1_490' title='bbox 2563 3441 2695 3494; x_wconf 85' lang='grc' dir='ltr'>Θεόν</span> <span class='ocrx_word' id='word_1_491' title='bbox 2728 3443 2913 3510; x_wconf 85' lang='grc' dir='ltr'>ὲσμεν,</span> <span class='ocrx_word' id='word_1_492' title='bbox 2950 3442 3141 3502; x_wconf 85' lang='grc' dir='ltr'>οἵτινες</span> <span class='ocrx_word' id='word_1_493' title='bbox 3171 3439 3258 3492; x_wconf 66' lang='grc' dir='ltr'><strong>διὰ</strong></span> <span class='ocrx_word' id='word_1_494' title='bbox 3287 3437 3383 3490; x_wconf 78' lang='grc' dir='ltr'><strong>τοῦ</strong></span> <span class='ocrx_word' id='word_1_495' title='bbox 3417 3437 3700 3506; x_wconf 79' lang='grc' dir='ltr'>ὲξουθενη·</span> 
     </span>
    </p>
   </div>
   <div class='ocr_carea' id='block_1_68' title="bbox 442 3535 2018 3602">
    <p class='ocr_par' dir='ltr' id='par_1_68' title="bbox 442 3535 2018 3602">
     <span class='ocr_line' id='line_1_68' title="bbox 442 3535 2018 3602; baseline 0.002 -13"><span class='ocrx_word' id='word_1_496' title='bbox 442 3536 664 3591; x_wconf 88' lang='lat' dir='ltr'><strong>cinatio.</strong></span> <span class='ocrx_word' id='word_1_497' title='bbox 689 3535 805 3592; x_wconf 81' lang='lat' dir='ltr'><strong>Vos</strong></span> <span class='ocrx_word' id='word_1_498' title='bbox 837 3545 1042 3600; x_wconf 89' lang='lat' dir='ltr'><strong>autem,</strong></span> <span class='ocrx_word' id='word_1_499' title='bbox 1069 3539 1116 3592; x_wconf 90' lang='lat' dir='ltr'><strong>si</strong></span> <span class='ocrx_word' id='word_1_500' title='bbox 1150 3553 1337 3591; x_wconf 87' lang='lat' dir='ltr'><strong>verum</strong></span> <span class='ocrx_word' id='word_1_501' title='bbox 1374 3538 1532 3594; x_wconf 81' lang='lat' dir='ltr'><strong>fateri</strong></span> <span class='ocrx_word' id='word_1_502' title='bbox 1560 3540 1748 3602; x_wconf 89' lang='lat' dir='ltr'><strong>vultis,</strong></span> <span class='ocrx_word' id='word_1_503' title='bbox 1782 3554 1887 3593; x_wconf 90' lang='lat' dir='ltr'><strong>non</strong></span> <span class='ocrx_word' id='word_1_504' title='bbox 1924 3553 2018 3592; x_wconf 82' lang='lat' dir='ltr'><strong>ne-</strong></span> 
     </span>
    </p>
   </div>
   <div class='ocr_carea' id='block_1_69' title="bbox 442 3625 2015 3700">
    <p class='ocr_par' dir='ltr' id='par_1_69' title="bbox 442 3625 2015 3700">
     <span class='ocr_line' id='line_1_69' title="bbox 442 3625 2015 3700; baseline 0.004 -23"><span class='ocrx_word' id='word_1_505' title='bbox 442 3625 639 3694; x_wconf 84' lang='lat' dir='ltr'><strong>gabitis</strong></span> <span class='ocrx_word' id='word_1_506' title='bbox 690 3641 815 3690; x_wconf 90' lang='lat' dir='ltr'><strong>nos,</strong></span> <span class='ocrx_word' id='word_1_507' title='bbox 859 3628 951 3697; x_wconf 93' lang='lat' dir='ltr'><strong>qui</strong></span> <span class='ocrx_word' id='word_1_508' title='bbox 1012 3641 1109 3697; x_wconf 89' lang='lat' dir='ltr'><strong>per</strong></span> <span class='ocrx_word' id='word_1_509' title='bbox 1145 3628 1421 3697; x_wconf 86' lang='lat' dir='ltr'><strong>ahjectum</strong></span> <span class='ocrx_word' id='word_1_510' title='bbox 1471 3638 1525 3685; x_wconf 89' lang='lat' dir='ltr'><strong>et</strong></span> <span class='ocrx_word' id='word_1_511' title='bbox 1566 3630 1753 3699; x_wconf 91' lang='lat' dir='ltr'><strong>probri</strong></span> <span class='ocrx_word' id='word_1_512' title='bbox 1795 3630 2015 3700; x_wconf 88' lang='lat' dir='ltr'><strong>plenum</strong></span> 
     </span>
    </p>
   </div>
   <div class='ocr_carea' id='block_1_70' title="bbox 439 3717 2015 3791">
    <p class='ocr_par' dir='ltr' id='par_1_70' title="bbox 439 3717 2015 3791">
     <span class='ocr_line' id='line_1_70' title="bbox 439 3717 2015 3791; baseline 0.004 -22"><span class='ocrx_word' id='word_1_513' title='bbox 439 3717 621 3771; x_wconf 88' lang='lat' dir='ltr'><strong>crucis</strong></span> <span class='ocrx_word' id='word_1_514' title='bbox 646 3719 960 3787; x_wconf 91' lang='lat' dir='ltr'><strong>mysterium</strong></span> <span class='ocrx_word' id='word_1_515' title='bbox 986 3733 1016 3772; x_wconf 92' lang='lat' dir='ltr'><strong>a</strong></span> <span class='ocrx_word' id='word_1_516' title='bbox 1045 3719 1155 3773; x_wconf 91' lang='lat' dir='ltr'><strong>Deo</strong></span> <span class='ocrx_word' id='word_1_517' title='bbox 1185 3721 1369 3773; x_wconf 86' lang='lat' dir='ltr'><strong>vocati</strong></span> <span class='ocrx_word' id='word_1_518' title='bbox 1406 3718 1660 3791; x_wconf 85' lang='lat' dir='ltr'><strong>(quorum</strong></span> <span class='ocrx_word' id='word_1_519' title='bbox 1685 3721 2015 3777; x_wconf 80' lang='lat' dir='ltr'><strong>confessioni</strong></span> 
     </span>
    </p>
   </div>
   <div class='ocr_carea' id='block_1_71' title="bbox 438 3809 2015 3882">
    <p class='ocr_par' dir='ltr' id='par_1_71' title="bbox 438 3809 2015 3882">
     <span class='ocr_line' id='line_1_71' title="bbox 438 3809 2015 3882; baseline 0.003 -19"><span class='ocrx_word' id='word_1_520' title='bbox 438 3818 495 3863; x_wconf 85' lang='lat' dir='ltr'><strong>et</strong></span> <span class='ocrx_word' id='word_1_521' title='bbox 523 3809 847 3864; x_wconf 69' lang='lat' dir='ltr'><strong>obedientiae</strong></span> <span class='ocrx_word' id='word_1_522' title='bbox 876 3820 933 3865; x_wconf 92' lang='lat' dir='ltr'><strong>et</strong></span> <span class='ocrx_word' id='word_1_523' title='bbox 953 3810 1140 3879; x_wconf 89' lang='lat' dir='ltr'><strong>pietati</strong></span> <span class='ocrx_word' id='word_1_524' title='bbox 1171 3813 1438 3882; x_wconf 88' lang='lat' dir='ltr'><strong>supplicia</strong></span> <span class='ocrx_word' id='word_1_525' title='bbox 1470 3812 1538 3867; x_wconf 90' lang='lat' dir='ltr'><strong>ad</strong></span> <span class='ocrx_word' id='word_1_526' title='bbox 1573 3822 1805 3869; x_wconf 91' lang='lat' dir='ltr'><strong>mortem</strong></span> <span class='ocrx_word' id='word_1_527' title='bbox 1846 3828 2015 3882; x_wconf 87' lang='lat' dir='ltr'><strong>usque</strong></span> 
     </span>
    </p>
   </div>
   <div class='ocr_carea' id='block_1_72' title="bbox 441 3903 2016 3978">
    <p class='ocr_par' dir='ltr' id='par_1_72' title="bbox 441 3903 2016 3978">
     <span class='ocr_line' id='line_1_72' title="bbox 441 3903 2016 3978; baseline 0.004 -23"><span class='ocrx_word' id='word_1_528' title='bbox 441 3915 473 3955; x_wconf 87' lang='lat' dir='ltr'><strong>a</strong></span> <span class='ocrx_word' id='word_1_529' title='bbox 505 3903 845 3957; x_wconf 77' lang='lat' dir='ltr'><strong>daemonibus</strong></span> <span class='ocrx_word' id='word_1_530' title='bbox 873 3910 927 3956; x_wconf 92' lang='lat' dir='ltr'><strong>et</strong></span> <span class='ocrx_word' id='word_1_531' title='bbox 953 3903 1200 3957; x_wconf 82' lang='lat' dir='ltr'><strong>exercitu</strong></span> <span class='ocrx_word' id='word_1_532' title='bbox 1226 3904 1425 3959; x_wconf 89' lang='lat' dir='ltr'><strong>diaboli</strong></span> <span class='ocrx_word' id='word_1_533' title='bbox 1458 3920 1555 3975; x_wconf 90' lang='lat' dir='ltr'><strong>per</strong></span> <span class='ocrx_word' id='word_1_534' title='bbox 1586 3908 2016 3978; x_wconf 82' lang='lat' dir='ltr'><strong>vestrum,quod</strong></span> 
     </span>
    </p>
   </div>
   <div class='ocr_carea' id='block_1_73' title="bbox 440 3992 2015 4069">
    <p class='ocr_par' dir='ltr' id='par_1_73' title="bbox 440 3992 2015 4069">
     <span class='ocr_line' id='line_1_73' title="bbox 440 3992 2015 4069; baseline 0.004 -23"><span class='ocrx_word' id='word_1_535' title='bbox 440 3992 551 4047; x_wconf 84' lang='lat' dir='ltr'><strong>iHis</strong></span> <span class='ocrx_word' id='word_1_536' title='bbox 598 3993 962 4059; x_wconf 84' lang='lat' dir='ltr'><strong>exhibuistis,</strong></span> <span class='ocrx_word' id='word_1_537' title='bbox 1015 3994 1381 4049; x_wconf 84' lang='lat' dir='ltr'><strong>ministerium</strong></span> <span class='ocrx_word' id='word_1_538' title='bbox 1442 3996 1782 4069; x_wconf 85' lang='lat' dir='ltr'><strong>inﬂiguntur)</strong></span> <span class='ocrx_word' id='word_1_539' title='bbox 1831 4001 2015 4053; x_wconf 86' lang='lat' dir='ltr'><strong>omnia</strong></span> 
     </span>
    </p>
   </div>
   <div class='ocr_carea' id='block_1_74' title="bbox 440 4084 2017 4161">
    <p class='ocr_par' dir='ltr' id='par_1_74' title="bbox 440 4084 2017 4161">
     <span class='ocr_line' id='line_1_74' title="bbox 440 4084 2017 4161; baseline 0.006 -24"><span class='ocrx_word' id='word_1_540' title='bbox 440 4084 771 4155; x_wconf 83' lang='lat' dir='ltr'><strong>perferimus</strong></span> <span class='ocrx_word' id='word_1_541' title='bbox 811 4100 879 4139; x_wconf 90' lang='lat' dir='ltr'><strong>ne</strong></span> <span class='ocrx_word' id='word_1_542' title='bbox 917 4085 1196 4141; x_wconf 88' lang='lat' dir='ltr'><strong>Christum</strong></span> <span class='ocrx_word' id='word_1_543' title='bbox 1229 4102 1367 4142; x_wconf 92' lang='lat' dir='ltr'><strong>voce</strong></span> <span class='ocrx_word' id='word_1_544' title='bbox 1399 4096 1556 4143; x_wconf 88' lang='lat' dir='ltr'><strong>tenus</strong></span> <span class='ocrx_word' id='word_1_545' title='bbox 1601 4105 1886 4159; x_wconf 84' lang='lat' dir='ltr'><strong>negemus,</strong></span> <span class='ocrx_word' id='word_1_546' title='bbox 1919 4107 2017 4161; x_wconf 90' lang='lat' dir='ltr'><strong>per</strong></span> 
     </span>
    </p>
   </div>
   <div class='ocr_carea' id='block_1_75' title="bbox 444 4178 2016 4247">
    <p class='ocr_par' dir='ltr' id='par_1_75' title="bbox 444 4178 2016 4247">
     <span class='ocr_line' id='line_1_75' title="bbox 444 4178 2016 4247; baseline 0.004 -18"><span class='ocrx_word' id='word_1_547' title='bbox 444 4192 610 4247; x_wconf 87' lang='lat' dir='ltr'><strong>quem</strong></span> <span class='ocrx_word' id='word_1_548' title='bbox 662 4178 730 4231; x_wconf 91' lang='lat' dir='ltr'><strong>ad</strong></span> <span class='ocrx_word' id='word_1_549' title='bbox 794 4188 1156 4247; x_wconf 74' lang='lat' dir='ltr'><strong>praeparatam</strong></span> <span class='ocrx_word' id='word_1_550' title='bbox 1187 4194 1219 4231; x_wconf 71' lang='grc' dir='ltr'><strong>ιι.</strong></span> <span class='ocrx_word' id='word_1_551' title='bbox 1256 4178 1420 4234; x_wconf 88' lang='lat' dir='ltr'><strong>Patre</strong></span> <span class='ocrx_word' id='word_1_552' title='bbox 1458 4181 1690 4236; x_wconf 87' lang='lat' dir='ltr'><strong>salutem</strong></span> <span class='ocrx_word' id='word_1_553' title='bbox 1719 4184 1898 4238; x_wconf 88' lang='lat' dir='ltr'><strong>vocati</strong></span> <span class='ocrx_word' id='word_1_554' title='bbox 1926 4198 2016 4238; x_wconf 88' lang='lat' dir='ltr'><strong>su-</strong></span> 
     </span>
    </p>
   </div>
   <div class='ocr_carea' id='block_1_76' title="bbox 441 4270 2012 4344">
    <p class='ocr_par' dir='ltr' id='par_1_76' title="bbox 441 4270 2012 4344">
     <span class='ocr_line' id='line_1_76' title="bbox 441 4270 2012 4344; baseline 0.004 -21"><span class='ocrx_word' id='word_1_555' title='bbox 441 4284 602 4324; x_wconf 87' lang='lat' dir='ltr'><strong>mus:</strong></span> <span class='ocrx_word' id='word_1_556' title='bbox 646 4285 769 4337; x_wconf 92' lang='lat' dir='ltr'><strong>nos,</strong></span> <span class='ocrx_word' id='word_1_557' title='bbox 797 4270 1045 4339; x_wconf 86' lang='lat' dir='ltr'><strong>inquam,</strong></span> <span class='ocrx_word' id='word_1_558' title='bbox 1081 4271 1349 4326; x_wconf 86' lang='lat' dir='ltr'><strong>ﬁdeliores</strong></span> <span class='ocrx_word' id='word_1_559' title='bbox 1378 4272 1491 4327; x_wconf 88' lang='lat' dir='ltr'><strong>Deo</strong></span> <span class='ocrx_word' id='word_1_560' title='bbox 1529 4288 1654 4330; x_wconf 88' lang='lat' dir='ltr'><strong>esse</strong></span> <span class='ocrx_word' id='word_1_561' title='bbox 1696 4291 1857 4344; x_wconf 90' lang='lat' dir='ltr'><strong>quam</strong></span> <span class='ocrx_word' id='word_1_562' title='bbox 1895 4291 2012 4342; x_wconf 85' lang='lat' dir='ltr'><strong>vos,</strong></span> 
     </span>
    </p>
   </div>
   <div class='ocr_carea' id='block_1_77' title="bbox 438 4361 2018 4439">
    <p class='ocr_par' dir='ltr' id='par_1_77' title="bbox 438 4361 2018 4439">
     <span class='ocr_line' id='line_1_77' title="bbox 438 4361 2018 4439; baseline 0.004 -25"><span class='ocrx_word' id='word_1_563' title='bbox 438 4362 531 4430; x_wconf 87' lang='lat' dir='ltr'><strong>qui</strong></span> <span class='ocrx_word' id='word_1_564' title='bbox 570 4361 623 4416; x_wconf 93' lang='lat' dir='ltr'><strong>in</strong></span> <span class='ocrx_word' id='word_1_565' title='bbox 648 4362 875 4417; x_wconf 88' lang='lat' dir='ltr'><strong>brachio</strong></span> <span class='ocrx_word' id='word_1_566' title='bbox 905 4364 1122 4418; x_wconf 80' lang='lat' dir='ltr'><strong>excelso</strong></span> <span class='ocrx_word' id='word_1_567' title='bbox 1176 4373 1231 4419; x_wconf 93' lang='lat' dir='ltr'><strong>et</strong></span> <span class='ocrx_word' id='word_1_568' title='bbox 1290 4365 1602 4420; x_wconf 86' lang='lat' dir='ltr'><strong>visitatione</strong></span> <span class='ocrx_word' id='word_1_569' title='bbox 1660 4382 1871 4436; x_wconf 65' lang='lat' dir='ltr'><strong>magna:</strong></span> <span class='ocrx_word' id='word_1_570' title='bbox 1900 4369 2018 4439; x_wconf 86' lang='lat' dir='ltr'><strong>glo-</strong></span> 
     </span>
    </p>
   </div>
   <div class='ocr_carea' id='block_1_78' title="bbox 2120 3535 3700 3615">
    <p class='ocr_par' dir='ltr' id='par_1_78' title="bbox 2120 3535 3700 3615">
     <span class='ocr_line' id='line_1_78' title="bbox 2120 3535 3700 3615; baseline -0.005 -18"><span class='ocrx_word' id='word_1_571' title='bbox 2120 3544 2282 3615; x_wconf 90' lang='grc' dir='ltr'>μένου</span> <span class='ocrx_word' id='word_1_572' title='bbox 2327 3543 2421 3597; x_wconf 71' lang='grc' dir='ltr'><strong>καὶ</strong></span> <span class='ocrx_word' id='word_1_573' title='bbox 2453 3540 2686 3604; x_wconf 86' lang='grc' dir='ltr'>ὀνείδους</span> <span class='ocrx_word' id='word_1_574' title='bbox 2735 3540 2933 3610; x_wconf 87' lang='grc' dir='ltr'>μεστοῦ</span> <span class='ocrx_word' id='word_1_575' title='bbox 2985 3540 3281 3611; x_wconf 70' lang='grc' dir='ltr'>μυστηρίου</span> <span class='ocrx_word' id='word_1_576' title='bbox 3328 3538 3422 3591; x_wconf 85' lang='grc' dir='ltr'><strong>τοῦ</strong></span> <span class='ocrx_word' id='word_1_577' title='bbox 3464 3535 3700 3609; x_wconf 73' lang='grc' dir='ltr'>σταυροῦ</span> 
     </span>
    </p>
   </div>
   <div class='ocr_carea' id='block_1_79' title="bbox 2117 3624 3701 3707">
    <p class='ocr_par' dir='ltr' id='par_1_79' title="bbox 2117 3624 3701 3707">
     <span class='ocr_line' id='line_1_79' title="bbox 2117 3624 3701 3707; baseline -0.004 -18"><span class='ocrx_word' id='word_1_578' title='bbox 2117 3635 2406 3707; x_wconf 85' lang='grc' dir='ltr'>κληθέντες</span> <span class='ocrx_word' id='word_1_579' title='bbox 2453 3633 2557 3685; x_wconf 86' lang='grc' dir='ltr'><strong>ὑπὸ</strong></span> <span class='ocrx_word' id='word_1_580' title='bbox 2600 3630 2694 3684; x_wconf 85' lang='grc' dir='ltr'><strong>τοῦ</strong></span> <span class='ocrx_word' id='word_1_581' title='bbox 2727 3631 2860 3684; x_wconf 83' lang='grc' dir='ltr'>Θεοῦ</span> <span class='ocrx_word' id='word_1_582' title='bbox 2908 3624 3002 3701; x_wconf 85' lang='grc' dir='ltr'><strong>(ὧν</strong></span> <span class='ocrx_word' id='word_1_583' title='bbox 3056 3632 3147 3684; x_wconf 76' lang='grc' dir='ltr'>καὶ</span> <span class='ocrx_word' id='word_1_584' title='bbox 3188 3634 3252 3701; x_wconf 85' lang='grc' dir='ltr'>τῇ</span> <span class='ocrx_word' id='word_1_585' title='bbox 3300 3631 3565 3703; x_wconf 69' lang='grc' dir='ltr'>ὁμολογία</span> <span class='ocrx_word' id='word_1_586' title='bbox 3609 3630 3701 3683; x_wconf 76' lang='grc' dir='ltr'>καὶ</span> 
     </span>
    </p>
   </div>
   <div class='ocr_carea' id='block_1_80' title="bbox 2114 3721 3697 3799">
    <p class='ocr_par' dir='ltr' id='par_1_80' title="bbox 2114 3721 3697 3799">
     <span class='ocr_line' id='line_1_80' title="bbox 2114 3721 3697 3799; baseline -0.005 -18"><span class='ocrx_word' id='word_1_587' title='bbox 2114 3731 2181 3799; x_wconf 83' lang='grc' dir='ltr'>τῇ</span> <span class='ocrx_word' id='word_1_588' title='bbox 2208 3728 2444 3796; x_wconf 81' lang='grc' dir='ltr'>ὑπακοῇ,</span> <span class='ocrx_word' id='word_1_589' title='bbox 2480 3724 2577 3778; x_wconf 74' lang='grc' dir='ltr'><strong>καὶ</strong></span> <span class='ocrx_word' id='word_1_590' title='bbox 2634 3726 2699 3794; x_wconf 81' lang='grc' dir='ltr'>τῇ</span> <span class='ocrx_word' id='word_1_591' title='bbox 2735 3722 3006 3794; x_wconf 77' lang='grc' dir='ltr'>εὐσεϐείᾳ,</span> <span class='ocrx_word' id='word_1_592' title='bbox 3055 3722 3303 3784; x_wconf 87' lang='grc' dir='ltr'>κολάσεις</span> <span class='ocrx_word' id='word_1_593' title='bbox 3340 3722 3502 3792; x_wconf 87' lang='grc' dir='ltr'>μέχρι</span> <span class='ocrx_word' id='word_1_594' title='bbox 3538 3721 3697 3774; x_wconf 82' lang='grc' dir='ltr'>θανά-</span> 
     </span>
    </p>
   </div>
   <div class='ocr_carea' id='block_1_81' title="bbox 2115 3809 3701 3887">
    <p class='ocr_par' dir='ltr' id='par_1_81' title="bbox 2115 3809 3701 3887">
     <span class='ocr_line' id='line_1_81' title="bbox 2115 3809 3701 3887; baseline -0.006 -15"><span class='ocrx_word' id='word_1_595' title='bbox 2115 3836 2207 3873; x_wconf 87' lang='grc' dir='ltr'><strong>του</strong></span> <span class='ocrx_word' id='word_1_596' title='bbox 2241 3818 2345 3870; x_wconf 86' lang='grc' dir='ltr'><strong>ὑπὸ</strong></span> <span class='ocrx_word' id='word_1_597' title='bbox 2372 3818 2480 3870; x_wconf 87' lang='grc' dir='ltr'><strong>τῶν</strong></span> <span class='ocrx_word' id='word_1_598' title='bbox 2507 3816 2797 3887; x_wconf 87' lang='grc' dir='ltr'>δαιμονίων</span> <span class='ocrx_word' id='word_1_599' title='bbox 2831 3814 2923 3866; x_wconf 67' lang='grc' dir='ltr'><strong>καὶ</strong></span> <span class='ocrx_word' id='word_1_600' title='bbox 2955 3814 3055 3881; x_wconf 75' lang='grc' dir='ltr'>τῆς</span> <span class='ocrx_word' id='word_1_601' title='bbox 3088 3814 3345 3882; x_wconf 80' lang='grc' dir='ltr'>στρατιᾶς</span> <span class='ocrx_word' id='word_1_602' title='bbox 3396 3810 3491 3864; x_wconf 89' lang='grc' dir='ltr'><strong>τοῦ</strong></span> <span class='ocrx_word' id='word_1_603' title='bbox 3525 3809 3701 3864; x_wconf 77' lang='grc' dir='ltr'>διαδό-</span> 
     </span>
    </p>
   </div>
   <div class='ocr_carea' id='block_1_82' title="bbox 2114 3903 3700 3980">
    <p class='ocr_par' dir='ltr' id='par_1_82' title="bbox 2114 3903 3700 3980">
     <span class='ocr_line' id='line_1_82' title="bbox 2114 3903 3700 3980; baseline -0.007 -15"><span class='ocrx_word' id='word_1_604' title='bbox 2114 3912 2205 3965; x_wconf 89' lang='grc' dir='ltr'><strong>λου</strong></span> <span class='ocrx_word' id='word_1_605' title='bbox 2231 3910 2318 3964; x_wconf 81' lang='grc' dir='ltr'>διὰ</span> <span class='ocrx_word' id='word_1_606' title='bbox 2347 3910 2448 3980; x_wconf 72' lang='grc' dir='ltr'>τῆς</span> <span class='ocrx_word' id='word_1_607' title='bbox 2478 3909 2566 3978; x_wconf 77' lang='grc' dir='ltr'><strong>ὑφ’</strong></span> <span class='ocrx_word' id='word_1_608' title='bbox 2602 3906 2755 3979; x_wconf 90' lang='grc' dir='ltr'>ὑμῶν</span> <span class='ocrx_word' id='word_1_609' title='bbox 2810 3904 3039 3967; x_wconf 79' lang='grc' dir='ltr'>ἐκείνοις</span> <span class='ocrx_word' id='word_1_610' title='bbox 3082 3903 3457 3973; x_wconf 87' lang='grc' dir='ltr'>γεγενημένης</span> <span class='ocrx_word' id='word_1_611' title='bbox 3493 3904 3700 3973; x_wconf 81' lang='grc' dir='ltr'>ὑπηρε-</span> 
     </span>
    </p>
   </div>
   <div class='ocr_carea' id='block_1_83' title="bbox 2118 3992 3699 4076">
    <p class='ocr_par' dir='ltr' id='par_1_83' title="bbox 2118 3992 3699 4076">
     <span class='ocr_line' id='line_1_83' title="bbox 2118 3992 3699 4076; baseline -0.008 -16"><span class='ocrx_word' id='word_1_612' title='bbox 2118 4007 2257 4071; x_wconf 88' lang='grc' dir='ltr'>σίας,</span> <span class='ocrx_word' id='word_1_613' title='bbox 2293 4001 2802 4076; x_wconf 80' lang='grc' dir='ltr'>προστετίμηνται),</span> <span class='ocrx_word' id='word_1_614' title='bbox 2835 3999 2995 4052; x_wconf 86' lang='grc' dir='ltr'>πάνθ’</span> <span class='ocrx_word' id='word_1_615' title='bbox 3044 3998 3384 4068; x_wconf 85' lang='grc' dir='ltr'>ὑπομένομεν</span> <span class='ocrx_word' id='word_1_616' title='bbox 3435 3997 3580 4067; x_wconf 61' lang='grc' dir='ltr'>ύπξρ</span> <span class='ocrx_word' id='word_1_617' title='bbox 3606 3992 3699 4047; x_wconf 85' lang='grc' dir='ltr'><strong>τοῦ</strong></span> 
     </span>
    </p>
   </div>
   <div class='ocr_carea' id='block_1_84' title="bbox 2119 4080 3702 4168">
    <p class='ocr_par' dir='ltr' id='par_1_84' title="bbox 2119 4080 3702 4168">
     <span class='ocr_line' id='line_1_84' title="bbox 2119 4080 3702 4168; baseline -0.009 -18"><span class='ocrx_word' id='word_1_618' title='bbox 2119 4098 2253 4168; x_wconf 85' lang='grc' dir='ltr'>μηδὲ</span> <span class='ocrx_word' id='word_1_619' title='bbox 2289 4096 2447 4167; x_wconf 82' lang='grc' dir='ltr'>μέχρι</span> <span class='ocrx_word' id='word_1_620' title='bbox 2472 4092 2652 4163; x_wconf 79' lang='grc' dir='ltr'>φωνῆς</span> <span class='ocrx_word' id='word_1_621' title='bbox 2673 4088 2950 4161; x_wconf 83' lang='grc' dir='ltr'>ἀρνεῖσθαι</span> <span class='ocrx_word' id='word_1_622' title='bbox 2975 4088 3066 4141; x_wconf 81' lang='grc' dir='ltr'><strong>τὸν</strong></span> <span class='ocrx_word' id='word_1_623' title='bbox 3085 4087 3338 4158; x_wconf 83' lang='grc' dir='ltr'>Χριστὸν,</span> <span class='ocrx_word' id='word_1_624' title='bbox 3369 4080 3518 4139; x_wconf 72' lang='grc' dir='ltr'>διὀἷι</span> <span class='ocrx_word' id='word_1_625' title='bbox 3550 4084 3702 4151; x_wconf 80' lang='grc' dir='ltr'>ἐκλή-</span> 
     </span>
    </p>
   </div>
   <div class='ocr_carea' id='block_1_85' title="bbox 2116 4172 3700 4261">
    <p class='ocr_par' dir='ltr' id='par_1_85' title="bbox 2116 4172 3700 4261">
     <span class='ocr_line' id='line_1_85' title="bbox 2116 4172 3700 4261; baseline -0.011 -19"><span class='ocrx_word' id='word_1_626' title='bbox 2116 4189 2181 4261; x_wconf 90' lang='grc' dir='ltr'><strong>θη</strong></span> <span class='ocrx_word' id='word_1_627' title='bbox 2194 4204 2288 4259; x_wconf 87' lang='grc' dir='ltr'><strong>μεν</strong></span> <span class='ocrx_word' id='word_1_628' title='bbox 2322 4190 2401 4250; x_wconf 86' lang='grc' dir='ltr'>εἰς</span> <span class='ocrx_word' id='word_1_629' title='bbox 2442 4184 2717 4254; x_wconf 88' lang='grc' dir='ltr'>σωτηρίαν</span> <span class='ocrx_word' id='word_1_630' title='bbox 2748 4183 2848 4253; x_wconf 76' lang='grc' dir='ltr'><strong>τὴν</strong></span> <span class='ocrx_word' id='word_1_631' title='bbox 2877 4179 3393 4252; x_wconf 83' lang='grc' dir='ltr'>προητοιμασμένην</span> <span class='ocrx_word' id='word_1_632' title='bbox 3422 4176 3578 4247; x_wconf 73' lang='grc' dir='ltr'>παρὰ</span> <span class='ocrx_word' id='word_1_633' title='bbox 3607 4172 3700 4226; x_wconf 83' lang='grc' dir='ltr'><strong>τοῦ</strong></span> 
     </span>
    </p>
   </div>
   <div class='ocr_carea' id='block_1_86' title="bbox 2116 4267 3701 4350">
    <p class='ocr_par' dir='ltr' id='par_1_86' title="bbox 2116 4267 3701 4350">
     <span class='ocr_line' id='line_1_86' title="bbox 2116 4267 3701 4350; baseline -0.012 -15"><span class='ocrx_word' id='word_1_634' title='bbox 2116 4282 2229 4335; x_wconf 87' lang='grc' dir='ltr'>Πατ</span> <span class='ocrx_word' id='word_1_635' title='bbox 2242 4281 2331 4350; x_wconf 86' lang='grc' dir='ltr'><strong>ρδς</strong></span> <span class='ocrx_word' id='word_1_636' title='bbox 2358 4282 2391 4349; x_wconf 81' lang='grc' dir='ltr'>ἠ</span> <span class='ocrx_word' id='word_1_637' title='bbox 2403 4278 2517 4349; x_wconf 83' lang='grc' dir='ltr'><strong>μῶν</strong></span> <span class='ocrx_word' id='word_1_638' title='bbox 2551 4276 2683 4347; x_wconf 73' lang='grc'><strong>(64),</strong></span> <span class='ocrx_word' id='word_1_639' title='bbox 2712 4274 2821 4327; x_wconf 90' lang='grc' dir='ltr'><strong>τῶν</strong></span> <span class='ocrx_word' id='word_1_640' title='bbox 2855 4277 2911 4326; x_wconf 81' lang='grc' dir='ltr'>ὲν</span> <span class='ocrx_word' id='word_1_641' title='bbox 2945 4272 3189 4343; x_wconf 78' lang='grc' dir='ltr'>βραχίονι</span> <span class='ocrx_word' id='word_1_642' title='bbox 3229 4267 3415 4338; x_wconf 71' lang='grc' dir='ltr'>ὑψηλῷ</span> <span class='ocrx_word' id='word_1_643' title='bbox 3452 4268 3552 4321; x_wconf 70' lang='grc' dir='ltr'><strong>καὶ</strong></span> <span class='ocrx_word' id='word_1_644' title='bbox 3582 4268 3701 4318; x_wconf 74' lang='grc' dir='ltr'>ἐπι-</span> 
     </span>
    </p>
   </div>
   <div class='ocr_carea' id='block_1_87' title="bbox 2120 4356 3699 4443">
    <p class='ocr_par' dir='ltr' id='par_1_87' title="bbox 2120 4356 3699 4443">
     <span class='ocr_line' id='line_1_87' title="bbox 2120 4356 3699 4443; baseline -0.011 -16"><span class='ocrx_word' id='word_1_645' title='bbox 2120 4376 2295 4443; x_wconf 83' lang='grc' dir='ltr'>σκοπῇ</span> <span class='ocrx_word' id='word_1_646' title='bbox 2335 4369 2577 4441; x_wconf 86' lang='grc' dir='ltr'>μεγάλης</span> <span class='ocrx_word' id='word_1_647' title='bbox 2635 4365 2792 4435; x_wconf 79' lang='grc' dir='ltr'>δόξης</span> <span class='ocrx_word' id='word_1_648' title='bbox 2834 4364 3216 4434; x_wconf 86' lang='grc' dir='ltr'>λυτρωθέντων</span> <span class='ocrx_word' id='word_1_649' title='bbox 3258 4360 3366 4411; x_wconf 83' lang='grc' dir='ltr'>ἀπὸ</span> <span class='ocrx_word' id='word_1_650' title='bbox 3396 4359 3497 4429; x_wconf 78' lang='grc' dir='ltr'>τῆς</span> <span class='ocrx_word' id='word_1_651' title='bbox 3530 4356 3699 4427; x_wconf 79' lang='grc' dir='ltr'>Αίγύ-</span> 
     </span>
    </p>
   </div>
   <div class='ocr_carea' id='block_1_88' title="bbox 438 4447 2017 4531">
    <p class='ocr_par' dir='ltr' id='par_1_88' title="bbox 438 4452 2015 4528">
     <span class='ocr_line' id='line_1_88' title="bbox 438 4452 2015 4528; baseline 0.006 -23"><span class='ocrx_word' id='word_1_652' title='bbox 438 4454 535 4507; x_wconf 68' lang='lat' dir='ltr'><strong>ria:</strong></span> <span class='ocrx_word' id='word_1_653' title='bbox 566 4452 729 4524; x_wconf 67' lang='grc'><strong>224</strong></span> <span class='ocrx_word' id='word_1_654' title='bbox 767 4455 1031 4525; x_wconf 89' lang='lat' dir='ltr'><strong>redempti</strong></span> <span class='ocrx_word' id='word_1_655' title='bbox 1087 4459 1219 4511; x_wconf 88' lang='lat' dir='ltr'><strong>estis</strong></span> <span class='ocrx_word' id='word_1_656' title='bbox 1251 4471 1318 4511; x_wconf 80' lang='lat' dir='ltr'><strong>ex</strong></span> <span class='ocrx_word' id='word_1_657' title='bbox 1376 4457 1647 4528; x_wconf 60' lang='lat' dir='ltr'><strong>.‘Egypto,</strong></span> <span class='ocrx_word' id='word_1_658' title='bbox 1702 4475 1823 4514; x_wconf 87' lang='lat' dir='ltr'><strong>cum</strong></span> <span class='ocrx_word' id='word_1_659' title='bbox 1862 4460 2015 4515; x_wconf 87' lang='lat' dir='ltr'><strong>vobis</strong></span> 
     </span>
    </p>
   </div>
   <div class='ocr_carea' id='block_1_89' title="bbox 2126 4447 3700 4531">
    <p class='ocr_par' dir='ltr' id='par_1_89' title="bbox 2126 4447 3700 4531">
     <span class='ocr_line' id='line_1_89' title="bbox 2126 4447 3700 4531; baseline -0.011 -13"><span class='ocrx_word' id='word_1_660' title='bbox 2126 4482 2274 4527; x_wconf 85' lang='grc' dir='ltr'>πτου,</span> <span class='ocrx_word' id='word_1_661' title='bbox 2307 4463 2582 4531; x_wconf 85' lang='grc' dir='ltr'>θαλάσσης</span> <span class='ocrx_word' id='word_1_662' title='bbox 2614 4463 2741 4531; x_wconf 85' lang='grc' dir='ltr'>ὑμῖν</span> <span class='ocrx_word' id='word_1_663' title='bbox 2774 4456 3093 4529; x_wconf 86' lang='grc' dir='ltr'>τμηθείσης,</span> <span class='ocrx_word' id='word_1_664' title='bbox 3126 4452 3220 4506; x_wconf 61' lang='grc' dir='ltr'><strong>καὶ⁵</strong></span> <span class='ocrx_word' id='word_1_665' title='bbox 3252 4451 3556 4521; x_wconf 81' lang='grc' dir='ltr'>γενομένης</span> <span class='ocrx_word' id='word_1_666' title='bbox 3577 4447 3700 4503; x_wconf 79' lang='grc' dir='ltr'>ὁδοῦ</span> 
     </span>
    </p>
   </div>
   <div class='ocr_carea' id='block_1_90' title="bbox 437 4534 2017 4629">
    <p class='ocr_par' dir='ltr' id='par_1_90' title="bbox 437 4547 2011 4623">
     <span class='ocr_line' id='line_1_90' title="bbox 437 4547 2011 4623; baseline 0.007 -26"><span class='ocrx_word' id='word_1_667' title='bbox 437 4559 589 4599; x_wconf 87' lang='lat' dir='ltr'><strong>mare</strong></span> <span class='ocrx_word' id='word_1_668' title='bbox 619 4547 851 4601; x_wconf 90' lang='lat' dir='ltr'><strong>divisum</strong></span> <span class='ocrx_word' id='word_1_669' title='bbox 884 4558 968 4602; x_wconf 88' lang='lat' dir='ltr'><strong>est</strong></span> <span class='ocrx_word' id='word_1_670' title='bbox 996 4564 1059 4603; x_wconf 92' lang='lat' dir='ltr'><strong>ac</strong></span> <span class='ocrx_word' id='word_1_671' title='bbox 1095 4549 1303 4604; x_wconf 89' lang='lat' dir='ltr'><strong>siccum</strong></span> <span class='ocrx_word' id='word_1_672' title='bbox 1362 4550 1466 4605; x_wconf 90' lang='lat' dir='ltr'><strong>iter</strong></span> <span class='ocrx_word' id='word_1_673' title='bbox 1503 4549 1777 4619; x_wconf 80' lang='lat' dir='ltr'><strong>eﬂ‘ectum,</strong></span> <span class='ocrx_word' id='word_1_674' title='bbox 1812 4553 1863 4607; x_wconf 91' lang='lat' dir='ltr'><strong>in</strong></span> <span class='ocrx_word' id='word_1_675' title='bbox 1904 4569 2011 4623; x_wconf 91' lang='lat' dir='ltr'><strong>quo</strong></span> 
     </span>
    </p>
   </div>
   <div class='ocr_carea' id='block_1_91' title="bbox 2126 4534 3701 4629">
    <p class='ocr_par' dir='ltr' id='par_1_91' title="bbox 2126 4544 3701 4629">
     <span class='ocr_line' id='line_1_91' title="bbox 2126 4544 3701 4629; baseline -0.012 -16"><span class='ocrx_word' id='word_1_676' title='bbox 2126 4558 2306 4629; x_wconf 79' lang='grc' dir='ltr'>Ξηρᾶς,</span> <span class='ocrx_word' id='word_1_677' title='bbox 2336 4558 2392 4609; x_wconf 84' lang='grc' dir='ltr'>ὲν</span> <span class='ocrx_word' id='word_1_678' title='bbox 2517 4555 2642 4617; x_wconf 78' lang='grc' dir='ltr'>τοὺς</span> <span class='ocrx_word' id='word_1_679' title='bbox 2697 4552 2990 4612; x_wconf 84' lang='grc' dir='ltr'>διώκοντας</span> <span class='ocrx_word' id='word_1_680' title='bbox 3034 4549 3176 4618; x_wconf 79' lang='grc' dir='ltr'>ὑμᾶς</span> <span class='ocrx_word' id='word_1_681' title='bbox 3227 4544 3364 4615; x_wconf 74' lang='grc' dir='ltr'>μετὰ</span> <span class='ocrx_word' id='word_1_682' title='bbox 3414 4545 3701 4613; x_wconf 85' lang='grc' dir='ltr'>δυνάμεως</span> 
     </span>
    </p>
   </div>
   <div class='ocr_carea' id='block_1_92' title="bbox 433 4634 2017 4719">
    <p class='ocr_par' dir='ltr' id='par_1_92' title="bbox 433 4638 2012 4711">
     <span class='ocr_line' id='line_1_92' title="bbox 433 4638 2012 4711; baseline 0.006 -21"><span class='ocrx_word' id='word_1_683' title='bbox 433 4649 552 4705; x_wconf 87' lang='lat' dir='ltr'><strong>eos,</strong></span> <span class='ocrx_word' id='word_1_684' title='bbox 589 4638 681 4706; x_wconf 91' lang='lat' dir='ltr'><strong>qui</strong></span> <span class='ocrx_word' id='word_1_685' title='bbox 736 4652 834 4693; x_wconf 81' lang='lat' dir='ltr'><strong>vos</strong></span> <span class='ocrx_word' id='word_1_686' title='bbox 895 4654 1021 4694; x_wconf 90' lang='lat' dir='ltr'><strong>cum</strong></span> <span class='ocrx_word' id='word_1_687' title='bbox 1083 4655 1280 4709; x_wconf 84' lang='lat' dir='ltr'><strong>magna</strong></span> <span class='ocrx_word' id='word_1_688' title='bbox 1350 4655 1581 4711; x_wconf 90' lang='lat' dir='ltr'><strong>prorsus</strong></span> <span class='ocrx_word' id='word_1_689' title='bbox 1633 4652 1904 4711; x_wconf 90' lang='lat' dir='ltr'><strong>potestate</strong></span> <span class='ocrx_word' id='word_1_690' title='bbox 1955 4653 2012 4700; x_wconf 90' lang='lat' dir='ltr'><strong>et</strong></span> 
     </span>
    </p>
   </div>
   <div class='ocr_carea' id='block_1_93' title="bbox 2126 4634 3700 4719">
    <p class='ocr_par' dir='ltr' id='par_1_93' title="bbox 2126 4634 3700 4719">
     <span class='ocr_line' id='line_1_93' title="bbox 2126 4634 3700 4719; baseline -0.011 -17"><span class='ocrx_word' id='word_1_691' title='bbox 2126 4648 2317 4719; x_wconf 80' lang='grc' dir='ltr'>πολλῆς</span> <span class='ocrx_word' id='word_1_692' title='bbox 2345 4649 2508 4710; x_wconf 88' lang='grc' dir='ltr'>πάνυ,</span> <span class='ocrx_word' id='word_1_693' title='bbox 2544 4647 2638 4698; x_wconf 73' lang='grc' dir='ltr'>καὶ</span> <span class='ocrx_word' id='word_1_694' title='bbox 2664 4644 2889 4709; x_wconf 79' lang='grc' dir='ltr'>ἐνδόξων</span> <span class='ocrx_word' id='word_1_695' title='bbox 2940 4641 3220 4711; x_wconf 83' lang='grc' dir='ltr'>ἁρμάτων,</span> <span class='ocrx_word' id='word_1_696' title='bbox 3265 4634 3566 4698; x_wconf 80' lang='grc' dir='ltr'>ἐπικλύσας</span> <span class='ocrx_word' id='word_1_697' title='bbox 3599 4635 3700 4688; x_wconf 83' lang='grc' dir='ltr'>αὑ-</span> 
     </span>
    </p>
   </div>
   <div class='ocr_carea' id='block_1_94' title="bbox 435 4728 2005 4802">
    <p class='ocr_par' dir='ltr' id='par_1_94' title="bbox 435 4728 2005 4802">
     <span class='ocr_line' id='line_1_94' title="bbox 435 4728 2005 4802; baseline 0.006 -21"><span class='ocrx_word' id='word_1_698' title='bbox 435 4728 736 4798; x_wconf 91' lang='lat' dir='ltr'><strong>splendidis</strong></span> <span class='ocrx_word' id='word_1_699' title='bbox 765 4732 1024 4787; x_wconf 91' lang='lat' dir='ltr'><strong>curribus</strong></span> <span class='ocrx_word' id='word_1_700' title='bbox 1064 4732 1567 4802; x_wconf 83' lang='lat' dir='ltr'><strong>persequebantur,</strong></span> <span class='ocrx_word' id='word_1_701' title='bbox 1603 4734 1805 4788; x_wconf 88' lang='lat' dir='ltr'><strong>occidit</strong></span> <span class='ocrx_word' id='word_1_702' title='bbox 1842 4736 2005 4800; x_wconf 89' lang='lat' dir='ltr'><strong>Deus,</strong></span> 
     </span>
    </p>
   </div>
   <div class='ocr_carea' id='block_1_95' title="bbox 433 4820 2007 4893">
    <p class='ocr_par' dir='ltr' id='par_1_95' title="bbox 433 4820 2007 4893">
     <span class='ocr_line' id='line_1_95' title="bbox 433 4820 2007 4893; baseline 0.004 -19"><span class='ocrx_word' id='word_1_703' title='bbox 433 4820 607 4877; x_wconf 76' lang='lat' dir='ltr'><strong>elfuso</strong></span> <span class='ocrx_word' id='word_1_704' title='bbox 642 4822 694 4876; x_wconf 89' lang='lat' dir='ltr'><strong>in</strong></span> <span class='ocrx_word' id='word_1_705' title='bbox 738 4838 833 4879; x_wconf 90' lang='lat' dir='ltr'><strong>eos</strong></span> <span class='ocrx_word' id='word_1_706' title='bbox 873 4825 1009 4878; x_wconf 91' lang='lat' dir='ltr'><strong>mari</strong></span> <span class='ocrx_word' id='word_1_707' title='bbox 1046 4828 1191 4893; x_wconf 90' lang='lat' dir='ltr'><strong>quod</strong></span> <span class='ocrx_word' id='word_1_708' title='bbox 1240 4834 1464 4893; x_wconf 90' lang='lat' dir='ltr'><strong>propter</strong></span> <span class='ocrx_word' id='word_1_709' title='bbox 1495 4839 1591 4879; x_wconf 87' lang='lat' dir='ltr'><strong>vos</strong></span> <span class='ocrx_word' id='word_1_710' title='bbox 1626 4825 1889 4880; x_wconf 87' lang='lat' dir='ltr'><strong>calcabile</strong></span> <span class='ocrx_word' id='word_1_711' title='bbox 1928 4826 2007 4880; x_wconf 84' lang='lat' dir='ltr'><strong>fa-</strong></span> 
     </span>
    </p>
   </div>
   <div class='ocr_carea' id='block_1_96' title="bbox 434 4917 2005 4988">
    <p class='ocr_par' dir='ltr' id='par_1_96' title="bbox 434 4917 2005 4988">
     <span class='ocr_line' id='line_1_96' title="bbox 434 4917 2005 4988; baseline 0.004 -20"><span class='ocrx_word' id='word_1_712' title='bbox 434 4922 582 4969; x_wconf 86' lang='lat' dir='ltr'><strong>ctum</strong></span> <span class='ocrx_word' id='word_1_713' title='bbox 624 4925 773 4984; x_wconf 89' lang='lat' dir='ltr'><strong>erat;</strong></span> <span class='ocrx_word' id='word_1_714' title='bbox 811 4931 973 4985; x_wconf 88' lang='lat' dir='ltr'><strong>quam</strong></span> <span class='ocrx_word' id='word_1_715' title='bbox 1018 4931 1137 4981; x_wconf 85' lang='lat' dir='ltr'><strong>vos,</strong></span> <span class='ocrx_word' id='word_1_716' title='bbox 1193 4917 1453 4987; x_wconf 90' lang='lat' dir='ltr'><strong>inquam,</strong></span> <span class='ocrx_word' id='word_1_717' title='bbox 1512 4918 1712 4988; x_wconf 88' lang='lat' dir='ltr'><strong>quibus</strong></span> <span class='ocrx_word' id='word_1_718' title='bbox 1751 4921 2005 4976; x_wconf 90' lang='lat' dir='ltr'><strong>columna</strong></span> 
     </span>
    </p>
   </div>
   <div class='ocr_carea' id='block_1_97' title="bbox 499 5068 1104 5137">
    <p class='ocr_par' dir='ltr' id='par_1_97' title="bbox 499 5068 1104 5137">
     <span class='ocr_line' id='line_1_97' title="bbox 499 5068 1104 5137; baseline 0 -15"><span class='ocrx_word' id='word_1_719' title='bbox 499 5068 546 5101; x_wconf 75' lang='lat'><strong>“</strong></span> <span class='ocrx_word' id='word_1_720' title='bbox 580 5068 738 5125; x_wconf 87' lang='lat' dir='ltr'><strong>Deut.</strong></span> <span class='ocrx_word' id='word_1_721' title='bbox 779 5086 949 5137; x_wconf 79' lang='lat' dir='ltr'><strong>xxx&quot;,</strong></span> <span class='ocrx_word' id='word_1_722' title='bbox 989 5070 1104 5124; x_wconf 81' lang='lat'><strong>7-9.</strong></span> 
     </span>
    </p>
   </div>
   <div class='ocr_carea' id='block_1_98' title="bbox 503 5218 2009 5297">
    <p class='ocr_par' dir='ltr' id='par_1_98' title="bbox 503 5218 2009 5297">
     <span class='ocr_line' id='line_1_98' title="bbox 503 5218 2009 5297; baseline -0.001 -18"><span class='ocrx_word' id='word_1_723' title='bbox 503 5224 612 5297; x_wconf 91' lang='lat'><strong>(60)</strong></span> <span class='ocrx_word' id='word_1_724' title='bbox 636 5225 765 5297; x_wconf 80' lang='lat' dir='ltr'><strong>Kal</strong></span> <span class='ocrx_word' id='word_1_725' title='bbox 816 5226 889 5297; x_wconf 54' lang='grc' dir='ltr'>τὰ</span> <span class='ocrx_word' id='word_1_726' title='bbox 936 5226 1098 5295; x_wconf 76' lang='grc' dir='ltr'>γένη.</span> <span class='ocrx_word' id='word_1_727' title='bbox 1131 5225 1442 5296; x_wconf 85' lang='lat' dir='ltr'><strong>Legendum</strong></span> <span class='ocrx_word' id='word_1_728' title='bbox 1475 5225 1614 5279; x_wconf 83' lang='grc' dir='ltr'>κατὰ</span> <span class='ocrx_word' id='word_1_729' title='bbox 1647 5218 1778 5295; x_wconf 81' lang='grc' dir='ltr'>γένη</span> <span class='ocrx_word' id='word_1_730' title='bbox 1824 5238 1921 5294; x_wconf 89' lang='lat' dir='ltr'><strong>per</strong></span> <span class='ocrx_word' id='word_1_731' title='bbox 1949 5238 2009 5278; x_wconf 91' lang='lat' dir='ltr'><strong>se</strong></span> 
     </span>
    </p>
   </div>
   <div class='ocr_carea' id='block_1_99' title="bbox 428 5296 1453 5368">
    <p class='ocr_par' dir='ltr' id='par_1_99' title="bbox 428 5296 1453 5368">
     <span class='ocr_line' id='line_1_99' title="bbox 428 5296 1453 5368; baseline 0.001 -20"><span class='ocrx_word' id='word_1_732' title='bbox 428 5296 599 5368; x_wconf 69' lang='lat' dir='ltr'><strong>patet,</strong></span> <span class='ocrx_word' id='word_1_733' title='bbox 634 5296 798 5368; x_wconf 72' lang='lat' dir='ltr'><strong>idque</strong></span> <span class='ocrx_word' id='word_1_734' title='bbox 828 5296 1112 5368; x_wconf 57' lang='lat' dir='ltr'><strong>Thirlhius</strong></span> <span class='ocrx_word' id='word_1_735' title='bbox 1145 5298 1453 5368; x_wconf 82' lang='lat' dir='ltr'><strong>admonuit.</strong></span> 
     </span>
    </p>
   </div>
   <div class='ocr_carea' id='block_1_100' title="bbox 500 5363 1998 5451">
    <p class='ocr_par' dir='ltr' id='par_1_100' title="bbox 500 5363 1998 5451">
     <span class='ocr_line' id='line_1_100' title="bbox 500 5363 1998 5451; baseline -0.003 -31"><span class='ocrx_word' id='word_1_736' title='bbox 500 5365 609 5451; x_wconf 71' lang='grc'><strong>(61)</strong></span> <span class='ocrx_word' id='word_1_737' title='bbox 648 5363 825 5451; x_wconf 55' lang='grc' dir='ltr'>Εζναε</span> <span class='ocrx_word' id='word_1_738' title='bbox 846 5367 955 5418; x_wconf 83' lang='grc' dir='ltr'>δεῖ.</span> <span class='ocrx_word' id='word_1_739' title='bbox 992 5366 1461 5451; x_wconf 37' lang='grc' dir='ltr'><strong>θΗέΒΟΪΕΓΒΟΠΙἸΠ</strong></span> <span class='ocrx_word' id='word_1_740' title='bbox 1506 5363 1846 5451; x_wconf 66' lang='grc' dir='ltr'>(τςιηδιι-ιιειῑρ</span> <span class='ocrx_word' id='word_1_741' title='bbox 1870 5363 1998 5451; x_wconf 48' lang='lat' dir='ltr'><strong>vgil-</strong></span> 
     </span>
    </p>
   </div>
   <div class='ocr_carea' id='block_1_101' title="bbox 427 5432 2003 5507">
    <p class='ocr_par' dir='ltr' id='par_1_101' title="bbox 427 5432 2003 5507">
     <span class='ocr_line' id='line_1_101' title="bbox 427 5432 2003 5507; baseline -0.004 -14"><span class='ocrx_word' id='word_1_742' title='bbox 427 5432 517 5493; x_wconf 81' lang='grc' dir='ltr'><strong>σαι</strong></span> <span class='ocrx_word' id='word_1_743' title='bbox 539 5432 767 5507; x_wconf 75' lang='grc' dir='ltr'>δύνασθε</span> <span class='ocrx_word' id='word_1_744' title='bbox 800 5437 947 5490; x_wconf 75' lang='grc' dir='ltr'>ὅτι...</span> <span class='ocrx_word' id='word_1_745' title='bbox 988 5436 1364 5507; x_wconf 86' lang='grc' dir='ltr'>διεσκόρπισε·</span> <span class='ocrx_word' id='word_1_746' title='bbox 1396 5440 1461 5490; x_wconf 81' lang='grc' dir='ltr'><strong>ὲκ</strong></span> <span class='ocrx_word' id='word_1_747' title='bbox 1491 5435 1704 5507; x_wconf 81' lang='grc' dir='ltr'>πάντων</span> <span class='ocrx_word' id='word_1_748' title='bbox 1736 5434 1801 5507; x_wconf 12' lang='grc' dir='ltr'>δὲᾷ</span> <span class='ocrx_word' id='word_1_749' title='bbox 1822 5432 2003 5487; x_wconf 87' lang='grc' dir='ltr'>λαϐὼν</span> 
     </span>
    </p>
   </div>
   <div class='ocr_carea' id='block_1_102' title="bbox 427 5504 2001 5572">
    <p class='ocr_par' dir='ltr' id='par_1_102' title="bbox 427 5504 2001 5572">
     <span class='ocr_line' id='line_1_102' title="bbox 427 5504 2001 5572; baseline -0.004 -10"><span class='ocrx_word' id='word_1_750' title='bbox 427 5504 649 5562; x_wconf 85' lang='grc' dir='ltr'>...εἶναι</span> <span class='ocrx_word' id='word_1_751' title='bbox 681 5507 781 5571; x_wconf 89' lang='grc' dir='ltr'>δεῖ,</span> <span class='ocrx_word' id='word_1_752' title='bbox 818 5508 1043 5559; x_wconf 90' lang='lat' dir='ltr'><strong>minime</strong></span> <span class='ocrx_word' id='word_1_753' title='bbox 1068 5504 1320 5561; x_wconf 81' lang='lat' dir='ltr'><strong>accurata</strong></span> <span class='ocrx_word' id='word_1_754' title='bbox 1344 5517 1446 5570; x_wconf 90' lang='lat' dir='ltr'><strong>est,</strong></span> <span class='ocrx_word' id='word_1_755' title='bbox 1474 5506 1565 5559; x_wconf 86' lang='lat' dir='ltr'><strong>sed</strong></span> <span class='ocrx_word' id='word_1_756' title='bbox 1594 5505 1858 5572; x_wconf 79' lang='lat' dir='ltr'><strong>exemplis</strong></span> <span class='ocrx_word' id='word_1_757' title='bbox 1892 5518 2001 5556; x_wconf 88' lang='lat' dir='ltr'><strong>non</strong></span> 
     </span>
    </p>
   </div>
   <div class='ocr_carea' id='block_1_103' title="bbox 426 5575 1998 5644">
    <p class='ocr_par' dir='ltr' id='par_1_103' title="bbox 426 5575 1998 5644">
     <span class='ocr_line' id='line_1_103' title="bbox 426 5575 1998 5644; baseline -0.004 -13"><span class='ocrx_word' id='word_1_758' title='bbox 426 5587 578 5633; x_wconf 88' lang='lat' dir='ltr'><strong>caret</strong></span> <span class='ocrx_word' id='word_1_759' title='bbox 620 5580 762 5642; x_wconf 83' lang='lat' dir='ltr'><strong>apud</strong></span> <span class='ocrx_word' id='word_1_760' title='bbox 806 5575 1106 5641; x_wconf 82' lang='lat' dir='ltr'><strong>.Iustinum,</strong></span> <span class='ocrx_word' id='word_1_761' title='bbox 1148 5586 1205 5629; x_wconf 89' lang='grc' dir='ltr'><strong>ιιι</strong></span> <span class='ocrx_word' id='word_1_762' title='bbox 1242 5577 1353 5644; x_wconf 88' lang='lat' dir='ltr'><strong>jam</strong></span> <span class='ocrx_word' id='word_1_763' title='bbox 1383 5592 1491 5630; x_wconf 89' lang='lat' dir='ltr'><strong>non</strong></span> <span class='ocrx_word' id='word_1_764' title='bbox 1538 5575 1702 5627; x_wconf 89' lang='lat' dir='ltr'><strong>semel</strong></span> <span class='ocrx_word' id='word_1_765' title='bbox 1734 5579 1998 5644; x_wconf 64' lang='lat' dir='ltr'><strong>observa-</strong></span> 
     </span>
    </p>
   </div>
   <div class='ocr_carea' id='block_1_104' title="bbox 427 5642 1997 5715">
    <p class='ocr_par' dir='ltr' id='par_1_104' title="bbox 427 5642 1997 5715">
     <span class='ocr_line' id='line_1_104' title="bbox 427 5642 1997 5715; baseline -0.002 -17"><span class='ocrx_word' id='word_1_766' title='bbox 427 5650 627 5702; x_wconf 81' lang='lat' dir='ltr'><strong>vimus.</strong></span> <span class='ocrx_word' id='word_1_767' title='bbox 655 5646 779 5701; x_wconf 72' lang='lat' dir='ltr'><strong>Vid.</strong></span> <span class='ocrx_word' id='word_1_768' title='bbox 810 5645 966 5715; x_wconf 80' lang='lat' dir='ltr'><strong>Apol.</strong></span> <span class='ocrx_word' id='word_1_769' title='bbox 1002 5663 1040 5707; x_wconf 89' lang='grc' dir='ltr'><strong>ι,</strong></span> <span class='ocrx_word' id='word_1_770' title='bbox 1091 5663 1143 5699; x_wconf 91' lang='lat' dir='ltr'><strong>n.</strong></span> <span class='ocrx_word' id='word_1_771' title='bbox 1170 5642 1327 5701; x_wconf 55' lang='lat' dir='ltr'><strong>Silet</strong></span> <span class='ocrx_word' id='word_1_772' title='bbox 1372 5647 1460 5713; x_wconf 90' lang='grc'><strong>61,</strong></span> <span class='ocrx_word' id='word_1_773' title='bbox 1496 5654 1550 5700; x_wconf 91' lang='lat' dir='ltr'><strong>et</strong></span> <span class='ocrx_word' id='word_1_774' title='bbox 1583 5645 1794 5715; x_wconf 83' lang='lat' dir='ltr'><strong>Dialog.</strong></span> <span class='ocrx_word' id='word_1_775' title='bbox 1825 5661 1877 5696; x_wconf 87' lang='grc' dir='ltr'><strong>ιι.</strong></span> <span class='ocrx_word' id='word_1_776' title='bbox 1905 5642 1997 5705; x_wconf 89' lang='lat'><strong>88,</strong></span> 
     </span>
    </p>
   </div>
   <div class='ocr_carea' id='block_1_105' title="bbox 427 5713 1998 5783">
    <p class='ocr_par' dir='ltr' id='par_1_105' title="bbox 427 5713 1998 5783">
     <span class='ocr_line' id='line_1_105' title="bbox 427 5713 1998 5783; baseline -0.004 -13"><span class='ocrx_word' id='word_1_777' title='bbox 427 5717 691 5779; x_wconf 84' lang='grc'><strong>101,105</strong></span> <span class='ocrx_word' id='word_1_778' title='bbox 731 5726 787 5770; x_wconf 87' lang='lat' dir='ltr'><strong>et</strong></span> <span class='ocrx_word' id='word_1_779' title='bbox 828 5713 951 5777; x_wconf 89' lang='grc'><strong>110,</strong></span> <span class='ocrx_word' id='word_1_780' title='bbox 1018 5716 1107 5769; x_wconf 89' lang='lat' dir='ltr'><strong>Sic</strong></span> <span class='ocrx_word' id='word_1_781' title='bbox 1156 5718 1318 5770; x_wconf 82' lang='lat' dir='ltr'><strong>etiam</strong></span> <span class='ocrx_word' id='word_1_782' title='bbox 1363 5718 1498 5770; x_wconf 82' lang='lat' dir='ltr'><strong>infra</strong></span> <span class='ocrx_word' id='word_1_783' title='bbox 1546 5733 1602 5769; x_wconf 84' lang='grc' dir='ltr'><strong>ιι.</strong></span> <span class='ocrx_word' id='word_1_784' title='bbox 1647 5713 1998 5783; x_wconf 68' lang='grc' dir='ltr'>14οι¹¹Απερ</span> 
     </span>
    </p>
   </div>
   <div class='ocr_carea' id='block_1_106' title="bbox 426 5787 1606 5859">
    <p class='ocr_par' dir='ltr' id='par_1_106' title="bbox 426 5787 1606 5859">
     <span class='ocr_line' id='line_1_106' title="bbox 426 5787 1606 5859; baseline -0.003 -19"><span class='ocrx_word' id='word_1_785' title='bbox 426 5790 582 5859; x_wconf 75' lang='grc' dir='ltr'>ἡμεῖς</span> <span class='ocrx_word' id='word_1_786' title='bbox 615 5789 784 5859; x_wconf 73' lang='grc' dir='ltr'>ὄντες,</span> <span class='ocrx_word' id='word_1_787' title='bbox 823 5788 1057 5859; x_wconf 85' lang='grc' dir='ltr'>συνιέναι</span> <span class='ocrx_word' id='word_1_788' title='bbox 1079 5787 1247 5859; x_wconf 3' lang='grc' dir='ltr'>,ὑμεῖς</span> <span class='ocrx_word' id='word_1_789' title='bbox 1280 5789 1336 5838; x_wconf 80' lang='grc' dir='ltr'><strong>οὑ</strong></span> <span class='ocrx_word' id='word_1_790' title='bbox 1360 5787 1606 5859; x_wconf 72' lang='grc' dir='ltr'>δύνασθε.</span> 
     </span>
    </p>
   </div>
   <div class='ocr_carea' id='block_1_107' title="bbox 489 5854 1999 5935">
    <p class='ocr_par' dir='ltr' id='par_1_107' title="bbox 489 5854 1999 5935">
     <span class='ocr_line' id='line_1_107' title="bbox 489 5854 1999 5935; baseline -0.003 -20"><span class='ocrx_word' id='word_1_791' title='bbox 489 5860 607 5935; x_wconf 48' lang='grc' dir='ltr'>ίϐἳ)</span> <span class='ocrx_word' id='word_1_792' title='bbox 644 5858 745 5915; x_wconf 77' lang='lat' dir='ltr'><strong>Kal</strong></span> <span class='ocrx_word' id='word_1_793' title='bbox 782 5858 895 5926; x_wconf 76' lang='grc' dir='ltr'><strong>τὴν</strong></span> <span class='ocrx_word' id='word_1_794' title='bbox 954 5854 1164 5926; x_wconf 58' lang='grc' dir='ltr'>ὁμοῖαι*</span> <span class='ocrx_word' id='word_1_795' title='bbox 1218 5859 1547 5925; x_wconf 76' lang='grc' dir='ltr'>ὀνομασίαι·</span> <span class='ocrx_word' id='word_1_796' title='bbox 1580 5856 1846 5910; x_wconf 75' lang='grc' dir='ltr'>δίδωσιι·.</span> <span class='ocrx_word' id='word_1_797' title='bbox 1897 5854 1999 5910; x_wconf 89' lang='lat' dir='ltr'><strong>Le-</strong></span> 
     </span>
    </p>
   </div>
   <div class='ocr_carea' id='block_1_108' title="bbox 2113 4724 3700 4807">
    <p class='ocr_par' dir='ltr' id='par_1_108' title="bbox 2113 4724 3700 4807">
     <span class='ocr_line' id='line_1_108' title="bbox 2113 4724 3700 4807; baseline -0.011 -16"><span class='ocrx_word' id='word_1_798' title='bbox 2113 4741 2224 4802; x_wconf 81' lang='grc' dir='ltr'>τοῖς</span> <span class='ocrx_word' id='word_1_799' title='bbox 2245 4736 2345 4807; x_wconf 77' lang='grc' dir='ltr'>τὴν</span> <span class='ocrx_word' id='word_1_800' title='bbox 2382 4736 2448 4787; x_wconf 85' lang='grc' dir='ltr'>δι’</span> <span class='ocrx_word' id='word_1_801' title='bbox 2473 4735 2619 4805; x_wconf 85' lang='grc' dir='ltr'>ὑμᾶς</span> <span class='ocrx_word' id='word_1_802' title='bbox 2650 4730 3056 4801; x_wconf 86' lang='grc' dir='ltr'>ὁδοποιηθεῖσαν</span> <span class='ocrx_word' id='word_1_803' title='bbox 3087 4726 3381 4787; x_wconf 86' lang='grc' dir='ltr'>θάλασσαν,</span> <span class='ocrx_word' id='word_1_804' title='bbox 3442 4724 3700 4775; x_wconf 83' lang='grc' dir='ltr'>ἀπέκτει-</span> 
     </span>
    </p>
   </div>
   <div class='ocr_carea' id='block_1_109' title="bbox 2114 4811 3701 4890">
    <p class='ocr_par' dir='ltr' id='par_1_109' title="bbox 2114 4811 3701 4890">
     <span class='ocr_line' id='line_1_109' title="bbox 2114 4811 3701 4890; baseline -0.013 -8"><span class='ocrx_word' id='word_1_805' title='bbox 2114 4846 2221 4882; x_wconf 91' lang='grc' dir='ltr'>νεν·</span> <span class='ocrx_word' id='word_1_806' title='bbox 2258 4823 2338 4890; x_wconf 80' lang='grc' dir='ltr'><strong>οἷς</strong></span> <span class='ocrx_word' id='word_1_807' title='bbox 2371 4824 2465 4879; x_wconf 68' lang='grc' dir='ltr'>καὶ</span> <span class='ocrx_word' id='word_1_808' title='bbox 2524 4822 2713 4886; x_wconf 84' lang='grc' dir='ltr'>στῦλος</span> <span class='ocrx_word' id='word_1_809' title='bbox 2746 4821 2922 4889; x_wconf 77' lang='grc' dir='ltr'>φωτὸς</span> <span class='ocrx_word' id='word_1_810' title='bbox 2955 4818 3214 4887; x_wconf 79' lang='grc' dir='ltr'>ἔλαμπεν,</span> <span class='ocrx_word' id='word_1_811' title='bbox 3266 4815 3352 4866; x_wconf 85' lang='grc' dir='ltr'><strong>ἴνα</strong></span> <span class='ocrx_word' id='word_1_812' title='bbox 3405 4813 3501 4865; x_wconf 75' lang='grc' dir='ltr'>καὶ</span> <span class='ocrx_word' id='word_1_813' title='bbox 3547 4811 3701 4882; x_wconf 56' lang='grc' dir='ltr'>παρα</span> 
     </span>
    </p>
   </div>
   <div class='ocr_carea' id='block_1_110' title="bbox 2111 4902 3700 4978">
    <p class='ocr_par' dir='ltr' id='par_1_110' title="bbox 2111 4902 3700 4978">
     <span class='ocr_line' id='line_1_110' title="bbox 2111 4902 3700 4978; baseline -0.013 -5"><span class='ocrx_word' id='word_1_814' title='bbox 2111 4920 2202 4975; x_wconf 85' lang='grc' dir='ltr'><strong>τὸν</strong></span> <span class='ocrx_word' id='word_1_815' title='bbox 2231 4920 2406 4973; x_wconf 84' lang='grc' dir='ltr'>πάντα</span> <span class='ocrx_word' id='word_1_816' title='bbox 2426 4915 2582 4971; x_wconf 81' lang='grc' dir='ltr'>ἄλλον</span> <span class='ocrx_word' id='word_1_817' title='bbox 2608 4913 2732 4967; x_wconf 85' lang='grc' dir='ltr'>λαὸν</span> <span class='ocrx_word' id='word_1_818' title='bbox 2756 4913 2845 4964; x_wconf 87' lang='grc' dir='ltr'><strong>τὸν</strong></span> <span class='ocrx_word' id='word_1_819' title='bbox 2872 4913 2929 4963; x_wconf 83' lang='grc' dir='ltr'><strong>ὲν</strong></span> <span class='ocrx_word' id='word_1_820' title='bbox 2947 4908 3024 4978; x_wconf 82' lang='grc' dir='ltr'>τῷ</span> <span class='ocrx_word' id='word_1_821' title='bbox 3049 4908 3260 4978; x_wconf 84' lang='grc' dir='ltr'>κόσμῳ,</span> <span class='ocrx_word' id='word_1_822' title='bbox 3287 4905 3401 4976; x_wconf 77' lang='grc' dir='ltr'>ἰδίῳ</span> <span class='ocrx_word' id='word_1_823' title='bbox 3430 4906 3523 4958; x_wconf 71' lang='grc' dir='ltr'><strong>καὶ</strong></span> <span class='ocrx_word' id='word_1_824' title='bbox 3554 4902 3700 4957; x_wconf 87' lang='grc' dir='ltr'>ἀνελ-</span> 
     </span>
    </p>
   </div>
   <div class='ocr_carea' id='block_1_111' title="bbox 2118 5213 3698 5291">
    <p class='ocr_par' dir='ltr' id='par_1_111' title="bbox 2118 5213 3698 5291">
     <span class='ocr_line' id='line_1_111' title="bbox 2118 5213 3698 5291; baseline -0.006 -16"><span class='ocrx_word' id='word_1_825' title='bbox 2118 5220 2349 5291; x_wconf 85' lang='lat' dir='ltr'><strong>gendum</strong></span> <span class='ocrx_word' id='word_1_826' title='bbox 2379 5220 2438 5291; x_wconf 81' lang='grc' dir='ltr'><strong>οὑ</strong></span> <span class='ocrx_word' id='word_1_827' title='bbox 2461 5215 2712 5291; x_wconf 43' lang='grc' dir='ltr'>δίδωσινη</span> <span class='ocrx_word' id='word_1_828' title='bbox 2732 5215 2868 5271; x_wconf 85' lang='lat' dir='ltr'><strong>Hinc</strong></span> <span class='ocrx_word' id='word_1_829' title='bbox 2906 5216 3053 5291; x_wconf 71' lang='lat' dir='ltr'><strong>enim</strong></span> <span class='ocrx_word' id='word_1_830' title='bbox 3097 5225 3205 5270; x_wconf 86' lang='lat' dir='ltr'><strong>teta</strong></span> <span class='ocrx_word' id='word_1_831' title='bbox 3235 5214 3437 5282; x_wconf 78' lang='lat' dir='ltr'><strong>pendet</strong></span> <span class='ocrx_word' id='word_1_832' title='bbox 3464 5213 3698 5291; x_wconf 76' lang='lat' dir='ltr'><strong>ratioci-</strong></span> 
     </span>
    </p>
   </div>
   <div class='ocr_carea' id='block_1_112' title="bbox 2114 5285 3695 5357">
    <p class='ocr_par' dir='ltr' id='par_1_112' title="bbox 2114 5285 3695 5357">
     <span class='ocr_line' id='line_1_112' title="bbox 2114 5285 3695 5357; baseline -0.007 -12"><span class='ocrx_word' id='word_1_833' title='bbox 2114 5285 2265 5345; x_wconf 67' lang='lat' dir='ltr'><strong>natio</strong></span> <span class='ocrx_word' id='word_1_834' title='bbox 2290 5290 2506 5355; x_wconf 84' lang='lat' dir='ltr'><strong>Justini,</strong></span> <span class='ocrx_word' id='word_1_835' title='bbox 2570 5289 2714 5357; x_wconf 87' lang='lat' dir='ltr'><strong>quod</strong></span> <span class='ocrx_word' id='word_1_836' title='bbox 2773 5287 3004 5354; x_wconf 89' lang='lat' dir='ltr'><strong>populus</strong></span> <span class='ocrx_word' id='word_1_837' title='bbox 3037 5298 3091 5339; x_wconf 88' lang='lat' dir='ltr'><strong>et</strong></span> <span class='ocrx_word' id='word_1_838' title='bbox 3134 5296 3323 5353; x_wconf 83' lang='lat' dir='ltr'><strong>gentes</strong></span> <span class='ocrx_word' id='word_1_839' title='bbox 3366 5285 3695 5357; x_wconf 69' lang='lat' dir='ltr'><strong>nominatim</strong></span> 
     </span>
    </p>
   </div>
   <div class='ocr_carea' id='block_1_113' title="bbox 2111 5352 3694 5429">
    <p class='ocr_par' dir='ltr' id='par_1_113' title="bbox 2111 5352 3694 5429">
     <span class='ocr_line' id='line_1_113' title="bbox 2111 5352 3694 5429; baseline -0.006 -15"><span class='ocrx_word' id='word_1_840' title='bbox 2111 5352 2541 5429; x_wconf 84' lang='lat' dir='ltr'><strong>distinguantur,</strong></span> <span class='ocrx_word' id='word_1_841' title='bbox 2587 5352 2671 5429; x_wconf 77' lang='lat' dir='ltr'><strong>et</strong></span> <span class='ocrx_word' id='word_1_842' title='bbox 2704 5352 2946 5429; x_wconf 82' lang='lat' dir='ltr'><strong>gentium</strong></span> <span class='ocrx_word' id='word_1_843' title='bbox 2997 5352 3215 5429; x_wconf 76' lang='lat' dir='ltr'><strong>nomen,</strong></span> <span class='ocrx_word' id='word_1_844' title='bbox 3267 5368 3405 5429; x_wconf 74' lang='lat' dir='ltr'><strong>quas</strong></span> <span class='ocrx_word' id='word_1_845' title='bbox 3437 5352 3587 5429; x_wconf 68' lang='lat' dir='ltr'><strong>Deus</strong></span> <span class='ocrx_word' id='word_1_846' title='bbox 3626 5355 3694 5405; x_wconf 81' lang='lat' dir='ltr'><strong>ad</strong></span> 
     </span>
    </p>
   </div>
   <div class='ocr_carea' id='block_1_114' title="bbox 2108 5423 3697 5499">
    <p class='ocr_par' dir='ltr' id='par_1_114' title="bbox 2108 5423 3697 5499">
     <span class='ocr_line' id='line_1_114' title="bbox 2108 5423 3697 5499; baseline -0.007 -16"><span class='ocrx_word' id='word_1_847' title='bbox 2108 5423 2488 5499; x_wconf 63' lang='lat' dir='ltr'><strong>paenitentiam</strong></span> <span class='ocrx_word' id='word_1_848' title='bbox 2524 5423 2773 5499; x_wconf 59' lang='lat' dir='ltr'><strong>vocabat,</strong></span> <span class='ocrx_word' id='word_1_849' title='bbox 2824 5427 2882 5499; x_wconf 77' lang='lat' dir='ltr'><strong>in</strong></span> <span class='ocrx_word' id='word_1_850' title='bbox 2946 5423 3559 5499; x_wconf 78' lang='lat' dir='ltr'><strong>opprobrium_Jndaici</strong></span> <span class='ocrx_word' id='word_1_851' title='bbox 3594 5438 3697 5491; x_wconf 79' lang='lat' dir='ltr'><strong>po-</strong></span> 
     </span>
    </p>
   </div>
   <div class='ocr_carea' id='block_1_115' title="bbox 2106 5494 3696 5570">
    <p class='ocr_par' dir='ltr' id='par_1_115' title="bbox 2106 5494 3696 5570">
     <span class='ocr_line' id='line_1_115' title="bbox 2106 5494 3696 5570; baseline -0.005 -19"><span class='ocrx_word' id='word_1_852' title='bbox 2106 5494 2241 5568; x_wconf 80' lang='lat' dir='ltr'><strong>puli,</strong></span> <span class='ocrx_word' id='word_1_853' title='bbox 2270 5515 2442 5570; x_wconf 84' lang='lat' dir='ltr'><strong>quem</strong></span> <span class='ocrx_word' id='word_1_854' title='bbox 2461 5499 2610 5570; x_wconf 86' lang='lat' dir='ltr'><strong>Deus</strong></span> <span class='ocrx_word' id='word_1_855' title='bbox 2631 5497 2934 5570; x_wconf 78' lang='lat' dir='ltr'><strong>rejiciebat,</strong></span> <span class='ocrx_word' id='word_1_856' title='bbox 2964 5494 3275 5570; x_wconf 62' lang='lat' dir='ltr'><strong>usui-pett”.</strong></span> <span class='ocrx_word' id='word_1_857' title='bbox 3306 5494 3534 5570; x_wconf 76' lang='lat' dir='ltr'><strong>Frustra</strong></span> <span class='ocrx_word' id='word_1_858' title='bbox 3552 5506 3696 5570; x_wconf 58' lang='grc' dir='ltr'>ςιίξο</span> 
     </span>
    </p>
   </div>
   <div class='ocr_carea' id='block_1_116' title="bbox 2106 5561 3696 5638">
    <p class='ocr_par' dir='ltr' id='par_1_116' title="bbox 2106 5561 3696 5638">
     <span class='ocr_line' id='line_1_116' title="bbox 2106 5561 3696 5638; baseline -0.004 -17"><span class='ocrx_word' id='word_1_859' title='bbox 2106 5561 2207 5636; x_wconf 73' lang='lat' dir='ltr'><strong>pro</strong></span> <span class='ocrx_word' id='word_1_860' title='bbox 2230 5561 2381 5638; x_wconf 73' lang='grc' dir='ltr'>λέγει</span> <span class='ocrx_word' id='word_1_861' title='bbox 2420 5569 2571 5632; x_wconf 80' lang='grc' dir='ltr'>ἔθνος</span> <span class='ocrx_word' id='word_1_862' title='bbox 2608 5561 2850 5622; x_wconf 80' lang='lat' dir='ltr'><strong>obtrudit</strong></span> <span class='ocrx_word' id='word_1_863' title='bbox 2879 5567 3027 5635; x_wconf 82' lang='grc' dir='ltr'>λέγει</span> <span class='ocrx_word' id='word_1_864' title='bbox 3049 5565 3077 5616; x_wconf 93' lang='lat'><strong>6</strong></span> <span class='ocrx_word' id='word_1_865' title='bbox 3101 5561 3238 5628; x_wconf 83' lang='grc' dir='ltr'><strong>Θεός</strong></span> <span class='ocrx_word' id='word_1_866' title='bbox 3277 5565 3523 5618; x_wconf 87' lang='lat' dir='ltr'><strong>eruditus</strong></span> <span class='ocrx_word' id='word_1_867' title='bbox 3552 5561 3696 5615; x_wconf 67' lang='grc' dir='ltr'>ιου-</span> 
     </span>
    </p>
   </div>
   <div class='ocr_carea' id='block_1_117' title="bbox 2103 5641 2565 5694">
    <p class='ocr_par' dir='ltr' id='par_1_117' title="bbox 2103 5641 2565 5694">
     <span class='ocr_line' id='line_1_117' title="bbox 2103 5641 2565 5694; baseline -0.006 0"><span class='ocrx_word' id='word_1_868' title='bbox 2103 5641 2348 5694; x_wconf 84' lang='lat' dir='ltr'><strong>dinensis</strong></span> <span class='ocrx_word' id='word_1_869' title='bbox 2371 5641 2565 5693; x_wconf 83' lang='lat' dir='ltr'><strong>editor.</strong></span> 
     </span>
    </p>
   </div>
   <div class='ocr_carea' id='block_1_118' title="bbox 2196 5702 3500 5779">
    <p class='ocr_par' dir='ltr' id='par_1_118' title="bbox 2196 5702 3500 5779">
     <span class='ocr_line' id='line_1_118' title="bbox 2196 5702 3500 5779; baseline -0.01 -13"><span class='ocrx_word' id='word_1_870' title='bbox 2196 5710 2284 5779; x_wconf 78' lang='grc'>65)</span> <span class='ocrx_word' id='word_1_871' title='bbox 2314 5713 2385 5764; x_wconf 79' lang='grc' dir='ltr'><strong>Εἰ</strong></span> <span class='ocrx_word' id='word_1_872' title='bbox 2411 5710 2734 5779; x_wconf 63' lang='grc' dir='ltr'>βούλεσθε.</span> <span class='ocrx_word' id='word_1_873' title='bbox 2776 5705 3225 5779; x_wconf 81' lang='lat' dir='ltr'><strong>_S_uhaudiendum</strong></span> <span class='ocrx_word' id='word_1_874' title='bbox 3251 5702 3500 5779; x_wconf 57' lang='grc' dir='ltr'>δύνασθε.</span> 
     </span>
    </p>
   </div>
   <div class='ocr_carea' id='block_1_119' title="bbox 2195 5770 3695 5847">
    <p class='ocr_par' dir='ltr' id='par_1_119' title="bbox 2195 5770 3695 5847">
     <span class='ocr_line' id='line_1_119' title="bbox 2195 5770 3695 5847; baseline -0.006 -13"><span class='ocrx_word' id='word_1_875' title='bbox 2195 5770 2282 5847; x_wconf 60' lang='lat'><strong>64}</strong></span> <span class='ocrx_word' id='word_1_876' title='bbox 2318 5770 2543 5847; x_wconf 60' lang='grc' dir='ltr'>Πατριλς</span> <span class='ocrx_word' id='word_1_877' title='bbox 2566 5776 2751 5843; x_wconf 75' lang='grc' dir='ltr'>ἡμῶν.</span> <span class='ocrx_word' id='word_1_878' title='bbox 2777 5776 2987 5843; x_wconf 80' lang='lat' dir='ltr'><strong>Melius,</strong></span> <span class='ocrx_word' id='word_1_879' title='bbox 3008 5787 3069 5831; x_wconf 91' lang='lat' dir='ltr'><strong>ut</strong></span> <span class='ocrx_word' id='word_1_880' title='bbox 3088 5779 3366 5832; x_wconf 84' lang='lat' dir='ltr'><strong>admonuit</strong></span> <span class='ocrx_word' id='word_1_881' title='bbox 3384 5770 3695 5835; x_wconf 82' lang='lat' dir='ltr'><strong>Thirlbius.</strong></span> 
     </span>
    </p>
   </div>
   <div class='ocr_carea' id='block_1_120' title="bbox 2098 5849 2680 5924">
    <p class='ocr_par' dir='ltr' id='par_1_120' title="bbox 2098 5849 2680 5924">
     <span class='ocr_line' id='line_1_120' title="bbox 2098 5849 2680 5924; baseline -0.01 -19"><span class='ocrx_word' id='word_1_882' title='bbox 2098 5854 2213 5906; x_wconf 85' lang='grc' dir='ltr'>Πατ</span> <span class='ocrx_word' id='word_1_883' title='bbox 2222 5852 2330 5924; x_wconf 71' lang='grc' dir='ltr'><strong>ρὸς,</strong></span> <span class='ocrx_word' id='word_1_884' title='bbox 2369 5851 2520 5923; x_wconf 75' lang='grc' dir='ltr'>ὑμῶν</span> <span class='ocrx_word' id='word_1_885' title='bbox 2554 5849 2680 5902; x_wconf 84' lang='grc' dir='ltr'>τῶν.</span> 
     </span>
    </p>
   </div>
  </div>
