3954 6258
282 376 368 435 78!
1274 377 1624 437 DIALOGUS
1661 378 1807 437 CUM
1843 378 2221 436 TRYPHONE
2257 381 2525 438 JUDIEO.

3457 388 3559 447 782

280 498 414 551 λιπεῖ
441 495 536 550 καὶ
573 493 652 568 μὴ
674 495 900 551 δύνοντι
936 498 1080 567 φωτὶ
1114 498 1348 571 χρῆσθαι
1376 498 1557 572 ἔχητε·
1586 494 1669 563 οἷς
1695 498 1858 570 ἄρτον

1989 498 2215 554 luminis
2255 498 2478 565 affulsit,
2521 507 2581 556 ut
2608 499 2775 555 etiam
2815 508 3019 571 praster
3048 501 3215 559 alium
3262 509 3561 577 quemlibet

248 582 353 657 εείς
400 592 631 665 τροφὴν,
684 593 757 647 δι’
810 596 1066 665 ἀγγέλων
1123 597 1391 668 οὐρανίων
1435 596 1546 669 (65)
1602 596 1667 650 τὸ
1702 597 1876 667 μάννα

276 686 509 756 ἔϐρεξεν,
542 686 635 738 ἵνα
672 685 815 757 μηδὲ
851 688 1157 750 σιτοποιίας
1188 688 1428 758 δεόμενοι
1462 686 1754 760 ζητήσητε·
1782 689 1875 743 καὶ

272 779 333 832 τὸ
352 782 412 831 ἐν
442 779 642 849 Μερῤᾷ
673 777 827 850 ὕδωρ
849 779 1181 852 ἐγλυκάνθηο
1220 782 1314 835 καὶ
1344 784 1569 853 σημεῖον
1593 780 1688 835 τοῦ
1714 798 1878 836 σταυ-

273 868 495 939 ροῦσθαι
533 868 829 939 μέλλοντος
860 871 957 924 καὶ
996 871 1089 923 ἐπὶ
1116 870 1225 924 τῶν
1256 870 1433 940 ὄφεων
1463 871 1572 924 τῶν
1595 871 1872 925 διδασκόν-

266 978 373 1014 των
407 960 519 1032 (66)
552 962 725 1032 ὑμᾶς,
760 962 838 1027 ὡς
860 966 1141 1037 προεῖπον,
1163 964 1491 1035 γεγενῆσθαι
1514 963 1713 1035 (πάντα
1741 981 1873 1037 προ-

272 1055 656 1126 λαμϐάνοντος
690 1060 802 1128 πρὸ
818 1057 931 1110 τῶν
968 1058 1112 1111 ίδίων
1148 1058 1356 1129 καιρῶν
1377 1057 1445 1110 τὰ
1469 1058 1741 1129 μυστήρια
1773 1075 1872 1128 χα-

267 1148 514 1218 ρίζεσθαι
541 1149 677 1219 ύμῖν
701 1150 797 1203 τοῦ
825 1150 985 1203 Θεοῖν
1018 1151 1155 1222 πρὸς
1176 1151 1235 1203 ὃν
1273 1150 1556 1223 ἀχάριστοι
1584 1148 1869 1219 ἐλέγχεσθε

262 1240 344 1292 ἀεὶ
377 1241 766 1311 γεγενημένοι)
804 1244 899 1295 καὶ
943 1242 1031 1296 διὰ
1083 1243 1178 1295 τοῦ
1227 1242 1399 1296 τύπου
1451 1243 1551 1311 τῆς
1594 1242 1871 1307 ἐκτάσεως

262 1330 371 1383 τῶν
396 1331 611 1402 χειρῶν
655 1333 959 1396 Μωῦσέως,
1018 1333 1111 1386 καὶ
1142 1334 1219 1397 ὼς
1271 1334 1364 1386 τοῦ
1412 1334 1870 1405 ἐπονομασθέντος

276 1421 476 1489 Ἰησοῦ,
510 1420 900 1491 πολεμούντων
932 1423 1023 1476 τὸν
1081 1423 1347 1495 Ἀμαλήκ·
1397 1424 1529 1495 περὶ
1568 1420 1628 1478 οὗ
1658 1421 1811 1477 εἶπεν
1840 1425 1870 1476 ὁ

259 1513 393 1577 Θεὸς
428 1515 821 1585 ἀναγραφῆναι
861 1516 922 1569 τὸ
980 1517 1368 1588 γεγενημένον,
1430 1519 1608 1590 φήσας
1637 1516 1746 1588 (67)
1775 1518 1870 1571 καὶ

256 1606 335 1667 είς
366 1604 478 1668 τὰς
523 1606 690 1676 ὑμῶν
740 1607 914 1670 ἀκοὰς
958 1607 1132 1677 Ἰησοῦ
1169 1608 1513 1680 παραθέσθαι
1572 1608 1631 1662 τὸ
1677 1610 1865 1680 ὄνομα,

258 1696 456 1759 εἰπὼν,
482 1697 571 1749 ὅτι
610 1691 771 1761 οὗτός
798 1697 908 1768 (68)
942 1701 1088 1754 ἐστιν
1120 1701 1149 1752 ὁ
1183 1699 1393 1770 μέλλων
1428 1699 1728 1769 ἐξαλείφειν
1760 1700 1868 1754 ἀπὸ

256 1789 354 1859 τῆς
386 1788 500 1841 ὑπὸ
562 1789 655 1842 τὸν
696 1790 929 1861 οὐρανὸν
960 1790 1022 1843 τὸ
1067 1793 1412 1863 μνημόσυνον
1455 1792 1549 1845 τοῦ
1596 1793 1861 1864 ’Λμαλήκ.

257 1880 369 1933 Καὶ
392 1883 480 1935 ὅτι
514 1880 581 1934 τὸ
611 1882 963 1952 μνημόσυνον
1024 1882 1119 1936 τοῦ
1183 1885 1433 1956 Ἀμαλὴκ
1465 1886 1561 1938 κα)⁵
1607 1885 1743 1955 μετὰ
1772 1886 1864 1940 τὸν

255 1972 351 2025 τοῦ
386 1973 722 2043 Ναυῆ-υἱὸν
760 1975 931 2045 μένει,
986 1975 1255 2043 φαίνεται·
1313 1977 1400 2030 διὰ
1458 1978 1514 2032 δὲ
1549 1978 1643 2033 τοῦ
1690 1978 1864 2051 Ἰησοῦ

255 2064 348 2116 τοῦ
388 2065 830 2135 σταυρωθέντος,
878 2058 937 2119 οὗ
985 2069 1077 2120 καὶ
1112 2068 1179 2121 τὰ
1214 2068 1457 2140 σύμϐολα
1493 2073 1675 2124 ἐκεῖνα
1732 2088 1866 2143 προ-

258 2158 603 2228 κηρύγματα
625 2154 695 2229 ἦν
729 2158 838 2211 τῶν
859 2162 978 2211 κατ’
1006 2160 1169 2213 αὑτοῦ
1195 2160 1305 2234 (69)
1334 2162 1610 2229 ἁπάντων,
1628 2164 1709 2217 ὄτι
1737 2165 1866 2236 μέλ-

254 2251 332 2303 λει
382 2250 952 2322 ἐξολοθρευθήσεσθαι
984 2253 1053 2305 τὰ
1086 2253 1355 2324 δαιμόνια,
1407 2257 1501 2309 καὶ
1538 2256 1769 2311 δεδιέναι
1802 2257 1864 2310 τὺ

253 2341 427 2412 ὄνομα
454 2340 654 2405 αὐτοῦ,
696 2343 792 2395 καὶ
823 2343 1005 2406 πάσας
1063 2344 1163 2408 τὰς
1195 2346 1369 2417 ἀρχὰς
1430 2348 1524 2401 καὶ
1582 2348 1683 2412 τὰς
1706 2348 1861 2419 βασι-

254 2432 403 2497 λεεας
435 2434 651 2503 ὁμοίιος
682 2435 990 2504 ὑφορᾶσθαι
1016 2438 1195 2501 αὐτὸν,
1226 2440 1320 2493 καὶ
1352 2440 1415 2493 ἐκ
1440 2440 1639 2505 παντὸς
1670 2442 1863 2510 γένους

255 2525 566 2596 ἀνθρώπων
599 2526 881 2590 θεοσεϐεῖς
935 2528 1029 2581 x21).
1056 2532 1361 2601 εἰρηνικοὺς
1385 2533 1694 2589 δείκνυσθαι
1725 2532 1863 2591 εἶναι

254 2617 382 2679 τοὺς
407 2619 493 2679 είς
524 2617 699 2670 αὐτὸν
744 2617 1119 2685 πιστεύοντας,
1173 2623 1405 2693 φανερὸν
1461 2627 1624 2690 ποιεῖ,
1666 2627 1762 2680 καὶ
1791 2627 1862 2681 τὰ

256 2711 781 2780 προανιστορημένα
828 2713 921 2764 ὑπ’
972 2713 1141 2782 ἐμοῦ,
1195 2714 1459 2786 Τρύφων,
1512 2718 1857 2788 σημαίνουσι.

255 2802 361 2855 Καὶ
390 2802 644 2874 τοσαύτη
684 2804 742 2856 δὲ
777 2804 1165 2877 ὀρτυγομήτρα
1214 2807 1371 2879 ἐδόθη
1436 2808 1565 2880 ὑμῖν
1595 2811 1863 2884 ἐπιθυμήα

258 2908 376 2944 σασι
412 2893 812 2965 κρεωφαγίας,
852 2894 952 2965 ὅση
986 2894 1287 2966 ἀνάριθμος
1320 2898 1498 2950 εἰπεῖν
1518 2915 1530 2928 ⁸
1561 2892 1643 2962 οἷς
1671 2900 1765 2953 καὶ
1795 2903 1862 2955 ὲκ

256 2981 459 3051 πέτρας
494 2982 653 3053 ὕδωρ
697 2982 984 3045 ἀνέϐλυσε,
1044 2985 1140 3037 καὶ
1181 2986 1379 3057 νεφέλη
1436 2989 1516 3051 είς
1562 2988 1723 3042 σκιὰν
1753 2990 1862 3044 ἀπὸ

257 3072 539 3143 καύματος
566 3076 668 3127 καὶ
701 3072 949 3145 φυλακὴν
974 3075 1081 3129 ἀπὸ
1123 3077 1324 3149 κρύους
1357 3078 1561 3145 εἵπετο,
1586 3080 1745 3135 ἄλλου
1771 3083 1862 3135 ού-

258 3166 415 3260 ρανοῦ
452 3164 657 3260 καινοῦ
687 3166 892 3260 τροπον
925 3166 1034 3238 (70)
1059 3170 1152 3260 διαὶ
1184 3171 1552 3260 προαγγελίαν
1583 3173 1859 3244 ἀπαγγέλ-
1890 3200 1935 3260 c

254 3254 439 3307 λουσαο
473 3248 553 3307 ὧν
587 3257 688 3307 καὶ⁵
717 3257 768 3307 οἱ
796 3255 1019 3325 ἱμάντες
1042 3257 1149 3311 τῶν
1179 3258 1542 3331 ὑποδημάτων
1572 3263 1671 3317 οὐκ
1698 3264 1863 3336 ἐρρά-

256 3363 449 3417 γησαν,
478 3346 609 3399 οὐδὲ
650 3347 793 3401 αὐτὰ
821 3348 890 3402 τὰ
919 3349 1244 3421 ὑποδήματα
1272 3352 1612 3426 ἐπαλαιὼθη,
1640 3356 1761 3409 οὐδὲ
1792 3358 1862 3411 τὰ

255 3437 533 3507 ἐνδύματα
561 3437 888 3510 κατετρίϐη,
908 3439 1045 3493 ἀλλὰ
1070 3442 1165 3495 καὶ
1192 3441 1260 3495 τὰ
1280 3442 1389 3496 τῶν
1421 3446 1703 3518 νεωτέρων
1731 3464 1859 3502 συν-

256 3528 455 3596 ηύεανε
491 3528 582 3597 (71
596 3530 615 3599 )
629 3570 643 3581 .

322 3621 449 3674 132.
482 3622 603 3674 Καὶ
819 3623 1029 3688 τούτοις
1060 3626 1546 3699 ἐμοσχοποιήσατε,
1605 3632 1699 3685 καὶ
1724 3633 1860 3706 πρὸς

253 3712 353 3775 τὰς
382 3712 710 3783 θυγατέρας
748 3714 857 3767 τῶν
888 3716 1189 3786 ἀλλογενῶν
1220 3721 1514 3791 πορνεῦσαι
1540 3724 1634 3777 καὶ
1656 3725 1861 3779 εἰδωλο-

256 3800 532 3872 λατρῆσαι
576 3803 986 3857 ἐσπουδάσατε’
1043 3808 1137 3860 καὶ
1178 3809 1315 3879 μετὰ
1358 3810 1530 3863 ταῦτα
1568 3811 1727 3866 πάλιν
1760 3814 1862 3885 τῆς

256 3892 356 3961 γῆς
390 3894 531 3961 ὑμῖν
564 3892 968 3964 παραδοθείσης
1003 3895 1141 3965 μετὰ
1173 3897 1455 3966 δυνάμεως
1475 3899 1761 3970 τοσαύτης,
1784 3901 1859 3965 ὡς

257 3985 349 4035 καὶ
387 3984 487 4036 τὸν
512 3984 671 4053 ἥλιον
706 3984 1004 4039 θεάσασθαι
1039 3988 1187 4058 ὑμᾶς
1226 3990 1519 4059 προστάξει
1541 3991 1633 4044 τοῦ
1668 3992 1858 4065 ἀνδρὸς

257 4074 475 4127 ἐκείνου
503 4074 604 4127 τοῦ
641 4076 1108 4145 ἐπονομασθέντος
1134 4079 1212 4149 τῷ
1254 4081 1431 4150 Ἰησοῦ
1455 4082 1703 4153 ὀνόματι,
1731 4100 1859 4138 στα-

258 4164 421 4219 θέντα
473 4168 535 4218 ἐν
585 4166 669 4235 τῷ
711 4168 947 4239 οὐρανῷ,
1009 4172 1101 4223 καὶ
1156 4171 1230 4243 μὴ
1280 4172 1511 4227 δύναντα
1550 4173 1660 4245 (72)
1698 4174 1859 4247 μέχρι

255 4256 419 4327 ὡρῶν
474 4260 858 4328 τριακονταὲξ,
888 4262 983 4314 καὶ
1018 4262 1119 4325 τὰς
1160 4262 1327 4327 ἄλλας
1371 4264 1551 4329 πάσας
1602 4266 1859 4338 δυνάμεις

256 4348 355 4411 τὰς
417 4350 569 4402 κατὰ
611 4350 802 4422 καιρὸν
851 4353 1225 4423 γεγενημένας
1254 4354 1403 4424 ὑμῖν·
1457 4349 1533 4410 ὧν
1565 4358 1659 4410 καὶ
1691 4357 1857 4427 ἄλλην

258 4438 391 4506 μίαν
412 4440 833 4511 καταριθμῆσαι
870 4442 1032 4495 τανῦν
1070 4438 1337 4515 εἶναίιξμοι
1370 4445 1517 4499 δοκεῖ
1550 4446 1680 4517 (75).
1728 4450 1857 4503 Συν-

1978 591 2033 645 in
2072 596 2339 645 terrarum
2379 589 2518 646 orbe
2583 590 2849 661 populum
2888 594 3113 663 propria
3171 605 3229 649 et
3284 598 3556 656 defectum

1979 688 2143 752 atque
2169 696 2427 737 occasum
2478 683 2746 739 nescienti
2784 683 2908 738 luce
2941 686 3021 739 uti
3054 690 3325 757 possetis;
3359 696 3558 764 quibus

1976 787 2196 843 panem,
2225 771 2498 828 alimoniae
2529 786 2719 841 causa,
2758 774 3042 842 proprium
3085 778 3402 846 angelorum
3438 797 3557 837 cm-

1977 860 2214 927 lestium,
2248 877 2444 918 manna
2484 864 2714 931 scilicet,
2752 865 2925 934 pluit,
2948 876 3009 921 ut
3043 883 3114 923 ne
3160 872 3415 939 panificia
3443 879 3561 943 qui-

1975 951 2097 1006 dem
2126 952 2281 1009 vobis
2310 970 2447 1025 opus
2467 963 2647 1021 esset;
2689 956 2888 1025 quibus
2921 972 3073 1029 aqua:
3112 961 3166 1014 in
3198 961 3347 1018 Mara
3371 966 3558 1022 dulces

1974 1044 2133 1099 facta:
2171 1056 2329 1113 sunt;
2365 1048 2567 1117 quibus
2585 1050 2822 1119 denique
2860 1050 3076 1119 signum
3110 1052 3275 1120 illius,
3298 1058 3389 1125 qui
3426 1073 3553 1112 crn-

1973 1137 2281 1208 ciﬁgendus
2313 1148 2456 1206 erat,
2488 1151 2550 1195 ut
2578 1140 2689 1209 jam
2726 1143 2862 1207 dixi,
2887 1144 3189 1198 exhibitum
3215 1156 3318 1213 est,
3356 1157 3553 1205 etcum

1972 1247 2070 1287 vos
2094 1231 2410 1288 morderent
2439 1242 2725 1303 serpentes
2750 1236 2958 1305 (omnia
2985 1238 3038 1292 in
3066 1246 3415 1298 antecessum
3440 1258 3557 1315 my-

1975 1323 2145 1376 steria
2211 1323 2368 1378 vobis
2422 1332 2551 1378 ante
2613 1326 2832 1394 propria
2914 1336 3156 1397 tempora
3211 1333 3555 1401 gratificante

1971 1412 2104 1477 Deo,
2141 1416 2196 1468 in
2238 1428 2397 1482 quem
2421 1429 2639 1486 semper
2685 1416 2899 1486 ingrato
2939 1417 3110 1475 fuisse
3142 1424 3328 1481 animo
3359 1430 3553 1497 argui-

1970 1503 2134 1573 mini)
2164 1513 2219 1558 et
2274 1519 2397 1559 cum
2450 1519 2550 1575 per
2605 1506 2838 1576 figuram
2899 1512 3238 1568 extensionis
3295 1532 3551 1573 manuum

1969 1593 2191 1665 Moysis,
2227 1603 2281 1649 et
2312 1610 2434 1650 eum
2482 1597 2573 1665 qui
2629 1598 3049 1668 cognominatus
3087 1613 3174 1658 est
3226 1604 3407 1673 Jesus,
3453 1611 3551 1663 de-

1969 1685 2526 1743 bellareturAmalec
2569 1703 2585 1741 :
2648 1702 2754 1757 qua
2812 1690 2881 1744 de
2920 1705 2978 1745 re
3007 1694 3261 1762 pracepit
3287 1696 3450 1761 Deus,
3491 1707 3553 1751 ut

1970 1779 2025 1832 in
2072 1777 2280 1833 litteras
2336 1776 2661 1844 referretur,
2726 1787 2782 1835 ct
2814 1781 3040 1838 auribus
3088 1786 3291 1841 vestris
3348 1802 3547 1843 nomen

1895 1846 1941 1906 Β
1968 1867 2096 1923 Jesu
2127 1868 2501 1934 mandaretur,
2532 1868 2678 1924 hunc
2705 1884 2830 1925 esse
2862 1872 3072 1939 dicens,
3111 1875 3207 1944 qui
3261 1876 3549 1935 deleturus

1968 1969 2092 2016 erat
2122 1960 2187 2015 de
2216 1972 2361 2015 terra
2412 1962 2732 2017 memoriam
2792 1963 3045 2019 Amalec.
3097 1964 3269 2022 Porro
3300 1968 3546 2025 Amaleci

1969 2052 2295 2108 memoriam
2329 2051 2497 2107 etiam
2538 2063 2662 2120 post
2702 2053 2871 2109 filium
2905 2054 3072 2111 Navae
3096 2073 3319 2116 manere
3345 2060 3546 2131 liquet:

1967 2147 2287 2201 atfuturum
2329 2155 2389 2202 ut
2423 2164 2521 2218 per
2570 2148 2755 2204 Jesum
2808 2150 3156 2219 crucifixum,
3196 2154 3351 2225 cujus
3379 2157 3547 2211 etiam

1967 2251 2057 2292 res
2090 2253 2283 2294 omnes
2316 2239 2401 2294 his
2423 2240 2686 2310 symbolis
2711 2242 3306 2313 prtesignificabantur,
3346 2249 3550 2304 daemo-

1966 2348 2066 2388 nes
2089 2334 2612 2401 exterminarentur,
2640 2335 2871 2406 ejusque
2915 2352 3110 2392 nomen
3155 2339 3551 2407 formidarent,

1966 2437 2200 2493 eumque
2231 2424 2439 2492 pariter
2463 2440 2654 2480 omnes
2682 2427 3019 2496 principatus
3058 2438 3113 2484 et
3138 2445 3307 2502 regna
3335 2443 3549 2489 metue-

1966 2522 2115 2579 rent,
2154 2522 2211 2567 et
2257 2528 2324 2569 ex
2376 2518 2525 2568 omni
2585 2516 2865 2571 hominum
2891 2533 3091 2587 genere
3132 2520 3205 2589 pii
3240 2530 3295 2576 et
3331 2523 3549 2591 paciﬁci

1967 2608 2413 2670 ostenderentur,
2475 2605 2569 2676 qui
2632 2607 2688 2661 in
2740 2608 2892 2662 illum
2948 2615 3200 2675 credunt,
3264 2611 3548 2683 Scriptura

1962 2697 2228 2764 declarat,
2271 2697 2433 2767 idque
2460 2699 2625 2753 etiam
2662 2699 3061 2766 demonstrant,
3102 2703 3351 2773 quaejam
3374 2720 3404 2757 a
3437 2720 3547 2771 me,

1965 2789 2205 2860 Trypho,
2247 2799 2676 2845 commemorata
2729 2801 2877 2846 sunt.
2937 2793 3103 2849 Vobis
3143 2796 3311 2850 etiam
3351 2812 3550 2854 carnes

1963 2880 2487 2949 concupiscentibus
2527 2890 2681 2935 tanta
2728 2882 2851 2935 data
2887 2891 2974 2938 est
3016 2886 3359 2940 coturnicum
3394 2892 3549 2959 c0pia

1962 2982 2169 3043 quanta
2201 2972 2484 3027 numerari
2520 2987 2629 3028 non
2675 2984 2898 3042 posset,
2962 2976 3163 3045 quibus
3203 2978 3367 3032 etiam
3410 2995 3551 3048 aqua

1962 3075 2032 3117 ex
2070 3078 2201 3132 rupe
2233 3062 2556 3128 scaturivit;
2602 3076 2742 3131 quos
2787 3064 2959 3118 nubes
2991 3076 3047 3118 et
3088 3066 3155 3120 ab
3188 3075 3323 3121 testu
3354 3066 3553 3121 obum-

1968 3153 2140 3210 brans
2169 3164 2224 3209 et
2272 3170 2304 3209 a
2334 3153 2541 3223 frigore
2571 3153 2888 3208 custodiens
2926 3157 3384 3225 consequebatur,
3419 3159 3549 3213 novi

1966 3248 2104 3303 alius
2144 3248 2268 3303 caeli
2325 3248 2567 3316 speciem
2604 3255 2661 3302 et
2692 3248 3270 3317 prtesignilicationem
3298 3250 3543 3315 habens;

1964 3352 2201 3409 quorum
2232 3354 2333 3394 nec
2369 3340 2486 3393 lora
2521 3340 3018 3395 calceamentorum
3046 3349 3201 3410 rupta
3242 3351 3393 3406 sunt,
3442 3358 3546 3398 nec

1966 3431 2084 3497 ipsa
2124 3432 2502 3487 calceamenta
2538 3443 2879 3499 veterarunt,
2925 3449 3028 3489 nec
3061 3435 3384 3491 vestimenta
3411 3452 3544 3492 con-

1967 3523 2122 3588 trita,
2155 3524 2252 3579 sed
2275 3532 2332 3579 et
2353 3522 2737 3593 injunioribus
2780 3523 2942 3577 simul
2982 3525 3325 3579 crescebant.

2036 3616 2163 3670 152.
2191 3614 2406 3680 Quanta
2438 3617 2513 3671 vis
2544 3616 2703 3684 fuerit
2744 3617 2971 3669 nominis
2992 3615 3122 3670 Jesu
3151 3617 3210 3671 in
3252 3616 3423 3672 Veteri
3451 3617 3546 3672 Tc-

1963 3718 2243 3763 stamento.
2294 3709 2458 3764 —Et
2489 3718 2615 3778 post
2668 3710 2783 3762 haec
2826 3706 3058 3762 vitulum
3113 3708 3419 3774 conflastis,
3484 3721 3543 3765 et

1964 3816 2088 3855 cum
2128 3802 2345 3857 filiabus
2372 3802 2800 3870 alienigenarum
2839 3800 3126 3867 fornicari,
3151 3813 3210 3857 et
3242 3803 3541 3858 simulacra

1964 3892 2149 3947 colere
2205 3894 2514 3954 studuistis.
2572 3894 2739 3948 etiam
2794 3902 3083 3964 postquam
3139 3893 3338 3949 tradita
3385 3894 3543 3949 vobis

1965 3993 2112 4039 terra
2153 3994 2237 4039 est
2260 3994 2410 4039 tanta
2436 4001 2557 4041 cum
2613 3987 2837 4053 virtute,
2880 3997 2940 4041 ut
2966 3987 3137 4042 solem
3183 3987 3338 4056 jussu
3393 3988 3542 4042 illius

1963 4075 2089 4141 viri,
2124 4078 2215 4146 qui
2276 4076 2410 4132 Jesu
2468 4076 2837 4147 appellatione
2880 4079 3303 4148 cognominatus
3342 4086 3447 4135 est.
3483 4078 3541 4132 in

1963 4168 2106 4223 etelo
2136 4177 2397 4235 stantem,
2420 4183 2522 4223 nec
2557 4183 2731 4240 usque
2756 4169 2831 4223 ad
2866 4169 3035 4225 horas
3073 4170 3291 4239 triginta
3322 4184 3415 4223 sex
3446 4183 3542 4223 oc-

1962 4263 2262 4329 cidentem,
2298 4261 2584 4328 videretis,
2620 4270 2677 4315 et
2730 4260 2870 4316 alias
2914 4275 3107 4317 omnes
3126 4261 3382 4324 virtutes,
3418 4275 3542 4332 quae

1963 4358 2123 4412 vobis
2146 4356 2403 4412 exhibita:
2424 4356 2593 4411 variis
2632 4354 2968 4424 temporibus
3000 4354 3261 4419 fuerunt;
3302 4369 3540 4417 quarum

1960 4448 2125 4503 etiam
2149 4463 2255 4501 una
2298 4446 2512 4503 videtur
2550 4448 2686 4502 mihi
2718 4448 2822 4502 hoc
2859 4447 2983 4501 loco
3010 4445 3538 4509 commemoranda;

256 4532 481 4601 αἰρεται
522 4532 637 4603 γὰρ
678 4535 817 4605 πρὸς
859 4536 921 4588 τὸ
974 4537 1069 4589 καὶ
1112 4535 1172 4600 ἐξ
1214 4538 1385 4609 αὐτῆς
1432 4540 1670 4594 συνιέναι
1715 4543 1858 4613 ὑμᾶς

1971 4540 2032 4594 ad
2060 4540 2164 4596 hoc
2187 4541 2332 4595 enim
2357 4542 2616 4597 conducit
2646 4550 2707 4595 ut
2734 4539 2822 4595 vel
2844 4553 2911 4595 ex
2948 4537 3037 4593 illa
3076 4538 3423 4607 cognoscatis
3445 4535 3541 4592 Je-

255 4624 350 4677 τδν
388 4626 629 4697 Ἰησοῦν,
668 4626 727 4679 ὃν
764 4628 858 4680 καὶ
894 4630 1055 4699 ἡμεῖς
1095 4628 1414 4700 ἐπέγνωμεν
1456 4633 1693 4703 Χριστὸν
1723 4634 1853 4687 Υἰὸν

258 4721 395 4778 Θεοῦ
440 4724 846 4795 σταυρωθέντα,
882 4725 975 4778 καὶ
1002 4726 1329 4791 ἀναστάντα,
1363 4729 1458 4781 καὶ
1487 4729 1856 4801 ἁνεληλυθότα

331 4921 447 4992 (65)
496 4924 585 4975 Δι’
628 4924 901 4991 ἀγγέλων
928 4925 1240 4992 οὐρανίων.
1268 4923 1585 4992 Pcrpaucos
1617 4927 1735 4981 fore
1769 4943 1859 4980 ar-

261 4990 466 5066 bitror,
492 4990 858 5066 quibusnam
911 4990 1154 5049 arrident
1187 4990 1725 5066 sententiatpnnetu
1753 5014 1855 5066 per

262 5064 495 5136 angelos
530 5062 794 5116 lsraelitis
829 5066 1229 5136 suppeditatum
1266 5065 1462 5136 fuisse,
1487 5063 1655 5119 Multo
1683 5062 1857 5136 magis

261 5134 502 5199 quadrat
556 5140 618 5203 ut
672 5147 868 5203 panem
917 5135 1234 5201 angelorum
1288 5135 1396 5187 illis
1451 5135 1593 5189 Deus
1651 5134 1857 5203 pluisse

550 5202 736 5268 Quare
788 5202 1072 5273 legendum
1106 5219 1124 5258 :
1165 5204 1328 5275 ἄρτον
1361 5205 1441 5267 είς
1487 5202 1692 5276 τροφήν
1729 5206 1858 5261 ἴδιον

481 5290 534 5325 ν.

481 5290 534 5325 ν.

334 5344 447 5411 (60)
471 5343 912 5398 Διδασκόντων.
950 5342 1260 5413 Legendum
1287 5359 1409 5399 esse
1433 5345 1706 5399 δακόντων
1757 5348 1857 5400 ad-

261 5414 863 5499 lzonuitysgy‘lburgius,
891 5424 945 5466 et
980 5415 1451 5499 ιηοξχεγένηται,
1499 5432 1597 5485 pro
1630 5418 1858 5499 γεγενηο

264 5482 412 5545 σθαι,
447 5497 503 5537 et
529 5483 619 5537 διὰ
644 5482 743 5536 τοῦ
798 5482 1280 5555 ἐπονομασθέντος.
1316 5482 1514 5549 Hujus—
1534 5482 1859 5553 posterioris

266 5555 402 5624 navi
428 5556 594 5607 aliam
620 5556 1063 5608 emendationem
1111 5556 1365 5624 proponit
1396 5556 1676 5611 Tltirlbius
1702 5558 1856 5613 valde

266 5623 633 5693 probabilem,
670 5638 867 5693 nempe
885 5624 1033 5693 Αὺσῆ
1070 5623 1165 5693 pro
1196 5625 1291 5689 ὡς.

338 5692 449 5764 (67)
476 5694 715 5760 φήσας.
742 5690 852 5748 Pro
880 5695 979 5750 hac
1004 5690 1135 5750 voce
1166 5696 1308 5751 idem
1340 5694 1424 5750 vir
1458 5696 1705 5751 eruditus
1736 5711 1859 5766 pro-

268 5767 425 5835 ponit
456 5765 696 5835 φθάσαςτ

342 5834 448 5907 (68)
468 5830 603 5889 ’Ὅτι
637 5830 821 5902 οὗτος
887 5834 1014 5908 Reg.
1050 5835 1116 5892 ad
1134 5836 1437 5908 marginem
1460 5838 1488 5890 ὁ
1513 5834 1773 5903 τοιοῦτος,
1804 5846 1856 5895 et

1961 4648 2107 4699 sum,
2130 4648 2293 4703 quem
2326 4648 2426 4689 nos
2460 4632 2742 4688 Christum
2786 4646 2911 4689 esse
2940 4630 3141 4686 Filium
3174 4629 3270 4685 Dei
3315 4630 3544 4696 agnovi-

1962 4740 2105 4789 mus,
2143 4725 2235 4794 qui
2275 4724 2574 4781 cruciﬁxus
2599 4732 2708 4793 est,
2745 4732 2802 4778 et
2838 4720 3164 4787 resurrexit,
3189 4727 3245 4775 et
3295 4719 3540 4773 ascendit

1961 4921 2137 5002 εἰορρ
2162 4922 2370 5002 uicem
2407 4920 2547 5002 Rob.
2579 4921 2913 5002 Stephanus.
2985 4992 2997 5002 _
3174 4989 3201 5001 η
3401 4990 3413 5002 _
3490 4988 3501 5002 .

2032 4994 2145 5069 (69)
2196 4992 2487 5069 Τώζ-ξιατξ
2544 4989 2751 5069 actos.
2782 4992 3092 5069 Legendum
3132 4989 3242 5069 τῷν
3292 4989 3541 5069 ἕατ’-αὑ-

1957 5059 2070 5125 τόν,
2096 5065 2258 5131 idque
2280 5062 2528 5116 Thirlbio
2558 5064 2927 5116 observatum.
2953 5059 3074 5115 Mox
3102 5059 3537 5116 subaudiendum

1962 5135 2175 5205 μέλλειν
2211 5143 2337 5205 ante
2368 5132 2688 5205 ὑφορᾶσθαι.

2033 5204 2141 5274 (70)
2174 5204 2416 5274 Τρόπον,
2444 5200 2691 5274 'l‘hirlbio
2723 5201 2898 5274 magis
2922 5201 3123 5274 arridet
3159 5200 3346 5274 suam,

2034 5271 2142 5345 (7i)
2187 5272 2557 5345 Em‘ndt'atfs.
2614 5271 2689 5326 De
2750 5272 2851 5324 hac
2901 5272 3074 5324 sancti
3113 5271 3537 5345 martyrisbsen-

1963 5339 2133 5400 tentia
2196 5339 2516 5398 consulendi
2595 5349 3060 5398 commentatores
3133 5356 3307 5396 sacrae
3385 5339 3539 5393 Scri-

1998 5426 2152 5469 turne.

1960 5431 2459 5555 ρυξξξίΔύναντα.
2490 5479 2560 5555 In
2591 5479 2839 5555 66v:v~:gt_
2868 5480 3097 5550 triplicis
3127 5478 3377 5555 lectionis
3404 5491 3539 5555 sunt

1958 5547 2214 5623 vestigia,
2263 5568 2456 5623 nempe
2506 5552 2747 5617 δύνοντα,
2785 5547 3023 5605 δύσαντα
3076 5562 3131 5604 et
3164 5549 3347 5604 δύντα.
3398 5547 3535 5603 Nam

1958 5625 2191 5679 δύναντα
2230 5642 2326 5678 usu
2351 5632 2625 5690 receptum
2659 5638 2764 5675 non
2800 5630 2903 5675 est.
2937 5625 3288 5676 SvLBunqus.

2030 5696 2140 5767 (75)
2177 5695 2367 5748 Τανῦν
2416 5689 2569 5767 εἶναι
2604 5692 2974 5767 60xei._lllml
3021 5689 3159 5745 εἶναι
3216 5689 3536 5767 tollendum,

1957 5761 2047 5821 vel
2074 5761 2379 5819 addendum
2404 5765 2503 5817 οὐκ
2535 5764 2753 5817 ἄτοπον.
2792 5762 3110 5820 TutuLuws.
3133 5792 3205 5804 --—
3235 5761 3401 5818 Forte
3441 5764 3538 5816 udo

1961 5839 2193 5894 dendum
2228 5835 2453 5906 δίκαιον,
2484 5844 2541 5891 ut
2579 5835 2721 5889 infra
2750 5850 2803 5889 η.
2840 5836 2953 5888 137.
