3954 6258
477 358 585 415 783

1425 353 1481 412 S.
1517 354 1779 414 JUSTINI
1818 356 2231 415 PHILOSOPHI
2268 358 2357 414 ET
2396 358 2754 417 MARTYRIS

3593 371 3680 427 784

474 478 529 532 in
567 475 753 541 celos,
788 484 844 530 et
867 473 1064 530 iterum
1098 472 1339 528 omnium
1369 474 1593 528 omnino
1634 475 1919 530 hominum
1960 491 2033 531 us.

2152 478 2233 539 εἰς
2260 478 2390 540 τοὺς
2421 478 2701 549 οὐρανοὺς,
2768 477 2860 531 καὶ
2886 478 3043 532 πάλιν
3074 482 3556 554 παραγενησόμενον
3582 504 3686 559 κρι-

473 582 581 638 que
608 566 674 620 ad
708 566 885 635 ipsum
928 566 1217 629 Adamum,
1253 562 1420 630 judex
1460 562 1622 635 225
1652 575 1909 621 venturus
1939 575 2042 622 est.

475 648 640 715 scitis
671 659 835 728 igitur
870 657 1055 711 hostes
1079 655 1325 719 Azotios,
1349 671 1471 710 cum
1517 656 1928 712 tabernaculum
1964 667 2046 711 te-

474 750 718 805 stimonii
744 748 1035 817 cepissent,
1074 761 1140 800 ac
1188 745 1443 800 horribili
1482 755 1539 802 et
1571 747 1858 803 insanabili
1886 747 2045 819 plaga

471 842 716 913 percussi
741 842 997 904 fuissent,
1053 840 1161 915 hpc
1201 837 1491 893 consilium
1538 840 1766 908 cepisse,
1799 848 1859 895 ut
1914 840 2044 895 illud

468 935 682 998 currui,
708 933 796 988 cui
837 944 1029 985 vaccas
1050 946 1080 984 a
1117 941 1275 1000 partu
1312 939 1563 985 recentes
1591 930 1909 999 junxerunt,
1938 931 2042 983 im-

468 1034 762 1096 ponerent,
789 1022 1019 1094 periculi
1073 1022 1311 1078 faciendi
1372 1038 1560 1086 causa,
1594 1038 1662 1077 an
1702 1023 1906 1078 virtute
1948 1024 2041 1078 Dei

465 1126 695 1186 propter
762 1114 1179 1171 tabernaculum
1215 1114 1457 1184 percussi
1512 1112 1762 1179 fuissent,
1803 1114 2044 1183 illudque

466 1210 613 1264 Deus
649 1223 716 1265 eo
745 1207 930 1265 reduci
956 1207 1145 1271 vellet,
1190 1208 1331 1261 unde
1363 1207 1618 1261 eductum
1652 1206 1855 1261 fuerat.
1884 1205 2042 1273 Quod

465 1315 590 1355 cum
622 1299 906 1364 fecissent,
943 1312 1146 1360 vacem,
1174 1297 1322 1351 nullo
1344 1297 1633 1351 hominum
1655 1297 1907 1360 ducente.
1932 1312 2039 1351 non

466 1391 522 1445 in
546 1406 670 1445 eum
702 1389 880 1445 locum
909 1398 1202 1453 venerunt,
1256 1388 1399 1442 unde
1438 1388 1693 1442 eductum
1718 1388 2042 1444 tabernacu-

468 1483 582 1537 lum
606 1482 808 1547 fuerat,
838 1480 935 1536 sed
974 1480 1029 1535 in
1079 1494 1271 1550 agrum
1322 1476 1603 1547 cujusdam
1654 1478 1893 1535 hominis
1947 1481 2041 1549 qui

464 1575 643 1630 Auses
679 1563 997 1637 vocabatur,
1037 1573 1230 1626 eodem
1284 1571 1521 1635 nomine,
1559 1585 1624 1625 ac
1675 1571 1787 1636 ille,
1823 1571 1914 1640 qui
1953 1572 2043 1627 Je-

462 1682 578 1732 sus,
601 1674 661 1721 ut
689 1665 804 1735 jam
838 1665 1044 1719 dictum
1068 1672 1173 1729 est,
1212 1662 1629 1732 cognominatus
1663 1664 1923 1733 populum
1957 1666 2043 1720 in-

466 1760 711 1815 troduxit
750 1759 805 1814 in
846 1766 1073 1825 terram,
1116 1771 1348 1826 eamque
1375 1755 1511 1825 ipsis
1534 1756 1836 1811 distribuit.
1867 1757 2039 1823 Quem

460 1849 517 1906 ln
552 1867 741 1923 agrum
770 1865 956 1905 vaccae
1003 1862 1127 1903 cum
1161 1848 1467 1910 venissent,
1506 1846 1871 1901 constiterunt
1904 1865 1920 1912 ;
1976 1863 2044 1903 ex

456 1959 568 2013 quo
602 1944 769 1997 etiam
815 1943 973 1997 vobis
1022 1949 1362 1995 monstratur
1406 1952 1503 1993 eas
1549 1938 1756 1995 virtute
1808 1940 2045 1995 nominis

466 2035 734 2090 deductas
767 2034 971 2097 fuisse;
1015 2030 1475 2101 quemadmodum
1520 2037 1677 2084 antea
1715 2030 1941 2100 p0pulus
1974 2045 2043 2085 ex

462 2128 580 2191 his,
605 2127 697 2195 qui
720 2140 785 2180 ex
809 2125 1048 2194 Egypto
1083 2120 1314 2191 profecti
1349 2120 1586 2185 fuerant,
1636 2119 1906 2184 residuus,
1948 2135 2043 2188 per

459 2231 605 2281 eum,
638 2214 731 2283 qui
758 2228 956 2267 nomen
992 2210 1119 2266 Jesu
1146 2209 1376 2277 accepit,
1412 2225 1537 2264 cum
1571 2210 1716 2265 Ause
1746 2217 1903 2263 antea
1944 2224 2042 2264 vo-

460 2313 702 2370 earetur,
733 2304 788 2357 in
825 2313 1030 2358 terram
1054 2303 1310 2356 inductus
1347 2308 1453 2355 est.

531 2398 655 2451 I35.
700 2394 913 2449 Duritia
952 2394 1125 2449 cordis
1176 2390 1483 2447 Judreorum
1522 2407 1620 2459 pro
1658 2390 1846 2462 quibus
1882 2404 2039 2445 orant

457 2487 856 2541 Christiani.—
875 2486 1084 2539 Etcum
1108 2485 1227 2539 haec
1257 2494 1313 2538 et
1333 2483 1435 2536 alia
1476 2480 1747 2550 ejusmodi
1777 2481 2038 2536 miracula

455 2578 760 2633 habueritis
779 2584 834 2631 et
854 2576 1084 2631 diversis
1110 2574 1447 2644 temporibus
1470 2573 1722 2627 videritis
1750 2612 1766 2638 ,
1800 2582 2039 2641 arguunt

456 2685 552 2724 vos
574 2669 757 2724 etiam,
784 2670 1086 2738 propheta},
1118 2666 1265 2736 quod
1298 2673 1510 2719 vestros
1540 2664 1701 2718 etiam
1736 2663 1879 2719 filios
1921 2664 2035 2718 dte-

456 2760 657 2816 nioniis
688 2759 1129 2823 immolaveritis,
1164 2766 1221 2812 et
1248 2757 1335 2811 bis
1368 2756 1673 2811 sceleribus
1700 2752 2034 2823 adieceritis,

453 2870 577 2925 qua:
613 2854 667 2909 in
711 2853 990 2908 Christum
1026 2850 1145 2903 ausi
1194 2849 1349 2912 estis,
1383 2856 1439 2904 et
1470 2848 1768 2903 etiamnum
1800 2847 2033 2911 audetis,

454 2946 523 3000 de
552 2945 751 3013 quibus
794 2942 1053 2997 omnibus
1099 2939 1326 3007 utinam,
1363 2952 1620 2993 concessa
1666 2936 1822 2992 vobis
1858 2951 1888 2990 a
1925 2938 2034 2991 Deo

452 3049 509 3096 et
541 3037 762 3094 Christo
793 3038 912 3102 ejus
951 3033 1354 3098 misericordia,
1412 3029 1720 3087 salvemiui.
1752 3027 1889 3083 Nam
1936 3044 2033 3098 per

452 3129 774 3201 prophetam
813 3125 1010 3181 Isaiam
1055 3124 1217 3187 Deus,
1256 3138 1378 3177 eum
1434 3122 1717 3191 prtesciret
1765 3136 1862 3177 vos
1915 3122 2033 3175 haec

452 3221 721 3288 facturos,
746 3223 820 3275 ita
854 3236 951 3277 vos
975 3229 1295 3276 exsecratus
1321 3227 1405 3273 est
1435 3234 1449 3272 :
1486 3236 1504 3269 ι
1540 3217 1634 3273 Va:
1660 3216 1861 3271 anima:
1888 3216 2033 3285 ipso-

451 3325 594 3377 rum,
627 3312 884 3380 quoniam
922 3310 1195 3366 consiliati
1228 3319 1356 3364 sunt
1389 3308 1681 3364 consilium
1736 3306 2032 3377 pessimum

451 3413 644 3457 contra
710 3403 1067 3473 semetipsos,
1117 3403 1414 3457 dicentes:
1457 3401 1754 3471 Alligemus
1801 3399 2030 3470 justum,

451 3495 712 3565 quoniam
774 3495 1159 3550 incommodus
1209 3503 1293 3549 est
1342 3494 1520 3548 nobis.
1570 3493 1761 3564 Itaque
1822 3492 2034 3548 fructus

452 3603 681 3658 operum
714 3603 937 3644 suorum
970 3589 1279 3643 comedent.
1301 3589 1388 3643 Va:
1419 3590 1607 3656 iniquo
1634 3608 1645 3642 :
1668 3586 1807 3641 mala
1840 3601 2034 3642 secun-

453 3681 583 3735 dum
615 3695 779 3750 Opera
805 3695 1063 3735 manuum
1095 3679 1212 3747 ejus
1242 3682 1495 3735 accident
1526 3680 1599 3733 ei.
1619 3678 1827 3750 Popule
1851 3692 2030 3743 meus,

454 3779 742 3825 exactores
779 3770 946 3825 vestri
999 3770 1241 3840 spoliant
1268 3786 1387 3833 vos,
1420 3779 1477 3825 et
1530 3770 1812 3838 exigentes
1858 3770 2033 3824 domi-

454 3862 729 3917 nabuntur
779 3862 955 3917 vobis.
986 3862 1191 3932 Popule
1245 3879 1424 3928 meus,
1449 3863 1543 3932 qui
1591 3863 1785 3918 beatos
1824 3877 1919 3918 vos
1949 3862 2033 3916 di-

452 3963 602 4023 cunt,
668 3955 948 4025 decipiunt
997 3971 1114 4022 vos,
1163 3966 1216 4011 et
1248 3957 1501 4011 semitam
1559 3956 1771 4009 viarum
1829 3967 2033 4009 vestra-

449 4060 572 4099 rum
623 4047 867 4100 turbant.
901 4045 1009 4101 Sed
1063 4061 1205 4101 nunc
1250 4047 1407 4100 sistet
1439 4046 1491 4098 in
1529 4045 1741 4114 judicio
1772 4044 2030 4113 populum

452 4153 639 4205 suum;
681 4146 739 4193 et
789 4138 905 4208 ipse
951 4137 1219 4193 Dominus
1275 4139 1343 4193 ad
1380 4139 1645 4209 judicium
1690 4138 1876 4193 veniet
1906 4152 2030 4191 cum

450 4230 761 4286 senioribus
818 4230 1026 4301 pepuli,
1079 4238 1138 4285 et
1196 4246 1319 4285 cum
1374 4230 1716 4301 principibus
1753 4230 1889 4298 ejus.
1921 4228 2030 4283 Vos

451 4329 634 4377 autem
669 4336 844 4391 quare
893 4322 1215 4377 incendistis
1242 4324 1454 4376 vineam
1492 4337 1689 4386 meam,
1733 4331 1788 4376 et
1835 4320 2028 4389 rapina

449 4416 709 4484 pauperis
755 4416 810 4470 in
858 4416 1112 4472 domibus
1154 4416 1392 4472 vestris?
1441 4416 1620 4482 Quare
1670 4430 1766 4471 vos
1815 4416 2030 4485 injuriis

2148 570 2249 641 τὴν
2291 570 2508 624 πάντων
2536 570 2723 633 ἁπλῶς
2752 569 3053 641 ἀνθρώπων
3102 573 3292 645 μέχρις
3326 576 3477 628 αὐτοῦ
3520 579 3680 650 Ἀδάμ.

2163 662 2486 716 Ἐπίστασθε
2521 658 2635 727 οῦν,
2667 662 2873 731 ἔλεγον,
2903 665 2983 717 ὅτι
3025 666 3125 736 τῆς
3156 666 3356 738 σκηνῆς
3383 668 3470 721 τοῦ
3509 688 3687 742 μαρτυ-

2152 753 2267 824 ρίου
2306 754 2411 806 ὑπὸ
2442 754 2550 807 τῶν
2581 754 2708 825 περὶ
2755 755 3039 819 Ἀζωτίους
3071 756 3338 827 πολεμίων
3364 759 3685 832 ἁρπαγείσης,

2149 846 2242 898 καὶ
2269 844 2484 916 πληγῆς
2510 846 2692 909 αὐτοῖς
2721 846 3096 918 γεγενημένης
3126 848 3359 919 φοϐερᾶς
3375 850 3459 903 καὶ
3476 852 3686 916 ἀνιάτου,

2148 938 2538 991 ἐϐουλεύσαντο
2564 939 2649 1007 ἐφ’
2685 938 2922 1008 ἀμάξης,
2962 940 3052 1008 ὑφ’
3156 939 3410 1010 δαμάλεις
3442 942 3689 1007 νεοτόκους

2146 1030 2394 1095 ἔζευξαν,
2422 1030 2713 1095 ἐπιθεῖναι,
2753 1032 2830 1094 εἰς
2876 1034 3070 1102 πεῖραν
3108 1032 3200 1085 τοῦ
3233 1033 3448 1100 γνῶναι,
3484 1036 3527 1086 εἰ
3553 1034 3690 1087 δυνά-

2149 1134 2239 1187 μει
2265 1118 2399 1171 Θεοῦ
2423 1118 2509 1170 διὰ
2541 1118 2638 1188 τὴν
2679 1119 2882 1189 σκηνὴν
2917 1120 3290 1191 πεπληγμένοι
3316 1124 3436 1185 εἰσὶ,
3470 1124 3556 1176 καὶ
3585 1124 3692 1193 βού-

2147 1206 2294 1262 λεται
2326 1211 2354 1261 ὁ
2384 1209 2515 1272 Θεὸς
2564 1210 2931 1280 ἀπενεχθῆναι
2972 1212 3139 1282 αὐτὴν
3179 1213 3300 1266 ὅθεν
3348 1214 3556 1285 ἐλήφθη.
3597 1217 3691 1270 Καὶ

2146 1299 2468 1369 πραξάντων
2490 1302 2673 1367 τοῦτο,
2709 1304 2763 1354 αἱ
2803 1302 3083 1371 δαμάλεις,
3118 1304 3222 1356 ὑπὸ
3250 1305 3467 1375 μηδενὸς
3496 1306 3692 1377 ὁδηγού-

2151 1408 2310 1461 μεναι
2342 1392 2666 1463 ἀνθρώπων,
2695 1394 2795 1447 οὐκ
2820 1390 2981 1464 ἦλθον
3013 1396 3109 1464 μὲν
3129 1397 3207 1458 είς
3228 1395 3319 1447 τὸν
3348 1397 3497 1449 τόπον
3524 1398 3692 1452 ὁπόθεν

2143 1482 2366 1552 εἴληπτο
2389 1485 2425 1554 ἡ
2448 1486 2642 1556 σκηνὴ,
2662 1486 2776 1539 ἀλλ’
2798 1489 2877 1549 είς
2904 1488 3101 1557 χωρίον
3126 1487 3271 1551 τινὸς
3310 1487 3495 1557 ἀνδρὸς
3522 1489 3693 1543 καλου-

2146 1575 2307 1645 μένου
2346 1577 2518 1649 Αύσῇ,
2543 1578 2833 1649 ὁμωνύμου
2868 1580 3074 1632 ἐκείνου
3105 1579 3197 1632 τοῦ
3235 1582 3693 1650 μετονομασθέντος

2140 1664 2219 1734 τῷ
2260 1665 2433 1736 Ἰησοῦ
2470 1667 2713 1737 ὀνόματι,
2747 1669 2823 1732 ὡς
2847 1668 3222 1738 προελέλεκτο,
3256 1669 3316 1733 ὃς
3350 1670 3693 1741 καὶείσήγαγε

2144 1754 2234 1807 τὸν
2257 1753 2383 1807 λαὸν
2409 1757 2488 1819 είς
2526 1756 2623 1828 τὴν
2667 1758 2790 1828 γῆν,
2837 1760 2931 1812 κα)⁵
2985 1758 3506 1831 κατεκληροδότησεν
3537 1762 3695 1823 αὐτοῖς

2147 1846 2335 1917 αὑτήν·
2377 1849 2456 1911 εἰς
2493 1847 2521 1900 δ
2568 1849 2764 1920 χωρίον
2788 1849 3071 1913 ἐλθοῦσαι,
3125 1851 3485 1921 μεμενήκασι,
3510 1850 3697 1903 δεικνυ-

2148 1937 2310 2008 μένου
2337 1938 2467 2008 ὑμῐν
2523 1938 2617 1990 καὶ
2666 1938 2753 1992 διὰ
2800 1939 3027 2004 τούτων,
3077 1941 3158 1993 ὅτι
3195 1940 3272 2010 τῷ
3312 1941 3413 2011 τῆς
3448 1941 3697 2011 δυνάμεως

2145 2028 2371 2098 ὀνόματι
2389 2029 2496 2099 (7.1)
2522 2028 2901 2101 ὼδηγὴθησαν,
2926 2031 3001 2093 ὡς
3024 2031 3284 2101 πρότερον
3312 2033 3344 2083 ὁ
3368 2030 3697 2101 περιλειφθεὶς

2144 2118 2273 2183 λαὸς
2305 2120 2413 2172 ἀπὸ
2436 2120 2546 2173 τῶν
2585 2122 2679 2173 ἀπ’
2708 2120 2982 2189 Αἰγύπτου
3010 2122 3361 2188 ἐξελθόντων,
3387 2121 3470 2173 διὰ
3495 2122 3578 2173 τοῦ
3613 2121 3696 2172 λα-

2144 2208 2331 2273 ϐόντος
2351 2209 2411 2262 τὸ
2445 2210 2615 2281 Ἰησοῦ
2640 2210 2832 2281 ὄνομα,
2863 2210 3015 2280 Αύσῆ
3068 2210 3339 2281 πρότερον
3372 2209 3697 2280 καλουμένου,

2143 2301 2222 2363 είς
2246 2299 2342 2369 τὴν
2374 2301 2476 2371 γῆν
2504 2300 2781 2371 ὼδηγήθη.

2170 2446 2175 2450 .
2216 2403 2338 2456 155.
2372 2405 2482 2457 Καὶ
2508 2402 2713 2457 τούτων
2744 2407 2837 2459 καὶ
2876 2406 3095 2460 πάντων
3122 2407 3231 2460 τῶν
3263 2407 3514 2460 τοιούτων
3546 2420 3701 2474 παρα-

2140 2491 2304 2558 δόξων
2339 2494 2432 2547 καὶ
2480 2493 2805 2564 θαυμαστῶν
2844 2496 2973 2566 ὑμῖν
3006 2498 3314 2567 γενομένων
3359 2514 3416 2548 τε
3464 2497 3551 2548 καὶ
3578 2496 3699 2562 ὀρω-

2143 2583 2318 2653 μένων
2339 2583 2479 2636 κατά
2494 2585 2738 2655 καιροὺς,
2758 2584 3043 2655 ἐλέγχεσθε
3061 2588 3153 2639 καὶ
3170 2586 3257 2639 διά
3281 2586 3564 2658 προφητῶν
3584 2584 3700 2655 (75),

2142 2671 2303 2743 μέχρι
2349 2672 2442 2725 τοῦ
2478 2674 2571 2726 καὶ
2603 2674 2671 2725 τά
2704 2674 2912 2726 ἑαυτῶν
2943 2676 3108 2728 τέκνα
3148 2675 3434 2729 τεθυκέναι
3465 2678 3569 2737 τοῖς
3596 2674 3700 2727 δαι-

2142 2764 2375 2836 μονίοις·
2415 2766 2507 2818 καὶ
2540 2766 2632 2818 ἐπὶ
2672 2764 2881 2829 τούτοις
2914 2768 3048 2819 πᾶσι
3078 2766 3305 2820 τοιαῦτα
3341 2765 3701 2836 τετολμηκένσι

2138 2857 2217 2919 εἰς
2260 2856 2351 2910 τὸν
2387 2858 2644 2928 Χριστὸν,
2682 2858 2776 2911 καὶ
2812 2858 2890 2911 ἔτι
2922 2858 3155 2929 τολμᾷν·
3195 2859 3281 2926 ἐφ’
3320 2855 3403 2921 οἷς
3450 2860 3573 2911 πᾶσι
3618 2858 3701 2925 γέ-

2137 2964 2277 3001 νοιτο
2335 2949 2483 3019 ὑμῖν,
2529 2949 2676 3013 ἕλεος
2728 2950 2880 3022 παρά
2913 2950 3007 3004 τοῦ
3056 2950 3191 3003 Θεοῦ
3227 2952 3325 3004 καὶ
3367 2951 3458 3005 τοῦ
3489 2950 3701 3022 Χριστοῦ

2137 3037 2305 3091 αὐτοῦ
2358 3036 2603 3102 λαϐοῦσι,
2647 3039 2904 3111 σωθῆναι.
2951 3040 3049 3092 Διά
3111 3040 3221 3111 γάρ
3282 3040 3384 3093 τοῦ
3449 3041 3704 3113 προφήτου

2059 3154 2105 3216 c
2148 3128 2368 3183 Ἡσαΐου
2401 3130 2867 3203 προεπιστάμενος
2899 3133 2927 3185 ὁ
2958 3131 3092 3195 Θεὸς
3138 3132 3317 3187 ταῦτα
3354 3133 3557 3206 μέλλειν
3576 3133 3702 3202 ὑμᾶς

2134 3225 2328 3285 ποιεῖν,
2364 3224 2711 3295 κατηράσατο
2760 3222 2961 3287 οὕτως’
3005 3244 3023 3275 ι
3067 3225 3202 3277 Οὐαὶ
3231 3228 3298 3297 τῇ
3343 3228 3485 3297 ψυχῇ
3519 3223 3699 3277 αὐτῶν

2136 3311 2511 3383 βεϐούλευνται
2539 3314 2730 3385 βουλὴν
2764 3316 3005 3386 πονηρὰν
3040 3315 3161 3368 καθ’
3193 3318 3426 3383 ἑαυτῶν,
3445 3316 3697 3376 εἰπόντες

2134 3406 2394 3476 Δήσωμεν
2426 3405 2517 3458 τὸν
2550 3406 2756 3459 δίκαιον
2790 3407 2870 3459 ὅτι
2904 3406 3243 3477 δύσχρηστος
3267 3408 3403 3477 ἡμῖν
3433 3407 3562 3459 ἐστι.
3593 3401 3703 3455 Τοί-

2133 3513 2227 3549 νυν
2259 3496 2329 3550 τά
2360 3498 2674 3569 γεννήματα
2708 3497 2813 3550 τῶν
2849 3497 3024 3567 ἔργων
3059 3497 3235 3550 αὐτῶν
3271 3499 3553 3566 φάγονται.
3585 3494 3706 3546 Οὐαὶ

2134 3590 2211 3661 τῷ
2237 3590 2421 3660 ἀνόμῳ
2438 3604 2452 3619 ⁶
2476 3588 2710 3659 πονηρὰ,
2736 3588 2877 3641 κατά
2907 3587 2979 3642 τὰ
3011 3588 3147 3661 ἔργα
3169 3589 3276 3641 τῶν
3305 3588 3501 3661 χειρῶν
3533 3588 3702 3647 αὑτοῦ,

2136 3681 2470 3752 συμϐήσεται
2522 3680 2690 3750 αὐτῷ.
2745 3680 2887 3743 Λαός
2918 3682 3053 3751 μου,
3103 3681 3153 3732 οἱ
3203 3681 3512 3751 πράκτορες
3567 3675 3703 3746 ὑμῶν

2135 3772 2491 3845 καλαμῶνται
2535 3773 2700 3843 ὑμᾶς,
2737 3772 2831 3824 καὶ
2871 3773 2920 3824 οἱ
2952 3771 3309 3835 ἀπαιτοῦντες
3346 3769 3704 3843 κυριεύσουσιν

2133 3864 2306 3934 ὑμῶν.
2356 3864 2499 3927 Λαός
2550 3880 2671 3934 μου,
2708 3866 2758 3916 oi
2813 3862 3209 3935 μακαρίζοντες
3252 3863 3399 3933 ὑμᾶς
3454 3860 3704 3914 πλανῶσιν

2135 3959 2296 4029 ὑμᾶς,
2352 3959 2446 4011 καὶ
2492 3957 2591 4029 τὴν
2644 3956 2825 4031 τρίϐον
2875 3956 2985 4009 τῶν
3018 3957 3149 4010 ὁδῶν
3185 3956 3296 4027 (76)
3336 3955 3488 4027 ὑμῶν
3518 3952 3704 4024 ταράσ-

2135 4067 2335 4103 σουσιν.
2387 4049 2547 4101 Ἀλλά
2595 4048 2688 4101 νῦν
2736 4049 3136 4118 καταστήσεται
3170 4048 3251 4109 εἰς
3283 4048 3465 4118 κρίσιν
3490 4046 3594 4116 (77)
3624 4044 3705 4095 τὸν

2132 4141 2257 4194 λαὸν
2302 4141 2488 4202 αὑτοῦ,
2526 4142 2621 4193 καὶ
2652 4140 2812 4202 αὐτὸς
2847 4139 3051 4210 Κύριος
3091 4141 3170 4201 είς
3210 4138 3391 4209 κρίσιν
3424 4138 3541 4208 ἥξει
3581 4133 3707 4206 μετά

2132 4230 2238 4284 τῶν
2272 4230 2656 4302 πρεσϐυτέρων
2689 4229 2782 4281 τοῦ
2818 4228 2946 4280 λαοῦ
2981 4228 3074 4281 καὶ
3102 4226 3209 4279 τῶν
3242 4229 3516 4299 ἀρχόντων
3532 4224 3702 4278 αὐτοῦ.

2144 4323 2331 4393 Ὑμεῖς
2363 4322 2419 4375 δὲ
2452 4323 2504 4373 τί
2539 4322 2895 4392 ἐνεπυρίσατε
2929 4320 3020 4373 τὸν
3054 4320 3353 4390 ἀμπελῶνά
3403 4336 3523 4390 μου,
3558 4316 3644 4369 καὶ
3672 4316 3703 4384 ἡ

2132 4414 2357 4485 ἁρπαγὴ
2381 4412 2474 4466 τοῦ
2513 4412 2729 4483 πτωχοῦ
2765 4414 2822 4465 έν
2860 4415 2972 4474 τοῖς
3007 4411 3177 4474 οἴκοις
3218 4412 3405 4481 ύμῶν;
3449 4412 3628 4480 Ὑμεῖς
3659 4406 3704 4459 τί

456 4506 676 4561 allicitis
717 4506 978 4576 populum
1023 4523 1225 4573 meum,
1252 4515 1309 4561 et
1355 4507 1549 4561 faciem
1579 4506 1864 4561 humilium
1898 4522 2028 4560 con—

2141 4506 2363 4559 Ξιδικεῐτε
2398 4504 2487 4557 τὸν
2528 4503 2654 4556 λαόν
2692 4520 2815 4573 μου,
2852 4504 2946 4555 καὶ
2978 4503 3039 4555 τὸ
3072 4504 3360 4573 πρόσωπον
3393 4502 3498 4554 τῶν
3530 4514 3703 4553 ταπει-

450 4598 776 4654 fnnditis"?
810 4618 829 4653 ι
866 4600 935 4654 Ει
985 4601 1093 4656 alio
1143 4601 1274 4655 item
1325 4599 1444 4655 loco
1483 4600 1625 4654 idem
1665 4601 1932 4670 propheta
1966 4599 2018 4653 in

449 4692 696 4748 eamdem
742 4694 1068 4749 sententiam
1098 4694 1235 4748 dixit
1266 4711 1281 4747 :
1324 4713 1341 4746 ι
1377 4692 1489 4760 Vae,
1517 4694 1609 4763 qui
1642 4694 1865 4747 trahunt
1897 4706 2025 4761 pee-

447 4792 570 4839 cata
605 4799 700 4840 sua
731 4785 889 4855 quasi
924 4786 1165 4841 funiculo
1192 4785 1445 4856 longo,et
1467 4786 1620 4855 quasi
1647 4784 1758 4853 jugi
1793 4783 2022 4851 corrigia

445 4876 652 4941 vitulae,
689 4877 1043 4947 iniquitates;
1080 4878 1170 4947 qui
1213 4877 1408 4932 dicunt
1441 4894 1456 4930 :
1491 4876 1757 4933 Celeritas
1781 4876 1897 4943 ejus
1928 4890 2026 4943 ap-

446 4968 802 5040 propinquet,
833 4977 889 5023 et
937 4968 1125 5023 veniat
1176 4969 1464 5023 consilium
1518 4969 1689 5023 sancti
1738 4965 1926 5031 Israel,
1964 4973 2024 5017 nt

448 5075 864 5129 cognoscamus.
912 5059 1026 5127 Vze,
1055 5060 1149 5130 qui
1188 5060 1380 5115 dicunt
1434 5060 1635 5115 bonum
1689 5059 1910 5124 malum,
1964 5064 2023 5109 et

446 5152 652 5207 malum
711 5153 934 5219 bonum,
982 5153 1078 5223 qui
1131 5162 1340 5223 ponunt
1388 5151 1564 5207 lucem
1625 5153 1900 5215 tenebras,
1963 5160 2020 5205 et

551 5309 595 5339 ⁵⁷
628 5308 727 5362 lsa.
766 5324 847 5371 ιιι,
878 5306 912 5362 9
945 5316 999 5363 et
1030 5322 1113 5378 sq.

516 5465 622 5536 (7i)
648 5462 731 5529 Τῷ
753 5462 861 5531 τῆς
885 5463 1190 5530 δυνάμεως
1213 5462 1472 5536 ὀνόματι.
1505 5457 1758 5536 Justinus
1781 5466 1873 5512 aut
1891 5456 2020 5536 scri-

442 5528 547 5604 psit
569 5528 661 5586 aut
692 5528 930 5604 scribere
960 5528 1228 5601 votuitnf,
1250 5528 1883 5604 τοῦόνόματοςδυγάμει.
1918 5528 2017 5604 Τιι.

514 5609 626 5669 (75)
656 5605 763 5658 Καὶ
799 5603 897 5657 διὰ
930 5604 1048 5658 τῶν
1081 5600 1419 5671 προφητῶν.
1450 5602 1582 5654 Illud
1616 5600 1709 5653 καί
1748 5602 1886 5652 hanc
1937 5601 2021 5651 vi-

442 5680 604 5728 detur
638 5678 841 5729 habere
873 5674 1223 5734 sententiam,
1259 5674 1533 5726 lsr'aclitas
1588 5674 1753 5725 etiam
1814 5685 1842 5720 ει
1892 5684 2017 5735 pro-

445 5746 625 5813 phetis
658 5747 1018 5811 reprehensos
1046 5744 1234 5810 fuisse,
1261 5760 1383 5797 eum
1417 5744 1555 5796 idem
1582 5740 1690 5797 illis
1719 5753 1958 5807 persaepe
1987 5752 2015 5789 a

448 5816 629 5884 Moyse
662 5815 975 5870 accidisset.

2124 4595 2230 4649 νῶν
2265 4595 2673 4665 κατῃσχύνατε;
2718 4613 2736 4644 ›
2780 4593 2891 4646 Καὶ
2936 4593 2995 4644 ἐν
3037 4592 3242 4663 ἑτέροις
3277 4592 3442 4645 πάλιν
3482 4591 3650 4657 λόγοις
3679 4587 3705 4638 ὁ

2124 4688 2285 4750 αὐτὸς
2330 4687 2612 4757 προφήτης
2649 4688 2728 4748 εἰς
2774 4684 2835 4736 τὸ
2868 4685 2999 4737 αὐτὸ
3036 4680 3221 4737 εἶπεν·
3265 4703 3283 4734 ι
3326 4684 3466 4736 Οὐαὶ
3512 4684 3558 4735 oi
3593 4682 3703 4732 ἐπι-

2127 4776 2401 4846 σπώμενοι
2429 4777 2527 4839 τὰς
2560 4776 2832 4845 ἁμαρτίας
2851 4774 3030 4827 αὐτῶν
3063 4775 3138 4837 ὠς
3169 4776 3226 4827 έν
3250 4774 3467 4843 σχοινίῳ
3501 4766 3702 4841 μακρῷ,

2127 4871 2222 4923 κα¹ι¹
2256 4869 2331 4930 ὡς
2365 4866 2527 4935 ζυγοῦ
2586 4868 2767 4937 ἱμάντι
2815 4865 3100 4937 δαμάλεως
3133 4864 3230 4926 τάς
3264 4864 3518 4933 ἀνομίας·
3545 4861 3592 4913 οἱ
3623 4858 3697 4910 λέο

2128 4977 2347 5030 γοντες·
2394 4959 2467 5011 Τὸ
2513 4958 2675 5028 τάχος
2724 4958 2888 5010 αὐτοῦ
2954 4956 3248 5025 ἐγγισάτω,
3305 4956 3401 5008 καὶ
3436 4950 3629 5004 ἐλθέτω
3671 4947 3702 5017 ἡ

2130 5053 2290 5123 βουλὴ
2322 5051 2417 5103 τοῦ
2438 5052 2592 5119 ἁγίου
2627 5049 2861 5120 Ἰσραὴλ,
2896 5049 2981 5102 ἴνα
3013 5047 3248 5117 γνῶμεν.
3279 5047 3417 5098 υύαὶ
3450 5046 3497 5095 οί
3531 5042 3702 5107 λέγονεο

2127 5165 2217 5210 τες
2266 5147 2326 5198 τὸ
2375 5143 2607 5214 πονηρὸν
2641 5142 2803 5195 καλὸν
2842 5142 2935 5194 καὶ
2974 5140 3036 5193 τὸ
3069 5139 3232 5194 καλὸν
3266 5136 3531 5207 πονηρόν·
3552 5134 3600 5187 οἱ
3632 5148 3704 5183 τι-

2196 5455 2305 5523 (76)
2346 5456 2551 5523 Τρίϐον
2600 5452 2719 5506 τῶν
2751 5451 2924 5507 ὁδῶν.
2954 5451 3123 5506 Biblia
3179 5449 3458 5523 et_l’atres
3507 5446 3698 5500 habent

2124 5519 2232 5579 τῶν
2268 5519 2464 5579 ποδῶν.
2493 5524 2738 5578 Justinus
2767 5533 2827 5576 ut
2863 5526 2913 5576 in
2957 5523 3201 5577 llehrzco.
3239 5519 3463 5572 Tutum.

2197 5596 2307 5665 (77)
2354 5592 2806 5660 Καταστήσεται
2837 5596 2924 5659 είς
2948 5594 3193 5665 ίκρίςιικκὲ
3220 5590 3496 5644 Justinum
3531 5583 3700 5665 :l‘ltirl-

2125 5658 2246 5721 bius
2291 5658 2580 5733 scripsisse
2624 5658 2809 5732 putat,
2842 5658 2907 5715 ut
2946 5658 3001 5714 in
3060 5663 3269 5720 Btbliis.
3304 5658 3698 5733 καταστήσεται

2122 5739 2203 5799 εἰς
2244 5722 2423 5805 κρίσιν
2470 5722 2691 5805 Κύριός,
2724 5734 2819 5788 καὶ
2870 5734 3054 5804 στήσει
3103 5735 3182 5795 εἰς
3234 5731 3413 5801 κρίσιν
3464 5722 3552 5780 τὸν
3581 5722 3701 5777 λαὸν

2126 5823 2308 5860 αυτου.
