3954 6258
241 383 340 444 785
1266 383 1608 442 DIALOGUS
1641 380 1787 439 CUM
1823 377 2198 436 TRYPHONE
2229 377 2496 436 JUDIEO.
3426 378 3528 434 786

239 502 420 567 θέντες
477 501 539 556 τὸ
603 499 733 571 φῶς
789 502 1018 573 σκότος,
1055 506 1152 560 καὶ
1188 504 1248 561 τδ
1292 505 1481 568 σκότος
1515 502 1630 572 φῶς
1653 519 1666 532 ο
1701 502 1749 555 οἱ
1780 516 1849 552 τι·

1963 497 2218 553 tenebras
2247 496 2458 561 lucem;
2482 492 2574 564 qui
2597 501 2807 564 ponunt
2834 506 3083 550 amarum
3105 491 3282 558 dulce,
3301 500 3356 548 et
3376 492 3534 550 dulce

237 595 416 657 θέντες
449 593 511 646 τὸ
540 594 763 665 πικρὸν
794 596 1004 665 γλυκὺ,
1042 599 1138 652 καὶ
1169 596 1230 650 τὸ
1262 597 1433 666 γλυκὺ
1469 593 1687 666 πικρόν.
1725 593 1849 646 0ὑαῖ

1964 584 2377 652 αιηιιιπιιιη.ναι,
2419 585 2512 656 qui
2562 593 2693 640 sunt
2747 586 2925 656 arguti
2983 585 3039 642 in
3092 584 3423 654 semetipsis,
3475 593 3533 638 et

235 687 279 739 oi
316 686 524 738 συνετοὶ
560 685 628 738 ὲν
666 685 906 750 ἑαυτοῖς
942 688 1041 740 καὶ
1081 686 1310 741 ὲνὼπιον
1346 684 1526 740 αὑτῶν
1554 684 1849 754 ἐπιστήμο-

1962 692 2146 733 coram
2176 675 2486 747 semetipsis
2516 673 2775 732 scientes.
2807 675 2917 742 Vae,
2948 673 3193 730 valentes
3218 673 3409 739 vestri,
3434 675 3530 744 qui

236 794 336 840 νες.
370 776 503 829 Οὐαὶ
538 777 597 828 οἱ
652 775 955 848 ἰσχύοντες
993 779 1167 850 ὑμῶν,
1201 780 1249 832 οἱ
1287 777 1381 830 τὸν
1424 772 1565 830 οἶνον
1593 773 1849 837 ’τείνοντες1

1959 769 2152 824 bibunt
2177 767 2385 835 vinum,
2407 775 2460 824 et
2489 776 2760 838 potentes,
2793 777 2850 823 et
2885 767 2978 837 qui
3007 767 3239 823 miscent
3272 768 3528 832 siceram,

237 870 322 921 καὶ
374 871 424 921 οἱ
483 868 803 933 δυνάσται,
841 872 940 924 καὶ
989 873 1038 924 οξ
1085 871 1379 943 κιρνῶντες
1429 869 1493 922 τὸ
1539 866 1762 936 σίκερα*
1809 868 1849 919 οΙ

1961 863 2050 931 qui
2076 861 2381 931 justiﬁeant
2410 860 2639 930 impium
2667 869 2889 930 propter
2915 874 3168 924 munera,
3197 869 3256 916 et
3280 859 3372 927 ius
3395 859 3532 928 justi

1961 954 2176 1010 tollunt.
2207 953 2440 1022 Propter
2469 953 2593 1020 hoc,
2613 953 2756 1008 sicut
2776 959 2964 1008 uretur
2991 951 3196 1024 stipula
3229 967 3261 1008 a
3287 953 3534 1008 carbone

1958 1045 2124 1115 ignis,
2145 1044 2307 1100 simul
2329 1058 2550 1114 quoque
2570 1044 2958 1100 comburantur
2977 1057 3009 1098 a
3031 1041 3248 1100 ﬂamma
3274 1043 3532 1107 ardente;

1958 1137 2112 1192 radix
2150 1136 2304 1206 quasi
2340 1136 2539 1206 lanugo
2567 1136 2695 1202 erit,
2724 1147 2780 1192 et
2811 1135 2911 1192 ﬂos
2939 1151 3128 1192 eorum
3157 1135 3314 1206 quasi
3349 1135 3532 1204 pulvis

1958 1229 2232 1284 ascendet.
2267 1228 2432 1299 226
2469 1227 2586 1283 Non
2615 1229 2764 1284 enim
2785 1228 3081 1302 voluerunt
3111 1227 3283 1299 legem
3317 1227 3534 1283 Domini

1958 1320 2228 1388 Sabaoth,
2258 1321 2352 1375 sed
2384 1321 2660 1390 eloquium
2697 1320 2914 1376 Domini
2948 1319 3123 1377 sancti
3145 1319 3315 1375 Israel
3343 1319 3535 1374 irrita-

232 960 564 1024 δικαιοῦντες
611 961 720 1015 τὸν
761 963 941 1034 ἀσεϐῆ
975 963 1160 1017 ἕνεκεν
1193 961 1398 1034 δώρων,
1435 961 1531 1014 καὶ
1561 959 1622 1012 τὸ
1653 957 1858 1011 δίκαιον

232 1049 317 1104 τοῦ
354 1051 574 1104 δικαίου
603 1053 901 1124 αἴροντες.
943 1054 1045 1107 Διὰ
1076 1052 1232 1107 τοῦτο
1267 1053 1326 1106 ὃν
1364 1050 1563 1123 τρόπον
1597 1047 1857 1116 καυθήσε-

232 1158 313 1192 ται
344 1141 578 1213 καλάμη
619 1143 747 1195 ὑπὸ
783 1142 1059 1214 ἄνθρακος
1107 1141 1298 1214 πυρὺς,
1332 1144 1426 1195 καὶ
1481 1137 1854 1208 συγκαυθήσε-

233 1252 311 1288 ται
359 1235 464 1288 ὑπὸ
532 1235 769 1305 φλογὸς
815 1236 1114 1307 καιομένης
1159 1235 1295 1304 (78),
1339 1236 1373 1306 ἡ
1419 1233 1542 1305 ῥίζα
1591 1235 1668 1298 ὼς
1698 1233 1856 1305 χνοῦς

239 1327 396 1391 ἔσται,
432 1328 535 1381 καὶ
574 1329 649 1381 τὸ
685 1328 863 1390 ἄνθος
894 1327 1072 1381 αὐτῶν
1089 1327 1165 1390 ὡς
1200 1325 1472 1397 κονιορτὸς
1503 1325 1849 1397 ἀναϐήσεται.

234 1419 298 1470 οὐ
338 1418 449 1489 γὰρ
499 1419 819 1491 ἠθέλησαν
849 1421 943 1472 τὸν
997 1419 1157 1489 νόμον
1197 1417 1403 1489 Κυρίου
1437 1416 1682 1482 Σαϐαὼθ,
1719 1416 1849 1470 ἀλλὰ

1958 1422 2178 1468 verunt.
2213 1413 2280 1467 Et
2307 1413 2624 1482 indignatus
2656 1423 2742 1470 est
2773 1414 2854 1469 ira
2886 1413 3146 1468 Dominus
3179 1410 3450 1476 Sabaoth,
3480 1419 3538 1467 et

235 1510 286 1562 τὸ
310 1510 486 1578 λόγιον
523 1511 773 1582 Κυρίου
812 1510 908 1564 τοῦ
938 1511 1093 1579 ἁγίου
1139 1509 1353 1580 Ἰσραὴλ
1377 1508 1717 1580 παρώξυναν.
1741 1511 1849 1563 Καὶ

1957 1505 2183 1558 immisit
2209 1518 2402 1558 manus
2437 1517 2600 1574 super
2625 1519 2740 1570 eos,
2786 1511 2842 1558 et
2876 1504 3144 1573 percussit
3173 1516 3291 1568 eos,
3333 1508 3388 1555 et
3411 1515 3538 1556 con-

233 1601 473 1674 ἐθυμώθη
495 1604 662 1674 ὀργῇ
695 1603 915 1674 Κύριος
948 1603 1194 1671 Σαϐαὼθ,
1219 1605 1313 1658 καὶ
1345 1602 1576 1656 ἐπέϐαλε
1609 1603 1707 1668 τὰς
1741 1609 1849 1675 χεῖ-

1957 1596 2156 1650 citatus
2184 1603 2269 1650 est
2297 1595 2351 1648 in
2384 1603 2598 1649 montes
2629 1613 2643 1649 :
2671 1605 2727 1650 et
2767 1594 2913 1650 facta
2960 1583 3087 1648 sunt
3118 1592 3404 1648 morticina
3438 1605 3537 1645 eo-

233 1711 320 1764 ρας
365 1696 455 1747 ἐπ’
511 1696 772 1760 αὐτοὺς,
810 1698 907 1750 καὶ
953 1697 1219 1761 ἐπάταξεν
1256 1697 1474 1761 αὐτοὺς,
1523 1697 1618 1750 καὶ
1673 1714 1849 1768 παρω-

1957 1700 2071 1739 rum
2126 1685 2182 1738 in
2237 1685 2438 1749 medio,
2473 1685 2628 1754 quasi
2681 1692 2895 1740 stercus
2939 1683 3062 1738 vim.
3088 1682 3158 1738 Et
3187 1683 3240 1738 in
3281 1681 3534 1738 omnibus

233 1786 377 1858 ξύνθη
412 1789 516 1841 ἐπὶ
566 1789 650 1842 τὰ
710 1789 856 1860 ὅρη·
898 1791 990 1843 καὶ
1031 1789 1262 1860 ἐγενήθη
1310 1788 1379 1842 τὰ
1421 1788 1714 1860 θνησιμαῖα
1752 1791 1848 1844 αὺ-

1957 1776 2037 1830 his
2074 1791 2181 1830 non
2216 1785 2344 1830 sunt
2374 1775 2576 1842 aversi,
2603 1775 2700 1830 sed
2752 1776 2932 1830 adhuc
2984 1789 3179 1828 manus
3218 1788 3408 1830 eorum
3432 1787 3531 1827 ex-

229 1879 326 1931 τῶν
355 1881 413 1931 ἐν
446 1879 626 1950 μέσῳ
665 1881 756 1942 ὡς
805 1879 1010 1951 κοπρία
1059 1881 1199 1934 ὁδοῦ.
1236 1881 1346 1934 Καὶ
1388 1881 1446 1936 ὲν
1480 1882 1612 1934 πᾶσι
1644 1881 1849 1945 τούτοις

1957 1867 2096 1922 celsa
2115 1868 2178 1920 ⁸⁸.
2215 1886 2234 1920 ι
2269 1867 2404 1922 Vere
2431 1868 2577 1921 enim
2608 1867 2785 1921 adhuc
2831 1880 3028 1920 manus
3059 1874 3244 1920 vestra
3294 1864 3365 1919 ad
3391 1863 3532 1920 male

230 1972 317 2024 οὐκ
371 1973 858 2043 ἀπεστράφησαν
905 1972 1039 2043 (79),
1092 1973 1206 2026 ἀλλ’
1253 1972 1334 2026 ἔτι
1397 1975 1430 2044 ἡ
1485 1975 1608 2047 χεὶρ
1675 1973 1849 2027 αὐτῶν

1957 1959 2225 2028 agendum
2280 1967 2502 2014 extenta
2567 1967 2679 2025 est;
2713 1957 2913 2028 quippe
2942 1957 3035 2026 qui
3079 1971 3202 2012 cum
3247 1955 3532 2012 Christum

229 2060 411 2133 ὑψηλή.
458 2081 481 2115 ι
531 2065 678 2116 Ἔτι
715 2062 836 2134 γὰρ
864 2063 1077 2134 ἀληθῶς
1108 2065 1141 2134 ὴ
1177 2066 1298 2136 χεὶρ
1332 2062 1486 2135 ὑμῶν
1519 2063 1655 2134 πρὸς
1688 2079 1849 2116 κακο-

1957 2050 2284 2113 occideritis,
2318 2065 2386 2105 ne
2421 2053 2501 2106 sic
2543 2051 2762 2122 quidem
2795 2049 3174 2119 paenitentiam
3217 2048 3405 2120 agitis,
3435 2050 3536 2104 sed

232 2156 396 2208 ⁸ιιοιίιιν
437 2154 783 2227 ὑψηλὴ,ὃτι
833 2154 1060 2208 καὶτὸν
1117 2155 1351 2226 Χριστὸν
1414 2154 1849 2219 ἀποκτείναντες,

1958 2157 2057 2197 nos
2084 2142 2271 2208 etiam,
2298 2143 2390 2212 qui
2446 2157 2546 2211 per
2592 2155 2716 2195 eum
2746 2141 2855 2194 Deo
2885 2149 2942 2194 et
2970 2139 3118 2194 Patri
3153 2138 3534 2194 universorum

229 2245 325 2300 oti-5‘
352 2246 546 2311 οὕτως
607 2249 963 2318 μετανοεῖτε,
1001 2245 1136 2300 ἀλλὰ
1168 2246 1263 2300 καὶ
1294 2248 1443 2318 ἡμᾶς
1474 2247 1601 2310 τοὺς
1630 2245 1849 2300 πιστεύ-

1958 2232 2313 2298 credidimus,
2352 2232 2570 2298 odistis,
2590 2243 2644 2287 ct
2671 2231 2888 2301 quoties
2921 2229 3153 2285 facultas
3181 2231 3359 2292 datur.
3383 2229 3534 2286 occi-

235 2355 421 2403 σσντας
477 2339 556 2392 δι’
613 2337 798 2392 αὐτοῦ
853 2337 931 2408 τῷ
963 2337 1081 2408 Θεῷ
1111 2338 1204 2391 καὶ
1241 2339 1416 2410 Πατρὶ
1458 2337 1566 2391 τῶν
1598 2337 1733 2392 ὅλων
1769 2356 1849 2408 μι-

1957 2323 2119 2384 ditis;
2180 2324 2441 2394 illumque
2498 2325 2878 2379 indesinenter
2930 2329 2986 2377 et
3034 2335 3148 2388 eos,
3177 2322 3272 2391 qui
3318 2322 3388 2377 ab
3438 2319 3534 2374 illo

233 2432 363 2483 σεῖτε
424 2432 538 2484 καὶ
618 2428 913 2498 φονεύετε,
966 2429 1156 2492 ὁσάκις
1204 2428 1270 2482 ἂν
1317 2427 1516 2501 λάϐητε
1577 2427 1849 2493 ἐξουσίαν’

1958 2416 2063 2472 orti
2099 2425 2248 2481 sunt,
2290 2415 2688 2481 exsecramini;
2718 2430 2843 2470 cum
2875 2427 2976 2470 nos
3015 2429 3210 2469 omnes
3241 2426 3341 2482 pro
3380 2412 3534 2468 vobis

233 2521 608 2585 ἀδιαλείπτως
645 2521 709 2574 δὲ
747 2519 1062 2593 καταρᾶσθε
1101 2519 1251 2591 αὐτῷ
1294 2537 1354 2573 τε
1387 2519 1598 2591 ἐκείνῳ,
1628 2521 1849 2585 καὶτοῖς

1961 2521 2272 2576 precemur,
2321 2521 2386 2562 ac
2456 2522 2555 2576 pro
2614 2508 2866 2563 omnibus
2921 2506 3143 2561 omnino
3197 2503 3534 2570 hominibus,

231 2611 312 2664 ἀπ’
346 2612 554 2677 αὐτοῦ,
575 2613 818 2665 πάντων
861 2592 1017 2684 ἡμῶν
1049 2613 1356 2684 εὐχομένων
1393 2613 1534 2684 ὑπὲρ
1566 2613 1849 2683 ὑμῶν,καὶ

1958 2595 2413 2666 quemadmodum
2464 2613 2494 2651 a
2536 2597 2754 2652 Christo
2796 2605 2988 2652 nostro
3012 2595 3320 2651 etLDomino
3353 2592 3536 2648 facere

229 2703 360 2773 ὑπὲρ
386 2703 638 2758 πάντων
681 2702 876 2767 ἁπλῶς
901 2701 1221 2774 ἀνθρώπων,
1255 2703 1332 2767 ὡς
1363 2703 1468 2757 ὑπὸ
1490 2703 1585 2756 τοῦ
1617 2703 1849 2775 Χριστοῦ

1963 2689 2143 2744 edocti
2174 2687 2398 2758 sumus;
2432 2690 2524 2759 qui
2557 2689 2836 2759 prtecepit,
2867 2696 2928 2743 ut
2958 2687 3125 2744 etiam
3156 2700 3257 2757 pro
3297 2684 3536 2743 inimicis

229 2793 386 2865 ἡμῶν
417 2796 521 2850 καὶ
548 2795 779 2866 Κυρίου
800 2798 973 2849 ποιεῖν
995 2795 1371 2868 ἐδιδάχθημεν,
1389 2795 1849 2868 παραγγείλαντος

1957 2795 2267 2852 precemur,
2300 2792 2357 2836 et
2415 2796 2511 2837 eos
2545 2781 2838 2853 diligamus
2895 2779 2990 2851 qui
3038 2794 3137 2835 nos
3177 2778 3436 2846 oderunt,
3477 2786 3536 2836 et

228 2886 364 2954 ἡμῖν
403 2883 689 2955 εὔχεσθαι
745 2886 844 2938 καὶ
878 2885 1020 2956 ὑπὲρ
1051 2884 1160 2938 τῶν
1203 2882 1434 2956 ἐχθρῶν,
1488 2886 1584 2939 καὶ
1635 2885 1849 2956 ἀγαπᾷν

1959 2873 2416 2929 maledicentibus
2443 2873 2858 2928 benedicamus.

233 2979 370 3040 τοὺς
406 2977 750 3047 μισοῦντας,
783 2979 878 3031 καὶ
911 2977 1150 3047 εὐλογεῖν
1183 2978 1310 3040 τοὺς
1339 2977 1781 3049 καταρωμένους.
2113 3048 2118 3049 ν
2195 3047 2230 3049 __
2299 3045 2311 3049 Α
2374 3046 2386 3049 Α
2478 3045 2494 3049 Α
2611 2998 2619 3006 ·

297 3040 434 3121 134..
473 3069 545 3122 El
581 3065 684 3123 οὖν
715 3040 816 3122 καὶ
845 3070 991 3140 ὑμᾶς
1022 3040 1260 3122 δυσωπεῖ
1291 3068 1364 3122 τά
1391 3085 1454 3121 τε
1637 3085 1849 3142 προφη-

2028 3048 2153 3105 154.
2183 3045 2435 3102 Ecclesia
2455 3045 2632 3116 ﬁgura
2663 3043 2927 3100 connubia
2977 3041 3174 3099 Iacob.
3194 3075 3265 3085 —
3287 3040 3457 3113 Igitur
3482 3043 3533 3098 si

230 3156 349 3209 τῦν
386 3157 739 3230 διδάγματα,
776 3133 969 3212 καὶυτὰ
1016 3160 1226 3213 ἐκείνου
1259 3159 1446 3225 αὐτοῦ,
1476 3133 1849 3229 βέλτιόν-ἐστιν

1957 3155 2056 3197 vos
2083 3154 2300 3211 quoque
2327 3147 2380 3194 et
2403 3138 2787 3208 prophetarum
2815 3145 2872 3191 et
2901 3136 3071 3204 ipsius
3104 3133 3253 3190 illius
3278 3134 3535 3192 doctrina

1959 3241 2254 3253 _.-__._‘-__-.
2333 3230 2498 3253 ---:---
2552 3237 2631 3253 -..ι
2680 3237 2734 3253 ..ι
2777 3228 2948 3253 nm...
2995 3226 3296 3253 -Αη.ιη..οιξηῗ
3364 3239 3528 3253 annm

235 3246 386 3316 ὗμᾶς
435 3226 536 3320 τῷ
559 3226 698 3321 ’Θεῷ
732 3248 959 3304 ἕπεσθαι
993 3251 1026 3320 ἢ
1068 3253 1179 3314 τοῖς
1205 3226 1487 3315 ἀσυνέτως
1509 3253 1604 3306 καὶ
1626 3252 1849 3322 τυφλοῖς

1957 3241 2293 3297 commovet,
2332 3230 2500 3287 satius
2548 3237 2633 3284 est
2680 3237 2741 3284 ut
2777 3228 2950 3282 Deum
2995 3226 3336 3297 sequamini,
3362 3239 3531 3296 quam

233 3318 592 3405 διδασκάλοις
617 3318 798 3412 ὑμῶν,
816 3318 1025 3406 οἵτινες
1036 3343 1132 3396 καὶ
1153 3344 1314 3415 μέχρι
1342 3343 1438 3399 νῦν
1463 3345 1558 3398 καὶ
1575 3318 1849 3415 τέσσαρας

1957 3325 2325 3397 imprudentes
2352 3333 2408 3379 et
2437 3337 2610 3378 caecos
2639 3321 2929 3392 magistros
2960 3330 3197 3385 vestros,
3219 3319 3312 3389 qui
3335 3318 3536 3374 etiam-

238 3433 341 3485 καὶ
371 3433 541 3486 πέντε
577 3408 731 3504 ἔχειν
765 3435 908 3506 ὑμᾶς
927 3408 1190 3504 γυναῖκας
1221 3408 1452 3492 ἕκαστον
1488 3408 1849 3510 συγχωροῦσι,

1957 3423 2082 3472 num
2112 3426 2351 3487 quatuor
2381 3423 2475 3470 aut
2499 3413 2744 3484 quinque
2776 3424 2977 3466 uxores
3000 3410 3206 3464 habere
3237 3408 3532 3478 unicuique

238 3525 340 3578 και
391 3523 494 3577 ἐὰν
551 3503 839 3595 essepeti}:
882 3503 967 3581 τιξ
990 3527 1102 3597 (80)
1143 3527 1265 3582 ἰδὼν
1298 3503 1848 3602 ἐπιθυμήσῄάιτῆς-

1957 3509 2309 3580 permittunt;
2344 3515 2400 3562 et
2428 3506 2475 3562 si
2508 3505 2634 3576 quis
2659 3510 2953 3558 venustam
2997 3503 3297 3570 inspiciens
3324 3514 3531 3556 concu-

239 3615 346 3678 τὰς
391 3613 602 3668 Ἰακὼϐ
629 3591 1108 3690 τοῦ-Ἰσραὴλκαλ.
1139 3619 1250 3673 τῶν
1285 3591 1476 3675 ἄλλων·
1495 3591 1849 3694 πατριαρχιῦν

1957 3602 2186 3674 piverit,
2235 3599 2403 3658 Jacob
2445 3598 2539 3670 qui
2585 3595 2754 3653 Israel
2799 3595 2978 3651 dictus
3023 3604 3144 3662 est,
3181 3603 3237 3649 et
3296 3591 3533 3647 aliorum

240 3707 486 3778 πράξεις
542 3708 984 3780 ἀνιστοροῦνιες,
1019 3711 1114 3764 καὶ⁹
1156 3711 1324 3783 μηδὲν
1361 3713 1569 3768 ἀδικεῖν
1602 3692 1849 3782 λέγοντες

1957 3693 2392 3766 patriarcharum
2435 3692 2602 3759 facta,
2622 3696 3132 3751 commemorantes,
3175 3700 3240 3740 ac
3273 3692 3535 3756 negantes

396 3799 472 3852 τὰ
503 3800 672 3870 ὃμοια
707 3777 1047 3871 πράττοντας
1065 3820 1079 3833 ο
1105 3777 1332 3868 τάλανες
1369 3803 1464 3858 καὶ
1501 3777 1718 3876 ἀνόητοι
1758 3777 1849 3861 καί

1957 3801 2206 3859 peccare,
2243 3787 2288 3840 si
2323 3785 2446 3856 quis
2492 3784 2694 3840 similia
2749 3783 2954 3850 faciat;
2993 3780 3184 3836 miseri
3220 3779 3325 3833 hac
3365 3777 3531 3844 etiam

247 3888 395 3942 κατὰ
424 3869 593 3942 τοῦτο
618 3869 793 3954 ὄντες.
835 3891 924 3956 Ὦς
948 3893 1193 3964 προέφην
1215 3894 1344 3967 γὰρ,
1377 3869 1678 3966 οἰκονομίαι
1709 3898 1849 3961 τινὲς

1957 3880 2010 3934 in
2054 3893 2113 3936 re
2153 3888 2209 3933 et
2247 3877 2587 3945 Insipientes.
2632 3874 2796 3940 Nam,
2831 3882 2892 3928 ut
2931 3872 3046 3941 jam
3079 3870 3213 3936 dixi,
3247 3869 3531 3938 dispensae

253 3982 512 4051 μεγάλων
567 3984 889 4054 μυστηρίων
932 3986 992 4038 ὲν
1035 3987 1242 4061 ἑκάστῃ
1266 3989 1371 4042 τινὶ
1402 3989 1623 4061 τοιαύτῃ
1656 3990 1855 4061 πράξει

251 4069 643 4125 ἁπτελοῦντο.
705 4072 794 4126 Ἐν
831 4073 940 4146 γὰρ
981 4079 1095 4140 τοῖς
1136 4077 1335 4148 γάμοις
1387 4079 1483 4133 τοῦ
1523 4081 1737 4147 Ἰακὼϐ,
1771 4081 1854 4146 τίς

252 4162 538 4230 οἰκονομία
564 4163 662 4216 καὶ
694 4164 1030 4236 προκήρυξις
1062 4167 1398 4235 ἀπετελεῖτο,
1427 4169 1560 4242 ἐρῶ,
1586 4172 1734 4235 ὅπως
1761 4174 1856 4226 καὶ

253 4257 311 4306 ὲν
341 4254 559 4317 τούτοις
594 4256 886 4325 ἐπιγνιῖηε,
921 4260 1002 4312 ὅτι
1024 4259 1178 4315 οὐδὲν
1211 4263 1349 4334 πρὸς
1379 4264 1442 4317 τὸ
1475 4262 1856 4336 θειωδέστερον

253 4346 319 4398 δι’
344 4345 375 4397 ὃ
424 4347 638 4419 ἑκάστη
675 4347 876 4420 πρᾶξις
931 4351 1173 4420 γέγονεν,
1224 4355 1442 4408 ἀπεῖδον
1493 4355 1646 4427 ὑμῶν
1677 4357 1765 4409 ἀεὶ
1805 4357 1854 4408 oi.

253 4435 593 4501 διδάσκαλοι,
626 4438 763 4491 ἀλλὰ
793 4441 928 4510 πρὸς
957 4441 1028 4495 τὰ
1050 4446 1386 4516 χαμαιπετῆ,
1405 4447 1500 4499 καὶ
1531 4446 1601 4500 τὰ
1633 4445 1854 4514 διαφθο-

1955 3974 2135 4028 tiones
2163 3983 2487 4040 magnorum
2516 3967 2909 4038 mysteriorum
2942 3965 2996 4019 in
3028 3975 3354 4031 unaquaque
3383 3957 3530 4027 ejus-
3598 3988 3605 3994 -

1955 4063 2102 4119 modi
2153 4062 2427 4118 actionum
2462 4059 2892 4130 peragebantur.
2924 4056 3112 4111 Dicam
3158 4063 3341 4108 autem
3384 4067 3534 4121 quas.

1955 4169 2082 4209 nam
2116 4153 2453 4224 dispensatio
2484 4160 2538 4206 et
2577 4147 3026 4221 prmsignilicatio
3049 4147 3105 4201 in
3135 4145 3339 4215 nuptiis
3360 4143 3530 4199 Jacob

1956 4255 2179 4318 peracta
2229 4247 2428 4315 fuerit;
2463 4245 2630 4300 ut'in
2680 4242 2768 4298 bis
2819 4256 3034 4312 quoque
3086 4239 3397 4312 agnoscatis
3437 4253 3535 4292 ve-

1957 4349 2100 4396 stros
2135 4353 2354 4409 semper
2395 4338 2708 4408 magistros,
2739 4350 2848 4391 non
2885 4335 2952 4389 ad
2986 4334 3311 4388 diviniorem
3345 4330 3530 4397 cujus-

1957 4447 2065 4502 que
2100 4431 2231 4486 facti
2261 4444 2505 4496 causam,
2539 4430 2634 4484 sed
2670 4428 2850 4499 potius
2897 4427 2964 4480 ad
2996 4425 3150 4482 bumi
3186 4432 3438 4492 repentes
3474 4431 3530 4476 et

261 4530 358 4598 ρᾶς
403 4529 614 4599 μᾶλλον
665 4530 832 4602 πάθη.
870 4512 1171 4604 Προσέχετε
1204 4512 1492 4607 τοιγαροῦν
1549 4535 1631 4601 οἷς
1681 4512 1844 4607 λέγω.

1957 4522 2326 4593 corruptionis
2353 4519 2545 4592 plenas
2571 4517 2890 4573 aﬂ‘ectiones
2919 4515 3246 4584 respexisse.
3271 4512 3529 4566 Animum

261 4618 367 4688 Τῆς
400 4619 510 4671 ὑπὸ
543 4618 641 4672 τοῦ
671 4619 910 4690 Χριστοῦ
959 4622 1254 4695 μελλούσης
1277 4622 1673 4696 ἀπαρτίζεσθαι
1707 4625 1847 4695 πρά-

262 4708 394 4773 ξεως
422 4709 590 4762 τύποι
615 4707 757 4780 ἦσαν
780 4713 828 4764 oi
859 4713 1024 4783 γάμοι
1052 4713 1146 4767 τοῦ
1192 4715 1403 4769 Ἰακώϐ.
1429 4717 1532 4769 Δύο
1553 4717 1674 4786 γὰρ,
1698 4715 1850 4769 ἀδελ-

266 4797 366 4864 φὰς
410 4801 556 4854 κατὰ
593 4800 655 4852 τὸ
706 4800 837 4854 αὐτὸ
866 4802 926 4853 οὐ
959 4802 1178 4873 θεμιτὸν
1210 4805 1459 4876 γαμῆσαι
1503 4805 1595 4859 τὸν
1632 4802 1845 4858 Ἰακώϐ.

267 4891 372 4942 Καὶ
394 4891 640 4945 δουλεύει
660 4892 718 4945 δὲ
743 4892 822 4962 τῷ
851 4893 1034 4946 Λάϐαν
1065 4895 1204 4967 ὑπὲρ
1230 4896 1339 4950 τῶν
1373 4895 1685 4969 θυγατέρων
1701 4889 1813 4966 (81)
1832 4913 1848 4926 °

373 5073 418 5103 ⁸⁸
445 5072 553 5128 lsa.
587 5087 640 5140 ν,
680 5072 872 5128 18-25.

339 5228 446 5312 (78)
475 5227 831 5312 Καιομένης.
860 5226 1131 5312 ius't‘im-tm
1167 5227 1449 5312 scripsisse
1480 5233 1638 5312 putat
1665 5223 1846 5278 'I‘hirl-

271 5295 386 5352 hius
413 5295 770 5369 ἁνημμένης,
787 5308 844 5350 ιιι
867 5299 922 5352 in
952 5295 1289 5369 Bibliis.SetI
1317 5295 1495 5351 tamen
1527 5297 1585 5354 S.
1609 5295 1844 5349 Joannes

273 5368 704 5439 tllrrysostumus
752 5370 916 5422 habet
960 5368 1302 5439 ἀνημμένης,
1337 5370 1540 5439 eodem
1575 5381 1736 5419 sensu
1761 5379 1843 5439 ac

273 5434 536 5508 Justinus,
572 5454 676 5491 nec
703 5439 865 5493 aliter
896 5440 955 5493 S.
992 5434 1378 5508 Hieronymus,
1405 5439 1497 5507 qui
1529 5437 1603 5490 ita
1637 5437 1840 5500 vertit,

279 5524 295 5553 ι
338 5507 490 5561 Sic-ut
533 5509 692 5562 calor
721 5508 952 5561 ﬂammae
989 5507 1242 5561 exurit.)

340 5579 451 5644 (79)
484 5580 608 5631 οὐκ
658 5577 1158 5645 ἀπεστράφησαν.
1208 5577 1419 5630 Habent
1461 5575 1632 5629 Biblia
1672 5594 1686 5630 :
1733 5575 1847 5628 Οὐκ

273 5646 594 5718 ἐιπε-στρὰφη
637 5651 666 5702 ὁ
693 5647 864 5717 θυμὸς
901 5647 1086 5710 αὑτοῦ,
1135 5645 1270 5701 ἀλλὰ
1300 5646 1379 5718 ἔτι
1428 5647 1460 5716 ἡ
1492 5647 1612 5718 χεὶρ
1646 5646 1843 5718 ὑψηλή.

281 5714 553 5771 iustitium
582 5714 660 5771 ita
695 5714 999 5786 scripsisse,
1031 5729 1087 5770 ut
1118 5719 1169 5771 in
1200 5720 1302 5771 hoc
1333 5714 1556 5785 Dial—oga
1581 5714 1843 5786 legi—nius,

275 5789 500 5856 perspici
529 5797 715 5856 potest
745 5804 814 5841 ex
846 5787 936 5857 his
956 5803 1072 5855 quae
1101 5797 1426 5857 sequuntur.
1470 5787 1627 5857 Legit
1657 5789 1845 5844 eodem

276 5860 431 5914 modo
452 5857 789 5930 Cyprianus,
823 5867 886 5914 ut
913 5856 994 5915 CI.
1017 5856 1295 5915 Thirlhius
1328 5856 1630 5914 admonuit.

1952 4616 2118 4685 igitur
2145 4613 2228 4668 his
2252 4627 2373 4682 quae
2397 4610 2519 4666 dico
2541 4609 2834 4664 advertite.
2863 4605 3078 4675 Nuptias
3106 4603 3276 4659 Jacob
3306 4601 3360 4656 id
3384 4601 3530 4669 quod

1955 4708 2206 4762 Christus
2254 4713 2374 4759 erat
2428 4703 2671 4758 facturus
2714 4696 3176 4770 praenuntiabant.
3209 4696 3352 4750 Duas
3383 4692 3529 4748 enim

1957 4814 2174 4856 sorores
2214 4797 2374 4852 simul
2423 4808 2622 4848 uxores
2673 4792 2872 4846 ducere
2903 4788 3072 4844 Jacob
3113 4788 3196 4841 Ias
3233 4801 3342 4840 non
3385 4795 3526 4842 erat.

1958 4891 2010 4949 Is
2034 4893 2202 4948 servit
2227 4891 2410 4946 Laban
2436 4902 2534 4959 pro
2565 4885 2800 4950 ﬁliabus,
2827 4899 2892 4941 ac
2919 4884 3180 4953 deceptus
3211 4882 3267 4937 in
3287 4873 3526 4950 iuniore,

1949 5224 1964 5240 ὦ
2025 5223 2135 5296 (80)
2171 5224 2280 5277 Καὶ
2313 5223 2423 5278 ἐὰν
2450 5223 2751 5296 εὔμορφόν
2781 5238 2888 5296 τις.
2926 5219 2982 5274 Id
3026 5227 3132 5296 est,
3177 5224 3407 5296 quatuor
3436 5222 3531 5295 aut

1953 5291 2198 5364 quinque
2227 5297 2494 5349 uxoribus
2520 5291 2689 5346 aliain
2733 5293 2874 5351 addi.
2894 5304 3052 5360 posse
3085 5291 3307 5364 docent,
3332 5291 3530 5364 si_qt_tis

1951 5354 2005 5419 iit
2051 5354 2297 5432 speciosa
2351 5365 2577 5418 muliere
2611 5364 2790 5433 aliqua
2828 5354 3133 5433 commotus
3173 5358 3354 5433 fuerit:
3385 5354 3524 5433 Infra

1950 5427 2396 5506 ettiniJustittlis
2445 5452 2499 5488 ιι.
2564 5427 2874 5496 141,Ἰιιιηο
2926 5430 3211 5506 licentiam
3264 5427 3554 5506 latissime.

1949 5505 2158 5574 vagari,
2187 5515 2242 5557 et
2277 5515 2892 5574 quocunqueterrarum
2933 5499 3157 5574 veniant
3182 5508 3277 5574 aut
3303 5499 3526 5574 mittan-

1952 5566 2250 5639 tttFJttilzei,
2281 5566 2351 5628 ibi
2385 5566 2664 5640 mulieres,
2692 5569 3029 5627 matrimonii
3067 5569 3308 5636 nomine,
3347 5566 3416 5619 ab
3447 5566 3529 5618 eis
3556 5627 3560 5631 γ

1952 5646 2074 5699 duci
2111 5655 2361 5698 testatur.
2453 5712 2464 5714 _
2771 5712 2780 5714 _
2957 5711 2979 5714 _
3160 5709 3171 5714 _
3407 5705 3438 5714 ..
3482 5702 3494 5714 .

2024 5713 2135 5786 (8i)
2185 5714 2362 5786 ’Υπὲρ
2403 5712 2522 5786 τῶν
2568 5712 2920 5784 θυγατέρων.
2938 5709 3269 5786 _Leg_ettdurtt
3300 5705 3526 5786 οοιιῇιῑιοὶι

1950 5774 2229 5856 Tltirlbius
2274 5774 2413 5856 ὑπὲρ
2446 5785 2546 5856 τῆς
2585 5774 2852 5856 νεωτέρας
2894 5783 3002 5856 τῶν
3040 5774 3383 5856 θυγατέρων.
3421 5774 3528 5827 Sed

1951 5871 2062 5911 non
2114 5854 2247 5910 vidit
2291 5851 2456 5911 verba
2503 5851 2812 5926 Sequentia,
2847 5854 2941 5908 καὶ
2972 5851 3244 5924 ψευσθείς,
3279 5860 3412 5916 utc.,
3436 5859 3532 5899 cx-
