3954 6258
405 342 528 400 731.
601 406 606 410 .

1331 344 1391 402 S.
1431 346 1696 403 JUSTINI
1726 345 2136 403 PHILOSOPHI
2173 346 2260 400 ET
2291 345 2651 402 MARTYRIS

3561 350 3672 406 788

410 460 610 514 iterum
657 459 826 515 servit
875 460 1036 519 annis
1084 467 1319 532 septem.
1352 462 1451 517 Lia
1484 463 1703 530 quidem
1746 464 1968 534 populus

2076 463 2170 515 καὶ
2198 461 2450 532 ψευσθεὶς
2485 462 2578 516 ἐπὶ
2597 465 2664 534 τῇ
2695 463 2954 538 νεωτέρα,
2993 466 3156 522 πάλιν
3183 464 3492 520 ἐδούλευσεν
3525 466 3673 519 ἑπτὰ

401 559 586 605 vester
623 559 678 606 et
707 551 994 622 Synagoga
1035 570 1050 607 :
1085 551 1293 608 Rachel
1319 568 1453 610 vero
1482 554 1724 610 Ecclesia
1767 564 1975 610 nostra.

400 641 506 694 Pro
548 643 632 698 his
669 643 841 698 servit
864 645 1130 699 hactenus
1162 644 1418 701 Christus
1447 658 1503 700 et
1539 661 1638 714 pro
1663 646 1858 710 servis,
1885 645 1974 715 qui

399 731 454 784 in
483 742 713 804 utraque
734 744 882 790 sunt.
906 735 1050 791 Nam
1079 752 1204 792 cum
1252 737 1366 792 Noe
1395 739 1604 793 duobus
1629 737 1756 793 tiliis
1788 751 1974 792 semen

401 827 548 880 tertii
581 828 634 882 in
687 831 1011 884 servitutem
1044 829 1349 896 tradiderit,
1391 846 1535 887 nunc
1577 841 1764 886 contra
1815 839 1871 886 et
1909 832 1976 886 ad

402 918 712 988 amborum,
760 923 854 990 qui
907 921 1063 976 liberi
1106 932 1286 992 erant,
1321 925 1580 990 ﬁliorum,
1603 933 1656 980 et
1687 925 1756 978 ad
1793 938 1976 979 servo-

401 1025 548 1079 rum,
601 1013 698 1082 qui
751 1014 894 1070 inter
955 1029 1049 1072 eos
1098 1025 1267 1082 sunt,
1313 1015 1706 1072 restitutionem
1754 1017 1976 1071 advenit

315 1091 317 1094 ’
401 1102 668 1171 Christus,
711 1106 962 1162 eamdem
1004 1110 1259 1164 omnibus
1290 1109 1609 1180 dignitatem
1644 1109 1971 1176 attribuens,

401 1191 494 1260 qui
525 1189 643 1259 ejus
679 1194 935 1248 mandata
967 1204 1226 1263 servant;
1258 1195 1715 1264 quemadmodum
1745 1206 1799 1250 et
1837 1209 1974 1267 quos

398 1293 466 1332 ex
507 1278 696 1334 liberis
752 1282 1016 1337 uxoribus
1055 1292 1113 1338 et
1147 1299 1282 1353 quos
1305 1299 1372 1340 ex
1404 1285 1617 1340 ancillis
1641 1283 1809 1340 Jacob
1835 1285 1974 1338 lilios

397 1382 737 1439 susceperat,
792 1373 889 1426 ﬁlii
946 1388 1134 1429 omnes
1166 1374 1318 1431 luere
1358 1391 1422 1430 ac
1454 1377 1644 1431 eadem
1685 1374 1970 1444 dignitate.

396 1458 587 1527 Qualis
616 1473 799 1518 autem
825 1467 1058 1536 quisque
1087 1466 1306 1522 futurus
1337 1477 1483 1522 esset
1504 1468 1801 1522 secundum
1831 1466 1974 1520 ordi-

397 1566 524 1604 nem
574 1561 631 1606 et
694 1557 992 1610 secundum
1051 1558 1446 1626 praescientiam
1490 1557 1806 1627 praedictum
1863 1565 1968 1613 est.

397 1642 637 1698 Servivit
676 1642 843 1701 Jacob
892 1646 1116 1703 Labano
1150 1664 1247 1719 pro
1277 1649 1569 1705 maculosis
1597 1659 1652 1703 et
1677 1650 1844 1702 variis
1879 1663 1972 1717 pe-

392 1732 646 1801 coribus;
690 1726 1010 1792 servitiitem
1042 1737 1293 1794 Christus
1319 1739 1483 1794 etiam
1521 1753 1690 1808 usque
1744 1738 1811 1791 ad
1846 1752 1970 1792 cru-

2078 553 2196 624 ιτη.
2232 553 2396 624 Ἀλλᾲ
2438 555 2571 608 Λεία
2599 555 2697 625 μὲν
2728 556 2757 607 ὁ
2789 556 2914 620 λαὸς
2949 557 3102 628 ὑμῶν
3139 557 3233 612 καὶ
3268 558 3302 629 ἡ
3337 559 3665 628 συναγωτή’

2090 645 2290 716 Ῥαχὴλ
2321 645 2379 698 δὲ
2411 645 2754 717 ήἘκκλησία
2784 648 2959 719 ἡμῶν.
2979 648 3090 703 Καὶ
3123 649 3262 721 ὑπὲρ
3301 649 3504 702 τούτων
3543 649 3667 702 δου-

2075 732 2220 786 λεύει
2257 733 2417 805 μέχρι
2445 733 2540 788 νῦν
2586 736 2615 787 6
2646 736 2899 807 Χριστὸς,
2928 739 3020 790 καὶ
3064 737 3175 791 τῶν
3225 739 3284 792 ὲν
3329 737 3671 810 ἀμφοτέραις

2074 823 2293 876 δούλων.
2328 825 2482 878 Ἐπεὶ
2513 825 2621 898 γὰρ
2653 830 2765 888 τοῖς
2788 825 2940 881 δυσὶν
2972 830 3106 892 υἱοῖς
3136 829 3198 882 τὸ
3222 828 3406 900 τρίτου
3445 829 3671 902 σπέρμα

2074 915 2153 976 εἰς
2189 913 2430 967 δουλείαν
2472 915 2500 967 6
2537 914 2660 968 Νῶε
2710 915 2898 979 ἔδωκε,
2933 916 3027 970 νῦν
3065 915 3227 970 πάλιν
3261 918 3342 981 είς
3383 918 3668 973 ἀποκατά-

2076 1021 2264 1056 στασιν
2322 1005 2646 1076 ἀμφοτέρων
2686 1022 2746 1057 τε
2778 1005 2887 1059 τῶν
2937 1006 3238 1078 ἐλευθέρων
3288 1008 3516 1074 τέκνων,
3569 1009 3671 1062 καὶ

2072 1093 2181 1148 τῶν
2216 1097 2274 1148 ἐν
2307 1097 2490 1160 αὐτοῖς
2524 1096 2745 1162 δούλων,
2780 1097 3016 1168 Χριστὸς
3049 1099 3294 1170 ἐλήλυθε,
3329 1099 3440 1154 τῶν
3483 1101 3669 1154 αὐτῶν

2072 1185 2285 1250 πάντας
2341 1186 2612 1253 καταξιῶν
2673 1188 2799 1252 τοὺς
2855 1189 3227 1258 φυλάσσοντας
3281 1190 3381 1254 τὰς
3442 1189 3668 1253 ἐντολὰς

2073 1276 2272 1330 αὑτοῦ·
2317 1277 2376 1330 ὃν
2421 1277 2623 1349 τρόπον
2677 1278 2774 1332 καὶ
2811 1280 2862 1332 οἱ
2913 1279 3020 1333 ἀπὸ
3049 1280 3160 1333 τῶν
3192 1280 3511 1354 ἐλευθέρων,
3567 1283 3671 1336 καὶ

2071 1369 2122 1418 οἱ
2173 1366 2279 1420 ἀπὸ
2337 1365 2446 1418 τῶν
2493 1367 2692 1420 δούλων
2733 1369 3010 1440 γενόμενοι
3058 1369 3137 1440 τῷ
3199 1369 3412 1436 Ἰακὼϐ,
3460 1371 3668 1434 πάντες

2074 1459 2180 1511 υἱοὶ
2243 1458 2337 1511 καὶ
2399 1458 2652 1531 ὁμότιμοι
2703 1461 2978 1529 γεγόνασι.
3024 1460 3182 1514 Κατά
3221 1461 3278 1515 δέ
3329 1463 3429 1534 τὴν
3478 1463 3662 1528 τάξιν,

2073 1549 2168 1602 καὶ
2246 1548 2390 1602 κατὰ
2447 1550 2545 1620 τὴν
2616 1551 2944 1623 πρόγνωσιν,
2998 1553 3177 1614 ὁποῖος
3221 1552 3449 1616 ἕκαστος
3509 1552 3665 1606 ἔσται

2074 1636 2450 1707 προλέλεκται.
2494 1639 2834 1694 Ἐδούλευσεν
2898 1640 3094 1695 Ἰακὼϐ
3154 1640 3232 1712 τῷ
3289 1642 3474 1696 Λάϐαν
3519 1643 3664 1711 ὑπὲρ

2070 1725 2180 1779 τῶν
2252 1728 2460 1797 ραντῶν
2516 1729 2611 1781 καὶ
2672 1729 3034 1801 πολυμόρφων
3088 1730 3446 1802 θρεμμάτων·
3511 1733 3666 1786 ἐδού-

320 1869 322 1872 ,
393 1835 510 1875 cem
562 1839 661 1892 pro
705 1826 873 1881 variis
899 1843 967 1882 ex
1008 1830 1158 1883 omni
1209 1844 1411 1899 genere
1449 1837 1503 1882 et
1541 1826 1968 1882 multiformibus

2076 1815 2228 1869 λευσε
2298 1820 2390 1871 καὶ
2448 1819 2546 1890 τὴν
2606 1819 2766 1892 μέχρι
2845 1819 3078 1892 σταυροῦ
3138 1821 3379 1875 δουλείαν
3434 1824 3462 1876 6
3524 1825 3666 1895 Χρι-

391 1913 554 1984 227
585 1916 902 1975 hominibus
926 1921 1174 1986 servivit,
1209 1921 1474 1991 sanguine
1502 1936 1598 1975 suo
1623 1929 1676 1998 et
1709 1919 1968 1990 mysterio

390 2007 570 2063 crucis
595 2021 690 2064 eos
713 2011 1024 2080 acquirens.
1049 2012 1160 2068 Lia:
1177 2012 1376 2066 inﬁrmi
1422 2023 1581 2068 erant
1608 2011 1747 2067 oculi
1773 2029 1789 2078 ;
1814 2011 1970 2064 valde.

393 2097 543 2152 enim
577 2098 778 2158 infirmi
809 2114 1006 2158 vestrae
1033 2104 1231 2160 mentis
1263 2103 1645 2173 oculi.'.Furata
1669 2112 1751 2159 est
1769 2103 1970 2158 Rachel

390 2191 524 2244 deos
557 2188 792 2259 Labani,
835 2201 892 2248 et
923 2193 1211 2248 abscondit
1243 2209 1336 2250 eos
1365 2209 1534 2264 usque
1565 2195 1618 2248 in
1647 2193 1969 2250 hodiernum

389 2279 570 2354 diem;
624 2284 784 2340 nobis
833 2298 1052 2354 quoque
1089 2285 1302 2356 periere
1339 2287 1505 2356 patrii
1557 2296 1612 2342 et
1657 2287 1969 2343 materiales

392 2375 493 2428 dii.
527 2373 686 2432 Omni
739 2385 983 2448 tempore
1007 2375 1175 2434 Jacob
1207 2379 1332 2434 odio
1367 2379 1666 2436 habebatur
1688 2397 1716 2434 a
1754 2381 1965 2438 I'ratre:

393 2479 497 2521 nos
541 2481 761 2537 quoque
783 2483 847 2522 ac
875 2469 993 2539 ipse
1023 2469 1287 2526 Dominus
1321 2481 1507 2527 noster
1537 2473 1663 2527 odio
1707 2474 1969 2528 habemur

390 2572 423 2610 a
468 2558 620 2612 vobis
647 2568 704 2613 et
754 2560 824 2614 ab
870 2562 1125 2618 omnibus
1174 2579 1402 2632 prorsus
1443 2566 1791 2633 hominibus,
1843 2583 1968 2622 cum

389 2664 581 2706 omnes
630 2660 828 2708 natura
887 2652 1087 2709 fratres
1128 2655 1324 2711 simus.
1351 2656 1516 2714 Israel
1551 2660 1968 2729 cognominatus

389 2751 475 2799 est
521 2741 688 2799 Jacob
736 2762 752 2800 :
797 2745 1050 2806 Israelem
1103 2761 1321 2817 quoque
1369 2747 1644 2804 Christum
1697 2765 1820 2808 esse
1867 2752 1966 2808 tle-

388 2846 749 2892 monstratum
777 2847 883 2905 est,
921 2838 1015 2908 qui
1048 2849 1132 2897 est
1163 2850 1221 2895 et
1253 2853 1477 2898 vocatur
1501 2841 1683 2900 Jesus.

461 3067 586 3122 155.
619 3067 860 3123 Christus
885 3085 977 3122 rex
1003 3067 1176 3123 Israel
1210 3078 1260 3124 et
1288 3070 1583 3127 Christiani
1606 3073 1966 3132 Israeliticum

2072 1908 2195 1971 στὸς
2237 1909 2377 1980 ὑπὲρ
2419 1909 2526 1963 τῶν
2565 1911 2628 1963 ἐκ
2667 1909 2863 1974 παντὸς
2897 1911 3085 1979 γένους
3131 1911 3387 1964 ποικίλων
3441 1912 3534 1964 καὶ
3569 1927 3667 1964 πο-

2070 2000 2294 2056 λυειδῶν
2347 2003 2666 2075 ἀνθρώπων,
2692 2006 2758 2059 δι’
2803 2007 3036 2077 αἵματος
3085 2007 3178 2060 καὶ
3232 2009 3526 2080 μυστηρίου
3563 2007 3662 2061 τοῦ

2073 2095 2303 2166 σταυροῦ
2348 2097 2688 2167 κτησάμενος
2713 2097 2928 2162 αὐτούς.
2956 2099 3120 2162 Λείας
3153 2098 3398 2162 ἀσθενεῖς
3427 2094 3567 2169 ἦσαν
3609 2101 3662 2152 οἱ

2069 2185 2332 2257 ὀφθαλμοί
2358 2204 2370 2218 ·
2400 2189 2493 2241 καὶ
2516 2187 2624 2260 γάρ
2653 2189 2805 2260 ὑμῶν
2835 2190 3038 2262 σφόδρα
3064 2193 3112 2244 οί
3135 2192 3232 2262 τῆς
3257 2191 3434 2262 ψυχῆς
3455 2189 3662 2260 ὀφθαλ-

2074 2279 2184 2348 μοί.
2223 2278 2457 2349 Ἐκλεψε
2493 2279 2690 2351 Ῥαχὴλ
2745 2281 2873 2344 τοὺς
2925 2281 3079 2346 θεοὺς
3125 2282 3331 2347 Λάϐαν,
3360 2283 3456 2334 καὶ
3499 2283 3667 2336 κατέ-

2070 2366 2276 2438 κρυψεν
2328 2368 2524 2430 αὐτοὺς
2577 2369 2680 2431 ἕως
2725 2368 2826 2439 τῆς
2871 2371 3106 2441 σήμερον
3135 2370 3376 2441 ἡμέρας·
3404 2370 3499 2424 καὶ
3527 2373 3664 2441 ἡμῖν

2071 2455 2410 2510 ἀπολώλασιν
2443 2458 2492 2509 οί
2527 2458 2778 2528 πατρικοὶ
2811 2459 2906 2511 καὶ
2951 2458 3124 2512 ὑλικοὶ
3151 2457 3282 2511 θεοί.
3320 2459 3425 2512 Τὸν
3468 2461 3664 2532 χρόνον

2070 2547 2246 2600 πάντα
2280 2549 2521 2618 ἐμισεῖτο
2548 2547 2651 2600 ὑπὸ
2670 2548 2767 2601 τοῦ
2801 2549 3029 2619 ἀδελφοῦ
3053 2552 3081 2603 6
3125 2549 3316 2603 Ἰακώϐ
3337 2567 3351 2581 ·
3383 2552 3474 2604 acati.
3497 2554 3664 2624 ἡμεῖς

2069 2638 2185 2703 νῦν,
2208 2639 2303 2692 καὶ
2331 2639 2492 2702 αὐτὸς
2519 2641 2547 2692 6
2572 2639 2774 2710 Κύριος
2799 2639 2953 2710 ἡμῶν
2984 2643 3219 2710 μισεῖται
3245 2640 3334 2710 ὑφ’
3359 2641 3388 2692 ὑ
3397 2640 3534 2711 μῶν,
3561 2643 3662 2696 καὶ

2071 2730 2176 2783 ὑπὸ
2225 2729 2335 2784 τῶν
2385 2729 2558 2785 ἄλλων
2586 2729 2771 2794 ἁπλῶς
2812 2731 2907 2783 ἀνθ
2917 2730 3132 2802 ρώπων,
3159 2731 3324 2785 ὄντων
3347 2733 3564 2786 πάντων
3591 2735 3660 2803 τῇ

2071 2822 2230 2892 φύσει
2279 2821 2540 2890 ἀδελφῶν.
2577 2820 2792 2893 Ἰσραὴλ
2835 2821 3112 2893 ἐπεκλήθη
3164 2821 3386 2875 Ἰακώϐο
3430 2824 3527 2875 καὶ
3555 2824 3663 2876 Ἰσ-

2073 2911 2210 2982 ραὴλ
2245 2913 2338 2966 καὶ
2386 2915 2414 2965 6
2456 2912 2689 2983 Χριστὸς
2715 2911 3107 2978 ἀποδέδεικται,
3135 2913 3164 2966 6
3198 2912 3272 2965 ὼν
3319 2915 3414 2967 καὶ
3459 2913 3659 2967 καλού-

2073 3020 2234 3072 μενος
2285 3001 2512 3073 Ἰησοῦς.

2142 3092 2267 3148 155.
2317 3094 2426 3146 Καὶ
2476 3095 2660 3165 ὅτανὴ
2695 3093 2886 3165 Γραφὴ
2927 3093 3082 3167 λέγῃ,
3125 3113 3144 3146 ι
3222 3093 3363 3163 Ἐγὼ
3394 3094 3602 3166 Κύριος
3628 3095 3660 3146 6

389 3174 571 3227 genus.
606 3190 676 3201 ——
722 3160 944 3216 Etcum
979 3161 1055 3216 ait
1088 3163 1368 3233 Scriptura
1407 3182 1420 3220 :
1463 3183 1482 3217 ι
1532 3165 1648 3237 Ego
1697 3169 1961 3227 Dominus

2076 3180 2196 3246 θεὸς
2224 3185 2252 3234 6
2283 3183 2435 3251 ἆγιος
2495 3160 2790 3254 Ἰσραηλξό
2822 3160 3141 3251 καταδείξας
3185 3160 3401 3256 Ἰσραὴλ
3433 3160 3660 3255 βασιλέα

387 3253 532 3308 Deus
570 3262 792 3308 sanctus
834 3253 1023 3320 Israel,
1076 3256 1168 3324 qui
1212 3258 1428 3312 ostendi
1463 3258 1724 3318 Israelem
1782 3279 1962 3335 regem

387 3344 716 3410 vestrum";
759 3364 779 3399 ιι
819 3361 886 3400 an
923 3362 1029 3403 non
1084 3365 1214 3404 vere
1246 3351 1527 3408 Christum
1570 3355 1962 3425 sempiternum

387 3451 576 3506 regem
630 3437 994 3507 intelligetis?
1024 3440 1158 3495 Nam
1215 3442 1384 3500 Jacob
1432 3446 1609 3501 ﬁlium
1637 3447 1788 3503 Isaac
1822 3464 1964 3502 nun-

391 3544 558 3604 quam
590 3543 776 3600 regem
811 3532 983 3588 fuisse
1009 3535 1191 3603 scitis;
1230 3539 1487 3606 quocirca
1522 3537 1805 3608 Scriptura
1843 3555 1966 3594 rur-

391 3637 511 3678 sum
544 3624 828 3692 explicans
895 3626 1052 3682 nobis
1118 3643 1408 3696 quemnam
1453 3645 1634 3701 regem
1667 3630 1853 3697 ,Jacob
1913 3640 1970 3688 et

390 3711 561 3768 Israel
616 3715 899 3787 designet,
956 3717 1036 3773 sic
1087 3721 1216 3773 ait:
1289 3737 1308 3771 ‹
1354 3719 1519 3778 Jacob
1573 3738 1708 3792 puer
1769 3741 1961 3793 meus;

391 3817 669 3860 assumam
725 3821 887 3877 eum;
923 3817 978 3862 et
1011 3809 1177 3864 Israel
1227 3811 1432 3868 electus
1489 3831 1671 3880 meus,
1707 3818 1970 3888 suscipiet

391 3908 517 3948 eum
542 3896 721 3950 anima
745 3913 884 3956 mea.
932 3899 1066 3955 Dedi
1104 3902 1354 3970 spiritum
1393 3918 1573 3959 meum
1607 3921 1770 3975 super
1799 3923 1922 3962 eum
1953 3927 1966 3964 :

393 3993 449 4039 et
475 3985 749 4056 judicium
777 3991 1027 4060 gentibus
1050 3993 1312 4062 proferet.
1338 3993 1453 4050 Non
1485 3996 1758 4067 clamabit,
1791 4015 1970 4070 neque

393 4081 650 4142 audietur
669 4083 808 4139 foris
829 4099 933 4140 vox
960 4085 1099 4156 ejus.
1129 4086 1409 4145 Calamum
1443 4089 1676 4147 fractum
1703 4108 1806 4147 non
1834 4075 1968 4148 con-

394 4180 558 4240 teret,
584 4183 639 4228 et
661 4174 831 4230 linum
854 4176 1125 4248 fumigans
1149 4197 1256 4238 non
1289 4182 1596 4254 exstinguet
1634 4207 1645 4242 :
1681 4186 1852 4240 donec
1885 4179 1969 4240 vi;

393 4263 622 4318 ctoriam
643 4264 906 4334 prol‘erat.
933 4267 1205 4327 Judicium
1243 4274 1488 4343 recipiet,
1520 4283 1575 4330 et
1609 4292 1714 4331 non
1743 4277 1968 4331 commi-

393 4364 613 4421 nuetur,
645 4357 816 4412 donec
849 4367 1016 4428 ponat
1061 4378 1225 4433 super
1259 4373 1459 4420 terram
1485 4367 1774 4435 judicium.
1808 4368 1875 4423 Et
1909 4368 1964 4422 in

389 4446 616 4501 nomine
640 4446 757 4516 ejus
785 4461 980 4518 gentes
1009 4457 1308 4524 sperabunt
1328 4457 1397 4513 ⁵ο.
1437 4475 1458 4508 ι
1497 4455 1635 4511 Num
1670 4460 1835 4528 igitur
1870 4459 1965 4529 qui

393 4552 461 4593 ex
495 4541 751 4611 gentibus
792 4553 955 4609 sunt,
1018 4561 1084 4601 ac
1150 4549 1511 4619 vosmetipsi,
1549 4551 1603 4604 in
1659 4549 1828 4608 Jacob
1872 4569 1968 4624 pa-
1999 4539 2042 4594 D

394 4633 695 4688 triarcham
732 4638 963 4703 speratis
998 4653 1062 4692 ac
1097 4655 1203 4693 non
1230 4641 1284 4694 in
1318 4639 1645 4696 Christum?
1696 4644 1967 4708 Quemad-

392 4725 618 4779 modum
683 4727 853 4796 igitur
929 4728 1184 4786 Israelem
1258 4732 1536 4787 Christum
1576 4741 1630 4789 et
1675 4733 1845 4790 Jacob
1888 4737 1968 4792 sic

392 4818 660 4888 appellat;
699 4821 772 4874 ita
803 4829 859 4875 et
891 4837 990 4876 nos
1015 4838 1083 4877 ex
1131 4823 1335 4880 Christi
1373 4835 1530 4881 utero
1576 4829 1737 4882 recisi
1768 4836 1966 4883 iverum

393 4921 584 4964 sumus
629 4909 990 4966 Israelitieum
1041 4929 1233 4984 genus.
1293 4917 1400 4970 Sed
1454 4916 1522 4971 ad
1556 4917 1731 4986 ipsum
1787 4920 1969 4988 potius

393 4997 692 5069 Scriptura:
725 5001 906 5057 locum
931 5003 1173 5058 animum
1204 5008 1556 5064 advertamus
1590 5027 1605 5063 :
1660 5027 1680 5061 ι
1740 5010 1806 5062 Ει
1838 5012 1965 5065 edu-

392 5106 514 5148 cam
560 5093 692 5150 illud
727 5098 793 5150 de
821 5095 992 5154 Jacob
1015 5115 1202 5155 semen
1229 5111 1284 5156 et
1317 5103 1385 5157 de
1416 5101 1554 5157 Juda
1593 5121 1605 5156 :
1642 5112 1696 5158 et
1729 5104 1964 5159 hmredi-

393 5187 532 5242 t’abit
558 5199 795 5245 montem
821 5203 1068 5247 sanctum
1092 5210 1271 5250 meum
1304 5217 1315 5250 :
1352 5205 1406 5250 et
1437 5197 1834 5256 haereditahuut
1857 5199 1968 5253 elc-

394 5281 467 5334 cti
496 5281 626 5345 mei,
659 5291 715 5337 et
738 5285 878 5339 servi
915 5287 1042 5352 mei,
1071 5295 1126 5342 et
1160 5287 1479 5343 habitabunt
1508 5289 1580 5345 ibi
1605 5307 1619 5358 ;
1645 5299 1702 5346 et
1728 5301 1888 5345 erunt
1911 5289 1966 5344 in

469 5437 516 5469 δθ
546 5438 653 5493 Isa.
677 5456 832 5506 xuu,
860 5443 947 5498 15.
1025 5447 1072 5479 ⁵ο
1101 5447 1206 5501 lsa.
1234 5462 1365 5513 xui,
1401 5447 1525 5502 1-4.

393 5589 739 5718 Elicationem
763 5611 882 5651 esse
903 5597 1205 5666 servitutis,
1231 5616 1392 5670 quam
1424 5599 1592 5656 Jacob
1621 5617 1718 5670 pro
1750 5600 1966 5656 filiabus

443 5662 579 5717 abun
635 5667 883 5718 servivit.
933 5667 1009 5718 De
1044 5670 1132 5718 his
1178 5671 1462 5718 connnhiis
1507 5671 1697 5718 Jacoh-
1747 5673 1811 5718 tle
1845 5671 1962 5718 eius

443 5662 579 5739 aban
635 5667 883 5739 servivit.
933 5667 1009 5721 De
1044 5670 1132 5723 his
1178 5662 1462 5726 connubiis
1507 5662 1697 5733 Iacob,
1747 5673 1811 5725 tle
1845 5671 1962 5739 ejus

397 5734 683 5800 servitute,
717 5747 770 5790 et
816 5734 954 5791 Esau
997 5740 1050 5791 in
1091 5741 1237 5794 illum
1283 5741 1407 5795 odio
1456 5743 1647 5795 eadem
1699 5734 1960 5796 habemus

401 5802 541 5872 apud
580 5804 642 5864 S.
689 5806 950 5864 Irenaeum
986 5808 1092 5878 lib.
1140 5826 1213 5881 tv,
1249 5826 1366 5884 cap.
1401 5810 1495 5881 il,
1543 5820 1601 5867 ut
1652 5812 1958 5868 observavit

2067 3273 2243 3345 ὑμῶν,
2289 3294 2306 3324 ι
2339 3275 2460 3345 οὐχ).
2485 3275 2697 3346 ἀληθῶς
2714 3278 2804 3329 τὸν
2836 3278 3069 3347 Χριστὸν
3114 3279 3208 3330 τὸν
3241 3278 3460 3330 αἰώνιον
3501 3278 3657 3348 βασι-

2065 3363 2159 3417 λέα
2188 3364 2513 3432 dirutis-3605;
2535 3369 2628 3420 καὶ
2660 3366 2854 3420 Ἰακὼϐ
2883 3368 2993 3439 γὰρ
3018 3367 3152 3421 ότοῦ
3196 3367 3381 3421 Ἰσαὰκ
3408 3367 3544 3432 υίὸς,
3575 3367 3659 3421 ὅτι

2065 3458 2319 3512 οὐδέποτε
2356 3458 2608 3531 βασιλεὺς
2638 3461 2882 3530 γέγονεν,
2919 3460 3230 3514 ἐπίστασθε.
3267 3463 3378 3514 Καὶ
3407 3461 3496 3514 διὰ
3529 3460 3658 3513 τοῦ-

2065 3569 2127 3605 το
2146 3554 2179 3622 ἡ
2202 3550 2394 3622 Γραφὴ
2426 3551 2585 3605 πάλιν
2613 3552 2948 3623 ἐξηγουμένη
2991 3554 3127 3622 ἡμῖν
3157 3552 3278 3605 τίνα
3321 3551 3469 3621 λέγει
3505 3551 3661 3622 βασι-

2067 3643 2164 3696 λέα
2206 3641 2402 3696 Ἰακὼϐ
2433 3645 2528 3697 καὶ
2571 3644 2804 3714 Ἰσραὴλ,
2832 3643 3010 3707 οὕτως
3032 3643 3153 3715 ἔφη·
3191 3663 3208 3694 ι
3246 3641 3441 3696 Ἰακὼϐ
3472 3645 3502 3696 6
3529 3647 3661 3708 παῖς

2073 3752 2195 3806 μου,
2261 3734 2622 3806 ἀντιλήψομαι
2680 3736 2864 3789 αὐτοῦ’
2910 3738 3003 3789 καὶ
3050 3735 3264 3806 Ἰσραὴλ
3324 3736 3353 3787 6
3401 3734 3658 3798 ἐκλεκτός

2074 3846 2196 3900 μου,
2266 3829 2614 3901 προσδέξεται
2664 3830 2826 3883 αὐτὸν
2889 3833 2922 3901 ἡ
2959 3830 3103 3902 ψυχή
3168 3847 3292 3900 μου.
3334 3829 3557 3883 Δέδωκα
3595 3829 3658 3882 τὺ

2071 3920 2289 3991 πνεῖ)μά
2322 3939 2422 3991 μου
2453 3921 2540 3974 ἐπ’
2561 3922 2740 3974 αὐτόν·
2781 3922 2872 3974 καὶ
2905 3921 3085 3992 κρίσιν
3123 3924 3234 3984 τοῖς
3266 3919 3477 3972 ἔθνεσιν
3510 3918 3655 3984 ἐξοί-

2073 4028 2176 4063 σει.
2202 4011 2276 4064 Οὐ
2311 4011 2658 4082 κεκράξεται,
2693 4011 2812 4064 οὑδέ
2855 4011 3249 4082 ἀκουσθήσεται
3285 4010 3389 4075 ἔξω
3417 4011 3451 4081 ή
3497 4010 3653 4080 φωνὴ

2072 4102 2255 4156 αὐτοῦ.
2289 4103 2549 4173 Κάλαμον
2580 4102 2982 4174 τεθραυσμένον
3013 4103 3072 4154 οὐ
3116 4102 3411 4172 συντρίψει,
3449 4102 3542 4154 καὶ
3572 4101 3656 4153 λί-

2071 4211 2160 4249 νον
2183 4195 2482 4265 τυφόμενον
2514 4196 2574 4248 οὐ
2613 4196 2825 4259 σϐέσει,
2865 4195 2971 4258 ’έως
3015 4187 3077 4247 οὗ
3107 4196 3253 4257 νῖκος
3285 4192 3480 4258 ἐξοίσει
3512 4192 3650 4264 (82)·

2071 4287 2249 4358 κρίσιν
2291 4285 2574 4357 ἀναλήψει,
2635 4287 2729 4339 καὶ
2772 4288 2831 4340 οὐ
2875 4287 3295 4359 θραυσθήσεται,
3331 4287 3438 4350 ἕως
3480 4285 3548 4340 ἂν
3582 4285 3652 4357 θῇ

2071 4377 2164 4428 ἐπὶ
2195 4359 2306 4446 ’τῆς
2339 4377 2440 4448 γῆς
2473 4377 2670 4448 κρίσιν.
2714 4377 2822 4429 Καὶ
2858 4377 2950 4429 ἐπὶ
2986 4377 3063 4446 τῷ
3093 4377 3314 4447 ὀνόματι
3363 4375 3527 4429 αὐτοῦ
3563 4375 3656 4429 ἐλ-

2071 4468 2285 4520 πιοῦσιν
2317 4467 2467 4538 ἕθνη.
2511 4487 2529 4518 ›
2567 4469 2714 4539 Μήτι
2762 4464 2855 4522 οὖν
2901 4470 2992 4522 ἐπὶ
3038 4469 3129 4522 τὸν
3180 4468 3374 4522 Ἰακὼϐ
3411 4469 3506 4522 τὸν
3540 4485 3651 4522 πα·-

2072 4563 2338 4632 τριάρχην
2367 4563 2412 4613 οί
2440 4561 2546 4614 ἀπὸ
2577 4562 2683 4614 τῶν
2707 4560 2876 4614 ἐθνῶν
2911 4561 3238 4626 ἐλπίζουσιν,
3273 4561 3390 4614 ἀλλ’
3423 4563 3522 4614 οὐκ
3557 4562 3654 4615 ἐπὶ

2073 4653 2167 4706 τὸν
2213 4654 2478 4724 Χριστὸν,
2527 4651 2620 4703 καὶ
2653 4652 2809 4722 ὑμεῖς
2850 4652 2907 4705 δὲ
2953 4652 3136 4717 αὑτοί;
3184 4653 3270 4715 Ὠς
3295 4646 3389 4706 οὖν
3433 4651 3654 4723 Ἰσραὴλ

2073 4744 2165 4797 τὸν
2189 4743 2418 4813 Χριστὸν
2466 4743 2558 4793 καὶ
2597 4743 2790 4795 Ἰακὼϐ
2811 4741 2984 4807 οὕτως
3015 4743 3159 4812 λέγει
3190 4743 3343 4813 (85),
3373 4744 3466 4796 καὶ
3487 4745 3655 4814 ἡμεῖς

2077 4837 2141 4888 ἐκ
2167 4835 2264 4904 τῆς
2296 4832 2500 4896 κοιλίας
2533 4832 2626 4886 τοῦ
2659 4834 2892 4903 Χριστοῦ
2925 4834 3336 4906 λατομηθέντες,
3381 4833 3654 4904 Ἰσραηλι-

2075 4944 2166 4980 τικ
2196 4945 2226 4980 ν
2255 4927 2315 4979 τὸ
2338 4927 2587 4997 ἀληθινόν
2641 4929 2808 4997 ἐσμεν
2860 4925 3035 4994 γένος.
3064 4925 3222 4995 Αὐτῷ
3253 4924 3310 4977 δὲ
3339 4925 3538 4996 μᾶλλον
3570 4924 3652 4994 τῷ

2074 5015 2222 5090 ῥητῷ
2262 5017 2634 5089 προσέχωμενο
2701 5035 2721 5068 ι
2772 5017 2881 5070 Καὶ
2930 5016 3209 5085 ὲξαγάγω,
3237 5018 3416 5086 ἔφησὶ,
3468 5017 3531 5070 τὸ
3585 5015 3647 5080 ἐξ

2085 5107 2278 5162 Ἰακὼϐ
2310 5109 2530 5180 σπέρμα
2560 5109 2652 5161 καὶ
2682 5108 2744 5174 ἐξ
2784 5106 2971 5160 Ἰούδα·
3015 5108 3110 5160 καὶ
3153 5107 3550 5178 κληρονομήσει
3581 5107 3645 5159 τὸ

2075 5198 2197 5268 ὅρος
2228 5199 2288 5262 τὸ
2319 5199 2470 5266 ἅγιόν
2515 5217 2637 5268 μου,
2673 5198 2767 5251 καὶ
2790 5198 3285 5270 κληρονομήσουσιν
3314 5200 3362 5251 οἱ
3396 5199 3648 5252 ἐκλεκτοί

2080 5307 2180 5362 μου
2211 5291 2305 5351 καὶ
2339 5293 2387 5343 οἱ
2428 5289 2601 5351 δοῦλοί
2637 5307 2737 5361 μου
2757 5329 2771 5356 ,
2807 5292 2901 5345 καὶ
2933 5291 3346 5361 κατοικήσουσιν
3389 5291 3524 5343 ἐκεί’
3555 5292 3654 5344 καὶ

2069 5598 2138 5654 Sa
2148 5599 2287 5654 nmel
2322 5600 2469 5656 JEBB.

2142 5672 2257 5742 (82)
2294 5673 2446 5738 ’Έως
2484 5666 2558 5727 οὗ
2605 5674 2768 5739 νῖκος
2826 5672 3068 5736 ἐξοίσει.
3135 5672 3288 5742 Legit
3343 5670 3647 5734 Thirlbius,

2067 5739 2261 5827 Etung
2276 5745 2383 5827 “ei;
2407 5745 2554 5827 νῖκος
2580 5743 2780 5827 ἐξοίσει¹
2807 5739 3356 5827 κρίσινλάναλάιμψει.

2136 5813 2251 5888 (85)
2270 5809 3149 5886 Οὕτωςλέγει.ΜίιιΙεῐΤιιίΓΙὺὶυε,
3164 5809 3334 5877 οὕτως
3347 5811 3438 5865 καὶ
3457 5809 3642 5882 ἡμεῖς.
