3954 6258
260 362 353 418 789

1268 361 1617 418 DIALOGUS
1655 357 1802 417 CUM
1840 358 2215 417 ΤΒΫΡΗΟΝΕ
2253 361 2518 419 ιυῡιεο.

3428 366 3532 424 790

270 484 465 537 ἔσονται
489 481 550 534 ὲν
572 479 657 552 τῷ
679 480 889 553 δρυμῷ
915 479 1173 544 ἐπαύλεις
1206 482 1489 551 ποιμνίων,
1525 481 1619 533 καὶ
1650 477 1864 551 φάραγξ

1977 480 2104 534 saltu
2123 481 2288 537 ovilia
2317 496 2574 552 gregum;
2604 488 2657 535 et
2689 480 2845 535 vallis
2862 477 3041 534 Achor
3076 482 3129 534 in
3165 483 3408 550 requiem
3444 502 3536 539 ar-

284 574 449 646 ’Δχὼρ
471 576 551 637 εἰς
578 574 907 628 ἀνάπαυσιν
940 570 1232 643 βουκολίων
1261 570 1338 642 τῷ
1367 570 1481 643 λαῷ
1511 571 1560 623 οἳ
1591 571 1863 642 ἐζήτησάν

282 684 361 740 με.
395 666 583 737 Ὑμεῖς
611 665 671 718 δὲ
704 668 759 719 οἱ
794 663 1290 734 ὲγκαταλείποντές
1326 681 1414 734 με,
1444 664 1539 716 καὶ
1567 663 1860 717 ἐπιλανθα-

277 760 475 829 νόμενοι
503 758 568 810 τὸ
598 757 729 828 ὄρος
752 757 819 810 τὸ
851 757 1007 825 ἅγιόν
1044 773 1164 827 μου,
1220 755 1314 808 καὶ
1352 754 1730 825 ὲτοιμάζοντες
1752 757 1862 819 τοῖς

276 852 563 921 δαιμονίοις
593 850 907 919 τράπεζαν,
934 851 1031 903 καὶ
1054 849 1384 921 πληροῦντες
1412 848 1491 919 τῷ
1530 848 1741 919 δαίμονι
1772 848 1864 901 κέ-

281 960 477 1015 ρασμα,
511 941 628 1010 ἐγὼ
684 941 1005 1014 παραδώσω
1052 942 1193 1012 ὑμᾶς
1226 943 1305 1005 είς
1338 941 1629 1012 μάχαιραν.
1658 940 1862 1002 Πάντες

280 1038 453 1105 σφαγῇ
512 1033 798 1098 πεσεῖσθε,
857 1033 942 1086 ὅτι
995 1032 1228 1087 ἐκάλεσα
1275 1032 1439 1105 ὑμᾶς,
1475 1031 1569 1084 καὶ
1599 1032 1695 1100 οὑχ
1724 1030 1865 1098 ὑπη-

275 1127 504 1181 κούσατε
564 1125 701 1197 (84),
762 1126 858 1179 καὶ
924 1126 1211 1196 ἐποιήσατε
1253 1124 1315 1176 τὸ
1371 1122 1603 1193 πονηρὸν
1635 1119 1864 1173 ἐνώπιόν

283 1239 398 1292 μου,
438 1219 538 1273 καὶ
571 1219 608 1272 ἃ
640 1220 742 1271 οὑκ
775 1217 1075 1288 ἐϐουλόμην
1105 1214 1435 1283 ἐξελέξασθε.
1465 1234 1483 1265 ι
1522 1214 1629 1266 Καὶ
1652 1212 1721 1265 τά
1758 1213 1856 1282 μὲν

280 1313 373 1382 τῆς
403 1313 637 1384 Γραφῆς
669 1311 865 1365 ταῦτα·
902 1313 1167 1365 συννοεῖτε
1194 1310 1249 1363 δὲ
1283 1311 1378 1363 καὶ
1404 1309 1576 1373 αὑτοὶ,
1623 1309 1705 1361 ὅτι
1736 1306 1863 1360 ἄλλο

280 1405 327 1457 τί
348 1406 469 1457 ἑστι
498 1405 565 1456 τὸ
595 1402 661 1468 ἐξ
696 1402 894 1457 Ἰακὼϐ
920 1402 1140 1472 σπέρμα
1192 1400 1287 1453 νῦν
1319 1386 1628 1470 λεγόμενον,
1669 1398 1766 1467 οὑχ
1788 1397 1864 1461 ὼς

279 1496 487 1568 οἰηθείη
512 1514 602 1561 τις
632 1495 702 1549 ἂν
736 1496 865 1567 περὶ
893 1493 989 1547 τοῦ
1035 1493 1164 1547 λαοῦ
1209 1491 1479 1561 λέγεσθαι.
1514 1492 1587 1545 Οὑ
1634 1490 1743 1561 γὰρ
1781 1491 1866 1541 ὲν-

278 1585 490 1655 δέχεται
541 1588 660 1648 τοῖς
716 1584 779 1651 ἐξ
852 1582 1045 1637 Ἰακὼϐ
1105 1581 1522 1653 γεγεννημένοις
1577 1580 1865 1633 ἀπολιπεῖν

277 1678 560 1743 ἐπίσαξιν
591 1679 719 1741 τοὺς
740 1677 799 1743 ἐξ
836 1675 1030 1730 Ἰακὼϐ
1050 1675 1373 1746 σπαρέντας,
1391 1674 1511 1727 οὑδὲ
1540 1670 1863 1735 ὀνειδίζοντα

271 1768 346 1839 τῷ
377 1768 521 1838 λαῷ,
559 1770 637 1832 ὡς
685 1769 760 1839 μὴ
811 1767 948 1838 ἀξίῳ
1006 1768 1103 1838 τῆς
1158 1764 1539 1837 κληρονομίας,
1582 1764 1740 1818 πάλιν
1788 1764 1863 1827 ὡς

272 1861 691 1931 ὑπολαϐὀμενος
721 1862 833 1922 τοῖς
872 1860 1056 1921 αὐτοῖς
1088 1858 1481 1930 ὑπισχνεῖσθαι·
1531 1856 1643 1911 ἀλλ’
1700 1858 1867 1926 ὅνπερ

269 1955 473 2025 τρόπον
510 1955 634 2006 ἐκεῖ
666 1951 829 2023 φησὶν
860 1953 889 2004 ὁ
919 1953 1199 2022 προφήτης
1235 1968 1248 1980 ·
1295 1971 1313 2003 ι
1353 1952 1463 2004 Καὶ
1497 1950 1589 2003 νῦν
1623 1950 1686 2002 σὺ
1719 1944 1867 2013 οἶκος

270 2045 359 2099 τοῦ
396 2043 627 2111 Ἰακὼϐ,
664 2043 825 2115 δεῦρο
858 2045 954 2097 καὶ
986 2042 1340 2115 πορευθῶμεν
1360 2044 1417 2095 ὲν
1452 2041 1590 2111 φωτὶ
1636 2040 1863 2111 Κυρίου·

268 2140 439 2211 ἀνῆκε
473 2138 591 2209 γὰρ
616 2138 710 2190 τὸν
732 2136 861 2191 λαὸν
892 2137 1053 2189 αὑτοῦ
1077 2136 1169 2189 τὸν
1198 2131 1343 2189 οἶκον
1371 2132 1583 2197 Ἰακὼϐ,
1607 2134 1689 2186 ὅτι
1710 2132 1871 2203 ἐπλή-

269 2225 368 2295 σθη
404 2228 438 2296 η
472 2225 635 2297 χώρα
682 2225 881 2289 αὑτῶν,
946 2223 1020 2287 ὡς
1050 2223 1109 2277 τὸ
1142 2224 1425 2297 άπαρχῆς,
1461 2222 1726 2293 μαντειῶν
1775 2223 1870 2275 καὶ

268 2315 681 2389 κλῃδονισμῶν,
726 2334 746 2366 ι
784 2314 929 2368 οῦτω
959 2316 1055 2368 καὶ
1088 2315 1273 2369 ἐνθάδε
1294 2315 1375 2367 δεῖ
1407 2317 1548 2367 νοεῖν
1598 2315 1745 2384 ἡμᾶς
1776 2313 1871 2366 δύο

269 2409 569 2480 κέρματα
605 2407 797 2472 Ἰούδα,
824 2407 917 2460 καὶ
945 2406 1037 2460 δύο
1057 2407 1207 2478 γένη,
1229 2406 1304 2470 ὡς
1325 2405 1418 2459 δύο
1445 2405 1625 2469 οἴκους
1656 2403 1865 2458 Ἰακώϐ·

265 2499 356 2552 τον
400 2501 508 2571 μὲν
540 2500 605 2564 ἐξ
639 2499 871 2568 αἵματος
921 2500 1015 2552 καὶ
1047 2499 1267 2570 σαρκός·
1302 2498 1395 2552 τὸν
1432 2498 1490 2550 δὲ
1536 2500 1601 2551 ἐκ
1639 2498 1871 2560 πίστεως

267 2590 359 2642 καὶ
383 2589 709 2659 πνεύματος
735 2589 1145 2659 γεγεννημένον.

336 2701 463 2757 136.
516 2703 719 2772 Ὁρᾶτε
782 2700 892 2772 γὰρ
947 2700 1023 2765 ὼς
1064 2702 1199 2773 πρὸς
1233 2702 1325 2755 τὸν
1370 2700 1498 2755 λαὸν
1539 2700 1633 2755 νῦν
1687 2700 1870 2769 λέγει,

267 2796 529 2865 ἀνωτέρω
568 2794 781 2854 εἰπὼν,
821 2810 840 2843 ι
879 2794 975 2846 Ὃν
1013 2793 1211 2863 τρόπον
1261 2793 1612 2867 εὑρεθήσεται
1668 2789 1773 2862 pars
1815 2793 1874 2844 ὲν

272 2888 478 2958 βότρυῖ,
510 2888 611 2940 καὶ
641 2885 852 2957 ἐροῦσι,
884 2884 982 2953 Μὴ
1015 2883 1260 2953 λυμανῇ
1278 2885 1483 2947 αὑτὸν,
1515 2883 1605 2937 ὅτι
1625 2881 1875 2952 εὐλογία

269 2979 336 3031 ἐν
356 2979 524 3045 αὐτῷ
548 2980 749 3033 ἐστιν·
796 2976 937 3031 οὕτω
970 2978 1179 3046 ποιήσω
1200 2977 1387 3029 ἕνεκεν
1409 2974 1505 3030 τοῦ
1532 2974 1874 3038 δουλεύοντάς

276 3087 381 3139 μοι·
418 3070 623 3125 τούτου
647 3070 837 3122 ἕνεκεν
869 3069 929 3121 οὑ
955 3068 1029 3139 μὴ
1053 3066 1302 3121 ἀπολέσω
1325 3068 1548 3131 πάντας·
1578 3087 1595 3118 ι
1621 3067 1711 3120 καὶ
1737 3064 1875 3137 μετὰ

1964 578 2273 623 mentorum
2307 568 2526 640 populo,
2554 570 2648 639 qui
2677 569 3043 639 requisierunt
3076 585 3181 625 me.
3213 573 3318 628 Vos
3352 585 3531 631 autem

1965 661 2055 728 qui
2087 660 2396 729 relinquitis
2430 675 2536 726 me,
2585 668 2642 715 et
2686 659 3074 715 obliviscimini
3116 664 3315 719 montis
3355 666 3531 721 sancti

1964 751 2094 817 mei,
2139 760 2195 807 et
2228 754 2433 821 paratis
2466 751 2748 807 daemoniis
2780 767 3047 819 mensam,
3081 761 3137 807 et
3173 753 3409 824 impletis
3429 757 3538 811 dae-

1965 843 2113 898 moni
2150 844 2626 912 temperationem,
2658 858 2760 913 ego
2802 845 3015 899 tradam
3047 860 3143 901 vos
3176 846 3230 901 in
3257 847 3547 917 gladium;'

1964 949 2156 989 omnes
2186 936 2241 990 in
2276 936 2603 991 mactatione
2634 937 2873 1002 cadetis;
2910 938 3171 1007 quoniam
3194 941 3380 994 vocavi
3416 956 3535 1008 vos,

1966 1037 2022 1082 et
2077 1042 2183 1083 non
2240 1027 2520 1092 obedistis,
2559 1038 2617 1084 et
2664 1027 2873 1084 fecistis
2908 1029 3113 1084 malum
3151 1031 3206 1085 in
3238 1044 3537 1102 conspectu

1967 1132 2108 1183 meo,
2138 1126 2212 1183 et,
2246 1134 2367 1188 quae
2392 1119 2666 1185 nolebam,
2695 1121 2938 1192 elegistis
2969 1123 3037 1177 ⁵³.
3072 1141 3091 1174 ι
3112 1121 3287 1178 Verba
3313 1125 3535 1194 quidem

1968 1208 2264 1278 Scriptura:
2317 1212 2397 1264 sic
2450 1210 2683 1279 habent;
2740 1212 3044 1282 intelligitis
3104 1225 3283 1270 autem
3331 1225 3386 1272 et
3434 1217 3536 1286 ipsi

1966 1302 2112 1355 aliud
2158 1302 2427 1371 quoddam
2467 1317 2590 1358 esse
2613 1301 2783 1359 Jacob
2829 1319 3059 1371 semen,
3116 1306 3183 1361 de
3237 1322 3345 1377 quo
3392 1324 3538 1364 nunc

1967 1394 2249 1465 Scriptura
2282 1396 2544 1467 loquitur,
2585 1412 2686 1453 nec
2714 1398 2781 1453 de
2813 1398 3013 1468 populo
3045 1407 3253 1463 vestro.
3297 1409 3355 1453 ut
3395 1401 3539 1456 forte

1967 1491 2165 1560 aliquis
2219 1491 2643 1557 existimaverit,
2697 1491 2751 1546 id
2799 1491 2928 1546 dici.
2962 1491 3247 1563 Repugnat
3284 1495 3443 1548 'enim
3476 1505 3541 1550 ut

1966 1582 2085 1647 his,
2113 1582 2203 1652 qui
2242 1597 2309 1637 ex
2343 1580 2512 1637 Jacob
2538 1582 2703 1651 geniti
2738 1591 2899 1647 sunt,
2929 1584 3335 1640 subintroeuudi
3363 1585 3538 1641 locum

1966 1673 2274 1743 relinquant
2318 1674 2410 1742 qui
2455 1688 2522 1727 ex
2568 1672 2738 1729 Iacob
2770 1675 2875 1729 sati
2906 1685 3071 1743 sunt;
3106 1685 3164 1731 et
3202 1677 3294 1746 qui
3339 1676 3541 1747 p0pulo

1966 1764 2260 1835 exprobrat
2316 1766 2463 1836 quod
2512 1766 2832 1822 haereditate
2893 1767 3150 1836 indignus
3204 1769 3298 1834 sit,
3350 1786 3541 1825 rursus

1968 1856 2129 1925 quasi
2152 1855 2402 1911 eumdem
2440 1858 2661 1924 probet,
2705 1857 3081 1912 [nereditatem
3110 1859 3159 1913 ei
3193 1859 3539 1929 polliceatur.

1971 1948 2077 2005 Sed
2102 1963 2211 2018 quo
2236 1950 2394 2004 modo
2427 1951 2690 2019 propheta
2725 1949 2836 2005 illic
2861 1951 2935 2005 ait
2965 1969 2980 2005 :
3018 1969 3038 2003 ι
3074 1950 3137 2005 Ει
3158 1966 3301 2006 nunc
3336 1960 3413 2017 tu,
3440 1953 3540 2008 do-

1971 2054 2093 2095 mus
2121 2037 2312 2106 Jacob,
2347 2042 2556 2105 venite,
2586 2049 2639 2095 et
2670 2040 3008 2095 ambulemus
3041 2042 3098 2096 in
3135 2041 3255 2098 luce
3290 2043 3541 2112 Domini;

1972 2131 2180 2187 dimisit
2216 2132 2362 2185 enim
2388 2131 2650 2202 pepulum
2675 2145 2855 2197 suum,
2890 2133 3108 2187 domum
3148 2132 3318 2190 Jacob
3356 2153 3369 2188 :
3418 2137 3549 2206 quia

1973 2223 2176 2294 repleta
2200 2233 2304 2288 est,
2333 2234 2392 2278 ut
2419 2224 2489 2278 ab
2515 2223 2690 2289 initio,
2717 2232 2861 2278 terra
2892 2240 3080 2279 eorum
3121 2226 3551 2284 divinationibus

1973 2325 2029 2370 et
2048 2314 2320 2369 vaticiniis
2342 2316 2387 2346 "
2426 2333 2438 2369 :
2482 2333 2502 2367 ι
2543 2316 2617 2369 ita
2648 2326 2703 2370 et
2734 2315 2836 2371 hoc
2872 2315 2994 2371 loco
3023 2317 3129 2371 duo
3160 2317 3315 2373 nobis
3342 2318 3546 2373 intelli-

1974 2406 2145 2476 genda
2166 2404 2470 2473 suntluda:
2491 2407 2695 2461 semina
2719 2416 2775 2461 et
2805 2407 2910 2462 duo
2940 2422 3159 2475 genera,
3193 2407 3549 2478 quemadmo—

1974 2499 2099 2553 dum
2135 2502 2254 2554 duae
2286 2501 2477 2554 domus
2536 2497 2724 2566 Jacob,
2773 2498 3129 2568 alteruiniex
3177 2501 3442 2572 sanguine
3494 2512 3550 2556 et

1975 2605 2160 2655 carne,
2201 2590 2431 2644 alterum
2455 2604 2520 2644 ex
2556 2590 2661 2645 lide
2701 2600 2758 2646 et
2780 2593 2978 2661 spiritu
3004 2602 3210 2647 natum.

2047 2681 2214 2750 228
2245 2680 2366 2734 156.
2402 2678 2593 2734 Videte
2634 2681 2781 2737 enim
2812 2682 3086 2750 quomodo
3114 2697 3256 2737 nunc
3290 2682 3548 2751 populum

1977 2771 2304 2841 alloquatur.
2339 2771 2632 2841 Postquam
2676 2772 2929 2841 superius
2976 2773 3115 2827 dixit
3148 2788 3163 2827 :
3214 2792 3233 2825 ι
3266 2773 3553 2839 Quomodo

1979 2866 2285 2921 invenietur
2305 2870 2493 2921 acinus
2518 2881 2633 2920 uva:
2661 2866 2715 2920 in
2751 2868 2931 2932 botro,
2962 2877 3017 2922 et
3043 2867 3244 2935 dicent,
3279 2868 3356 2923 Ne
3393 2868 3550 2923 laese.

1979 2960 2055 3014 ris
2107 2960 2284 3023 illum,
2328 2961 2451 3029 quia
2487 2959 2797 3015 benedictio
2844 2969 2928 3015 est
2982 2960 3037 3014 in
3074 2976 3177 3025 eo;
3217 2961 3297 3016 sic
3348 2961 3551 3015 faciam

1978 3060 2199 3124 propter
2245 3054 2577 3106 servientem
2628 3052 2759 3106 mihi
2798 3070 2813 3107 :
2845 3063 3070 3122 propter
3102 3053 3249 3109 hunc
3292 3069 3400 3109 non
3435 3054 3551 3109 dis-

270 3162 425 3219 τοῦτο
480 3161 768 3233 ἐπιφέρει·
810 3179 828 3210 ι
864 3160 972 3212 Καὶ
1027 3157 1200 3224 ἐξάξω
1235 3159 1296 3211 τὸ
1328 3157 1390 3223 ἐξ
1438 3158 1632 3212 Ἰακὼϐ
1675 3158 1769 3211 καὶ
1814 3157 1871 3224 ἐξ

1980 3145 2198 3215 perdam
2225 3159 2450 3208 omnes;
2495 3163 2512 3195 ι
2543 3144 2738 3199 deinde
2782 3145 2950 3199 infert
2975 3145 3079 3199 hoc
3117 3162 3130 3198 :
3163 3164 3181 3196 ι
3211 3145 3279 3198 Ει
3318 3145 3551 3199 educam

284 3252 470 3313 Ἰούδα.
517 3274 537 3305 ι
577 3253 754 3322 Δῆλον
805 3246 899 3305 οῦν
947 3252 1080 3322 (85),
1113 3254 1162 3305 εί
1191 3252 1420 3314 ἐκείνοις
1458 3250 1633 3315 οὕτως
1660 3250 1874 3323 ὀργίζε-

274 3361 378 3409 ται,
414 3346 514 3398 καὶ
546 3344 871 3411 ὀλιγοστοὺς
903 3343 1255 3412 καταλείψειν
1305 3343 1538 3407 ἀπειλεῖ,
1572 3341 1764 3405 ἄλλους
1789 3358 1873 3395 τι·

274 3434 367 3498 νας
418 3434 641 3499 ἐξάξειν
692 3433 1114 3501 ἐπαγγέλλεται,
1165 3433 1214 3486 οἳ
1260 3434 1674 3505 κατοικήσουσιν
1706 3435 1764 3486 ὲν
1795 3430 1873 3503 τῷ

273 3527 383 3599 δρει
414 3525 619 3581 αὑτοῦ.
653 3518 815 3579 Οὗτοι
842 3524 899 3577 δέ
924 3527 1058 3578 εἰσιν
1090 3524 1184 3588 οὒς
1216 3519 1339 3577 εἶπε
1372 3527 1594 3595 σπερεῖν
1624 3523 1718 3577 καὶ
1747 3541 1872 3593 γεν-

274 3626 478 3694 νήσειν.
514 3624 716 3693 Ὑμεῖς
746 3620 856 3692 γὰρ
897 3620 1021 3673 οὔτε
1053 3621 1343 3685 καλοῦντος
1380 3620 1544 3674 αὑτοῦ
1593 3618 1871 3690 ἀνέχεσθε,

272 3714 392 3767 οὕτε
426 3712 731 3775 λαλοῦντος
778 3711 1024 3774 ἀκούετε,
1050 3711 1184 3765 ἀλλὰ
1220 3712 1312 3765 καὶ
1342 3710 1404 3763 τὸ
1427 3710 1661 3781 πονηρὸν
1683 3710 1875 3781 ἐποιή-

278 3823 403 3860 σατε
440 3806 684 3862 ἐνώπιον
719 3806 945 3874 Κυρίου.
982 3805 1054 3857 To
1095 3804 1153 3857 δὲ
1202 3803 1538 3875 ὑπερϐάλλον
1591 3802 1745 3872 ὑμῶν
1775 3801 1875 3873 τῆς

274 3899 472 3961 κακίας
504 3898 572 3950 τὸ
623 3898 724 3951 καὶ
756 3900 954 3967 μισεῖν,
991 3895 1314 3964 ἐφονεύσατε
1349 3894 1458 3965 (86)
1515 3893 1745 3957 δίκαιον,
1780 3895 1876 3946 καὶ

273 3992 398 4055 τοὺς
448 3992 549 4043 ἀπ’
586 3988 753 4042 αὑτοῦ
796 3989 1059 4051 λαϐόντας
1091 3983 1229 4040 εἶναι
1263 3988 1400 4058 ὅπερ
1432 3987 1589 4050 είσὶν,
1634 3984 1876 4049 εὐσεϐεῖς

274 4085 366 4137 καὶ
398 4084 631 4145 δίκαιοι,
691 4082 787 4135 καὶ
831 4079 1221 4151 φιλάνθρωποι.
1252 4078 1552 4149 Τοιγαροῦν
1591 4098 1608 4130 ι
1640 4077 1777 4133 Οὑαὶ
1807 4081 1873 4149 τῇ

273 4177 419 4246 ψυχῇ
448 4175 656 4237 αὐτῶν,
692 4175 842 4241 λέγει
874 4172 1076 4243 Κύριος
1099 4213 1112 4236 ,
1148 4174 1227 4226 διὸ
1276 4172 1649 4242 βεϐούλευνται
1684 4171 1877 4241 βουλὴν

273 4266 525 4338 πονηρὰν
548 4266 673 4319 καθ’
698 4267 927 4331 ἑαυτῶν,
946 4266 1208 4329 εἰπόντες·
1240 4266 1495 4335 Ἀρωμεν
1526 4263 1619 4316 τὸν
1637 4263 1842 4315 δίκαιον
1858 4303 1873 4326 ,

272 4361 355 4413 ὁτι
386 4359 734 4429 δύσχρηστος
779 4361 910 4428 ἡμῖν
964 4361 1127 4410 ἐστιν.
1174 4376 1192 4408 ι
1232 4358 1304 4409 Οὑ
1342 4355 1450 4425 γὰρ
1491 4357 1586 4408 καὶ
1621 4356 1776 4425 ὑμεῖς
1809 4356 1876 4426 τῇ

273 4451 427 4504 Βάαλ
458 4450 673 4513 ἐθύετε,
715 4450 791 4512 ὡς
820 4451 871 4502 οἱ
916 4450 1147 4519 πατέρες
1180 4448 1353 4519 ὑμῶν,
1388 4448 1507 4500 οὐδὲ
1540 4449 1598 4500 ὲν
1636 4445 1876 4508 συσκίοις

1980 3238 2113 3294 illud
2161 3237 2229 3291 de
2272 3235 2441 3293 Jacob
2509 3251 2698 3290 semen
2746 3245 2801 3290 et
2842 3235 2909 3291 de
2937 3235 3074 3289 Juda
3110 3237 3177 3288 ⁸³.
3212 3254 3232 3287 ι
3264 3235 3553 3299 Manifesta

1978 3345 2106 3401 ergo
2133 3344 2221 3384 res
2242 3339 2347 3396 est,
2382 3328 2427 3383 si
2461 3329 2583 3382 istis
2614 3329 2689 3381 ita
2722 3329 2980 3383 irascitur
3005 3336 3062 3383 et
3089 3326 3447 3398 paucissimos
3473 3343 3552 3382 re~

1977 3425 2233 3479 licturum
2294 3421 2554 3485 minatur,
2591 3420 2728 3475 alios
2765 3421 3029 3491 quosdam
3082 3420 3442 3477 adducturum
3492 3434 3553 3475 se

1977 3515 2288 3585 pollicetur,
2306 3513 2397 3585 qui
2428 3512 2722 3567 habitaturi
2756 3511 2864 3566 sint
2892 3513 2945 3566 in
2975 3519 3163 3566 monte
3192 3518 3383 3565 sancto
3410 3510 3550 3578 ejus.

1978 3605 2044 3660 lli
2070 3613 2248 3660 autem
2287 3620 2393 3660 non
2437 3602 2530 3657 alii
2556 3612 2704 3666 sunt,
2740 3617 2903 3672 quam
2937 3616 3075 3671 quos
3103 3608 3351 3655 saturum
3397 3614 3457 3655 sc
3491 3608 3549 3654 et

1979 3704 2362 3764 generaturum
2416 3694 2574 3749 dixit.
2616 3694 2719 3750 Vos
2764 3694 2909 3748 enim
2939 3707 3040 3748 nec
3080 3699 3367 3748 vocantem
3424 3705 3548 3744 eum

1979 3789 2246 3859 perfertis,
2276 3802 2375 3843 nec
2404 3788 2716 3858 loquentem
2743 3786 2966 3851 auditis,
2994 3788 3089 3841 sed
3124 3794 3179 3840 et
3220 3784 3421 3838 malum
3465 3783 3552 3837 fe-

1978 3882 2130 3936 cistis
2158 3896 2345 3935 coram
2381 3879 2631 3934 Domino.
2686 3877 2743 3933 in
2778 3880 2881 3933 hoc
2930 3885 3112 3932 autem
3146 3877 3385 3931 maxime
3413 3892 3551 3931 exu-

1980 3976 2137 4030 berat
2161 3974 2401 4045 nequitia
2440 3982 2641 4039 vestra,
2689 3974 2830 4041 quod
2869 3970 3033 4026 etiam
3067 3970 3297 4025 oderitis
3320 3969 3551 4039 justum,

1980 4081 2139 4136 quem
2162 4065 2462 4131 occidistis,
2496 4072 2553 4119 et
2583 4079 2678 4119 eos
2706 4063 2797 4132 qui
2822 4062 2892 4117 ab
2912 4076 2979 4116 eo
3004 4074 3265 4130 accepere
3288 4061 3472 4115 utsiut
3501 4061 3556 4115 id

1980 4162 2123 4230 quod
2154 4168 2299 4223 sunt,
2339 4160 2435 4227 pii,
2484 4158 2621 4228 justi
2647 4167 2701 4212 et
2735 4157 2978 4211 humani.
3015 4156 3199 4225 Itaque
3240 4172 3259 4206 ι
3298 4155 3389 4210 γε
3437 4155 3555 4209 ani-

1981 4268 2084 4305 uite
2114 4252 2377 4319 ipsorum,
2398 4250 2529 4303 dicit
2553 4248 2835 4310 Dominus,
2864 4262 2931 4301 eo
2968 4247 3111 4315 quod
3142 4244 3426 4300 consilium
3462 4262 3554 4299 ce-

1980 4354 2177 4413 perunt
2208 4343 2468 4396 adversus
2488 4342 2695 4411 seipsos
2724 4340 3003 4395 dicentes:
3030 4337 3305 4392 Tollamus
3323 4338 3554 4407 justum,

1984 4435 2241 4504 quoniam
2289 4432 2499 4487 inutilis
2519 4442 2601 4486 est
2625 4430 2781 4486 nobis
2805 4429 2870 4482 ⁸³.
2909 4448 2928 4480 ι
2980 4427 3166 4498 Neque
3199 4428 3345 4481 enim
3375 4436 3428 4482 et
3461 4441 3556 4480 vos

275 4539 310 4609 ἢ
354 4539 665 4611 μετεώροις
719 4540 906 4604 τόποις
956 4517 1228 4611 πέμματα
1255 4543 1490 4605 ἐποιεῖτε
1534 4541 1601 4610 τῇ
1647 4538 1871 4610 στρατιᾷ

1982 4526 2131 4579 Baali
2158 4522 2527 4586 sacrificastis,
2562 4532 2619 4575 ut
2646 4533 2830 4591 patres
2848 4522 3038 4586 vestri,
3072 4534 3168 4575 nec
3191 4519 3241 4572 in
3263 4517 3402 4572 lucis
3421 4526 3476 4571 et
3500 4519 3555 4571 in

276 4631 372 4697 τοῦ
406 4631 668 4701 ούρανοῦ·
707 4630 823 4683 ἀλλ’
848 4633 929 4684 ὅτι
965 4632 1065 4683 οὑκ
1096 4630 1350 4695 ἐδέξασθε
1382 4630 1473 4683 τὸν
1506 4629 1739 4700 Χριστὸν
1773 4629 1871 4681 αὑ-

277 4720 390 4772 τοῦ.
443 4721 502 4773 Ὀ
535 4720 649 4790 γὰρ
681 4721 871 4773 τοῦτον
918 4721 1147 4789 ἀγνοῶν,
1194 4722 1379 4789 ἀγνοεῖ
1411 4722 1503 4773 καὶ
1534 4722 1633 4791 τὴν
1681 4720 1874 4792 βουλὴν

276 4812 372 4865 τοῦ
410 4812 572 4865 Θεοῦ·
610 4815 706 4866 καὶ
742 4816 773 4867 ὀ
803 4812 991 4866 τοῦτον
1024 4813 1262 4885 ὑϐρίζων
1293 4814 1389 4865 καὶ
1431 4813 1624 4883 μισῶν,
1660 4813 1752 4865 καὶ
1784 4812 1876 4866 τὸν

278 4903 581 4971 πέμψαντα
608 4902 852 4971 δηλονότι
883 4904 977 4957 καὶ
1012 4906 1159 4973 μισεῖ
1190 4904 1284 4957 καὶ
1316 4903 1543 4974 ὑϐρίζει.
1581 4905 1687 4956 Καὶ
1732 4904 1780 4957 εί
1813 4903 1873 4955 ού

278 4994 531 5049 πιστεύει
557 5012 642 5059 τις
676 4998 755 5058 εἰς
787 4996 969 5061 αὑτὸν,
1005 4996 1063 5049 οὑ
1098 4996 1341 5049 πιστεύει
1375 4999 1487 5059 τοῖς
1518 4995 1627 5048 τῶν
1660 5014 1872 5068 προφη-

278 5082 389 5135 uir:
444 5085 771 5154 κηρύγμασι
825 5090 939 5149 τοῖς
983 5085 1146 5139 αὑτὸν
1199 5085 1732 5155 εὑαγγελισαμὲνοις,
1779 5088 1873 5140 καὶ

282 5175 425 5245 κηρύ
433 5174 496 5239 Ea
504 5193 589 5228 σιν
622 5194 647 5227 ε
658 5179 703 5239 ξς
730 5176 957 5241 πάντας.

353 5338 399 5370 ¹¹
427 5337 534 5391 Isa.
565 5350 693 5399 va,
728 5335 884 5390 9-12.
963 5337 1006 5366 ⁵²
1031 5335 1135 5389 lsa.
1163 5351 1226 5398 ιι,
1258 5336 1312 5401 5,
1338 5336 1392 5390 ti.
1465 5337 1510 5366 ⁵³
1538 5334 1639 5389 lsa.
1664 5351 1789 5397 ιιι,
1827 5335 1881 5396 8,
1916 5334 1971 5387 9.

357 5494 727 5566 (ὃθκωοὺχ
750 5492 1157 5566 ὑπηκούσατε.
1175 5491 1385 5566 Omissa
1418 5508 1446 5544 a
1477 5490 1712 5566 librariis
1752 5505 1873 5566 quae

287 5561 565 5635 sequuntur
578 5581 602 5617 r
622 5563 762 5632 apud
783 5562 1253 5635 lsaiam,é)tdtlnoa
1266 5562 1359 5615 καὶ
1374 5562 1774 5635 παρηκούσατε.
1794 5561 1872 5614 At!

288 5633 409 5695 haec
436 5639 584 5697 enim
624 5635 790 5693 verba
822 5634 1044 5701 respicit
1080 5633 1238 5701 paulo
1292 5642 1416 5701 post
1448 5633 1714 5696 Justinus,
1747 5647 1869 5701 cum

288 5709 374 5786 ait
398 5696 637 5786 εξΐμεῖς
660 5704 770 5786 γὰρ
799 5696 941 5786 οὗτεὲ
947 5696 1233 5767 καλοῦντος
1256 5696 1419 5757 αὑτοῦ
1440 5701 1717 5777 ἀνέχεσθε,
1748 5700 1871 5753 οὒτε

291 5772 579 5837 λαλοῦντος
614 5772 867 5827 ἀκούετε.
900 5772 1125 5827 Turnus.

368 5847 485 5917 (85)
535 5844 740 5914 Δῆλον
767 5840 899 5900 οὖν.
940 5843 1075 5899 Addi
1116 5851 1295 5914 posset
1330 5844 1437 5909 ὅτι,
1472 5844 1568 5902 sed
1607 5844 1685 5902 sic
1730 5848 1871 5903 hunc

1981 4614 2215 4669 excelsis
2264 4611 2401 4667 locis
2450 4610 2680 4664 bellaria
2720 4609 2995 4664 obtulistis
3026 4604 3232 4659 militiae
3270 4602 3430 4666 coeli;
3460 4604 3555 4656 sed

1982 4720 2090 4760 non
2124 4702 2441 4771 suscepistis
2467 4701 2746 4755 Christum
2775 4699 2891 4756 Dei.
2918 4696 3173 4765 Nam'qui
3212 4695 3358 4749 hunc
3410 4695 3557 4762 igno-

1982 4817 2092 4866 rat.
2135 4804 2429 4859 consilium
2468 4802 2562 4857 Dei
2594 4803 2827 4873 ignorat,
2863 4808 2916 4854 et
2946 4797 3040 4868 qui
3072 4797 3214 4852 hunc
3247 4795 3447 4865 injuria
3476 4796 3557 4848 af-

1985 4897 2133 4963 ficit,
2188 4912 2424 4966 eumque
2474 4895 2613 4962 odit,
2664 4909 2790 4948 eum
2825 4891 3101 4955 videlicet,
3150 4904 3180 4944 a
3216 4903 3326 4958 quo
3354 4888 3558 4941 missus

1984 5006 2089 5057 εει,
2124 4990 2240 5046 odit
2272 4998 2327 5044 et
2362 4988 2557 5057 injuria
2592 4987 2778 5049 afﬁcit.
2817 4986 2882 5039 Et
2920 4985 2966 5039 si
2995 4983 3120 5053 quis
3152 4997 3260 5037 non
3295 4979 3468 5035 credit
3503 4980 3556 5032 in

1983 5097 2129 5144 eum,
2159 5095 2265 5133 non
2302 5079 2478 5133 credit
2507 5080 2895 5147 prophetarum
2923 5073 3199 5127 vaticiniis
3232 5070 3384 5124 illum
3420 5084 3557 5137 prses

1983 5173 2357 5229 nuntiantibus
2404 5180 2459 5224 et
2485 5170 2625 5238 apud
2649 5184 2839 5224 omnes
2860 5165 3309 5236 praedicantibus.

2052 5332 2097 5362 ⁵³
2122 5332 2224 5385 lsa.
2255 5347 2339 5396 ιιι,
2370 5330 2426 5384 9.

1979 5489 2158 5543 Ιοοιιιιι
2189 5485 2595 5554 εοτίρεὶηιιιεεῑ
2626 5482 2969 5552 interpretati
2999 5497 3214 5544 sumus,
3245 5484 3302 5531 ut
3334 5493 3557 5534 necesse

1980 5577 2085 5613 non
2120 5559 2190 5611 sit
2224 5558 2365 5615 hanc
2389 5571 2573 5609 vocem
2606 5556 2824 5608 addere.

2049 5629 2162 5699 (86)
2208 5626 2628 5699 'Esporsiﬁgats.
2662 5624 2755 5678 Vel
2789 5621 3224 5699 _legen_d_um_>_<ai
3275 5616 3552 5699 φονεῦ-σαι,

1978 5688 2086 5761 vel,
2117 5688 2587 5767 quodvsin‘iplicius
2619 5688 3029 5767 etapgtiusiiuihi
3053 5692 3301 5767 videtur,
3330 5688 3388 5767 ὃν
3430 5690 3557 5767 ἐφο-

1976 5760 2222 5829 νεύσατε.
2288 5760 2528 5837 Utraque
2573 5760 2909 5837 emendandi
2966 5764 3102 5818 ratio
3162 5760 3438 5837 proposita
3485 5762 3555 5823 ab
3604 5828 3608 5833 ἱ

1978 5841 2189 5897 erudito
2208 5836 2549 5911 .Loudineusi
2582 5836 2813 5894 editore.
