3954 6258
426 336 525 397 791

1370 342 1426 398 s.
1470 304 1733 401 JUSTtNt
1770 346 2177 406 Ριιιιοδοριιι
2212 351 2299 407 ET
2330 354 2683 412 MARTYRIS

3568 368 3675 423 792

494 458 618 511 157.
659 456 922 510 Ilortatur
951 457 1171 514 Iudico:
1215 458 1283 511 ad
1336 462 1745 516 conversionem.
1799 494 1873 505 —
1913 464 1975 521 Ν(

2166 470 2287 523 157.
2323 472 2413 542 Μὴ
2435 472 2521 543 δὴ,
2555 467 2601 526 ὦ
2632 472 2869 543 ἀδελφοὶ,
2889 475 3058 531 κακόν
3076 493 3130 531 τι
3150 478 3341 550 εἴπητε
3364 481 3445 541 εἰς
3464 482 3671 539 ἐκεῖνον

421 548 551 618 quid
603 546 764 613 mali,
817 546 1055 617 fratres,
1099 549 1153 603 iu
1202 549 1348 605 hunc
1413 552 1729 607 cruciﬁxum
1774 555 1987 619 dicatis,

422 654 523 693 nec
588 640 789 695 vibices
854 640 973 710 ejus
1028 641 1288 709 rideatis,
1352 644 1551 713 quibus
1616 645 1746 701 licet
1810 649 1988 703 omni-

421 732 521 786 bus
573 733 776 797 sanari,
831 734 1284 803 quemadmodum
1318 744 1371 789 et
1407 752 1506 792 nos
1554 739 1729 793 sanati
1777 754 1984 799 sumus.

415 824 744 879 Praeclarum
768 826 914 880 enim
961 825 1146 893 fuerit,
1181 827 1226 881 si
1270 828 1569 898 Scripturis
1601 833 1985 900 assentientes,

415 916 536 971 duri
569 916 749 971 cordis
806 917 1279 973 clrcumcisionem
1331 921 1649 995 accipiatis;
1681 940 1787 979 non
1833 924 1985 980 illam

414 1024 576 1078 quam
628 1010 698 1064 ob
756 1010 945 1065 insitas
1010 1011 1166 1066 vobis
1199 998 1487 1080 opiniones
1533 1014 1767 1071 habetis.
1828 1014 1983 1072 Hanc

412 1099 555 1153 enim
581 1099 635 1154 in
668 1100 881 1167 signum
928 1101 1235 1158 institutam
1270 1104 1456 1172 fuisse,
1494 1120 1598 1160 non
1634 1108 1702 1163 ad
1734 1123 1867 1178 opus
1892 1109 1983 1179 ju-

413 1191 599 1257 stitiae,
625 1190 920 1260 Scriptura:
948 1196 1260 1249 necessario
1280 1196 1673 1252 demonstrant.
1703 1199 1983 1256 Assentite

414 1282 601 1351 igitur,
637 1298 736 1338 nec
763 1284 1071 1339 convicium
1108 1284 1323 1341 faciatis
1354 1289 1492 1343 Filio
1537 1290 1669 1359 Dei;
1705 1309 1806 1348 nec
1837 1294 1981 1349 Pha-

415 1376 587 1429 riszeis
614 1376 888 1446 magistris
912 1393 1118 1432 morem
1156 1388 1427 1449 gerentes,
1460 1381 1665 1454 Regem
1693 1383 1855 1439 Israel
1886 1402 1981 1441 ca-

413 1466 631 1522 chinnis
657 1469 966 1547 exagitetis,
993 1470 1183 1538 quales
1207 1487 1235 1524 a
1276 1473 1574 1544 Synagogae
1612 1486 1806 1532 vestrae
1838 1481 1983 1547 prin-

413 1556 623 1626 cipibus
657 1568 782 1627 post
825 1544 1013 1627 preces
1037 1559 1321 1618 docentur.
1361 1563 1494 1618 Nam
1531 1567 1575 1619 si
1608 1567 1654 1621 is
1678 1568 1767 1635 qui
1803 1544 1979 1622 homi-

412 1661 507 1702 nes
544 1647 652 1702 Deo
680 1663 785 1703 non
834 1649 1111 1717 placentes
1138 1654 1336 1723 tangit,
1374 1655 1632 1724 pupillam
1670 1656 1766 1711 Dei
1801 1659 1979 1729 tangit

411 1740 810 1808 quodammodo
842 1746 911 1813 ⁸⁸,
948 1756 1152 1815 quanto
1208 1749 1385 1816 magis
1418 1751 1508 1817 qui
1543 1749 1800 1806 dilectum
1859 1763 1980 1807 tan-

2093 561 2186 615 τὸν
2218 563 2645 635 ἐσταυρωμένον,
2686 566 2820 638 μηδὲ
2854 568 3153 641 χλευάσητε
3186 572 3349 626 αὑτοῦ
3389 576 3517 638 τοὺς
3553 575 3665 645 μώ-

2093 652 2276 717 λωπας
2307 649 2386 718 οἷς
2422 656 2633 728 ἰαθῆναι
2666 660 2800 713 πᾶσι
2830 661 3071 728 δυνατὸν,
3100 664 3175 727 ὡς
3199 665 3293 718 καὶ
3324 667 3486 736 ἡμεῖς
3521 666 3665 737 ἰάθη-

2093 762 2211 816 μεν.
2247 746 2423 801 Καλὸν
2461 748 2588 820 γὰρ,
2614 751 2682 823 ἣν
2702 754 3012 820 πεισθέντες
3034 758 3145 818 τοῖς
3175 755 3353 824 λόγοις
3390 774 3661 827 περιτμη-

2091 835 2221 907 θῆτε
2245 838 2344 909 τὴν
2378 840 2828 914 σκληροκαρδίαν,
2862 846 2928 917 ἢν
2950 846 3193 917 οὐχὶ(87)
3226 846 3293 898 δι’
3328 846 3480 916 ὑμῶν
3514 849 3663 914 ἐγγι-

2091 930 2319 1001 νομένην
2343 931 2565 1004 γνώμην
2596 934 2743 1006 ἔχετε
2766 976 2779 999 ,
2814 936 2999 1007 ἐπειδὴ
3044 938 3125 1001 εἰς
3174 940 3397 1007 σημεῖον
3427 932 3497 1007 ἦν
3518 937 3662 990 δεδο-

2092 1020 2247 1091 μένη,
2312 1023 2548 1077 ἀλλὀὐκ
2609 1027 2689 1089 εἰς
2756 1026 3167 1097 δικαιοπραξὶας
3221 1028 3399 1097 ἔργον,
3430 1028 3478 1079 οἱ
3512 1026 3658 1094 λόγοι

2086 1113 2468 1182 ἀναγκάζουσι.
2512 1115 2863 1187 Συμφάμενοι
2896 1111 2988 1169 οὖν
3024 1116 3097 1187 μὴ
3130 1115 3403 1187 λοιδορῆτε
3444 1116 3537 1169 ἐπὶ
3568 1117 3659 1169 τὸν

2087 1204 2215 1259 Υἰὸν
2253 1206 2348 1260 τοῦ
2392 1207 2559 1272 Θεοῦ,
2614 1208 2747 1279 μηδὲ
2794 1209 3105 1280 Φαρισαίοις
3164 1207 3471 1277 πειθόμενοι
3514 1208 3659 1261 διδα-

2086 1298 2332 1363 σκάλοις,
2367 1299 2458 1354 τὸν
2492 1300 2710 1370 βασιλέα
2740 1300 2833 1354 τοῦ
2880 1300 3091 1373 Ἰσραὴλ
3123 1299 3470 1370 ὲπισκώψητέ
3503 1319 3652 1353 ποτε·

2082 1390 2240 1442 ὁποῖα
2271 1389 2608 1444 διδάσκουσιν
2645 1394 2692 1444 οἱ
2742 1392 3171 1463 ἀρχισυνάγωγοι
3199 1393 3350 1463 ὑμῶν
3386 1394 3524 1463 μετά
3554 1396 3657 1464 τὴν

2082 1480 2387 1549 προσευχήν
2422 1479 2551 1550 (88)·
2588 1482 2637 1533 εἰ
2674 1479 2782 1551 γὰρ
2815 1482 2843 1533 ό
2874 1480 3175 1550 ἁπτόμενος
3206 1481 3313 1533 τῶν
3349 1480 3423 1550 μὴ
3466 1480 3660 1551 εὐαρὲο

2084 1585 2222 1621 στων
2257 1568 2365 1639 (89)
2397 1568 2474 1639 τῷ
2506 1569 2644 1639 Θεῷ,
2679 1569 2754 1633 ὡς
2776 1570 2804 1621 ὁ
2836 1568 3138 1639 ἁπτόμενος
3171 1570 3338 1639 κόρης
3368 1567 3463 1620 τοῦ
3496 1566 3656 1629 Θεοῦ,

2082 1661 2214 1714 πολὺ
2251 1662 2448 1732 μᾶλλον
2479 1663 2507 1713 ό
2547 1662 2640 1715 τοῦ
2680 1661 3034 1732 ἠγαπημένου
3068 1661 3494 1730 καθαπτόμενος.
3534 1660 3659 1712 Ὅτι

2080 1755 2135 1808 δὲ
2191 1748 2343 1817 οὗτος
2371 1754 2531 1817 αὑτός
2565 1755 2700 1817 ἐστι,
2740 1755 2833 1806 καὶ
2886 1752 3083 1816 ἱκανῶς
3116 1750 3507 1804 ἀποδέδεικται.
3544 1749 3661 1803 Καὶ

412 1835 523 1903 git?
556 1833 712 1890 llunc
743 1846 932 1892 autem
992 1841 1168 1907 ipsum
1214 1856 1336 1895 esse
1374 1843 1509 1897 satis
1538 1842 1720 1898 multis
1750 1844 1973 1900 demon-

2084 1844 2352 1916 σιγώντων
2385 1846 2582 1910 αὐτῶν,
2618 1840 2786 1899 εἷποψ
2826 1844 2982 1914 Ἐγὼ,
3009 1839 3053 1898 ὦ
3079 1845 3241 1913 φίλοι,
3269 1845 3363 1897 καὶ
3382 1842 3480 1907 τὰς
3514 1843 3657 1913 Γρα-

411 1936 665 1984 stratum.
696 1929 1024 1987 Tacentibus
1061 1931 1187 2000 illis,
1218 1934 1499 2003 Equidem,
1529 1937 1769 2006 inquam,
1795 1940 1981 2003 amici,

414 2019 723 2091 Scripturas
748 2038 890 2079 nunc
921 2024 1119 2093 refero,
1146 2035 1204 2081 ut
1226 2028 1567 2096 interpretati
1596 2040 1724 2084 sunt
1748 2029 1981 2100 Septua-

411 2112 584 2181 ginta.
623 2111 757 2168 Nam
791 2130 913 2170 cum
941 2132 1037 2171 eas
1063 2129 1225 2173 antea
1277 2121 1607 2190 tetulissem,
1636 2132 1695 2175 ut
1722 2125 1861 2193 apud
1883 2140 1980 2181 vos

413 2206 700 2272 habentur,
748 2222 893 2262 nunc
922 2209 1093 2263 animi
1125 2212 1289 2265 vestri
1321 2214 1643 2268 sententiam
1677 2214 1842 2286 229
1879 2230 1975 2285 pe-

411 2298 643 2352 riclitari
679 2299 846 2354 volui.
883 2300 1141 2356 Recitans
1170 2303 1314 2358 enim
1352 2304 1693 2375 Scripturam
1725 2324 1846 2376 quat
1889 2309 1975 2362 di-

409 2390 487 2444 cit
510 2408 525 2445 :
549 2408 567 2441 ι
594 2390 685 2446 Vae
713 2391 867 2460 ipsis,
889 2392 1016 2461 quia
1050 2395 1334 2450 consilium
1361 2397 1559 2453 malum
1588 2411 1850 2468 ceperunt
1875 2402 1974 2454 ad-

408 2498 602 2538 versus
647 2484 884 2553 seipsos,
917 2484 1187 2551 dicentes,
1243 2506 1264 2542 ι
1313 2490 1517 2557 addidi,
1544 2499 1603 2545 ut
1634 2492 1975 2562 interpretati

410 2585 537 2629 sunt
561 2575 957 2646 Septuaginta:
1002 2596 1022 2630 ι
1058 2577 1337 2635 Tollamus
1368 2581 1599 2651 justum,
1636 2586 1763 2654 quia
1810 2584 1976 2638 inuti-

411 2664 479 2719 lis
508 2674 591 2721 est
622 2665 810 2735 nobis;
847 2686 867 2721 ι
896 2684 1021 2725 cum
1057 2671 1215 2728 initio
1266 2673 1523 2744 colloquii
1571 2675 1875 2730 retulissem
1922 2675 1974 2730 id

409 2759 557 2827 quod
579 2773 676 2816 vos
695 2760 804 2816 dici
831 2761 1017 2828 vultis,
1052 2763 1374 2819 dicenteszr
1408 2766 1719 2821 Vinciamus
1747 2768 1976 2838 justum,

409 2850 538 2918 quia
589 2850 967 2909 incommodus
1017 2863 1101 2909 est
1149 2854 1326 2910 nobis.
1368 2874 1389 2908 ι
1430 2856 1537 2913 Sed
1578 2872 1676 2913 vos
1707 2858 1842 2913 alias
1892 2874 1979 2913 res

482 3032 525 3063 ⁵³
552 3032 717 3087 Zach.
755 3048 815 3098 ιι,
850 3034 903 3087 8.

2085 1942 2189 2011 φὰς
2218 1940 2360 2009 λέγω
2408 1939 2502 1993 νῦν
2550 1937 2624 2001 ὡς
2656 1937 2989 2008 ἐξηγήσαντο
3020 1938 3067 1990 οἱ
3112 1936 3543 2007 Ἑϐδομήκοντα·
3581 1936 3660 1986 εἰ-

2082 2030 2201 2085 πὼν
2232 2031 2341 2101 γὰρ
2369 2028 2535 2092 αὐτάς
2554 2028 2816 2098 πρότερον
2847 2025 2918 2089 ὡς
2944 2027 3099 2096 ὑμεῖς
3131 2023 3297 2087 αὑτάς
3330 2023 3503 2094 ἔχετε,
3538 2025 3659 2074 τεῖ-

2084 2141 2184 2196 ραν
2218 2123 2369 2193 ὑμῶν
2401 2120 2720 2191 ἐποιούμην,
2757 2118 2872 2182 πῶς
2921 2117 3193 2171 διάκεισθε
3226 2117 3322 2187 ἠδη
3356 2115 3453 2186 τὴν
3516 2114 3657 2184 γνὼ-

2082 2231 2209 2284 μην.
2243 2213 2429 2281 Λέγων
2454 2210 2563 2281 γὰρ
2594 2210 2690 2281 τὴν
2723 2209 2941 2280 Γραφὴν
2973 2207 3189 2278 ἢλέγει,
3220 2226 3239 2257 ί
3281 2207 3415 2259 Οὐαὶ
3448 2206 3653 2268 αὐτοῖς.

2078 2307 2160 2360 ὅτι
2223 2304 2599 2375 βεϐούλευνται
2634 2302 2827 2373 βουλὴν
2860 2298 3099 2370 πονηρὰν
3144 2298 3263 2351 καθ’
3303 2298 3531 2361 ἑαυτῶν,
3578 2297 3660 2350 ει-

2084 2399 2295 2463 πόντες,
2320 2418 2337 2450 ι
2363 2398 2438 2462 ὡς
2470 2398 2805 2469 ἐξηγήσαντο
2828 2398 2877 2449 οἱ
2911 2396 3327 2467 Ἑϐδομήκοντα,
3350 2394 3654 2463 ὲπήνεγκα,

2088 2508 2106 2541 ι
2141 2491 2395 2561 Ἀρωμεν
2447 2489 2538 2544 τὸν
2582 2490 2786 2543 δίκαιον
2849 2489 2979 2559 (90),
3042 2490 3123 2542 ὃτι
3154 2488 3487 2558 δύσχρηστος
3520 2486 3655 2553 ἡμῖν

2082 2584 2248 2647 ἐστιν,
2310 2604 2327 2635 ι
2379 2582 2513 2654 ἐμοῦ
2575 2584 2633 2635 ὲν
2688 2582 2827 2653 ἀρχῇ
2872 2582 2971 2653 τῆς
3013 2581 3227 2652 ὁμιλίας
3269 2579 3364 2632 καὶ
3408 2575 3657 2640 εἰπόντος

2080 2675 2216 2746 ὅπερ
2250 2676 2407 2746 ὑμεῖς
2440 2675 2684 2747 εἰρῆσθαι
2750 2673 3023 2744 βούλεσθε,
3058 2673 3300 2735 εἰπόντες
3336 2689 3349 2702 ·
3406 2689 3426 2722 ι
3466 2671 3657 2741 Δήσω-
3748 2742 3753 2747 η

2084 2784 2181 2837 μεν
2212 2768 2302 2820 τὸν
2336 2767 2560 2831 δίκαιον,
2590 2768 2671 2821 ὅτι
2701 2766 3032 2839 δύσχρηστος
3065 2768 3195 2837 ημῖν
3227 2768 3391 2819 ἐστιν.
3426 2783 3445 2815 ι
3482 2761 3656 2815 Ἀλλα

2081 2858 2137 2915 δέ
2170 2876 2290 2913 τινα
2321 2857 2614 2931 ἐπράξατε,
2676 2858 2771 2912 καὶ
2801 2858 2861 2911 οὐ
2898 2856 3103 2911 δοκεῖτέ
3137 2874 3225 2927 μοι
3260 2856 3367 2926 (91)
3403 2854 3656 2926 ἀνηκόως

480 3192 592 3257 (87)
622 3192 735 3243 Ἦν
758 3190 913 3258 οὐχί.
945 3188 1192 3257 Legendo
1220 3193 1315 3261 οὐχ
1342 3190 1431 3261 ἦν.
1472 3188 1620 3243 clara
1643 3200 1697 3243 et
1726 3189 1975 3258 expedita

2084 3188 2335 3261 miarum,
2366 3204 2502 3256 quas
2526 3187 2695 3243 Judaei
2741 3189 2792 3242 in
2826 3189 3113 3260 synagogis
3164 3190 3426 3261 adversus
3462 3186 3654 3261 ἓῐοειιιῐι

410 3261 499 3315 fiet
542 3276 606 3315 ex
638 3273 890 3327 corrupta
923 3269 976 3312 et
1021 3264 1251 3316 obscura
1303 3266 1415 3315 haec
1474 3261 1763 3313 verborum
1814 3274 1967 3312 com-

406 3332 609 3403 plexio.
633 3329 764 3403 bith
795 3344 976 3403 tamen
1011 3332 1294 3403 legendum
1313 3332 1388 3393 ὡς
1418 3332 1467 3384 οἱ
1489 3330 1657 3398 λόγοι,
1696 3342 1754 3384 ιιι
1783 3330 1971 3384 admo-

408 3404 527 3458 nuit
554 3401 895 3470 Sylburgius.

482 3468 786 3547 (88_):_M§t('r
808 3470 922 3547 τὴν
942 3473 1309 3547 προσευχήν.
1327 3471 1501 3547 Supra
1529 3485 1583 3547 n_.
1616 3469 1702 3547 l6,
1732 3479 1785 3525 et
1810 3468 1974 3539 pluria

407 3541 512 3597 bus
533 3540 739 3610 aliisin
770 3540 927 3607 locis,
956 3558 1076 3610 quae
1111 3540 1395 3597 recensere
1435 3540 1656 3610 longius
1678 3540 1839 3604 foret,
1876 3554 1974 3593 ex-

406 3612 632 3682 probrat
657 3609 885 3683 Judaeis.
919 3609 1059 3678 quod
1085 3614 1135 3666 in
1170 3612 1591 3683 synagogissuis
1632 3609 1973 3683 Christianos

407 3679 543 3737 diris
600 3690 783 3751 agant.
815 3679 1015 3735 Justini
1061 3679 1394 3737 testimonio
1430 3681 1643 3735 videtur
1684 3681 1973 3735 dissentire

407 3752 766 3822 Epiphanius,
799 3752 891 3820 qui
929 3752 1084 3822 diras
1123 3753 1242 3808 illas
1274 3765 1462 3822 preces
1494 3767 1597 3803 non
1624 3752 1676 3804 in
1706 3751 1971 3805 Christia-

408 3820 528 3887 nos,
558 3823 650 3876 sed
670 3824 720 3874 in
750 3821 1037 3876 laazreticos
1061 3824 1199 3887 illos,
1235 3824 1325 3891 qui
1352 3820 1592 3874 Nazarrei
1627 3822 1971 3891 dicebantur,

408 3892 608 3947 ell'undi
649 3899 897 3945 testatur.
936 3893 1029 3945 Sic
1062 3896 1206 3947 enim
1239 3890 1305 3947 de
1331 3892 1438 3945 illis
1474 3892 1747 3944 haereticis
1796 3890 1971 3957 loqui-

408 3974 518 4029 tur,
549 3978 601 4031 p.
651 3961 758 4015 2‘24
791 3979 805 4014 :
839 3962 984 4015 Πάνυ
1017 3962 1073 4017 δὲ
1114 3959 1259 4016 οὗτοι
1314 3962 1496 4032 ἐχθροὶ
1543 3964 1672 4032 τοῖς,
1702 3960 1974 4032 Ἰουδαίοις

408 4035 758 4105 ὑπάρχουσιν.
801 4032 873 4083 Οὐ
910 4033 1083 4105 μόνον
1136 4034 1243 4105 γὰρ
1272 4031 1751 4105 0115v_’lo_'o60tiwv
1789 4031 1975 4105 παῖδες

408 4101 545 4174 πρὸς
584 4102 830 4174 τούτους
859 4101 1157 4174 κέκτηνται
1209 4101 1381 4174 μῖσος,
1444 4101 1577 4154 ἀλλὰ
1632 4102 1975 4174 ἀνιστάμενοι

408 4172 841 4249 ἔσωθεν-(ἔωθεν)
859 4175 966 4249 κα).
996 4172 1165 4249 μέσης
1194 4172 1409 4249 ἡμέρας
1437 4174 1531 4249 καὶ
1557 4174 1683 4249 περὶ
1704 4172 1801 4249 τὴν
1822 4172 1983 4249 ἐσπε-

412 4260 531 4315 ραν,
553 4242 797 4315 τρὶςμτῆς
848 4241 1078 4315 ἡμέρας,
1109 4241 1328 4306 ὅτελτὰς
1362 4244 1525 4312 εὐχὰς
1554 4241 1889 4315 ἐπιτελουσιν
1923 4243 1980 4294 ὲν

405 4312 526 4377 ταῖς
558 4312 738 4365 αὐτῶν
772 4312 1132 4386 συναγωγαῖς,
1175 4315 1480 4386 ἐπαρῶνται
1515 4314 1696 4386 αὐτοῖς
1723 4312 1814 4386 καὶ
1854 4313 1983 4386 ανα-

407 4384 760 4469 θεμςιὶίςοιυσι
814 4381 1134 4469 ξράσκοντες,
1170 4387 1249 4438 ὅτι
1286 4381 1726 4464 ’Ἐπικαταράσαι
1758 4384 1819 4463 ,όη
1850 4381 1982 4444 Θεὸς

406 4452 534 4518 τοὺς
566 4453 941 4525 Ναζωραίους.
983 4474 1000 4505 ι
1045 4458 1279 4509 Omnino
1307 4467 1488 4525 autem
1537 4452 1625 4506 isti
1660 4452 1820 4525 invisi
1851 4460 1979 4525 sunt

2078 3260 2466 3385 etrtszbanitz.6
2488 3260 2642 3315 testis
2689 3269 2776 3314 est
2828 3258 2992 3315 etiam
3034 3261 3316 3331 Origenes,
3356 3260 3415 3312 in
3445 3258 3650 3316 Jcrem.

2078 3345 2132 3385 υ.
2284 3340 2338 3382 et
2471 3366 2487 3383 .

2118 3330 2251 3382 .lll
2284 3330 2487 3383 etl76.

2077 3345 2260 3469 p.(18l91)
2284 3345 2524 3470 ἳῶινίῗίὴ
2547 3401 2903 3468 εὐαρέστων.
2927 3400 3277 3471 Negationcm
3302 3399 3654 3456 recidendam

2079 3471 2413 3540 existimavit
2446 3473 2787 3540 Sylburgius,
2842 3487 2941 3525 nec
2981 3488 3100 3525 eam
3127 3474 3177 3525 in
3236 3473 3653 3535 interpretando

2080 3539 2599 3609 Laiigiisiservavit.
2631 3539 2701 3595 At
2728 3544 2810 3596 eis
2836 3557 2941 3595 non
2999 3542 3295 3595 aSsentitur
3346 3540 3649 3607 Tltirlbius,

2080 3621 2138 3665 et
2168 3614 2363 3682 merito
2397 3612 2651 3678 quidem;
2685 3627 2807 3665 nam
2860 3615 3001 3682 apud
3051 3611 3370 3665 Zachariam
3421 3609 3651 3678 Judmis,

2080 3695 2220 3748 quos
2253 3678 2502 3736 Justinus
2534 3684 2641 3735 Deo
2681 3678 2911 3750 semper'
2948 3684 3290 3749 displicuisse
3344 3683 3651 3741 contendit.

2079 3750 2193 3804 ltzec
2221 3751 2514 3822 dicuntur:
2551 3753 2608 3805 Ὀ
2641 3751 2939 3822 ἁπτόμενος
2984 3751 3135 3822 ὑμῶν
3174 3751 3248 3814 ὼς
3285 3753 3312 3803 ό
3346 3751 3654 3821 ἁπτόμενος

2078 3821 2178 3891 τῆς
2211 3820 2375 3891 κόρης
2395 3821 2489 3874 τοῦ
2516 3820 2793 3891 ὀφθαλμοῦ
2814 3822 2999 3876 αὑτοῦ.
3025 3820 3169 3875 Cum
3201 3836 3331 3889 ergo
3358 3820 3651 3891 ha’cAdicta

2081 3889 2188 3944 sint
2219 3889 2288 3943 ad
2314 3889 2578 3961 ejusmodi
2616 3889 2884 3955 homines,
2927 3907 3063 3961 quos
3095 3906 3199 3945 non
3235 3892 3449 3945 videtur
3477 3889 3655 3944 Justi-

2082 3976 2183 4014 nus
2219 3961 2329 4031 Deo
2358 3973 2541 4031 gratos
2567 3974 2622 4017 et
2645 3972 2896 4029 acceptos
2922 3962 3288 4026 existimasse,
3328 3962 3454 4031 inde
3493 3963 3653 4014 colli-

2081 4032 2158 4099 git
2194 4030 2275 4081 vir
2307 4028 2554 4086 er'uditus
2592 4050 2696 4086 non
2728 4028 3013 4086 delendam
3072 4047 3193 4085 esse
3243 4033 3295 4086 in
3330 4028 3532 4085 Justini
3568 4043 3651 4085 te-

2080 4101 2340 4153 stimonio
2386 4105 2744 4171 negationem.

2153 4172 2265 4243 (90)
2311 4170 2578 4241 'prper
2610 4172 2719 4243 τὸν
2743 4171 2995 4226 δίκαιον.
3022 4173 3097 4226 lla
3136 4174 3333 4243 legunt,
3363 4178 3423 4225 ut
3452 4170 3652 4243 obser-

2083 4252 2173 4293 vat
2213 4240 2507 4307 'l'hirlbius,
2542 4242 2905 4297 Tertulliauus
2944 4244 3157 4297 madv.
3190 4240 3386 4304 Illam,
3437 4258 3488 4294 c.
3537 4240 3649 4306 ‘22;

2080 4312 2253 4364 Clem.
2284 4313 2463 4377 Alex.,
2494 4330 2545 4381 p.
2571 4313 2704 4372 'il5;
2746 4311 3033 4382 llcgesipp.
3076 4316 3214 4381 apud
3261 4312 3462 4365 Euseb.
3497 4309 3649 4366 Ilist.

2083 4396 2144 4444 ll,
2181 4395 2232 4434 c.
2261 4384 2352 4435 ‘25.
2382 4386 2625 4453 Scaliger
2659 4384 2711 4435 in
2744 4383 2946 4438 Euseb.
2982 4384 3179 4436 Chron.
3209 4397 3264 4450 p.
3295 4382 3418 4453 191,
3450 4382 3649 4434 existi-

2084 4461 2193 4503 mat
2222 4454 2270 4504 ln
2305 4455 2445 4522 lnmc
2485 4451 2638 4508 [sane
2678 4453 2871 4517 locum,
2899 4455 2990 4522 qui
3023 4454 3182 4505 aliter
3227 4455 3277 4504 in
3307 4451 3559 4522 Hebraeo
3580 4467 3652 4507 ac

406 4514 626 4580 Iudaeis.
666 4514 787 4578 No'u
834 4514 1005 4577 solum
1053 4527 1194 4579 enim
1233 4526 1326 4578 ﬁlii
1350 4524 1657 4579 Iudaeorum
1700 4522 1822 4576 illos
1850 4523 1975 4594 odio
2007 4514 2051 4568 D
2080 4519 2396 4594 apudLXX
2437 4524 2669 4594 legitur,
2706 4514 2965 4577 translaia
3010 4523 3178 4594 fuisse
3210 4523 3328 4594 inec
3376 4521 3500 4573 libri
3538 4520 3652 4594 Sa-

408 4606 841 4665 prosequuntur,
874 4596 965 4648 sed
999 4597 1162 4649 etiam
1192 4607 1476 4664 surgentes
1508 4608 1687 4654 mane,
1726 4593 1974 4665 puteridie

407 4662 463 4717 et
504 4666 571 4718 ad
594 4662 923 4735 ’vesperam,
957 4675 1039 4719 ter
1066 4669 1133 4720 de
1165 4668 1271 4729 die,
1294 4662 1442 4717 'cum
1476 4678 1664 4731 preces
1690 4662 1975 4735 absolvunt

407 4736 461 4788 iu
492 4733 785 4805 synagogis
816 4738 952 4797 suis,
984 4748 1340 4791 exsecrantur
1370 4736 1491 4789 illos
1526 4743 1580 4786 et
1612 4733 1974 4805 anathemati-

410 4801 561 4868 lant,
586 4801 830 4859 dicentes
862 4823 876 4859 :
906 4807 1231 4861 Exsecretur
1263 4807 1403 4859 Deus
1428 4805 1732 4858 Nazarwos.
1764 4821 1783 4853 ι
1815 4801 1975 4855 Justi-

406 4892 534 4930 num
569 4891 788 4930 errasse
823 4893 928 4929 non
954 4890 1081 4944 puto
1116 4896 1129 4931 :
1166 4878 1383 4931 videtur
1419 4874 1972 4945 potiuslipiplianius,

406 4947 645 4999 nominis
677 4962 865 4999 errore
884 4943 1157 5016 deceptus,
1192 4943 1566 5001 lnereticbrum
1594 4943 1971 5016 Nazarteorum

408 5029 615 5069 sectam
650 5017 946 5087 sumpsisse
978 5015 1439 5087 pruCliristianis,
1480 5031 1615 5085 quos
1649 5015 1824 5083 ipsein
1859 5016 1966 5082 pri-

408 5088 633 5142 mordiis
674 5086 1222 5143 Nazarmos’vocatos
1274 5090 1441 5141 fuisse
1473 5088 1668 5141 ibidem
1720 5095 1967 5138 testatur.

407 5156 522 5210 lloc
559 5158 939 5211 Nazaramrum
976 5162 1194 5214 nomine
1228 5159 1566 5214 ChriSIianos
1593 5155 1760 5209 Judaei
1793 5156 1973 5222 appel-

408 5231 525 5281 lare
554 5244 659 5282 non
690 5230 996 5292 desierunt,
1030 5242 1087 5282 ut
1110 5248 1177 5286 ex
1204 5234 1287 5285 his
1316 5230 1635 5283 Tertulliani
1674 5229 1852 5281 verbis
1891 5227 1972 5278 di-

407 5299 661 5354 scimus:
717 5316 735 5348 ι
799 5299 1090 5354 Νιιῑιινειιιιε
1152 5304 1354 5363 vocari,
1421 5302 1619 5367 inquit,
1670 5299 1766 5353 lib.
1809 5313 1860 5351 tv
1917 5298 1971 5351 in

404 5369 607 5431 illam,
638 5387 687 5425 c.
712 5385 833 5437 vni,
865 5372 1099 5426 habebat
1127 5375 1418 5428 secundum
1449 5372 1781 5439 prophetiam
1808 5370 1971 5439 131)ιὶ-

404 5453 522 5496 stns
565 5445 879 5496 creatoris:
915 5445 1057 5495 unde
1112 5458 1165 5499 et
1213 5446 1329 5513 ipso
1372 5438 1596 5513 nomine
1654 5457 1751 5495 nos
1799 5438 1970 5493 Judaei

408 5516 696 5567 Nummos
730 5514 1005 5581 appellant
1051 5532 1145 5583 per
1178 5512 1321 5569 enin.
1360 5532 1377 5563 ι
1417 5512 1783 5582 Hieronymus
1841 5530 1971 5565 cou-

404 5586 725 5637 troversiam
761 5584 968 5637 dirimit
1014 5586 1154 5640 inter
1200 5585 1471 5639 .lustinum
1502 5595 1557 5637 et
1589 5583 1969 5652 Epiphaniam.

402 5656 494 5708 Ait
536 5658 679 5707 enim
736 5656 801 5707 de
845 5653 1083 5723 Judu'is,
1149 5658 1243 5711 lib.
1288 5672 1359 5709 Lll
1410 5656 1465 5708 in
1512 5656 1647 5719 lsa.,
1690 5654 1791 5707 col.
1823 5653 1967 5705 377:

408 5743 425 5771 ι
456 5725 568 5777 Sub
613 5728 856 5789 nomine,
895 5735 953 5777 ut
979 5742 1120 5797 sarpe
1171 5728 1306 5789 dixi,
1347 5727 1762 5797 Nazarenorum
1788 5735 1865 5776 ter
1916 5726 1968 5777 in

402 5797 488 5852 die
517 5799 570 5852 in
594 5797 935 5855 Christianos
966 5792 1269 5869 congerunt
1308 5798 1615 5855 maledicta.
1657 5816 1674 5850 ι
1708 5792 1964 5865 Blasplie-

2077 4593 2293 4656 pientis:
2335 4608 2453 4661 cap.
2490 4590 2559 4655 ιι.
2598 4610 2649 4647 ν.
2695 4594 2783 4657 12,
2829 4596 3028 4647 verba:
3088 4591 3529 4661 Ἐνεδρεύσωμεν
3563 4590 3651 4642 δί-

2077 4677 2261 4734 καιον,
2329 4660 2450 4716 ἐπεὶ
2487 4665 2815 4734 δύσχρηστος
2850 4665 2981 4734 ἡμῖν
3016 4666 3180 4717 ἐστιν.
3217 4660 3451 4716 Verbum
3502 4660 3653 4732 ἄρω-

2080 4748 2179 4801 μεν
2215 4733 2488 4791 Thirlbius
2513 4733 2851 4803 desumptum
2874 4733 3041 4803 putat
3067 4749 3133 4788 ex
3164 4735 3315 4787 Isaia:
3347 4748 3469 4801 cap.
3506 4747 3647 4797 Lm,

2078 4817 2128 4858 ν.
2162 4805 2183 4856 1
2221 4818 2271 4857 et
2304 4807 2358 4857 2.

2148 4876 2257 4943 (91)
2299 4875 2406 4927 Καὶ
2437 4876 2509 4929 οὐ
2539 4873 2765 4927 δοκεῖτέ
2790 4893 2910 4944 μοι.
2939 4874 2995 4929 In
3037 4872 3215 4930 verbis
3248 4884 3366 4940 qua:
3395 4871 3651 4941 proxime

2077 4950 2425 5012 antecedunt,
2462 4946 2559 4999 visi
2592 4955 2717 4998 sunt
2750 4948 2851 4998 διῡὶ
2881 4946 3097 5016 Langus
3123 4955 3179 5016 et
3202 4954 3429 5011 uterque
3449 4944 3651 5016 Angli-

2077 5031 2249 5068 cauus
2296 5019 2471 5070 editor
2518 5013 3334 5084 repreliensinitem'l'acinorunt
3368 5029 3397 5065 ιι
3440 5013 3648 5067 ,Ιιιιιωίς

2077 5087 2437 5141 admissurum
2465 5088 2930 5151 animadvertere;
2967 5089 3017 5140 in
3048 5086 3165 5139 istis
3195 5094 3374 5137 autem
3399 5101 3412 5137 :
3443 5087 3555 5137 Καὶ
3582 5085 3646 5138 οὐ

2074 5155 2297 5227 δοκεῖτὲ
2324 5174 2434 5226 μοι,
2486 5171 2615 5215 etc.,
2662 5156 2871 5209 laudem
2914 5167 2968 5211 et
3007 5158 3303 5227 gratiarum
3346 5158 3645 5222 actionem,

2076 5232 2219 5294 quod
2279 5226 2492 5282 Justino
2548 5228 2815 5294 patientes
2881 5226 3045 5280 aures
3107 5228 3644 5280 :lCCOtIllI‘IOdus‘eltl.

2077 5299 2181 5350 Sed
2212 5298 2380 5367 liquet
2404 5300 2487 5352 his
2512 5299 2707 5359 verbis,
2734 5296 2867 5350 ἄλλα
2902 5297 2958 5349 δέ
2996 5315 3115 5350 τινα
3154 5294 3447 5367 ἐπράξατε,
3480 5296 3533 5351 id
3566 5298 3647 5351 si-

2074 5364 2345 5437 gniticdri,
2394 5369 2606 5422 Judacos
2651 5369 2785 5421 alias
2834 5385 2920 5423 res
2960 5372 3155 5437 egiSse,
3222 5384 3342 5421 cum
3392 5364 3649 5421 JuSIinus

2075 5439 2434 5506 Scripturaui,
2463 5452 2520 5493 ut
2549 5442 2687 5506 apud
2712 5440 3092 5506 Septuaginta,
3117 5440 3409 5507 proferret,
3440 5454 3649 5508 ensque

2074 5513 2144 5563 ita
2180 5526 2237 5563 se
2267 5514 2504 5579 gessisse
2530 5512 2678 5579 quasi
2706 5509 2843 5564 hanc
2880 5511 3178 5578 Scriptura:
3214 5514 3447 5565 citantla:
3477 5512 3651 5565 ratib-

2076 5595 2199 5633 nem
2232 5599 2335 5634 non
2369 5583 2907 5645 animadvertissent,
2953 5592 3008 5631 et
3052 5582 3254 5636 idcirco
3290 5581 3519 5636 minime
3554 5601 3647 5636 re-

2073 5654 2358 5706 clamassc.
2407 5656 2592 5717 Quare
2638 5655 2862 5708 omnino
2909 5653 3236 5722 legendum:
3283 5652 3393 5705 Καὶ
3432 5653 3647 5707 δοκεῖτέ

2076 5742 2162 5795 μοι
2195 5724 2456 5797 ἀνηκόως.
