3954 6258
297 398 392 452 793

1294 393 1637 451 DIALOGUS
1670 394 1812 449 CUM
1848 395 2221 452 TRYPHONE
2256 394 2523 453 JUDAEO.

3448 394 3551 459 795

296 513 397 565 τῶν
458 510 636 578 λόγων
692 510 1085 580 ὲπακηκοέναι.
1135 510 1269 563 Ἀλλ’
1325 513 1448 564 ἐπεὶ
1500 513 1594 564 καί
1638 512 1732 565 νῦν
1779 514 1870 584 ηδτ

1985 513 2191 583 egistis,
2224 512 2469 581 mihique
2498 510 2753 565 videmini
2801 510 2929 581 quid
2988 512 3220 567 dicerem
3277 512 3549 569 audiendo

298 607 327 672 ἡ
372 602 551 671 ἡμέρα
574 602 756 671 πέρας
791 602 1060 655 ποιεῖσθαι
1113 602 1312 672 μέλλει·
1356 603 1492 672 πρὸς
1535 603 1742 674 δυσμὰς
1773 604 1881 676 γὰρ

296 695 392 762 ἥδη
420 696 447 744 ὁ
479 693 633 762 ἥλιός
668 695 809 744 ἐστι·
860 693 954 745 καὶ
984 692 1043 744 ἓν
1062 710 1113 745 τι
1135 693 1388 764 προσθεὶς
1408 695 1520 756 τοῖς
1552 695 1878 765 εἰρημένοις,

300 786 591 855 παύσομαι.
661 783 835 836 Τοῦτο
894 784 938 836 δ’
972 784 1100 837 αὐτὸ
1151 786 1244 837 καὶ
1294 786 1354 837 ὲν
1399 787 1511 848 τοῖς
1547 787 1875 857 εἰρημένοις,

300 895 384 945 μοι
415 876 651 946 speret},
705 875 844 927 ἀλλὰ
891 874 1049 927 πάλιν
1083 873 1231 945 αὐτῷ
1264 873 1732 946 ἐπεξεργάσασθαι
1768 876 1879 948 (92)

294 968 357 1019 ἂν
418 968 628 1019 δίκαιον
663 964 803 1019 εἷναί
842 984 933 1036 μοι
976 966 1138 1019 δοκεῖ.

364 1058 481 1111 158.
525 1057 834 1112 Γινώσκετε
878 1053 991 1123 οῦν,
1038 1052 1082 1110 ὦ
1128 1057 1336 1128 ἄνδρες,
1383 1058 1540 1128 ἔφην,
1586 1059 1667 1111 ὅτι
1709 1061 1766 1111 ὲν
1797 1057 1879 1128 τῷ
1932 1069 1942 1080 ’

303 1150 499 1221 Ἡσαΐᾳ
528 1150 783 1203 λέλεκται
812 1151 917 1203 ὑπὸ
938 1150 1030 1203 τοῦ
1051 1150 1185 1203 Θεοῦ
1210 1152 1350 1221 πρὸς
1372 1151 1468 1221 τὴν
1500 1150 1873 1222 Ἰερουσαλὴμ,

290 1242 369 1293 ὅτι
420 1261 439 1291 ι
494 1242 625 1293 Ἐπὶ
657 1242 753 1293 τοῦ
786 1243 1170 1312 κατακλυσμοῦ
1203 1243 1296 1295 τοῦ
1342 1242 1463 1294 Νῶε
1506 1242 1685 1295 ἔσωσά
1730 1258 1807 1293 σε.
1855 1261 1873 1293 ι

292 1332 459 1383 Τοῦτο
484 1332 542 1385 δέ
576 1334 729 1384 ἐστιν
752 1333 780 1384 ὃ
809 1333 991 1401 ἔλεγεν
1018 1335 1044 1385 ὁ
1066 1334 1220 1397 Θεὸς,
1250 1336 1331 1386 ὃτι
1359 1334 1421 1386 τὸ
1452 1336 1743 1405 μυστήριον
1770 1334 1879 1388 τῶν

294 1424 621 1494 σωζομένων
651 1424 956 1495 ἀνθρώπων
984 1426 1076 1476 ἐπὶ
1100 1425 1192 1477 τοῦ
1224 1425 1605 1496 κατακλυσμοῦ
1638 1428 1876 1495 γέγονεν.

301 1516 354 1568 '0
378 1515 589 1579 δίκαιος
629 1515 739 1586 γὰρ
775 1515 899 1568 Νῶε
938 1515 1073 1586 μετὰ
1103 1517 1212 1570 τῶν
1242 1517 1416 1571 ἄλλων
1454 1517 1753 1588 ἀνθρώπων
1788 1519 1880 1571 ἐπὶ

286 1608 375 1659 τοῦ
408 1608 831 1679 κατακλυσμοῦ,
861 1608 1107 1661 τουτέστι
1138 1608 1239 1678 τῆς
1270 1627 1330 1662 τε
1360 1609 1617 1677 γυναικὸς
1646 1610 1744 1679 τῆς
1782 1610 1880 1661 αύ-

286 1707 395 1769 τοῦ,
433 1706 531 1757 καὶ
557 1706 671 1758 τῶν
703 1705 871 1776 τριῶν
892 1707 1095 1759 τέκνων
1125 1708 1316 1769 αύτοῦ,
1358 1708 1581 1761 καὶτῶν
1606 1710 1878 1777 γυναικῶν

284 1800 386 1849 τῶν
419 1798 557 1850 υἱῶν
603 1798 770 1851 αύτοῦ
794 1816 807 1827 ·
858 1800 913 1851 οἵ
946 1816 1088 1862 τινες
1119 1800 1228 1870 (95)
1270 1800 1486 1871 ἀριθμῷ
1529 1800 1681 1865 ὄντες
1712 1801 1874 1866 ὀκτὼ,

1984 621 2090 659 non
2119 604 2595 658 animadvertisse.
2620 602 2728 657 Sed
2759 603 2885 671 quia
2916 603 3027 672 jam
3059 604 3175 659 dies
3204 604 3437 669 decedit,
3480 606 3549 661 ad

1983 712 2236 752 occasum
2315 697 2462 752 enim
2496 697 2604 752 lsol
2671 705 2791 761 est;
2870 705 3155 765 postquam
3221 697 3549 765 supradictis

1982 807 2149 846 unum
2175 789 2380 859 aliquid
2410 788 2693 851 addidero,
2725 788 2992 841 desinam.
3029 789 3204 856 Atque
3238 788 3288 842 id
3330 787 3548 856 quidem

1978 883 2089 953 jam
2130 881 2354 950 protuli,
2383 880 2477 933 sed
2514 880 2708 933 iterum
2742 878 2942 946 aliquid
2993 891 3172 947 operae
3202 879 3255 931 in
3291 878 3424 932 illud
3450 879 3551 932 im-

1981 971 2216 1040 pendere
2241 983 2453 1036 mquum
2488 966 2620 1021 mihi
2652 967 2889 1020 videtur.

2052 1062 2176 1116 158.
2211 1061 2327 1114 Noe
2360 1061 2533 1129 ﬁgura
2576 1058 2774 1113 Christi
2810 1059 2898 1127 qui
2940 1074 3033 1111 nos
3065 1074 3157 1125 per
3180 1074 3369 1127 aquam
3400 1066 3449 1112 et
3483 1058 3551 1127 ﬁ-

1981 1157 2098 1206 dem
2128 1162 2176 1205 et
2210 1151 2411 1221 lignum
2444 1152 2787 1220 regeneravit.
2816 1181 2885 1191 —
2925 1150 3108 1204 Nostis
3138 1151 3323 1219 igitur,
3358 1164 3390 1202 0
3421 1150 3549 1215 viri,

1983 1245 2035 1297 in
2069 1244 2203 1297 Isaia
2236 1244 2437 1297 dictum
2472 1257 2593 1297 esse
2621 1256 2649 1295 a
2699 1241 2805 1296 Deo
2838 1243 2903 1295 ad
2932 1240 3234 1296 Jerusalem
3262 1259 3275 1294 :
3326 1261 3345 1294 ι
3379 1243 3437 1295 In
3467 1242 3550 1297 di-

1983 1337 2127 1391 luvio
2162 1335 2275 1389 Noe
2302 1335 2512 1389 servavi
2545 1344 2596 1389 te
2622 1335 2690 1388 ⁸⁸.
2734 1352 2753 1386 ι
2803 1335 2955 1401 Quod
2992 1344 3170 1388 autem
3216 1335 3353 1388 dixit
3384 1334 3548 1398 Deus,

1983 1429 2112 1483 illud
2152 1437 2256 1491 est,
2287 1427 2606 1497 mysterium
2636 1427 2920 1481 hominum
2955 1426 3338 1481 salvandorum
3376 1428 3428 1480 in
3470 1427 3552 1480 di-

1982 1522 2126 1575 luvio
2160 1520 2344 1573 fuisse.
2368 1517 2556 1574 Justus
2581 1520 2725 1574 enim
2758 1521 2868 1575 Noe
2900 1536 3021 1575 eum
3065 1521 3185 1575 aliis
3215 1519 3547 1582 hominibus,

1982 1615 2034 1669 id
2067 1624 2149 1670 est
2180 1628 2301 1667 cum
2332 1626 2501 1665 uxore
2528 1620 2582 1665 et
2632 1614 2804 1668 tribus
2833 1612 2960 1667 liliis
2990 1620 3045 1667 et
3090 1612 3327 1666 ﬁliorum
3360 1611 3548 1664 uxori-

1981 1709 2100 1771 bus,
2143 1707 2233 1776 qui
2286 1721 2520 1760 numero
2566 1714 2693 1759 octo
2742 1714 2919 1767 erant,
2974 1704 3189 1772 signum
3242 1702 3551 1757 habuerunt

1980 1800 2111 1863 diei,
2145 1813 2371 1852 nmnero
2416 1797 2634 1866 quidem
2680 1796 2885 1858 octavi,
2931 1795 2983 1847 in
3035 1809 3142 1861 quo
3176 1791 3431 1847 Christus
3479 1805 3549 1844 ex

288 1889 559 1957 σύμϐολον
598 1885 753 1958 εἶχον
795 1890 896 1959 τῆς
926 1861 1141 1960 ἀριθμῶ
1185 1861 1283 1960 μὲν
1312 1861 1517 1963 ’ὀγέόης
1548 1861 1779 1964 ἡμέρας,
1818 1861 1870 1945 ὲν

1983 1891 2210 1945 mortuis
2244 1889 2515 1943 redivivus
2542 1887 2811 1957 apparuit,
2839 1892 3104 1954 potestate
3128 1895 3307 1937 autem
3332 1896 3550 1951 semper

285 1974 315 2051 ᾖ
346 1982 523 2051 ἐφάνη
556 1984 587 2033 ὁ
615 1981 851 2050 Χριστὸς
884 1981 1037 2050 ἡμῶν
1060 1982 1168 2034 ἀπὸ
1190 1982 1397 2053 νεκρῶν
1428 1984 1684 2049 ἀναστάς,
1715 1986 1876 2039 δυνά-

287 2088 368 2141 μει
418 2073 466 2124 δ’
512 2074 607 2124 ἀεὶ
656 2071 881 2142 πρώτης
920 2073 1290 2145 ὑπαρχούσης.
1353 2076 1409 2127 '0
1452 2074 1561 2146 γὰρ
1622 2078 1874 2148 Χριστὸς,

285 2162 634 2231 πρωτότοκος
666 2162 849 2231 πάσης
874 2163 1099 2227 κτίσεως
1128 2163 1223 2227 ῶν,
1249 2166 1341 2218 καὶ
1361 2166 1501 2238 ἀρχὴ
1528 2168 1688 2222 πάλιν
1715 2170 1874 2223 ἄλλου

284 2252 466 2321 γένους
496 2253 731 2320 γέγονεν
755 2254 849 2305 τοῦ
879 2254 1333 2325 ἁναγεννηθέντος
1358 2258 1449 2310 ὑπ’
1471 2260 1634 2312 αὑτοῦ
1658 2260 1726 2313 δι’
1749 2261 1875 2314 ὓδα-

282 2358 364 2405 τος
406 2344 507 2396 καὶ.
557 2342 822 2407 πίστεως,
870 2346 965 2396 καὶ
1007 2344 1161 2408 ξύλου
1197 2346 1291 2399 τοῦ
1339 2348 1400 2401 τὸ
1447 2351 1743 2422 μυστήριον
1781 2352 1874 2405 τοῦ

286 2435 513 2505 σταυροῦ
549 2434 773 2505 ἔχοντος
793 2453 807 2466 ⁸
843 2435 904 2487 ὃν
932 2436 1130 2506 τρόπον
1163 2439 1257 2491 καί
1294 2440 1322 2491 ὁ
1354 2439 1476 2492 Νῶε
1511 2442 1568 2493 ὲν
1601 2441 1744 2511 ξύλῳ
1771 2443 1878 2495 διε-

286 2532 421 2601 05:01;
454 2531 833 2601 ἐποχούμενος
858 2534 968 2593 τοῖς
1000 2531 1153 2584 ὕδασι
1190 2534 1329 2602 μετὰ
1358 2534 1467 2589 τῶν
1511 2536 1673 2591 ἰδίων.
1711 2539 1876 2592 Ὅταν

286 2619 367 2676 οὖν
398 2624 535 2695 εἴπῃ
569 2626 601 2674 ὁ
642 2625 948 2694 προφήτης,
986 2643 1003 2675 ι
1043 2625 1136 2678 ἐπὶ
1168 2625 1289 2677 Νῶε
1325 2624 1505 2679 ἕσωσά
1539 2644 1618 2692 σε,
1662 2647 1681 2679 ι
1716 2629 1877 2700 προέ-

287 2732 381 2787 φην
405 2714 544 2784 (94),
584 2712 668 2783 τῷ
706 2715 906 2783 ὁμοίως
939 2715 1115 2785 πιστῷ
1142 2715 1256 2786 λαῷ
1286 2717 1421 2787 πρὸς
1453 2717 1583 2771 Θεὸν
1611 2721 1725 2772 ὄντι
1763 2719 1873 2790 (95)

286 2810 370 2861 καὶ
400 2809 471 2861 τὰ
504 2805 761 2876 σύμϐολα
791 2808 965 2861 ταῦτα
980 2808 1182 2879 ’ἔχοντα
1204 2808 1371 2877 λέγει.
1404 2810 1512 2863 Καὶ
1543 2809 1651 2882 γὰρ
1680 2812 1875 2883 ῥάόδον

286 2900 412 2967 ἔχων
444 2902 475 2952 ὁ
503 2897 757 2966 Μωῦσῆς
786 2898 926 2969 μετὰ
957 2902 1115 2972 χεῖρα
1165 2900 1296 2971 (96),
1336 2900 1425 2954 διὰ
1454 2902 1556 2972 τῆς
1601 2903 1875 2975 Θαλάσσης

285 2990 540 3061 διήγαγεν
575 2993 735 3062 ὑμῶν
762 2992 853 3044 τὸν
874 2992 1019 3045 λαόν.
1058 2993 1247 3063 Ὑμεῖς
1269 2996 1327 3048 δὲ
1361 2995 1768 3066 ὑπολαμϐάνετε
1793 2999 1875 3053 ὅτι

286 3084 355 3152 τῷ
382 3086 536 3152 γένει
571 3085 735 3155 ὑμῶν
774 3084 950 3155 μόνων
975 3083 1157 3153 ἔλεγεν
1189 3088 1221 3157 ἣ
1251 3090 1316 3159 τῇ
1344 3090 1435 3159 γῇ.
1470 3088 1590 3141 Ὀτι
1624 3088 1732 3161 γὰρ
1760 3089 1872 3160 (97)

287 3178 423 3228 πᾶσα
463 3180 497 3246 ἡ
552 3177 653 3247 γῆ,
695 3176 772 3239 ὡς
825 3175 1084 3247 ἡΓραιρὴ
1140 3176 1308 3245 λέγει,
1364 3179 1725 3251 κατεκλύσθη,
1781 3182 1875 3234 καὶ

288 3266 461 3335 etaim
496 3269 561 3320 τὸ
606 3267 753 3338 ὕδωρ
781 3266 966 3320 ἐπάνω
1007 3269 1225 3323 πάντων
1271 3270 1441 3341 ὀρέων
1474 3273 1669 3342 πήχεις
1708 3272 1873 3326 δεκα-

287 3362 469 3413 πέντε·
522 3360 673 3413 ῶστε
707 3361 768 3412 ού
801 3364 868 3431 τῇ
908 3364 977 3432 γῇ
1021 3362 1264 3430 φαίνεται
1298 3363 1553 3435 εἰρηκὼς,
1605 3364 1741 3418 ἀλλὰ
1794 3365 1873 3436 τῷ

412 3452 494 3522 τῷ
529 3452 845 3523 πειθομένῳ
874 3453 1020 3524 αὐτῷ
1040 3472 1053 3485 ·
1081 3446 1124 3521 ᾧ
1156 3457 1248 3508 καὶ
1284 3457 1586 3510 ἀνάπαυσιν
1621 3460 1874 3529 προητοί-

288 3562 447 3613 μασεν
482 3549 549 3599 ὲν
600 3547 956 3617 Ἰερουσαλὴμ
990 3548 1120 3617 (98),
1151 3548 1226 3611 ὡς
1260 3548 1741 3619 προαποδέδεικται
1782 3550 1871 3604 διὰ

287 3639 495 3691 πάντων
522 3640 638 3691 τῶν
683 3640 776 3691 ἐπὶ
816 3640 907 3692 τοῦ
944 3640 1325 3711 κατακλυσμοῦ
1368 3642 1653 3711 συμϐόλων
1674 3658 1687 3671 ·
1722 3637 1874 3695 εἷπον

286 3730 356 3791 δὲ,
382 3732 445 3783 δι’
477 3732 700 3795 ὕδατος,
735 3734 828 3784 καὶ
861 3734 1117 3800 πίστεως,
1152 3738 1248 3788 καὶ
1288 3732 1443 3798 ξύλου
1492 3737 1539 3787 οἰ
1586 3751 1874 3805 προπαρα-

1978 1984 2160 2054 primi.
2191 1981 2444 2036 Christus
2470 1980 2638 2043 enim,
2666 1994 2789 2032 cum
2826 1977 3219 2048 primogenitus
3245 1985 3393 2030 esset
3427 1990 3549 2029 om-

1978 2079 2063 2132 nis
2110 2084 2403 2137 creaturaz,
2452 2086 2645 2128 rursus
2675 2071 2840 2124 etiam
2876 2068 3051 2121 factus
3094 2077 3177 2121 est
3222 2067 3551 2138 principium

1978 2170 2206 2224 alterius
2248 2166 2464 2239 generis
2510 2165 2579 2219 ab
2616 2164 2731 2233 ipso
2774 2161 3076 2231 regenerati
3113 2174 3210 2228 per
3256 2173 3454 2228 aquam
3494 2165 3552 2211 et

1979 2264 2139 2317 [idem
2170 2270 2226 2314 et
2256 2261 2485 2329 lignum,
2509 2271 2618 2325 quo
2642 2254 2960 2325 mysterium
2991 2252 3172 2306 crucis
3198 2250 3548 2316 continetur;

1978 2348 2430 2419 quemadmodum
2477 2355 2532 2400 et
2562 2341 2675 2399 Noe
2710 2344 2762 2397 in
2806 2342 2954 2413 ligno
2986 2340 3226 2395 salvatus
3276 2350 3361 2394 est
3395 2341 3552 2409 aquis

1978 2441 2224 2493 invectus
2254 2452 2359 2491 una
2387 2451 2511 2491 cum
2556 2434 2690 2489 suis.
2724 2432 2860 2487 Cum
2905 2446 3036 2503 ergo
3065 2432 3199 2486 dicit
3223 2431 3504 2500 ’prOpbeta
3530 2448 3547 2485 :

1981 2549 2002 2583 ι
2035 2530 2304 2599 Tempore
2346 2526 2458 2582 Noe
2488 2524 2701 2582 servavi
2751 2533 2820 2590 te,
2860 2541 2879 2576 ι
2922 2533 2982 2577 ιιι
3022 2522 3135 2592 jam
3162 2522 3298 2585 dixi,
3333 2523 3449 2576 haec
3482 2522 3552 2575 ad

1976 2622 2231 2693 populum
2274 2620 2385 2676 Deo
2414 2619 2620 2690 pariter
2657 2617 2891 2682 ﬁdelem,
2921 2618 3222 2685 eademque
3268 2614 3422 2683 signa
3452 2613 3553 2667 ha-

1976 2716 2193 2771 bentem
2235 2714 2388 2768 dicit.
2424 2711 2558 2765 Nam
2587 2709 2801 2781 Moyses
2835 2709 3045 2778 virgam
3076 2706 3328 2762 manibus
3356 2719 3553 2775 gerens

1977 2808 2229 2877 populum
2272 2816 2513 2862 vestrum
2552 2819 2651 2875 per
2698 2818 2849 2859 mare
2894 2800 3165 2857 traduxit.
3215 2798 3325 2853 Vos
3365 2805 3551 2852 autem

1976 2909 2158 2954 vestro
2204 2906 2410 2953 tantum
2456 2899 2643 2969 generi
2687 2905 2780 2951 aut
2815 2906 2977 2951 terra:
3014 2894 3132 2948 haec
3171 2906 3296 2946 eum
3343 2889 3550 2944 dixisse

1975 2993 2294 3064 opinamini.
2346 2992 2454 3049 Sed
2500 3006 2623 3047 cum
2674 2992 2924 3045 universa
2972 2996 3139 3055 terra,
3187 2994 3250 3040 ut
3290 2984 3368 3039 ait
3398 2981 3552 3037 Scrin

1975 3098 2154 3155 ptura,
2193 3085 2453 3140 inundata
2498 3084 2591 3148 sit,
2641 3092 2698 3139 et
2740 3096 2878 3152 aqua
2925 3079 3088 3134 altior
3136 3076 3326 3140 fuerit,
3370 3087 3540 3146 quam

1902 3211 1947 3272 ο
1979 3186 2196 3234 montes
2217 3189 2428 3239 omnes,
2450 3173 2760 3244 quindecim
2788 3171 3016 3235 cubitis;
3037 3170 3208 3240 liquet
3240 3168 3405 3222 Deum
3434 3167 3553 3223 haec

1981 3280 2142 3326 terra:
2173 3284 2283 3324 non
2310 3266 2535 3329 dixisse,
2586 3266 2682 3320 sed
2728 3262 2929 3333 populo
2975 3262 3066 3328 qui
3106 3261 3158 3315 ei
3202 3258 3549 3330 obsequitur,

1977 3365 2176 3431 cuique
2200 3361 2362 3414 etiam
2397 3357 2639 3427 requiem
2687 3354 3083 3423 Hierosolymis
3110 3351 3459 3421 praeparavit,
3489 3358 3551 3405 ut

1977 3468 2072 3523 per
2102 3454 2254 3521 signa
2304 3452 2488 3506 omnia
2531 3450 2585 3504 in
2628 3447 2830 3502 diluvio
2879 3446 3024 3500 edita
3070 3452 3548 3514 praemonstratum

1974 3556 2096 3609 est;
2128 3546 2179 3600 id
2210 3553 2296 3599 est
2323 3560 2420 3615 per
2449 3558 2646 3614 aquam
2671 3552 2725 3596 et
2762 3541 2920 3596 tidem
2947 3550 3001 3594 et
3030 3540 3255 3609 lignum,
3286 3536 3377 3607 qui
3410 3551 3551 3606 prae-

1972 3638 2146 3706 parati
2200 3647 2346 3701 sunt,
2404 3646 2459 3692 et
2510 3646 2868 3706 peccatorum
2923 3631 3301 3703 paenitentiam
3353 3637 3545 3700 agunt,

1971 3741 2257 3784 venturum
2292 3730 2387 3783 Dei
2417 3727 2684 3796 judicium
2713 3726 2995 3797 eﬂ‘ugient.

288 3828 694 3897 σκευαζόμενοι,
729 3829 823 3880 καὶ
849 3830 1232 3898 μετανοοῦντες
1248 3832 1331 3899 ἐφ’
1357 3825 1438 3893 οἷς
1470 3831 1716 3901 ἥμαρτον
1734 3869 1749 3893 ,
1775 3828 2125 3900 ἐκφεύξονται
2146 3826 2245 3898 τὴν
2273 3826 2567 3896 μέλλουσαν
2590 3822 2915 3894 ἐπέρχεσθαι
2934 3819 3027 3873 τοῦ
3059 3815 3192 3871 Θεοῦ
3218 3813 3419 3887 κρίσιν.

352 3920 465 3972 159.
506 3922 621 3973 Καὶ
647 3920 756 3990 γὰρ
775 3922 903 3975 ἄλλο
935 3925 1228 3992 μυστήριον
1253 3924 1343 3976 ἐπὶ
1369 3923 1460 3975 τοῦ
1486 3922 1607 3975 Νῶε
1632 3940 1873 3993 προειρη-

287 4008 435 4079 τεύτιη
467 4010 819 4080 τελούμενον,
862 4012 891 4064 ὃ
920 4014 1019 4065 οὐκ
1051 4014 1366 4067 ἐπίστασθε.
1402 4015 1555 4066 Ἐστι
1588 4015 1645 4067 δὲ
1692 4014 1868 4067 τοῦτο.

298 4101 377 4151 Ἑν
396 4108 517 4165 ταῖς
550 4104 827 4170 εὐλογίαις
854 4099 940 4168 αἶς
974 4106 1182 4173 εὐλόγει
1220 4109 1247 4159 ὁ
1280 4106 1404 4158 Νῶε
1435 4108 1561 4169 τοὺς
1594 4107 1686 4160 δύο
1720 4109 1870 4172 υἱοὺς

286 4193 463 4255 αὺτοῦ,
501 4196 600 4247 καὶ
638 4196 731 4246 τὸν
764 4196 878 4248 υἱὸν
909 4197 1002 4250 τοῦ
1044 4198 1158 4250 υἱοῦ
1192 4197 1355 4250 αὐτοῦ
1396 4201 1720 4265 καταρᾶται.
1760 4199 1865 4251 Τὸν

285 4282 385 4353 γαρ
401 4287 517 4337 υἱὸν
560 4286 1023 4355 συνευλογηθέντα
1044 4288 1149 4340 ὑπὸ
1160 4288 1251 4340 τοῦ
1268 4288 1426 4350 Θεοῦ,
1446 4287 1506 4339 τὸ
1533 4288 1868 4359 προφητικὸν

288 4374 507 4445 Πνεῦμα
537 4377 882 4446 καταρᾶσθαι
922 4380 1021 4431 ούκ
1054 4379 1296 4449 ἔμελλεν.
1338 4378 1474 4430 Ἀλλ’
1503 4380 1623 4431 ἐπεὶ
1655 4380 1703 4432 δι
1730 4378 1867 4431 ’ὅλου

286 4470 371 4520 τοῦ
405 4472 602 4537 γένους
626 4469 722 4521 τοῦ
751 4470 1171 4537 ἐπι-γελάσαντος
1196 4473 1260 4541 τῇ
1293 4470 1567 4539 γυμνώσει
1596 4470 1726 4540 (98‘)
1751 4468 1869 4522 υἱοῦ

286 4562 461 4625 αὑτοῦ,
481 4566 515 4631 ἡ
540 4562 908 4632 προσ-τίμησις
930 4563 1021 4615 τοῦ
1046 4563 1437 4633 ἁμαρτήματος
1460 4558 1596 4616 εἶναι
1619 4562 1865 4633 ἔμελλεν,

352 4719 395 4749 ³⁸
424 4719 532 4772 lsa.
570 4732 680 4782 Liv,
716 4717 774 4771 9.

356 4872 467 4935 (ΟΞ)
506 4870 683 4935 Αἰ·τῷ
722 4869 1259 4937 ἐπεξεργάσασθαι.
1308 4866 1455 4922 idem
1491 4868 1708 4920 videtur
1737 4883 1857 4921 esse

291 4955 345 4991 ac
366 4946 449 4994 ἐπ’
476 4942 628 5009 αύτῷ
653 4940 1074 5010 ἐξεργάσασθαι,
1100 4956 1197 4993 nec
1224 4953 1448 5010 necesse
1472 4947 1555 4991 cst
1589 4955 1709 5010 cum
1745 4939 1859 5007 Syl-

288 5010 476 5075 lmrgio
501 5008 684 5081 legere
697 5008 851 5064 αὑτό.
879 5012 1021 5063 Idem
1044 5021 1223 5064 monet
1245 5009 1528 5081 legendum
1555 5008 1713 5074 paulo
1734 5018 1858 5062 ante

290 5082 505 5152 ἐρρέθη,
541 5077 689 5145 (iam!
718 5082 1088 5152 grammatica:
1125 5079 1328 5152 regulis
1364 5077 1538 5152 magis
1571 5089 1854 5133 consonat.

356 5146 483 5215 i95)‘
514 5152 584 5203 02
612 5146 790 5213 τινές.
824 5150 989 5214 Magis
1020 5146 1471 5215 placet’Thirlbio
1509 5146 1687 5216 legere
1718 5149 1857 5200 πάν-

291 5237 393 5283 τκ,
422 5224 564 5287 quod
593 5220 958 5284 mihiquidem
989 5219 1207 5271 minime
1234 5216 1600 5287 necessarium
1626 5218 1855 5287 videtur.

357 5284 470 5355 (Μ)
525 5290 659 5343 Ἔπί
705 5287 833 5342 Νῶε
871 5287 1077 5342 ἐσωσὰ
1126 5304 1198 5339 σε
1229 5284 1518 5352 repet-559nm
1558 5286 1744 5355 Melius
1784 5286 1857 5350 ὡς

290 5354 554 5430 προέιρην,
594 5374 923 5430 quanquam
976 5374 1081 5430 non
1137 5358 1331 5430 desunt
1394 5357 1532 5421 apud
1581 5354 1853 5430 iustitium

288 5426 527 5495 eienipt'a
556 5426 848 5496 ejusmodi,
876 5428 927 5479 in
951 5427 1167 5493 quibus,
1198 5426 1363 5496 verbo
1392 5426 1699 5496 parenthesi
1723 5441 1856 5488 qna-

289 5500 404 5550 dam
447 5493 688 5561 incluso,
730 5498 993 5565 particula
1034 5496 1108 5558 ὡς
1140 5495 1430 5565 omittitur.
1478 5493 1597 5565 Vid.
1636 5511 1690 5547 η.
1727 5496 1849 5565 115.

291 5570 338 5620 Ιιι
370 5570 454 5623 bis
472 5579 655 5623 autem
687 5562 888 5631 verbis,
920 5568 1012 5618 ἐπὶ
1034 5566 1156 5618 Νῶε
1185 5562 1363 5618 ἕσωσά
1382 5578 1462 5622 σε,
1490 5564 1571 5617 vel
1610 5574 1666 5616 ut
1695 5564 1852 5631 paulo

291 5581 338 5620 In
370 5581 454 5623 tus
472 5581 655 5623 autem
687 5581 888 5631 verbis,
920 5581 1012 5618 επι
1034 5581 1156 5618 Νωε
1185 5581 1363 5618 εσωσα
1382 5581 1462 5622 σε,
1490 5581 1571 5617 vet
1610 5581 1666 5616 ιιι
1712 5581 1852 5617 ramo

290 5651 433 5703 ante,
464 5640 559 5691 ἐπὶ
588 5638 684 5691 τοῦ
713 5636 1095 5706 κατακλυσμοῦ
1127 5637 1219 5689 τοῦ
1250 5635 1393 5693 Νῶε,
1436 5581 1855 5706 νίιιριιιιύιιειίο

291 5726 385 5760 tius
421 5701 625 5778 legisse
660 5709 714 5761 in
747 5701 1044 5773 Hebraea
1075 5708 1129 5762 in
1153 5708 1375 5768 diluvio,
1415 5719 1433 5753 ι
1470 5706 1628 5759 unius
1665 5701 1859 5758 litterae

293 5781 711 5843 permutatione.

361 5850 473 5917 l95)
518 5850 675 5918 Πρὸς
702 5848 851 5904 Θεὸν
876 5846 1022 5902 ὄντι.
1064 5845 1185 5905 Mox
1227 5862 1358 5920 ergo
1384 5844 1667 5918 legendum
1714 5844 1852 5915 σύμ-

2046 3921 2168 3975 159.
2198 3919 2599 3972 Benedictiones
2634 3917 2775 3969 datu:
2806 3933 2837 3969 a
2881 3912 2996 3966 Noe
3024 3920 3071 3964 et
3103 3911 3218 3978 ipsa
3256 3908 3416 3962 etiam
3440 3920 3550 3956 ma-

1973 4012 2185 4067 ledictio
2225 4009 2500 4079 prwdictio
2531 4016 2681 4061 erant
2713 4006 3033 4074 futurorum.
3056 4031 3125 4041 —
3160 3999 3292 4053 Nam
3318 4008 3374 4051 et
3399 3996 3547 4050 aliud

1974 4103 2295 4174 mysterium
2348 4112 2591 4172 tempore
2639 4098 2750 4153 Noe
2795 4095 3214 4167 prmdicebatur,
3260 4090 3402 4160 quod
3446 4102 3544 4142 vos

1974 4198 2218 4253 nescitis.
2255 4196 2347 4249 Sic
2390 4202 2572 4248 autem
2618 4206 2677 4247 se
2730 4193 2916 4245 habet.
2967 4188 3023 4241 In
3079 4182 3549 4241 benedictionibus

1974 4291 2168 4359 quibus
2195 4286 2307 4340 Noe
2337 4287 2476 4340 lilios
2504 4301 2631 4340 suos
2675 4284 2939 4352 impertit,
2975 4280 3155 4350 nepoti
3195 4292 3295 4331 suo
3323 4271 3548 4328 maledi-

1974 4383 2072 4435 cit.
2098 4380 2231 4434 Nam
2266 4379 2391 4442 lilio,
2417 4378 2509 4447 qui
2545 4376 2703 4431 simul
2736 4390 2859 4429 cum
2896 4373 3157 4427 fratribus
3185 4384 3214 4421 a
3243 4368 3352 4420 Deo
3384 4366 3548 4419 bene-

1976 4470 2153 4523 dictus
2181 4467 2378 4529 fuerat,
2412 4467 2763 4535 propheticus
2800 4464 3039 4533 Spiritus
3076 4474 3183 4513 non
3221 4466 3341 4511 erat
3372 4454 3546 4507 male-

1977 4557 2244 4613 dicturus.
2278 4557 2441 4628 230
2483 4556 2589 4611 Sed
2617 4558 2746 4625 quia
2796 4556 3035 4610 laturum
3064 4559 3183 4606 erat
3217 4556 3272 4602 ut
3319 4546 3385 4600 ad
3424 4544 3547 4598 uni-

1966 4868 2095 4922 6ολα
2127 4869 2297 4923 ταῦτα
2331 4868 2527 4939 ἔχοντι,
2554 4878 2612 4921 ttt
2637 4866 2946 4922 observavit
2983 4863 3326 4935 Sylburgius.

2036 4941 2149 5009 (96)
2193 4930 2393 5007 Χεῖριίξ
2414 4941 2566 5009 Legit
2588 4939 2868 5009 Thirlbius
2886 4930 3091 5008 χεῖρας,
3119 4946 3173 4986 ιιι
3192 4930 3355 5009 supra
3376 4946 3429 4984 η.
3449 4930 3541 5009 86.

2042 5003 2155 5077 (97)
2199 5003 2319 5063 Ὅτι
2358 5003 2539 5078 γάρ.ἷ.
2576 5008 2751 5064 ὥστε.
2800 5003 2918 5063 Jani
2964 5003 3069 5060 non
3119 5005 3284 5078 semel
3318 5004 3368 5054 in
3403 5003 3545 5078 style

1975 5073 2173 5132 Justini
2226 5073 2445 5134 simil-es
2486 5096 2666 5133 nazvos
2708 5079 3135 5139 observavimus,
3181 5075 3271 5142 qui
3323 5073 3543 5141 quidem

1976 5166 2081 5203 non
2108 5150 2357 5202 videntur
2390 5150 2442 5201 in
2476 5149 2726 5203 librarios
2763 5147 3061 5215 rejieiendi.

2039 5220 2149 5288 (98)
2204 5218 2566 5271 Ἀνάπαυσιν
2622 5213 3063 5287 προητοίμασεν
3095 5217 3209 5288 ’ἐνξ
3249 5213 3541 5288 :Iepovq'a-

1965 5283 2107 5358 λήμ.
2132 5283 2410 5343 ’ῐλίιιριιιυν
2441 5283 2719 5343 crederem
2751 5283 2875 5340 haec
2900 5289 2966 5340 de
3004 5286 3210 5358 cqalcsti
3242 5283 3541 5358 Jerusalem

1966 5354 2315 5428 intelligenda
2351 5374 2505 5425 esse;
2539 5363 2630 5413 sed
2670 5360 2869 5428 retinet
2920 5356 3107 5428 meNS.
3157 5355 3416 5428 Irenafus,
3445 5354 3541 5428 qui

1963 5430 2029 5483 de
2058 5422 2273 5483 terrena
2316 5422 2505 5483 eodeni
2537 5429 2694 5481 modo
2728 5427 2968 5495 loquitur
2997 5425 3088 5477 lib.
3126 5440 3176 5488 ν,
3201 5440 3252 5495 c.
3277 5425 3373 5495 50,
3402 5440 3456 5474 ιι.
3482 5422 3537 5476 4.

2032 5500 2160 5569 (98')
2197 5499 2273 5567 Τῇ
2308 5496 2624 5569 γυμνώο-ει.
2659 5493 2915 5569 Εοὶιςτοῦ
2943 5496 3166 5569 πατρός.
3194 5494 3321 5569 Adii,
3363 5493 3542 5569 inquit

1963 5561 2198 5630 Tliirlb.,
2242 5561 2470 5623 fortuSse
2507 5567 2684 5637 legent
2713 5566 2807 5619 τοῦ
2843 5561 3247 5636 πατρὸςάύτοῦ
3283 5579 3395 5637 pro_
3420 5561 3540 5637 υἱοῦ

1961 5638 2127 5692 αὑτοῦ
2165 5640 2244 5692 vel
2285 5657 2334 5692 τ.
2380 5654 2434 5705 γ.
2487 5632 2649 5691 αὑτοῦ
2684 5637 2822 5691 υἱοῦ.
2867 5632 3099 5698 Deinde,
3131 5646 3253 5705 post
3303 5632 3409 5686 ἀπὸ
3441 5633 3542 5683 του

1962 5710 2099 5773 υἱοῦ,
2154 5710 2457 5763 addendum
2513 5708 2715 5769 αὑτοῦ,
2781 5715 2839 5759 ιιι
2893 5708 3146 5762 Chanaan
3202 5705 3537 5773 designetur.

1962 5780 2122 5837 Forte
2154 5779 2430 5851 scripserit
2470 5777 2713 5837 Justinus
2741 5779 2846 5834 ἀπὸ
2874 5777 2967 5832 τοῦ
2999 5776 3215 5831 υἱωνοῦ.
3249 5775 3429 5831 Οτίο.
