3954 6258
426 364 529 423 795

1352 372 1409 429 S.
1442 374 1711 432 JUSTINI
1739 376 2149 439 PHILOSOPHI
2187 383 2273 439 ΕΤ
2310 386 2670 442 MAR'PYRIS

3571 402 3668 457 796

424 498 643 539 versum
685 497 856 551 genus
899 482 1063 549 illius,
1094 485 1187 555 qui
1221 486 1424 544 nudum
1477 501 1689 561 patrem
1720 495 1992 562 irriserat,

2100 500 2208 555 ἀπὸ
2230 502 2323 555 τοῦ
2346 503 2461 556 υἱοῦ
2484 502 2582 574 τὴν
2607 503 2847 575 κατάραν
2882 508 3192 580 πεποίηται.
3237 510 3323 563 Ἑν
3347 510 3402 564 δὲ
3427 510 3504 577 οἷς
3530 511 3666 584 εἶπε,

423 589 582 644 ptena
616 574 825 643 peccati
859 575 1175 644 pertineret,
1214 578 1282 633 ab
1310 579 1430 648 ejus
1475 584 1588 641 ﬁlio
1626 588 1843 643 initium
1871 591 2003 645 fecit

423 664 800 719 maledicendi.
821 663 875 718 ln
895 664 981 719 bis
996 674 1199 731 autent,
1218 682 1338 737 quae
1363 671 1522 739 dixit,
1543 675 1785 732 futurum
1809 680 2004 748 praedi-

421 757 603 823 cebat,
624 765 681 810 ut
703 756 827 810 Sem
860 757 1062 826 posteri
1097 762 1467 825 possessiones
1485 773 1539 819 et
1567 767 1837 824 domicilia
1857 770 2003 825 Cha-

421 857 565 895 naan
588 841 925 907 detinerent;
959 853 1015 897 et
1036 860 1227 902 rursus
1262 848 1352 917 qui
1372 866 1439 905 ex
1463 852 1658 923 Japhet
1690 872 1752 911 ea
1790 859 2003 915 detine-

422 940 563 996 rent,
583 946 701 1001 quze
719 934 916 1002 posteri
941 934 1068 990 Sem
1100 936 1347 1009 adempta
1364 947 1598 1012 posteris
1613 946 1873 1004 Chanaan
1903 953 1999 1007 de-

422 1022 691 1090 tinebant,
710 1035 763 1078 et
784 1025 907 1079 Sem
928 1036 1174 1095 posteros
1192 1032 1512 1102 spoliarent,
1544 1041 2000 1106 quemadmodum

420 1114 509 1168 isti
557 1124 807 1183 posteros
834 1116 1091 1173 Chanaan
1123 1122 1520 1190 spoliaverunt.
1559 1129 1741 1199 Atque
1769 1132 1873 1187 hoc
1922 1135 1998 1188 ita

418 1202 626 1259 factum
652 1220 771 1261 esse
801 1207 1005 1262 audite.
1037 1208 1147 1264 Vos
1196 1211 1380 1277 enim,
1419 1215 1511 1283 qui
1554 1230 1620 1270 ex
1666 1216 1791 1272 Sem
1832 1233 2001 1287 genus

420 1294 645 1360 ducitis,
671 1297 724 1351 in
761 1307 963 1352 terram
996 1298 1235 1355 ﬁliorum
1267 1304 1526 1360 Chanaan
1570 1310 1869 1364 secundum
1904 1314 1999 1368 Dei

418 1388 754 1444 voluntatem
784 1391 1082 1460 invasistis,
1107 1410 1337 1464 eamque
1371 1400 1647 1456 tenuistis.
1681 1402 1796 1459 Non
1823 1405 1999 1461 minus

418 1490 637 1537 constat
665 1483 808 1539 ﬁlios
834 1483 1031 1554 Japhet
1063 1491 1363 1545 secundum
1394 1492 1487 1547 Dei
1515 1494 1779 1564 judicium
1816 1499 1868 1552 in
1904 1514 1999 1555 vos

419 1575 709 1641 invasisse,
746 1588 804 1634 et
852 1587 1079 1650 terram,
1108 1596 1273 1652 quam
1320 1586 1476 1641 vobis
1523 1588 1883 1659 abswlerunt,
1918 1603 1998 1647 te-

418 1669 625 1725 nuisse.
675 1671 801 1727 Haac
840 1684 1024 1728 autem
1073 1677 1218 1733 dicta
1265 1690 1397 1733 sunt
1451 1681 1503 1735 in
1554 1682 1698 1737 hunc
1737 1685 1993 1740 modum:

422 1778 443 1812 ι
484 1760 713 1818 Sobrius
754 1778 884 1819 vero
924 1766 1104 1822 factus
1134 1776 1218 1822 est
1254 1769 1368 1825 Noe
1394 1788 1424 1825 a
1454 1774 1614 1831 vino:
1646 1784 1701 1829 et
1747 1778 1995 1846 cognovit

415 1855 598 1908 omnia
623 1870 742 1925 qua:
774 1856 907 1913 fecit
934 1859 984 1914 ei
1020 1859 1164 1916 ﬁlius
1192 1862 1313 1933 ejus
1334 1863 1516 1932 junior
1538 1908 1554 1932 ,
1585 1876 1641 1920 et
1684 1868 1854 1922 dixit:
1884 1869 1997 1924 Ma-
2026 1846 2069 1900 Β

415 1943 650 2001 ledictus
707 1946 969 2004 Chanaan
1030 1966 1206 2021 puer;
1270 1952 1507 2011 famulus
1561 1956 1667 2011 erit
1730 1958 1994 2015 fratribus

415 2036 555 2091 suis.
586 2037 653 2091 Et
690 2038 865 2094 dixit:
907 2040 1236 2101 Benedictus
1262 2048 1524 2102 Dominus
1566 2051 1706 2105 Deus
1749 2051 1900 2116 Sem,
1941 2062 1997 2107 et

414 2130 521 2182 erit
549 2128 805 2184 Chanaan
831 2146 1025 2188 servus
1064 2136 1205 2205 ejus.
1242 2138 1439 2194 Dilatet
1479 2140 1744 2196 Dominus
1774 2142 1989 2213 Japhet,

415 2226 472 2274 et
510 2219 720 2275 habitet
752 2222 807 2278 in
844 2225 1102 2282 dantibus
1128 2227 1276 2295 Sem,
1307 2239 1362 2285 et
1390 2232 1484 2285 ﬁat
1507 2232 1765 2288 Chanaan
1802 2251 1996 2293 servus

414 2312 532 2380 ejus
567 2316 635 2369 ⁸⁷.
674 2333 693 2366 ο
731 2315 914 2386 Itaque
958 2333 1081 2373 cum
1116 2319 1222 2375 duo
1252 2322 1430 2391 populi
1463 2323 1731 2382 benedicti
1785 2339 1992 2397 essent,

414 2404 507 2472 qui
537 2420 605 2459 ex
638 2406 787 2473 Sem,
819 2418 876 2463 et
907 2410 999 2479 qui
1048 2425 1115 2465 ex
1148 2410 1380 2481 Japhet;
1416 2431 1650 2487 cumque
1693 2428 1753 2472 ut
1787 2424 1990 2490 posteri

415 2496 545 2550 Sem
574 2496 767 2553 domos
798 2499 1057 2555 Chanaan
1092 2503 1252 2572 primi
1289 2512 1561 2572 tenerent,
1597 2511 1873 2565 decretum
1907 2528 1995 2567 es-

320 2666 325 2671 .
414 2598 522 2656 set,
559 2606 622 2645 ac
656 2594 973 2661 praedictum
1008 2612 1199 2653 rursus
1232 2599 1301 2653 ab
1326 2600 1407 2655 eis
1442 2603 1664 2658 easdem
1693 2607 1992 2673 possessio-

413 2695 513 2737 nes
558 2692 807 2752 posteros
850 2685 1047 2758 Japhet
1088 2701 1441 2761 accepturos;
1494 2710 1731 2765 cumque
1782 2700 1992 2755 duobus

414 2776 628 2843 pepulis
653 2793 791 2833 unus
822 2781 1054 2850 populus
1087 2798 1151 2837 ex
1186 2785 1448 2839 Chanaan
1483 2797 1637 2842 ortus
1672 2790 1725 2842 in
1753 2792 1991 2845 servitu-

417 2875 526 2920 tem
561 2868 792 2924 traditus
840 2871 1062 2939 fuisset;
1097 2874 1351 2932 Christus
1396 2882 1693 2936 secundum
1740 2884 1993 2953 omnipo-

415 2958 580 3013 tentis
626 2959 804 3018 Patris
834 2964 1086 3021 virtutem
1130 2968 1233 3037 ipsi
1270 2971 1525 3025 traditam
1561 2973 1803 3039 advenit,
1836 2990 1901 3030 ac
1935 2976 1990 3030 in

414 3049 711 3106 amicitiam
738 3062 794 3109 et
820 3054 1261 3114 benedictionem
1297 3069 1353 3115 et
1384 3063 1756 3131 paenitentiam
1783 3074 1833 3120 et
1862 3080 1992 3120 con-

2106 592 2416 663 προέλεγεν,
2450 594 2531 645 ὅτι
2558 596 2650 647 καὶ
2672 596 2719 647 οἱ
2748 596 2855 648 ἀπὸ
2890 598 3009 669 Σήμ
3035 600 3144 670 (99)
3176 602 3524 673 γενησόμενοι
3562 607 3668 661 δια-

2105 684 2389 751 καθέξουσι
2412 684 2510 749 τὰς
2534 688 2755 758 κτήσεις
2785 689 2875 741 καὶ
2900 691 3138 762 οἰκήσεις
3167 693 3261 745 τοῦ
3295 695 3514 749 Χαναὰν
3538 715 3551 727 ο
3578 700 3668 752 καὶ

2104 776 2265 829 πάλιν
2292 779 2340 829 οἱ
2373 777 2480 829 ἀπὸ
2502 778 2597 830 τοῦ
2641 780 2815 848 Ἰὰφεθ
2843 780 3032 847 αὐτὰς,
3059 783 3125 847 ἃς
3153 783 3501 858 διακατέσχον
3524 792 3665 858 παρὰ

2102 867 2213 920 τῶν
2242 867 2334 920 τοῦ
2369 869 2589 922 Χαναὰν
2616 872 2664 924 οἱ
2704 872 2809 924 ἀπὸ
2844 872 2983 943 Σὴμ,
3018 876 3419 946 πραλαὸόντες
3449 881 3539 933 καὶ
3568 882 3669 935 ἀπὸ

2100 959 2194 1012 τοῦ
2246 961 2420 1029 Ἰάιρεθ
2464 962 2539 1034 (1)
2579 964 3006 1031 διακαθέξουσιν,
3048 968 3366 1039 ἀφελόμενοι
3400 972 3523 1035 τοὺς
3566 973 3668 1025 ἀπὸ

2102 1052 2222 1123 Σήμ
2254 1054 2596 1124 γενομένους,
2633 1055 2690 1107 ὃν
2723 1057 2924 1126 τρόπον
2961 1058 3360 1129 ἀφαιρεθέντων
3394 1060 3531 1114 αὐτὰ
3566 1060 3669 1114 τῶν

2104 1143 2234 1197 υἱῶν
2256 1146 2475 1199 Χαναὰν
2506 1148 2658 1200 αὐτοὶ
2679 1148 3047 1219 διακατέσχον.
3086 1152 3196 1205 Καὶ
3234 1152 3315 1204 ὅτι
3350 1152 3491 1205 οὕτω
3520 1153 3670 1221 γέγο-

2100 1253 2189 1288 νεν
2221 1237 2509 1291 ἀκούσατε.
2560 1238 2751 1309 Ὑμεῖς
2776 1240 2886 1312 γὰρ
2913 1244 2960 1294 οἱ
2996 1244 3101 1296 ἀπὸ
3130 1244 3221 1297 τοῦ
3258 1245 3376 1315 Σὴμ
3415 1240 3671 1315 κατάγον-

2099 1343 2191 1390 τες
2226 1327 2287 1379 τὸ
2321 1327 2497 1396 γένος,
2536 1330 2798 1400 ἐπήλθετε
2837 1331 2977 1384 κατὰ
3029 1332 3128 1404 τὴν
3160 1334 3250 1387 τοῦ
3300 1335 3434 1388 Θεοῦ
3485 1336 3669 1408 βουλὴν

2099 1422 2163 1489 τῇ
2208 1422 2280 1490 γῇ
2321 1418 2428 1473 τῶν
2472 1420 2602 1474 υἱῶν
2645 1422 2885 1487 Χαναὰν,
2927 1425 3021 1477 καὶ
3064 1424 3440 1497 διακατέσχετε
3484 1429 3665 1498 αὐτήν.

2099 1509 2210 1563 Καὶ
2247 1511 2329 1563 ὅτι
2367 1513 2415 1564 οῖ
2448 1512 2553 1565 υἱοὶ
2604 1512 2804 1581 ’Ῑάφεθ,
2859 1514 3000 1568 κατὰ
3042 1515 3141 1586 τὴν
3182 1516 3275 1568 τοῦ
3322 1516 3454 1570 Θεοῦ
3497 1520 3670 1590 κρίσιν

2098 1602 2414 1667 ἐπελθόντες
2447 1605 2538 1656 καὶ
2567 1605 2719 1658 αὐτοὶ
2743 1607 2892 1676 ὑμῖν,
2931 1606 3210 1674 ἀφείλοντο
3239 1607 3392 1678 ὑμῶν
3424 1609 3524 1681 τὴν
3552 1610 3668 1679 γῆν,

2099 1694 2192 1747 καὶ
2227 1694 2583 1766 διακατέσχον
2627 1698 2817 1767 αὐτὴν,
2853 1699 3121 1766 φαίνεται.
3164 1699 3475 1771 Εἴρηταιδέ
3510 1703 3673 1756 ταῦτα

2098 1786 2270 1850 οὕτως
2296 1804 2310 1817 ο
2348 1807 2367 1838 (
2422 1789 2677 1859 Ἐξένηψε
2715 1790 2771 1842 δὲ
2809 1791 2929 1843 Νῶε
2961 1791 3066 1844 ἀπὸ
3102 1791 3194 1844 τοῦ
3232 1792 3394 1857 οἴνου,
3424 1795 3519 1846 καὶ
3540 1794 3673 1862 ἔγνω

2098 1878 2198 1930 ὅσα
2232 1879 2485 1948 ἐποίησεν
2523 1880 2671 1950 αὑτῴ
2715 1883 2744 1934 6
2791 1882 2903 1945 υἱὸς
2955 1882 3119 1934 αὐτοῦ
3171 1885 3199 1937 6
3237 1884 3539 1954 νεώτερος·
3587 1887 3674 1939 καί

2099 1965 2283 2022 εἶπεν·
2339 1970 2768 2042 Ἐπικατάρατος
2811 1971 3030 2026 Χαναὰν
3078 1973 3237 2038 ’παῖς⁹
3273 1975 3492 2045 οἰκέτης
3531 1976 3675 2031 ἔσται

2096 2066 2209 2126 τοῖς
2240 2062 2487 2132 ἀδελφοῖς
2530 2064 2714 2117 αὑτοῦ.
2756 2066 2867 2118 Καὶ
2899 2062 3051 2119 εἶπεν
3078 2084 3091 2096 ⁸
3133 2068 3440 2139 Εὐλογητὸς
3477 2070 3675 2139 Κύριος

2096 2156 2124 2206 6
2152 2154 2283 2217 Θεὸς
2309 2155 2449 2224 Σὴμ,
2474 2156 2568 2207 καὶ
2590 2154 2740 2208 ἔσται
2773 2157 2995 2209 Χαναὰν
3028 2160 3154 2220 παῖς
3192 2158 3377 2210 αὑτοῦ.
3406 2159 3676 2213 Πλατύναι

2097 2247 2300 2318 Κύριος
2331 2247 2409 2318 τῷ
2462 2248 2665 2317 Ἰάφεθ,
2702 2250 2796 2302 καὶ
2836 2253 3218 2322 κατοικησὰτω
3262 2254 3320 2305 ἐν
3358 2255 3476 2315 τοῖς
3514 2255 3675 2316 οἴκοις

2097 2339 2236 2411 Σήμ,
2278 2341 2371 2392 καὶ
2416 2341 2698 2413 γενηθήτω
2730 2343 2948 2397 Χαναὰν
2996 2345 3125 2407 παῖς
3159 2346 3342 2398 αὐτοῦ.
3384 2365 3401 2396 ι
3454 2346 3559 2399 Δύο
3589 2342 3676 2400 οὖν

2095 2432 2238 2485 λαῶν
2268 2433 2694 2504 εὐλογηθέντων,
2734 2435 2843 2487 τῶν
2888 2437 2994 2488 ὰπὸ
3030 2435 3121 2489 τοῦ
3159 2437 3276 2507 Σὴμ
3310 2439 3402 2491 καὶ
3435 2438 3532 2492 τοῦ
3578 2441 3676 2494 ’Ῑά-

2097 2523 2195 2591 φεθ
2215 2540 2228 2553 ·
2262 2525 2355 2577 καὶ
2384 2523 2613 2594 πρώτων
2650 2529 2941 2597 κατασχεῖν
2974 2528 3098 2590 τοὺς
3121 2527 3301 2591 οἴκους
3323 2528 3417 2581 τοῦ
3463 2532 3675 2584 Χαναὰν

2094 2615 2453 2687 ἐγνωσμένων
2497 2615 2604 2669 τῶν
2654 2619 2759 2670 ἀπὸ
2798 2618 2936 2689 Σὴμ,
2981 2621 3073 2673 καὶ
3126 2618 3286 2673 πάλιν
3335 2622 3674 2688 διαδέξασθαι

2097 2708 2227 2778 παρ’
2252 2707 2429 2760 αὐτῶν
2455 2709 2554 2772 τὰς
2587 2710 2755 2773 αὑτὰς
2784 2711 3006 2781 κτήσεις
3042 2711 3149 2765 τῶν
3190 2714 3297 2765 ἀπὸ
3342 2714 3523 2783 Ἰάφεθ
3548 2733 3675 2787 προ-

2094 2798 2417 2869 ειρημένων,
2457 2801 2696 2863 καὶτοῖς
2732 2799 2852 2853 δυσ)⁸
2901 2799 3048 2865 λαὸἴς
3091 2802 3185 2855 τοῦ
3236 2804 3355 2866 ἐνζς
3399 2804 3534 2855 λαοῦ
3585 2804 3671 2856 τοῦ

2093 2892 2201 2944 ἀπὸ
2245 2892 2467 2946 Χαναὰν
2509 2893 2589 2956 εἰς
2626 2892 2869 2946 δουλείαν
2911 2894 3325 2964 παραδοθέντος,
3370 2898 3398 2948 ὁ
3443 2896 3675 2967 Χριστὸς

2094 2984 2237 3038 κατὰ
2262 2984 2359 3056 τὴν
2388 2985 2480 3038 τοῦ
2524 2987 2961 3058 παντοκράτορος
2992 2987 3205 3058 Πατρὸς
3250 2987 3484 3059 δύναμιν
3515 2989 3673 3042 6002i—

2094 3093 2194 3130 σαν
2223 3077 2370 3148 αὐτῷ
2391 3077 2736 3148 παρεγένετο,
2759 3080 2839 3140 εἰς
2864 3078 3045 3147 φιλίαν
3068 3081 3163 3131 καὶ
3188 3080 3442 3147 εὐλογίαν
3464 3082 3559 3133 καὶ
3590 3098 3673 3150 με-

413 3141 616 3195 victum
643 3159 869 3211 vocans,
895 3146 1137 3204 futuram
1167 3151 1220 3205 in
1255 3154 1445 3209 eadem
1486 3164 1633 3211 terra
1670 3167 1988 3213 sanctorum

2096 3161 2309 3216 τάνοιαν
2338 3165 2432 3216 καὶ
2456 3165 2726 3217 συνοικίαν
2758 3164 2958 3228 καλῶν,
2989 3164 3084 3237 τὴν
3118 3168 3176 3219 ὲν
3204 3170 3269 3237 τῇ
3299 3169 3438 3240 αὐτῇ
3473 3173 3541 3239 γῇ
3572 3169 3674 3223 τῶν

413 3234 655 3288 omnium
698 3242 1119 3308 possessionem,
1155 3254 1213 3297 ut
1247 3244 1361 3313 jam
1405 3250 1836 3305 demonstratum
1883 3261 1985 3317 est,

414 3326 684 3395 promisit.
721 3329 870 3387 Unde
908 3349 1237 3408 quacunque
1271 3354 1339 3395 ex
1374 3343 1623 3412 regione,
1668 3345 1783 3400 sive
1821 3347 1988 3413 servi,

413 3417 528 3472 sive
566 3418 745 3487 liberi,
780 3428 1069 3485 credentes
1109 3433 1162 3485 in
1195 3432 1501 3501 Christum,
1548 3444 1841 3505 eteorum,
1871 3454 1993 3507 quae.

415 3517 527 3563 tum
553 3512 621 3567 ab
652 3512 789 3583 ipso,
822 3525 933 3572 tum
975 3534 1005 3574 a
1037 3524 1321 3593 prophetis
1362 3528 1562 3583 tradita
1591 3538 1744 3592 sunt,
1785 3532 1991 3586 veritu-

416 3609 525 3656 tem
576 3618 954 3675 agnoscentes,
1000 3613 1182 3668 sciunt
1230 3631 1291 3670 se
1339 3633 1447 3674 una
1499 3634 1621 3674 cum
1675 3637 1741 3676 eo
1794 3623 1847 3675 in
1898 3622 1991 3678 illa

414 3702 560 3746 terra
597 3695 809 3754 futuros
835 3709 889 3755 et
912 3711 1114 3759 teterna
1148 3722 1214 3761 ac
1246 3707 1562 3781 incorrupta
1592 3713 1733 3768 bona
1767 3714 1993 3771 haeredi-

415 3792 525 3838 tate
557 3799 901 3858 accepturos.

482 3877 609 3969 140.
643 3878 710 3933 In
735 3883 946 3939 Christo
970 3903 1144 3943 omnes
1167 3890 1339 3947 liberi.
1370 3894 1600 3949 Frustra
1626 3898 1847 3953 salutem
1874 3917 1990 3969 spe-

412 3977 536 4021 rant
568 3968 773 4037 Judazi,
809 3975 936 4042 quia
974 3978 1078 4044 ﬁlii
1108 3992 1226 4034 sunt
1258 3983 1506 4042 Abrahae.
1539 4018 1611 4029 —-
1651 3987 1790 4045 Hinc
1820 3968 1989 4047 etiam

410 4056 604 4127 Jacob,
637 4073 697 4117 ut
736 4066 850 4134 jam
884 4068 1016 4133 dixi,
1069 4085 1193 4125 cum
1229 4074 1343 4144 ipse
1389 4079 1555 4132 etiam
1598 4092 1747 4136 esset
1779 4083 1986 4140 Christi

411 4150 609 4220 ﬁgura,
644 4156 782 4210 duas
825 4158 1053 4215 ancillas
1086 4162 1316 4219 duarum
1366 4167 1659 4225 liberarum
1693 4174 1985 4244 conjugum

411 4258 634 4299 suarum
668 4248 915 4315 duxerat,
948 4262 1001 4306 et
1035 4269 1100 4309 ex
1137 4255 1243 4313 illis
1287 4259 1427 4316 ﬁlios
1458 4265 1722 4333 suscepit,
1761 4278 1820 4320 ut
1852 4284 1989 4336 prte-

412 4341 759 4398 nuntiaretur
804 4345 1078 4404 Christum
1129 4366 1245 4421 eos,
1288 4355 1380 4423 qui
1432 4356 1487 4410 in
1529 4357 1724 4428 Japhet
1768 4377 1987 4432 genere,

412 4448 603 4489 omnes
640 4451 707 4491 ex
756 4437 1015 4495 Chanaan
1047 4445 1177 4511 orti,
1216 4458 1526 4516 versantur,
1580 4454 1787 4519 pariter
1816 4469 1881 4511 ac
1914 4456 1985 4509 li-

2096 3255 2269 3323 ἁγίων
2297 3254 2513 3310 πάντων
2551 3256 2849 3327 μέλλουσαν
2893 3257 3159 3325 γίνεσθαι,
3191 3258 3268 3321 ὡς
3296 3261 3676 3329 προαποδεδει-

2095 3364 2241 3411 κται,
2278 3347 2696 3419 διακατάσχεσιν
2738 3349 3092 3418 ἐπήγγελται.
3128 3349 3289 3402 Ὅθεν
3333 3354 3383 3403 οἱ
3412 3352 3674 3406 πάντοθεν

2093 3438 2391 3510 ἄνθρωποι,
2421 3440 2529 3493 εἴτε
2557 3440 2733 3494 δοῦλοι
2758 3440 2867 3492 εἴτε
2888 3439 3181 3512 ἐλεύθεροι,
3210 3442 3565 3507 πιστεύοντες
3588 3444 3677 3495 ἐπὶ

2093 3529 2184 3583 τὸν
2215 3531 2468 3601 Χριστὸν,
2499 3532 2595 3584 καὶ⁸
2620 3530 2920 3599 ἐγνωκότες
2946 3531 3046 3602 τὴν
3076 3532 3134 3585 ἐν
3161 3536 3275 3596 τοῖς
3303 3534 3488 3601 λόγοις
3515 3532 3675 3587 αὐτοῦ

2094 3624 2188 3677 καὶ
2218 3622 2325 3675 τῶν
2366 3624 2661 3697 προφητῶν
2701 3622 2865 3677 αὐτοῦ
2904 3622 3179 3692 ἀλήθειαν,
3211 3627 3538 3678 ἐπίστανται
3565 3626 3677 3695 ἃμα

2092 3715 2244 3785 αὐτῷ
2271 3704 2328 3768 ἐν
2356 3718 2422 3785 τῇ
2448 3718 2517 3786 γῇ
2547 3716 2729 3786 ἐκείνῃ
2752 3714 3124 3785 γενησόμενοι,
3147 3718 3241 3769 καὶ
3268 3717 3335 3770 τὰ
3362 3717 3558 3770 αἰώνια
3588 3717 3678 3770 καὶ

2092 3808 2347 3879 ἄφθαρτα
2375 3808 2476 3877 κλη
2485 3810 2823 3880 ρονομήσειν.

2118 3929 2145 3953 -υ
2165 3900 2288 3954 MO.
2329 3899 2489 3954 Ὅθεν
2539 3901 2632 3953 καὶ
2676 3900 2889 3967 Ἰακὼϐ,
2937 3904 3013 3967 ὡς
3056 3906 3335 3972 προεῖπον,
3382 3903 3559 3965 τύπος
3602 3900 3675 3953 ὣν

2092 3991 2187 4043 καὶ
2216 3990 2379 4052 αὐτὸς
2406 3988 2499 4041 τοῦ
2532 3989 2790 4060 Χριστοῦ,
2823 3991 2917 4044 καὶ
2952 3991 3052 4054 τὰς
3081 3991 3173 4043 δύο
3211 3990 3403 4054 δούλας
3448 3991 3557 4043 τῶν
3586 3990 3675 4044 δύο

2092 4080 2389 4152 ἐλευθέρων
2414 4081 2581 4134 αὐτοῦ
2606 4080 2878 4147 γυναικῶν
2908 4082 3269 4152 ἐγεγαμήκει,
3292 4082 3385 4134 καὶ
3414 4081 3478 4145 ἐξ
3501 4080 3675 4134 αὐτῶν

2092 4174 2388 4228 ἐτέκνωσεν
2420 4175 2588 4238 υἱοὺς,
2613 4177 2693 4238 εἰς
2714 4175 2775 4227 τὸ
2804 4174 3245 4245 προμηνυθῆναι,
3274 4176 3355 4227 ὅτι
3388 4178 3418 4228 6
3446 4174 3676 4246 Χριστὸς

2091 4268 2459 4341 προσλήψεται
2486 4269 2578 4320 καὶ
2605 4268 2732 4328 τοὺς
2758 4271 2815 4320 ἐν
2845 4268 2991 4336 γένει
3023 4267 3115 4320 τοῦ
3153 4267 3351 4335 Ἰἀιρεθ,
3385 4266 3550 4331 ὄντας
3572 4268 3675 4321 ἀπὸ

2091 4358 2185 4412 τοῦ
2232 4359 2452 4412 Χαναὰν
2482 4358 2690 4420 πάντας
2718 4358 2815 4428 (‘2),
2846 4359 3047 4429 ὁμοίως
3088 4361 3201 4421 τοῖς
3230 4359 3554 4431 ἐλευθέροις,
3584 4362 3675 4412 καὶ

2093 4454 2259 4506 τέκνα
2288 4436 2701 4521 συγκληρονόμα
2730 4450 2859 4514 ἕξει.
2894 4451 3071 4521 ’Ἀπερ
3108 4453 3270 4520 ἡμεῖς
3296 4451 3469 4515 ὄντες,
3504 4453 3676 4505 συνιέ-

414 4527 572 4581 heros
604 4540 1006 4600 suscepturum,
1038 4546 1095 4591 et
1124 4536 1177 4591 in
1208 4538 1442 4595 ﬁliorum
1486 4545 1834 4601 cohaeredum
1863 4549 1984 4604 loco

2096 4559 2179 4596 ναι
2207 4542 2363 4612 ὑμεῖς
2403 4543 2465 4594 οὐ
2506 4540 2755 4607 δύνασθε,
2788 4540 2876 4593 διὰ
2913 4541 2974 4593 τὸ
3019 4540 3092 4611 μὴ
3136 4540 3397 4593 δύνασθαι
3442 4542 3553 4594 ἀπὸ
3577 4541 3674 4610 τῆς

411 4618 747 4678 habiturum.
774 4627 956 4696 Atque
989 4630 1041 4683 hi
1076 4634 1293 4701 quidem
1330 4652 1429 4691 nos
1455 4653 1664 4703 sumus,
1697 4640 1792 4715 sed
1827 4640 1987 4695 intel-

414 4709 583 4779 ligere
610 4730 714 4769 non
743 4722 988 4787 potestis,
1026 4726 1152 4792 quia
1180 4740 1248 4781 ex
1291 4727 1414 4783 vivo
1448 4730 1537 4784 Dei
1574 4730 1724 4785 fonte
1752 4709 1859 4787 non
1891 4749 1989 4803 po-

413 4805 568 4861 testis
592 4808 801 4875 bibere,
832 4813 923 4868 sed
949 4832 1015 4869 ex
1044 4818 1338 4876 confractis
1363 4822 1639 4890 cisternis,
1668 4840 1767 4879 nec
1791 4841 1989 4895 aquam

412 4898 694 4956 continere
740 4904 1072 4973 valentibus,
1105 4920 1164 4965 ut
1207 4914 1285 4966 ait
1334 4913 1640 4985 Scriptura.
1677 4916 1989 4973 Confractae

412 4998 594 5044 autem
628 4994 901 5064 cisternze,
954 5015 1054 5055 nec
1087 5017 1285 5071 aquam
1320 5007 1688 5072 continentes,
1735 5026 1813 5064 ean
1859 5022 1988 5067 sunt

410 5095 547 5151 quas
572 5086 727 5142 vobis
760 5088 1015 5145 foderunt
1058 5097 1305 5164 magistri
1339 5100 1527 5167 vestri,
1566 5112 1623 5155 ut
1658 5103 1981 5157 nominatim

482 5240 525 5271 ⁸⁷
549 5240 685 5301 Gen.
721 5258 797 5311 lx,
825 5244 1022 5301 24-27.

467 5398 598 5487 ,(99)
643 5402 708 5454 Ol
748 5401 866 5455 ἀπὸ
910 5402 1049 5469 Σήθ.
1102 5402 1422 5460 Manifestus
1456 5418 1612 5461 error
1647 5422 1746 5477 pro
1781 5410 1830 5461 oi
1878 5409 1987 5463 ἀπὸ

414 5472 563 5619 futtili")
597 5542 704 5619 Kal
730 5542 847 5598 ἀπὸ
870 5545 976 5598 τοῦ
1011 5545 1221 5619 Ἰάβει)1
1242 5544 1451 5600 Inutilis
1471 5564 1693 5617 prorsus
1714 5550 1989 5619 repetitio.

414 5610 724 5697 Legenduin
756 5624 909 5683 putat
930 5610 1175 5671 eruditus
1203 5610 1568 5672 Londiiteiisis
1592 5610 1787 5684 editor,
1809 5620 1859 5671 oi
1882 5619 1992 5673 ἀπὸ

411 5683 820 5829 ωἰὲμδῇας
846 5754 961 5809 ἀπὸ
993 5757 1098 5810 τοῦ
1138 5759 1377 5812 Χαναὰν
1416 5758 1665 5825 πάντας.
1699 5758 1981 5829 interpun-

412 5823 545 5889 ctio,
578 5841 741 5893 quam
778 5836 829 5882 et
870 5829 921 5881 in
961 5829 1365 5897 interpretando
1408 5846 1527 5886 sum
1560 5823 1798 5899 secutus,
1833 5823 1979 5885 com-

2085 4632 2180 4685 τοῦ
2209 4631 2343 4685 Θεοῦ
2371 4631 2571 4704 ιζώσης
2605 4632 2788 4705 πηγῆς
2822 4634 2984 4699 πιεῖν,
3029 4629 3166 4683 ἀλλὰ
3195 4630 3303 4682 ἀπὸ
3342 4630 3452 4683 τῶν
3494 4647 3674 4684 συντε-

2088 4725 2400 4797 τριμμένων
2434 4725 2671 4787 λάκκων,
2718 4725 2813 4777 καὶ
2856 4722 3116 4793 ὓδωρίμὴ
3160 4722 3473 4792 δυναμένων
3520 4723 3671 4775 συνέ-

2089 4837 2223 4889 χειν,
2253 4820 2385 4890 ὡςή
2417 4820 2455 4871 Γ
2462 4817 2608 4890 ραφὴ
2633 4817 2797 4886 λέγει.
2830 4816 2953 4868 Εἰσὶ
2976 4814 3032 4867 δέ
3063 4814 3255 4868 λάκκοι
3286 4812 3677 4887 συντετριμμέ-

2090 4934 2189 4978 νοι,
2222 4916 2316 4967 καὶ
2365 4912 2509 4984 ὕδωρ
2554 4911 2628 4982 μὴ
2668 4909 3005 4980 συνέχοντες,
3053 4908 3149 4970 οὓς
3179 4906 3393 4976 ὤρυξαν
3446 4909 3578 4979 ὑμῖν
3622 4909 3670 4960 οἱ

2090 5006 2395 5061 διδάσκαλοι
2427 5005 2579 5075 ὑμῶν
2624 5004 2824 5066 αὐτῶν,
2856 5002 2931 5065 ὡς
2961 5002 3054 5054 καὶ
3096 5003 3129 5070 ἡ
3160 5000 3349 5071 Γραφὴ
3376 5000 3672 5072 διαρρήδην

2092 5101 2261 5169 λέγει,
2297 5118 2314 5150 ι
2349 5098 2686 5160 διδάσκοντες
2716 5094 3084 5158 διδασκαλίας,
3115 5092 3429 5163 ἐντάλματα
3466 5092 3675 5162 ἀνθρώ-

2099 5408 2359 5478 probatur
2392 5406 2479 5479 his
2525 5406 2729 5470 verbis,
2767 5408 2913 5479 ἅπερ
2955 5408 3118 5477 ἡμεῖς
3142 5420 3435 5479 ξοντεςηει
3472 5406 3675 5475 quibus

2097 5476 2247 5545 patet
2304 5478 2539 5548 gentiles
2590 5476 2904 5555 cohaeredes
2958 5476 3087 5555 cisse
3140 5477 3262 5555 illos
3316 5476 3477 5539 lilios,
3540 5492 3675 5555 quos

2094 5549 2348 5601 Christus
2381 5562 2486 5600 una
2523 5564 2645 5601 cum
2672 5550 2935 5603 Israelitis
2961 5549 3309 5601 credentibus
3348 5549 3587 5601 asseruit
3620 5549 3671 5597 in

2095 5619 2433 5680 libertatem,
2466 5632 2593 5670 cum
2630 5628 2787 5670 antea
2833 5638 2851 5670 ι
2891 5633 2960 5672 ex
2999 5632 3199 5684 genere
3238 5618 3500 5671 Chanaan
3547 5631 3669 5669 0m-

2095 5704 2193 5742 nes
2234 5706 2252 5738 ›
2288 5695 2604 5751 essent,non
2636 5689 2849 5754 origine
2878 5688 3120 5754 quidem,
3146 5687 3240 5741 sed
3270 5688 3563 5741 servitute.
3600 5711 3671 5754 -έ

2094 5758 2218 5831 illo):
2258 5758 2646 5831 congruentius
2686 5753 2955 5831 legeretur
3006 5758 3185 5829 Ἀπερ
3218 5758 3364 5831 qua;
3392 5756 3556 5819 ὄντας
3588 5753 3671 5808 vel

2087 5825 2244 5884 εἶναι.
2284 5825 2437 5882 Eutr.
2479 5827 2696 5887 l’nnor.
