3954 6258
316 370 409 424 797

1314 375 1671 436 DIALOGUS
1708 378 1854 435 CUM
1890 379 2268 438 TRYPHONE
2300 378 2563 437 JUDEO.

3492 385 3589 441 τινε

318 503 447 539 ων.
486 504 507 536 ι
539 485 656 538 Καὶ
689 486 836 558 πρὸς
879 487 1085 553 τούτοις
1128 490 1355 553 ἑαυτοὺς
1383 492 1477 544 καὶ
1517 492 1664 562 ὑμᾶς
1716 490 1905 562 βουκο-

2017 493 2253 549 declarat
2303 494 2632 563 Scriptura:
2687 510 2707 545 t
2760 492 3030 551 Docentes
3077 494 3382 561 doctrinas,
3432 514 3587 554 man-

317 575 515 640 λοῦσιν,
561 576 1075 648 ὑπολαμϐάνοντες,
1118 581 1199 633 ὅτι
1245 580 1461 645 πάντως
1510 585 1623 645 τοῖς
1661 584 1769 636 ἀπὸ
1812 586 1911 654 τῆς

320 668 524 738 σπορᾶς
551 669 656 739 τῆς
684 670 835 723 κατά
858 674 1036 742 σάρκα
1060 669 1153 723 τοῦ
1182 671 1431 743 Ἀϐραὰμ
1451 668 1592 736 οὖσι,
1615 673 1715 727 κᾶν
1732 675 1913 745 ἀμαρ-

318 759 473 811 τωλοὶ
517 753 622 811 ὦσι
653 762 753 813 καὶ
789 761 1011 815 ἄπιστοι
1055 764 1149 816 καὶ
1176 764 1421 828 ἀπειθεῖς
1464 765 1601 835 πρὸς
1636 766 1725 819 τὸν
1754 766 1909 832 Θεὸν,

317 852 350 918 ἡ
383 848 637 918 βασιλεία
666 854 701 921 ὴ
741 850 963 915 αἰώνιος
1001 852 1314 924 δοθήσεται·
1355 856 1499 927 άπερ
1535 856 1819 922 ἀπέδειξαν
1855 858 1910 909 αί

318 940 533 1011 Γραφαὶ
550 944 656 996 οὐκ
682 944 834 997 ὄντα.
863 947 934 997 Ἣ
955 946 1061 1017 γὰρ
1087 946 1244 1000 τοῦτο
1262 949 1363 1000 οὐκ
1384 947 1449 1001 ἂν
1478 944 1629 1001 εἶπεν
1663 949 1908 1013 Ἡσαΐας,

324 1050 343 1081 ι
368 1034 459 1085 καὶ
488 1035 537 1085 εί
563 1033 645 1103 μὴ
667 1034 876 1106 Κύριος
894 1035 1119 1089 Σαϐαὼθ
1139 1038 1491 1106 ἐγκατέλιπεν
1514 1042 1644 1111 ἡμῖν
1668 1040 1908 1110 σπέρμα,

315 1122 394 1185 ὡς
421 1123 639 1195 Σκδομα
670 1125 735 1178 ἂν
762 1128 854 1179 καὶ
886 1128 1135 1199 Γόμορρα
1165 1130 1520 1201 ἐγενήθημεν.
1555 1150 1573 1181 ›
1606 1131 1714 1182 Καὶ
1758 1129 1912 1193 Ἰεζε-

319 1216 468 1286 xvi-9.,
500 1216 605 1280 ᾶτι,
644 1236 663 1268 ι
696 1218 818 1272 Κᾶν
846 1219 969 1272 Νῶε
992 1222 1086 1273 καὶ
1126 1220 1319 1275 Ἰακὼϐ
1351 1223 1445 1275 καὶ
1472 1221 1670 1293 Δανιὴλ
1697 1220 1912 1293 ἐξαιτή-

320 1322 527 1360 σωνται
576 1308 802 1380 υἱοὶ)ςῆ
859 1310 1184 1383 θυγατέρας,
1230 1313 1291 1366 οὐ
1345 1312 1419 1384 μὴ
1468 1312 1592 1382 δοθῇ
1643 1313 1847 1375 αὐτοῖς.
1885 1331 1904 1363 ι

330 1400 471 1452 Ἀλλ’
503 1399 631 1453 οὔτε
661 1401 845 1473 πατὴρ
874 1402 1011 1475 ὑπὲρ
1037 1404 1175 1468 υἱοῦ,
1210 1403 1334 1456 οὔτε
1363 1404 1473 1467 υίὸς
1516 1404 1655 1474 ὑπὲρ
1683 1404 1908 1475 πατρὸς,

470 1494 709 1557 ⁷ἕκαστος
733 1498 800 1565 τῇ
835 1497 1080 1568 ἁμαρτίᾳ
1117 1496 1281 1549 αὐτοῦ
1315 1496 1615 1559 ἀπολεῖται,
1648 1497 1743 1550 καὶ
1780 1497 1910 1550 ’ἐκα-

318 1603 448 1649 στος
478 1588 547 1656 τῇ
583 1585 780 1639 ἑαυτοῦ
817 1586 1197 1657 δικαιοπραξίᾳ
1229 1587 1550 1659 σωθήσεται.
1597 1590 1707 1642 Καὶ
1749 1589 1909 1641 πάλιν

330 1678 568 1741 Ἡσαΐας
593 1695 607 1707 ο
652 1696 670 1728 ι
713 1677 974 1747 Ὄψονται
1000 1678 1068 1731 τὰ
1100 1678 1249 1731 κῶλα
1271 1678 1377 1731 τῶν
1411 1678 1872 1750 παραϐεϐηκότων
1891 1695 1906 1710 ’

315 1769 347 1821 ὀ
374 1768 597 1840 σκώληξ
634 1769 816 1822 αὐτῶν
852 1770 915 1823 οὐ
960 1770 1247 1837 παύσεται,
1279 1770 1373 1823 καὶ
1395 1770 1455 1823 τὸ
1488 1770 1595 1842 πῦρ
1639 1769 1817 1823 αὐτῶν
1846 1770 1906 1822 οὐ

2013 586 2137 641 data
2173 588 2455 642 hominum
2488 587 2557 642 ⁸⁸.
2596 605 2616 640 ι
2653 586 2924 642 Praeterea
2967 597 3024 643 et
3052 603 3152 643 vos
3182 599 3237 642 et
3265 590 3477 659 seipsos
3508 591 3591 646 Iu-

2013 678 2325 745 diﬁcantur,
2383 679 2511 734 dum
2565 680 2888 734 existimant
2938 681 3200 736 omnibus
3257 697 3326 737 ex
3379 684 3589 739 semine

2012 770 2246 824 Abrahae
2270 771 2571 825 secundum
2606 786 2829 825 carnem
2863 773 3050 837 editis,
3083 773 3300 829 etiamsi
3336 786 3589 845 peccato-

2013 876 2101 917 res
2126 870 2182 918 et
2206 862 2469 917 increduli
2494 871 2550 915 et
2583 862 2636 916 in
2666 862 2835 916 Deum
2870 873 3216 919 contumaces
3248 865 3475 927 fuerint.
3501 883 3589 921 rc-

2012 969 2176 1023 guum
2218 964 2485 1009 aeternum
2517 953 2706 1008 datum
2752 956 2855 1023 iri;
2890 956 3035 1025 quod
3085 957 3246 1011 aliter
3283 972 3344 1012 se
3386 958 3590 1013 habere

2012 1047 2352 1101 demonstrat
2411 1046 2727 1116 Scriptura.
2780 1045 3073 1116 Nunquam
3134 1049 3278 1102 enim
3341 1048 3588 1119 profecto

2012 1138 2233 1193 dixisset
2262 1137 2437 1194 Isaias
2460 1152 2479 1190 :
2528 1157 2547 1190 ι
2588 1138 2653 1192 Et
2685 1137 2787 1193 nisi
2843 1139 3105 1193 Dominus
3154 1140 3311 1210 231
3347 1141 3588 1196 Sabaoth

2013 1227 2325 1296 reliquisset
2371 1228 2529 1281 nobis
2558 1243 2767 1290 semen,
2796 1230 2951 1297 quasi
2983 1228 3221 1285 Sodoma
3263 1240 3318 1285 et
3354 1232 3588 1286 Gomor-

2012 1318 2108 1373 rba
2136 1316 2266 1373 facti
2293 1333 2541 1373 essemus
2564 1320 2633 1372 ⁸ο.
2666 1338 2686 1371 ι
2720 1318 2788 1372 Ει
2812 1320 3100 1374 Ezechiel:
3137 1338 3157 1372 ι
3194 1321 3423 1377 Etiamsi
3450 1322 3587 1387 Noe,

2011 1416 2068 1463 et
2096 1405 2285 1470 JacOb,
2314 1417 2371 1463 et
2406 1407 2590 1461 Daniel
2622 1407 2981 1477 deposcerent
3006 1406 3148 1463 filios
3174 1417 3267 1461 aut
3294 1408 3456 1474 tilias,
3482 1424 3588 1463 non

2011 1498 2284 1553 dabuntur
2328 1512 2508 1553 tamen
2557 1499 2641 1554 eis
2669 1498 2736 1551 °°.
2772 1516 2791 1551 ι
2830 1498 2938 1552 Sed
2972 1512 3074 1553 nec
3104 1507 3261 1569 pater
3307 1515 3409 1570 pro
3450 1501 3586 1565 lilio,

2011 1602 2113 1643 nec
2151 1588 2295 1643 illius
2327 1604 2426 1658 pro
2465 1598 2645 1656 patre,
2670 1591 2764 1645 sed
2810 1591 3184 1660 unusquisque
3216 1592 3436 1661 proprio
3464 1607 3589 1662 pec-

2011 1688 2135 1734 cato
2163 1679 2429 1745 interibit,
2463 1690 2519 1734 et
2552 1682 2922 1749 unusquisque
2949 1684 3181 1753 propriis
3200 1683 3428 1752 iustitiae
3452 1698 3588 1751 ope-

2012 1770 2164 1825 ribus
2189 1771 2510 1826 salvabitur.
2543 1772 2610 1825 Et
2643 1788 2831 1826 rursus
2860 1773 3069 1829 Isaias:
3126 1792 3146 1824 σ
3185 1774 3460 1828 Videbunt
3491 1788 3587 1827 ca-

319 1858 710 1929 σϐεσθήσεται,
744 1861 839 1912 καὶ
882 1858 1092 1914 ἔσονται
1137 1864 1216 1925 είς
1255 1863 1444 1931 ὅρασιν
1473 1862 1620 1934 πάσῃ
1658 1862 1838 1934 σαρκί.
1887 1881 1904 1914 ι

2017 1862 2213 1917 davera
2247 1877 2454 1927 eorum,
2488 1863 2581 1933 qui
2609 1864 2952 1932 praevaricati
2986 1872 3133 1927 sunt,
3165 1866 3370 1918 vermis
3396 1879 3588 1919 eorum

318 1955 429 2008 Καὶ
454 1956 486 2007 ὁ
519 1954 727 2025 Κύριος
757 1953 916 2025 ήμῶν
946 1956 1084 2008 κατά
1121 1958 1180 2009 τὸ
1219 1955 1429 2027 θέλημα
1458 1956 1551 2008 τοῦ
1596 1955 1908 2026 πέμψαντος

318 2046 484 2099 αὐτὸν
519 2047 743 2117 [ἰατρὸς
772 2088 787 2111 ,
824 2048 919 2100 καὶ
957 2048 1226 2101 Δεσπότου
1259 2048 1366 2101 τῶν
1403 2048 1560 2110 ὅλων,
1593 2047 1691 2099 οὑκ
1722 2046 1786 2099 ἂν
1827 2043 1904 2099 εἷ-

317 2154 439 2203 πεν,
477 2157 497 2188 t
532 2138 799 2201 Ἦξουσιν
832 2140 938 2191 ἀπὸ
963 2139 1179 2210 δυσμῶν
1213 2140 1307 2192 καὶ
1334 2137 1625 2202 ἀνατολῶν,
1656 2137 1750 2189 καὶ
1776 2137 1909 2189 ἀνα-

319 2230 673 2301 κλιθήσονται
719 2232 862 2301 μετά
912 2231 1159 2302 Ἀϐραάμ
1201 2233 1292 2285 καὶ
1350 2231 1533 2285 Ἰσαάκ
1570 2232 1664 2284 καὶ
1714 2218 1910 2283 Ἰακὼϐ

316 2324 374 2376 ιν
406 2327 478 2393 τῇ
525 2323 783 2394 βασιλείᾳ
819 2324 928 2376 τῶν
973 2323 1236 2394 οὐρανῶν.
1284 2326 1345 2377 Ol
1378 2324 1435 2377 δὲ
1469 2326 1573 2377 υἱοὶ
1612 2324 1711 2394 τῆς
1752 2323 1909 2395 βασι-

315 2414 467 2477 λείας
506 2415 943 2487 ἐκϐληθήσονται
982 2418 1059 2480 είς
1103 2415 1164 2468 τὸ
1213 2416 1401 2480 σκότος
1451 2416 1511 2468 τὸ
1561 2416 1844 2487 ἐξώτερον.
1885 2436 1904 2469 ›

331 2506 494 2560 ’Δλλά
531 2508 629 2559 καὶ
658 2508 742 2558 ὅτι
770 2507 870 2559 οὐκ
900 2508 1050 2577 αἰτία
1076 2506 1171 2559 τοῦ
1206 2506 1340 2561 Θεοῦ
1374 2510 1422 2561 οἱ
1465 2510 1909 2581 προγινωσκόμε-

316 2615 395 2651 vet
417 2600 515 2652 καὶ
535 2597 900 2668 γενησόμενοι
932 2599 1126 2664 ἄδικοι,
1152 2598 1262 2651 εἴτε
1294 2599 1537 2668 ἄγγελοι,
1565 2602 1673 2654 εἴτε
1704 2601 1911 2671 ἀνθρω-

318 2706 409 2743 ποι
439 2690 693 2759 γίνονται
742 2690 954 2758 φαῦλοι,
986 2690 1121 2743 άλλά
1146 2694 1211 2761 τῇ
1250 2691 1456 2744 ἑαυτῶν
1494 2692 1721 2756 ἕκαστος
1762 2694 1913 2765 αἰτίᾳ

317 2781 553 2834 τοιοῦτοί
600 2783 766 2844 εἰσιν,
797 2783 980 2844 ὁποῖος
1022 2782 1251 2846 ἕκαστος
1296 2784 1615 2854 φανήσεται,
1660 2784 1913 2851 ἀπέδειξα

318 2874 410 2925 καὶ
444 2875 505 2926 ἐν
542 2875 665 2937 τοῖς
689 2872 1018 2944 ἔμπροσθεν.

387 2988 512 3042 Nl.
546 2989 672 3040 Ἵνα
700 2986 758 3039 δὲ
783 2986 860 3057 μὴ
906 2986 1179 3057 πρόφασιν
1239 2985 1397 3057 ἔχητε
1450 2986 1660 3055 λέγειν,
1694 2989 1775 3041 ὅτι
1808 2988 1914 3042 ἔδει

319 3079 407 3132 τὸν
437 3079 686 3151 Χριστὸν
744 3077 1140 3149 σταυρωθῆναι,
1175 3078 1207 3146 ἢ
1243 3079 1335 3131 καὶ
1367 3080 1427 3131 ὲν
1469 3078 1547 3148 τῷ
1578 3078 1723 3146 γένει
1754 3078 1914 3150 ἡμῶν

2011 1971 2119 2010 non
2166 1955 2435 2023 quiescet,
2468 1965 2524 2009 et
2553 1955 2697 2024 ignis
2739 1970 2929 2010 eorum
2974 1972 3081 2009 non
3104 1958 3499 2026 exstinguetur,
3532 1964 3589 2010 et

2012 2056 2172 2101 erunt
2200 2047 2255 2100 in
2290 2047 2557 2101 visionem
2606 2046 2755 2101 omni
2806 2047 2963 2100 carni
3000 2048 3066 2100 δι.
3108 2066 3129 2099 ι
3185 2047 3371 2115 Neque
3420 2048 3590 2101 etiam

2010 2148 2199 2193 noster
2227 2139 2525 2194 secundum
2558 2138 2893 2195 voluntatem
2930 2138 3132 2201 Patris,
3167 2155 3198 2194 a
3241 2155 3351 2208 quo
3386 2140 3589 2193 missus

2010 2240 2114 2295 est,
2161 2241 2217 2285 et
2268 2230 2631 2287 dominatoris
2684 2233 2929 2287 omnium
2986 2232 3260 2287 Dominus
3319 2231 3585 2284 dixisset;

2016 2342 2035 2375 ι
2076 2321 2304 2377 Venient
2325 2324 2393 2377 ab
2417 2324 2704 2378 occidente
2723 2334 2774 2379 et
2800 2323 3011 2379 oriente
3036 2333 3092 2377 et
3120 2323 3439 2377 recumbent
3464 2337 3589 2375 eum

2009 2413 2308 2479 Abraham,
2341 2414 2491 2469 lsaac
2533 2423 2588 2470 et
2625 2414 2794 2469 Jacob
2840 2416 2895 2469 in
2929 2430 3098 2485 regno
3142 2414 3433 2469 caelorum.
3463 2413 3591 2469 lt‘ilii

2011 2520 2143 2559 vero
2186 2506 2340 2575 regni
2393 2506 2686 2573 ejicientur
2728 2508 2780 2561 in
2817 2508 3075 2562 tenebras
3125 2506 3427 2562 exteriores
3458 2508 3524 2559 ⁸³.
3561 2523 3586 2560 ο

2013 2596 2166 2664 Quod
2193 2606 2373 2651 autem
2411 2599 2506 2666 qui
2540 2598 2705 2652 futuri
2742 2599 2913 2667 iniqui
2941 2598 3449 2669 pranoscebantur,
3474 2598 3592 2652 sive

2014 2689 2218 2756 angeli,
2239 2691 2354 2745 sive
2383 2690 2653 2756 homines,
2698 2706 2806 2746 non
2838 2691 2932 2745 Dei
2963 2692 3122 2759 culpa
3151 2690 3384 2759 improbi
3432 2690 3588 2753 liunt,

2013 2780 2107 2834 sed
2131 2794 2231 2834 suo
2254 2781 2480 2849 quisque
2507 2780 2643 2835 vitio
2678 2781 2812 2835 tales
2850 2790 2996 2843 sunt,
3031 2779 3210 2849 qualis
3236 2779 3465 2849 quisque
3492 2792 3592 2850 apo

2014 2874 2249 2941 parebit,
2286 2874 2339 2928 id
2364 2873 2529 2928 etiam
2562 2888 2730 2943 supra
2764 2874 3137 2928 demonstravi
3168 2872 3234 2927 ⁸³.

2088 2988 2209 3041 Ml.
2248 2988 2497 3042 Liberum
2532 2989 2815 3042 arbitrium
2850 2988 2906 3042 in
2949 2987 3244 3041 hominibus
3279 2996 3326 3040 et
3363 2986 3586 3055 angelis.

2015 3108 2087 3121 ——
2119 3078 2227 3134 Sed
2267 3095 2337 3135 ne
2381 3079 2540 3135 vobis
2584 3080 2800 3134 dicendi
2843 3078 2996 3131 locus
3042 3078 3387 3147 relinquatur
3423 3092 3592 3147 opor—

318 3168 455 3226 εἷναι
480 3173 617 3234 τοὺς
644 3168 1104 3241 παραϐαίνοντας,
1132 3170 1225 3222 καὶ
1258 3169 1358 3222 οὐκ
1391 3169 1455 3222 ἂν
1487 3169 1661 3233 άλλως
1686 3170 1907 3224 ἐδύνατο

2021 3172 2192 3227 tuisse
2225 3178 2283 3224 ut
2321 3169 2577 3225 Christus
2609 3168 3050 3238 crucifigeretur,
3080 3182 3147 3221 ac
3183 3168 3237 3221 in
3282 3176 3466 3222 vestro
3495 3182 3592 3237 ge-

322 3265 599 3333 γενέσθαι,
636 3263 850 3332 φθάσας
892 3261 978 3315 διὰ
1011 3262 1257 3332 βραχέων
1299 3259 1487 3326 εἷπον,
1518 3264 1619 3327 ὅτι,
1659 3263 1912 3333 βουλόμε-

2017 3277 2144 3317 nere
2179 3270 2366 3317 essent
2401 3261 2493 3331 qui
2527 3261 3047 3331 praevaricarentur,
3079 3274 3257 3328 neque
3281 3258 3441 3313 aliter
3464 3274 3591 3314 eve-

323 3373 408 3419 νος
435 3357 570 3417 τοὺς
602 3353 874 3422 ἀγγέλους
920 3353 1013 3405 καὶ
1052 3353 1178 3415 τοὺς
1222 3352 1541 3424 ἀνθρώπους
1579 3352 1809 3406 ἕπεσθαι
1842 3355 1907 3424 τῇ

323 3445 481 3517 βουλῇ
518 3443 695 3499 αὐτοῦ
716 3446 746 3496 ὁ
777 3442 929 3508 Θεὸς,
963 3442 1227 3514 ἐϐουλήθη
1271 3442 1494 3513 ποιῆσαι
1524 3442 1752 3507 τούτους
1787 3445 1911 3497 αὑτ-

319 3536 600 3601 εξουσξους
631 3535 772 3605 πρὸς
812 3534 1224 3605 δικαιοπραξίαν
1245 3574 1259 3600 ,
1300 3534 1437 3604 μετὰ
1468 3535 1625 3603 λόγου
1667 3534 1761 3588 τοῦ
1794 3536 1912 3589 ὲπί-

324 3628 551 3682 πασθαι
584 3626 787 3689 αὐτοὺς
821 3625 909 3694 ὑφ’
938 3619 1000 3677 οὗ
1032 3627 1307 3694 γεγόνασι,
1339 3628 1433 3680 καὶ
1466 3628 1533 3681 δι’
1555 3630 1613 3681 ὃν
1650 3630 1757 3681 εἰσι
1779 3630 1914 3700 πρό-

320 3734 478 3791 τερον
512 3720 620 3773 οὐκ
643 3718 818 3782 ὄντες,
847 3720 941 3771 καὶ
972 3718 1108 3789 μετά
1141 3718 1307 3789 νόμου
1334 3717 1428 3772 τοῦ
1462 3720 1553 3771 ὑπ’
1582 3721 1746 3773 αὐτοῦ
1790 3722 1912 3793 κρί-

324 3810 531 3875 νεσθαι,
568 3810 671 3863 ἐὰν
701 3810 851 3882 παρὰ
882 3810 973 3863 τὸν
1015 3810 1173 3881 όρθὸν
1205 3810 1359 3879 λόγον
1394 3812 1693 3884 πράττωσι·
1726 3815 1819 3866 καὶ
1846 3814 1915 3868 δι’

325 3902 552 3962 ἑαυτοὺς
572 3904 739 3972 ἡμεῖς
767 3903 817 3954 οἱ
851 3901 1123 3973 ἄνθρωποι
1183 3904 1278 3957 καὶ
1310 3906 1359 3957 οἱ
1400 3904 1617 3973 ἄγγελοι
1667 3904 1916 3975 ὲλεγχθη-

329 3994 531 4064 σύμεθα
568 3994 1060 4065 πονηρευσάμενοι,
1097 3994 1192 4048 ὲάν
1228 3997 1303 4069 μὴ
1336 3998 1636 4066 φθάσαντες
1673 3996 1917 4068 μεταθώ-

329 4087 486 4155 μεθα.
524 4087 593 4139 Εἰ
626 4085 683 4137 δὲ
714 4087 743 4137 ὁ
775 4086 933 4154 λόγος
962 4088 1058 4141 τοῦ
1092 4088 1227 4141 Θεοῦ
1252 4090 1555 4161 προμηνύει
1588 4092 1807 4154 πάντως
1836 4108 1918 4143 τι-

328 4182 421 4244 νὰς
444 4183 542 4234 καὶ
574 4181 846 4248 ἀγγέλους
873 4183 969 4235 καὶ
988 4181 1306 4253 ἀνθρώπους
1330 4184 1759 4255 κολασθήσεσθαι
1792 4184 1919 4255 μὲλ-

327 4271 556 4335 λοντας,
613 4270 749 4323 διότι
800 4271 1205 4342 προεγίνωσκεν
1264 4273 1461 4337 αὐτοὺς
1508 4274 1919 4345 ἀμεταϐλήτους

330 4362 403 4431 (5)
436 4361 842 4432 γενησομένους
876 4364 1166 4434 πονηροὺς,
1201 4366 1428 4438 προεῖπε
1449 4364 1643 4428 ταῦτα,
1677 4365 1789 4418 ἀλλ’
1821 4366 1919 4437 οὐχ

330 4453 411 4506 δτι
445 4454 648 4516 αὐτοὺς
680 4455 710 4505 ὁ
741 4453 875 4517 Θεὸς
906 4455 1180 4518 τοιούτους
1213 4456 1490 4527 εποίησεν.
1513 4446 1673 4508 Ὥστε
1694 4456 1789 4510 ἐὰν
1826 4475 1920 4528 με-

328 4548 659 4615 τανοήσωσι,
694 4545 896 4608 πάντες
942 4546 1250 4617 βουλόμενοι
1297 4550 1480 4617 τυχεῖν
1506 4547 1601 4600 τοῦ
1637 4548 1788 4620 παρά
1818 4546 1917 4601 τοῦ

332 4637 466 4689 Θεοῦ
492 4636 680 4699 ἐλέους
711 4637 986 4699 δύνανται,
1022 4638 1116 4690 καὶ
1151 4640 1452 4711 μακαρίους
1479 4640 1675 4703 αὐτοὺς
1706 4643 1735 4693 ὁ
1764 4640 1921 4708 λόγος

334 4728 590 4800 προλέγει
613 4728 806 4782 είπιῖδν·
860 4748 878 4781 ι
910 4731 1191 4801 Μακάριος
1288 4733 1349 4785 οὐ
1388 4732 1460 4803 μὴ
1488 4732 1766 4802 λογίσηται
1799 4732 1917 4785 Κύ-

338 4836 449 4889 ριος
482 4820 817 4891 ἁμαρτίαν·›
854 4820 1014 4873 τοῦτο
1044 4822 1102 4875 δέ
1150 4823 1319 4886 ἐστιν,
1355 4823 1431 4885 ὡς
1467 4822 1539 4892 (4)
1577 4824 1919 4894 μετανοήσας

335 4912 429 4964 ἐπὶ
457 4914 569 4974 τοῖς
602 4900 987 4984 ἁμαρτήμασι,
1051 4912 1159 4964 τῶν
1191 4914 1605 4984 ἁμαρτημάτων
1639 4914 1792 4985 παρά
1821 4915 1916 4967 τοῦ

336 5002 471 5057 Θεοῦ
503 5002 645 5074 λάϐῃ
678 5002 895 5072 ἄφεσιν,
924 5002 1038 5056 ἀλλ’
1076 5004 1174 5074 οὐχ
1204 5003 1279 5068 ὡς
1312 5006 1469 5076 ὑμεῖς
1501 5006 1751 5060 ἀπατᾶτε
1788 5008 1916 5060 ἐαυ-

2012 3355 2131 3409 nire
2160 3354 2428 3423 potuisse;
2470 3353 2661 3422 paucis
2693 3360 3045 3406 antevertens
3080 3352 3193 3406 dixi
3234 3351 3430 3414 Deum,
3462 3365 3593 3405 cum

2012 3443 2232 3515 angelos
2276 3452 2331 3498 et
2373 3443 2647 3497 homines.
2674 3457 2789 3497 sua:
2841 3442 3107 3495 voluntati
3160 3456 3357 3511 parere
3400 3439 3590 3507 vellet,

2012 3535 2217 3590 liberos
2256 3535 2323 3589 ad
2360 3534 2587 3604 justitize
2622 3533 3068 3588 observationem
3104 3546 3297 3586 creare
3329 3530 3589 3594 voluisse,

2015 3627 2187 3682 indita
2226 3627 2309 3682 eis
2343 3627 2556 3682 ratione
2596 3640 2702 3695 qua
2762 3632 3163 3694 cognoscerent
3215 3639 3246 3678 a
3277 3638 3385 3692 quo
3418 3622 3593 3677 creati

2016 3718 2149 3787 sint,
2180 3728 2350 3788 etper
2376 3734 2538 3789 quem
2568 3718 2863 3781 exsistant,
2891 3731 3014 3770 cum
3039 3724 3205 3770 antea
3234 3730 3341 3768 non
3365 3720 3591 3780 essent;

2017 3810 2272 3881 imposita
2300 3812 2465 3866 etiam
2506 3811 2611 3865 hac
2643 3809 2783 3879 lege,
2814 3818 2873 3863 ut
2913 3807 2981 3862 ab
3009 3822 3075 3863 eo
3103 3806 3514 3874 iudicarentur,
3543 3804 3593 3859 si

2016 3911 2219 3972 przeter
2243 3910 2449 3957 rectam
2494 3902 2762 3957 rationem
2794 3900 3062 3953 facerent.
3086 3898 3457 3965 Quamobrem
3494 3910 3594 3965 per

2016 4008 2119 4048 nos
2146 3994 2273 4064 ipsi,
2300 3994 2551 4048 homines
2573 4003 2627 4049 et
2657 3989 2857 4063 angeli,
2880 3989 3251 4058 improbitatis
3274 3999 3591 4057 arguemur,

2018 4089 2124 4143 nisi
2158 4086 2537 4157 paenitentiam
2580 4099 2940 4153 occupemus.
2975 4083 3127 4151 Quod
3154 4082 3200 4137 si
3231 4082 3459 4134 verbum
3496 4076 3594 4132 Dei

2017 4178 2267 4249 praedicit
2293 4177 2521 4232 omnino
2556 4177 2826 4245 quosdam
2870 4174 3091 4245 angelos
3120 4181 3177 4227 et
3208 4171 3458 4226 homines
3492 4182 3595 4236 pu-

2019 4271 2195 4324 nitum
2225 4269 2312 4335 iri,
2344 4268 2550 4323 idcirco
2592 4268 2707 4321 haec
2737 4266 3008 4336 praedicit,
3048 4263 3191 4333 quod
3216 4277 3311 4317 eos
3336 4262 3475 4317 citra
3512 4260 3597 4313 ul-

2019 4362 2127 4416 lam
2157 4361 2596 4416 immutationem
2623 4359 2907 4429 improbos
2948 4359 3164 4411 luturos
3204 4358 3591 4424 praenosceret,

2023 4468 2371 4523 nequaquam
2422 4460 2604 4505 autem
2658 4451 2803 4520 quod
2854 4463 2951 4505 eos
2998 4447 3144 4503 Deus
3190 4446 3328 4500 tales
3370 4442 3592 4497 fecerit.

1950 4538 1995 4597 D
2022 4545 2365 4613 Quapropter
2412 4545 2458 4598 si
2492 4543 2875 4612 pmnitentiam
2917 4547 3103 4609 agant,
3148 4537 3278 4592 licet
3311 4534 3591 4599 omnibus,

2026 4633 2337 4703 quicunque
2354 4633 2648 4696 voluerint,
2665 4629 3103 4685 misericordiam
3126 4643 3155 4681 a
3178 4626 3286 4679 Deo
3305 4623 3593 4690 consequi,

2023 4743 2230 4796 eosque
2259 4728 2448 4782 beatos
2480 4725 2760 4794 Scriptura
2791 4721 3156 4793 prardicatbis
3177 4719 3394 4774 verbis:
3430 4716 3597 4769 «Dea-

2025 4829 2113 4875 tus
2140 4821 2227 4875 cui
2252 4834 2359 4873 non
2389 4819 2733 4887 imputaverit
2773 4814 3032 4871 Dominus
3063 4819 3345 4879 peccatum
3370 4808 3437 4861 ιι.
3472 4826 3491 4859 ι
3534 4806 3596 4861 Id

2024 4923 2205 4968 autem
2227 4915 2371 4968 hanc
2396 4913 2502 4965 vim
2538 4911 2701 4965 habet
2724 4918 2805 4971 ut,
2827 4915 3176 4976 peccatorum
3208 4900 3592 4972 pmnitentiam

2022 5006 2256 5077 agendo,
2284 5014 2638 5075 peccatorum
2681 5017 2712 5057 a
2760 5002 2873 5056 Deo
2916 4998 3299 5054 remissionem
3335 4993 3595 5062 accipiat,

402 5244 571 5299 l415a.
606 5260 760 5306 xxix,
798 5244 887 5297 13.
969 5245 1015 5275 ⁸⁷
1048 5244 1148 5299 lsa.
1175 5260 1214 5309 ι,
1251 5244 1305 5301 9.
1383 5244 1427 5276 ⁶⁰
1456 5244 1653 5300 Ezecb.
1686 5262 1797 5313 xw,
1840 5248 1913 5303 l8.

2017 5247 2041 5276 “
2080 5247 2186 5305 lsa.
2220 5261 2370 5311 vat,
2405 5244 2497 5300 24.
2576 5243 2621 5274 ⁶¹
2654 5241 2845 5296 Matth.
2886 5255 3002 5304 Vill,
3038 5239 3121 5293 l2.
3201 5237 3246 5268 ⁸³
3282 5251 3407 5305 ευρ.
3434 5251 3490 5290 η.
3522 5233 3595 5313 88

341 5328 396 5369 et
428 5318 545 5371 102.
622 5317 669 5347 “
693 5316 840 5370 Psal.
874 5330 1026 5378 xui,
1058 5315 1094 5367 2

410 5518 483 5585 (ὗ)
517 5515 1003 5590 ᾉμεταϐλήτους.
1041 5517 1365 5590 Sylburgius
1390 5519 1613 5589 conjicit
1638 5518 1923 5584 legendum

335 5587 753 5658 ἀμεταϐλήτως.

411 5658 484 5729 (4)
531 5658 716 5711 Τοῦτο
746 5656 832 5729 ίδέ
879 5656 1068 5729 ἐσζιν,
1117 5659 1218 5723 ὡς.
1260 5678 1277 5709 ι
1321 5659 1423 5713 Pro
1602 5658 1705 5725 legi
1760 5658 1923 5710 etiam

338 5726 523 5793 poSSet
558 5730 638 5791 ὅς,
678 5746 697 5777 ι
742 5728 923 5797 inquit
952 5726 1299 5797 Sylbnrgius.
1339 5730 1445 5783 Sed
1492 5728 1610 5795 ejus
1659 5729 1922 5780 timidita—

342 5813 450 5853 tem
482 5800 561 5855 sic
590 5794 831 5869 castigat
858 5794 1137 5854 Thiribius
1162 5794 1188 5853 ι
1223 5816 1242 5850 ι
1278 5798 1445 5867 Quasi
1476 5794 1645 5855 etiam
1671 5797 1771 5868 legi
1802 5813 1923 5868 pos-

2034 5525 2119 5570 set
2150 5517 2245 5581 ὼς.
2290 5517 2472 5586 Apage
2496 5511 2944 5586 intempestivam
2980 5509 3388 5565 verecundiam.
3426 5506 3593 5566 Certa

2036 5602 2125 5640 res
2150 5599 2274 5652 est;
2313 5582 2457 5641 {sed
2483 5585 2624 5651 quod
2649 5582 2863 5634 erudito
2899 5582 3014 5634 viro
3037 5590 3144 5652 tam
3181 5588 3467 5652 certumet
3499 5594 3597 5634 ex-

2034 5648 2305 5723 ploratum
2341 5648 2577 5716 videtur,
2617 5652 2668 5706 id
2706 5665 2900 5705 vereor
2930 5660 2988 5723 ut
3024 5650 3221 5704 nullam
3255 5649 3310 5723 _iu
3342 5648 3463 5701 aliis
3498 5652 3597 5717 du-

2034 5720 2353 5779 bitationem
2411 5724 2676 5786 inveniat,
2714 5739 2836 5779 cum
2882 5722 3109 5793 vulgata,
3148 5720 3434 5789 Scriptura
3486 5736 3595 5776 non

2032 5807 2221 5853 careat
2254 5794 2519 5867 praeclaro
2544 5810 2728 5850 sensu.
