3954 6258
436 381 544 441 799

1065 383 1122 439 S.
1157 382 1421 440 JUSTINI
1460 383 1732 443 PHlLOS.
1770 386 1860 441 ET
1895 386 2110 442 MART.
2148 385 2326 442 DlAL.
2374 385 2518 441 CUM
2557 382 2935 440 TRYPHONE
2971 383 3119 440 JUD.
3541 391 3630 446 800

439 514 782 568 nequaquam
811 509 990 554 autem
1026 510 1084 555 ut
1113 503 1476 572 vosmetipsos
1520 504 1795 572 decipitis,
1836 515 1890 559 et
1921 505 1990 558 ali

2117 505 2263 568 τοὺς,
2299 505 2393 584 καὶ
2423 503 2572 558 ἄλλοι
2591 501 2735 566 τινὲς
2769 502 2843 573 (5)
2878 503 3008 572 ὑμῖν
3040 503 3211 572 ὅμοιοι
3244 501 3376 556 κατά
3405 505 3560 571 τοῦτο,
3588 509 3630 562 o?

439 591 660 660 quidam
690 591 845 643 vobis
873 589 974 644 hac
1004 591 1056 644 in
1107 607 1165 645 re.
1191 593 1421 659 similes,
1451 595 1544 661 qui
1579 595 1768 648 dicunt
1795 596 2008 649 etiamsi

439 690 756 750 peccatores
787 681 918 746 sint,
964 680 1129 735 Deum
1178 692 1380 747 tamen,
1424 683 1587 738 modo
1643 701 1767 738 eum
1811 701 2012 754 cogno-

439 779 618 834 scant,
669 790 774 826 non
833 774 1227 842 imputaturum
1260 776 1366 831 illis
1401 787 1706 845 peccatum.
1744 777 1909 849 llujus
1933 779 2010 831 rei

438 865 807 917 testimonium
831 865 1113 928 habemus,
1139 883 1302 920 unum
1324 868 1766 936 Davidislapsum
1793 879 2010 939 propter

436 954 608 1020 ipsius
636 953 1016 1021 gloriationem
1043 971 1056 1019 ;
1092 959 1236 1022 quod
1269 969 1552 1026 peccatqu
1582 959 1630 1012 ei
1659 969 1767 1012 tum
1795 963 2008 1013 demum

439 1045 730 1098 remissum
761 1053 865 1110 est,
910 1061 1032 1098 cum
1062 1047 1140 1099 sic
1169 1048 1317 1103 ﬂevit
1360 1059 1418 1102 et
1446 1049 1777 1104 lamentatus
1809 1062 1912 1114 est,
1950 1061 2007 1106 ut

437 1135 722 1202 Scriptura
755 1146 1007 1191 testatur.
1035 1139 1189 1205 Quod
1223 1140 1268 1194 si
1308 1141 1402 1195 tali
1451 1143 1569 1196 viro
1612 1143 1866 1197 remissio
1899 1160 2008 1198 non

434 1233 562 1277 ante
585 1240 846 1280 concessa
887 1235 992 1290 est,
1029 1245 1196 1296 quam
1229 1231 1612 1298 paenitentiam
1659 1245 1873 1302 ageret,
1913 1236 2008 1288 sed

435 1323 547 1368 tum
579 1317 794 1370 demum
821 1334 944 1372 cum
975 1321 1054 1374 sic
1077 1319 1243 1386 flevit,
1269 1336 1440 1392 seque
1466 1323 1539 1376 ita
1569 1327 1739 1393 gessit
1775 1339 2007 1394 magnus

431 1411 521 1465 ille
547 1426 639 1466 rex
673 1422 729 1466 et
762 1423 960 1469 unctus
992 1426 1048 1483 et
1082 1418 1342 1486 prepheta
1379 1435 1392 1483 ;
1419 1420 1692 1486 quomodo
1719 1419 1916 1490 impuri
1944 1437 2010 1476 ac

429 1519 655 1573 prorsus
682 1507 1031 1576 complorati,
1075 1509 1178 1562 nisi
1231 1509 1604 1566 lamententur
1631 1521 1686 1567 et
1719 1512 2004 1583 plangant,

431 1611 582 1666 spem
631 1599 834 1655 habere
866 1603 1078 1670 possint
1114 1619 1219 1658 non
1264 1604 1658 1674 imputaturum
1705 1607 1785 1661 eis
1821 1607 2006 1662 Domi-

431 1701 562 1739 num
599 1692 930 1755 peccatum?
961 1693 1138 1762 Atque
1192 1694 1425 1748 alterum
1464 1696 1628 1750 etiam
1665 1696 1795 1750 illud
1842 1697 2008 1752 Davi—

427 1777 516 1832 dis
547 1777 598 1831 in
646 1779 788 1834 Uria}
831 1782 1118 1853 coniugem
1155 1795 1439 1852 peccatum
1479 1797 1804 1856 argumento
1837 1799 1940 1847 est.
1971 1807 2006 1847 ο

2115 594 2361 662 λέγουσιν
2393 595 2494 659 ὅτι,
2518 593 2618 647 κᾶν
2653 592 2963 664 ἁμαρτωλοὶ
2996 585 3117 656 ὦσι,
3146 590 3270 644 Θεὸν
3300 593 3351 645 δὲ
3381 593 3633 662 γινώσκου-

2116 703 2217 749 σιν,
2251 686 2311 738 ού
2350 685 2423 756 μὴ
2441 685 2721 754 λογίσηται
2761 686 2945 746 αὐτοῖς
2975 682 3176 753 Κύριος
3206 683 3477 754 ἁμαρτίαν.
3507 687 3634 758 Μαρ-

2111 769 2295 842 τύριον
2327 771 2384 825 δὲ
2411 771 2602 824 τούτου
2650 770 2749 842 τὴν
2799 771 2925 842 μίαν
2956 769 3050 823 τοῦ
3079 770 3258 835 Δαϐὶδ,
3290 770 3372 824 διὰ
3403 772 3490 844 τὴν
3518 775 3632 828 καύ-

2111 881 2269 934 χησιν
2301 863 2464 940 αὑτοῦ
2485 905 2499 928 ,
2557 863 2851 936 γενομένην
2884 863 3236 934 παράπτωσιν
3285 862 3494 934 ἔχομεν,
3533 866 3635 936 ητις

2109 954 2232 1008 τότε
2259 955 2480 1027 ἀφείθη,
2509 957 2597 1009 ὅτε
2649 953 2821 1018 οὕτως
2852 954 3081 1008 ἔκλαυσε
3128 957 3220 1009 καὶ
3251 954 3543 1028 ὲθρήνησεν,
3571 960 3638 1025 ὡς

2111 1047 2437 1119 γέγραπται.
2474 1049 2535 1101 El
2580 1048 2636 1100 δὲ
2674 1047 2752 1118 τῷ
2773 1047 2999 1118 τοιούτῳ
3035 1049 3224 1116 ἄφεσις
3255 1050 3374 1120 πρὶν
3405 1052 3636 1123 μετανοῆ-

2112 1156 2202 1191 σαι
2231 1139 2330 1190 οὐκ
2351 1138 2525 1207 ἐδόθη,
2561 1137 2674 1198 ἀλλ’
2707 1139 2795 1191 ὅτε
2819 1139 3043 1192 τοιαῦτα
3075 1138 3294 1194 ἕκλαυσε
3325 1141 3410 1193 καὶ
3436 1141 3640 1213 ἔπραξεν

2109 1235 2137 1286 ὁ
2165 1233 2336 1302 μέγας
2367 1226 2520 1296 οὗτος
2549 1231 2798 1302 βασιλεὺς
2851 1232 2942 1284 καὶ
2981 1231 3216 1302 χριστὸς,
3251 1233 3342 1285 καὶ
3369 1235 3636 1305 προφήτης,

2110 1323 2227 1387 πῶς
2245 1325 2293 1377 οἱ
2322 1323 2642 1394 ἀκάθαρτοι,
2682 1325 2778 1377 καὶ
2809 1323 2989 1376 πάντα
3015 1324 3439 1394 ἀπονενοημένοι,
3474 1325 3558 1376 ἐὰν
3577 1325 3640 1396 μὴ

2109 1415 2440 1488 θρηνήσωσι,
2476 1415 2570 1469 καὶ
2602 1415 2894 1485 κὸψωνται,
2924 1417 3017 1469 κα).
3050 1417 3456 1487 μετανοήσωσιν,
3479 1417 3641 1471 ἐλπίδα

2109 1507 2250 1576 ἔχειν
2269 1507 2544 1572 δύνανται,
2591 1508 2673 1560 ὅτι
2705 1508 2767 1560 οὐ
2805 1507 2878 1578 μὴ
2935 1507 3216 1579 λογίσηται
3250 1509 3420 1571 αὐτοῖς
3466 1508 3642 1579 Κύριος

2110 1601 2380 1672 ἁμαρτίαν
2402 1618 2415 1665 ;
2438 1602 2548 1654 Καὶ
2574 1603 2606 1671 ἡ
2647 1599 2745 1671 μία
2775 1600 2829 1653 δὲ
2864 1600 3000 1672 αῦτη
3033 1601 3132 1671 τῆς
3161 1600 3545 1672 παραπτὼσεως
3563 1600 3640 1653 τοῦ

2109 1692 2270 1744 Δαϐὶδ
2302 1693 2434 1763 πρὸς
2466 1693 2563 1763 τὴν
2613 1692 2706 1746 τοῦ
2741 1692 2936 1762 Οὐρίου
2982 1694 3214 1760 γυναῖκα
3262 1692 3466 1763 πρᾶξις,
3497 1687 3537 1744 ὦ
3564 1693 3643 1746 ἄν·

2107 1784 2250 1855 δρες,
2282 1783 2438 1855 ἔφην,
2473 1783 2762 1849 δείκνυσιν,
2799 1783 2879 1836 ὅτι
2912 1785 3010 1855 οὐχ
3040 1784 3116 1847 ὼς
3175 1785 3510 1855 πορνεύοντες
3539 1783 3646 1841 πολ-

427 1867 798 1935 viri,aiebam,
821 1875 1165 1943 patriarchas
1189 1891 1295 1929 non
1323 1878 1802 1931 utmmcharentur
1819 1879 1999 1947 plures

2107 1850 2206 1937 λάς
2237 1850 2391 1946 ἔσχον
2435 1878 2696 1943 γυναῖκας
2756 1877 2804 1927 οί
2858 1850 3214 1945 πατριάρχαι,
3249 1850 3366 1928 ἀλλ’
3400 1874 3648 1945 οἰκονομία

426 1973 627 2015 uxores
648 1961 920 2028 habuisse,
945 1965 1038 2018 sed
1055 1965 1519 2034 dispensationem
1535 1965 1695 2036 232
1719 1970 2006 2038 quamdam

428 2063 488 2108 et
522 2055 783 2125 mysteria
818 2059 998 2111 omnia
1037 2073 1136 2128 per
1169 2072 1264 2112 eos
1303 2056 1472 2111 fuisse
1518 2067 1764 2127 peracta.
1793 2059 1928 2113 Nam
1961 2061 2006 2115 si

426 2143 618 2200 liceret
641 2162 802 2216 quam
826 2149 1062 2217 quisque
1083 2149 1341 2214 voluerit,
1375 2157 1429 2202 et
1453 2163 1560 2217 quo
1585 2149 1819 2205 voluerit
1851 2151 2008 2206 modo

423 2244 482 2289 et
502 2245 636 2304 quot
665 2238 900 2292 voluerit
935 2254 1139 2294 uxores
1191 2254 1479 2296 assumere
1525 2241 1711 2311 (quale
1743 2249 1830 2295 est
1861 2241 2008 2310 quod

425 2327 636 2383 faciunt
681 2332 846 2386 vestri
896 2334 1115 2403 generis
1169 2333 1443 2401 homines,
1487 2335 1582 2405 qui
1627 2335 1680 2388 in
1719 2342 1834 2389 toto
1873 2336 2009 2390 orbe

426 2429 723 2484 terrarum,
758 2438 1086 2494 quocunque
1120 2427 1372 2480 venerint
1403 2435 1500 2480 aut
1540 2426 1851 2491 mittantur,
1885 2440 2007 2478 mu-

424 2508 588 2565 lieres
631 2511 838 2568 ducunt
878 2517 1099 2572 nomine
1133 2519 1535 2590 matrimonii);
1591 2526 1794 2587 quanto
1837 2519 2008 2588 magis

425 2599 478 2656 id
525 2601 716 2657 Davidi
762 2604 941 2661 facere
974 2609 1210 2663 liceret?
1243 2609 1370 2666 Haec
1393 2625 1516 2665 cum
1550 2609 1830 2677 dixissem,
1871 2612 2008 2664 ami-

423 2688 647 2744 cissime
681 2690 861 2748 Marce
894 2693 1132 2766 Pompei,
1165 2697 1326 2754 linem
1369 2697 1493 2754 feci.

499 2798 623 2853 142.
661 2799 878 2858 Gratias
921 2817 1083 2876 agunt
1117 2807 1298 2862 Jude
1319 2819 1366 2863 et
1393 2825 1424 2862 α
1464 2811 1680 2866 Iustino
1707 2812 2000 2867 discedunt.

421 2891 769 2962 —Tryphou
804 2907 988 2951 autem
1033 2912 1153 2953 cum
1182 2899 1504 2970 aliquandiu
1540 2919 1664 2958 sese
1713 2906 2002 2969 tenuisset,

422 2984 613 3050 Vides,
655 2987 852 3055 inquit,
882 3003 990 3042 non
1030 2990 1155 3045 data
1199 3007 1365 3060 opera
1408 2994 1708 3064 contigisse
1735 3005 1793 3050 ut
1827 2995 1911 3054 bis
1939 2997 2006 3051 de

419 3073 593 3129 rebus
624 3074 1096 3146 colloqueremur.
1133 3081 1396 3151 Equidem
1435 3099 1521 3139 me
1548 3101 1848 3156 congressu
1887 3101 2005 3140 ma-

2106 1985 2193 2031 τις
2225 1966 2318 2020 καὶ
2349 1969 2622 2038 μυστήρια
2655 1967 2832 2022 πάντα
2852 1967 2916 2020 δι’
2939 1967 3116 2022 αὐτῶν
3141 1967 3457 2021 ἀπετελείτο.
3496 1967 3645 2030 Ἐπεὶ,

2109 2062 2157 2112 εί
2194 2062 2550 2129 συνεχωρεῖτο
2581 2059 2647 2130 ἣν
2678 2057 2926 2129 βούλεταί
2981 2076 3084 2124 τις,
3146 2061 3242 2112 καὶ
3288 2060 3360 2122 ὡς
3412 2057 3646 2128 βούλεται,

2109 2153 2203 2205 καὶ
2233 2153 2363 2215 ὅσας
2397 2151 2642 2221 βούλεται
2674 2151 2970 2222 λαμϐάνειν
2995 2154 3279 2220 γυναῖκας,
3299 2153 3468 2204 ὁποῖον
3498 2150 3650 2220 πράτ-

2105 2259 2288 2296 τουσιν
2320 2244 2370 2295 οί
2401 2243 2508 2296 ἀπὸ
2533 2242 2627 2295 τοῦ
2660 2243 2850 2312 γένους
2883 2242 3036 2313 ὑμῶν
3079 2241 3374 2314 ἄνθρωποι,
3406 2239 3536 2294 κατά
3565 2237 3652 2293 πεί-

2109 2346 2208 2386 σαν
2241 2333 2368 2404 γῆν,
2404 2333 2535 2386 ἔνθα
2567 2333 2633 2386 ἂν
2675 2333 3086 2404 ἐπιδημήσωσιν
3131 2333 3167 2404 ἢ
3203 2332 3648 2405 προσπεμφθῶσιν,

2107 2425 2365 2494 ἀγόμενοι
2398 2425 2622 2496 ὀνόματι
2681 2425 2863 2496 γάμου
2895 2427 3186 2493 γυναῖκας,
3221 2424 3350 2478 πολὺ
3391 2424 3570 2494 μᾶλλον
3598 2422 3653 2476 ὃν

2106 2515 2183 2586 τῷ
2211 2515 2374 2569 Δασιδ
2419 2515 2494 2586 (6)
2543 2515 2702 2569 τοῦτο
2767 2520 3127 2588 συνεχωρεῖτο
3192 2515 3431 2586 πράξειν.
3494 2514 3654 2568 Ταῦτα

2107 2607 2295 2672 εἰπὼν,
2323 2603 2369 2662 ὦ
2405 2608 2627 2679 φίλτατε
2659 2608 2855 2681 Μάρκε
2885 2609 3160 2680 Πομπήϊε,
3187 2608 3515 2678 ἐπαυσάμην.

2178 2809 2299 2864 142.
2348 2808 2472 2862 Ἐπὶ
2522 2807 2686 2861 ποσὸν
2730 2807 2787 2861 δὲ
2833 2809 2860 2861 ὁ
2901 2807 3138 2880 Τρύφων
3184 2803 3438 2876 ἐπισχὼν,
3491 2803 3653 2874 Ὁρᾷς,

2106 2900 2230 2972 ἔφη,
2262 2901 2345 2953 ὅτι
2377 2900 2475 2952 οὐκ
2508 2899 2615 2952 ἀπὸ
2674 2897 3071 2966 ἐπιτηδεύσεως
3135 2897 3355 2966 γέγονεν
3387 2898 3441 2948 ὲν
3474 2893 3656 2954 τούτοις

2107 2994 2254 3064 ἡμᾶς
2289 2990 2603 3060 συμϐαλεῖν.
2627 2990 2736 3043 Καὶ
2765 2990 2847 3042 ὅτι
2882 2987 3179 3059 ἐξαιρέτως
3209 2987 3382 3058 ἥσθην
3410 2989 3471 3056 τῇ
3500 3001 3658 3037 συνου-

2110 3082 2220 3152 σίᾳ,
2249 3078 2513 3150 ὁμολογῶ·
2546 3079 2640 3132 κα)⁸
2680 3078 2902 3140 τούτους
2933 3076 2988 3130 δὲ
3018 3072 3176 3147 οἶμαι
3201 3076 3398 3147 ὁμοίως
3429 3074 3543 3145 ἐμοὶ
3567 3073 3659 3125 δια-

417 3165 594 3234 jorem
640 3166 694 3222 in
746 3169 966 3223 modum
1019 3171 1345 3228 delectatum
1393 3189 1518 3230 esse
1567 3173 1784 3241 fateor,
1836 3187 1999 3246 atque

2106 3172 2393 3226 τεθεῖσθαι.
2430 3171 2598 3224 Πλέον
2630 3170 2739 3240 γὰρ
2792 3168 3025 3243 εὕρομεν
3055 3169 3088 3240 ἦ
3127 3167 3554 3240 προσεδοκῶμεν,
3575 3163 3658 3216 καὶ

425 3258 526 3311 bos
559 3258 751 3314 eodem
808 3275 873 3316 ac
916 3277 1005 3318 me
1060 3264 1242 3320 animo
1295 3265 1522 3322 allectos
1565 3283 1690 3324 esse
1733 3267 1997 3324 arbitror.

422 3346 553 3403 Plus
596 3351 742 3404 enim
791 3353 1125 3422 invenimus,
1172 3372 1337 3426 quam
1377 3359 1859 3428 exspectabamus,
1903 3369 2003 3415 aut

418 3453 586 3509 quam
623 3445 931 3512 exspectari
969 3461 1208 3515 unquam
1247 3449 1441 3517 possit.
1476 3450 1632 3516 Quod
1670 3451 1716 3506 si
1756 3451 1808 3504 id
1843 3451 2000 3508 nobis

421 3533 622 3599 saepius
645 3533 827 3590 facere
851 3537 1043 3592 liceret
1067 3577 1082 3603 ,
1119 3537 1381 3606 majorem
1407 3555 1542 3595 sane
1563 3541 1855 3596 utilitatem
1882 3556 2001 3612 per-

419 3623 754 3690 ciperemus,
793 3628 921 3681 dum
953 3628 1102 3697 ipsas
1128 3629 1445 3699 Scripturas
1471 3633 1856 3702 expendimus.
1883 3631 1993 3687 Sed

419 3714 573 3780 quia,
605 3724 664 3769 ut
693 3717 903 3784 dixisti,
941 3719 996 3774 in
1025 3723 1314 3790 procinctu
1337 3737 1420 3790 es,
1455 3734 1512 3782 et
1555 3725 1799 3790 quotidie
1839 3725 1997 3779 navi-

2104 3262 2541 3336 προσῶκηθῆναί
2577 3278 2708 3315 ποτε
2755 3260 2978 3313 δυνατὸν
3001 3256 3087 3331 ἦν.
3129 3261 3193 3313 Εἰ
3227 3260 3283 3312 δὲ
3306 3258 3658 3327 συνεχέστερον

2100 3350 2169 3425 ἦν
2200 3354 2359 3407 τοῦτο
2387 3356 2560 3407 ποιεῖν
2593 3355 2761 3425 ἡμᾶς,
2802 3351 3000 3422 μᾶλλον
3039 3351 3106 3404 ἂν
3143 3350 3522 3421 ὠφεληθεῖμεν,
3556 3345 3657 3409 ἐξε-

2101 3445 2358 3510 τάζοντες
2391 3447 2588 3508 αὐτοὺς
2621 3446 2750 3508 τοὺς
2779 3444 2988 3511 λόγους.
3021 3443 3166 3495 Ἀλλ’
3198 3440 3401 3513 ἐπειδὴ,
3429 3437 3656 3510 impia),

2103 3539 2240 3609 πρὸς
2275 3540 2340 3608 τῇ
2382 3538 2638 3606 ἀναγωγῇ
2672 3530 2741 3598 εἷ,
2776 3535 2870 3588 καὶ
2898 3533 3020 3587 καθ’
3058 3535 3278 3605 ἡμέραν
3308 3533 3361 3585 τί
3389 3529 3658 3600 λογιεῖσθαι

2107 3625 2180 3700 (8)
2213 3627 2536 3700 προσδοκᾷς,
2576 3625 2650 3697 μὴ
2669 3626 2816 3679 δκνει
2849 3625 2924 3688 ὼς
2981 3625 3156 3695 φίλων
3185 3629 3218 3696 η
3230 3625 3344 3697 μῶν
3374 3620 3658 3695 μεμνῆσθαι

2104 3723 2198 3775 ἐὰν
2229 3720 2566 3790 ἀπαλλαγῇς.

419 3806 693 3874 gationem
734 3809 970 3866 futuram
992 3817 1296 3884 'exspectas
1319 3856 1334 3879 ,
1370 3831 1438 3870 ne
1490 3817 1726 3887 pigreris
1777 3817 1971 3880 nostri,
2000 3825 2059 3870 ut
2082 3814 2410 3876 amicorum,
2445 3813 2488 3865 si
2527 3809 2848 3864 discesseris
2875 3851 2887 3875 ,
2923 3809 3264 3864 meminisse.

491 3899 644 3967 Quod
667 3903 734 3957 ad
760 3918 844 3957 me
865 3915 1097 3975 spectat,
1123 3911 1364 3979 inquam,
1393 3910 1438 3964 si
1469 3923 1835 3975 remanerem,
1864 3924 1999 3979 quo-

423 3989 559 4044 tidie
596 3992 739 4046 idem
779 3993 898 4048 ﬁeri
941 3996 1157 4054 vellem.
1210 3996 1317 4052 Sed
1364 4013 1490 4052 cum
1544 4011 1632 4052 me
1685 3998 1993 4052 soluturum

421 4092 734 4152 exspectem
779 4087 1112 4143 concedente
1145 4097 1200 4145 et
1238 4090 1531 4160 adjuvaute
1559 4090 1695 4157 Deo,
1729 4092 1994 4146 adhortor

418 4189 518 4230 vos
552 4185 612 4229 ιιι
638 4177 691 4230 in
725 4177 826 4232 hoc
853 4179 1152 4234 maximum
1174 4196 1273 4252 pro
1295 4182 1468 4237 salute
1497 4191 1682 4237 vestra
1707 4191 1991 4238 certamen

419 4268 830 4336 incumbentes,
879 4271 1161 4342 magistris
1192 4275 1390 4330 vestris
1427 4275 1705 4330 Christum
1735 4276 1990 4344 omnipo—

417 4361 583 4414 tentis
619 4361 712 4415 Dei
748 4372 1081 4432 anteponere
1128 4367 1416 4423 studeatis.
1451 4367 1583 4423 Post
1617 4369 1732 4424 hmc
1761 4369 1836 4422 ita
1876 4369 1990 4424 dis-

2190 3904 2356 3976 Ἐμοῦ
2388 3905 2444 3957 δὲ
2493 3905 2672 3974 χάριν,
2699 3901 2855 3973 ἔφην,
2890 3903 2938 3953 εί
2983 3901 3274 3972 ἐπέμενον,
3325 3900 3443 3954 καθ’
3473 3897 3661 3969 ἡμέραν

2103 3996 2404 4067 ἐϐουλόμην
2447 3995 2611 4047 ταύτὸ
2669 3992 2928 4062 γίνεσθαι.
3007 3992 3431 4064 Ἀναχθήσεσθαι
3485 3990 3536 4042 δὲ
3575 3987 3663 4058 ήδη

2103 4089 2435 4162 προσδοκῶν,
2468 4088 2853 4160 ἐπιτρέποντος
2897 4087 2992 4140 τοῦ
3053 4085 3193 4140 Θεοῦ
3243 4087 3337 4140 καὶ
3371 4082 3664 4155 συνεργοῦν-

2100 4201 2210 4247 τος,
2267 4185 2414 4254 ὐμᾶς
2466 4183 2846 4254 προτρέπομαι
2908 4179 3356 4250 ἐνστησαμένους
3417 4177 3550 4246 ὑπὲρ
3578 4173 3663 4242 τῆς

2099 4275 2306 4327 ἑαυτῶν
2342 4273 2614 4346 σωτηρίας
2646 4272 2899 4344 μέγιστον
2961 4269 3154 4323 τοῦτον
3206 4267 3414 4336 ἀγῶνα,
3466 4264 3567 4318 τῶν
3593 4262 3662 4314 διο·

2095 4365 2379 4420 δασκάλων
2413 4365 2566 4436 ὑμῶν
2624 4363 2921 4416 σπουδάσαι
2973 4361 3316 4432 προτιμῆσαι
3370 4357 3556 4430 μᾶλλον
3584 4350 3664 4405 τὸν

414 4465 656 4516 cessere,
693 4463 752 4507 ut
776 4455 908 4509 mihi
939 4464 992 4511 et
1024 4472 1054 4509 a
1084 4458 1434 4529 navigatione
1459 4468 1514 4515 et
1541 4458 1612 4514 ab
1653 4461 1803 4515 omni
1841 4460 1984 4515 malo

2106 4459 2184 4513 τοῦ
2217 4458 2656 4529 παντοκράτορος
2710 4455 2844 4509 Θεοῦ
2885 4455 3142 4525 Χριστόν.
3180 4454 3317 4507 Μεθ’
3357 4452 3392 4505 ἃ
3439 4450 3662 4519 ἀπῄεσαν

415 4545 649 4600 salutem
691 4557 1076 4616 precarentur.
1129 4549 1244 4620 Ego
1293 4559 1476 4606 autem
1525 4567 1624 4622 pro
1665 4552 1747 4606 eis
1790 4567 1980 4616 orans,

415 4636 560 4690 Nihil
585 4639 777 4707 majus,
804 4641 1044 4706 aiebam,
1084 4643 1239 4698 vobis
1279 4644 1491 4712 precari
1523 4659 1764 4714 possum,
1804 4659 1969 4714 quam

413 4739 474 4781 ut
505 4729 608 4783 bac
638 4731 727 4784 via
759 4741 997 4788 mentem
1031 4733 1180 4788 omni
1210 4733 1416 4788 homini
1447 4733 1566 4788 dari
1603 4744 1985 4804 agnoscentes,

414 4818 514 4887 ipsi
549 4836 768 4890 quoque
807 4823 947 4878 idem
981 4827 1208 4880 omnino
1239 4841 1304 4881 ac
1335 4841 1435 4882 nos
1463 4827 1740 4882 sentiatis-
1797 4825 1984 4881 Jesum

411 4925 533 4965 esse
561 4912 839 4968 Christum
877 4916 996 4970 Dei.

2095 4552 2299 4615 λοιπὸν,
2334 4551 2616 4620 εὐχόμενοί
2648 4550 2707 4602 τέ
2737 4567 2825 4619 μοι
2860 4549 3134 4620 σωτηρίαν
3162 4549 3257 4602 καὶ
3289 4545 3398 4600 ἀπὸ
3426 4542 3515 4596 τοῦ
3545 4538 3662 4602 πλοῦ

2095 4645 2190 4698 καὶ
2221 4643 2327 4696 ἀπὸ
2362 4643 2541 4711 πάσης
2573 4641 2792 4704 κακίας.
2830 4640 2970 4709 Ἐγώ
3001 4659 3082 4703 τε,
3141 4641 3286 4711 ὑπὲρ
3318 4637 3492 4693 αὐτῶν
3524 4631 3651 4701 εὐκά-

2098 4753 2276 4808 μενος,
2310 4735 2444 4804 ἔφην
2477 4733 2641 4786 υύδὲν
2673 4733 2799 4786 ἄλλο
2849 4733 3032 4802 μεῖζον
3066 4733 3198 4802 ὑμῖν
3240 4729 3490 4800 εὔχεσθαι
3519 4723 3663 4777 δύνα-

2097 4845 2217 4898 μαιν
2252 4822 2297 4879 ὦ
2329 4827 2539 4898 ἄνδρες,
2589 4826 2622 4896 ἢ
2657 4825 2777 4888 ἵνα,
2828 4826 3140 4892 ἐπιγνόντες
3201 4823 3290 4876 διὰ
3354 4820 3549 4888 ταύτης
3575 4815 3662 4882 τῆς

2093 4920 2214 4972 ὁδοῦ
2247 4919 2481 4974 δίδοσθαι
2535 4920 2697 4972 παντὶ
2759 4917 3099 4990 ἀνθρώπινον
3134 4917 3264 4971 νοῦν
3322 4916 3417 4986 (9),
3463 4910 3662 4968 πάντως

411 5006 505 5060 καὶ
538 5009 690 5062 αὐτοὶ
719 5011 852 5080 ἡμῖν
873 5010 1033 5081 ὅμοια
1066 5011 1358 5083 ποιήσητε,
1399 5012 1462 5065 τὸ
1491 5011 1648 5083 ἡμῶν
1701 5007 1840 5067 εἷυαι
1893 5010 1986 5063 τὸν
2003 5012 2237 5084 Χριστὸν
2261 5011 2353 5064 τοῦ
2388 5011 2548 5064 Θεοῦ.

487 5123 564 5188 (5)
603 5123 775 5177 Dubio
818 5127 1010 5193 procul
1043 5126 1320 5182 Gnosticze
1367 5126 1622 5182 factionis
1673 5136 1982 5181 sectatores

409 5194 757 5264 perstringit,
800 5211 938 5263 quos
991 5212 1238 5252 errorem
1274 5198 1438 5252 istum
1472 5199 1844 5265 turpissimum
1889 5212 1981 5248 er-

414 5278 566 5337 rasse
601 5267 760 5337 docet
783 5281 883 5318 nos
922 5265 1158 5337 lrenmus
1195 5271 1420 5337 passim.
1451 5267 1585 5321 Vide
1619 5269 1757 5320 Adv.
1794 5267 1981 5337 haeres.

411 5352 464 5397 ι,
510 5333 532 5386 l
575 5344 635 5406 et,
661 5333 735 5386 ‘20
759 5373 774 5396 .
811 5346 866 5389 et
883 5333 1250 5406 ilj‘euardentii
1289 5348 1446 5391 notas
1479 5339 1532 5391 in
1573 5350 1870 5406 utrumque
1907 5336 1988 5390 lo-

411 5421 561 5475 cum.
607 5403 836 5475 BnLLUs.
871 5405 1060 5460 Harm.
1098 5419 1294 5475 aposl.,
1320 5407 1523 5475 p.108.

483 5473 562 5546 (6)
606 5476 706 5528 Ἂν
738 5474 818 5539 τῷ
839 5477 1034 5529 Δαϐίδ.
1071 5473 1150 5530 Ita
1181 5473 1350 5532 codex
1375 5478 1854 5543 Claromoutanus,
1881 5492 1988 5532 me-

409 5543 712 5618 liu's_'_qu:nn
745 5546 874 5618 editi
899 5547 956 5600 ἐν
986 5545 1063 5618 τῷ
1095 5549 1277 5605 Δαϐίδ.

487 5615 566 5686 (7)
605 5617 778 5686 Φημί.
807 5615 964 5686 Legit
1002 5615 1278 5674 Thirlbius
1311 5618 1462 5692 φησί.

2160 5126 2234 5198 (8)
2282 5129 2343 5180 Τί
2385 5127 2734 5196 λογιεῖσθαι.
2778 5127 2929 5198 ,Ισι-θιιι
2972 5125 3231 5198 proponit
3290 5113 3656 5176 ναυτιλείσθαι.

2088 5195 2403 5265 Lugendum
2433 5195 2762 5252 crediderim
2798 5196 2964 5250 πλοῦν
2999 5195 3284 5265 γενέσθαι.

2163 5259 2462 5338 ((9)11artl
2489 5268 2865 5338 ἀνθρώπινον
2910 5259 3078 5338 ῖςῦν.
3111 5263 3436 5338 Legendum
3464 5259 3662 5312 videtur

2091 5333 2252 5391 παντὶ
2296 5337 2568 5411 ἀνθριέιπῳ
2597 5338 2685 5390 τὸν
2729 5336 2874 5411 νοῦν.
2925 5334 3045 5388 Mox
3103 5333 3195 5411 vel
3245 5334 3660 5411 legenthuunﬁt:

2092 5408 2376 5478 στεύσητε,
2402 5398 2488 5460 'vel
2529 5398 2716 5478 ὅμοιον
2737 5408 3002 5478 ποιήσητε
3034 5398 3342 5478 supplendo
3365 5401 3506 5478 νοῦνἒ
3535 5398 3662 5474 Dicit

2090 5469 2340 5544 Justinus
2365 5469 2370 5471 i
2395 5469 2575 5530 initio'
2597 5477 2804 5544 Dialogi
2849 5469 2906 5528 it.
2927 5469 2985 5527 ’8
3012 5491 3026 5527 :
3059 5469 3374 5544 Βουλοίμην
3405 5472 3448 5544 ὀί
3481 5469 3545 5523 ἂν
3575 5469 3659 5544 καὶ

2092 5548 2299 5618 πάντας
2318 5543 2436 5600 ἶσον
2458 5547 2580 5618 ἐμοὶ
2603 5534 2784 5618 θυμὸιῖ
2797 5543 3213 5618 ποιησαμένους-
3331 5534 3660 5618 ’ἀφίστασθαι

2089 5617 2197 5671 τῶν
2218 5617 2308 5670 τοῦ
2330 5611 2582 5689 Σωτῆρος
2607 5611 2799 5686 λόγων.
2818 5611 2924 5670 Pro
2939 5611 3180 5684 τὸήμῶν
3200 5611 3326 5680 [ego
3341 5612 3431 5664 τὸν
3447 5611 3654 5678 Ἰησοῦν.

489 5775 615 5846 (llic
635 5776 689 5832 iu
715 5776 955 5837 editione
981 5779 1045 5838 D.
1065 5779 1349 5838 Prudentii
1379 5779 1585 5836 Marani
1611 5781 1812 5850 legitur
1848 5776 2092 5850 Epistola
2121 5775 2191 5850 ad
2211 5776 2540 5850 Diognetum,
2571 5789 2734 5849 quam
2760 5772 2903 5831 inter
2928 5769 3138 5842 scripta
3162 5767 3391 5825 Patrum
3417 5762 3590 5824 saeculi

1521 5845 1692 5920 primi
1718 5852 1823 5917 iam
1855 5845 2126 5907 dedimus.
2151 5845 2321 5903 Enrr.’
2341 5845 2537 5920 Pun.)
