3954 6258
321 404 415 461 805

1453 404 1712 463 ORATIO
1750 402 2122 461 ADVERSUS
2164 403 2486 463 GRAECOS.

3436 398 3446 407 '
3486 416 3590 472 sos

319 526 564 598 σύριγγος
608 522 892 594 ἁρμονίαν
926 524 1175 595 ἄγροικοι
1219 525 1645 595 συνεστήσαντο·
1698 523 1890 596 Τυρῤης

2012 528 2128 575 tum
2160 521 2518 588 invenerunt;
2551 520 2739 576 tubam
2792 520 3087 594 Tyrrheni,
3140 524 3405 584 fabricam
3452 547 3591 587 aera-

317 619 387 671 νοὶ
424 616 730 683 σάλπιγγα·
766 616 1063 686 χαλκεύειν
1092 616 1413 680 Κύκλωπες,
1469 617 1565 670 καὶ
1612 616 1900 679 ἐπιστολὰς

316 710 624 763 συντάσσειν
659 710 695 778 ἡ
732 708 974 779 Περσῶν
1008 726 1137 763 ποτε
1166 708 1509 780 ,ἡγησαμένη
1541 709 1676 779 γυνὴ
1712 708 1899 779 (καθά-

314 818 412 871 περ
445 799 615 869 φησιν
648 798 1004 871 Ἑλλάνικος)
1025 817 1039 830 ’
1084 801 1319 853 Ἄτοσσα
1350 799 1408 853 δὲ
1443 799 1614 869 ὄνομα
1641 800 1776 871 αὐτῇ
1808 797 1895 871 ἦν.

314 891 688 945 Καταὸἀλλετε
710 892 1009 964 τοιγαροῦν
1045 891 1231 944 τοῦτον
1250 890 1341 943 τὸν
1371 890 1558 960 τῦφον,
1604 892 1738 962 μηδὲ
1763 909 1895 964 προσ

311 983 562 1038 ϐάλλεσθε
600 984 871 1054 ῥημάτων
902 984 1256 1056 εὐπρέπειαν,
1298 984 1491 1048 οἵτινες
1532 984 1621 1052 ὑφ’
1654 983 1806 1054 ὑμῶν
1825 983 1897 1054 (6)

309 1077 482 1129 αὐτῶν
522 1075 936 1145 ἐπαινούμενοι,
999 1075 1327 1146 συνηγόρους
1363 1076 1488 1138 τοὺς
1532 1075 1669 1128 οἴκοι
1704 1074 1901 1145 κέκτη-

310 1168 418 1221 σθε.
453 1167 579 1239 Χρὴ
615 1168 673 1220 δὲ
704 1167 798 1219 τὸν
838 1166 965 1219 νοῦν
1002 1166 1194 1235 ἔχοντα
1234 1166 1333 1235 τὴν
1363 1166 1455 1234 ἀφ’
1493 1165 1696 1235 ἑτέρων
1739 1181 1897 1235 περι-

314 1257 491 1327 μένειν
532 1257 866 1328 μαρτυρίαν,
908 1255 1152 1326 συνᾴδειν
1183 1271 1241 1306 τε
1276 1254 1351 1324 (7)
1392 1255 1486 1306 καὶ
1513 1255 1572 1306 ὲν
1602 1256 1668 1323 τῇ
1694 1252 1788 1305 τοῦ
1814 1253 1899 1305 λό-

308 1366 401 1416 γου
433 1350 715 1419 προφορᾷ.
746 1348 861 1401 Νῦν
893 1347 950 1399 δὲ
983 1347 1164 1416 μόνοις
1192 1347 1320 1416 ὑμῖν
1371 1345 1702 1415 ἀποϐέϐηκε,
1766 1344 1899 1414 μηδὲ

305 1441 361 1492 ἐν
385 1443 509 1503 ταῖς
545 1439 789 1510 ὁμιλίαις
817 1441 1136 1509 ὁμοφωνεῖν.
1172 1437 1422 1509 Δωριέων
1458 1436 1557 1506 μὲν
1593 1435 1703 1507 γὰρ
1741 1437 1838 1506 οὐχ
1861 1439 1894 1506 ἡ

307 1531 444 1602 αὑτὴ
483 1530 636 1595 λέξις
690 1532 803 1592 τοῖς
860 1528 969 1581 ἀπὸ
1005 1529 1105 1598 τῆς
1149 1528 1429 1597 Ἀττικῆς·
1466 1525 1672 1588 Αἰολεῖς
1702 1542 1763 1577 τε
1799 1526 1897 1595 οὐχ

302 1624 507 1694 ὁμοίως
536 1625 652 1684 τοῖς
672 1622 823 1674 Ἴωσι
847 1619 1189 1688 φθέγγονται.
1219 1620 1466 1680 Στάσεως
1496 1618 1552 1669 δὲ
1579 1616 1744 1688 οὔσης
1777 1633 1899 1670 τοσ-

301 1714 473 1783 αύτης
530 1714 665 1782 παρ’
699 1707 782 1775 οἷς
820 1712 921 1763 οὐκ
952 1710 1153 1781 ὲχρῆν,
1193 1709 1383 1781 ἀπορῶ
1416 1709 1536 1762 τίνα
1582 1726 1648 1779 με
1686 1708 1767 1761 δεῖ
1798 1725 1898 1761 κα-

302 1806 410 1859 λεῖν
462 1806 727 1875 Ἕλληνα.
780 1804 892 1858 Καὶ
931 1803 1039 1874 γὰρ
1070 1802 1130 1856 τὸ
1163 1803 1377 1856 πάντων
1416 1801 1492 1874 (8)
1526 1802 1892 1865 ἀτοπώτατον,

302 1898 398 1961 τὰς
440 1897 518 1968 μὴ
550 1899 839 1965 συγγενεῖς
865 1896 1019 1966 ὑμῶν
1050 1895 1341 1966 ἑρμηνείας
1373 1895 1720 1965 τετιμήκατε,
1763 1894 1894 1965 βαρ-

304 1991 561 2059 ϐαρικαῖς
582 2006 645 2041 τε
679 1990 887 2056 φωναῖς
915 1987 1025 2039 ἔσθ’
1056 1988 1144 2040 ὅτε
1172 1984 1607 2057 καταχρώμενοι,
1645 1985 1892 2057 συμφύρ-

300 2081 395 2151 δην
427 2082 503 2151 (9)
540 2080 700 2151 ὑμῶν
749 2080 1085 2149 πεποιήκατε
1116 2080 1215 2150 τὴν
1241 2078 1536 2132 διάλεκτον.
1574 2078 1775 2132 Τούτου
1797 2081 1893 2150 χά-

304 2186 385 2240 ριν
430 2168 835 2239 ἀπεταξάμεθα
862 2171 928 2238 τῇ
959 2168 1089 2238 παρ’
1134 2169 1261 2238 ὑμῖν
1311 2170 1492 2241 σοφίᾳ,
1537 2168 1639 2223 κᾶν
1668 2172 1716 2222 εί
1751 2169 1890 2225 πάνυ

303 2262 496 2333 σεμνός
528 2279 618 2325 τις
637 2258 708 2316 ἦν
736 2264 796 2315 ὲν
826 2262 985 2332 αὐτῇ.
1024 2261 1180 2315 Κατὰ
1207 2260 1317 2333 γὰρ
1334 2262 1440 2331 ίτὸν
1466 2262 1746 2333 Κωμικόψ

379 2550 815 2626 paenulam
836 2552 1000 2626 ταῦτ’
1024 2553 1157 2608 ἐστὶ
1192 2554 1302 2626 (10)
1336 2556 1433 2626 καὶ
1467 2557 1886 2626 στωμύλματα,

367 2623 712 2695 Χελιδόνιον
738 2622 1018 2695 μουσεῖα,
1048 2622 1326 2693 λωϐήταὶ,
1362 2624 1579 2695 τέχνης

367 2690 757 2764 Λαρυγγιῷσί
788 2708 854 2744 τε
886 2697 939 2745 ol
974 2690 1536 2764 ταύτηςέςριέμεᾶίοι,

365 2764 473 2816 Καὶ
501 2761 784 2829 κοράκων
821 2764 1093 2831 ἀφίενται
1127 2761 1495 2836 (11)’φώνήν.

309 2890 637 2965 Ῥητορικὴν
666 2893 770 2965 μὲν
800 2893 911 2966 γὰρ
938 2895 1025 2948 ἐπ’
1064 2895 1247 2968 ἀδικίᾳ
1277 2897 1373 2951 καὶ
1405 2899 1735 2971 συκοφαντίᾳ
1768 2916 1890 2953 συν-

300 2985 626 3056 ιστήσασθε,
666 2986 863 3056 μισθοῦ
904 2988 1307 3057 πιπράσκοντες
1353 2988 1461 3041 τῶν
1504 2989 1675 3058 λόγων
1735 2991 1889 3062 ὑμῶν

299 3077 357 3130 τὺ
375 3077 768 3142 αὐτεξούσιον·
808 3080 905 3131 καὶ
933 3078 1189 3145 πολλάκις
1227 3081 1289 3134 τὸ
1319 3080 1415 3134 νῦν
1466 3081 1692 3148 δίκαιον,
1733 3079 1889 3147 αὖθις

299 3169 395 3221 οὐκ
462 3168 679 3238 ἀγαθὸν
720 3171 1097 3242 παριστῶντες
1132 3189 1144 3201 ·
1199 3174 1487 3245 ποιητικὴν
1550 3174 1639 3238 δὲ,
1708 3174 1957 3270 μάχαςϐ

303 3260 385 3313 ἶνα
422 3261 793 3333 συντάσσητε,
829 3263 921 3316 καὶ⁴
959 3261 1095 3320 θεῶν
1148 3263 1356 3334 ἔρωτας
1411 3265 1506 3317 καὶ
1562 3264 1741 3337 ψυχῆς
1771 3267 1887 3321 δια-

342 3352 525 3407 ϐοράν.

342 3354 399 3404 θο
472 3370 525 3407 ν.

303 3368 339 3419 ς
368 3354 524 3498 ἰράτί
560 3444 674 3515 γὰρ
705 3444 903 3514 σεμνὸν
940 3444 1049 3516 (12)
1078 3445 1492 3516 φιλοσοφοῦντες
1520 3447 1846 3520 ἐξηνέγκατε
1872 3467 1885 3516 ;

303 3534 381 3597 τίς
407 3536 464 3588 δὲ
488 3536 605 3588 τῶν
644 3536 790 3589 πάνυ
850 3536 1151 3590 σπουδαίων
1206 3537 1522 3602 ἀλαζονείας
1572 3539 1678 3605 ἔξω
1727 3541 1890 3595 καθέ-

305 3644 534 3699 στηκεν;
568 3629 851 3699 Διογένης,
889 3628 1155 3701 πιθάκνης
1187 3633 1500 3703 καυχήματι
1545 3633 1644 3705 τὴν
1689 3636 1890 3708 αὐτάρ-

376 3855 451 3925 (6)
501 3855 639 3922 'Tg’
660 3855 858 3926 ῥυμῶν.
900 3853 990 3909 Sic
1020 3856 1189 3926 codex
1224 3854 1561 3926 Anglicanus
1600 3863 1654 3912 et
1684 3856 1888 3913 Fronto

311 3922 541 3981 Ducieus
570 3926 629 3978 in
659 3922 1000 3997 Bibliotheca
1058 3922 1565 3997 Patrum,:_melius
1594 3943 1756 3997 quam
1795 3930 1887 3983 alii

308 3996 526 4068 godices
557 4002 785 4068 mss._et
814 3996 946 4068 edi_ti
976 3996 1065 4068 Qcp’
1096 3997 1272 4068 ἡμῶν.
1309 3995 1431 4051 Mox
1464 3995 1633 4068 eodeii
1659 3996 1887 4054 Joannis

309 4063 489 4129 Frisii,
513 4066 613 4134 qui
639 4065 853 4135 primus
884 4063 1171 4119 Tatianqu
1212 4066 1399 4120 Graece
1424 4066 1613 4133 edidit,
1641 4068 1709 4122 ad
1738 4085 1886 4122 mar-

309 4138 483 4207 ginem
519 4136 761 4207 habebat
782 4135 1053 4207 κέχρησθε
1080 4151 1179 4206 pro
1190 4136 1498 4207 ὶιέκτησθε.

377 4207 454 4277 (7)
492 4203 796 4270 Συγᾲδειν
822 4203 905 4258 τεᾷ
928 4203 1159 4277 Frustra
1187 4203 1404 4260 Tatiani
1434 4207 1760 4277 interpretes
1790 4208 1888 4264 ad-

309 4275 550 4331 dendum
589 4283 804 4345 putant,
839 4277 963 4347 τοὺς
998 4276 1315 4347 μάρτυρας;
1344 4276 1486 4331 unde
1510 4275 1785 4347 Gesnerus
1807 4280 1889 4333 sic

308 4350 504 4401 vertit;
542 4354 595 4398 et
648 4355 805 4398 testes
847 4346 989 4414 ipsos
1036 4346 1189 4400 inter
1217 4363 1272 4401 se
1306 4346 1618 4402 consentire.
1659 4346 1776 4402 Non
1808 4360 1889 4403 te-

310 4422 472 4471 stium
532 4416 592 4470 in
647 4414 881 4469 dicendo
935 4416 1270 4481 testimonio,
1322 4417 1419 4471 sed
1465 4418 1799 4485 loquentium
1834 4420 1888 4473 in

309 4487 587 4542 sermonis
616 4486 1059 4554 pronuntiatione
1098 4501 1429 4541 consensum
1453 4486 1888 4556 requiritTatia-

310 4574 431 4612 nus.
466 4557 630 4610 Hunc
660 4556 808 4609 enim
838 4571 1168 4626 consensum
1202 4556 1429 4626 opponit
1456 4557 1625 4611 variis
1655 4573 1895 4626 pronun-

307 4611 479 4681 tiandi
525 4626 709 4697 modis
738 4627 882 4680 inter
914 4624 1133 4681 Grzecos
1161 4611 1497 4697 vigentibus.
1519 4611 1887 4692 Quamobrem
1920 4611 1969 4669 υ

308 4707 466 4767 negat
488 4712 590 4751 eos
614 4696 741 4767 jure
769 4697 1042 4767 sermonis
1072 4696 1400 4766 elegantiam
1436 4696 1540 4751 sibi
1574 4697 1886 4767 vindicare;

307 4765 484 4835 primo
517 4766 745 4835 quidem
797 4765 927 4835 quia
976 4765 1207 4821 aliorum
1264 4766 1695 4835 exspectandum
1745 4779 1891 4823 esset

308 4836 717 4907 testimonium,
751 4835 950 4907 deinde
981 4852 1130 4898 vero.
1156 4836 1285 4905 quia
1307 4838 1494 4891 eadem
1528 4839 1891 4907 pronuntian-

308 4906 361 4961 di
393 4909 540 4961 ratio
592 4907 736 4960 inter
781 4904 1002 4960 Graecos
1034 4904 1343 4960 adhibenda
1382 4904 1566 4973 esset;
1598 4907 1720 4960 aliis
1743 4909 1887 4962 enim

306 4978 985 5102 alitethpronuntiantibus
1008 4976 1122 5046 jam
1150 4978 1318 5032 statui
1338 4993 1448 5031 non
1477 4993 1639 5047 posse
1667 4980 1888 5048 quinam

306 5055 414 5102 unt
500 5063 652 5101 raecr.

305 5050 414 5105 sint
447 5048 652 5102 Graeci.

374 5118 455 5188 (8)
502 5117 577 5171 Τὸ
610 5116 871 5188 πάντων.
910 5118 989 5188 lta
1018 5116 1287 5188 editiones
1312 5117 1490 5172 Paris.
1522 5132 1587 5172 ex
1615 5116 1891 5188 conjectu-

307 5204 365 5242 ra
388 5187 652 5244 Gesneri.
686 5187 909 5257 Legitur
929 5187 990 5241 τὸ
1019 5190 1126 5240 πᾶν
1154 5190 1208 5242 in
1234 5187 1423 5258 Tigur.
1456 5198 1510 5241 et
1537 5187 1886 5258 tribus_mss.

307 5258 402 5313 llis
436 5266 630 5313 autem
672 5256 860 5314 verbis
905 5257 1140 5328 insignis
1169 5256 1417 5328 quaedam
1456 5265 1509 5312 et
1535 5256 1772 5311 absurda
1804 5259 1891 5310 in-

306 5330 626 5383 constantia
651 5336 895 5382 notatur.
921 5327 1101 5395 Quare
1122 5327 1333 5382 monuit
1364 5343 1453 5383 me
1478 5328 1564 5380 vir
1594 5335 1888 5396 peracutus

305 5410 358 5454 et
391 5400 653 5455 eruditus
684 5396 749 5453 Ι).
784 5398 847 5451 D.
880 5398 948 5453 de
988 5397 1307 5468 Monsoury,
1342 5398 1511 5452 abbas
1536 5395 1886 5461 Orbacensis,

307 5470 599 5539 legendum
635 5483 760 5524 esse
786 5470 1114 5539 ὴτιμήκατε.
1166 5468 1434 5523 Dicliones
1473 5468 1615 5521 vobis
1645 5484 1747 5521 non
1778 5468 1889 5536 afﬁ-

308 5558 395 5594 nes
424 5540 682 5606 spernitis
712 5550 768 5594 et
809 5539 1055 5593 barbaris
1100 5540 1365 5593 interdum
1404 5539 1614 5591 vocibus
1665 5548 1885 5602 utentes,

306 5619 410 5665 etc.
447 5609 585 5676 Quae
609 5611 830 5680 quidem
863 5610 1074 5678 legendi
1106 5611 1246 5663 ratio
1273 5625 1382 5663 non
1413 5609 1631 5663 videtur
1672 5609 1889 5678 vitupe-

309 5683 416 5733 rari
451 5679 640 5750 posse.
678 5679 785 5737 Sed
826 5688 1014 5750 tamen,
1038 5681 1401 5736 necessariam
1445 5680 1598 5750 illam
1627 5693 1751 5750 esse
1779 5694 1889 5750 non

309 5746 468 5817 puto,
493 5752 627 5821 quia
660 5751 772 5821 jam
798 5751 948 5817 satis
979 5749 1246 5805 Tatianus
1275 5747 1629 5821 exprobravit
1684 5746 1888 5821 (ἐι-ιεὼς)

310 5819 701 5891 contemptum
714 5823 1098 5881 barbarorum,
1130 5830 1189 5873 ut
1206 5837 1269 5873 ea
1294 5837 1382 5891 res
1405 5820 1708 5891 legentium
1721 5819 1889 5891 menti

316 5888 550 5958 haereat,
572 5908 640 5947 ac
668 5889 890 5948 Graecos
920 5891 1314 5948 absurdissima
1338 5888 1518 5947 facere
1562 5888 1884 5961 intelligant,

2003 613 2144 664 riam
2177 610 2462 681 Cyclopes,
2520 611 2782 681 epistolas
2839 614 3084 670 scribere
3134 617 3355 684 mulier,
3390 618 3591 677 Persa-

2003 716 2149 768 rum,
2181 703 2333 755 utait
2358 701 2694 767 Hellanicus,
2727 703 2854 757 olim
2882 707 3089 775 regina,
3116 708 3202 762 cui
3228 725 3430 766 nomen
3458 722 3581 769 erat

2001 792 2232 849 Atossae.
2288 793 2553 863 Deponite
2588 794 2756 864 igitur
2786 796 2932 850 hunc
2981 797 3205 863 fastum,
3261 815 3364 856 nec
3393 804 3590 858 verbo-

2002 902 2123 939 rum
2177 886 2500 955 elegantiam
2553 893 2860 954 ostentate;
2892 890 2985 957 qui
3040 890 3171 943 dum
3215 895 3589 965 vosmetipsos

2002 976 2260 1044 laudatis,
2301 976 2633 1031 domesticos
2684 975 2958 1033 adhibetis
3012 994 3291 1049 patronos.
3354 983 3589 1055 Oportet

2003 1075 2184 1121 autem
2210 1076 2269 1120 ut
2292 1068 2383 1136 qui
2408 1069 2551 1121 hanc
2598 1069 2814 1124 laudem
2860 1071 2965 1126 sibi
3008 1084 3285 1143 arrogant,
3319 1077 3382 1141 ii,
3417 1078 3465 1131 si
3498 1094 3590 1134 sa—

2003 1158 2175 1227 piant,
2207 1159 2439 1213 aliorum
2490 1160 2860 1215 testimonium
2905 1173 3245 1234 exspectent,
3279 1183 3343 1221 ac
3376 1169 3431 1222 in
3465 1172 3587 1239 ipsa

2001 1250 2271 1304 sermonis
2305 1252 2748 1320 pronuntiatione
2779 1253 2922 1308 inter
2946 1270 3005 1309 se
3035 1259 3404 1314 consentiant.
3428 1259 3586 1316 Nune

2002 1349 2185 1395 autem
2238 1342 2395 1397 vobis
2429 1344 2562 1398 solis
2607 1346 2834 1414 contigit
2867 1346 3031 1418 244.
3079 1364 3148 1403 ne
3183 1349 3237 1402 in
3286 1352 3583 1423 colloquiis

2000 1433 2218 1503 quidem
2249 1435 2455 1489 similes
2482 1450 2649 1491 sonos
2672 1436 2850 1491 edere.
2885 1436 3069 1509 Neque
3090 1440 3235 1493 enim
3258 1440 3585 1499 Doricorum

1999 1524 2187 1580 eadem
2220 1526 2387 1580 dictio
2417 1533 2501 1581 est
2533 1541 2597 1580 ac
2625 1527 2968 1595 Atticorum;
3014 1545 3116 1584 nec
3167 1530 3355 1588 [Eoles
3389 1535 3586 1589 simili-

2000 1627 2080 1673 ter
2108 1626 2169 1672 ut
2196 1616 2355 1673 Iones
2389 1619 2711 1689 loquuntur.
2745 1620 2881 1675 Cum
2923 1638 3052 1692 ergo
3088 1630 3299 1678 tantum
3337 1626 3409 1680 sit
3442 1628 3586 1683 inter

1999 1725 2093 1767 eos
2122 1710 2434 1775 dissidium,
2484 1711 2629 1766 inter
2690 1727 2833 1781 quos
2873 1715 3101 1768 minime
3133 1718 3439 1784 oportebat,
3471 1727 3585 1773 sta-

2001 1810 2155 1858 tuere
2196 1818 2307 1856 non
2357 1818 2603 1871 pOSSUHI,
2660 1819 2818 1873 qttcm
2853 1819 2882 1857 a
2909 1820 2994 1859 me
3026 1806 3279 1860 Graecum
3332 1816 3583 1878 oporteat

1994 1891 2277 1961 appellari.
2300 1891 2435 1946 Nam
2457 1893 2603 1963 quod
2637 1896 2880 1950 omnium
2909 1897 3360 1953 absurdissimum
3385 1910 3488 1966 est,
3506 1901 3584 1956 di-

1994 1981 2225 2047 ctiones,
2247 1998 2366 2053 quae
2384 1984 2539 2038 vobis
2563 1985 2748 2040 amnes
2769 2002 2879 2040 non
2899 1997 3047 2052 sunt,
3068 1988 3119 2041 in
3138 1991 3313 2059 pretio
3345 1991 3582 2058 habetis,

1994 2078 2048 2125 et
2096 2071 2350 2127 barbaris
2382 2071 2658 2127 interdum
2716 2076 2944 2131 vocibus
2977 2076 3285 2143 abutentes,
3338 2082 3579 2150 sartagi-

1994 2176 2119 2216 nem
2157 2162 2414 2232 loquendi
2448 2164 2690 2233 linguam
2717 2174 2955 2220 vestram
2980 2166 3264 2223 effecistis.
3298 2167 3579 2235 Quamob-

1993 2267 2108 2307 rem
2134 2254 2418 2322 sapientiae
2448 2262 2646 2309 vestra:
2678 2255 3061 2321 valediximus,
3086 2261 3353 2327 quamvis
3378 2261 3434 2314 in
3467 2261 3577 2317 hoc

1994 2356 2192 2410 genere
2244 2344 2541 2412 praeclarus
2576 2344 2801 2399 omnino
2847 2352 2903 2400 et
2935 2354 3214 2416 spectatus
3260 2349 3462 2421 aliquis
3489 2366 3580 2409 es-

1992 2445 2130 2486 sem.
2157 2430 2316 2497 Nam,
2344 2439 2405 2487 ut
2435 2434 2512 2487 ait
2542 2433 2801 2491 Comicus
2825 2454 2840 2491 :

2094 2565 2427 2643 infructuosi
2450 2568 2560 2643 hafc
2588 2579 2712 2623 sunt
2746 2571 2979 2643 pampini
3007 2579 3055 2624 et
3092 2572 3408 2643 loquacitas,

2098 2635 2308 2709 diusaea
2337 2638 2712 2709 hirundinum:
2744 2635 2982 2709 inferunt
3007 2635 3263 2695 damnum
3295 2635 3441 2698 haud
3469 2644 3579 2701 leve

2097 2706 2167 2787 ξι
2194 2715 2344 2787 turpe
2372 2708 2605 2761 clamant
2644 2706 2812 2780 hujus
2832 2712 2964 2765 artis
2995 2729 3220 2787 aucupes

2098 2774 2353 2847 Corviq'ue
2376 2788 2658 2832 ructantur
2690 2774 2869 2840 sonos.

1990 2909 2345 2967 Rhetoricam
2369 2914 2513 2968 enim
2536 2913 2604 2967 ad
2628 2914 2953 2984 injustitiam
2980 2923 3034 2971 et
3062 2918 3392 2973 calumniam
3424 2918 3579 2975 insti-

1991 3004 2205 3069 tuistis,
2251 3005 2429 3075 pretio
2471 3005 2788 3061 addicentes
2816 3022 3133 3061 sermonum
3166 3020 3476 3065 vestrorum
3506 3011 3579 3065 li-

1990 3093 2280 3157 bertatem,
2305 3102 2361 3149 et
2391 3110 2535 3165 saepe
2572 3096 2625 3150 id
2656 3096 2801 3165 quod
2826 3113 2974 3153 nunc
3000 3098 3232 3166 justum,
3266 3100 3401 3156 alias
3429 3100 3576 3156 haud

1991 3186 2195 3241 bonum
2229 3197 2558 3242 asserentes.
2608 3186 2881 3243 Poeticam
2936 3205 3088 3254 vero,
3120 3198 3181 3244 ut
3212 3206 3425 3262 pugnas
3475 3192 3574 3246 de-

1992 3277 2329 3344 scriberetis,
2357 3285 2411 3332 et
2436 3278 2660 3332 deorum
2693 3294 2909 3335 amores
2947 3287 3002 3334 et
3046 3281 3243 3335 anima:
3281 3290 3574 3352 corrupte—

1990 3369 2118 3424 lam.

2061 3460 2117 3514 2.
2161 3460 2605 3529 Philosophorum
2635 3463 2764 3516 vitia
2805 3471 2856 3516 et
2896 3479 3208 3517 errores.——
3238 3464 3379 3530 Quid
3423 3468 3572 3521 enim

1989 3553 2189 3623 egregii
2223 3553 2666 3625 philosophando
2712 3556 3045 3625 protulistis,
3095 3564 3191 3611 aut
3219 3559 3346 3628 quis
3376 3574 3444 3614 ex
3478 3561 3571 3626 iis,

1951 3710 1961 3721 ο
1990 3645 2085 3715 qui
2115 3647 2557 3715 praestantissimi
2588 3647 2830 3713 fuerunt,
2858 3656 3016 3703 extra
3045 3651 3419 3721 arrogantiam
3437 3668 3572 3708 eon-

1988 3871 2081 3946 qui
2110 3886 2222 3946 non
2256 3872 2433 3946 solum
2462 3874 2605 3946 inter
2634 3888 2691 3929 se
2720 3874 2889 3928 variis
2934 3873 3186 3928 dialectis
3229 3874 3564 3946 discrepant,

1990 3942 2085 3997 sed
2111 3943 2289 4014 etiam_
2307 3958 2336 4014 a
2367 3943 2640 4006 barbaris,
2676 3960 2815 4012 quos
2840 3954 3126 4014 spernunt,
3160 3942 3432 3999 vocabula
3450 3962 3573 4000 mu-

1988 4018 2236 4067 tuantur.
2270 4011 2404 4067 lllud
2430 4029 2562 4082 ergo
2580 4011 3038 4069 absurdissimum
3070 4015 3288 4068 videtur
3311 4014 3567 4080 Tatiano,

1989 4084 2134 4151 quod
2170 4098 2278 4137 non
2309 4084 2484 4137 solum
2508 4100 2567 4138 se
2589 4098 2621 4136 a
2648 4085 2764 4139 suis
2790 4085 3049 4138 dirimant
3070 4082 3265 4148 Graeci,
3293 4084 3388 4141 sed
3405 4088 3571 4141 etiam

1988 4168 2112 4223 cum
2150 4153 2399 4206 barbaris
2435 4153 2792 4223 coniungant.

2058 4221 2136 4293 (97)
2177 4221 2561 4291 Συμφύρδηνζ
2613 4221 2704 4279 Sic
2754 4232 2985 4293 uterque
3033 4222 3203 4293 codex
3246 4222 3380 4293 Reg.
3434 4239 3568 4293 cum

1988 4289 2393 4360 Anglicano'et
2439 4289 2773 4348 editionibus
2830 4289 3021 4360 Tigur.
3071 4303 3125 4349 et
3180 4289 3371 4348 Front.
3430 4292 3568 4348 Duc.

1989 4358 2121 4435 Aliae
2177 4361 2446 4417 editiones
2506 4364 2841 4435 συμφέρδην.
2901 4358 3075 4435 Ηιιιιο
3127 4371 3327 4435 autem,
3376 4378 3568 4435 vocem

1990 4431 2172 4504 aptius
2200 4440 2413 4487 vertere
2440 4448 2547 4486 non
2572 4431 2747 4503 potui,
2777 4431 2942 4504 quam
2986 4434 3251 4487 imitando
3274 4432 3407 4487 illud
3436 4433 3570 4488 Per-

1991 4500 2080 4564 sii,
2117 4509 2219 4555 sat.
2250 4504 2271 4555 1
2301 4520 2315 4555 :
2572 4500 2590 4503 ⁷
2792 4500 2811 4504 ”
2906 4522 2917 4537 ι

2284 4653 2347 4686 .__.
2383 4654 2396 4667 .
2433 4614 2579 4669 Unde
2602 4614 2723 4686 lth
2740 4624 2955 4686 sartago
2984 4614 3229 4686 loquendi

2286 4684 2488 4739 Venerit
2512 4686 2565 4739 in
2590 4685 2821 4754 linguas.

1992 4774 2185 4851 Melius
2227 4773 2569 4851 συμφυρτήν.
2620 4776 2747 4851 Mox
2793 4776 3110 4851 editi__r_u_zp’
3138 4780 3290 4849 ἡμῖν.
3341 4777 3474 4851 Reg.
3505 4780 3562 4847 2,

1991 4846 2151 4915 Angli.
2184 4854 2237 4900 et
2281 4846 2508 4901 Ducaeus
2540 4856 2602 4901 ut
2636 4848 2692 4900 in
2723 4854 2894 4901 textu.
2932 4846 3137 4901 Ibidem
3160 4846 3567 4905 recentiorem

1991 4914 2101 4992 dex’
2123 4914 2343 4992 Reg._et
2370 4917 2595 4992 Anglic.
2626 4932 2759 4992 curn
2782 4916 2916 4972 edit.
2957 4915 3145 4987 Tigur.
3183 4926 3237 4973 et
3273 4918 3466 4974 Front.
3493 4917 3565 4992 ἦν

1992 4987 2051 5040 ὲν
2075 4982 2232 5056 αὐτῇῖ
2267 4982 2562 5056 ῡθεηίῆν
2583 4986 2637 5039 in
2672 4986 2814 5056 aliis.

2062 5054 2670 5128 (10)"‘Igmgpvuildec.
2699 5054 2815 5128 Duo
2844 5054 3007 5124 primi
3053 5070 3247 5111 versus
3287 5057 3563 5128 desumpti

1993 5137 2206 5179 suntex
2238 5125 2401 5180 Ranis
2434 5125 2839 5194 Aristophanis,
2887 5132 2994 5179 act.
3028 5141 3067 5187 ι.
3104 5141 3254 5181 scen.
3282 5127 3337 5192 2,
3368 5145 3419 5182 ν.
3452 5125 3561 5192 55;

1993 5197 2274 5264 sequentia
2310 5196 2452 5249 unde
2480 5195 2673 5248 hausta
2711 5196 2823 5249 sint
2867 5196 3072 5250 nescio.
3109 5194 3325 5249 Tatiani
3360 5199 3567 5252 oratio-

1991 5280 2116 5318 nem
2153 5280 2296 5324 esse,
2349 5280 2459 5319 non
2518 5279 2734 5328 versus,
2764 5265 3040 5319 existimat
3090 5266 3340 5320 eruditus
3383 5267 3564 5321 editor

1991 5333 2341 5405 Oxoniensis.
2388 5334 2542 5400 Quod
2594 5346 2775 5405 autem
2804 5334 2870 5389 de
2897 5335 3151 5389 absurdis
3200 5337 3376 5405 poetis
3428 5337 3566 5391 dicit

1991 5402 2409 5474 Aristophanes,
2435 5421 2529 5459 eos
2548 5404 3067 5474 esseinfructuosos
3093 5402 3398 5474 panipinos,
3429 5415 3562 5471 etc.,

1992 5472 2046 5526 id
2080 5472 2346 5529 Tatianus
2378 5475 2445 5528 de
2494 5476 2612 5543 ipsa
2662 5473 2975 5529 Graecorum
3007 5472 3234 5529 dicendi
3253 5485 3370 5530 arte
3397 5491 3563 5530 usur-

1989 5552 2102 5611 pat,
2136 5545 2207 5596 ita
2239 5551 2299 5596 ut
2331 5545 2446 5597 haec
2493 5560 2619 5599 esse
2665 5544 2860 5598 debeat
2908 5545 3055 5598 illius
3102 5545 3394 5600 verborum
3427 5562 3563 5600 con-

1992 5614 2260 5689 structio“:
2296 5614 2550 5689 ᾼωὸηταί
2604 5616 2728 5689 εισι.
2782 5614 3117 5689 λαρυγγιῷσί
3163 5632 3241 5689 τεΔ
3280 5617 3327 5669 οί
3366 5616 3563 5689 τέχνης

1991 5683 2190 5753 ταύτης
2214 5680 2506 5753 ἐφιέμενοι.
2534 5712 2603 5753 -έ
2627 5680 2762 5737 Vere
2786 5680 3167 5743 editor-Oxon.
3201 5686 3296 5740 Et).
3312 5680 3513 5744 Pun.-

2064 5752 2176 5824 (ii)
2226 5752 2530 5822 Ἀφίενταί.
2570 5752 2812 5824 Uterque
2840 5753 2952 5823 Reg
3004 5761 3058 5807 et
3089 5757 3250 5824 Angl.
3298 5756 3558 5823 ἐφίενται.

2061 5823 2170 5944 (162)
2210 5826 2271 5877 Τί
2332 5823 2443 5893 γὰρ
2500 5822 2744 5894 cem-er
2796 5822 2941 5895 Reg.
2984 5822 3299 5890 secundus,
3342 5822 3411 5879 τί
3452 5825 3560 5899 γὰρ

2061 5909 2095 5944 (Ω
2128 5910 2174 5944 ν.

1994 5909 2174 5961 σοφον.
