3954 6258
444 396 551 453 807

1742 381 2021 439 TATIANI
2077 376 2356 436 ASSYRII
3548 385 3636 440 808

445 516 674 572 stitutus
725 506 861 562 fuit?
890 500 1179 576 Diogenes,
1227 502 1321 574 qui
1353 500 1501 557 °dolii
1543 502 1907 555 ostentatione
1950 498 2018 553 de

2129 512 2272 549 κειαν
2306 492 2720 565 σεμνυνόμενος,
2752 490 3048 554 πολύποδος
3067 490 3334 567 ὠμοϐορίᾳ
3359 495 3480 568 (l3),
3503 502 3638 555 πάθει

446 603 758 675 frugalitate
806 598 1167 668 gloriabatur,
1207 609 1332 648 cum
1373 593 1629 663 polypum
1661 591 1894 645 crudum
1916 606 2015 644 γοα

444 707 643 759 rasset,
676 694 868 749 morbo
914 691 1300 746 intestinorum
1350 694 1639 756 correptus
1680 692 1905 754 propter
1932 683 2018 738 in-

445 786 863 857 temperantiam
912 784 1092 853 periit.
1139 781 1454 850 Aristippus
1480 779 1535 832 in
1561 785 1713 831 veste
1740 791 2017 846 purpurea

446 880 733 933 ambulans
759 876 998 947 gratuito
1041 890 1211 945 nepos
1244 881 1382 929 erat.
1414 872 1551 925 Dum
1582 870 1737 925 Plato
1770 871 2017 940 philoso-

444 972 664 1042 phatur,
696 986 727 1023 a
758 968 1018 1037 Dionysio
1040 973 1263 1035 propter
1292 966 1471 1035 gulam
1492 963 1745 1018 venditus
1776 969 1880 1018 est.
1905 960 2021 1013 Ari-

447 1063 693 1124 stoteles,
734 1062 825 1131 qui
870 1059 1005 1113 ﬁnes
1056 1056 1411 1127 providentia:
1440 1054 1692 1123 imperite
1730 1054 1933 1123 posuit,
1965 1063 2020 1107 et

446 1154 761 1210 felicitatem
798 1152 865 1205 iis
912 1150 1098 1208 rebus.
1150 1149 1348 1218 quibus
1392 1147 1781 1209 delectabatur,
1831 1146 2020 1198 admo-

444 1246 575 1300 dum
608 1243 766 1315 245
804 1243 996 1297 inscite
1019 1240 1474 1309 circumscripsit,
1504 1237 1809 1290 Alexandro
1831 1252 2021 1291 assen-

445 1337 688 1397 tabatur,
739 1333 1139 1387 adolescentem
1170 1330 1322 1383 illum
1351 1344 1474 1383 esse
1502 1328 1728 1383 oblitus.
1763 1326 1864 1391 Qui
1898 1326 2021 1395 qui-

446 1426 569 1481 dem
601 1424 836 1477 amicum
883 1437 1039 1475 suum
1072 1433 1296 1487 prorsus
1320 1416 1684 1479 Aristotelice,
1718 1413 1862 1483 quod
1890 1414 2021 1468 ado-

446 1531 571 1569 rare
601 1531 659 1569 se
698 1514 888 1575 nollet,
922 1513 1097 1565 instar
1140 1511 1255 1564 ursi
1290 1516 1385 1562 aut
1414 1508 1565 1578 pardi
1597 1507 1869 1561 inclusum
1911 1506 2031 1584 cir-'

443 1606 803 1661 cumferebat.
837 1604 1074 1658 Omnino
1100 1602 1267 1671 igitur
1287 1602 1513 1669 parebat
1548 1599 1798 1668 magistri
1832 1597 2021 1651 decre-

445 1700 518 1753 tis
575 1696 946 1751 fortitudinem
979 1697 1035 1748 in
1082 1694 1347 1747 conviviis
1392 1698 1447 1745 ct
1494 1691 1749 1745 virtutem
1793 1689 2018 1743 demon-

446 1799 654 1853 strans,
682 1796 734 1843 et
768 1789 1004 1841 amicum
1040 1788 1094 1840 in
1122 1786 1312 1855 primis
1341 1784 1567 1838 charum
1596 1782 1779 1837 hastili
1814 1779 2024 1835 transii-

2120 586 2398 657 συσχεθεὶς
2420 586 2542 656 ίλεῷ
2564 585 2651 639 διὰ
2683 585 2781 656 τὴν
2813 586 3083 657 ἀκρασίαν
3121 586 3485 656 ἀποτέθνηκεν.
3517 592 3640 663 Ἀρί-

2120 695 2350 741 στιππος
2385 681 2444 731 ὲν
2484 676 2773 749 πορφυρίδι
2834 678 3152 749 περιπατῶν
3182 677 3486 741 ἀξιοπίστως
3520 685 3643 751 ὴσω.

2116 769 2345 822 τεύσατο
2367 766 2499 838 (14).
2539 762 2764 821 Πλάτων
2802 768 3127 837 φιλοσοφῶν,
3162 769 3264 821 ὑπὸ
3294 772 3543 824 Διονυσίου
3569 776 3643 828 διὰ

2118 860 2555 932 γαστριμαργίαν
2583 860 2955 933 ἐπιπράσκετο
2983 862 3113 933 (15).
3143 864 3250 915 Καὶ
3292 865 3644 939 Ἀριστοτέλης,

2117 954 2342 1025 ἀμαθῶς
2372 956 2493 1028 ὅρον
2524 956 2589 1025 τῇ
2624 954 2849 1026 προνοίᾳ.
2877 955 3008 1020 θεὶς,
3067 957 3163 1009 καὶ
3211 955 3303 1026 τὴν
3346 956 3647 1026 εὐδαιμονίαν

2119 1047 2177 1098 έν
2204 1044 2285 1109 οἷς
2317 1047 2582 1118 ἠρέσκετο
2613 1047 2958 1119 περιγράψας
2985 1047 3104 1119 λίαν
3140 1047 3477 1112 ἀπαιδεύτως,
3520 1050 3647 1103 Ἀλέ-

2121 1137 2338 1208 ξανδρόν
2368 1156 2428 1191 τε
2460 1138 2805 1209 μεμνημένος
2835 1138 2943 1209 (16)
2999 1140 3279 1210 μειράκιον
3333 1140 3646 1194 ἐκολάκευεν·

2118 1230 2265 1291 ὅστις
2298 1228 2741 1300 Ἀριστοτελικῶς
2786 1229 2928 1281 πάνυ
2960 1229 3051 1281 τὸν
3085 1230 3273 1282 ἑαυτοῦ
3313 1230 3471 1298 φίλον,
3504 1232 3579 1284 διὰ
3601 1234 3652 1286 τὸ

2123 1320 2197 1391 μὴ
2238 1320 2520 1389 βούλεσθαι
2559 1322 2719 1374 αὑτὸν
2768 1326 3092 1393 προσκυνεῖν
3135 1322 3434 1391 καθείρξας,
3490 1324 3649 1397 ὥσπερ

2120 1412 2367 1485 ἄρκτονῆ
2393 1413 2675 1484 πάρδαλιν,
2723 1413 3034 1485 περιέφερε.
3082 1413 3230 1466 Πάνυ
3275 1413 3399 1480 γοῦν
3439 1416 3655 1469 ἐπείθετο

2119 1502 2231 1563 τοῖς
2264 1499 2356 1552 τοῦ
2405 1500 2725 1554 διδασκάλου
2777 1502 3031 1572 δόγμασι,
3066 1502 3162 1573 τὴν
3201 1503 3436 1575 ἀνδρείαν
3462 1506 3545 1557 καὶ
3571 1505 3654 1576 τὴν

2120 1592 2325 1662 ἀρετὴν
2359 1593 2677 1662 συμποσίοις
2729 1594 3186 1665 ἐπιδεικνύμενος,
3236 1596 3326 1648 καὶ
3370 1597 3451 1649 τὸν
3487 1600 3656 1650 οἰκεῖον

2123 1685 2217 1736 καὶ
2256 1683 2397 1737 πάνυ
2439 1684 2692 1753 φίλτατον
2742 1687 3036 1759 διαπείρων
3069 1686 3147 1757 τῷ
3179 1687 3376 1758 δόρατι,
3405 1690 3488 1742 καὶ
3518 1690 3657 1742 πάλιν

2122 1776 2323 1830 κλαίων
2355 1778 2447 1830 καὶ
2477 1778 2869 1850 ἀποκαρτερῶν
2920 1779 3197 1851 προφάσει
3245 1778 3431 1850 λύπης,
3462 1782 3539 1834 ἵνα
3568 1781 3658 1832 ὑπὸ

446 1897 600 1951 gens,
636 1897 699 1936 ac
734 1890 922 1950 postea
959 1881 1202 1950 plorans,
1238 1893 1406 1947 seque
1438 1892 1533 1946 per
1563 1890 1785 1929 causam
1810 1874 2018 1928 doloris

2129 1867 2226 1921 τῶν
2257 1870 2472 1922 οἰκείων
2492 1870 2565 1940 μὴ
2596 1871 2820 1941 μισηθῇ.
2844 1872 3144 1941 Γελάσαιμι
3164 1872 3207 1923 δ’
3243 1872 3307 1925 ἂν
3334 1874 3557 1936 καὶτοὺς

447 1972 650 2032 inedia,
684 1987 753 2026 ne
775 1972 829 2024 in
855 1970 1040 2024 odium
1083 1984 1308 2024 suorum
1358 1968 1683 2029 incurreret,
1712 1979 2017 2020 macerans.

446 2055 617 2118 Rideo
647 2063 900 2132 equidem
942 2062 1091 2115 illius
1143 2060 1440 2114 etiamnum
1491 2057 1810 2128 opinionum
1846 2064 2024 2113 secta-

445 2162 618 2218 tores,
641 2156 735 2224 qui
771 2170 897 2209 cum
933 2152 1254 2208 sublunaria
1290 2157 1487 2221 negent
1518 2148 1858 2219 providentia
1885 2150 2019 2219 regi,

446 2250 553 2318 ipsi
587 2248 884 2302 viciniores
916 2252 1079 2299 terra:
1107 2258 1272 2313 quam
1300 2243 1451 2306 luna,
1495 2240 1726 2309 ejusque
1768 2240 1900 2294 orbe
1933 2241 2023 2294 in-

447 2341 708 2403 feriores,
763 2339 931 2393 rebus
964 2353 994 2391 a
1034 2334 1379 2407 providentia
1426 2332 1663 2388 desertis
1710 2332 2018 2401 provident.

517 2532 625 2603 (i5)
661 2528 1378 2603 I_Io.lti.ftoaog_d)yo6oplgz.‘
1418 2527 1497 2603 De
1547 2536 1713 2581 morte
1752 2526 2022 2603 Diogenis,

453 2598 636 2672 inquit
669 2600 923 2672 Laertius
986 2600 1080 2672 lib.
1143 2616 1217 2662 vr,
1264 2599 1414 2672 varia
1458 2599 1723 2672 feruntur.
1767 2598 1873 2650 Alii
1903 2613 2024 2651 eum

445 2668 564 2727 cum
589 2670 899 2752 polypodem
937 2668 1157 2752 crudum
1182 2668 1512 2749 comedisset,
1540 2668 1633 2720 bili
1663 2684 1884 2750 ucce'nsa
1906 2684 2026 2752 cur:

447 2737 651 2811 replum
677 2737 975 2801 interiisse;
1004 2739 1117 2811 alii,
1136 2755 1254 2792 cum
1280 2740 1517 2811 animant
1553 2739 1918 2811 continuisset.
1942 2737 2023 2793 Ad

448 2806 590 2867 hanc
621 2818 950 2881 postremam
972 2810 1287 2881 opinionem
1309 2808 1523 2881 accedit
1543 2808 1689 2877 quod
1719 2808 1795 2860 ait
1829 2806 2022 2862 Hiero-

448 2878 647 2953 nymus
679 2881 774 2935 lib.
814 2896 853 2933 ιι
881 2881 936 2932 in
957 2878 1301 2933 Jovin.:Eum
1328 2879 1458 2953 eliso
1476 2894 1568 2953 per
1591 2887 1793 2931 noctem
1814 2887 2027 2953 gutture

448 2948 746 3013 interiisse,
779 2966 902 3003 cum
949 2966 1052 3002 non
1100 2959 1207 3001 tant
1252 2949 1387 3001 mori
1416 2965 1470 3002 se
1498 2948 1725 3011 diceret,
1766 2964 1921 3017 quam
1949 2949 2028 3017 fe-

448 3024 591 3077 brem
650 3029 814 3074 morte
860 3019 1158 3073 excludere.
1214 3016 1467 3074 Julianus
1516 3017 1718 3071 factum
1770 3016 2026 3087 Diogenis

449 3093 699 3162 pluribus
755 3088 1000 3162 defendit
1047 3090 1102 3143 in
1143 3089 1336 3162 quinta
1389 3089 1657 3162 oratione,
1690 3102 1925 3162 eumque
1956 3088 2027 3162 ob

446 3158 697 3218 voratum
747 3160 1078 3230 polypodent
1128 3158 1696 3230 crudum__immerito
1756 3158 2023 3230 exagitari

2124 1978 2213 2032 χρι
2234 1959 2329 2012 νῦν
2358 1964 2473 2023 τοῖς
2519 1961 2782 2031 δόγμασιν
2802 1961 2966 2014 αὐτοῦ
3017 1964 3480 2035 καταχρωμένους,
3510 1965 3573 2026 οἶ,
3602 1965 3660 2017 τὰ

2126 2051 2263 2122 μετά
2286 2053 2517 2123 σελήνην
2549 2053 2859 2125 ἀπρονόητα
2890 2054 3141 2122 λέγοντες
3173 2051 3329 2117 εἶναι,
3362 2056 3663 2125 προσγειότε-

2125 2162 2208 2215 ροι
2230 2144 2378 2215 παρὰ
2407 2145 2505 2215 τὴν
2541 2144 2769 2217 σελήνην
2800 2146 3153 2220 ὑπάρχοντες,
3179 2148 3271 2200 καὶ
3290 2146 3560 2217 κατώτερα
3582 2146 3663 2199 τοῦ

2123 2237 2327 2308 ταύτης
2361 2237 2582 2309 δρόμου,
2613 2238 2902 2309 προνοοῦσι
2930 2237 3037 2290 τῶν
3066 2239 3431 2311 ἀπρονοήτων.
3452 2239 3576 2309 Παρ’
3594 2235 3664 2303 οἷς

2123 2329 2180 2382 δὲ
2212 2330 2312 2383 οὐκ
2353 2329 2468 2385 ἐστι
2516 2330 2732 2396 κάλλος,
2764 2330 2825 2384 οὐ
2878 2329 3123 2398 πλοῦτος,
3156 2332 3218 2384 οὐ
3253 2330 3404 2403 ῥώμη
3427 2329 3663 2400 σώματος,

2126 2528 2283 2583 fama;
2309 2528 2845 2601 nocueruntSiculze
2874 2528 3062 2600 dapes.
3083 2528 3226 2585 Hinc
3252 2546 3371 2601 eum
3395 2530 3664 2601 XenOphon

2125 2613 2233 2670 non
2271 2600 2508 2670 obs_cure
2536 2600 2753 2654 vellicat
2787 2601 2841 2653 in
2870 2599 3104 2670 quadam
3129 2601 3200 2653 ad
3230 2599 3665 2670 Aischinem'epi-

2127 2668 2294 2723 stola.
2350 2668 2723 2739 Tertullianus
2780 2668 2903 2725 loco
2949 2684 3115 2739 supra
3151 2672 3357 2725 citato:
3396 2670 3557 2732 Plato.
3588 2668 3663 2725 in-

2125 2739 2265 2811 quit,
2294 2756 2327 2791 a
2352 2738 2615 2811 pionysio
2673 2742 2866 2811 ventris
2920 2738 3098 2811 gratia
3148 2741 3458 2796 vcnditatur.
3503 2741 3667 2810 Carpit

2125 2809 2293 2879 etiam
2341 2807 2640 2879 Gregorius
2705 2807 3086 2879 Nazianienus
3145 2820 3289 2866 orat.
3326 2812 3405 2865 ὃς
3457 2807 3665 2865 Siculum

2128 2878 2375 2933 Platonis
2404 2878 2771 2941 vo’racitatem,
2808 2880 2871 2933 ob
2900 2878 3059 2949 quam
3088 2883 3253 2934 etiam
3284 2882 3391 2950 ipse
3432 2881 3663 2944 venditur,

2128 2965 2199 3021 ac
2237 2966 2299 3002 ne
2310 2950 2388 3021 _ab
2436 2950 2546 3004 ullo
2570 2952 2779 3021 quidem
2827 2950 3235 3021 discipulorum.
3265 2951 3367 3005 imo
3396 2968 3481 3021 nec
3496 2952 3665 3021 abillo-

2128 3020 2265 3090 rniine
2296 3017 2478 3074 erco
2500 3017 2796 3077 redimitur.
2826 3020 2931 3076 Ter
2962 3017 3243 3090 profectus
3271 3030 3353 3075 est
3372 3022 3425 3075 in
3457 3020 3668 3090 Siciliam

2128 3087 2306 3163 Plato,
2346 3090 2763 3163 semel_quidem
2792 3091 2896 3163 sub
2935 3087 3199 3163 Dionysio
3224 3093 3452 3163 seniore,
3473 3092 3558 3163 _bis
3578 3089 3667 3144 sub

2123 3159 2365 3231 juniore,
2418 3169 2479 3214 ut
2520 3159 2849 3215 Plutarchus
2883 3162 2937 3215 in
2984 3159 3178 3216 Dionis
3234 3160 3375 3225 Vita,
3427 3160 3665 3231 Diogenes

448 3222 1007 3302 contendithi'd'etur
1042 3228 1337 3302 Gregorius
1365 3227 1762 3302 Nazianzenus
1784 3222 2024 3302 ad'hanc
2050 3222 2093 3280 C
2124 3222 2380 3302 w[inertius
2402 3232 2497 3285 lib.
2530 3246 2615 3297 ιιι,
2646 3231 2913 3302 Aristides
2942 3233 3086 3302 apud
3116 3222 3370 3286 Photium
3402 3222 3663 3285 testa'ntur.

446 3303 737 3358 historiam
784 3301 1078 3370 respicere,
1113 3298 1239 3353 cum
1272 3298 1496 3368 Diogeni
1528 3298 1852 3370 ὀψοφαγίαν,
1912 3300 2028 3370 sive

447 3373 806 3428 obsoniorum
848 3369 1164 3424 aviditatem
1194 3371 1496 3439 exprobrat
1521 3378 1663 3422 orat.
1693 3369 1784 3428 ‘25.
1814 3385 1869 3439 p.
1896 3369 2023 3423 414.

448 3443 586 3498 Eum
642 3443 785 3497 inter
815 3442 1057 3495 celebres
1093 3436 1401 3509 ὀψοφάγους
1453 3436 1572 3494 sive
1615 3436 1832 3494 obsonii
1868 3454 2030 3492 vora-

448 3521 598 3568 tores
631 3518 878 3567 recenset
908 3511 1202 3567 Athenaeus
1234 3512 1329 3566 lib.
1376 3524 1499 3576 vtu,
1551 3523 1673 3579 cap.
1702 3509 1756 3576 5,
1789 3510 1858 3564 ob
1881 3509 2029 3564 hunc

451 3583 772 3653 polypodem
802 3590 1072 3653 voratum.

522 3646 635 3723 (ll)
688 3652 1067 3723 ‘Aftgrlowq
1098 3650 1504 3723 ὴσωῖςεύσιιτο.
1540 3648 1777 3723 Videtur
1812 3646 2029 3704 Tertul-

451 3719 634 3778 lianus
670 3724 783 3775 haec
817 3720 1030 3776 Tatiani
1059 3721 1220 3773 verba
1248 3719 1599 3788 interpretari
1636 3719 1875 3773 voluisse
1902 3736 2025 3774 cum

450 3793 657 3847 diceret
712 3790 934 3859 Apolog.
964 3808 1013 3845 c.
1047 3790 1155 3844 46:
1191 3790 1491 3857 Aristippus
1520 3789 1614 3859 fini
1645 3804 1879 3857 purpura
1932 3789 2026 3842 sub

452 3879 647 3930 magna
678 3858 956 3932 gravitatis
988 3861 1153 3930 specie
1178 3869 1474 3932 nepotatur.
1510 3858 1619 3932 _S_ed
1659 3860 1813 3932 valde
1836 3859 2029 3932 dubito

453 3946 521 3985 an
544 3928 768 3986 "l‘atiani
808 3928 1044 3984 mentem
1079 3938 1364 3985 assecutus
1388 3930 1479 3984 sit.
1510 3928 1697 3998 Neque
1729 3930 1873 3982 enim
1908 3930 2031 3982 Ari-

453 4004 667 4072 stippus
699 4001 875 4056 tristis
901 4002 1120 4069 quidam
1154 4000 1481 4072 libidinosus
1506 4000 1645 4065 fuit;
1671 4014 1771 4053 nec
1791 4001 2033 4072 gravita-

451 4070 579 4125 tem’
606 4075 750 4127 inter
806 4072 1135 4140 voluptates,
1196 4070 1290 4140 sed
1341 4070 1526 4140 joeum
1558 4072 1740 4138 potius
1768 4080 1821 4122 et
1848 4071 2028 4124 lusum

455 4143 767 4204 adhibebat,
805 4151 865 4195 ut
891 4139 956 4194 ei
998 4140 1185 4194 multis
1232 4139 1353 4207 ejus
1398 4139 1645 4194 dicteriis
1687 4140 1829 4208 apud
1883 4140 2029 4193 anti-

455 4229 594 4280 quos
629 4212 946 4267 memoratis
982 4210 1328 4280 perspicitur.
1358 4208 1481 4280 Vid.
1506 4210 1839 4264 Clementem
1871 4211 2026 4280 Alex.

457 4278 679 4351 Pwdag.
713 4298 765 4351 p.
796 4282 902 4333 177
932 4278 998 4334 eti
1020 4278 1138 4351 179.
1172 4279 1358 4333 Refert
1412 4278 1734 4351 Lactantius
1765 4280 1800 4331 Ι.
1834 4295 1895 4351 ιιι
1930 4279 2028 4332 In-

455 4350 654 4415 stitut.’,
682 4350 733 4405 cl
782 4352 869 4413 M,
921 4350 1054 4404 illud
1101 4350 1364 4419 Aristippi
1382 4351 1627 4419 idiclum,
1660 4350 1725 4402 ad
1756 4350 1902 4418 quod
1944 4365 2031 4403 re-

457 4424 702 4490 spexisse
729 4421 1017 4475 Tatianum
1047 4418 1337 4474 existimo:
1372 4418 1517 4472 Illud
1550 4420 1683 4471 inter
1705 4435 1804 4479 me,
1854 4420 2031 4490 aiebat

456 4489 789 4563 Aristippus,
836 4500 900 4563 et_
923 4501 1129 4557 nepotes
1161 4491 1395 4553 interest,
1432 4491 1593 4563 quodﬁ
1618 4491 1709 4563 isti
1754 4489 2027 4563 perc/tero,

2131 3297 2643 3371 plriquegtyranno
2694 3301 2746 3354 in
2801 3297 3061 3356 offensam
3099 3303 3256 3356 venit
3289 3320 3308 3357 ε
3343 3302 3514 3371 senior
3558 3314 3666 3354 eum

2129 3368 2326 3442 P_ollidi
2378 3368 2798 3442 Lacedaemonio
2841 3371 3088 3435 tradidit,
3135 3387 3169 3426 a
3198 3387 3307 3442 quo
3339 3368 3572 3425 venditus
3594 3376 3667 3424 est

2131 3438 2380 3511 digium;
2416 3442 2521 3495 sub
2541 3441 2761 3509 juniore
2789 3441 2845 3495 in
2878 3443 3186 3511 periculum
3215 3438 3476 3496 adductus
3500 3449 3604 3511 est,
3622 3445 3671 3511 ut

2131 3509 2320 3564 Dionis
2349 3511 2417 3564 ad
2448 3512 2783 3565 liberandam
2829 3509 3062 3565 insulam
3119 3512 3383 3565 hortator.
3430 3509 3670 3564 Probabi-

2130 3581 2237 3633 lius
2262 3580 2379 3633 haec
2407 3589 2683 3650 postrema
2711 3583 2958 3637 molestia
2983 3582 3038 3635 in
3064 3597 3305 3637 amorem
3338 3580 3525 3636 Siculze
3543 3594 3674 3633 men-

2132 3650 2590 3722 saarejiceretur;
2627 3667 2751 3705 nam
2783 3652 3046 3722 Dionysii
3093 3651 3333 3720 junioris
3388 3650 3671 3722 invitatuin

2133 3720 2374 3790 Siciliam
2418 3723 2586 3783 venit,
2630 3736 2730 3775 nec
2780 3719 3071 3790 ingustatis
3099 3719 3249 3775 aulae
3291 3722 3492 3776 deliciis
3537 3719 3668 3790 abiit.

2133 3789 2239 3862 Sed
2256 3790 2404 3862 aliud
2434 3792 2565 3862 illud
2592 3788 3076 3862 periculuin,quod
3102 3790 3297 3845 Pollidi
3317 3791 3534 3845 traditus
3556 3788 3674 3862 sub-

2132 3861 2213 3922 iit,
2250 3860 2305 3913 in
2339 3859 2849 3915 eamdem—causam
2900 3859 3137 3917 conferri
3177 3878 3283 3916 non
3330 3870 3516 3930 potest.
3554 3859 3670 3930 Nam

2131 3945 2197 3985 co
2237 3931 2472 4002 consilio
2518 3932 2620 3986 sub
2662 3940 2896 4002 tyranno
2927 3933 3147 3987 seniore
3182 3934 3236 3985 in
3274 3928 3505 3985 Siciliam
3533 3928 3670 4002 navi:

2168 4000 2279 4053 avit
2322 3999 2498 4067 Plato,
2537 4011 2596 4055 ut
2628 3997 2862 4056 insulam
2893 4003 3117 4065 viseret,
3180 4018 3280 4056 nec
3313 4018 3370 4056 se
3401 4002 3449 4055 in
3478 3997 3674 4069 tyranni

2157 4071 2560 4126 ‘amiliaritatem
2610 4071 2909 4126 insinuavit
2938 4089 2951 4128 :
2997 4071 3089 4126 sed
3130 4071 3200 4125 ad
3227 4073 3347 4140 ejus
3372 4070 3673 4140 colloquium

2132 4155 2297 4210 opera
2330 4140 2519 4197 Dionis
2551 4142 2847 4203 admissus,
2901 4143 2982 4195 sic.
3022 4142 3173 4196 illius
3219 4134 3452 4195 animum
3482 4134 3673 4193 dicendi

2134 4211 2385 4266 libertate
2427 4215 2742 4272 commovit,
2777 4218 2836 4265 ut
2867 4213 3049 4265 statim
3086 4212 3157 4265 de
3200 4213 3291 4265 illo
3341 4211 3569 4265 necando
3596 4212 3675 4259 aut

2134 4282 2327 4333 saltem
2361 4282 2646 4336 vendendo
2677 4281 2932 4335 mandata
2956 4281 3151 4334 Pollidi
3175 4285 3302 4336 data
3324 4283 3451 4343 sint,
3491 4289 3543 4332 ut
3564 4291 3675 4331 nar-

2133 4361 2218 4405 rat
2244 4350 2571 4406 Plutarchus
2606 4353 2657 4405 in
2698 4351 2821 4404 Vita
2852 4352 3063 4405 Dionis.
3098 4351 3317 4405 Erravit
3348 4357 3677 4419 ergotetnpo-

2134 4422 2287 4475 ribus
2312 4420 2596 4475 Tatianus.
2632 4420 2798 4475 Multo
2825 4422 3004 4476 minus
3033 4422 3307 4476 consentit
3336 4417 3453 4475 cum
3481 4417 3673 4471 Plutar-

2134 4491 2239 4563 cho
2254 4491 2327 4563 _S.
2350 4492 2611 4563 Cyrillus,
2648 4494 2743 4561 qui
2792 4493 2845 4545 in
2869 4492 3007 4545 libro
3038 4508 3076 4545 ιι
3104 4492 3224 4545 adv.
3254 4490 3391 4551 Jul.,
3424 4506 3481 4563 p._
3503 4489 3583 4563 5οε
3609 4486 3675 4563 ai}

457 4579 549 4632 ego
595 4552 785 4633 gratis.
819 4552 1109 4633 volupiates
1165 4552 1471 4633 consequar.
1534 4552 1763 4613 Videtur
1808 4560 2026 4633 _dgtOﬁlf

2135 4560 2201 4615 de
2254 4552 2518 4633 Platone:
2563 4563 2637 4614 Οὐ
2666 4552 2789 4633 ’γὰρ
2845 4562 3167 4633 ἀρεσθέντα-
3201 4563 3319 4622 ταῖς
3362 4552 3482 4633 παρ’
3532 4552 3674 4633 darei

462 4629 613 4697 στως
654 4632 804 4685 idem
860 4631 1041 4684 valere
1085 4630 1226 4700 apud
1282 4629 1569 4683 Tatianum
1596 4645 1656 4683 ac
1682 4631 1853 4699 gratis
1885 4630 2027 4699 apud

460 4701 825 4756 Lactantium.
863 4700 1146 4769 Significat
1192 4701 1337 4754 enim
1379 4700 1740 4769 Aristippum,
1774 4715 1898 4753 cum
1930 4715 2031 4753 vo-

460 4774 760 4841 luptatibus
789 4788 846 4826 se
879 4772 1051 4832 daret,
1106 4778 1354 4824 coactum
1387 4786 1495 4824 non
1542 4771 1718 4841 fuisse
1743 4771 2031 4841 pecuniam

462 4839 647 4897 statim
680 4858 985 4907 numerare,
1018 4841 1111 4896 sed
1144 4843 1285 4895 idem
1314 4842 1363 4893 ei
1387 4842 1610 4895 honoris
1636 4840 1880 4893 habitum
1907 4839 2035 4895 fuis-

463 4929 524 4967 se
576 4928 640 4966 ac
689 4913 974 4973 divitibus,
1023 4912 1222 4980 quibus
1262 4910 1421 4965 facile
1461 4912 1725 4973 creditur,
1763 4911 1888 4980 quia
1936 4911 2035 4963 bo-

462 4999 594 5037 num
643 4999 840 5036 nomen
906 4982 1205 5036 existimari
1239 4981 1436 5036 solent.
1480 4980 1615 5034 lllud
1649 4982 1791 5036 enim
1825 4980 2035 5046 ἀξιοπί-

465 5070 606 5117 στως
653 5054 708 5106 in
752 5054 891 5105 hanc
925 5053 1253 5105 sententiam
1304 5050 1571 5106 Tatianus
1598 5053 1848 5119 accipere
1872 5052 2030 5105 solet.

462 5122 699 5193 Opponit
730 5139 786 5177 n.
821 5124 887 5177 15
921 5122 1261 5193 ἀξιοπιστίαν
1276 5122 1611 5193 paupertatis
1642 5121 2035 5193 etindigentiaa

464 5191 742 5264 opinioni;
773 5204 825 5248 et
854 5211 908 5246 n.
954 5192 1014 5246 11
1054 5192 1315 5245 divitibus
1360 5191 1699 5264 ἀξιοπιστίαν
1752 5192 2031 5258 attribuit;

463 5263 595 5335 qnia
643 5266 892 5318 videlicet
922 5264 1063 5335 bona
1097 5264 1316 5335 nomina
1348 5263 1752 5335 existimantur,
1784 5276 1885 5335 nec
1927 5278 2033 5314 nu-

465 5332 673 5389 merata
708 5335 960 5403 pecunia,
990 5334 1033 5386 si
1062 5333 1190 5401 quid
1220 5347 1401 5403 emere
1434 5333 1623 5403 velint.
1660 5340 1753 5385 aut
1780 5332 2031 5403 pignora,

469 5405 517 5460 si
548 5401 832 5473 pecuniam
867 5411 1203 5465 mutuentur,
1253 5402 1392 5524 exilgi
1427 5404 1495 5455 ab
1546 5402 1654 5457 illis
1682 5404 1912 5456 soleant.
1941 5401 2035 5454 Jo-

469 5484 623 5524 ratur
652 5491 781 5524 ergo
825 5476 878 5524 in
934 5474 1268 5524 Aristinnum
1320 5472 1333 5488 '
1367 5474 1605 5524 atianus.
1638 5488 1868 5524 eumuue
1912 5473 2035 5524 libi-

466 5472 623 5528 cat’ur
652 5491 781 5542 ergo
825 5476 878 5526 in
934 5474 1268 5542 Aristippum
1320 5472 1605 5535 Tatianus,
1638 5488 1872 5542 eumque
1912 5473 2037 5525 libi-

467 5548 623 5599 dines
657 5546 895 5615 gratuito
924 5541 1156 5615 satiasse
1211 5542 1435 5615 indicat,
1482 5559 1604 5595 cum
1639 5545 1789 5596 illum
1822 5541 2034 5615 ἀξιοπί-

469 5632 608 5680 στως
643 5613 995 5674 luxuriatum,
1027 5614 1082 5666 id
1112 5620 1195 5667 est
1221 5614 1376 5683 pretii
1420 5615 1602 5667 statim
1627 5613 2032 5683 solvendilege,

468 5686 637 5739 Veluti
696 5688 899 5742 bonum
954 5685 1176 5753 aliquod
1228 5698 1459 5747 nomen,
1513 5685 1809 5737 immunem
1866 5682 2036 5736 fuisse

468 5757 623 5809 dicit.

538 5827 649 5899 “5;
690 5828 789 5881 Au‘:
823 5825 1283 5898 πιστριμηργίαι·
1324 5824 1742 5891 ἐπιπράσκετο.
1794 5822 2035 5880 Platonis

2134 4632 2395 4695 θωπείαις
2446 4633 2538 4684 τὸν
2596 4626 2895 4685 Διονύσιον’
2939 4631 3237 4685 ἀποδόσθαι
3306 4626 3461 4697 φασὶν
3514 4626 3671 4697 αὐτόν.

2134 4701 2392 4825 (remigiis
2422 4704 2559 4755 enim
2588 4702 2758 4771 fertur
2790 4720 2823 4755 a
2852 4701 3109 4773 Dionysio
3138 4701 3283 4753 illius
3317 4694 3676 4752 'assentationi-

2168 4790 2228 4825 us
2260 4790 2287 4825 ο
2332 4789 2475 4825 enso.

2168 4790 2228 4826 us
2260 4789 2475 4827 onenso.

2210 4773 2759 4923 ῗ1ἳῖφεῗξῗῑξέξανδρέν
2822 4859 2887 4923 τε
2929 4842 3328 4923 μεέινῃμεξνος.
3385 4831 3674 4923 Legitur

2136 4906 2437 4984 marginem
2464 4906 2524 4967 in
2541 4906 2664 4967 cod'.
2689 4914 2822 4982 Reg.
2852 4913 2887 4965 2
2906 4906 3297 4984 ε’ΪᾹλεξᾶνδρω
3325 4906 3670 4984 τετιμημέγρς-

2135 4975 2375 5036 νοιιἯΙα
2407 4983 2747 5105 μεμνημένος
2771 4975 2926 5036 deest
2952 4982 3003 5034 in
3027 4975 3227 5036 codice
3246 4975 3552 5050 Anglicano,
3580 4975 3672 5027 Co-

2135 5054 2360 5105 telerius
2398 5062 2531 5105 tom.
2565 5053 2630 5105 ll
2666 5052 2903 5105 Monum.
2946 5051 3089 5105 Eccl.
3136 5051 3334 5105 Graec“
3375 5066 3426 5105 ι).
3458 5047 3572 5105 657,
3604 5046 3672 5095 le-

2135 5054 2360 5107 telerius
2398 5046 2531 5107 tom.
2565 5046 2630 5105 111
2666 5052 2903 5107 Monum.
2946 5051 3089 5105 Eccl.
3136 5046 3355 5114 Graec,—
3375 5047 3572 5122 p._657,
3604 5046 3674 5122 le:

2136 5124 2369 5191 gendum
2401 5130 2586 5177 censet
2618 5125 3000 5193 μεμηνημένον
3036 5123 3347 5193 μειράκιον,
3376 5118 3674 5193 adolescenti

2137 5188 2339 5262 furioso
2368 5188 2765 5247 assentabutur.
2786 5188 2855 5246 At
2881 5188 3052 5247 multo
3075 5188 3256 5262 aptior
3290 5188 3601 5262 emendatio.
3633 5188 3673 5236 si

2139 5256 2401 5334 lfgamuS.
2440 5262 2512 5334 μὴ
2538 5264 2901 5334 μεμνημένος,
2936 5256 3451 5334 αᾴοίεεὶεηιεηιεδίςς
3477 5256 3671 5334 oblitus.

2136 5327 2317 5387 Facile
2369 5327 2550 5402 potuit
2576 5327 2829 5404 eicid'ere
2864 5333 2995 5385 illud
3056 5335 3139 5404 pi)
3177 5333 3248 5404 ob
3290 5327 3672 5404 simi|_i_tmlinem

2138 5404 2355 5473 syllabae
2370 5394 2669 5475 sequentis.
2688 5402 2880 5475 Nullus
2899 5394 3087 5475 dubito
3100 5394 3180 5457 sic
3199 5394 3675 5475 l_c_gisse.Tet_tullia-

2138 5468 2266 5525 num
2302 5492 2314 5526 :
2348 5474 2427 5527 sic
2448 5468 2598 5528 enim
2632 5474 2807 5527 reddit
2830 5474 2973 5527 hunc
3004 5474 3178 5526 locum
3206 5468 3419 5524 Tatiani
3444 5482 3456 5517 :
3483 5468 3673 5518 Aristo-
3710 5516 3715 5525 ,

2140 5543 2283 5604 tetes.
2317 5543 2495 5612 inquit
2523 5543 2738 5612 Apolog.
2773 5560 2825 5611 p.
2850 5543 2940 5605 46,
2979 5552 3086 5596 tam
3131 5542 3351 5609 turpiter
3372 5535 3669 5612 Alexandre.

2138 5612 2358 5681 regendo
2383 5609 2578 5682 potius,
2602 5609 2871 5665 adulatur.
2902 5612 3071 5667 Nemo
3096 5627 3203 5666 non
3226 5612 3367 5665 videt
3390 5623 3541 5682 quam
3565 5609 3673 5682 apte

2141 5674 2467 5750 respondeat
2522 5684 2655 5737 illud
2703 5683 3044 5747 Tertulliani,
3103 5681 3325 5750 regendo
3366 5674 3551 5750 potius.
3599 5674 3671 5723 his

2139 5746 2353 5805 Tatiani
2382 5753 2562 5825 verbis
2596 5752 2667 5823 μὴ
2703 5754 3045 5825 μεμνημένος
3080 5746 3379 5823 μειράκιον,
3403 5746 3670 5800 adolescen-

2142 5832 2238 5875 tem
2258 5839 2367 5877 esse
2388 5823 2598 5879 oblitus.
