3954 6258
288 399 387 457 813

1430 401 1695 459 ORATIO
1721 398 2091 457 ADVERSUS
2127 398 2443 457 GRAECOS.

3448 401 3552 457 8H

287 514 388 570 Καὶ
415 514 463 568 εί
501 509 575 584 μὴ
609 512 725 577 τοῖς
760 513 939 568 τινῶν
955 517 1207 587 νομίμοις
1224 518 1563 590 συγχρῆσθαι
1594 516 1864 588 βούλομαι,

1978 514 2222 585 pugilatu
2260 514 2493 569 aliorum
2537 511 2791 568 instituta
2830 513 3063 569 incitare
3111 514 3166 569 in
3197 528 3300 571 nos
3330 514 3557 572 velitis?

282 605 416 667 τίνος
461 602 625 673 χάριν
657 601 933 675 καθάπερ
972 603 1312 677 μιαρώτατος
1346 603 1655 675 μεμίσημαι
1677 603 1882 673 ;Προσ-

282 698 459 751 τάττει
478 696 686 766 φόρους
720 696 910 748 τελεῖν
933 699 963 751 6
998 695 1561 767 βασιλεύς;“Ἐτοιμος
1596 697 1876 767 παρέχειν.

281 788 558 847 Δουλεόειν
592 789 623 841 6
654 788 940 859 δεσπότης
986 788 1083 843 καὶ
1133 788 1461 861 ὑπηρετεῖνς
1509 788 1605 859 τὴν
1637 787 1881 842 δουλείαν

280 881 564 950 γινώσκων
602 880 739 951 (57).
785 881 894 934 Τὸν
933 882 1033 951 μὲν
1065 880 1172 954 γάρ
1204 881 1491 952 ἄνθρωπον
1523 880 1880 953 ἀνθρωπίνως

278 974 554 1045 τιμητέον.
592 972 869 1042 Φοϐητέον
904 973 960 1026 δὲ
1002 973 1160 1043 μόνον
1180 972 1270 1025 τὸν
1302 971 1453 1025 Θεόν·
1490 972 1639 1034 ὅστις
1670 970 1881 1042 ἀνθρω-

278 1071 450 1132 πίνοις
483 1065 590 1119 οὐκ
627 1066 777 1119 ἔστιν
808 1066 1007 1138 ὁρατὸς
1038 1066 1354 1135 ὀφθαλμοῖς,
1401 1064 1460 1117 οὑ
1500 1064 1671 1137 τέχνῃ
1716 1080 1876 1136 περι-

275 1160 503 1232 ληπτός.
557 1159 770 1213 Τοῦτον
833 1160 993 1230 μόνον
1048 1158 1329 1230 ἀρνεῖσθαι
1387 1156 1760 1227 κελευόμενος,
1814 1156 1874 1210 οὐ

274 1254 682 1325 πεισθήσομαι,
717 1252 1050 1324 τεθνήξομαι
1082 1253 1137 1305 δὲ
1168 1252 1385 1323 μᾶλλον,
1411 1252 1499 1304 ἵνα
1536 1250 1609 1321 μὴ
1632 1250 1875 1322 ψεύστης

275 1347 368 1401 καὶ
398 1347 713 1419 ἀχάριστος
747 1345 1072 1417 ἀποδειχθῶ.
1108 1346 1241 1408 Θεὸς
1266 1347 1294 1397 6
1324 1344 1611 1415 καθ’ήμᾶς
1641 1345 1741 1397 οὐκ
1764 1342 1875 1413 ἔχει

274 1440 543 1493 σύστασιν
599 1440 662 1491 ὲν
708 1438 909 1510 χρόνῳ,
969 1438 1125 1509 μόνος
1173 1436 1404 1508 ἄναρχος
1449 1434 1546 1499 ὣν,
1587 1435 1681 1489 καὶ
1711 1433 1875 1498 αὐτὸς

270 1532 543 1603 ὑπάρχων
560 1530 675 1584 τῶν
690 1530 828 1583 ὅλων
843 1530 1007 1600 ἀρχή.
1027 1527 1249 1599 Πνεῦμα
1266 1529 1296 1579 6
1308 1528 1460 1592 Θεὸς,
1478 1528 1539 1580 οὐ
1558 1527 1743 1597 διῆκον
1762 1524 1875 1595 (58)

268 1623 355 1677 διά
386 1626 493 1694 τῆς
529 1623 693 1694 ὕλης,
714 1622 1043 1692 πνευμάτων
1074 1620 1129 1674 δὲ
1162 1618 1359 1673 ὑλικῶν
1393 1617 1614 1673 καὶτῶν
1642 1620 1703 1671 ὲν
1734 1619 1871 1688 αὐτῇ

272 1714 583 1787 σχημάτων
621 1711 1105 1781 κατασκευαστής·
1142 1708 1375 1781 ἀόρατός
1405 1725 1464 1760 τε
1498 1707 1593 1761 καὶ
1624 1707 1870 1779 ἀναφὴς,

270 1805 557 1877 αἰσθητῶν
584 1804 687 1857 καὶ
719 1803 967 1875 ἀοράτων
988 1803 1149 1866 αὐτὸς
1180 1800 1420 1872 γεγονὼς
1445 1803 1647 1875 πατήρ.
1671 1798 1873 1856 Τοῦτον

1980 605 2061 662 Ac
2083 606 2129 661 si
2157 605 2544 659 nonnullorum
2573 604 2844 659 institutis
2868 604 2947 658 uti
2990 606 3139 671 nolo,
3169 621 3269 661 cur
3290 614 3552 679 tanquam

1978 698 2404 754 scelestissimus
2432 696 2559 751 odio
2581 696 2827 753 habeor?
2862 697 3024 754 Jubet
3068 715 3162 754 rex
3190 701 3397 755 tributa
3421 717 3554 771 pen-

1976 790 2142 845 dere?
2171 787 2408 843 Paratus
2436 803 2558 842 sum
2608 790 2841 845 solvere.
2883 788 3101 845 Servire
3138 799 3193 844 et
3238 793 3555 850 ministrare

1976 881 2272 937 dominus?
2305 880 2634 937 Servitutem
2657 898 2918 952 agnosco.
2952 883 3127 937 Homo
3161 886 3333 949 enim,
3363 893 3424 940 ut
3450 886 3553 941 bo-

1976 974 2184 1029 minem
2214 974 2394 1038 decet,
2423 975 2688 1031 colendus
2709 983 2794 1031 est
2828 995 2842 1032 :
2879 976 3033 1032 solus
3059 985 3243 1031 autem
3265 976 3408 1034 Deus
3437 993 3553 1033 me-

1976 1065 2237 1129 tuendus,
2271 1066 2366 1136 qui
2399 1081 2501 1121 nec
2536 1067 2713 1122 oculis
2743 1066 3000 1123 humanis
3028 1069 3180 1123 cerni
3212 1077 3411 1140 potest,
3450 1085 3553 1127 nec

1976 1162 2094 1211 arte
2124 1156 2532 1227 comprehendi.
2566 1156 2729 1213 Hunc
2750 1174 2951 1230 negare
2974 1160 3021 1216 si
3047 1160 3262 1229 jubear,
3294 1160 3399 1216 hac
3429 1171 3553 1218 tan-

1975 1257 2091 1302 tum
2115 1247 2170 1301 in
2196 1264 2255 1303 re
2274 1263 2388 1303 non
2405 1250 2628 1319 parebo,
2660 1251 2973 1321 moriarque
2998 1252 3201 1321 potius,
3226 1268 3295 1306 ne
3317 1254 3551 1309 mendax

1975 1348 2030 1395 et
2061 1340 2311 1411 ingratus
2337 1355 2559 1411 arguar.
2589 1340 2733 1397 Deus
2760 1354 2949 1397 noster
2979 1358 3087 1398 non
3127 1358 3252 1399 esse
3296 1345 3465 1415 coepit
3493 1346 3551 1401 in

1976 1440 2239 1503 tempore,
2264 1448 2390 1487 cum
2420 1433 2571 1489 solus
2601 1433 2719 1489 sine
2752 1434 3046 1504 principio,
3074 1436 3191 1505 ipse
3211 1435 3455 1490 omnium
3477 1438 3553 1492 sit

1975 1525 2327 1596 principium.
2381 1524 2621 1595 Spiritus
2653 1523 2819 1591 Deus,
2868 1542 2979 1581 non
3026 1533 3214 1583 tamen
3266 1528 3551 1584 materiam

1976 1631 2263 1686 permeans
2316 1616 2566 1686 spiritus,
2618 1617 2715 1672 sed
2764 1618 3131 1672 materialium
3166 1619 3463 1689 spirituum
3496 1628 3552 1675 et

1979 1706 2299 1778 ﬁgurarum,
2330 1723 2452 1778 quae
2496 1708 2552 1762 in
2581 1708 2811 1763 materia
2842 1716 2992 1772 sunt,
3018 1708 3197 1779 Opifex
3227 1728 3242 1777 ;
3268 1718 3323 1765 et
3341 1713 3465 1765 visu
3495 1718 3551 1765 ct

1976 1806 2127 1853 tactu
2165 1798 2622 1869 indeprehensus,
2652 1799 2854 1870 quippe
2880 1799 3041 1871 247
3068 1816 3193 1854 cum
3224 1802 3339 1871 ipse
3369 1803 3550 1857 sensi-

268 1897 357 1952 διὰ
402 1898 509 1967 τῆς
558 1896 845 1966 ποιήσεως
890 1892 1054 1948 αὐτοῦ
1101 1893 1281 1964 ἴσμεν,
1317 1894 1414 1946 καὶ
1458 1894 1560 1963 τῆς
1590 1893 1864 1964 δυνάμεως

1976 1891 2168 1945 bilium
2205 1898 2259 1945 et
2304 1890 2666 1946 invisibilium
2705 1892 2978 1947 exstiterit
3024 1907 3245 1962 parens.
3290 1893 3450 1949 Hunc
3478 1910 3550 1950 ex

268 1989 433 2045 αὑτοῦ
470 1988 535 2042 τὸ
570 1986 812 2058 ἀόρατον
857 1988 967 2049 τοῖς
1003 1986 1266 2056 ποιήμασι
1313 1984 1869 2056 καταλαμόανόμεθα.

270 2081 659 2155 Δημιουργίαν
692 2079 793 2150 τὴν
827 2079 917 2131 ὑπ’
939 2076 1102 2131 αὑτοῦ
1134 2078 1509 2148 γεγενημένην
1541 2076 1871 2148 χάρινήμῶν

270 2176 613 2249 προσκυνεῖν
658 2172 721 2225 οὐ
770 2169 929 2223 θέλω.
976 2170 1201 2237 Γέγονεν
1244 2170 1393 2238 ἥλιος
1426 2169 1520 2222 καὶ
1554 2168 1750 2241 σελήνη
1801 2168 1869 2221 δι’

267 2269 435 2340 ἡμᾶς·
478 2264 611 2319 εἶτα
644 2264 765 2326 πῶς
796 2263 919 2326 τοὺς
956 2263 1120 2332 ἐμοὺς
1155 2260 1264 2333 (59)
1311 2261 1589 2333 ὑπηρέτας
1634 2279 1873 2332 προσκυ-

268 2362 457 2432 νήσως
495 2358 635 2420 Πῶς
667 2356 729 2409 δὲ
762 2355 896 2422 ξύλα
928 2354 1022 2407 καὶ
1053 2354 1233 2417 λίθους
1268 2354 1421 2418 θεοὺς
1452 2354 1867 2424 ἀποφανοῦμαις

270 2453 500 2523 Πνεῦμα
532 2450 654 2521 γὰρ
690 2448 751 2501 τὸ
780 2446 871 2500 διά
902 2446 1000 2517 τῆς
1032 2445 1163 2516 ὕλης
1194 2445 1379 2516 διῆκον
1396 2445 1615 2498 ἔλαττον
1634 2444 1870 2514 ὑπάρχει

268 2546 357 2599 τοῦ
392 2544 684 2613 θειοτέρου
722 2538 1049 2610 πνεύματος·
1083 2538 1223 2609 ὅπερ
1255 2537 1310 2590 δὲ
1342 2535 1473 2607 (40),
1507 2536 1650 2607 ψυχῇ
1685 2552 1872 2607 παρω-

274 2634 608 2706 μοιωμένον,
643 2630 710 2684 οὐ
743 2628 999 2700 τιμητέον
1032 2629 1226 2701 ἐπίσης
1242 2628 1317 2699 τῷ
1348 2628 1534 2699 τελείῳ
1560 2627 1700 2697 Θεῷ.
1729 2627 1868 2679 Ἀλλ’

268 2730 385 2783 οὐδὲ
432 2728 529 2780 τὸν
564 2724 957 2794 ἀνωνόμαστον
1000 2722 1131 2776 Θεὸν
1174 2722 1568 2794 δωροδοκητέον
1617 2721 1747 2793 (41).
1809 2722 1868 2775 '0

267 2819 374 2890 γὰρ
409 2820 644 2873 πάντων
692 2813 951 2884 ἀνενδεὴς
1004 2813 1063 2867 οὐ
1103 2813 1417 2884 διαϐλητέος
1440 2812 1529 2882 ὑφ’
1564 2811 1721 2884 ήμῶν
1756 2811 1865 2884 (42)

267 2910 341 2977 ὣς
370 2907 1002 2983 ὲνδεής.Φανερώτερον
1022 2906 1079 2960 δὲ
1103 2906 1407 2977 ἐκθήσομαι
1437 2905 1504 2959 τά
1536 2907 1800 2977 ἡμέτερα.

1973 1980 2059 2035 bis
2090 1996 2212 2051 quae
2242 1982 2450 2036 creavit
2474 1982 2885 2053 cognoscimus,
2925 1990 2982 2036 et
3012 1984 3313 2053 potentiam
3354 1985 3550 2042 invisi-

1971 2074 2135 2128 bilem
2172 2090 2241 2130 ex
2268 2074 2527 2144 operibus
2560 2073 3043 2144 apprehendimus.
3075 2076 3223 2147 Opus
3253 2076 3321 2131 ab
3345 2091 3411 2133 eo
3448 2093 3552 2134 non

1973 2171 2087 2219 stra
2126 2178 2293 2220 causa
2344 2164 2627 2219 conditum
2669 2165 2899 2219 adorare
2956 2165 3106 2220 nolo.
3164 2164 3259 2221 Sol
3308 2174 3363 2222 et
3418 2168 3550 2223 luna

1970 2264 2199 2326 propter
2230 2271 2333 2311 nos
2380 2263 2567 2311 creata
2600 2264 2763 2324 sunt;
2798 2257 3075 2328 quomodo
3101 2273 3236 2330 ergo
3262 2259 3549 2317 ministros

1971 2364 2124 2403 meos
2141 2348 2363 2404 adorem
2385 2348 2398 2402 l
2426 2347 2712 2414 Quomodo
2734 2350 2883 2420 ligna
2900 2358 2953 2404 et
2972 2350 3181 2421 lapides
3200 2352 3548 2422 pronuntiem

1970 2439 2142 2496 deos?
2168 2438 2266 2493 Est
2294 2439 2444 2495 enim
2497 2440 2695 2509 spiritu
2734 2441 3006 2497 diviniore
3049 2441 3278 2498 inferior
3315 2443 3405 2499 ille
3434 2443 3552 2514 spi-

1970 2531 2132 2594 ritus,
2150 2530 2242 2601 qui
2265 2531 2547 2585 materiam
2566 2531 2843 2601 pervadit;
2859 2534 2957 2603 qui
2975 2534 3194 2604 quidem
3213 2548 3338 2589 cum
3353 2536 3552 2589 anima:

1971 2622 2311 2679 assimilatus
2344 2622 2437 2688 sit,
2482 2638 2592 2677 non
2622 2623 2815 2678 eodem
2852 2640 2918 2679 ac
2958 2625 3236 2695 perfectus
3276 2625 3421 2682 Deus
3456 2626 3551 2681 ho-

1970 2729 2105 2769 nore
2144 2714 2416 2770 colendus
2446 2722 2550 2771 est.
2582 2714 2771 2786 Neque
2802 2718 2970 2772 etiam
3000 2719 3154 2773 illum
3190 2733 3301 2774 non
3323 2734 3549 2776 enarra-

1969 2807 2134 2862 bilem
2166 2806 2336 2863 Deum
2384 2808 2667 2864 munerari
2695 2809 2981 2865 debemus.
3024 2810 3160 2866 Nam
3206 2813 3301 2883 qui
3339 2813 3550 2869 nullius

1968 2898 2047 2954 rei
2078 2898 2297 2969 indigus
2326 2906 2432 2963 est,
2467 2899 2515 2953 is
2548 2907 2609 2953 ut
2652 2899 2897 2971 indigere
2931 2902 3275 2958 existimetur
3322 2905 3549 2960 minime

1968 3002 2000 3042 a
2029 2989 2193 3045 nobis
2218 2989 2672 3045 committendum
2702 2998 2807 3047 est.
2843 2992 3103 3062 Apertius
3140 3002 3324 3050 autem
3354 3008 3547 3051 nostra

1967 3096 2261 3151 exponam.

334 3218 387 3271 5.
427 3216 570 3277 Θεὸς
595 3210 682 3285 ἦν’
707 3214 765 3266 ὲν
794 3212 957 3284 ἀρχῇ·
988 3211 1086 3282 τήν
1124 3210 1181 3263 δὲ
1222 3210 1395 3283 ἀρχὴν
1428 3210 1601 3279 Λόγου
1642 3210 1864 3280 δύναμιν

2042 3214 2095 3269 5.
2138 3214 2566 3270 Christianorum
2593 3216 2836 3272 doctrina
2864 3218 2929 3273 de
2951 3219 3133 3273 mundi
3160 3222 3425 3277 creatione
3452 3238 3546 3293 per

269 3307 724 3380 παρειλήφαμεν.
784 3304 843 3356 'U
889 3301 999 3373 γὰρ
1050 3301 1325 3372 Δεσπότης
1371 3301 1479 3354 τῶν
1521 3302 1676 3365 ὅλων,
1706 3301 1867 3365 αὐτὸς

275 3399 532 3469 δπάρχων
583 3396 685 3449 τοῦ
732 3393 935 3457 παντὸς
990 3394 1024 3464 ὴ
1066 3392 1395 3456 ὑπόστασις,
1438 3392 1579 3445 κατά
1625 3392 1723 3462 μὲν
1769 3393 1867 3463 τὴν

273 3492 497 3563 μηδέπω
518 3487 907 3559 γεγενημένην
932 3486 1147 3557 ποίησιν
1174 3485 1331 3555 μόνος
1357 3481 1443 3556 ἦν·
1471 3484 1606 3538 καθὸ
1629 3484 1686 3538 δὲ
1716 3486 1868 3539 πᾶσα

267 3584 521 3655 δύναμις,
553 3580 776 3654 ὁρατῶν
816 3596 878 3632 τε
933 3580 1026 3631 καὶ
1074 3578 1319 3650 ἀοράτων
1366 3578 1526 3641 αὐτὸς
1574 3578 1868 3640 ὑπόστασις

268 3671 361 3745 ἦν,
390 3677 488 3728 σὺν
516 3672 677 3744 αὐτῷ
703 3671 774 3724 τά
804 3670 983 3723 πάντα
1026 3669 1145 3738 (σὺν
1175 3667 1324 3738 αὐτῷ
1354 3668 1482 3738 γάρ)
1524 3667 1611 3722 διά
1642 3669 1866 3740 λογικῆς

266 3766 579 3836 δυνάμεως,
607 3762 776 3826 αὐτὸς
808 3762 901 3815 καὶ
930 3763 959 3815 6
983 3760 1153 3828 Λόγος
1185 3758 1245 3823 ὃς
1268 3755 1337 3831 ῆν
1365 3761 1421 3812 ὲν
1448 3759 1596 3831 αὐτῷ
1625 3760 1865 3830 ὑπέστη-

273 3872 333 3909 σε
365 3857 498 3928 (45).
535 3854 818 3927 Θελήματι
844 3852 902 3907 δὲ
929 3852 1029 3922 τῆς
1063 3851 1364 3921 ἁπλότητος
1401 3850 1565 3905 αὑτοῦ
1611 3850 1867 3923 προπηδᾷ

340 4096 460 4164 (37)
502 4094 856 4148 Γινὼσκων.
888 4090 1019 4162 Reg.
1038 4090 1314 4164 secundus
1330 4088 1396 4143 ad
1407 4104 1591 4164 marg.
1622 4096 1675 4164 ει
1696 4089 1865 4143 Joan-

270 4159 361 4221 nis
387 4159 560 4220 Frisii
582 4164 759 4218 codex
792 4159 997 4232 pariter
1013 4162 1094 4232 ad
1129 4176 1303 4230 marg.
1328 4168 1386 4232 et
1406 4159 1609 4214 Fronto
1632 4160 1864 4217 Duca3us

270 4236 479 4290 habent
506 4228 944 4301 γινώσκωῘΑιίω
962 4231 1234 4287 editiones
1260 4228 1576 4301 ἦινρσκων.

343 4306 462 4375 (38)
504 4297 752 4373 Ᾱιῆκον.
816 4302 950 4372 Reg.
1000 4309 1233 4371 uterque
1269 4297 1325 4355 et
1377 4297 1584 4353 Fronto
1630 4299 1862 4357 Ducaaus

265 4376 653 4513 διδίὶίῒὲθῗοτοὺς
677 4443 876 4512 ἐμούς.
902 4442 1184 4513 Postrema
1216 4455 1324 4513 vox
1351 4438 1737 4513 percommode
1775 4456 1862 4513 re-

269 4510 547 4598 perta'est
578 4516 635 4568 in
664 4510 796 4604 Reg.
821 4514 1029 4604 primtp;
1062 4510 1248 4604 d‘eerat
1360 4511 1483 4591 aliis
1507 4523 1639 4565 mss.
1671 4519 1725 4565 et
1744 4511 1860 4566 edi-
1890 4550 1934 4604 Β

271 4579 368 4649 iis,
404 4593 641 4654 excepta
671 4579 908 4654 editione
941 4580 1244 4654 Frontoni3_
1269 4579 1473 4654 Dircaei.

341 4647 462 4725 (40)
502 4647 686 4722 Ὅπερ
724 4654 809 4725 δέ.
860 4652 993 4723 Heg.
1026 4654 1084 4720 2,
1118 4660 1173 4706 et
1218 4650 1380 4722 Angl.
1441 4664 1568 4705 cum
1618 4647 1857 4707 editione

268 4724 464 4797 'rlsur;
500 4725 697 4797 ὥσπερ
728 4724 805 4797 δέ·

341 4790 460 4866 ῐιι)
508 4790 683 4866 Οὑδὲί
720 4794 829 4866 τοις
860 4792 1290 4866 ἀνῳνόμᾳστονξ
1333 4790 1490 4866 Θερνί
1525 4790 1856 4858 δωροδοκη-

482 4866 544 4919 Si
592 4865 721 4934 quis
772 4862 902 4916 illud
952 4859 1365 4934 δωροδοκητέον,
1398 4859 1704 4934 idemAesse
1746 4877 1855 4934 non

270 4944 423 5007 putet
452 4951 523 4991 ac
556 4930 860 5007 munerari,
888 4931 1090 5007 et‘htec
1127 4930 1399 5007 verba_jta
1430 4930 1707 5007 reddenda
1741 4932 1858 5007 exi-

269 4998 480 5068 stimet,
539 5012 601 5057 ut
652 5003 888 5058 reddidit
936 5000 1250 5055 Gesnerus:
1279 4998 1404 5054 Non
1445 5001 1857 5054 existimandum

270 5087 346 5130 est
386 5078 559 5131 Deum
588 5075 977 5128 innominatum
1006 5070 1307 5124 muneribus
1336 5072 1490 5140 aﬂici,
1528 5071 1671 5125 haud
1702 5072 1858 5140 equi-

271 5147 390 5201 dem
424 5145 773 5216 repugnabo.
808 5141 982 5212 Hujus
1011 5141 1165 5195 verbi
1178 5143 1242 5216 ‘is
1265 5140 1482 5195 videtur
1510 5156 1705 5216 sensus
1734 5158 1857 5196 esse

274 5211 515 5271 maxime
549 5211 848 5268 {ccuratus
876 5211 901 5267 :7
916 5226 1142 5266 munera
1177 5211 1233 5265 in
1263 5218 1501 5265 mentem
1534 5211 1719 5266 venire
1746 5227 1857 5267 non

274 5284 495 5349 debent,
535 5285 635 5340 ubi
672 5284 741 5338 de
774 5282 906 5349 Deo,
939 5282 1030 5351 qui
1059 5281 1282 5351 nomine
1308 5289 1480 5351 caret,
1515 5282 1715 5351 agitur.
1749 5281 1857 5336 ιο-

273 5358 461 5423 quitur
495 5353 789 5409 manifeste
815 5350 1079 5407 Tatianus
1104 5351 1171 5423 de
1198 5350 1518 5423 victimjset
1548 5350 1854 5423 nidoribus,

272 5420 475 5493 quibus
511 5425 722 5480 ethnici
754 5424 887 5478 deos
918 5437 1048 5478 suos
1076 5420 1349 5475 colebant.
1376 5420 1523 5476 Infra
1547 5438 1601 5477 n.
1628 5421 1695 5476 i6
1723 5422 1857 5478 deos

272 5506 427 5567 me!
455 5494 834 5567 δωρολήπῖας-

342 5566 457 5633 με)
498 5560 821 5634 Ὑφ’
850 5561 1029 5634 (‘odes
1050 5560 1382 5634 mssaAngl.
1402 5561 1515 5634 ὑφ’
1535 5564 1686 5632 ἡμῖν.
1724 5561 1853 5617 Edi-

272 5638 348 5686 tio
374 5630 851 5691 UionfetiParis.
886 5647 976 5702 an.
1008 5630 1168 5702 1615,
1199 5631 1288 5698 ὑφ’
1310 5632 1485 5702 ὑμῶν.

339 5706 457 5775 (ιδ)
499 5704 858 5775 Ύπέρντησε.Δ
888 5701 1262 5775 Hocverbum
1294 5701 1459 5775 prave
1483 5702 1777 5775 redditum
1799 5705 1854 5757 in

275 5770 610 5829 saitehtiam
645 5772 863 5827 Tatiani
884 5772 1138 5827 tenebras
1164 5770 1366 5839 injecit.
1396 5771 1489 5827 Sic
1517 5773 1662 5827 enim
1693 5774 1856 5828 habet

276 5843 654 5917 interpretatio
672 5844 901 5903 Gesner'i
919 5859 933 5898 ς
949 5840 1008 5897 Si
1026 5856 1143 5897 vero
1156 5843 1405 5911 respicias
1415 5844 1701 5911 potentiam
1718 5843 1851 5912 ejus,

1983 3303 2225 3359 Verbum.
2253 3335 2321 3345 —
2344 3304 2488 3361 Deus
2522 3314 2641 3362 erat
2672 3307 2726 3361 in
2761 3308 3030 3378 principio
3056 3328 3069 3363 :
3095 3308 3425 3379 principium
3447 3326 3547 3365 an-

1966 3403 2076 3451 tem
2110 3395 2273 3452 Verbi
2306 3397 2601 3467 potentiam
2626 3414 2749 3455 esse
2776 3400 3108 3469 accepimus.
3146 3399 3545 3459 Universorum

1967 3488 2111 3543 enim
2146 3488 2447 3545 Dominus:
2483 3496 2755 3559 quatenus
2783 3491 3001 3560 quidem
3031 3492 3267 3547 mundus
3301 3493 3545 3548 nondum

1965 3586 2082 3632 erat
2114 3587 2354 3645 creatus,
2401 3581 2553 3636 solus
2586 3588 2739 3649 erat;
2775 3591 3047 3653 quatenus
3080 3592 3261 3640 autem
3295 3586 3414 3657 ipse
3446 3602 3545 3657 po-

1965 3672 2135 3725 tentia
2168 3672 2369 3735 omnis,
2404 3680 2458 3729 et
2481 3688 2670 3729 eorum
2700 3690 2821 3744 qua:
2853 3675 3108 3730 videntur
3135 3685 3189 3733 et
3220 3693 3327 3733 non
3354 3678 3544 3735 viden-

1965 3770 2057 3817 tur
2098 3764 2412 3836 hypostasis
2463 3766 2579 3821 sive
2629 3767 2957 3822 sustentatio
3002 3776 3153 3830 erat,
3202 3770 3386 3825 omnia
3419 3786 3544 3826 cun.

1964 3869 2030 3909 eo
2048 3870 2144 3925 per
2166 3855 2487 3911 rationalem
2502 3858 2801 3927 potentiam
2823 3858 3163 3914 sustentabat
3181 3858 3362 3932 ipsum
3377 3860 3544 3916 etiam

1964 4100 2019 4152 in
2044 4114 2149 4168 qua
2178 4096 2406 4151 visibilia
2428 4096 2791 4168 et_invisibilia
2818 4107 3008 4151 cuncta
3026 4098 3340 4163 consistunt,
3362 4103 3544 4157 omnia

1962 4165 2081 4221 cuni
2113 4168 2226 4236 ipso
2257 4176 2428 4221 erant.
2470 4165 2535 4221 In
2564 4170 2675 4235 ipso
2719 4168 2859 4221 enim
2892 4184 2984 4236 per
3031 4170 3320 4236 potentiam
3359 4170 3536 4237 Verbi,

1966 4249 2077 4291 tum
2124 4238 2255 4306 ipse,
2295 4248 2406 4291 tum
2446 4237 2706 4307 j’erbum,
2742 4237 2881 4307 quod
2929 4238 2984 4307 in
3032 4256 3091 4291 eo
3134 4248 3271 4300 erat,
3314 4243 3539 4298 exstitit.

1962 4308 2093 4362 inde
2121 4315 2413 4362 accusatus
2443 4306 2708 4362 Tatianus
2747 4306 2895 4377 t1uud
2928 4306 3165 4362 Verbum
3196 4316 3323 4363 ante
3352 4312 3539 4365 mundi

1963 4379 2473 4449 creationemhnon
2503 4386 2666 4449 actu,_
2687 4384 2747 4430 ut
2800 4392 3110 4449 personam,
3156 4378 3252 4449 sed
3296 4383 3541 4449 potentia

1962 4456 2174 4502 tantum
2206 4446 2502 4503 crediderit
2535 4449 2591 4500 in
2634 4445 2814 4501 Patre
2841 4463 2963 4501 cum
2997 4448 3121 4503 aliis
3165 4445 3330 4502 rebus
3361 4451 3531 4505 exsti-

1962 4518 2114 4573 tisse.
2170 4515 2417 4586 lniquam
2474 4517 2905 4572 criminationem
2970 4532 3109 4570 nova
3158 4517 3539 4587 interpretatio

1964 4588 2183 4642 refellit.
2226 4587 2581 4658 Haecautem
2631 4588 2932 4658 verbaaby
2974 4587 3123 4657 αὐτῴ
3162 4586 3282 4658 γάρ
3306 4586 3537 4658 uncinis

1962 4659 2160 4712 inclusi
2199 4656 2402 4727 necin
2449 4656 2858 4727 interpretando
2897 4655 3104 4711 Latine‘
3136 4655 3368 4727 reddidi,
3400 4659 3532 4727 quia

1960 4728 2028 4781 ab
2084 4728 2267 4797 aliquo
2302 4726 2542 4797 librario
2589 4724 3086 4797 additaividentu‘r.
3135 4724 3272 4797 liam
3314 4726 3367 4779 1⁸
3398 4724 3533 4783 Illud

1958 4797 2067 4869 γάρ
2097 4794 2259 4869 deest
2296 4796 2353 4869 in
2388 4794 2573 4869 Regiis
2606 4794 2890 4869 codicibus
2929 4806 2983 4849 et
3012 4794 3312 4869 Anglicano
3339 4804 3395 4869 et
3440 4799 3534 4869 Ti-

1958 4864 2149 4935 guiina
2180 4867 2435 4921 editione.
2468 4864 2625 4931 Quod
2661 4866 2854 4935 siihmc
2885 4864 3077 4935 vocula
3109 4878 3143 4935 a
3172 4864 3409 4922 librariis
3437 4867 3535 4921 adu

1958 4934 2102 5002 dita;
2153 4937 2296 4991 idem
2331 4936 2621 4990 dicendum
2651 4934 2756 5008 erit
2782 4936 2866 5008 de_
2892 4934 2976 4987 his
3009 4934 3235 4990 vocibus
3265 4936 3534 5008 σὺν-αὑτῷ

1959 5023 2081 5076 quae
2109 5022 2234 5077 cum
2282 5021 2346 5059 ea
2391 5004 2708 5077 necessario
2744 5004 3038 5077 conjuncta
3082 5011 3230 5057 sunt.
3264 5005 3322 5077 2°
3352 5004 3535 5077 Rep";

1959 5073 2090 5146 gnat
2123 5085 2182 5129 ut
2212 5076 2355 5130 Dens
2383 5076 2600 5146 dicatur
2629 5073 2781 5146 solus
2813 5073 3153 5146 non_fnisse,
3185 5075 3310 5143 quia
3344 5073 3530 5130 omnia

1960 5143 2015 5200 in
2042 5162 2109 5202 eo
2138 5143 3017 5217 potestateexsistebant;5°_Non
3045 5144 3202 5217 aliter
3228 5146 3354 5217 legit
3384 5146 3532 5201 hunc

1959 5213 2156 5271 locum'
2194 5215 2586 5275 Tertullianus,
2634 5213 2727 5282 qui
2772 5213 3061 5267 Tatianum
3106 5214 3185 5269 sic
3238 5213 3525 5270 imitatur:

1958 5291 2094 5341 Ante
2124 5286 2305 5340 omnia
2342 5287 2514 5347 enim,
2549 5285 2726 5353 inquit
2772 5300 2896 5353 cap.
2922 5284 2974 5348 5,
3006 5283 3125 5337 adv.
3161 5283 3354 5349 Prona,
3386 5286 3527 5340 Deus

1956 5365 2072 5410 erat
2099 5356 2266 5420 solus,
2291 5357 2400 5424 ipse
2419 5354 2524 5424 sibi
2547 5363 2597 5407 et
2626 5352 2857 5407 mundus
2883 5364 2933 5409 et
2954 5355 3098 5407 locus
3122 5363 3171 5406 et
3207 5356 3405 5410 omnia.
3429 5355 3528 5411 Sa-

1958 5427 2039 5481 lus
2070 5436 2266 5488 autem,
2291 5423 2416 5494 quia
2452 5423 2585 5494 nihil
2624 5424 2949 5494 extrinsecus
2976 5433 3169 5494 preter
3198 5424 3371 5479 illum.
3407 5425 3526 5481 Ca:-

1959 5507 2128 5550 terum
2166 5513 2229 5549 ne
2270 5492 2391 5548 tunc
2431 5493 2639 5563 quidem
2684 5492 2863 5557 solus;
2895 5492 3114 5547 habebat
3148 5494 3288 5547 enim
3326 5512 3523 5555 secum,

1956 5583 2117 5634 quam
2156 5565 2377 5620 habebat
2407 5566 2461 5618 in
2495 5564 2792 5631 semetipso,
2823 5565 3082 5617 rationem
3112 5580 3264 5617 suam
3302 5566 3522 5620 scilicet.

1959 5636 2130 5690 Deum
2158 5652 2285 5705 ergo
2307 5634 2682 5690 Tertullianus
2708 5635 3019 5705 solum_non
3051 5634 3217 5705 fuisse
3250 5635 3529 5691 exiStimat

1957 5713 2084 5761 ante
2103 5702 2289 5759 mundi
2323 5706 2677 5767 creationem,
2708 5705 2835 5773 quia
2867 5702 3279 5758 Verbum'illius
3309 5720 3430 5759 cum
3461 5722 3528 5759 eo

1957 5776 2276 5837 exsistebat,
2313 5776 2535 5828 minime
2563 5787 2692 5829 vero
2714 5780 2939 5846 propter
2968 5782 3251 5829 creaturas
3286 5778 3525 5846 potentia

1957 5847 2013 5901 in
2047 5847 2166 5916 ipso
2198 5846 2547 5901 exsistentes.
