  <div class='ocr_page' id='page_1' title='image "/cluster/home/n/w/nwhite01/storage/ocr_20150623/6/mdp.39015004289917/430.png"; bbox 0 0 3954 6258; ppageno 0'>
   <div class='ocr_carea' id='block_1_1' title="bbox 299 375 392 432">
    <p class='ocr_par' dir='ltr' id='par_1_1' title="bbox 299 375 392 432">
     <span class='ocr_line' id='line_1_1' title="bbox 299 375 392 432; baseline -0.054 0"><span class='ocrx_word' id='word_1_1' title='bbox 299 375 392 432; x_wconf 70' lang='lat'><strong>8|?</strong></span> 
     </span>
    </p>
   </div>
   <div class='ocr_carea' id='block_1_2' title="bbox 1381 320 2401 423">
    <p class='ocr_par' dir='ltr' id='par_1_2' title="bbox 1381 320 2401 423">
     <span class='ocr_line' id='line_1_2' title="bbox 1381 320 2401 423; baseline -0.008 0"><span class='ocrx_word' id='word_1_2' title='bbox 1381 365 1637 423; x_wconf 76' lang='lat' dir='ltr'><strong>onmo</strong></span> <span class='ocrx_word' id='word_1_3' title='bbox 1676 362 2044 422; x_wconf 60' lang='lat' dir='ltr'><strong>aovsnsus</strong></span> <span class='ocrx_word' id='word_1_4' title='bbox 2081 320 2401 418; x_wconf 57' lang='lat' dir='ltr'><strong>cumcos.</strong></span> 
     </span>
    </p>
   </div>
   <div class='ocr_carea' id='block_1_3' title="bbox 3455 354 3559 413">
    <p class='ocr_par' dir='ltr' id='par_1_3' title="bbox 3455 354 3559 413">
     <span class='ocr_line' id='line_1_3' title="bbox 3455 354 3559 413; baseline 0.019 -3"><span class='ocrx_word' id='word_1_5' title='bbox 3455 354 3559 413; x_wconf 86' lang='lat' dir='ltr'><strong>8l8</strong></span> 
     </span>
    </p>
   </div>
   <div class='ocr_carea' id='block_1_4' title="bbox 301 466 1868 555">
    <p class='ocr_par' dir='ltr' id='par_1_4' title="bbox 301 478 1868 555">
     <span class='ocr_line' id='line_1_4' title="bbox 301 478 1868 555; baseline -0.006 -16"><span class='ocrx_word' id='word_1_6' title='bbox 301 487 528 555; x_wconf 75' lang='grc' dir='ltr'>ποίηκεν.</span> <span class='ocrx_word' id='word_1_7' title='bbox 567 480 793 551; x_wconf 83' lang='grc' dir='ltr'>Ὠσπερ</span> <span class='ocrx_word' id='word_1_8' title='bbox 824 481 945 554; x_wconf 80' lang='grc' dir='ltr'>γὰρ</span> <span class='ocrx_word' id='word_1_9' title='bbox 976 480 1083 535; x_wconf 84' lang='grc' dir='ltr'><strong>ἀπὸ</strong></span> <span class='ocrx_word' id='word_1_10' title='bbox 1111 481 1238 551; x_wconf 80' lang='grc' dir='ltr'>μιᾶς</span> <span class='ocrx_word' id='word_1_11' title='bbox 1270 479 1427 551; x_wconf 70' lang='grc' dir='ltr'>δᾳδὸς</span> <span class='ocrx_word' id='word_1_12' title='bbox 1458 478 1757 533; x_wconf 82' lang='grc' dir='ltr'>ἀνάπτεται</span> <span class='ocrx_word' id='word_1_13' title='bbox 1792 478 1868 549; x_wconf 61' lang='grc' dir='ltr'><strong>μὲι</strong></span> 
     </span>
    </p>
   </div>
   <div class='ocr_carea' id='block_1_5' title="bbox 1973 466 3560 555">
    <p class='ocr_par' dir='ltr' id='par_1_5' title="bbox 1991 466 3560 542">
     <span class='ocr_line' id='line_1_5' title="bbox 1991 466 3560 542; baseline -0.004 -11"><span class='ocrx_word' id='word_1_14' title='bbox 1991 482 2165 531; x_wconf 88' lang='lat' dir='ltr'><strong>ratur.</strong></span> <span class='ocrx_word' id='word_1_15' title='bbox 2218 472 2378 542; x_wconf 81' lang='lat' dir='ltr'><strong>Quod</strong></span> <span class='ocrx_word' id='word_1_16' title='bbox 2427 477 2610 526; x_wconf 91' lang='lat' dir='ltr'><strong>autem</strong></span> <span class='ocrx_word' id='word_1_17' title='bbox 2664 468 2832 542; x_wconf 61' lang='lat'><strong>258</strong></span> <span class='ocrx_word' id='word_1_18' title='bbox 2867 482 2964 539; x_wconf 89' lang='lat' dir='ltr'><strong>per</strong></span> <span class='ocrx_word' id='word_1_19' title='bbox 3009 466 3560 525; x_wconf 75' lang='lat' dir='ltr'><strong>communicationem</strong></span> 
     </span>
    </p>
   </div>
   <div class='ocr_carea' id='block_1_6' title="bbox 300 571 1884 649">
    <p class='ocr_par' dir='ltr' id='par_1_6' title="bbox 300 571 1884 649">
     <span class='ocr_line' id='line_1_6' title="bbox 300 571 1884 649; baseline -0.005 -17"><span class='ocrx_word' id='word_1_20' title='bbox 300 576 439 649; x_wconf 79' lang='grc' dir='ltr'>πυρὰ</span> <span class='ocrx_word' id='word_1_21' title='bbox 484 574 689 638; x_wconf 79' lang='grc' dir='ltr'>πολλὰ,</span> <span class='ocrx_word' id='word_1_22' title='bbox 719 574 835 645; x_wconf 82' lang='grc' dir='ltr'>τῆς</span> <span class='ocrx_word' id='word_1_23' title='bbox 880 574 944 628; x_wconf 83' lang='grc' dir='ltr'>δὲ</span> <span class='ocrx_word' id='word_1_24' title='bbox 976 573 1198 646; x_wconf 84' lang='grc' dir='ltr'><strong>πρώτης</strong></span> <span class='ocrx_word' id='word_1_25' title='bbox 1226 572 1381 644; x_wconf 71' lang='grc' dir='ltr'>δᾳδὸς</span> <span class='ocrx_word' id='word_1_26' title='bbox 1417 571 1506 626; x_wconf 89' lang='grc' dir='ltr'><strong>διά</strong></span> <span class='ocrx_word' id='word_1_27' title='bbox 1551 571 1651 643; x_wconf 83' lang='grc' dir='ltr'>τὴν</span> <span class='ocrx_word' id='word_1_28' title='bbox 1699 571 1884 640; x_wconf 67' lang='grc' dir='ltr'>ἔξαψιν</span> 
     </span>
    </p>
   </div>
   <div class='ocr_carea' id='block_1_7' title="bbox 296 663 1887 737">
    <p class='ocr_par' dir='ltr' id='par_1_7' title="bbox 296 663 1887 737">
     <span class='ocr_line' id='line_1_7' title="bbox 296 663 1887 737; baseline -0.005 -13"><span class='ocrx_word' id='word_1_29' title='bbox 296 668 398 724; x_wconf 81' lang='grc' dir='ltr'><strong>τῶν</strong></span> <span class='ocrx_word' id='word_1_30' title='bbox 427 666 642 720; x_wconf 79' lang='grc' dir='ltr'>πολλῶν</span> <span class='ocrx_word' id='word_1_31' title='bbox 667 665 853 737; x_wconf 81' lang='grc' dir='ltr'>δᾳδῶν</span> <span class='ocrx_word' id='word_1_32' title='bbox 882 667 987 719; x_wconf 82' lang='grc' dir='ltr'><strong>οὐκ</strong></span> <span class='ocrx_word' id='word_1_33' title='bbox 1011 664 1325 719; x_wconf 74' lang='grc' dir='ltr'><strong>ἐλαττοῦται</strong></span> <span class='ocrx_word' id='word_1_34' title='bbox 1355 665 1417 718; x_wconf 86' lang='grc' dir='ltr'><strong>τὸ</strong></span> <span class='ocrx_word' id='word_1_35' title='bbox 1450 664 1584 734; x_wconf 83' lang='grc' dir='ltr'>φῶς·</span> <span class='ocrx_word' id='word_1_36' title='bbox 1618 663 1765 718; x_wconf 74' lang='grc' dir='ltr'>οὕτω</span> <span class='ocrx_word' id='word_1_37' title='bbox 1793 664 1887 717; x_wconf 82' lang='grc' dir='ltr'><strong>καὶ</strong></span> 
     </span>
    </p>
   </div>
   <div class='ocr_carea' id='block_1_8' title="bbox 293 755 1886 831">
    <p class='ocr_par' dir='ltr' id='par_1_8' title="bbox 293 755 1886 831">
     <span class='ocr_line' id='line_1_8' title="bbox 293 755 1886 831; baseline -0.004 -15"><span class='ocrx_word' id='word_1_38' title='bbox 293 764 321 816; x_wconf 83' lang='grc' dir='ltr'><strong>ό</strong></span> <span class='ocrx_word' id='word_1_39' title='bbox 349 761 539 829; x_wconf 77' lang='grc' dir='ltr'>Λόγος,</span> <span class='ocrx_word' id='word_1_40' title='bbox 565 758 861 831; x_wconf 80' lang='grc' dir='ltr'>προελθὼν</span> <span class='ocrx_word' id='word_1_41' title='bbox 893 761 962 812; x_wconf 78' lang='grc' dir='ltr'>ὲκ</span> <span class='ocrx_word' id='word_1_42' title='bbox 979 759 1079 829; x_wconf 83' lang='grc' dir='ltr'>τῆς</span> <span class='ocrx_word' id='word_1_43' title='bbox 1106 757 1199 810; x_wconf 80' lang='grc' dir='ltr'>τοῦ</span> <span class='ocrx_word' id='word_1_44' title='bbox 1233 757 1444 830; x_wconf 84' lang='grc' dir='ltr'>Πατρὸς</span> <span class='ocrx_word' id='word_1_45' title='bbox 1467 756 1766 828; x_wconf 80' lang='grc' dir='ltr'>δυνάμεως,</span> <span class='ocrx_word' id='word_1_46' title='bbox 1786 755 1886 810; x_wconf 86' lang='grc' dir='ltr'><strong>οὐκ</strong></span> 
     </span>
    </p>
   </div>
   <div class='ocr_carea' id='block_1_9' title="bbox 292 844 1886 919">
    <p class='ocr_par' dir='ltr' id='par_1_9' title="bbox 292 844 1886 919">
     <span class='ocr_line' id='line_1_9' title="bbox 292 844 1886 919; baseline -0.001 -19"><span class='ocrx_word' id='word_1_47' title='bbox 292 851 481 917; x_wconf 72' lang='grc' dir='ltr'>ἄλογον</span> <span class='ocrx_word' id='word_1_48' title='bbox 524 847 806 918; x_wconf 83' lang='grc' dir='ltr'>πεποίηκε</span> <span class='ocrx_word' id='word_1_49' title='bbox 848 847 946 900; x_wconf 80' lang='grc' dir='ltr'><strong>τὸν</strong></span> <span class='ocrx_word' id='word_1_50' title='bbox 995 847 1374 917; x_wconf 81' lang='grc' dir='ltr'>γεγεννηκότα.</span> <span class='ocrx_word' id='word_1_51' title='bbox 1426 846 1537 901; x_wconf 74' lang='grc' dir='ltr'><strong>Καὶ</strong></span> <span class='ocrx_word' id='word_1_52' title='bbox 1575 846 1685 919; x_wconf 84' lang='grc' dir='ltr'>γὰρ</span> <span class='ocrx_word' id='word_1_53' title='bbox 1724 844 1886 909; x_wconf 83' lang='grc' dir='ltr'>αὐτὸς</span> 
     </span>
    </p>
   </div>
   <div class='ocr_carea' id='block_1_10' title="bbox 291 936 1884 1011">
    <p class='ocr_par' dir='ltr' id='par_1_10' title="bbox 291 936 1884 1011">
     <span class='ocr_line' id='line_1_10' title="bbox 291 936 1884 1011; baseline -0.002 -17"><span class='ocrx_word' id='word_1_54' title='bbox 291 940 397 1010; x_wconf 71' lang='grc' dir='ltr'><strong>ἐγὼ</strong></span> <span class='ocrx_word' id='word_1_55' title='bbox 429 940 603 1005; x_wconf 82' lang='grc' dir='ltr'>λαλῶ,</span> <span class='ocrx_word' id='word_1_56' title='bbox 629 940 729 993; x_wconf 78' lang='grc' dir='ltr'><strong>καὶ</strong></span> <span class='ocrx_word' id='word_1_57' title='bbox 775 940 939 1011; x_wconf 76' lang='grc' dir='ltr'>ὑμεῖς</span> <span class='ocrx_word' id='word_1_58' title='bbox 975 938 1222 1003; x_wconf 80' lang='grc' dir='ltr'>ἀκούετε,</span> <span class='ocrx_word' id='word_1_59' title='bbox 1247 939 1342 993; x_wconf 76' lang='grc' dir='ltr'><strong>καὶ</strong></span> <span class='ocrx_word' id='word_1_60' title='bbox 1370 938 1431 991; x_wconf 85' lang='grc' dir='ltr'><strong>οὐ</strong></span> <span class='ocrx_word' id='word_1_61' title='bbox 1456 938 1626 1010; x_wconf 86' lang='grc' dir='ltr'>δήπου</span> <span class='ocrx_word' id='word_1_62' title='bbox 1663 936 1750 991; x_wconf 85' lang='grc' dir='ltr'>διὰ</span> <span class='ocrx_word' id='word_1_63' title='bbox 1782 936 1884 1007; x_wconf 83' lang='grc' dir='ltr'><strong>τῆς</strong></span> 
     </span>
    </p>
   </div>
   <div class='ocr_carea' id='block_1_11' title="bbox 292 1027 1882 1101">
    <p class='ocr_par' dir='ltr' id='par_1_11' title="bbox 292 1027 1882 1101">
     <span class='ocr_line' id='line_1_11' title="bbox 292 1027 1882 1101; baseline -0.001 -18"><span class='ocrx_word' id='word_1_64' title='bbox 292 1029 651 1101; x_wconf 77' lang='grc' dir='ltr'>μεταϐάσεως</span> <span class='ocrx_word' id='word_1_65' title='bbox 708 1030 809 1083; x_wconf 82' lang='grc' dir='ltr'>τοῦ</span> <span class='ocrx_word' id='word_1_66' title='bbox 867 1028 1025 1099; x_wconf 84' lang='grc' dir='ltr'>λόγου</span> <span class='ocrx_word' id='word_1_67' title='bbox 1074 1029 1228 1093; x_wconf 83' lang='grc' dir='ltr'>κενὸς</span> <span class='ocrx_word' id='word_1_68' title='bbox 1264 1031 1294 1082; x_wconf 87' lang='grc' dir='ltr'><strong>ό</strong></span> <span class='ocrx_word' id='word_1_69' title='bbox 1335 1027 1680 1101; x_wconf 84' lang='grc' dir='ltr'><strong>προσομιλῶν</strong></span> <span class='ocrx_word' id='word_1_70' title='bbox 1724 1028 1882 1097; x_wconf 84' lang='grc' dir='ltr'>λόγου</span> 
     </span>
    </p>
   </div>
   <div class='ocr_carea' id='block_1_12' title="bbox 289 1119 1883 1194">
    <p class='ocr_par' dir='ltr' id='par_1_12' title="bbox 289 1119 1883 1194">
     <span class='ocr_line' id='line_1_12' title="bbox 289 1119 1883 1194; baseline 0.001 -20"><span class='ocrx_word' id='word_1_71' title='bbox 289 1122 530 1193; x_wconf 85' lang='grc' dir='ltr'>γίνομαι·</span> <span class='ocrx_word' id='word_1_72' title='bbox 565 1120 1011 1194; x_wconf 79' lang='grc' dir='ltr'>προϐαλλόμενος</span> <span class='ocrx_word' id='word_1_73' title='bbox 1040 1120 1097 1174; x_wconf 83' lang='grc' dir='ltr'>δὲ</span> <span class='ocrx_word' id='word_1_74' title='bbox 1123 1120 1223 1192; x_wconf 79' lang='grc' dir='ltr'><strong>τὴν</strong></span> <span class='ocrx_word' id='word_1_75' title='bbox 1252 1123 1277 1173; x_wconf 87' lang='grc' dir='ltr'>ὲ</span> <span class='ocrx_word' id='word_1_76' title='bbox 1286 1119 1488 1192; x_wconf 83' lang='grc' dir='ltr'>μαυτοῦ</span> <span class='ocrx_word' id='word_1_77' title='bbox 1535 1121 1737 1191; x_wconf 81' lang='grc' dir='ltr'>φωνὴν,</span> <span class='ocrx_word' id='word_1_78' title='bbox 1767 1122 1883 1175; x_wconf 87' lang='grc' dir='ltr'>δια-</span> 
     </span>
    </p>
   </div>
   <div class='ocr_carea' id='block_1_13' title="bbox 286 1212 1883 1286">
    <p class='ocr_par' dir='ltr' id='par_1_13' title="bbox 286 1212 1883 1286">
     <span class='ocr_line' id='line_1_13' title="bbox 286 1212 1883 1286; baseline -0.001 -18"><span class='ocrx_word' id='word_1_79' title='bbox 286 1217 513 1285; x_wconf 78' lang='grc' dir='ltr'><strong>κοσμεῖν</strong></span> <span class='ocrx_word' id='word_1_80' title='bbox 539 1214 646 1286; x_wconf 82' lang='grc' dir='ltr'>τὴν</span> <span class='ocrx_word' id='word_1_81' title='bbox 675 1216 734 1268; x_wconf 81' lang='grc' dir='ltr'>ὲν</span> <span class='ocrx_word' id='word_1_82' title='bbox 763 1215 893 1285; x_wconf 78' lang='grc' dir='ltr'>ὑμῖν</span> <span class='ocrx_word' id='word_1_83' title='bbox 920 1214 1229 1286; x_wconf 81' lang='grc' dir='ltr'><strong>ἀκόσμητον</strong></span> <span class='ocrx_word' id='word_1_84' title='bbox 1250 1212 1379 1284; x_wconf 74' lang='grc' dir='ltr'>ὓλην</span> <span class='ocrx_word' id='word_1_85' title='bbox 1407 1212 1747 1285; x_wconf 76' lang='grc' dir='ltr'>προῄρημαι.</span> <span class='ocrx_word' id='word_1_86' title='bbox 1773 1213 1883 1267; x_wconf 77' lang='grc' dir='ltr'><strong>Καὶ</strong></span> 
     </span>
    </p>
   </div>
   <div class='ocr_carea' id='block_1_14' title="bbox 287 1304 1881 1379">
    <p class='ocr_par' dir='ltr' id='par_1_14' title="bbox 287 1304 1881 1379">
     <span class='ocr_line' id='line_1_14' title="bbox 287 1304 1881 1379; baseline -0.002 -18"><span class='ocrx_word' id='word_1_87' title='bbox 287 1306 543 1377; x_wconf 68' lang='grc' dir='ltr'>καθάπερ</span> <span class='ocrx_word' id='word_1_88' title='bbox 566 1309 598 1359; x_wconf 85' lang='grc' dir='ltr'><strong>ό</strong></span> <span class='ocrx_word' id='word_1_89' title='bbox 614 1306 811 1375; x_wconf 79' lang='grc' dir='ltr'>Λόγος,</span> <span class='ocrx_word' id='word_1_90' title='bbox 834 1307 892 1360; x_wconf 82' lang='grc' dir='ltr'><strong>ὲν</strong></span> <span class='ocrx_word' id='word_1_91' title='bbox 914 1306 1055 1379; x_wconf 81' lang='grc' dir='ltr'>ἀρχῇ</span> <span class='ocrx_word' id='word_1_92' title='bbox 1083 1304 1381 1375; x_wconf 76' lang='grc' dir='ltr'>γεννηθεὶς,</span> <span class='ocrx_word' id='word_1_93' title='bbox 1402 1304 1754 1375; x_wconf 85' lang='grc' dir='ltr'>ἀντεγέννησε</span> <span class='ocrx_word' id='word_1_94' title='bbox 1772 1304 1881 1375; x_wconf 75' lang='grc'>(48)</span> 
     </span>
    </p>
   </div>
   <div class='ocr_carea' id='block_1_15' title="bbox 287 1394 1883 1469">
    <p class='ocr_par' dir='ltr' id='par_1_15' title="bbox 287 1394 1883 1469">
     <span class='ocr_line' id='line_1_15' title="bbox 287 1394 1883 1469; baseline -0.001 -20"><span class='ocrx_word' id='word_1_95' title='bbox 287 1399 382 1468; x_wconf 70' lang='grc' dir='ltr'><strong>τὴν</strong></span> <span class='ocrx_word' id='word_1_96' title='bbox 426 1397 737 1468; x_wconf 77' lang='grc' dir='ltr'>καθ’ήμᾶς</span> <span class='ocrx_word' id='word_1_97' title='bbox 777 1397 1018 1469; x_wconf 78' lang='grc' dir='ltr'>ποίησιν,</span> <span class='ocrx_word' id='word_1_98' title='bbox 1050 1396 1213 1460; x_wconf 77' lang='grc' dir='ltr'>αὐτὸς</span> <span class='ocrx_word' id='word_1_99' title='bbox 1257 1395 1437 1466; x_wconf 74' lang='grc' dir='ltr'>ἐαυτῷ</span> <span class='ocrx_word' id='word_1_100' title='bbox 1475 1396 1576 1465; x_wconf 84' lang='grc' dir='ltr'>τὴν</span> <span class='ocrx_word' id='word_1_101' title='bbox 1620 1394 1751 1467; x_wconf 77' lang='grc' dir='ltr'>ὓλην</span> <span class='ocrx_word' id='word_1_102' title='bbox 1788 1396 1883 1466; x_wconf 85' lang='grc' dir='ltr'>δη-</span> 
     </span>
    </p>
   </div>
   <div class='ocr_carea' id='block_1_16' title="bbox 290 1485 1880 1561">
    <p class='ocr_par' dir='ltr' id='par_1_16' title="bbox 290 1485 1880 1561">
     <span class='ocr_line' id='line_1_16' title="bbox 290 1485 1880 1561; baseline -0.001 -20"><span class='ocrx_word' id='word_1_103' title='bbox 290 1490 660 1561; x_wconf 77' lang='grc' dir='ltr'>μιουργήσας·</span> <span class='ocrx_word' id='word_1_104' title='bbox 696 1487 842 1542; x_wconf 80' lang='grc' dir='ltr'>οὕτω</span> <span class='ocrx_word' id='word_1_105' title='bbox 868 1486 1051 1558; x_wconf 87' lang='grc' dir='ltr'>κάγὼ,</span> <span class='ocrx_word' id='word_1_106' title='bbox 1095 1486 1236 1541; x_wconf 84' lang='grc' dir='ltr'>κατὰ</span> <span class='ocrx_word' id='word_1_107' title='bbox 1265 1487 1364 1558; x_wconf 80' lang='grc' dir='ltr'>τὴν</span> <span class='ocrx_word' id='word_1_108' title='bbox 1390 1486 1483 1540; x_wconf 79' lang='grc' dir='ltr'>τοῦ</span> <span class='ocrx_word' id='word_1_109' title='bbox 1504 1485 1677 1555; x_wconf 83' lang='grc' dir='ltr'>Λόγου</span> <span class='ocrx_word' id='word_1_110' title='bbox 1709 1487 1769 1558; x_wconf 90' lang='grc' dir='ltr'><strong>μί</strong></span> <span class='ocrx_word' id='word_1_111' title='bbox 1775 1504 1880 1558; x_wconf 85' lang='grc' dir='ltr'>μη-</span> 
     </span>
    </p>
   </div>
   <div class='ocr_carea' id='block_1_17' title="bbox 285 1576 1879 1650">
    <p class='ocr_par' dir='ltr' id='par_1_17' title="bbox 285 1576 1879 1650">
     <span class='ocr_line' id='line_1_17' title="bbox 285 1576 1879 1650; baseline 0 -17"><span class='ocrx_word' id='word_1_112' title='bbox 285 1598 367 1633; x_wconf 85' lang='grc' dir='ltr'><strong>σιν</strong></span> <span class='ocrx_word' id='word_1_113' title='bbox 407 1579 835 1650; x_wconf 82' lang='grc' dir='ltr'>ἀναγεννηθεὶς,</span> <span class='ocrx_word' id='word_1_114' title='bbox 882 1579 977 1633; x_wconf 74' lang='grc' dir='ltr'><strong>καὶ</strong></span> <span class='ocrx_word' id='word_1_115' title='bbox 1021 1580 1119 1649; x_wconf 82' lang='grc' dir='ltr'><strong>τὴν</strong></span> <span class='ocrx_word' id='word_1_116' title='bbox 1163 1579 1258 1632; x_wconf 83' lang='grc' dir='ltr'>τοῦ</span> <span class='ocrx_word' id='word_1_117' title='bbox 1301 1576 1534 1650; x_wconf 81' lang='grc' dir='ltr'>ἀληθοῦς</span> <span class='ocrx_word' id='word_1_118' title='bbox 1577 1578 1879 1650; x_wconf 78' lang='grc' dir='ltr'>κατάληψιν</span> 
     </span>
    </p>
   </div>
   <div class='ocr_carea' id='block_1_18' title="bbox 279 1670 1881 1742">
    <p class='ocr_par' dir='ltr' id='par_1_18' title="bbox 279 1670 1881 1742">
     <span class='ocr_line' id='line_1_18' title="bbox 279 1670 1881 1742; baseline 0.001 -20"><span class='ocrx_word' id='word_1_119' title='bbox 279 1670 680 1740; x_wconf 70' lang='grc' dir='ltr'>πεποιημένος,</span> <span class='ocrx_word' id='word_1_120' title='bbox 717 1670 1140 1742; x_wconf 77' lang='grc' dir='ltr'>μεταρῤυθμίζω</span> <span class='ocrx_word' id='word_1_121' title='bbox 1162 1670 1270 1742; x_wconf 77' lang='grc'>(49)</span> <span class='ocrx_word' id='word_1_122' title='bbox 1299 1670 1399 1742; x_wconf 81' lang='grc' dir='ltr'>τῆς</span> <span class='ocrx_word' id='word_1_123' title='bbox 1431 1670 1724 1739; x_wconf 80' lang='grc' dir='ltr'>συγγενοῦς</span> <span class='ocrx_word' id='word_1_124' title='bbox 1749 1670 1881 1742; x_wconf 74' lang='grc' dir='ltr'>ὕλης</span> 
     </span>
    </p>
   </div>
   <div class='ocr_carea' id='block_1_19' title="bbox 278 1761 1877 1837">
    <p class='ocr_par' dir='ltr' id='par_1_19' title="bbox 278 1761 1877 1837">
     <span class='ocr_line' id='line_1_19' title="bbox 278 1761 1877 1837; baseline 0.003 -23"><span class='ocrx_word' id='word_1_125' title='bbox 278 1763 371 1833; x_wconf 69' lang='grc' dir='ltr'>τὴν</span> <span class='ocrx_word' id='word_1_126' title='bbox 408 1764 707 1832; x_wconf 74' lang='grc' dir='ltr'>σύγχυσιν.</span> <span class='ocrx_word' id='word_1_127' title='bbox 765 1761 902 1817; x_wconf 77' lang='grc' dir='ltr'>Οὔτε</span> <span class='ocrx_word' id='word_1_128' title='bbox 946 1763 1055 1834; x_wconf 85' lang='grc' dir='ltr'>γὰρ</span> <span class='ocrx_word' id='word_1_129' title='bbox 1083 1764 1317 1837; x_wconf 77' lang='grc' dir='ltr'><strong>ἄναρχος</strong></span> <span class='ocrx_word' id='word_1_130' title='bbox 1344 1764 1378 1834; x_wconf 81' lang='grc' dir='ltr'>ἡ</span> <span class='ocrx_word' id='word_1_131' title='bbox 1415 1763 1513 1833; x_wconf 81' lang='grc' dir='ltr'>ὕλη</span> <span class='ocrx_word' id='word_1_132' title='bbox 1565 1763 1817 1837; x_wconf 84' lang='grc' dir='ltr'>καθάπερ</span> <span class='ocrx_word' id='word_1_133' title='bbox 1849 1766 1877 1818; x_wconf 90' lang='grc' dir='ltr'><strong>ό</strong></span> 
     </span>
    </p>
   </div>
   <div class='ocr_carea' id='block_1_20' title="bbox 1985 559 3559 639">
    <p class='ocr_par' dir='ltr' id='par_1_20' title="bbox 1985 559 3559 639">
     <span class='ocr_line' id='line_1_20' title="bbox 1985 559 3559 639; baseline -0.005 -17"><span class='ocrx_word' id='word_1_134' title='bbox 1985 566 2333 639; x_wconf 74' lang='lat' dir='ltr'><strong>progreditur</strong></span> <span class='ocrx_word' id='word_1_135' title='bbox 2381 562 2748 619; x_wconf 78' lang='lat' dir='ltr'><strong>voluntariam</strong></span> <span class='ocrx_word' id='word_1_136' title='bbox 2799 559 3330 614; x_wconf 80' lang='lat' dir='ltr'><strong>administrationem</strong></span> <span class='ocrx_word' id='word_1_137' title='bbox 3377 561 3559 616; x_wconf 85' lang='lat' dir='ltr'><strong>susci-</strong></span> 
     </span>
    </p>
   </div>
   <div class='ocr_carea' id='block_1_21' title="bbox 1984 652 3558 730">
    <p class='ocr_par' dir='ltr' id='par_1_21' title="bbox 1984 652 3558 730">
     <span class='ocr_line' id='line_1_21' title="bbox 1984 652 3558 730; baseline -0.004 -18"><span class='ocrx_word' id='word_1_138' title='bbox 1984 657 2175 730; x_wconf 90' lang='lat' dir='ltr'><strong>piens,</strong></span> <span class='ocrx_word' id='word_1_139' title='bbox 2210 657 2265 711; x_wconf 91' lang='lat' dir='ltr'><strong>id</strong></span> <span class='ocrx_word' id='word_1_140' title='bbox 2299 671 2424 712; x_wconf 94' lang='lat' dir='ltr'><strong>eum</strong></span> <span class='ocrx_word' id='word_1_141' title='bbox 2466 669 2576 709; x_wconf 92' lang='lat' dir='ltr'><strong>non</strong></span> <span class='ocrx_word' id='word_1_142' title='bbox 2628 652 2903 709; x_wconf 88' lang='lat' dir='ltr'><strong>imminuit</strong></span> <span class='ocrx_word' id='word_1_143' title='bbox 2944 667 3008 707; x_wconf 82' lang='lat' dir='ltr'><strong>ex</strong></span> <span class='ocrx_word' id='word_1_144' title='bbox 3059 666 3169 721; x_wconf 91' lang='lat' dir='ltr'><strong>quo</strong></span> <span class='ocrx_word' id='word_1_145' title='bbox 3211 654 3558 723; x_wconf 89' lang='lat' dir='ltr'><strong>desumptum</strong></span> 
     </span>
    </p>
   </div>
   <div class='ocr_carea' id='block_1_22' title="bbox 1982 743 3562 817">
    <p class='ocr_par' dir='ltr' id='par_1_22' title="bbox 1982 743 3562 817">
     <span class='ocr_line' id='line_1_22' title="bbox 1982 743 3562 817; baseline -0.004 -11"><span class='ocrx_word' id='word_1_146' title='bbox 1982 757 2086 807; x_wconf 89' lang='lat' dir='ltr'><strong>est.</strong></span> <span class='ocrx_word' id='word_1_147' title='bbox 2121 747 2589 817; x_wconf 84' lang='lat' dir='ltr'><strong>Quemadmodum</strong></span> <span class='ocrx_word' id='word_1_148' title='bbox 2621 746 2768 803; x_wconf 91' lang='lat' dir='ltr'><strong>enim</strong></span> <span class='ocrx_word' id='word_1_149' title='bbox 2801 761 2867 800; x_wconf 88' lang='lat' dir='ltr'><strong>ex</strong></span> <span class='ocrx_word' id='word_1_150' title='bbox 2906 759 3013 799; x_wconf 87' lang='lat' dir='ltr'><strong>una</strong></span> <span class='ocrx_word' id='word_1_151' title='bbox 3055 743 3173 799; x_wconf 85' lang='lat' dir='ltr'><strong>face</strong></span> <span class='ocrx_word' id='word_1_152' title='bbox 3213 744 3372 798; x_wconf 87' lang='lat' dir='ltr'><strong>multi</strong></span> <span class='ocrx_word' id='word_1_153' title='bbox 3406 744 3562 815; x_wconf 80' lang='lat' dir='ltr'><strong>ignes</strong></span> 
     </span>
    </p>
   </div>
   <div class='ocr_carea' id='block_1_23' title="bbox 1983 835 3559 907">
    <p class='ocr_par' dir='ltr' id='par_1_23' title="bbox 1983 835 3559 907">
     <span class='ocr_line' id='line_1_23' title="bbox 1983 835 3559 907; baseline -0.006 -11"><span class='ocrx_word' id='word_1_154' title='bbox 1983 841 2379 905; x_wconf 80' lang='lat' dir='ltr'><strong>accenduntur,</strong></span> <span class='ocrx_word' id='word_1_155' title='bbox 2405 854 2507 895; x_wconf 89' lang='lat' dir='ltr'><strong>nec</strong></span> <span class='ocrx_word' id='word_1_156' title='bbox 2528 845 2711 893; x_wconf 89' lang='lat' dir='ltr'><strong>tamen</strong></span> <span class='ocrx_word' id='word_1_157' title='bbox 2741 837 2931 907; x_wconf 75' lang='lat' dir='ltr'><strong>primae</strong></span> <span class='ocrx_word' id='word_1_158' title='bbox 2955 835 3114 899; x_wconf 80' lang='lat' dir='ltr'><strong>facis,</strong></span> <span class='ocrx_word' id='word_1_159' title='bbox 3146 836 3218 890; x_wconf 93' lang='lat' dir='ltr'><strong>ob</strong></span> <span class='ocrx_word' id='word_1_160' title='bbox 3248 837 3433 907; x_wconf 86' lang='lat' dir='ltr'><strong>plures</strong></span> <span class='ocrx_word' id='word_1_161' title='bbox 3463 850 3559 888; x_wconf 85' lang='lat' dir='ltr'><strong>ac-</strong></span> 
     </span>
    </p>
   </div>
   <div class='ocr_carea' id='block_1_24' title="bbox 1982 927 3563 998">
    <p class='ocr_par' dir='ltr' id='par_1_24' title="bbox 1982 927 3563 998">
     <span class='ocr_line' id='line_1_24' title="bbox 1982 927 3563 998; baseline -0.005 -8"><span class='ocrx_word' id='word_1_162' title='bbox 1982 948 2179 990; x_wconf 88' lang='lat' dir='ltr'><strong>censas</strong></span> <span class='ocrx_word' id='word_1_163' title='bbox 2221 932 2391 998; x_wconf 84' lang='lat' dir='ltr'><strong>faces,</strong></span> <span class='ocrx_word' id='word_1_164' title='bbox 2426 932 2520 986; x_wconf 82' lang='lat' dir='ltr'><strong>lux</strong></span> <span class='ocrx_word' id='word_1_165' title='bbox 2554 929 2939 985; x_wconf 88' lang='lat' dir='ltr'><strong>imminuitur:</strong></span> <span class='ocrx_word' id='word_1_166' title='bbox 2966 929 3047 985; x_wconf 91' lang='lat' dir='ltr'><strong>sic</strong></span> <span class='ocrx_word' id='word_1_167' title='bbox 3078 927 3317 984; x_wconf 83' lang='lat' dir='ltr'><strong>Verbum</strong></span> <span class='ocrx_word' id='word_1_168' title='bbox 3358 944 3425 985; x_wconf 79' lang='lat' dir='ltr'><strong>ex</strong></span> <span class='ocrx_word' id='word_1_169' title='bbox 3454 928 3563 983; x_wconf 87' lang='lat' dir='ltr'><strong>Pa-</strong></span> 
     </span>
    </p>
   </div>
   <div class='ocr_carea' id='block_1_25' title="bbox 1981 1018 3559 1097">
    <p class='ocr_par' dir='ltr' id='par_1_25' title="bbox 1981 1018 3559 1097">
     <span class='ocr_line' id='line_1_25' title="bbox 1981 1018 3559 1097; baseline -0.006 -14"><span class='ocrx_word' id='word_1_170' title='bbox 1981 1028 2083 1083; x_wconf 87' lang='lat' dir='ltr'><strong>tris</strong></span> <span class='ocrx_word' id='word_1_171' title='bbox 2114 1026 2357 1097; x_wconf 80' lang='lat' dir='ltr'><strong>phtentia</strong></span> <span class='ocrx_word' id='word_1_172' title='bbox 2404 1023 2680 1095; x_wconf 88' lang='lat' dir='ltr'><strong>prodicns,</strong></span> <span class='ocrx_word' id='word_1_173' title='bbox 2717 1022 3021 1093; x_wconf 81' lang='lat' dir='ltr'><strong>genitorem</strong></span> <span class='ocrx_word' id='word_1_174' title='bbox 3068 1018 3235 1077; x_wconf 89' lang='lat' dir='ltr'><strong>Verbi</strong></span> <span class='ocrx_word' id='word_1_175' title='bbox 3282 1029 3559 1093; x_wconf 83' lang='lat' dir='ltr'><strong>expertem</strong></span> 
     </span>
    </p>
   </div>
   <div class='ocr_carea' id='block_1_26' title="bbox 1981 1113 3560 1186">
    <p class='ocr_par' dir='ltr' id='par_1_26' title="bbox 1981 1113 3560 1186">
     <span class='ocr_line' id='line_1_26' title="bbox 1981 1113 3560 1186; baseline -0.006 -13"><span class='ocrx_word' id='word_1_176' title='bbox 1981 1133 2091 1173; x_wconf 91' lang='lat' dir='ltr'><strong>non</strong></span> <span class='ocrx_word' id='word_1_177' title='bbox 2131 1117 2278 1173; x_wconf 83' lang='lat' dir='ltr'><strong>fecit.</strong></span> <span class='ocrx_word' id='word_1_178' title='bbox 2316 1114 2450 1170; x_wconf 86' lang='lat' dir='ltr'><strong>Nam</strong></span> <span class='ocrx_word' id='word_1_179' title='bbox 2484 1125 2539 1171; x_wconf 88' lang='lat' dir='ltr'><strong>et</strong></span> <span class='ocrx_word' id='word_1_180' title='bbox 2568 1130 2671 1186; x_wconf 92' lang='lat' dir='ltr'><strong>ego</strong></span> <span class='ocrx_word' id='word_1_181' title='bbox 2713 1114 2912 1184; x_wconf 91' lang='lat' dir='ltr'><strong>loquor</strong></span> <span class='ocrx_word' id='word_1_182' title='bbox 2960 1119 3017 1168; x_wconf 90' lang='lat' dir='ltr'><strong>ct</strong></span> <span class='ocrx_word' id='word_1_183' title='bbox 3050 1128 3149 1169; x_wconf 81' lang='lat' dir='ltr'><strong>vos</strong></span> <span class='ocrx_word' id='word_1_184' title='bbox 3184 1113 3423 1180; x_wconf 86' lang='lat' dir='ltr'><strong>auditis;</strong></span> <span class='ocrx_word' id='word_1_185' title='bbox 3456 1126 3560 1165; x_wconf 90' lang='lat' dir='ltr'><strong>nec</strong></span> 
     </span>
    </p>
   </div>
   <div class='ocr_carea' id='block_1_27' title="bbox 1981 1203 3561 1279">
    <p class='ocr_par' dir='ltr' id='par_1_27' title="bbox 1981 1203 3561 1279">
     <span class='ocr_line' id='line_1_27' title="bbox 1981 1203 3561 1279; baseline -0.006 -16"><span class='ocrx_word' id='word_1_186' title='bbox 1981 1215 2207 1279; x_wconf 85' lang='lat' dir='ltr'><strong>propter</strong></span> <span class='ocrx_word' id='word_1_187' title='bbox 2238 1206 2713 1263; x_wconf 88' lang='lat' dir='ltr'><strong>transmissionem</strong></span> <span class='ocrx_word' id='word_1_188' title='bbox 2747 1204 3017 1260; x_wconf 89' lang='lat' dir='ltr'><strong>sermonis</strong></span> <span class='ocrx_word' id='word_1_189' title='bbox 3050 1218 3152 1276; x_wconf 83' lang='lat' dir='ltr'><strong>ego</strong></span> <span class='ocrx_word' id='word_1_190' title='bbox 3185 1203 3280 1273; x_wconf 89' lang='lat' dir='ltr'><strong>qui</strong></span> <span class='ocrx_word' id='word_1_191' title='bbox 3311 1204 3561 1272; x_wconf 91' lang='lat' dir='ltr'><strong>alloquor</strong></span> 
     </span>
    </p>
   </div>
   <div class='ocr_carea' id='block_1_28' title="bbox 1981 1294 3562 1366">
    <p class='ocr_par' dir='ltr' id='par_1_28' title="bbox 1981 1294 3562 1366">
     <span class='ocr_line' id='line_1_28' title="bbox 1981 1294 3562 1366; baseline -0.002 -11"><span class='ocrx_word' id='word_1_192' title='bbox 1981 1315 2234 1355; x_wconf 90' lang='lat' dir='ltr'><strong>sermone</strong></span> <span class='ocrx_word' id='word_1_193' title='bbox 2281 1313 2493 1355; x_wconf 83' lang='lat' dir='ltr'><strong>vacuus</strong></span> <span class='ocrx_word' id='word_1_194' title='bbox 2536 1297 2637 1366; x_wconf 86' lang='lat' dir='ltr'><strong>fio;</strong></span> <span class='ocrx_word' id='word_1_195' title='bbox 2684 1297 2783 1354; x_wconf 88' lang='lat' dir='ltr'><strong>sed</strong></span> <span class='ocrx_word' id='word_1_196' title='bbox 2832 1311 3025 1351; x_wconf 85' lang='lat' dir='ltr'><strong>vocem</strong></span> <span class='ocrx_word' id='word_1_197' title='bbox 3060 1310 3236 1350; x_wconf 85' lang='lat' dir='ltr'><strong>meam</strong></span> <span class='ocrx_word' id='word_1_198' title='bbox 3273 1294 3562 1365; x_wconf 86' lang='lat' dir='ltr'><strong>proferens</strong></span> 
     </span>
    </p>
   </div>
   <div class='ocr_carea' id='block_1_29' title="bbox 1979 1386 3564 1446">
    <p class='ocr_par' dir='ltr' id='par_1_29' title="bbox 1979 1386 3564 1446">
     <span class='ocr_line' id='line_1_29' title="bbox 1979 1386 3564 1446; baseline -0.003 0"><span class='ocrx_word' id='word_1_199' title='bbox 1979 1391 2265 1446; x_wconf 86' lang='lat' dir='ltr'><strong>materiam</strong></span> <span class='ocrx_word' id='word_1_200' title='bbox 2296 1390 2353 1443; x_wconf 89' lang='lat' dir='ltr'><strong>in</strong></span> <span class='ocrx_word' id='word_1_201' title='bbox 2385 1389 2544 1445; x_wconf 81' lang='lat' dir='ltr'><strong>vobis</strong></span> <span class='ocrx_word' id='word_1_202' title='bbox 2592 1389 2901 1443; x_wconf 82' lang='lat' dir='ltr'><strong>inornatam</strong></span> <span class='ocrx_word' id='word_1_203' title='bbox 2946 1401 3147 1442; x_wconf 87' lang='lat' dir='ltr'><strong>ornare</strong></span> <span class='ocrx_word' id='word_1_204' title='bbox 3191 1387 3440 1443; x_wconf 90' lang='lat' dir='ltr'><strong>instituo.</strong></span> <span class='ocrx_word' id='word_1_205' title='bbox 3494 1386 3564 1442; x_wconf 85' lang='lat' dir='ltr'><strong>Et</strong></span> 
     </span>
    </p>
   </div>
   <div class='ocr_carea' id='block_1_30' title="bbox 1979 1477 3564 1552">
    <p class='ocr_par' dir='ltr' id='par_1_30' title="bbox 1979 1477 3564 1552">
     <span class='ocr_line' id='line_1_30' title="bbox 1979 1477 3564 1552; baseline -0.003 -15"><span class='ocrx_word' id='word_1_206' title='bbox 1979 1481 2443 1552; x_wconf 76' lang='lat' dir='ltr'><strong>quemadmodum</strong></span> <span class='ocrx_word' id='word_1_207' title='bbox 2490 1477 2733 1535; x_wconf 80' lang='lat' dir='ltr'><strong>Verbum</strong></span> <span class='ocrx_word' id='word_1_208' title='bbox 2770 1480 2824 1533; x_wconf 91' lang='lat' dir='ltr'><strong>in</strong></span> <span class='ocrx_word' id='word_1_209' title='bbox 2875 1478 3149 1549; x_wconf 90' lang='lat' dir='ltr'><strong>principio</strong></span> <span class='ocrx_word' id='word_1_210' title='bbox 3182 1479 3447 1549; x_wconf 91' lang='lat' dir='ltr'><strong>genitum,</strong></span> <span class='ocrx_word' id='word_1_211' title='bbox 3477 1478 3564 1533; x_wconf 81' lang='lat' dir='ltr'><strong>vi-</strong></span> 
     </span>
    </p>
   </div>
   <div class='ocr_carea' id='block_1_31' title="bbox 1979 1570 3562 1641">
    <p class='ocr_par' dir='ltr' id='par_1_31' title="bbox 1979 1570 3562 1641">
     <span class='ocr_line' id='line_1_31' title="bbox 1979 1570 3562 1641; baseline -0.003 -12"><span class='ocrx_word' id='word_1_212' title='bbox 1979 1574 2168 1630; x_wconf 92' lang='lat' dir='ltr'><strong>cissim</strong></span> <span class='ocrx_word' id='word_1_213' title='bbox 2217 1571 2482 1628; x_wconf 90' lang='lat' dir='ltr'><strong>mundum</strong></span> <span class='ocrx_word' id='word_1_214' title='bbox 2539 1579 2789 1627; x_wconf 90' lang='lat' dir='ltr'><strong>nostrum</strong></span> <span class='ocrx_word' id='word_1_215' title='bbox 2824 1570 3033 1641; x_wconf 90' lang='lat' dir='ltr'><strong>genuit,</strong></span> <span class='ocrx_word' id='word_1_216' title='bbox 3070 1586 3193 1626; x_wconf 90' lang='lat' dir='ltr'><strong>cum</strong></span> <span class='ocrx_word' id='word_1_217' title='bbox 3240 1571 3419 1641; x_wconf 91' lang='lat' dir='ltr'><strong>ipsum</strong></span> <span class='ocrx_word' id='word_1_218' title='bbox 3453 1570 3562 1626; x_wconf 90' lang='lat' dir='ltr'><strong>sibi</strong></span> 
     </span>
    </p>
   </div>
   <div class='ocr_carea' id='block_1_32' title="bbox 1978 1663 3562 1737">
    <p class='ocr_par' dir='ltr' id='par_1_32' title="bbox 1978 1663 3562 1737">
     <span class='ocr_line' id='line_1_32' title="bbox 1978 1663 3562 1737; baseline -0.003 -17"><span class='ocrx_word' id='word_1_219' title='bbox 1978 1666 2264 1721; x_wconf 86' lang='lat' dir='ltr'><strong>materiam</strong></span> <span class='ocrx_word' id='word_1_220' title='bbox 2294 1666 2679 1737; x_wconf 84' lang='lat' dir='ltr'><strong>produxisset,</strong></span> <span class='ocrx_word' id='word_1_221' title='bbox 2711 1664 2793 1721; x_wconf 86' lang='lat' dir='ltr'><strong>sic</strong></span> <span class='ocrx_word' id='word_1_222' title='bbox 2823 1679 2926 1734; x_wconf 89' lang='lat' dir='ltr'><strong>ego</strong></span> <span class='ocrx_word' id='word_1_223' title='bbox 2957 1679 3175 1734; x_wconf 88' lang='lat' dir='ltr'><strong>quoque</strong></span> <span class='ocrx_word' id='word_1_224' title='bbox 3201 1664 3270 1719; x_wconf 88' lang='lat' dir='ltr'><strong>ad</strong></span> <span class='ocrx_word' id='word_1_225' title='bbox 3299 1663 3562 1718; x_wconf 90' lang='lat' dir='ltr'><strong>imitatio-</strong></span> 
     </span>
    </p>
   </div>
   <div class='ocr_carea' id='block_1_33' title="bbox 1979 1753 3562 1828">
    <p class='ocr_par' dir='ltr' id='par_1_33' title="bbox 1979 1753 3562 1828">
     <span class='ocr_line' id='line_1_33' title="bbox 1979 1753 3562 1828; baseline -0.002 -17"><span class='ocrx_word' id='word_1_226' title='bbox 1979 1772 2103 1813; x_wconf 92' lang='lat' dir='ltr'><strong>nem</strong></span> <span class='ocrx_word' id='word_1_227' title='bbox 2145 1756 2309 1812; x_wconf 91' lang='lat' dir='ltr'><strong>Verbi</strong></span> <span class='ocrx_word' id='word_1_228' title='bbox 2358 1764 2714 1828; x_wconf 80' lang='lat' dir='ltr'><strong>regeneratus</strong></span> <span class='ocrx_word' id='word_1_229' title='bbox 2743 1763 2797 1811; x_wconf 89' lang='lat' dir='ltr'><strong>et</strong></span> <span class='ocrx_word' id='word_1_230' title='bbox 2829 1754 3079 1809; x_wconf 85' lang='lat' dir='ltr'><strong>veritatis</strong></span> <span class='ocrx_word' id='word_1_231' title='bbox 3111 1753 3423 1809; x_wconf 87' lang='lat' dir='ltr'><strong>illustratus</strong></span> <span class='ocrx_word' id='word_1_232' title='bbox 3463 1768 3562 1808; x_wconf 88' lang='lat' dir='ltr'><strong>co-</strong></span> 
     </span>
    </p>
   </div>
   <div class='ocr_carea' id='block_1_34' title="bbox 274 1828 1868 1929">
    <p class='ocr_par' dir='ltr' id='par_1_34' title="bbox 274 1828 1868 1929">
     <span class='ocr_line' id='line_1_34' title="bbox 274 1828 1868 1929; baseline 0.003 -23"><span class='ocrx_word' id='word_1_233' title='bbox 274 1828 407 1917; x_wconf 65' lang='grc' dir='ltr'><strong>θέδς</strong></span> <span class='ocrx_word' id='word_1_234' title='bbox 437 1828 583 1926; x_wconf 59' lang='grc' dir='ltr'>(εὖ),</span> <span class='ocrx_word' id='word_1_235' title='bbox 616 1856 743 1909; x_wconf 75' lang='grc' dir='ltr'>οὐδὲ</span> <span class='ocrx_word' id='word_1_236' title='bbox 768 1855 858 1909; x_wconf 88' lang='grc' dir='ltr'><strong>διά</strong></span> <span class='ocrx_word' id='word_1_237' title='bbox 888 1828 1526 1929; x_wconf 55' lang='grc' dir='ltr'><strong>τδ’άραρχοὺ”καιάιτὴ</strong></span> <span class='ocrx_word' id='word_1_238' title='bbox 1560 1828 1868 1928; x_wconf 80' lang='grc' dir='ltr'>ίσοδύναμος</span> 
     </span>
    </p>
   </div>
   <div class='ocr_carea' id='block_1_35' title="bbox 1973 1828 3561 1929">
    <p class='ocr_par' dir='ltr' id='par_1_35' title="bbox 1978 1845 3561 1919">
     <span class='ocr_line' id='line_1_35' title="bbox 1978 1845 3561 1919; baseline -0.003 -17"><span class='ocrx_word' id='word_1_239' title='bbox 1978 1849 2242 1919; x_wconf 82' lang='lat' dir='ltr'><strong>gnitione,</strong></span> <span class='ocrx_word' id='word_1_240' title='bbox 2261 1849 2502 1904; x_wconf 75' lang='lat' dir='ltr'><strong>materiae</strong></span> <span class='ocrx_word' id='word_1_241' title='bbox 2526 1848 2659 1903; x_wconf 92' lang='lat' dir='ltr'><strong>mihi</strong></span> <span class='ocrx_word' id='word_1_242' title='bbox 2689 1853 2935 1918; x_wconf 68' lang='lat' dir='ltr'><strong>cognatm</strong></span> <span class='ocrx_word' id='word_1_243' title='bbox 2962 1845 3342 1902; x_wconf 83' lang='lat' dir='ltr'><strong>confusionem</strong></span> <span class='ocrx_word' id='word_1_244' title='bbox 3372 1858 3561 1899; x_wconf 88' lang='lat' dir='ltr'><strong>emen-</strong></span> 
     </span>
    </p>
   </div>
   <div class='ocr_carea' id='block_1_36' title="bbox 276 1945 1873 2018">
    <p class='ocr_par' dir='ltr' id='par_1_36' title="bbox 276 1945 1873 2018">
     <span class='ocr_line' id='line_1_36' title="bbox 276 1945 1873 2018; baseline 0.003 -21"><span class='ocrx_word' id='word_1_245' title='bbox 276 1945 351 2015; x_wconf 76' lang='grc' dir='ltr'>τῷ</span> <span class='ocrx_word' id='word_1_246' title='bbox 375 1945 522 2016; x_wconf 82' lang='grc' dir='ltr'><strong>Θεῷ·</strong></span> <span class='ocrx_word' id='word_1_247' title='bbox 559 1946 803 2018; x_wconf 78' lang='grc' dir='ltr'>γεννητὴ</span> <span class='ocrx_word' id='word_1_248' title='bbox 825 1947 883 1999; x_wconf 81' lang='grc' dir='ltr'>δὲ</span> <span class='ocrx_word' id='word_1_249' title='bbox 907 1948 1002 2000; x_wconf 74' lang='grc' dir='ltr'>καὶ</span> <span class='ocrx_word' id='word_1_250' title='bbox 1023 1947 1119 2010; x_wconf 80' lang='grc' dir='ltr'>οὐχ</span> <span class='ocrx_word' id='word_1_251' title='bbox 1149 1947 1256 2001; x_wconf 81' lang='grc' dir='ltr'>ὑπὸ</span> <span class='ocrx_word' id='word_1_252' title='bbox 1280 1947 1375 2000; x_wconf 84' lang='grc' dir='ltr'>τοῦ</span> <span class='ocrx_word' id='word_1_253' title='bbox 1407 1947 1567 2003; x_wconf 71' lang='grc' dir='ltr'>ἄλλου</span> <span class='ocrx_word' id='word_1_254' title='bbox 1596 1952 1873 2017; x_wconf 87' lang='grc' dir='ltr'>γεγονυῖα,</span> 
     </span>
    </p>
   </div>
   <div class='ocr_carea' id='block_1_37' title="bbox 279 2037 1875 2111">
    <p class='ocr_par' dir='ltr' id='par_1_37' title="bbox 279 2037 1875 2111">
     <span class='ocr_line' id='line_1_37' title="bbox 279 2037 1875 2111; baseline 0.001 -21"><span class='ocrx_word' id='word_1_255' title='bbox 279 2038 439 2109; x_wconf 77' lang='grc' dir='ltr'>μόνου</span> <span class='ocrx_word' id='word_1_256' title='bbox 486 2038 546 2092; x_wconf 83' lang='grc' dir='ltr'>δὲ</span> <span class='ocrx_word' id='word_1_257' title='bbox 594 2039 706 2092; x_wconf 82' lang='grc' dir='ltr'><strong>ὑπὸ</strong></span> <span class='ocrx_word' id='word_1_258' title='bbox 756 2037 850 2091; x_wconf 79' lang='grc' dir='ltr'>τοῦ</span> <span class='ocrx_word' id='word_1_259' title='bbox 911 2037 1129 2092; x_wconf 83' lang='grc' dir='ltr'>πάντων</span> <span class='ocrx_word' id='word_1_260' title='bbox 1186 2037 1519 2111; x_wconf 80' lang='grc' dir='ltr'>δημιουργοῦ</span> <span class='ocrx_word' id='word_1_261' title='bbox 1573 2039 1875 2111; x_wconf 77' lang='grc' dir='ltr'>προϐεϐλη-</span> 
     </span>
    </p>
   </div>
   <div class='ocr_carea' id='block_1_38' title="bbox 277 2132 433 2202">
    <p class='ocr_par' dir='ltr' id='par_1_38' title="bbox 277 2132 433 2202">
     <span class='ocr_line' id='line_1_38' title="bbox 277 2132 433 2202; baseline 0 -17"><span class='ocrx_word' id='word_1_262' title='bbox 277 2132 433 2202; x_wconf 77' lang='grc' dir='ltr'>μένη.</span> 
     </span>
    </p>
   </div>
   <div class='ocr_carea' id='block_1_39' title="bbox 338 2322 1873 2397">
    <p class='ocr_par' dir='ltr' id='par_1_39' title="bbox 338 2322 1873 2397">
     <span class='ocr_line' id='line_1_39' title="bbox 338 2322 1873 2397; baseline 0.002 -20"><span class='ocrx_word' id='word_1_263' title='bbox 338 2322 390 2377; x_wconf 89' lang='grc'><strong>6.</strong></span> <span class='ocrx_word' id='word_1_264' title='bbox 432 2324 549 2377; x_wconf 75' lang='grc' dir='ltr'><strong>Καὶ</strong></span> <span class='ocrx_word' id='word_1_265' title='bbox 572 2322 670 2375; x_wconf 79' lang='grc' dir='ltr'>διὰ</span> <span class='ocrx_word' id='word_1_266' title='bbox 690 2322 851 2377; x_wconf 79' lang='grc' dir='ltr'>τοῦτο</span> <span class='ocrx_word' id='word_1_267' title='bbox 887 2323 982 2377; x_wconf 77' lang='grc' dir='ltr'>καὶ</span> <span class='ocrx_word' id='word_1_268' title='bbox 1012 2324 1275 2394; x_wconf 81' lang='grc' dir='ltr'>σωμάτων</span> <span class='ocrx_word' id='word_1_269' title='bbox 1297 2323 1407 2397; x_wconf 79' lang='grc'>(51)</span> <span class='ocrx_word' id='word_1_270' title='bbox 1432 2325 1726 2380; x_wconf 81' lang='grc' dir='ltr'>ἀνάστασιν</span> <span class='ocrx_word' id='word_1_271' title='bbox 1755 2328 1873 2380; x_wconf 77' lang='grc' dir='ltr'>ἐσε-</span> 
     </span>
    </p>
   </div>
   <div class='ocr_carea' id='block_1_40' title="bbox 272 2414 1869 2486">
    <p class='ocr_par' dir='ltr' id='par_1_40' title="bbox 272 2414 1869 2486">
     <span class='ocr_line' id='line_1_40' title="bbox 272 2414 1869 2486; baseline 0.003 -19"><span class='ocrx_word' id='word_1_272' title='bbox 272 2414 391 2467; x_wconf 78' lang='grc' dir='ltr'>σθαι</span> <span class='ocrx_word' id='word_1_273' title='bbox 425 2415 894 2485; x_wconf 74' lang='grc' dir='ltr'>πεπιστεύκαμεν</span> <span class='ocrx_word' id='word_1_274' title='bbox 931 2414 1070 2485; x_wconf 87' lang='grc' dir='ltr'><strong>μετά</strong></span> <span class='ocrx_word' id='word_1_275' title='bbox 1099 2416 1199 2486; x_wconf 79' lang='grc' dir='ltr'>τὴν</span> <span class='ocrx_word' id='word_1_276' title='bbox 1225 2415 1333 2469; x_wconf 82' lang='grc' dir='ltr'><strong>τῶν</strong></span> <span class='ocrx_word' id='word_1_277' title='bbox 1362 2416 1497 2470; x_wconf 84' lang='grc' dir='ltr'>ὅλων</span> <span class='ocrx_word' id='word_1_278' title='bbox 1543 2417 1869 2484; x_wconf 80' lang='grc' dir='ltr'>συντέλειαν,</span> 
     </span>
    </p>
   </div>
   <div class='ocr_carea' id='block_1_41' title="bbox 270 2506 1872 2577">
    <p class='ocr_par' dir='ltr' id='par_1_41' title="bbox 270 2506 1872 2577">
     <span class='ocr_line' id='line_1_41' title="bbox 270 2506 1872 2577; baseline 0.003 -18"><span class='ocrx_word' id='word_1_279' title='bbox 270 2507 364 2577; x_wconf 72' lang='grc' dir='ltr'><strong>οὐχ</strong></span> <span class='ocrx_word' id='word_1_280' title='bbox 392 2506 473 2567; x_wconf 81' lang='grc' dir='ltr'>ὡς</span> <span class='ocrx_word' id='word_1_281' title='bbox 504 2506 561 2558; x_wconf 79' lang='grc' dir='ltr'>οἱ</span> <span class='ocrx_word' id='word_1_282' title='bbox 608 2506 844 2559; x_wconf 78' lang='grc' dir='ltr'>Στωϊκοὶ</span> <span class='ocrx_word' id='word_1_283' title='bbox 876 2506 1261 2577; x_wconf 75' lang='grc' dir='ltr'>δογματίζουσι</span> <span class='ocrx_word' id='word_1_284' title='bbox 1297 2508 1442 2563; x_wconf 86' lang='grc' dir='ltr'><strong>κατά</strong></span> <span class='ocrx_word' id='word_1_285' title='bbox 1471 2525 1624 2573; x_wconf 87' lang='grc' dir='ltr'>τινας</span> <span class='ocrx_word' id='word_1_286' title='bbox 1656 2509 1872 2564; x_wconf 83' lang='grc' dir='ltr'>κύκλων</span> 
     </span>
    </p>
   </div>
   <div class='ocr_carea' id='block_1_42' title="bbox 270 2598 1870 2672">
    <p class='ocr_par' dir='ltr' id='par_1_42' title="bbox 270 2598 1870 2672">
     <span class='ocr_line' id='line_1_42' title="bbox 270 2598 1870 2672; baseline 0.003 -22"><span class='ocrx_word' id='word_1_287' title='bbox 270 2598 581 2670; x_wconf 71' lang='grc' dir='ltr'>περιόδους,</span> <span class='ocrx_word' id='word_1_288' title='bbox 615 2598 920 2669; x_wconf 80' lang='grc' dir='ltr'>γινομένων</span> <span class='ocrx_word' id='word_1_289' title='bbox 948 2599 1036 2653; x_wconf 72' lang='grc' dir='ltr'><strong>ἀεὶ</strong></span> <span class='ocrx_word' id='word_1_290' title='bbox 1067 2599 1161 2652; x_wconf 80' lang='grc' dir='ltr'><strong>καὶ</strong></span> <span class='ocrx_word' id='word_1_291' title='bbox 1198 2600 1604 2672; x_wconf 81' lang='grc' dir='ltr'>ἀπογινομένων</span> <span class='ocrx_word' id='word_1_292' title='bbox 1630 2602 1737 2656; x_wconf 87' lang='grc' dir='ltr'><strong>τῶν</strong></span> <span class='ocrx_word' id='word_1_293' title='bbox 1769 2602 1870 2657; x_wconf 83' lang='grc' dir='ltr'><strong>αὐ-</strong></span> 
     </span>
    </p>
   </div>
   <div class='ocr_carea' id='block_1_43' title="bbox 268 2690 1871 2767">
    <p class='ocr_par' dir='ltr' id='par_1_43' title="bbox 268 2690 1871 2767">
     <span class='ocr_line' id='line_1_43' title="bbox 268 2690 1871 2767; baseline 0.003 -23"><span class='ocrx_word' id='word_1_294' title='bbox 268 2691 396 2755; x_wconf 78' lang='grc' dir='ltr'>τῶν,</span> <span class='ocrx_word' id='word_1_295' title='bbox 428 2693 537 2745; x_wconf 79' lang='grc' dir='ltr'><strong>οὐκ</strong></span> <span class='ocrx_word' id='word_1_296' title='bbox 581 2691 681 2745; x_wconf 61' lang='lat' dir='ltr'><strong>ent</strong></span> <span class='ocrx_word' id='word_1_297' title='bbox 722 2709 773 2744; x_wconf 90' lang='grc' dir='ltr'><strong>τι</strong></span> <span class='ocrx_word' id='word_1_298' title='bbox 816 2693 1103 2763; x_wconf 80' lang='grc' dir='ltr'>χρήσιμον·</span> <span class='ocrx_word' id='word_1_299' title='bbox 1157 2690 1303 2757; x_wconf 74' lang='grc' dir='ltr'>ἅπαξ</span> <span class='ocrx_word' id='word_1_300' title='bbox 1332 2693 1411 2758; x_wconf 84' lang='grc' dir='ltr'>δὲ,</span> <span class='ocrx_word' id='word_1_301' title='bbox 1441 2694 1549 2749; x_wconf 84' lang='grc' dir='ltr'>τῶν</span> <span class='ocrx_word' id='word_1_302' title='bbox 1583 2694 1871 2767; x_wconf 80' lang='grc' dir='ltr'>καθ’ήμᾶς</span> 
     </span>
    </p>
   </div>
   <div class='ocr_carea' id='block_1_44' title="bbox 269 2783 1871 2860">
    <p class='ocr_par' dir='ltr' id='par_1_44' title="bbox 269 2783 1871 2860">
     <span class='ocr_line' id='line_1_44' title="bbox 269 2783 1871 2860; baseline 0.004 -24"><span class='ocrx_word' id='word_1_303' title='bbox 269 2783 482 2837; x_wconf 72' lang='grc' dir='ltr'>αἰώνων</span> <span class='ocrx_word' id='word_1_304' title='bbox 510 2784 983 2856; x_wconf 77' lang='grc' dir='ltr'>πεπερασμένων,</span> <span class='ocrx_word' id='word_1_305' title='bbox 1017 2786 1113 2839; x_wconf 73' lang='grc' dir='ltr'>καὶ</span> <span class='ocrx_word' id='word_1_306' title='bbox 1144 2788 1225 2849; x_wconf 79' lang='grc' dir='ltr'><strong>εἰς</strong></span> <span class='ocrx_word' id='word_1_307' title='bbox 1249 2784 1313 2840; x_wconf 76' lang='grc' dir='ltr'>τὸ</span> <span class='ocrx_word' id='word_1_308' title='bbox 1342 2787 1621 2853; x_wconf 82' lang='grc' dir='ltr'>παντελὲς,</span> <span class='ocrx_word' id='word_1_309' title='bbox 1651 2788 1740 2842; x_wconf 78' lang='grc' dir='ltr'>διὰ</span> <span class='ocrx_word' id='word_1_310' title='bbox 1776 2789 1871 2860; x_wconf 90' lang='grc' dir='ltr'>μό-</span> 
     </span>
    </p>
   </div>
   <div class='ocr_carea' id='block_1_45' title="bbox 268 2873 1868 2953">
    <p class='ocr_par' dir='ltr' id='par_1_45' title="bbox 268 2873 1868 2953">
     <span class='ocr_line' id='line_1_45' title="bbox 268 2873 1868 2953; baseline 0.004 -26"><span class='ocrx_word' id='word_1_311' title='bbox 268 2889 376 2928; x_wconf 78' lang='grc' dir='ltr'>νων</span> <span class='ocrx_word' id='word_1_312' title='bbox 411 2874 529 2927; x_wconf 83' lang='grc' dir='ltr'><strong>τῶν</strong></span> <span class='ocrx_word' id='word_1_313' title='bbox 576 2873 890 2947; x_wconf 82' lang='grc' dir='ltr'>ἀνθρώπων</span> <span class='ocrx_word' id='word_1_314' title='bbox 930 2875 1031 2947; x_wconf 81' lang='grc' dir='ltr'><strong>τὴν</strong></span> <span class='ocrx_word' id='word_1_315' title='bbox 1084 2876 1339 2932; x_wconf 81' lang='grc' dir='ltr'>σύστασιν</span> <span class='ocrx_word' id='word_1_316' title='bbox 1412 2877 1661 2943; x_wconf 75' lang='grc' dir='ltr'>ἔσεσθαι,</span> <span class='ocrx_word' id='word_1_317' title='bbox 1708 2880 1868 2953; x_wconf 82' lang='grc' dir='ltr'>χάριν</span> 
     </span>
    </p>
   </div>
   <div class='ocr_carea' id='block_1_46' title="bbox 269 2963 1869 3040">
    <p class='ocr_par' dir='ltr' id='par_1_46' title="bbox 269 2963 1869 3040">
     <span class='ocr_line' id='line_1_46' title="bbox 269 2963 1869 3040; baseline 0.008 -27"><span class='ocrx_word' id='word_1_318' title='bbox 269 2964 506 3035; x_wconf 83' lang='grc' dir='ltr'>κρίσεως</span> <span class='ocrx_word' id='word_1_319' title='bbox 542 2963 686 3034; x_wconf 76' lang='grc'>(52).</span> <span class='ocrx_word' id='word_1_320' title='bbox 715 2965 1006 3030; x_wconf 82' lang='grc' dir='ltr'>Δικὰζουσι</span> <span class='ocrx_word' id='word_1_321' title='bbox 1029 2966 1085 3021; x_wconf 84' lang='grc' dir='ltr'>δὲ</span> <span class='ocrx_word' id='word_1_322' title='bbox 1109 2969 1242 3040; x_wconf 78' lang='grc' dir='ltr'>ἡμῖν</span> <span class='ocrx_word' id='word_1_323' title='bbox 1268 2970 1330 3024; x_wconf 81' lang='grc' dir='ltr'><strong>οὐ</strong></span> <span class='ocrx_word' id='word_1_324' title='bbox 1363 2970 1570 3035; x_wconf 82' lang='grc' dir='ltr'>Μίνως,</span> <span class='ocrx_word' id='word_1_325' title='bbox 1593 2971 1711 3025; x_wconf 80' lang='grc' dir='ltr'>οὐδὲ</span> <span class='ocrx_word' id='word_1_326' title='bbox 1747 2971 1869 3027; x_wconf 79' lang='grc' dir='ltr'><strong>Ῥα-</strong></span> 
     </span>
    </p>
   </div>
   <div class='ocr_carea' id='block_1_47' title="bbox 268 3051 1867 3134">
    <p class='ocr_par' dir='ltr' id='par_1_47' title="bbox 268 3051 1867 3134">
     <span class='ocr_line' id='line_1_47' title="bbox 268 3051 1867 3134; baseline 0.006 -26"><span class='ocrx_word' id='word_1_327' title='bbox 268 3054 554 3125; x_wconf 72' lang='grc' dir='ltr'>δάμανθυς</span> <span class='ocrx_word' id='word_1_328' title='bbox 600 3055 740 3128; x_wconf 78' lang='grc'>(55),</span> <span class='ocrx_word' id='word_1_329' title='bbox 776 3051 855 3111; x_wconf 83' lang='grc' dir='ltr'><strong>ὧν</strong></span> <span class='ocrx_word' id='word_1_330' title='bbox 891 3058 1000 3129; x_wconf 75' lang='grc' dir='ltr'><strong>πρὸ</strong></span> <span class='ocrx_word' id='word_1_331' title='bbox 1048 3060 1150 3131; x_wconf 84' lang='grc' dir='ltr'>τῆς</span> <span class='ocrx_word' id='word_1_332' title='bbox 1191 3061 1447 3133; x_wconf 81' lang='grc' dir='ltr'>τελευτῆς</span> <span class='ocrx_word' id='word_1_333' title='bbox 1490 3063 1715 3134; x_wconf 84' lang='grc' dir='ltr'>οὐδεμία</span> <span class='ocrx_word' id='word_1_334' title='bbox 1758 3065 1867 3119; x_wconf 87' lang='grc' dir='ltr'>τῶν</span> 
     </span>
    </p>
   </div>
   <div class='ocr_carea' id='block_1_48' title="bbox 1976 1935 3559 2008">
    <p class='ocr_par' dir='ltr' id='par_1_48' title="bbox 1976 1935 3559 2008">
     <span class='ocr_line' id='line_1_48' title="bbox 1976 1935 3559 2008; baseline -0.003 -12"><span class='ocrx_word' id='word_1_335' title='bbox 1976 1942 2067 1997; x_wconf 92' lang='lat' dir='ltr'><strong>do.</strong></span> <span class='ocrx_word' id='word_1_336' title='bbox 2102 1940 2221 1995; x_wconf 84' lang='lat' dir='ltr'><strong>Non</strong></span> <span class='ocrx_word' id='word_1_337' title='bbox 2253 1940 2401 1996; x_wconf 91' lang='lat' dir='ltr'><strong>enim</strong></span> <span class='ocrx_word' id='word_1_338' title='bbox 2434 1947 2587 1995; x_wconf 87' lang='lat' dir='ltr'><strong>caret</strong></span> <span class='ocrx_word' id='word_1_339' title='bbox 2616 1937 2774 1993; x_wconf 87' lang='lat' dir='ltr'><strong>initio</strong></span> <span class='ocrx_word' id='word_1_340' title='bbox 2808 1936 3057 2002; x_wconf 88' lang='lat' dir='ltr'><strong>materia,</strong></span> <span class='ocrx_word' id='word_1_341' title='bbox 3093 1935 3559 2008; x_wconf 87' lang='lat' dir='ltr'><strong>quemadmodum</strong></span> 
     </span>
    </p>
   </div>
   <div class='ocr_carea' id='block_1_49' title="bbox 1974 2026 3560 2101">
    <p class='ocr_par' dir='ltr' id='par_1_49' title="bbox 1974 2026 3560 2101">
     <span class='ocr_line' id='line_1_49' title="bbox 1974 2026 3560 2101; baseline -0.005 -13"><span class='ocrx_word' id='word_1_342' title='bbox 1974 2034 2157 2090; x_wconf 89' lang='lat' dir='ltr'><strong>Deus:</strong></span> <span class='ocrx_word' id='word_1_343' title='bbox 2183 2047 2284 2089; x_wconf 90' lang='lat' dir='ltr'><strong>nec</strong></span> <span class='ocrx_word' id='word_1_344' title='bbox 2315 2032 2444 2097; x_wconf 87' lang='lat' dir='ltr'><strong>Deo,</strong></span> <span class='ocrx_word' id='word_1_345' title='bbox 2492 2038 2556 2086; x_wconf 91' lang='lat' dir='ltr'><strong>ut</strong></span> <span class='ocrx_word' id='word_1_346' title='bbox 2592 2029 2852 2101; x_wconf 89' lang='lat' dir='ltr'><strong>principii</strong></span> <span class='ocrx_word' id='word_1_347' title='bbox 2887 2043 3106 2097; x_wconf 77' lang='lat' dir='ltr'><strong>expers,</strong></span> <span class='ocrx_word' id='word_1_348' title='bbox 3155 2042 3344 2097; x_wconf 89' lang='lat' dir='ltr'><strong>parem</strong></span> <span class='ocrx_word' id='word_1_349' title='bbox 3387 2026 3560 2081; x_wconf 87' lang='lat' dir='ltr'><strong>habet</strong></span> 
     </span>
    </p>
   </div>
   <div class='ocr_carea' id='block_1_50' title="bbox 1973 2120 3558 2199">
    <p class='ocr_par' dir='ltr' id='par_1_50' title="bbox 1973 2120 3558 2199">
     <span class='ocr_line' id='line_1_50' title="bbox 1973 2120 3558 2199; baseline -0.004 -17"><span class='ocrx_word' id='word_1_350' title='bbox 1973 2134 2327 2199; x_wconf 88' lang='lat' dir='ltr'><strong>potestatem;</strong></span> <span class='ocrx_word' id='word_1_351' title='bbox 2356 2138 2545 2180; x_wconf 83' lang='lat' dir='ltr'><strong>verum</strong></span> <span class='ocrx_word' id='word_1_352' title='bbox 2576 2128 2761 2179; x_wconf 91' lang='lat' dir='ltr'><strong>creata</strong></span> <span class='ocrx_word' id='word_1_353' title='bbox 2788 2130 2892 2186; x_wconf 90' lang='lat' dir='ltr'><strong>est,</strong></span> <span class='ocrx_word' id='word_1_354' title='bbox 2918 2136 3021 2176; x_wconf 90' lang='lat' dir='ltr'><strong>nec</strong></span> <span class='ocrx_word' id='word_1_355' title='bbox 3044 2122 3114 2176; x_wconf 88' lang='lat' dir='ltr'><strong>ab</strong></span> <span class='ocrx_word' id='word_1_356' title='bbox 3143 2120 3251 2175; x_wconf 89' lang='lat' dir='ltr'><strong>alio</strong></span> <span class='ocrx_word' id='word_1_357' title='bbox 3274 2120 3440 2187; x_wconf 87' lang='lat' dir='ltr'><strong>facta,</strong></span> <span class='ocrx_word' id='word_1_358' title='bbox 3462 2121 3558 2176; x_wconf 92' lang='lat' dir='ltr'><strong>sed</strong></span> 
     </span>
    </p>
   </div>
   <div class='ocr_carea' id='block_1_51' title="bbox 1974 2213 3123 2287">
    <p class='ocr_par' dir='ltr' id='par_1_51' title="bbox 1974 2213 3123 2287">
     <span class='ocr_line' id='line_1_51' title="bbox 1974 2213 3123 2287; baseline -0.006 -13"><span class='ocrx_word' id='word_1_359' title='bbox 1974 2236 2007 2274; x_wconf 88' lang='lat' dir='ltr'><strong>a</strong></span> <span class='ocrx_word' id='word_1_360' title='bbox 2039 2219 2158 2276; x_wconf 88' lang='lat' dir='ltr'><strong>solo</strong></span> <span class='ocrx_word' id='word_1_361' title='bbox 2191 2217 2575 2273; x_wconf 85' lang='lat' dir='ltr'><strong>universorum</strong></span> <span class='ocrx_word' id='word_1_362' title='bbox 2606 2215 2804 2287; x_wconf 84' lang='lat' dir='ltr'><strong>opifice</strong></span> <span class='ocrx_word' id='word_1_363' title='bbox 2832 2213 3123 2285; x_wconf 91' lang='lat' dir='ltr'><strong>producta.</strong></span> 
     </span>
    </p>
   </div>
   <div class='ocr_carea' id='block_1_52' title="bbox 2041 2306 3557 2380">
    <p class='ocr_par' dir='ltr' id='par_1_52' title="bbox 2041 2306 3557 2380">
     <span class='ocr_line' id='line_1_52' title="bbox 2041 2306 3557 2380; baseline -0.005 -12"><span class='ocrx_word' id='word_1_364' title='bbox 2041 2312 2096 2368; x_wconf 88' lang='lat'><strong>6.</strong></span> <span class='ocrx_word' id='word_1_365' title='bbox 2141 2311 2226 2365; x_wconf 78' lang='lat' dir='ltr'><strong>Ea:</strong></span> <span class='ocrx_word' id='word_1_366' title='bbox 2269 2311 2350 2365; x_wconf 90' lang='lat' dir='ltr'><strong>his</strong></span> <span class='ocrx_word' id='word_1_367' title='bbox 2401 2310 2638 2380; x_wconf 84' lang='lat' dir='ltr'><strong>sequitur</strong></span> <span class='ocrx_word' id='word_1_368' title='bbox 2679 2308 3024 2373; x_wconf 77' lang='lat' dir='ltr'><strong>resurrectio,</strong></span> <span class='ocrx_word' id='word_1_369' title='bbox 3068 2322 3187 2377; x_wconf 72' lang='lat' dir='ltr'><strong>quae</strong></span> <span class='ocrx_word' id='word_1_370' title='bbox 3231 2306 3557 2377; x_wconf 72' lang='lat' dir='ltr'><strong>argumentis</strong></span> 
     </span>
    </p>
   </div>
   <div class='ocr_carea' id='block_1_53' title="bbox 1972 2400 3559 2475">
    <p class='ocr_par' dir='ltr' id='par_1_53' title="bbox 1972 2400 3559 2475">
     <span class='ocr_line' id='line_1_53' title="bbox 1972 2400 3559 2475; baseline -0.004 -16"><span class='ocrx_word' id='word_1_371' title='bbox 1972 2406 2341 2475; x_wconf 82' lang='lat' dir='ltr'><strong>conﬁrmatur.</strong></span> <span class='ocrx_word' id='word_1_372' title='bbox 2369 2434 2434 2441; x_wconf 88' lang='lat'><strong>——</strong></span> <span class='ocrx_word' id='word_1_373' title='bbox 2459 2400 2759 2474; x_wconf 86' lang='lat' dir='ltr'><strong>Propterea</strong></span> <span class='ocrx_word' id='word_1_374' title='bbox 2802 2402 2967 2456; x_wconf 90' lang='lat' dir='ltr'><strong>etiam</strong></span> <span class='ocrx_word' id='word_1_375' title='bbox 3022 2414 3317 2471; x_wconf 90' lang='lat' dir='ltr'><strong>corporum</strong></span> <span class='ocrx_word' id='word_1_376' title='bbox 3370 2414 3559 2457; x_wconf 83' lang='lat' dir='ltr'><strong>resur-</strong></span> 
     </span>
    </p>
   </div>
   <div class='ocr_carea' id='block_1_54' title="bbox 1972 2492 3557 2561">
    <p class='ocr_par' dir='ltr' id='par_1_54' title="bbox 1972 2492 3557 2561">
     <span class='ocr_line' id='line_1_54' title="bbox 1972 2492 3557 2561; baseline -0.003 -10"><span class='ocrx_word' id='word_1_377' title='bbox 1972 2497 2273 2553; x_wconf 89' lang='lat' dir='ltr'><strong>rectionem</strong></span> <span class='ocrx_word' id='word_1_378' title='bbox 2325 2495 2567 2550; x_wconf 89' lang='lat' dir='ltr'><strong>futuram</strong></span> <span class='ocrx_word' id='word_1_379' title='bbox 2616 2496 2898 2550; x_wconf 83' lang='lat' dir='ltr'><strong>credimus</strong></span> <span class='ocrx_word' id='word_1_380' title='bbox 2920 2537 2935 2561; x_wconf 92' lang='lat'><strong>,</strong></span> <span class='ocrx_word' id='word_1_381' title='bbox 2974 2509 3098 2549; x_wconf 88' lang='lat' dir='ltr'><strong>cum</strong></span> <span class='ocrx_word' id='word_1_382' title='bbox 3132 2494 3317 2549; x_wconf 88' lang='lat' dir='ltr'><strong>omnia</strong></span> <span class='ocrx_word' id='word_1_383' title='bbox 3352 2492 3557 2549; x_wconf 79' lang='lat' dir='ltr'><strong>fuerint</strong></span> 
     </span>
    </p>
   </div>
   <div class='ocr_carea' id='block_1_55' title="bbox 1972 2584 3559 2656">
    <p class='ocr_par' dir='ltr' id='par_1_55' title="bbox 1972 2584 3559 2656">
     <span class='ocr_line' id='line_1_55' title="bbox 1972 2584 3559 2656; baseline -0.002 -14"><span class='ocrx_word' id='word_1_384' title='bbox 1972 2588 2249 2654; x_wconf 88' lang='lat' dir='ltr'><strong>absoluta;</strong></span> <span class='ocrx_word' id='word_1_385' title='bbox 2285 2603 2417 2652; x_wconf 91' lang='lat' dir='ltr'><strong>non,</strong></span> <span class='ocrx_word' id='word_1_386' title='bbox 2443 2593 2505 2640; x_wconf 93' lang='lat' dir='ltr'><strong>ut</strong></span> <span class='ocrx_word' id='word_1_387' title='bbox 2531 2584 2701 2641; x_wconf 86' lang='lat' dir='ltr'><strong>Stoici</strong></span> <span class='ocrx_word' id='word_1_388' title='bbox 2725 2586 3052 2648; x_wconf 90' lang='lat' dir='ltr'><strong>decernunt,</strong></span> <span class='ocrx_word' id='word_1_389' title='bbox 3073 2585 3377 2642; x_wconf 87' lang='lat' dir='ltr'><strong>secundum</strong></span> <span class='ocrx_word' id='word_1_390' title='bbox 3393 2600 3559 2656; x_wconf 90' lang='lat' dir='ltr'><strong>quos-</strong></span> 
     </span>
    </p>
   </div>
   <div class='ocr_carea' id='block_1_56' title="bbox 1971 2677 3553 2749">
    <p class='ocr_par' dir='ltr' id='par_1_56' title="bbox 1971 2677 3553 2749">
     <span class='ocr_line' id='line_1_56' title="bbox 1971 2677 3553 2749; baseline -0.003 -13"><span class='ocrx_word' id='word_1_391' title='bbox 1971 2680 2095 2736; x_wconf 88' lang='lat' dir='ltr'><strong>dam</strong></span> <span class='ocrx_word' id='word_1_392' title='bbox 2126 2680 2341 2735; x_wconf 90' lang='lat' dir='ltr'><strong>orbium</strong></span> <span class='ocrx_word' id='word_1_393' title='bbox 2390 2680 2661 2735; x_wconf 89' lang='lat' dir='ltr'><strong>circuitus</strong></span> <span class='ocrx_word' id='word_1_394' title='bbox 2694 2678 2891 2734; x_wconf 90' lang='lat' dir='ltr'><strong>iisdem</strong></span> <span class='ocrx_word' id='word_1_395' title='bbox 2924 2693 3143 2749; x_wconf 88' lang='lat' dir='ltr'><strong>semper</strong></span> <span class='ocrx_word' id='word_1_396' title='bbox 3192 2677 3553 2733; x_wconf 89' lang='lat' dir='ltr'><strong>nascentibus</strong></span> 
     </span>
    </p>
   </div>
   <div class='ocr_carea' id='block_1_57' title="bbox 1968 2770 3552 2844">
    <p class='ocr_par' dir='ltr' id='par_1_57' title="bbox 1968 2770 3552 2844">
     <span class='ocr_line' id='line_1_57' title="bbox 1968 2770 3552 2844; baseline -0.004 -14"><span class='ocrx_word' id='word_1_397' title='bbox 1968 2779 2025 2830; x_wconf 81' lang='lat' dir='ltr'><strong>et</strong></span> <span class='ocrx_word' id='word_1_398' title='bbox 2060 2773 2434 2844; x_wconf 87' lang='lat' dir='ltr'><strong>pereuntibus,</strong></span> <span class='ocrx_word' id='word_1_399' title='bbox 2471 2773 2679 2828; x_wconf 85' lang='lat' dir='ltr'><strong>nullam</strong></span> <span class='ocrx_word' id='word_1_400' title='bbox 2724 2772 2795 2827; x_wconf 93' lang='lat' dir='ltr'><strong>ob</strong></span> <span class='ocrx_word' id='word_1_401' title='bbox 2826 2787 2941 2828; x_wconf 91' lang='lat' dir='ltr'><strong>rem</strong></span> <span class='ocrx_word' id='word_1_402' title='bbox 2975 2772 3199 2839; x_wconf 84' lang='lat' dir='ltr'><strong>utilem;</strong></span> <span class='ocrx_word' id='word_1_403' title='bbox 3233 2771 3327 2828; x_wconf 91' lang='lat' dir='ltr'><strong>sed</strong></span> <span class='ocrx_word' id='word_1_404' title='bbox 3361 2770 3552 2836; x_wconf 85' lang='lat' dir='ltr'><strong>semel,</strong></span> 
     </span>
    </p>
   </div>
   <div class='ocr_carea' id='block_1_58' title="bbox 1969 2864 3553 2935">
    <p class='ocr_par' dir='ltr' id='par_1_58' title="bbox 1969 2864 3553 2935">
     <span class='ocr_line' id='line_1_58' title="bbox 1969 2864 3553 2935; baseline -0.004 -13"><span class='ocrx_word' id='word_1_405' title='bbox 1969 2866 2187 2925; x_wconf 67' lang='lat' dir='ltr'><strong>saeculis</strong></span> <span class='ocrx_word' id='word_1_406' title='bbox 2219 2866 2428 2922; x_wconf 89' lang='lat' dir='ltr'><strong>nostris</strong></span> <span class='ocrx_word' id='word_1_407' title='bbox 2461 2865 2753 2929; x_wconf 87' lang='lat' dir='ltr'><strong>absolutis,</strong></span> <span class='ocrx_word' id='word_1_408' title='bbox 2781 2871 2837 2919; x_wconf 88' lang='lat' dir='ltr'><strong>et</strong></span> <span class='ocrx_word' id='word_1_409' title='bbox 2866 2864 2921 2918; x_wconf 94' lang='lat' dir='ltr'><strong>in</strong></span> <span class='ocrx_word' id='word_1_410' title='bbox 2953 2869 3303 2935; x_wconf 89' lang='lat' dir='ltr'><strong>perpetuum,</strong></span> <span class='ocrx_word' id='word_1_411' title='bbox 3330 2870 3553 2933; x_wconf 89' lang='lat' dir='ltr'><strong>propter</strong></span> 
     </span>
    </p>
   </div>
   <div class='ocr_carea' id='block_1_59' title="bbox 1968 2953 3545 3025">
    <p class='ocr_par' dir='ltr' id='par_1_59' title="bbox 1968 2953 3545 3025">
     <span class='ocr_line' id='line_1_59' title="bbox 1968 2953 3545 3025; baseline -0.004 -13"><span class='ocrx_word' id='word_1_412' title='bbox 1968 2957 2251 3012; x_wconf 88' lang='lat' dir='ltr'><strong>hominum</strong></span> <span class='ocrx_word' id='word_1_413' title='bbox 2300 2958 2544 3013; x_wconf 89' lang='lat' dir='ltr'><strong>solorum</strong></span> <span class='ocrx_word' id='word_1_414' title='bbox 2587 2955 3073 3020; x_wconf 88' lang='lat' dir='ltr'><strong>constitutionem,</strong></span> <span class='ocrx_word' id='word_1_415' title='bbox 3122 2953 3317 3025; x_wconf 88' lang='lat' dir='ltr'><strong>judicli</strong></span> <span class='ocrx_word' id='word_1_416' title='bbox 3359 2968 3545 3009; x_wconf 87' lang='lat' dir='ltr'><strong>causa.</strong></span> 
     </span>
    </p>
   </div>
   <div class='ocr_carea' id='block_1_60' title="bbox 1967 3045 3552 3105">
    <p class='ocr_par' dir='ltr' id='par_1_60' title="bbox 1967 3045 3552 3105">
     <span class='ocr_line' id='line_1_60' title="bbox 1967 3045 3552 3105; baseline -0.002 -2"><span class='ocrx_word' id='word_1_417' title='bbox 1967 3047 2242 3104; x_wconf 79' lang='lat' dir='ltr'><strong>Judicium</strong></span> <span class='ocrx_word' id='word_1_418' title='bbox 2271 3056 2452 3105; x_wconf 91' lang='lat' dir='ltr'><strong>autem</strong></span> <span class='ocrx_word' id='word_1_419' title='bbox 2483 3048 2551 3105; x_wconf 92' lang='lat' dir='ltr'><strong>de</strong></span> <span class='ocrx_word' id='word_1_420' title='bbox 2571 3048 2731 3104; x_wconf 91' lang='lat' dir='ltr'><strong>nobis</strong></span> <span class='ocrx_word' id='word_1_421' title='bbox 2754 3063 2856 3103; x_wconf 93' lang='lat' dir='ltr'><strong>nec</strong></span> <span class='ocrx_word' id='word_1_422' title='bbox 2880 3046 3056 3102; x_wconf 82' lang='lat' dir='ltr'><strong>Minos</strong></span> <span class='ocrx_word' id='word_1_423' title='bbox 3080 3061 3180 3102; x_wconf 89' lang='lat' dir='ltr'><strong>nec</strong></span> <span class='ocrx_word' id='word_1_424' title='bbox 3205 3045 3552 3100; x_wconf 80' lang='lat' dir='ltr'><strong>Rhadaman-</strong></span> 
     </span>
    </p>
   </div>
   <div class='ocr_carea' id='block_1_61' title="bbox 268 3139 1868 3226">
    <p class='ocr_par' dir='ltr' id='par_1_61' title="bbox 268 3145 1867 3226">
     <span class='ocr_line' id='line_1_61' title="bbox 268 3145 1867 3226; baseline 0.008 -30"><span class='ocrx_word' id='word_1_425' title='bbox 268 3145 476 3217; x_wconf 69' lang='grc' dir='ltr'>ψυχῶν,</span> <span class='ocrx_word' id='word_1_426' title='bbox 522 3147 608 3211; x_wconf 80' lang='grc' dir='ltr'><strong>ὡς</strong></span> <span class='ocrx_word' id='word_1_427' title='bbox 658 3147 1083 3219; x_wconf 81' lang='grc' dir='ltr'>μυθολογοῦσιν,</span> <span class='ocrx_word' id='word_1_428' title='bbox 1125 3152 1389 3225; x_wconf 78' lang='grc' dir='ltr'>ἐκρίνετο·</span> <span class='ocrx_word' id='word_1_429' title='bbox 1438 3153 1772 3226; x_wconf 81' lang='grc' dir='ltr'>δοκιμαστὴς</span> <span class='ocrx_word' id='word_1_430' title='bbox 1811 3156 1867 3208; x_wconf 84' lang='grc' dir='ltr'>δὲ</span> 
     </span>
    </p>
   </div>
   <div class='ocr_carea' id='block_1_62' title="bbox 1973 3139 3548 3226">
    <p class='ocr_par' dir='ltr' id='par_1_62' title="bbox 1973 3139 3548 3211">
     <span class='ocr_line' id='line_1_62' title="bbox 1973 3139 3548 3211; baseline -0.003 -16"><span class='ocrx_word' id='word_1_431' title='bbox 1973 3145 2096 3197; x_wconf 88' lang='lat' dir='ltr'><strong>thus</strong></span> <span class='ocrx_word' id='word_1_432' title='bbox 2128 3140 2358 3205; x_wconf 89' lang='lat' dir='ltr'><strong>faciunt,</strong></span> <span class='ocrx_word' id='word_1_433' title='bbox 2389 3156 2625 3211; x_wconf 85' lang='lat' dir='ltr'><strong>quorum</strong></span> <span class='ocrx_word' id='word_1_434' title='bbox 2660 3149 2787 3194; x_wconf 90' lang='lat' dir='ltr'><strong>ante</strong></span> <span class='ocrx_word' id='word_1_435' title='bbox 2833 3146 3065 3194; x_wconf 88' lang='lat' dir='ltr'><strong>mortem</strong></span> <span class='ocrx_word' id='word_1_436' title='bbox 3105 3139 3255 3193; x_wconf 89' lang='lat' dir='ltr'><strong>nulla</strong></span> <span class='ocrx_word' id='word_1_437' title='bbox 3297 3152 3548 3207; x_wconf 90' lang='lat' dir='ltr'><strong>prorsus,</strong></span> 
     </span>
    </p>
   </div>
   <div class='ocr_carea' id='block_1_63' title="bbox 269 3236 1863 3315">
    <p class='ocr_par' dir='ltr' id='par_1_63' title="bbox 269 3236 1863 3315">
     <span class='ocr_line' id='line_1_63' title="bbox 269 3236 1863 3315; baseline 0.006 -27"><span class='ocrx_word' id='word_1_438' title='bbox 269 3236 432 3299; x_wconf 78' lang='grc' dir='ltr'>αὐτὸς</span> <span class='ocrx_word' id='word_1_439' title='bbox 452 3238 483 3289; x_wconf 88' lang='grc' dir='ltr'><strong>ό</strong></span> <span class='ocrx_word' id='word_1_440' title='bbox 515 3236 758 3309; x_wconf 81' lang='grc' dir='ltr'>ποιητὴς</span> <span class='ocrx_word' id='word_1_441' title='bbox 787 3236 920 3301; x_wconf 79' lang='grc' dir='ltr'>Θεὸς</span> <span class='ocrx_word' id='word_1_442' title='bbox 947 3238 1174 3306; x_wconf 87' lang='grc' dir='ltr'>γίνεται.</span> <span class='ocrx_word' id='word_1_443' title='bbox 1202 3240 1321 3295; x_wconf 80' lang='grc' dir='ltr'>Κᾶν</span> <span class='ocrx_word' id='word_1_444' title='bbox 1350 3240 1459 3313; x_wconf 80' lang='grc' dir='ltr'>γὰρ</span> <span class='ocrx_word' id='word_1_445' title='bbox 1488 3242 1628 3296; x_wconf 80' lang='grc' dir='ltr'>πάνυ</span> <span class='ocrx_word' id='word_1_446' title='bbox 1658 3242 1863 3315; x_wconf 76' lang='grc' dir='ltr'>φληνά-</span> 
     </span>
    </p>
   </div>
   <div class='ocr_carea' id='block_1_64' title="bbox 270 3327 1866 3409">
    <p class='ocr_par' dir='ltr' id='par_1_64' title="bbox 270 3327 1866 3409">
     <span class='ocr_line' id='line_1_64' title="bbox 270 3327 1866 3409; baseline 0.007 -31"><span class='ocrx_word' id='word_1_447' title='bbox 270 3342 403 3392; x_wconf 69' lang='grc' dir='ltr'>φους</span> <span class='ocrx_word' id='word_1_448' title='bbox 435 3328 536 3381; x_wconf 78' lang='grc' dir='ltr'>καὶ</span> <span class='ocrx_word' id='word_1_449' title='bbox 573 3327 989 3399; x_wconf 81' lang='grc' dir='ltr'>σπερμολόγους</span> <span class='ocrx_word' id='word_1_450' title='bbox 1037 3330 1184 3400; x_wconf 78' lang='grc' dir='ltr'>ἡμᾶς</span> <span class='ocrx_word' id='word_1_451' title='bbox 1233 3332 1512 3403; x_wconf 83' lang='grc' dir='ltr'>νομίσητε,</span> <span class='ocrx_word' id='word_1_452' title='bbox 1556 3332 1716 3409; x_wconf 83' lang='grc' dir='ltr'>μέλον</span> <span class='ocrx_word' id='word_1_453' title='bbox 1766 3336 1866 3389; x_wconf 83' lang='grc' dir='ltr'><strong>οὐκ</strong></span> 
     </span>
    </p>
   </div>
   <div class='ocr_carea' id='block_1_65' title="bbox 269 3418 1860 3498">
    <p class='ocr_par' dir='ltr' id='par_1_65' title="bbox 269 3418 1860 3498">
     <span class='ocr_line' id='line_1_65' title="bbox 269 3418 1860 3498; baseline 0.007 -28"><span class='ocrx_word' id='word_1_454' title='bbox 269 3418 419 3471; x_wconf 70' lang='grc' dir='ltr'>ἐστιν</span> <span class='ocrx_word' id='word_1_455' title='bbox 474 3422 647 3490; x_wconf 76' lang='grc' dir='ltr'>ἡμῖν,</span> <span class='ocrx_word' id='word_1_456' title='bbox 690 3421 815 3473; x_wconf 77' lang='grc' dir='ltr'>ἐπεὶ</span> <span class='ocrx_word' id='word_1_457' title='bbox 856 3421 1032 3493; x_wconf 81' lang='grc' dir='ltr'>τούτῳ</span> <span class='ocrx_word' id='word_1_458' title='bbox 1078 3423 1156 3494; x_wconf 81' lang='grc' dir='ltr'>τῷ</span> <span class='ocrx_word' id='word_1_459' title='bbox 1204 3423 1345 3495; x_wconf 85' lang='grc' dir='ltr'>λόγῳ</span> <span class='ocrx_word' id='word_1_460' title='bbox 1398 3425 1860 3498; x_wconf 85' lang='grc' dir='ltr'>πεπιστεύκαμεν.</span> 
     </span>
    </p>
   </div>
   <div class='ocr_carea' id='block_1_66' title="bbox 273 3508 1863 3593">
    <p class='ocr_par' dir='ltr' id='par_1_66' title="bbox 273 3508 1863 3593">
     <span class='ocr_line' id='line_1_66' title="bbox 273 3508 1863 3593; baseline 0.008 -31"><span class='ocrx_word' id='word_1_461' title='bbox 273 3508 485 3585; x_wconf 77' lang='grc' dir='ltr'>’Ὥσπερ</span> <span class='ocrx_word' id='word_1_462' title='bbox 533 3511 649 3584; x_wconf 74' lang='grc' dir='ltr'>γὰρ</span> <span class='ocrx_word' id='word_1_463' title='bbox 683 3514 786 3566; x_wconf 82' lang='grc' dir='ltr'><strong>οὐκ</strong></span> <span class='ocrx_word' id='word_1_464' title='bbox 818 3513 893 3567; x_wconf 85' lang='grc' dir='ltr'><strong>ὣν</strong></span> <span class='ocrx_word' id='word_1_465' title='bbox 924 3517 1054 3585; x_wconf 75' lang='grc' dir='ltr'>πρὶν</span> <span class='ocrx_word' id='word_1_466' title='bbox 1100 3516 1133 3589; x_wconf 80' lang='grc' dir='ltr'>ἢ</span> <span class='ocrx_word' id='word_1_467' title='bbox 1169 3517 1418 3586; x_wconf 87' lang='grc' dir='ltr'>γενέσθαι</span> <span class='ocrx_word' id='word_1_468' title='bbox 1455 3518 1565 3592; x_wconf 73' lang='grc'>(54)</span> <span class='ocrx_word' id='word_1_469' title='bbox 1603 3520 1686 3585; x_wconf 88' lang='grc' dir='ltr'><strong>τίς</strong></span> <span class='ocrx_word' id='word_1_470' title='bbox 1716 3522 1863 3593; x_wconf 78' lang='grc' dir='ltr'>ἥμην</span> 
     </span>
    </p>
   </div>
   <div class='ocr_carea' id='block_1_67' title="bbox 266 3601 1863 3685">
    <p class='ocr_par' dir='ltr' id='par_1_67' title="bbox 266 3601 1863 3685">
     <span class='ocr_line' id='line_1_67' title="bbox 266 3601 1863 3685; baseline 0.008 -30"><span class='ocrx_word' id='word_1_471' title='bbox 266 3601 371 3656; x_wconf 76' lang='grc' dir='ltr'>οὐκ</span> <span class='ocrx_word' id='word_1_472' title='bbox 398 3603 731 3672; x_wconf 79' lang='grc' dir='ltr'>ἐγίνωσκον,</span> <span class='ocrx_word' id='word_1_473' title='bbox 768 3606 928 3677; x_wconf 85' lang='grc' dir='ltr'>μόνον</span> <span class='ocrx_word' id='word_1_474' title='bbox 960 3608 1017 3661; x_wconf 79' lang='grc' dir='ltr'>δὲ</span> <span class='ocrx_word' id='word_1_475' title='bbox 1044 3610 1100 3663; x_wconf 81' lang='grc' dir='ltr'><strong>ὲν</strong></span> <span class='ocrx_word' id='word_1_476' title='bbox 1132 3610 1429 3665; x_wconf 75' lang='grc' dir='ltr'>ὑποστάσει</span> <span class='ocrx_word' id='word_1_477' title='bbox 1460 3612 1562 3683; x_wconf 78' lang='grc' dir='ltr'>τῆς</span> <span class='ocrx_word' id='word_1_478' title='bbox 1596 3614 1863 3685; x_wconf 80' lang='grc' dir='ltr'>σαρκικῆς</span> 
     </span>
    </p>
   </div>
   <div class='ocr_carea' id='block_1_68' title="bbox 267 3801 1863 3880">
    <p class='ocr_par' dir='ltr' id='par_1_68' title="bbox 267 3801 1863 3880">
     <span class='ocr_line' id='line_1_68' title="bbox 267 3801 1863 3880; baseline 0.006 -25"><span class='ocrx_word' id='word_1_479' title='bbox 267 3801 361 3880; x_wconf 60' lang='lat' dir='ltr'><strong>sq]</strong></span> <span class='ocrx_word' id='word_1_480' title='bbox 388 3801 584 3880; x_wconf 86' lang='lat' dir='ltr'><strong>in_hoc</strong></span> <span class='ocrx_word' id='word_1_481' title='bbox 612 3806 829 3880; x_wconf 60' lang='lat' dir='ltr'><strong>tantum</strong></span> <span class='ocrx_word' id='word_1_482' title='bbox 856 3803 1112 3880; x_wconf 80' lang='lat' dir='ltr'><strong>consistit</strong></span> <span class='ocrx_word' id='word_1_483' title='bbox 1132 3807 1486 3880; x_wconf 72' lang='lat' dir='ltr'><strong>comparatio.</strong></span> <span class='ocrx_word' id='word_1_484' title='bbox 1505 3808 1649 3878; x_wconf 89' lang='lat' dir='ltr'><strong>quod</strong></span> <span class='ocrx_word' id='word_1_485' title='bbox 1674 3826 1863 3880; x_wconf 91' lang='lat' dir='ltr'><strong>quem-</strong></span> 
     </span>
    </p>
   </div>
   <div class='ocr_carea' id='block_1_69' title="bbox 268 3872 1863 3951">
    <p class='ocr_par' dir='ltr' id='par_1_69' title="bbox 268 3872 1863 3951">
     <span class='ocr_line' id='line_1_69' title="bbox 268 3872 1863 3951; baseline 0.008 -26"><span class='ocrx_word' id='word_1_486' title='bbox 268 3872 577 3951; x_wconf 66' lang='lat' dir='ltr'><strong>admodum</strong></span> <span class='ocrx_word' id='word_1_487' title='bbox 620 3872 733 3951; x_wconf 79' lang='lat' dir='ltr'><strong>fax_,</strong></span> <span class='ocrx_word' id='word_1_488' title='bbox 762 3888 984 3951; x_wconf 34' lang='lat' dir='ltr'><strong>ex‘qua</strong></span> <span class='ocrx_word' id='word_1_489' title='bbox 1040 3876 1160 3951; x_wconf 66' lang='lat' dir='ltr'><strong>alia:</strong></span> <span class='ocrx_word' id='word_1_490' title='bbox 1207 3872 1607 3951; x_wconf 64' lang='lat' dir='ltr'><strong>accenduntur,</strong></span> <span class='ocrx_word' id='word_1_491' title='bbox 1639 3872 1863 3937; x_wconf 76' lang='lat' dir='ltr'><strong>minimc</strong></span> 
     </span>
    </p>
   </div>
   <div class='ocr_carea' id='block_1_70' title="bbox 268 3940 1862 4022">
    <p class='ocr_par' dir='ltr' id='par_1_70' title="bbox 268 3940 1862 4022">
     <span class='ocr_line' id='line_1_70' title="bbox 268 3940 1862 4022; baseline 0.006 -28"><span class='ocrx_word' id='word_1_492' title='bbox 268 3944 655 4022; x_wconf 58' lang='lat' dir='ltr'><strong>imminuitur,</strong></span> <span class='ocrx_word' id='word_1_493' title='bbox 697 3945 771 3997; x_wconf 88' lang='lat' dir='ltr'><strong>ita</strong></span> <span class='ocrx_word' id='word_1_494' title='bbox 795 3940 1005 4022; x_wconf 42' lang='lat' dir='ltr'><strong>“Pa—tris</strong></span> <span class='ocrx_word' id='word_1_495' title='bbox 1053 3946 1397 4022; x_wconf 88' lang='lat' dir='ltr'><strong>substan_t_ia_,</strong></span> <span class='ocrx_word' id='word_1_496' title='bbox 1450 3940 1602 4002; x_wconf 79' lang='lat' dir='ltr'><strong>Filio</strong></span> <span class='ocrx_word' id='word_1_497' title='bbox 1638 3964 1862 4022; x_wconf 83' lang='lat' dir='ltr'><strong>progre-</strong></span> 
     </span>
    </p>
   </div>
   <div class='ocr_carea' id='block_1_71' title="bbox 267 4012 1860 4089">
    <p class='ocr_par' dir='ltr' id='par_1_71' title="bbox 267 4012 1860 4089">
     <span class='ocr_line' id='line_1_71' title="bbox 267 4012 1860 4089; baseline 0.006 -25"><span class='ocrx_word' id='word_1_498' title='bbox 267 4012 474 4089; x_wconf 59' lang='lat' dir='ltr'><strong>diente,</strong></span> <span class='ocrx_word' id='word_1_499' title='bbox 516 4012 750 4089; x_wconf 71' lang='lat' dir='ltr'><strong>rninime</strong></span> <span class='ocrx_word' id='word_1_500' title='bbox 777 4012 955 4089; x_wconf 78' lang='lat' dir='ltr'><strong>divisa</strong></span> <span class='ocrx_word' id='word_1_501' title='bbox 987 4024 1093 4089; x_wconf 80' lang='lat' dir='ltr'><strong>est,</strong></span> <span class='ocrx_word' id='word_1_502' title='bbox 1127 4032 1249 4089; x_wconf 54' lang='lat' dir='ltr'><strong>neq</strong></span> <span class='ocrx_word' id='word_1_503' title='bbox 1272 4017 1494 4089; x_wconf 69' lang='lat' dir='ltr'><strong>verbum</strong></span> <span class='ocrx_word' id='word_1_504' title='bbox 1526 4012 1860 4089; x_wconf 57' lang='lat' dir='ltr'><strong>progrediens</strong></span> 
     </span>
    </p>
   </div>
   <div class='ocr_carea' id='block_1_72' title="bbox 265 4079 1857 4159">
    <p class='ocr_par' dir='ltr' id='par_1_72' title="bbox 265 4079 1857 4159">
     <span class='ocr_line' id='line_1_72' title="bbox 265 4079 1857 4159; baseline 0.006 -25"><span class='ocrx_word' id='word_1_505' title='bbox 265 4079 560 4159; x_wconf 69' lang='lat' dir='ltr'><strong>es_Patris</strong></span> <span class='ocrx_word' id='word_1_506' title='bbox 590 4083 843 4159; x_wconf 62' lang='lat' dir='ltr'><strong>potentia</strong></span> <span class='ocrx_word' id='word_1_507' title='bbox 878 4086 1167 4154; x_wconf 80' lang='lat' dir='ltr'><strong>genitorem</strong></span> <span class='ocrx_word' id='word_1_508' title='bbox 1206 4084 1361 4140; x_wconf 84' lang='lat' dir='ltr'><strong>Verbi</strong></span> <span class='ocrx_word' id='word_1_509' title='bbox 1407 4079 1668 4155; x_wconf 72' lang='lat' dir='ltr'><strong>expertem</strong></span> <span class='ocrx_word' id='word_1_510' title='bbox 1713 4090 1857 4159; x_wconf 75' lang='lat' dir='ltr'><strong>fecit.</strong></span> 
     </span>
    </p>
   </div>
   <div class='ocr_carea' id='block_1_73' title="bbox 266 4151 1863 4230">
    <p class='ocr_par' dir='ltr' id='par_1_73' title="bbox 266 4151 1863 4230">
     <span class='ocr_line' id='line_1_73' title="bbox 266 4151 1863 4230; baseline 0.006 -26"><span class='ocrx_word' id='word_1_511' title='bbox 266 4151 402 4230; x_wconf 84' lang='lat' dir='ltr'><strong>lude</strong></span> <span class='ocrx_word' id='word_1_512' title='bbox 436 4164 627 4230; x_wconf 70' lang='lat' dir='ltr'><strong>autem</strong></span> <span class='ocrx_word' id='word_1_513' title='bbox 665 4151 1018 4230; x_wconf 60' lang='lat' dir='ltr'><strong>manifestum</strong></span> <span class='ocrx_word' id='word_1_514' title='bbox 1052 4163 1157 4230; x_wconf 71' lang='lat' dir='ltr'><strong>est,</strong></span> <span class='ocrx_word' id='word_1_515' title='bbox 1194 4172 1359 4230; x_wconf 90' lang='lat' dir='ltr'><strong>quam</strong></span> <span class='ocrx_word' id='word_1_516' title='bbox 1393 4151 1543 4230; x_wconf 84' lang='lat' dir='ltr'><strong>certa</strong></span> <span class='ocrx_word' id='word_1_517' title='bbox 1575 4166 1630 4212; x_wconf 89' lang='lat' dir='ltr'><strong>et</strong></span> <span class='ocrx_word' id='word_1_518' title='bbox 1672 4151 1863 4230; x_wconf 69' lang='lat' dir='ltr'><strong>eiplo—</strong></span> 
     </span>
    </p>
   </div>
   <div class='ocr_carea' id='block_1_74' title="bbox 266 4221 1862 4284">
    <p class='ocr_par' dir='ltr' id='par_1_74' title="bbox 266 4221 1862 4284">
     <span class='ocr_line' id='line_1_74' title="bbox 266 4221 1862 4284; baseline 0.006 -11"><span class='ocrx_word' id='word_1_519' title='bbox 266 4228 389 4273; x_wconf 77' lang='lat' dir='ltr'><strong>rata</strong></span> <span class='ocrx_word' id='word_1_520' title='bbox 447 4221 677 4277; x_wconf 64' lang='lat' dir='ltr'><strong>Iustino</strong></span> <span class='ocrx_word' id='word_1_521' title='bbox 726 4232 783 4277; x_wconf 91' lang='lat' dir='ltr'><strong>et</strong></span> <span class='ocrx_word' id='word_1_522' title='bbox 833 4222 1065 4279; x_wconf 90' lang='lat' dir='ltr'><strong>Tatiano</strong></span> <span class='ocrx_word' id='word_1_523' title='bbox 1117 4221 1283 4280; x_wconf 75' lang='lat' dir='ltr'><strong>fuerit</strong></span> <span class='ocrx_word' id='word_1_524' title='bbox 1347 4228 1531 4281; x_wconf 86' lang='lat' dir='ltr'><strong>unitas</strong></span> <span class='ocrx_word' id='word_1_525' title='bbox 1578 4221 1862 4284; x_wconf 74' lang='lat' dir='ltr'><strong>numerica</strong></span> 
     </span>
    </p>
   </div>
   <div class='ocr_carea' id='block_1_75' title="bbox 266 4292 1863 4356">
    <p class='ocr_par' dir='ltr' id='par_1_75' title="bbox 266 4292 1863 4356">
     <span class='ocr_line' id='line_1_75' title="bbox 266 4292 1863 4356; baseline 0.008 -12"><span class='ocrx_word' id='word_1_526' title='bbox 266 4292 609 4345; x_wconf 76' lang='lat' dir='ltr'><strong>substantia:</strong></span> <span class='ocrx_word' id='word_1_527' title='bbox 641 4293 696 4347; x_wconf 88' lang='lat' dir='ltr'><strong>in</strong></span> <span class='ocrx_word' id='word_1_528' title='bbox 729 4292 890 4349; x_wconf 87' lang='lat' dir='ltr'><strong>Patre</strong></span> <span class='ocrx_word' id='word_1_529' title='bbox 920 4308 977 4350; x_wconf 92' lang='lat' dir='ltr'><strong>et</strong></span> <span class='ocrx_word' id='word_1_530' title='bbox 1009 4293 1168 4351; x_wconf 84' lang='lat' dir='ltr'><strong>Filio.</strong></span> <span class='ocrx_word' id='word_1_531' title='bbox 1221 4296 1356 4350; x_wconf 84' lang='lat' dir='ltr'><strong>Nam</strong></span> <span class='ocrx_word' id='word_1_532' title='bbox 1406 4312 1530 4350; x_wconf 90' lang='lat' dir='ltr'><strong>cum</strong></span> <span class='ocrx_word' id='word_1_533' title='bbox 1580 4300 1760 4354; x_wconf 88' lang='lat' dir='ltr'><strong>lumen</strong></span> <span class='ocrx_word' id='word_1_534' title='bbox 1795 4300 1863 4356; x_wconf 90' lang='lat' dir='ltr'><strong>de</strong></span> 
     </span>
    </p>
   </div>
   <div class='ocr_carea' id='block_1_76' title="bbox 264 4362 1864 4438">
    <p class='ocr_par' dir='ltr' id='par_1_76' title="bbox 264 4362 1864 4438">
     <span class='ocr_line' id='line_1_76' title="bbox 264 4362 1864 4438; baseline 0.008 -26"><span class='ocrx_word' id='word_1_535' title='bbox 264 4362 377 4438; x_wconf 82' lang='lat' dir='ltr'><strong>alio</strong></span> <span class='ocrx_word' id='word_1_536' title='bbox 412 4362 625 4438; x_wconf 77' lang='lat' dir='ltr'><strong>lumine</strong></span> <span class='ocrx_word' id='word_1_537' title='bbox 655 4377 946 4421; x_wconf 86' lang='lat' dir='ltr'><strong>accensum</strong></span> <span class='ocrx_word' id='word_1_538' title='bbox 973 4367 1271 4438; x_wconf 65' lang='lat' dir='ltr'><strong>separatim</strong></span> <span class='ocrx_word' id='word_1_539' title='bbox 1298 4366 1526 4421; x_wconf 80' lang='lat' dir='ltr'><strong>exsistat</strong></span> <span class='ocrx_word' id='word_1_540' title='bbox 1556 4371 1733 4438; x_wconf 80' lang='lat' dir='ltr'><strong>primo</strong></span> <span class='ocrx_word' id='word_1_541' title='bbox 1759 4371 1864 4424; x_wconf 89' lang='lat' dir='ltr'><strong>mi-</strong></span> 
     </span>
    </p>
   </div>
   <div class='ocr_carea' id='block_1_77' title="bbox 263 4432 1861 4507">
    <p class='ocr_par' dir='ltr' id='par_1_77' title="bbox 263 4432 1861 4507">
     <span class='ocr_line' id='line_1_77' title="bbox 263 4432 1861 4507; baseline 0.006 -23"><span class='ocrx_word' id='word_1_542' title='bbox 263 4434 418 4507; x_wconf 72' lang='lat' dir='ltr'><strong>nime</strong></span> <span class='ocrx_word' id='word_1_543' title='bbox 470 4432 769 4507; x_wconf 81' lang='lat' dir='ltr'><strong>imminuto</strong></span> <span class='ocrx_word' id='word_1_544' title='bbox 793 4449 941 4507; x_wconf 76' lang='lat' dir='ltr'><strong>;_cur</strong></span> <span class='ocrx_word' id='word_1_545' title='bbox 971 4432 1180 4500; x_wconf 82' lang='lat' dir='ltr'><strong>Filius,</strong></span> <span class='ocrx_word' id='word_1_546' title='bbox 1216 4438 1310 4507; x_wconf 91' lang='lat' dir='ltr'><strong>qui</strong></span> <span class='ocrx_word' id='word_1_547' title='bbox 1346 4438 1527 4491; x_wconf 91' lang='lat' dir='ltr'><strong>lumen</strong></span> <span class='ocrx_word' id='word_1_548' title='bbox 1556 4432 1643 4494; x_wconf 77' lang='lat' dir='ltr'><strong>est</strong></span> <span class='ocrx_word' id='word_1_549' title='bbox 1677 4439 1745 4494; x_wconf 88' lang='lat' dir='ltr'><strong>de</strong></span> <span class='ocrx_word' id='word_1_550' title='bbox 1777 4442 1861 4493; x_wconf 87' lang='lat' dir='ltr'><strong>lu-</strong></span> 
     </span>
    </p>
   </div>
   <div class='ocr_carea' id='block_1_78' title="bbox 1968 3229 3550 3301">
    <p class='ocr_par' dir='ltr' id='par_1_78' title="bbox 1968 3229 3550 3301">
     <span class='ocr_line' id='line_1_78' title="bbox 1968 3229 3550 3301; baseline -0.004 -12"><span class='ocrx_word' id='word_1_551' title='bbox 1968 3240 2029 3289; x_wconf 90' lang='lat' dir='ltr'><strong>ut</strong></span> <span class='ocrx_word' id='word_1_552' title='bbox 2074 3233 2412 3298; x_wconf 81' lang='lat' dir='ltr'><strong>fabulantur,</strong></span> <span class='ocrx_word' id='word_1_553' title='bbox 2443 3232 2625 3287; x_wconf 85' lang='lat' dir='ltr'><strong>anima</strong></span> <span class='ocrx_word' id='word_1_554' title='bbox 2654 3230 3042 3301; x_wconf 86' lang='lat' dir='ltr'><strong>judicabatur;</strong></span> <span class='ocrx_word' id='word_1_555' title='bbox 3087 3230 3184 3284; x_wconf 90' lang='lat' dir='ltr'><strong>sed</strong></span> <span class='ocrx_word' id='word_1_556' title='bbox 3220 3229 3428 3283; x_wconf 89' lang='lat' dir='ltr'><strong>arbiter</strong></span> <span class='ocrx_word' id='word_1_557' title='bbox 3463 3236 3550 3283; x_wconf 86' lang='lat' dir='ltr'><strong>est</strong></span> 
     </span>
    </p>
   </div>
   <div class='ocr_carea' id='block_1_79' title="bbox 1966 3320 3548 3396">
    <p class='ocr_par' dir='ltr' id='par_1_79' title="bbox 1966 3320 3548 3396">
     <span class='ocr_line' id='line_1_79' title="bbox 1966 3320 3548 3396; baseline -0.004 -17"><span class='ocrx_word' id='word_1_558' title='bbox 1966 3325 2085 3396; x_wconf 90' lang='lat' dir='ltr'><strong>ipse</strong></span> <span class='ocrx_word' id='word_1_559' title='bbox 2116 3336 2328 3381; x_wconf 88' lang='lat' dir='ltr'><strong>creator</strong></span> <span class='ocrx_word' id='word_1_560' title='bbox 2362 3324 2525 3379; x_wconf 85' lang='lat' dir='ltr'><strong>Deus.</strong></span> <span class='ocrx_word' id='word_1_561' title='bbox 2561 3322 2790 3377; x_wconf 89' lang='lat' dir='ltr'><strong>Etiamsi</strong></span> <span class='ocrx_word' id='word_1_562' title='bbox 2822 3321 2969 3377; x_wconf 91' lang='lat' dir='ltr'><strong>enim</strong></span> <span class='ocrx_word' id='word_1_563' title='bbox 2999 3320 3155 3377; x_wconf 85' lang='lat' dir='ltr'><strong>vobis</strong></span> <span class='ocrx_word' id='word_1_564' title='bbox 3188 3320 3413 3375; x_wconf 86' lang='lat' dir='ltr'><strong>omnino</strong></span> <span class='ocrx_word' id='word_1_565' title='bbox 3443 3334 3548 3373; x_wconf 87' lang='lat' dir='ltr'><strong>nu-</strong></span> 
     </span>
    </p>
   </div>
   <div class='ocr_carea' id='block_1_80' title="bbox 1963 3411 3544 3489">
    <p class='ocr_par' dir='ltr' id='par_1_80' title="bbox 1963 3411 3544 3489">
     <span class='ocr_line' id='line_1_80' title="bbox 1963 3411 3544 3489; baseline -0.003 -18"><span class='ocrx_word' id='word_1_566' title='bbox 1963 3424 2182 3489; x_wconf 89' lang='lat' dir='ltr'><strong>gatores</strong></span> <span class='ocrx_word' id='word_1_567' title='bbox 2213 3426 2268 3474; x_wconf 91' lang='lat' dir='ltr'><strong>et</strong></span> <span class='ocrx_word' id='word_1_568' title='bbox 2298 3418 2611 3472; x_wconf 84' lang='lat' dir='ltr'><strong>blaterones</strong></span> <span class='ocrx_word' id='word_1_569' title='bbox 2651 3414 2959 3478; x_wconf 85' lang='lat' dir='ltr'><strong>videamur,</strong></span> <span class='ocrx_word' id='word_1_570' title='bbox 3009 3414 3162 3483; x_wconf 88' lang='lat' dir='ltr'><strong>parvi</strong></span> <span class='ocrx_word' id='word_1_571' title='bbox 3217 3411 3544 3483; x_wconf 89' lang='lat' dir='ltr'><strong>pendimus,</strong></span> 
     </span>
    </p>
   </div>
   <div class='ocr_carea' id='block_1_81' title="bbox 1964 3504 3543 3570">
    <p class='ocr_par' dir='ltr' id='par_1_81' title="bbox 1964 3504 3543 3570">
     <span class='ocr_line' id='line_1_81' title="bbox 1964 3504 3543 3570; baseline -0.006 -4"><span class='ocrx_word' id='word_1_572' title='bbox 1964 3526 2091 3566; x_wconf 94' lang='lat' dir='ltr'><strong>cum</strong></span> <span class='ocrx_word' id='word_1_573' title='bbox 2137 3510 2241 3565; x_wconf 88' lang='lat' dir='ltr'><strong>hac</strong></span> <span class='ocrx_word' id='word_1_574' title='bbox 2288 3509 2502 3564; x_wconf 90' lang='lat' dir='ltr'><strong>ratione</strong></span> <span class='ocrx_word' id='word_1_575' title='bbox 2547 3506 2767 3562; x_wconf 90' lang='lat' dir='ltr'><strong>adducti</strong></span> <span class='ocrx_word' id='word_1_576' title='bbox 2800 3504 3219 3562; x_wconf 88' lang='lat' dir='ltr'><strong>crediderimus.</strong></span> <span class='ocrx_word' id='word_1_577' title='bbox 3268 3504 3543 3570; x_wconf 87' lang='lat' dir='ltr'><strong>Quemad-</strong></span> 
     </span>
    </p>
   </div>
   <div class='ocr_carea' id='block_1_82' title="bbox 1963 3594 3541 3670">
    <p class='ocr_par' dir='ltr' id='par_1_82' title="bbox 1963 3594 3541 3670">
     <span class='ocr_line' id='line_1_82' title="bbox 1963 3594 3541 3670; baseline -0.004 -12"><span class='ocrx_word' id='word_1_578' title='bbox 1963 3605 2187 3659; x_wconf 90' lang='lat' dir='ltr'><strong>modum</strong></span> <span class='ocrx_word' id='word_1_579' title='bbox 2215 3602 2361 3660; x_wconf 88' lang='lat' dir='ltr'><strong>enim</strong></span> <span class='ocrx_word' id='word_1_580' title='bbox 2395 3617 2521 3658; x_wconf 89' lang='lat' dir='ltr'><strong>cum</strong></span> <span class='ocrx_word' id='word_1_581' title='bbox 2562 3617 2672 3657; x_wconf 89' lang='lat' dir='ltr'><strong>non</strong></span> <span class='ocrx_word' id='word_1_582' title='bbox 2708 3615 2889 3657; x_wconf 89' lang='lat' dir='ltr'><strong>essem</strong></span> <span class='ocrx_word' id='word_1_583' title='bbox 2923 3606 3215 3670; x_wconf 89' lang='lat' dir='ltr'><strong>antequam</strong></span> <span class='ocrx_word' id='word_1_584' title='bbox 3262 3594 3541 3663; x_wconf 89' lang='lat' dir='ltr'><strong>nascerer,</strong></span> 
     </span>
    </p>
   </div>
   <div class='ocr_carea' id='block_1_83' title="bbox 1962 3799 3543 3871">
    <p class='ocr_par' dir='ltr' id='par_1_83' title="bbox 1962 3799 3543 3871">
     <span class='ocr_line' id='line_1_83' title="bbox 1962 3799 3543 3871; baseline 0 -16"><span class='ocrx_word' id='word_1_585' title='bbox 1962 3802 2146 3857; x_wconf 88' lang='lat' dir='ltr'><strong>tianus</strong></span> <span class='ocrx_word' id='word_1_586' title='bbox 2185 3814 2476 3871; x_wconf 86' lang='lat' dir='ltr'><strong>corporum</strong></span> <span class='ocrx_word' id='word_1_587' title='bbox 2512 3799 2978 3871; x_wconf 77' lang='lat' dir='ltr'><strong>resurrectionem</strong></span> <span class='ocrx_word' id='word_1_588' title='bbox 2997 3813 3079 3871; x_wconf 76' lang='lat' dir='ltr'><strong>ex</strong></span> <span class='ocrx_word' id='word_1_589' title='bbox 3114 3801 3356 3871; x_wconf 78' lang='lat' dir='ltr'><strong>materiae</strong></span> <span class='ocrx_word' id='word_1_590' title='bbox 3387 3814 3543 3855; x_wconf 88' lang='lat' dir='ltr'><strong>crea-</strong></span> 
     </span>
    </p>
   </div>
   <div class='ocr_carea' id='block_1_84' title="bbox 1961 3867 3539 3941">
    <p class='ocr_par' dir='ltr' id='par_1_84' title="bbox 1961 3867 3539 3941">
     <span class='ocr_line' id='line_1_84' title="bbox 1961 3867 3539 3941; baseline -0.001 -16"><span class='ocrx_word' id='word_1_591' title='bbox 1961 3873 2112 3927; x_wconf 88' lang='lat' dir='ltr'><strong>tione</strong></span> <span class='ocrx_word' id='word_1_592' title='bbox 2161 3867 2424 3941; x_wconf 77' lang='lat' dir='ltr'><strong>consequi</strong></span> <span class='ocrx_word' id='word_1_593' title='bbox 2474 3872 2772 3941; x_wconf 78' lang='lat' dir='ltr'><strong>existimat.</strong></span> <span class='ocrx_word' id='word_1_594' title='bbox 2825 3867 3032 3923; x_wconf 86' lang='lat' dir='ltr'><strong>Nefarii</strong></span> <span class='ocrx_word' id='word_1_595' title='bbox 3081 3869 3226 3941; x_wconf 84' lang='lat' dir='ltr'><strong>enim</strong></span> <span class='ocrx_word' id='word_1_596' title='bbox 3276 3870 3539 3932; x_wconf 68' lang='lat' dir='ltr'><strong>haeretici.</strong></span> 
     </span>
    </p>
   </div>
   <div class='ocr_carea' id='block_1_85' title="bbox 1960 3939 3543 4012">
    <p class='ocr_par' dir='ltr' id='par_1_85' title="bbox 1960 3939 3543 4012">
     <span class='ocr_line' id='line_1_85' title="bbox 1960 3939 3543 4012; baseline 0.001 -19"><span class='ocrx_word' id='word_1_597' title='bbox 1960 3942 2055 4012; x_wconf 87' lang='lat' dir='ltr'><strong>qui</strong></span> <span class='ocrx_word' id='word_1_598' title='bbox 2090 3939 2417 4012; x_wconf 10' lang='lat' dir='ltr'><strong>mundum&#39;ia</strong></span> <span class='ocrx_word' id='word_1_599' title='bbox 2452 3957 2581 3995; x_wconf 87' lang='lat' dir='ltr'><strong>vero</strong></span> <span class='ocrx_word' id='word_1_600' title='bbox 2631 3940 2744 3996; x_wconf 83' lang='lat' dir='ltr'><strong>Deo</strong></span> <span class='ocrx_word' id='word_1_601' title='bbox 2791 3948 3033 3994; x_wconf 89' lang='lat' dir='ltr'><strong>creatum</strong></span> <span class='ocrx_word' id='word_1_602' title='bbox 3067 3939 3371 4012; x_wconf 80' lang='lat' dir='ltr'><strong>negabant,</strong></span> <span class='ocrx_word' id='word_1_603' title='bbox 3406 3941 3543 3995; x_wconf 91' lang='lat' dir='ltr'><strong>nihil</strong></span> 
     </span>
    </p>
   </div>
   <div class='ocr_carea' id='block_1_86' title="bbox 1961 4011 3543 4080">
    <p class='ocr_par' dir='ltr' id='par_1_86' title="bbox 1961 4011 3543 4080">
     <span class='ocr_line' id='line_1_86' title="bbox 1961 4011 3543 4080; baseline -0.001 -15"><span class='ocrx_word' id='word_1_604' title='bbox 1961 4011 2124 4066; x_wconf 87' lang='lat' dir='ltr'><strong>etiam</strong></span> <span class='ocrx_word' id='word_1_605' title='bbox 2160 4012 2264 4065; x_wconf 88' lang='lat' dir='ltr'><strong>loci</strong></span> <span class='ocrx_word' id='word_1_606' title='bbox 2299 4011 2681 4080; x_wconf 88' lang='lat' dir='ltr'><strong>relinquebant</strong></span> <span class='ocrx_word' id='word_1_607' title='bbox 2702 4023 2995 4080; x_wconf 78' lang='lat' dir='ltr'><strong>corporum</strong></span> <span class='ocrx_word' id='word_1_608' title='bbox 3024 4011 3436 4065; x_wconf 84' lang='lat' dir='ltr'><strong>resurrectioni.</strong></span> <span class='ocrx_word' id='word_1_609' title='bbox 3474 4012 3543 4064; x_wconf 87' lang='lat' dir='ltr'><strong>At</strong></span> 
     </span>
    </p>
   </div>
   <div class='ocr_carea' id='block_1_87' title="bbox 1963 4076 3539 4151">
    <p class='ocr_par' dir='ltr' id='par_1_87' title="bbox 1963 4076 3539 4151">
     <span class='ocr_line' id='line_1_87' title="bbox 1963 4076 3539 4151; baseline -0.001 -15"><span class='ocrx_word' id='word_1_610' title='bbox 1963 4082 2132 4136; x_wconf 89' lang='lat' dir='ltr'><strong>semel</strong></span> <span class='ocrx_word' id='word_1_611' title='bbox 2164 4081 2347 4151; x_wconf 86' lang='lat' dir='ltr'><strong>posito</strong></span> <span class='ocrx_word' id='word_1_612' title='bbox 2401 4076 2685 4134; x_wconf 81' lang='lat' dir='ltr'><strong>materiam</strong></span> <span class='ocrx_word' id='word_1_613' title='bbox 2720 4094 2749 4134; x_wconf 90' lang='lat' dir='ltr'><strong>a</strong></span> <span class='ocrx_word' id='word_1_614' title='bbox 2784 4076 2918 4133; x_wconf 59' lang='lat' dir='ltr'><strong>iero</strong></span> <span class='ocrx_word' id='word_1_615' title='bbox 2953 4076 3065 4151; x_wconf 85' lang='lat' dir='ltr'><strong>Deo</strong></span> <span class='ocrx_word' id='word_1_616' title='bbox 3098 4085 3338 4133; x_wconf 90' lang='lat' dir='ltr'><strong>creatam</strong></span> <span class='ocrx_word' id='word_1_617' title='bbox 3372 4095 3495 4136; x_wconf 90' lang='lat' dir='ltr'><strong>esse</strong></span> <span class='ocrx_word' id='word_1_618' title='bbox 3523 4100 3539 4146; x_wconf 89' lang='lat'><strong>;</strong></span> 
     </span>
    </p>
   </div>
   <div class='ocr_carea' id='block_1_88' title="bbox 1961 4148 3539 4220">
    <p class='ocr_par' dir='ltr' id='par_1_88' title="bbox 1961 4148 3539 4220">
     <span class='ocr_line' id='line_1_88' title="bbox 1961 4148 3539 4220; baseline -0.002 -14"><span class='ocrx_word' id='word_1_619' title='bbox 1961 4167 2071 4206; x_wconf 91' lang='lat' dir='ltr'><strong>non</strong></span> <span class='ocrx_word' id='word_1_620' title='bbox 2099 4148 2213 4220; x_wconf 75' lang='lat' dir='ltr'><strong>jafn</strong></span> <span class='ocrx_word' id='word_1_621' title='bbox 2248 4151 2597 4220; x_wconf 85' lang='lat' dir='ltr'><strong>metuendum</strong></span> <span class='ocrx_word' id='word_1_622' title='bbox 2621 4158 2796 4205; x_wconf 89' lang='lat' dir='ltr'><strong>estne</strong></span> <span class='ocrx_word' id='word_1_623' title='bbox 2821 4161 3021 4220; x_wconf 84' lang='lat' dir='ltr'><strong>corpus</strong></span> <span class='ocrx_word' id='word_1_624' title='bbox 3043 4148 3341 4203; x_wconf 87' lang='lat' dir='ltr'><strong>humanum</strong></span> <span class='ocrx_word' id='word_1_625' title='bbox 3376 4152 3539 4206; x_wconf 88' lang='lat' dir='ltr'><strong>resti-</strong></span> 
     </span>
    </p>
   </div>
   <div class='ocr_carea' id='block_1_89' title="bbox 1962 4218 3537 4291">
    <p class='ocr_par' dir='ltr' id='par_1_89' title="bbox 1962 4218 3537 4291">
     <span class='ocr_line' id='line_1_89' title="bbox 1962 4218 3537 4291; baseline 0 -17"><span class='ocrx_word' id='word_1_626' title='bbox 1962 4218 2117 4276; x_wconf 86' lang='lat' dir='ltr'><strong>tuere</strong></span> <span class='ocrx_word' id='word_1_627' title='bbox 2150 4235 2259 4274; x_wconf 92' lang='lat' dir='ltr'><strong>non</strong></span> <span class='ocrx_word' id='word_1_628' title='bbox 2295 4222 2491 4291; x_wconf 87' lang='lat' dir='ltr'><strong>possit.</strong></span> <span class='ocrx_word' id='word_1_629' title='bbox 2545 4218 2859 4291; x_wconf 68' lang='lat' dir='ltr'><strong>Gesnerus.</strong></span> <span class='ocrx_word' id='word_1_630' title='bbox 2888 4218 3103 4291; x_wconf 78' lang='lat' dir='ltr'><strong>omissa</strong></span> <span class='ocrx_word' id='word_1_631' title='bbox 3127 4221 3537 4291; x_wconf 75' lang='lat' dir='ltr'><strong>praepositione,</strong></span> 
     </span>
    </p>
   </div>
   <div class='ocr_carea' id='block_1_90' title="bbox 1960 4286 3541 4362">
    <p class='ocr_par' dir='ltr' id='par_1_90' title="bbox 1960 4286 3541 4362">
     <span class='ocr_line' id='line_1_90' title="bbox 1960 4286 3541 4362; baseline -0.001 -17"><span class='ocrx_word' id='word_1_632' title='bbox 1960 4291 2248 4362; x_wconf 84' lang='lat' dir='ltr'><strong>legendum</strong></span> <span class='ocrx_word' id='word_1_633' title='bbox 2284 4286 2473 4362; x_wconf 78' lang='lat' dir='ltr'><strong>censet</strong></span> <span class='ocrx_word' id='word_1_634' title='bbox 2511 4306 2525 4346; x_wconf 92' lang='lat'><strong>:</strong></span> <span class='ocrx_word' id='word_1_635' title='bbox 2569 4290 2763 4344; x_wconf 84' lang='grc' dir='ltr'>Μόνων</span> <span class='ocrx_word' id='word_1_636' title='bbox 2795 4290 2904 4344; x_wconf 85' lang='grc' dir='ltr'>τῶν</span> <span class='ocrx_word' id='word_1_637' title='bbox 2933 4286 3257 4360; x_wconf 63' lang='grc' dir='ltr'>ἀνθρώπων</span> <span class='ocrx_word' id='word_1_638' title='bbox 3272 4290 3371 4359; x_wconf 80' lang='grc' dir='ltr'>τὴν</span> <span class='ocrx_word' id='word_1_639' title='bbox 3411 4291 3541 4345; x_wconf 85' lang='grc' dir='ltr'>ἀνά-</span> 
     </span>
    </p>
   </div>
   <div class='ocr_carea' id='block_1_91' title="bbox 1963 4360 2423 4426">
    <p class='ocr_par' dir='ltr' id='par_1_91' title="bbox 1963 4360 2423 4426">
     <span class='ocr_line' id='line_1_91' title="bbox 1963 4360 2423 4426; baseline -0.004 -12"><span class='ocrx_word' id='word_1_640' title='bbox 1963 4360 2152 4426; x_wconf 87' lang='grc' dir='ltr'>στασιν</span> <span class='ocrx_word' id='word_1_641' title='bbox 2185 4360 2423 4413; x_wconf 74' lang='grc' dir='ltr'>ἔσεσθαι.</span> 
     </span>
    </p>
   </div>
   <div class='ocr_carea' id='block_1_92' title="bbox 2035 4427 3534 4502">
    <p class='ocr_par' dir='ltr' id='par_1_92' title="bbox 2035 4427 3534 4502">
     <span class='ocr_line' id='line_1_92' title="bbox 2035 4427 3534 4502; baseline 0.001 -17"><span class='ocrx_word' id='word_1_642' title='bbox 2035 4430 2146 4502; x_wconf 75' lang='lat'><strong>(52)</strong></span> <span class='ocrx_word' id='word_1_643' title='bbox 2180 4429 2364 4499; x_wconf 77' lang='grc' dir='ltr'>Χάριν</span> <span class='ocrx_word' id='word_1_644' title='bbox 2400 4430 2672 4498; x_wconf 78' lang='grc' dir='ltr'>κρίσεως.</span> <span class='ocrx_word' id='word_1_645' title='bbox 2704 4427 3105 4502; x_wconf 73' lang='lat' dir='ltr'><strong>‘Tertullianus</strong></span> <span class='ocrx_word' id='word_1_646' title='bbox 3136 4428 3381 4502; x_wconf 64' lang='lat' dir='ltr'><strong>Apolog.,</strong></span> <span class='ocrx_word' id='word_1_647' title='bbox 3413 4446 3534 4502; x_wconf 86' lang='lat' dir='ltr'><strong>cap.</strong></span> 
     </span>
    </p>
   </div>
   <div class='ocr_carea' id='block_1_93' title="bbox 264 4496 3540 4577">
    <p class='ocr_par' dir='ltr' id='par_1_93' title="bbox 264 4496 3540 4577">
     <span class='ocr_line' id='line_1_93' title="bbox 264 4496 3540 4577; baseline 0.001 -24"><span class='ocrx_word' id='word_1_648' title='bbox 264 4502 442 4577; x_wconf 80' lang='lat' dir='ltr'><strong>mine,</strong></span> <span class='ocrx_word' id='word_1_649' title='bbox 475 4505 749 4577; x_wconf 83' lang='lat' dir='ltr'><strong>separari_</strong></span> <span class='ocrx_word' id='word_1_650' title='bbox 762 4496 802 4556; x_wconf 52' lang='lat' dir='ltr'><strong>a&#39;</strong></span> <span class='ocrx_word' id='word_1_651' title='bbox 824 4501 1129 4577; x_wconf 12' lang='lat' dir='ltr'><strong>Palreinon</strong></span> <span class='ocrx_word' id='word_1_652' title='bbox 1160 4496 1343 4577; x_wconf 72' lang='lat' dir='ltr'><strong>posset</strong></span> <span class='ocrx_word' id='word_1_653' title='bbox 1372 4507 1504 4577; x_wconf 88' lang='lat' dir='ltr'><strong>quin</strong></span> <span class='ocrx_word' id='word_1_654' title='bbox 1526 4507 1860 4564; x_wconf 73' lang='lat' dir='ltr'><strong>divideretur</strong></span> <span class='ocrx_word' id='word_1_655' title='bbox 1891 4498 1937 4554; x_wconf 93' lang='lat' dir='ltr'><strong>D</strong></span> <span class='ocrx_word' id='word_1_656' title='bbox 1964 4496 2069 4555; x_wconf 58' lang='lat'><strong>48&#39;:</strong></span> <span class='ocrx_word' id='word_1_657' title='bbox 2096 4496 2275 4556; x_wconf 48' lang='lat' dir='ltr'><strong>Certe&#39;</strong></span> <span class='ocrx_word' id='word_1_658' title='bbox 2298 4496 2449 4577; x_wconf 50' lang='lat' dir='ltr'><strong>quia:</strong></span> <span class='ocrx_word' id='word_1_659' title='bbox 2471 4502 2633 4577; x_wconf 60' lang='lat' dir='ltr'><strong>ratio</strong></span> <span class='ocrx_word' id='word_1_660' title='bbox 2656 4499 3005 4577; x_wconf 70' lang='lat' dir='ltr'><strong>restitutionis</strong></span> <span class='ocrx_word' id='word_1_661' title='bbox 3036 4496 3540 4577; x_wconf 68' lang='lat' dir='ltr'><strong>destinatiojudiéii</strong></span> 
     </span>
    </p>
   </div>
   <div class='ocr_carea' id='block_1_94' title="bbox 262 4572 1857 4654">
    <p class='ocr_par' dir='ltr' id='par_1_94' title="bbox 262 4572 1857 4654">
     <span class='ocr_line' id='line_1_94' title="bbox 262 4572 1857 4654; baseline 0.006 -29"><span class='ocrx_word' id='word_1_662' title='bbox 262 4579 320 4651; x_wconf 61' lang='lat' dir='ltr'><strong>et</strong></span> <span class='ocrx_word' id='word_1_663' title='bbox 343 4572 695 4654; x_wconf 72' lang='lat' dir='ltr'><strong>minueretur</strong></span> <span class='ocrx_word' id='word_1_664' title='bbox 715 4572 897 4630; x_wconf 86' lang='lat' dir='ltr'><strong>Patris</strong></span> <span class='ocrx_word' id='word_1_665' title='bbox 924 4572 1264 4654; x_wconf 72' lang='lat' dir='ltr'><strong>substantia;</strong></span> <span class='ocrx_word' id='word_1_666' title='bbox 1294 4572 1580 4654; x_wconf 34' lang='lat' dir='ltr'><strong>curiistud,</strong></span> <span class='ocrx_word' id='word_1_667' title='bbox 1612 4580 1857 4654; x_wconf 58' lang='lat' dir='ltr'><strong>inquam,</strong></span> 
     </span>
    </p>
   </div>
   <div class='ocr_carea' id='block_1_95' title="bbox 260 4646 1861 4767">
    <p class='ocr_par' dir='ltr' id='par_1_95' title="bbox 260 4646 1861 4767">
     <span class='ocr_line' id='line_1_95' title="bbox 264 4646 1861 4767; baseline 0.006 -74"><span class='ocrx_word' id='word_1_668' title='bbox 264 4646 377 4721; x_wconf 72' lang='lat' dir='ltr'><strong>nisi</strong></span> <span class='ocrx_word' id='word_1_669' title='bbox 413 4646 548 4711; x_wconf 84' lang='lat' dir='ltr'><strong>quia</strong></span> <span class='ocrx_word' id='word_1_670' title='bbox 584 4659 692 4697; x_wconf 87' lang='lat' dir='ltr'><strong>una</strong></span> <span class='ocrx_word' id='word_1_671' title='bbox 707 4659 951 4767; x_wconf 52' lang='lat' dir='ltr'><strong>1pmrsus</strong></span> <span class='ocrx_word' id='word_1_672' title='bbox 983 4657 1037 4701; x_wconf 91' lang='lat' dir='ltr'><strong>et</strong></span> <span class='ocrx_word' id='word_1_673' title='bbox 1066 4646 1363 4718; x_wconf 82' lang='lat' dir='ltr'><strong>singularis</strong></span> <span class='ocrx_word' id='word_1_674' title='bbox 1397 4647 1453 4700; x_wconf 90' lang='lat' dir='ltr'><strong>in</strong></span> <span class='ocrx_word' id='word_1_675' title='bbox 1486 4646 1651 4703; x_wconf 89' lang='lat' dir='ltr'><strong>Patre</strong></span> <span class='ocrx_word' id='word_1_676' title='bbox 1684 4646 1738 4704; x_wconf 83' lang='lat' dir='ltr'><strong>et</strong></span> <span class='ocrx_word' id='word_1_677' title='bbox 1770 4648 1861 4703; x_wconf 85' lang='lat' dir='ltr'><strong>Fi-</strong></span> 
     </span>
     <span class='ocr_line' id='line_1_96' title="bbox 260 4711 1861 4767; baseline 0.001 -2"><span class='ocrx_word' id='word_1_678' title='bbox 260 4711 345 4765; x_wconf 75' lang='lat' dir='ltr'><strong>‘lm</strong></span> <span class='ocrx_word' id='word_1_679' title='bbox 380 4713 699 4767; x_wconf 73' lang='lat' dir='ltr'><strong>Substantia</strong></span> <span class='ocrx_word' id='word_1_680' title='bbox 765 4714 967 4767; x_wconf 84' lang='lat' dir='ltr'><strong>Eadem</strong></span> <span class='ocrx_word' id='word_1_681' title='bbox 1002 4717 1323 4767; x_wconf 58' lang='lat' dir='ltr'><strong>substantiae</strong></span> <span class='ocrx_word' id='word_1_682' title='bbox 1350 4718 1704 4767; x_wconf 73' lang='lat' dir='ltr'><strong>sinaularitas</strong></span> <span class='ocrx_word' id='word_1_683' title='bbox 1728 4735 1861 4767; x_wconf 82' lang='lat' dir='ltr'><strong>cun-</strong></span> 
     </span>
    </p>
   </div>
   <div class='ocr_carea' id='block_1_96' title="bbox 265 4711 1863 4788">
    <p class='ocr_par' dir='ltr' id='par_1_96' title="bbox 265 4711 1863 4788">
     <span class='ocr_line' id='line_1_97' title="bbox 265 4711 1863 4788; baseline 0.006 -23"><span class='ocrx_word' id='word_1_684' title='bbox 265 4711 345 4788; x_wconf 66' lang='lat' dir='ltr'><strong>ljo</strong></span> <span class='ocrx_word' id='word_1_685' title='bbox 380 4711 739 4775; x_wconf 70' lang='lat' dir='ltr'><strong>Substantia‘!</strong></span> <span class='ocrx_word' id='word_1_686' title='bbox 765 4714 967 4788; x_wconf 74' lang='lat' dir='ltr'><strong>Eadem</strong></span> <span class='ocrx_word' id='word_1_687' title='bbox 1002 4711 1323 4788; x_wconf 66' lang='lat' dir='ltr'><strong>substantia:</strong></span> <span class='ocrx_word' id='word_1_688' title='bbox 1350 4718 1704 4788; x_wconf 79' lang='lat' dir='ltr'><strong>singularitas</strong></span> <span class='ocrx_word' id='word_1_689' title='bbox 1728 4735 1863 4775; x_wconf 83' lang='lat' dir='ltr'><strong>con-</strong></span> 
     </span>
    </p>
   </div>
   <div class='ocr_carea' id='block_1_97' title="bbox 269 4780 1863 4859">
    <p class='ocr_par' dir='ltr' id='par_1_97' title="bbox 269 4780 1863 4859">
     <span class='ocr_line' id='line_1_98' title="bbox 269 4780 1863 4859; baseline 0.007 -26"><span class='ocrx_word' id='word_1_690' title='bbox 269 4780 534 4859; x_wconf 60' lang='lat' dir='ltr'><strong>ﬁrmatur</strong></span> <span class='ocrx_word' id='word_1_691' title='bbox 584 4786 836 4854; x_wconf 81' lang='lat' dir='ltr'><strong>exemplo</strong></span> <span class='ocrx_word' id='word_1_692' title='bbox 880 4786 1107 4841; x_wconf 90' lang='lat' dir='ltr'><strong>humani</strong></span> <span class='ocrx_word' id='word_1_693' title='bbox 1163 4787 1326 4856; x_wconf 86' lang='grc' dir='ltr'>λόγου</span> <span class='ocrx_word' id='word_1_694' title='bbox 1366 4780 1476 4859; x_wconf 73' lang='lat' dir='ltr'><strong>quo</strong></span> <span class='ocrx_word' id='word_1_695' title='bbox 1510 4786 1759 4846; x_wconf 86' lang='lat' dir='ltr'><strong>Justinus</strong></span> <span class='ocrx_word' id='word_1_696' title='bbox 1807 4798 1863 4846; x_wconf 90' lang='lat' dir='ltr'><strong>et</strong></span> 
     </span>
    </p>
   </div>
   <div class='ocr_carea' id='block_1_98' title="bbox 266 4849 1699 4910">
    <p class='ocr_par' dir='ltr' id='par_1_98' title="bbox 266 4849 1699 4910">
     <span class='ocr_line' id='line_1_99' title="bbox 266 4849 1699 4910; baseline 0.003 -6"><span class='ocrx_word' id='word_1_697' title='bbox 266 4849 547 4907; x_wconf 80' lang='lat' dir='ltr'><strong>Tatiauus</strong></span> <span class='ocrx_word' id='word_1_698' title='bbox 576 4849 825 4910; x_wconf 77' lang='lat' dir='ltr'><strong>utuntur.</strong></span> <span class='ocrx_word' id='word_1_699' title='bbox 1239 4849 1251 4856; x_wconf 85' lang='grc'><em>’</em></span> <span class='ocrx_word' id='word_1_700' title='bbox 1382 4849 1402 4859; x_wconf 83' lang='grc'><strong>’</strong></span> <span class='ocrx_word' id='word_1_701' title='bbox 1694 4870 1699 4877; x_wconf 76' lang='lat'><strong><em>&#39;</em></strong></span> 
     </span>
    </p>
   </div>
   <div class='ocr_carea' id='block_1_99' title="bbox 338 4988 1861 5070">
    <p class='ocr_par' dir='ltr' id='par_1_99' title="bbox 338 4988 1861 5070">
     <span class='ocr_line' id='line_1_100' title="bbox 338 4988 1861 5070; baseline 0.005 -26"><span class='ocrx_word' id='word_1_702' title='bbox 338 4988 460 5070; x_wconf 70' lang='grc'>(48)</span> <span class='ocrx_word' id='word_1_703' title='bbox 508 4990 959 5070; x_wconf 57' lang='grc' dir='ltr'><strong>ᾋγταεαιςέννηονσενἔ</strong></span> <span class='ocrx_word' id='word_1_704' title='bbox 986 4994 1186 5070; x_wconf 35' lang='lat' dir='ltr'><strong>Ex‘his</strong></span> <span class='ocrx_word' id='word_1_705' title='bbox 1214 4995 1572 5070; x_wconf 58' lang='lat' dir='ltr'><strong>conﬂi-[natur</strong></span> <span class='ocrx_word' id='word_1_706' title='bbox 1601 5002 1656 5070; x_wconf 82' lang='lat' dir='ltr'><strong>et</strong></span> <span class='ocrx_word' id='word_1_707' title='bbox 1684 4997 1861 5070; x_wconf 52' lang='lat' dir='ltr'><strong>expli;</strong></span> 
     </span>
    </p>
   </div>
   <div class='ocr_carea' id='block_1_100' title="bbox 261 5060 1857 5141">
    <p class='ocr_par' dir='ltr' id='par_1_100' title="bbox 261 5060 1857 5141">
     <span class='ocr_line' id='line_1_101' title="bbox 261 5060 1857 5141; baseline 0.006 -29"><span class='ocrx_word' id='word_1_708' title='bbox 261 5069 441 5141; x_wconf 45' lang='lat' dir='ltr'><strong>catur.</strong></span> <span class='ocrx_word' id='word_1_709' title='bbox 452 5060 724 5130; x_wconf 90' lang='lat' dir='ltr'><strong>quidquid</strong></span> <span class='ocrx_word' id='word_1_710' title='bbox 746 5064 956 5141; x_wconf 75' lang='lat' dir='ltr'><strong>antiqui</strong></span> <span class='ocrx_word' id='word_1_711' title='bbox 981 5064 1278 5141; x_wconf 78' lang='lat' dir='ltr'><strong>scriptores</strong></span> <span class='ocrx_word' id='word_1_712' title='bbox 1296 5064 1644 5141; x_wconf 35' lang='grc' dir='ltr'>ἀει-γεώλοςί</span> <span class='ocrx_word' id='word_1_713' title='bbox 1667 5060 1857 5122; x_wconf 77' lang='lat' dir='ltr'><strong>mundi</strong></span> 
     </span>
    </p>
   </div>
   <div class='ocr_carea' id='block_1_101' title="bbox 260 5134 1855 5211">
    <p class='ocr_par' dir='ltr' id='par_1_101' title="bbox 260 5134 1855 5211">
     <span class='ocr_line' id='line_1_102' title="bbox 260 5134 1855 5211; baseline 0.005 -28"><span class='ocrx_word' id='word_1_714' title='bbox 260 5134 611 5211; x_wconf 75' lang='lat' dir='ltr'><strong>creationem</strong></span> <span class='ocrx_word' id='word_1_715' title='bbox 636 5134 998 5211; x_wconf 68' lang='lat' dir='ltr'><strong>generatione</strong></span> <span class='ocrx_word' id='word_1_716' title='bbox 1036 5135 1314 5211; x_wconf 73' lang='lat' dir='ltr'><strong>dixerunt.</strong></span> <span class='ocrx_word' id='word_1_717' title='bbox 1339 5136 1488 5211; x_wconf 73' lang='lat' dir='ltr'><strong>_(_3um</strong></span> <span class='ocrx_word' id='word_1_718' title='bbox 1524 5135 1855 5211; x_wconf 86' lang='lat' dir='ltr'><strong>Filius_om-</strong></span> 
     </span>
    </p>
   </div>
   <div class='ocr_carea' id='block_1_102' title="bbox 262 5200 1854 5275">
    <p class='ocr_par' dir='ltr' id='par_1_102' title="bbox 262 5200 1854 5275">
     <span class='ocr_line' id='line_1_103' title="bbox 262 5200 1854 5275; baseline 0.004 -22"><span class='ocrx_word' id='word_1_719' title='bbox 262 5214 369 5253; x_wconf 78' lang='lat' dir='ltr'><strong>nes</strong></span> <span class='ocrx_word' id='word_1_720' title='bbox 426 5200 585 5255; x_wconf 88' lang='lat' dir='ltr'><strong>ideas</strong></span> <span class='ocrx_word' id='word_1_721' title='bbox 634 5200 812 5275; x_wconf 74' lang='lat' dir='ltr'><strong>Patris</strong></span> <span class='ocrx_word' id='word_1_722' title='bbox 866 5219 931 5258; x_wconf 88' lang='lat' dir='ltr'><strong>ac</strong></span> <span class='ocrx_word' id='word_1_723' title='bbox 980 5206 1165 5260; x_wconf 89' lang='lat' dir='ltr'><strong>omnia</strong></span> <span class='ocrx_word' id='word_1_724' title='bbox 1223 5207 1485 5261; x_wconf 86' lang='lat' dir='ltr'><strong>attributa</strong></span> <span class='ocrx_word' id='word_1_725' title='bbox 1537 5208 1854 5275; x_wconf 88' lang='lat' dir='ltr'><strong>possideat,</strong></span> 
     </span>
    </p>
   </div>
   <div class='ocr_carea' id='block_1_103' title="bbox 300 5270 1857 5350">
    <p class='ocr_par' dir='ltr' id='par_1_103' title="bbox 300 5270 1857 5350">
     <span class='ocr_line' id='line_1_104' title="bbox 300 5270 1857 5350; baseline 0.007 -29"><span class='ocrx_word' id='word_1_726' title='bbox 300 5285 510 5350; x_wconf 61' lang='lat' dir='ltr'><strong>umque</strong></span> <span class='ocrx_word' id='word_1_727' title='bbox 545 5270 1048 5350; x_wconf 59' lang='lat' dir='ltr'><strong>mund_i_exemplar</strong></span> <span class='ocrx_word' id='word_1_728' title='bbox 1076 5277 1130 5329; x_wconf 90' lang='lat' dir='ltr'><strong>in</strong></span> <span class='ocrx_word' id='word_1_729' title='bbox 1160 5275 1339 5350; x_wconf 79' lang='lat' dir='ltr'><strong>Verbo</strong></span> <span class='ocrx_word' id='word_1_730' title='bbox 1366 5270 1702 5350; x_wconf 75' lang='lat' dir='ltr'><strong>descriptum</strong></span> <span class='ocrx_word' id='word_1_731' title='bbox 1739 5270 1857 5332; x_wconf 57' lang='lat' dir='ltr'><strong>fueé</strong></span> 
     </span>
    </p>
   </div>
   <div class='ocr_carea' id='block_1_104' title="bbox 266 5339 1858 5417">
    <p class='ocr_par' dir='ltr' id='par_1_104' title="bbox 266 5339 1858 5417">
     <span class='ocr_line' id='line_1_105' title="bbox 266 5339 1858 5417; baseline 0.006 -25"><span class='ocrx_word' id='word_1_732' title='bbox 266 5339 343 5417; x_wconf 77' lang='lat' dir='ltr'><strong>rit</strong></span> <span class='ocrx_word' id='word_1_733' title='bbox 364 5380 383 5402; x_wconf 93' lang='lat'><strong>,</strong></span> <span class='ocrx_word' id='word_1_734' title='bbox 420 5339 565 5395; x_wconf 86' lang='lat' dir='ltr'><strong>inter</strong></span> <span class='ocrx_word' id='word_1_735' title='bbox 596 5339 1202 5417; x_wconf 37' lang='lat' dir='ltr'><strong>Verbihgene&#39;rationem</strong></span> <span class='ocrx_word' id='word_1_736' title='bbox 1238 5348 1420 5413; x_wconf 91' lang='lat' dir='ltr'><strong>illam,</strong></span> <span class='ocrx_word' id='word_1_737' title='bbox 1455 5339 1569 5417; x_wconf 75' lang='lat' dir='ltr'><strong>sive</strong></span> <span class='ocrx_word' id='word_1_738' title='bbox 1602 5362 1858 5417; x_wconf 89' lang='lat' dir='ltr'><strong>progres-</strong></span> 
     </span>
    </p>
   </div>
   <div class='ocr_carea' id='block_1_105' title="bbox 261 5412 1857 5493">
    <p class='ocr_par' dir='ltr' id='par_1_105' title="bbox 261 5412 1857 5493">
     <span class='ocr_line' id='line_1_106' title="bbox 261 5412 1857 5493; baseline 0.005 -30"><span class='ocrx_word' id='word_1_739' title='bbox 261 5412 505 5493; x_wconf 48' lang='lat' dir='ltr'><strong>sionem.</strong></span> <span class='ocrx_word' id='word_1_740' title='bbox 528 5419 581 5464; x_wconf 88' lang='lat' dir='ltr'><strong>et</strong></span> <span class='ocrx_word' id='word_1_741' title='bbox 604 5412 1166 5471; x_wconf 57' lang='lat' dir='ltr'><strong>mundi&#39;creationem</strong></span> <span class='ocrx_word' id='word_1_742' title='bbox 1199 5412 1514 5473; x_wconf 90' lang='lat' dir='ltr'><strong>necessaria</strong></span> <span class='ocrx_word' id='word_1_743' title='bbox 1547 5412 1857 5474; x_wconf 68' lang='lat' dir='ltr'><strong>intercessit</strong></span> 
     </span>
    </p>
   </div>
   <div class='ocr_carea' id='block_1_106' title="bbox 259 5494 564 5534">
    <p class='ocr_par' dir='ltr' id='par_1_106' title="bbox 259 5494 564 5534">
     <span class='ocr_line' id='line_1_107' title="bbox 259 5494 564 5534; baseline 0.007 -2"><span class='ocrx_word' id='word_1_744' title='bbox 259 5494 564 5534; x_wconf 67' lang='lat' dir='ltr'><strong>connexuo.</strong></span> 
     </span>
    </p>
   </div>
   <div class='ocr_carea' id='block_1_107' title="bbox 260 5550 1855 5691">
    <p class='ocr_par' dir='ltr' id='par_1_107' title="bbox 260 5550 1855 5691">
     <span class='ocr_line' id='line_1_108' title="bbox 341 5550 1855 5630; baseline 0.006 -28"><span class='ocrx_word' id='word_1_745' title='bbox 341 5550 457 5615; x_wconf 63' lang='lat'><strong>(£9)</strong></span> <span class='ocrx_word' id='word_1_746' title='bbox 492 5553 965 5623; x_wconf 76' lang='grc' dir='ltr'><strong>Μεταρῤυθμιζω.</strong></span> <span class='ocrx_word' id='word_1_747' title='bbox 994 5554 1127 5627; x_wconf 81' lang='lat' dir='ltr'><strong>Reg.</strong></span> <span class='ocrx_word' id='word_1_748' title='bbox 1161 5557 1218 5621; x_wconf 75' lang='grc'>2,</span> <span class='ocrx_word' id='word_1_749' title='bbox 1248 5556 1410 5629; x_wconf 82' lang='lat' dir='ltr'><strong>Angl.</strong></span> <span class='ocrx_word' id='word_1_750' title='bbox 1444 5565 1499 5614; x_wconf 88' lang='lat' dir='ltr'><strong>et</strong></span> <span class='ocrx_word' id='word_1_751' title='bbox 1531 5556 1720 5630; x_wconf 88' lang='lat' dir='ltr'><strong>Tigur.</strong></span> <span class='ocrx_word' id='word_1_752' title='bbox 1755 5575 1855 5629; x_wconf 89' lang='grc' dir='ltr'>με-</span> 
     </span>
     <span class='ocr_line' id='line_1_109' title="bbox 260 5620 673 5691; baseline 0.01 -19"><span class='ocrx_word' id='word_1_753' title='bbox 260 5620 673 5691; x_wconf 63' lang='grc' dir='ltr'><strong>ωρῤυθμίζωι.</strong></span> 
     </span>
    </p>
   </div>
   <div class='ocr_carea' id='block_1_108' title="bbox 340 5638 1855 5775">
    <p class='ocr_par' dir='ltr' id='par_1_108' title="bbox 340 5638 1855 5775">
     <span class='ocr_line' id='line_1_110' title="bbox 340 5638 673 5691; baseline 0.006 -1"><span class='ocrx_word' id='word_1_754' title='bbox 340 5638 673 5691; x_wconf 60' lang='grc' dir='ltr'><strong>Ρρυυμιςων-</strong></span> 
     </span>
     <span class='ocr_line' id='line_1_111' title="bbox 340 5691 1855 5775; baseline 0.008 -33"><span class='ocrx_word' id='word_1_755' title='bbox 482 5692 560 5775; x_wconf 71' lang='lat'><strong>&quot;0</strong></span> <span class='ocrx_word' id='word_1_756' title='bbox 591 5694 755 5775; x_wconf 47' lang='grc' dir='ltr'>θεός.</span> <span class='ocrx_word' id='word_1_757' title='bbox 805 5692 943 5767; x_wconf 81' lang='lat' dir='ltr'><strong>Reg.</strong></span> <span class='ocrx_word' id='word_1_758' title='bbox 982 5696 1044 5761; x_wconf 85' lang='lat' dir='ltr'><strong>l,</strong></span> <span class='ocrx_word' id='word_1_759' title='bbox 1079 5697 1174 5750; x_wconf 80' lang='grc' dir='ltr'>καὶ</span> <span class='ocrx_word' id='word_1_760' title='bbox 1203 5697 1232 5750; x_wconf 85' lang='grc' dir='ltr'>ὁ</span> <span class='ocrx_word' id='word_1_761' title='bbox 1262 5696 1413 5761; x_wconf 85' lang='grc' dir='ltr'>Θεός.</span> <span class='ocrx_word' id='word_1_762' title='bbox 1466 5697 1592 5753; x_wconf 81' lang='lat' dir='ltr'><strong>Mox</strong></span> <span class='ocrx_word' id='word_1_763' title='bbox 1624 5698 1855 5755; x_wconf 67' lang='lat' dir='ltr'><strong>Ducaaus</strong></span> 
     </span>
    </p>
   </div>
   <div class='ocr_carea' id='block_1_109' title="bbox 264 5760 842 5818">
    <p class='ocr_par' dir='ltr' id='par_1_109' title="bbox 264 5760 842 5818">
     <span class='ocr_line' id='line_1_112' title="bbox 264 5760 842 5818; baseline 0.007 -7"><span class='ocrx_word' id='word_1_764' title='bbox 264 5760 366 5812; x_wconf 75' lang='grc' dir='ltr'>καὶ</span> <span class='ocrx_word' id='word_1_765' title='bbox 399 5760 509 5812; x_wconf 77' lang='grc' dir='ltr'><strong>ὑπὸ</strong></span> <span class='ocrx_word' id='word_1_766' title='bbox 536 5761 626 5814; x_wconf 73' lang='grc' dir='ltr'>τοῦ</span> <span class='ocrx_word' id='word_1_767' title='bbox 656 5764 842 5818; x_wconf 75' lang='grc' dir='ltr'>ἄλλοι).</span> 
     </span>
    </p>
   </div>
   <div class='ocr_carea' id='block_1_110' title="bbox 341 5829 1853 5907">
    <p class='ocr_par' dir='ltr' id='par_1_110' title="bbox 341 5829 1853 5907">
     <span class='ocr_line' id='line_1_113' title="bbox 341 5829 1853 5907; baseline 0.007 -24"><span class='ocrx_word' id='word_1_768' title='bbox 341 5829 459 5900; x_wconf 69' lang='grc' dir='ltr'>(δι)</span> <span class='ocrx_word' id='word_1_769' title='bbox 496 5833 596 5886; x_wconf 78' lang='grc' dir='ltr'><strong>Διὰ</strong></span> <span class='ocrx_word' id='word_1_770' title='bbox 626 5834 803 5891; x_wconf 80' lang='grc' dir='ltr'>τοῦτο</span> <span class='ocrx_word' id='word_1_771' title='bbox 833 5834 933 5889; x_wconf 82' lang='grc' dir='ltr'>καὶ</span> <span class='ocrx_word' id='word_1_772' title='bbox 964 5835 1270 5907; x_wconf 80' lang='grc' dir='ltr'><strong>σωμάτων.</strong></span> <span class='ocrx_word' id='word_1_773' title='bbox 1306 5836 1424 5895; x_wconf 82' lang='lat' dir='ltr'><strong>Non</strong></span> <span class='ocrx_word' id='word_1_774' title='bbox 1454 5837 1725 5895; x_wconf 86' lang='lat' dir='ltr'><strong>immerito</strong></span> <span class='ocrx_word' id='word_1_775' title='bbox 1746 5837 1853 5893; x_wconf 80' lang='lat' dir='ltr'><strong>Ta-</strong></span> 
     </span>
    </p>
   </div>
   <div class='ocr_carea' id='block_1_111' title="bbox 1962 4568 3539 4640">
    <p class='ocr_par' dir='ltr' id='par_1_111' title="bbox 1962 4568 3539 4640">
     <span class='ocr_line' id='line_1_114' title="bbox 1962 4568 3539 4640; baseline -0.001 -13"><span class='ocrx_word' id='word_1_776' title='bbox 1962 4580 2060 4632; x_wconf 86' lang='lat' dir='ltr'><strong>est,</strong></span> <span class='ocrx_word' id='word_1_777' title='bbox 2092 4568 2388 4625; x_wconf 83' lang='lat' dir='ltr'><strong>necessario</strong></span> <span class='ocrx_word' id='word_1_778' title='bbox 2431 4569 2569 4624; x_wconf 89' lang='lat' dir='ltr'><strong>idem</strong></span> <span class='ocrx_word' id='word_1_779' title='bbox 2614 4571 2723 4639; x_wconf 82' lang='lat' dir='ltr'><strong>ipse</strong></span> <span class='ocrx_word' id='word_1_780' title='bbox 2763 4570 2854 4640; x_wconf 88' lang='lat' dir='ltr'><strong>qui</strong></span> <span class='ocrx_word' id='word_1_781' title='bbox 2897 4569 3078 4637; x_wconf 78' lang='lat' dir='ltr'><strong>fuerat</strong></span> <span class='ocrx_word' id='word_1_782' title='bbox 3104 4568 3451 4640; x_wconf 76' lang='lat' dir='ltr'><strong>exhibebitur,</strong></span> <span class='ocrx_word' id='word_1_783' title='bbox 3479 4582 3539 4625; x_wconf 88' lang='lat' dir='ltr'><strong>ut</strong></span> 
     </span>
    </p>
   </div>
   <div class='ocr_carea' id='block_1_112' title="bbox 1964 4638 3533 4710">
    <p class='ocr_par' dir='ltr' id='par_1_112' title="bbox 1964 4638 3533 4710">
     <span class='ocr_line' id='line_1_115' title="bbox 1964 4638 3533 4710; baseline 0 -15"><span class='ocrx_word' id='word_1_784' title='bbox 1964 4641 2087 4695; x_wconf 87' lang='lat' dir='ltr'><strong>boui</strong></span> <span class='ocrx_word' id='word_1_785' title='bbox 2130 4657 2221 4695; x_wconf 89' lang='lat' dir='ltr'><strong>seu</strong></span> <span class='ocrx_word' id='word_1_786' title='bbox 2266 4642 2522 4695; x_wconf 85' lang='lat' dir='ltr'><strong>contrarii</strong></span> <span class='ocrx_word' id='word_1_787' title='bbox 2558 4641 2736 4694; x_wconf 87' lang='lat' dir='ltr'><strong>meriti</strong></span> <span class='ocrx_word' id='word_1_788' title='bbox 2775 4638 3042 4710; x_wconf 76' lang='lat' dir='ltr'><strong>judicium</strong></span> <span class='ocrx_word' id='word_1_789' title='bbox 3083 4653 3115 4690; x_wconf 90' lang='lat' dir='ltr'><strong>a</strong></span> <span class='ocrx_word' id='word_1_790' title='bbox 3163 4638 3533 4710; x_wconf 76' lang='lat' dir='ltr'><strong>D_c_q_referat.</strong></span> 
     </span>
    </p>
   </div>
   <div class='ocr_carea' id='block_1_113' title="bbox 1964 4706 3537 4782">
    <p class='ocr_par' dir='ltr' id='par_1_113' title="bbox 1964 4706 3537 4782">
     <span class='ocr_line' id='line_1_116' title="bbox 1964 4706 3537 4782; baseline -0.001 -17"><span class='ocrx_word' id='word_1_791' title='bbox 1964 4710 2192 4782; x_wconf 84' lang='lat' dir='ltr'><strong>Ideoque</strong></span> <span class='ocrx_word' id='word_1_792' title='bbox 2238 4706 2851 4779; x_wconf 56' lang='lat' dir='ltr'><strong>repraesentabuntur&#39;et</strong></span> <span class='ocrx_word' id='word_1_793' title='bbox 2909 4723 3151 4778; x_wconf 87' lang='lat' dir='ltr'><strong>corpora.</strong></span> <span class='ocrx_word' id='word_1_794' title='bbox 3206 4706 3339 4764; x_wconf 86' lang='lat' dir='ltr'><strong>Vide</strong></span> <span class='ocrx_word' id='word_1_795' title='bbox 3388 4710 3537 4765; x_wconf 86' lang='lat' dir='ltr'><strong>infra</strong></span> 
     </span>
    </p>
   </div>
   <div class='ocr_carea' id='block_1_114' title="bbox 1961 4782 2642 4852">
    <p class='ocr_par' dir='ltr' id='par_1_114' title="bbox 1961 4782 2642 4852">
     <span class='ocr_line' id='line_1_117' title="bbox 1961 4782 2642 4852; baseline 0 -17"><span class='ocrx_word' id='word_1_796' title='bbox 1961 4782 2227 4852; x_wconf 85' lang='lat' dir='ltr'><strong>Athenag.</strong></span> <span class='ocrx_word' id='word_1_797' title='bbox 2264 4782 2642 4852; x_wconf 8' lang='lat' dir='ltr'><strong>Degresurrect.</strong></span> 
     </span>
    </p>
   </div>
   <div class='ocr_carea' id='block_1_115' title="bbox 2032 4847 3538 4924">
    <p class='ocr_par' dir='ltr' id='par_1_115' title="bbox 2032 4847 3538 4924">
     <span class='ocr_line' id='line_1_118' title="bbox 2032 4847 3538 4924; baseline -0.001 -17"><span class='ocrx_word' id='word_1_798' title='bbox 2032 4847 2610 4924; x_wconf 63' lang='lat' dir='ltr'><strong>(53)_&quot;Pa6dpq_rqog.</strong></span> <span class='ocrx_word' id='word_1_799' title='bbox 2661 4848 2754 4924; x_wconf 68' lang='lat' dir='ltr'><strong>Sic</strong></span> <span class='ocrx_word' id='word_1_800' title='bbox 2793 4863 3006 4924; x_wconf 78' lang='lat' dir='ltr'><strong>omnes</strong></span> <span class='ocrx_word' id='word_1_801' title='bbox 3040 4847 3261 4924; x_wconf 63' lang='lat' dir='ltr'><strong>codices</strong></span> <span class='ocrx_word' id='word_1_802' title='bbox 3305 4863 3448 4924; x_wconf 76' lang='lat' dir='ltr'><strong>mss.</strong></span> <span class='ocrx_word' id='word_1_803' title='bbox 3481 4861 3538 4905; x_wconf 89' lang='lat' dir='ltr'><strong>et</strong></span> 
     </span>
    </p>
   </div>
   <div class='ocr_carea' id='block_1_116' title="bbox 1960 4917 3462 4991">
    <p class='ocr_par' dir='ltr' id='par_1_116' title="bbox 1960 4917 3462 4991">
     <span class='ocr_line' id='line_1_119' title="bbox 1960 4917 3462 4991; baseline -0.003 -12"><span class='ocrx_word' id='word_1_804' title='bbox 1960 4917 2111 4979; x_wconf 83' lang='lat' dir='ltr'><strong>editi.</strong></span> <span class='ocrx_word' id='word_1_805' title='bbox 2138 4917 2374 4991; x_wconf 56' lang='lat' dir='ltr'><strong>Legitur&#39;</strong></span> <span class='ocrx_word' id='word_1_806' title='bbox 2393 4919 2762 4991; x_wconf 82' lang='grc' dir='ltr'>Ῥαδάμανθος</span> <span class='ocrx_word' id='word_1_807' title='bbox 2792 4920 2848 4991; x_wconf 71' lang='lat' dir='ltr'><strong>in</strong></span> <span class='ocrx_word' id='word_1_808' title='bbox 2880 4920 3118 4991; x_wconf 79' lang='lat' dir='ltr'><strong>editione</strong></span> <span class='ocrx_word' id='word_1_809' title='bbox 3146 4917 3462 4991; x_wconf 80' lang='lat' dir='ltr'><strong>Oxoniensi.</strong></span> 
     </span>
    </p>
   </div>
   <div class='ocr_carea' id='block_1_117' title="bbox 2033 4988 3530 5065">
    <p class='ocr_par' dir='ltr' id='par_1_117' title="bbox 2033 4988 3530 5065">
     <span class='ocr_line' id='line_1_120' title="bbox 2033 4988 3530 5065; baseline -0.003 -18"><span class='ocrx_word' id='word_1_810' title='bbox 2033 4992 2146 5065; x_wconf 74' lang='grc'>(54)</span> <span class='ocrx_word' id='word_1_811' title='bbox 2180 4988 2329 5065; x_wconf 58' lang='lat' dir='ltr'><strong>lipr</strong></span> <span class='ocrx_word' id='word_1_812' title='bbox 2373 4993 2412 5061; x_wconf 79' lang='grc' dir='ltr'><strong>ἢ</strong></span> <span class='ocrx_word' id='word_1_813' title='bbox 2465 4988 2761 5061; x_wconf 56' lang='grc' dir='ltr'>γενέσθαι.</span> <span class='ocrx_word' id='word_1_814' title='bbox 2808 4988 2942 5060; x_wconf 84' lang='lat' dir='ltr'><strong>Reg.</strong></span> <span class='ocrx_word' id='word_1_815' title='bbox 2977 4989 3032 5052; x_wconf 77' lang='lat'><strong>2,</strong></span> <span class='ocrx_word' id='word_1_816' title='bbox 3086 4989 3530 5065; x_wconf 68' lang='grc' dir='ltr'>πρὶν-γενέσθαι.</span> 
     </span>
    </p>
   </div>
   <div class='ocr_carea' id='block_1_118' title="bbox 1961 5058 3532 5131">
    <p class='ocr_par' dir='ltr' id='par_1_118' title="bbox 1961 5058 3532 5131">
     <span class='ocr_line' id='line_1_121' title="bbox 1961 5058 3532 5131; baseline -0.003 -13"><span class='ocrx_word' id='word_1_817' title='bbox 1961 5058 2160 5118; x_wconf 80' lang='lat' dir='ltr'><strong>Totum</strong></span> <span class='ocrx_word' id='word_1_818' title='bbox 2208 5058 2313 5117; x_wconf 82' lang='lat' dir='ltr'><strong>hoc</strong></span> <span class='ocrx_word' id='word_1_819' title='bbox 2358 5058 2737 5131; x_wconf 85' lang='lat' dir='ltr'><strong>argumentum</strong></span> <span class='ocrx_word' id='word_1_820' title='bbox 2773 5058 3055 5131; x_wconf 73' lang='lat' dir='ltr'><strong>mutuatus</strong></span> <span class='ocrx_word' id='word_1_821' title='bbox 3087 5058 3468 5131; x_wconf 27' lang='lat' dir='ltr'><strong>estTati‘anus</strong></span> <span class='ocrx_word' id='word_1_822' title='bbox 3502 5077 3532 5114; x_wconf 90' lang='lat' dir='ltr'><strong>a</strong></span> 
     </span>
    </p>
   </div>
   <div class='ocr_carea' id='block_1_119' title="bbox 1960 5127 3534 5204">
    <p class='ocr_par' dir='ltr' id='par_1_119' title="bbox 1960 5127 3534 5204">
     <span class='ocr_line' id='line_1_122' title="bbox 1960 5127 3534 5204; baseline -0.003 -17"><span class='ocrx_word' id='word_1_823' title='bbox 1960 5137 2223 5204; x_wconf 83' lang='lat' dir='ltr'><strong>magistro</strong></span> <span class='ocrx_word' id='word_1_824' title='bbox 2256 5147 2357 5188; x_wconf 90' lang='lat' dir='ltr'><strong>suo</strong></span> <span class='ocrx_word' id='word_1_825' title='bbox 2387 5127 2626 5204; x_wconf 78' lang='lat' dir='ltr'><strong>Justino,</strong></span> <span class='ocrx_word' id='word_1_826' title='bbox 2662 5129 2882 5204; x_wconf 52' lang='lat' dir='ltr'><strong>dpolog.</strong></span> <span class='ocrx_word' id='word_1_827' title='bbox 2901 5145 2955 5204; x_wconf 83' lang='lat' dir='ltr'><strong>_r.</strong></span> <span class='ocrx_word' id='word_1_828' title='bbox 2996 5129 3087 5204; x_wconf 80' lang='lat' dir='ltr'><strong>Sic</strong></span> <span class='ocrx_word' id='word_1_829' title='bbox 3119 5127 3534 5204; x_wconf 87' lang='lat' dir='ltr'><strong>etiam_Tcrtul-</strong></span> 
     </span>
    </p>
   </div>
   <div class='ocr_carea' id='block_1_120' title="bbox 1960 5199 3531 5268">
    <p class='ocr_par' dir='ltr' id='par_1_120' title="bbox 1960 5199 3531 5268">
     <span class='ocr_line' id='line_1_123' title="bbox 1960 5199 3531 5268; baseline -0.002 -11"><span class='ocrx_word' id='word_1_830' title='bbox 1960 5199 2140 5259; x_wconf 72' lang='lat' dir='ltr'><strong>lienus</strong></span> <span class='ocrx_word' id='word_1_831' title='bbox 2196 5204 2317 5257; x_wconf 93' lang='lat' dir='ltr'><strong>loco</strong></span> <span class='ocrx_word' id='word_1_832' title='bbox 2366 5200 2532 5256; x_wconf 90' lang='lat' dir='ltr'><strong>modo</strong></span> <span class='ocrx_word' id='word_1_833' title='bbox 2576 5200 2797 5253; x_wconf 84' lang='lat' dir='ltr'><strong>laudato</strong></span> <span class='ocrx_word' id='word_1_834' title='bbox 2838 5220 2850 5254; x_wconf 93' lang='lat'>:</span> <span class='ocrx_word' id='word_1_835' title='bbox 2887 5199 3181 5254; x_wconf 83' lang='lat' dir='ltr'><strong>Considera</strong></span> <span class='ocrx_word' id='word_1_836' title='bbox 3234 5200 3473 5268; x_wconf 84' lang='lat' dir='ltr'><strong>teipsum,</strong></span> <span class='ocrx_word' id='word_1_837' title='bbox 3502 5218 3531 5254; x_wconf 93' lang='grc' dir='ltr'><strong>ο</strong></span> 
     </span>
    </p>
   </div>
   <div class='ocr_carea' id='block_1_121' title="bbox 1957 5270 3529 5341">
    <p class='ocr_par' dir='ltr' id='par_1_121' title="bbox 1957 5270 3529 5341">
     <span class='ocr_line' id='line_1_124' title="bbox 1957 5270 3529 5341; baseline -0.001 -15"><span class='ocrx_word' id='word_1_838' title='bbox 1957 5274 2131 5338; x_wconf 83' lang='grc' dir='ltr'>Ιιοηιο,</span> <span class='ocrx_word' id='word_1_839' title='bbox 2163 5282 2214 5327; x_wconf 93' lang='lat' dir='ltr'><strong>et</strong></span> <span class='ocrx_word' id='word_1_840' title='bbox 2256 5271 2414 5341; x_wconf 84' lang='lat' dir='ltr'><strong>ﬁdem</strong></span> <span class='ocrx_word' id='word_1_841' title='bbox 2461 5270 2837 5341; x_wconf 80' lang='lat' dir='ltr'><strong>reiinvenies.</strong></span> <span class='ocrx_word' id='word_1_842' title='bbox 2884 5270 3134 5341; x_wconf 72' lang='lat' dir='ltr'><strong>Recogita</strong></span> <span class='ocrx_word' id='word_1_843' title='bbox 3179 5270 3302 5337; x_wconf 88' lang='lat' dir='ltr'><strong>quid</strong></span> <span class='ocrx_word' id='word_1_844' title='bbox 3340 5270 3529 5338; x_wconf 80' lang='lat' dir='ltr'><strong>fueris,</strong></span> 
     </span>
    </p>
   </div>
   <div class='ocr_carea' id='block_1_122' title="bbox 1959 5340 3531 5414">
    <p class='ocr_par' dir='ltr' id='par_1_122' title="bbox 1959 5340 3531 5414">
     <span class='ocr_line' id='line_1_125' title="bbox 1959 5340 3531 5414; baseline -0.002 -17"><span class='ocrx_word' id='word_1_845' title='bbox 1959 5340 2261 5414; x_wconf 80' lang='lat' dir='ltr'><strong>antequam</strong></span> <span class='ocrx_word' id='word_1_846' title='bbox 2285 5356 2461 5414; x_wconf 71' lang='lat' dir='ltr'><strong>esses;</strong></span> <span class='ocrx_word' id='word_1_847' title='bbox 2488 5340 2667 5410; x_wconf 84' lang='lat' dir='ltr'><strong>utique</strong></span> <span class='ocrx_word' id='word_1_848' title='bbox 2909 5340 3240 5414; x_wconf 76' lang='lat' dir='ltr'><strong>Meminisses</strong></span> <span class='ocrx_word' id='word_1_849' title='bbox 3289 5341 3449 5403; x_wconf 84' lang='lat' dir='ltr'><strong>enim,</strong></span> <span class='ocrx_word' id='word_1_850' title='bbox 3484 5343 3531 5394; x_wconf 92' lang='lat' dir='ltr'><strong>si</strong></span> 
     </span>
    </p>
   </div>
   <div class='ocr_carea' id='block_1_123' title="bbox 1956 5409 3527 5497">
    <p class='ocr_par' dir='ltr' id='par_1_123' title="bbox 1956 5409 3527 5497">
     <span class='ocr_line' id='line_1_126' title="bbox 1956 5409 3527 5497; baseline -0.003 0"><span class='ocrx_word' id='word_1_851' title='bbox 1956 5409 2338 5497; x_wconf 59' lang='grc' dir='ltr'><strong>ιιίάγαξξξςει</strong></span> <span class='ocrx_word' id='word_1_852' title='bbox 2359 5412 2464 5497; x_wconf 62' lang='lat' dir='ltr'><strong>Qui</strong></span> <span class='ocrx_word' id='word_1_853' title='bbox 2491 5409 2635 5497; x_wconf 44' lang='grc' dir='ltr'>ετθοη</span> <span class='ocrx_word' id='word_1_854' title='bbox 2653 5409 2785 5464; x_wconf 62' lang='grc' dir='ltr'><strong>πίηει</strong></span> <span class='ocrx_word' id='word_1_855' title='bbox 2823 5410 3337 5497; x_wconf 44' lang='lat' dir='ltr'><strong>tradendum”</strong></span> <span class='ocrx_word' id='word_1_856' title='bbox 3365 5426 3527 5497; x_wconf 52' lang='lat' dir='ltr'><strong>sua.</strong></span> 
     </span>
    </p>
   </div>
   <div class='ocr_carea' id='block_1_124' title="bbox 1957 5482 3529 5552">
    <p class='ocr_par' dir='ltr' id='par_1_124' title="bbox 1957 5482 3529 5552">
     <span class='ocr_line' id='line_1_127' title="bbox 1957 5482 3529 5552; baseline -0.003 -13"><span class='ocrx_word' id='word_1_857' title='bbox 1957 5482 2096 5538; x_wconf 85' lang='lat' dir='ltr'><strong>idem</strong></span> <span class='ocrx_word' id='word_1_858' title='bbox 2116 5482 2269 5537; x_wconf 80' lang='lat' dir='ltr'><strong>nihil</strong></span> <span class='ocrx_word' id='word_1_859' title='bbox 2309 5483 2485 5552; x_wconf 83' lang='lat' dir='ltr'><strong>factus</strong></span> <span class='ocrx_word' id='word_1_860' title='bbox 2523 5494 2642 5552; x_wconf 85' lang='lat' dir='ltr'><strong>cum</strong></span> <span class='ocrx_word' id='word_1_861' title='bbox 2672 5496 2793 5552; x_wconf 85' lang='lat' dir='ltr'><strong>esse</strong></span> <span class='ocrx_word' id='word_1_862' title='bbox 2827 5482 3067 5545; x_wconf 85' lang='lat' dir='ltr'><strong>desieris,</strong></span> <span class='ocrx_word' id='word_1_863' title='bbox 3098 5497 3194 5535; x_wconf 86' lang='lat' dir='ltr'><strong>cur</strong></span> <span class='ocrx_word' id='word_1_864' title='bbox 3221 5496 3325 5552; x_wconf 84' lang='lat' dir='ltr'><strong>non</strong></span> <span class='ocrx_word' id='word_1_865' title='bbox 3359 5482 3529 5552; x_wconf 80' lang='lat' dir='ltr'><strong>possis</strong></span> 
     </span>
    </p>
   </div>
   <div class='ocr_carea' id='block_1_125' title="bbox 1957 5550 3530 5620">
    <p class='ocr_par' dir='ltr' id='par_1_125' title="bbox 1957 5550 3530 5620">
     <span class='ocr_line' id='line_1_128' title="bbox 1957 5550 3530 5620; baseline -0.004 -11"><span class='ocrx_word' id='word_1_866' title='bbox 1957 5571 2144 5609; x_wconf 81' lang='lat' dir='ltr'><strong>rursus</strong></span> <span class='ocrx_word' id='word_1_867' title='bbox 2172 5570 2283 5609; x_wconf 78' lang='lat' dir='ltr'><strong>esse</strong></span> <span class='ocrx_word' id='word_1_868' title='bbox 2310 5550 2384 5607; x_wconf 21' lang='lat' dir='ltr'><strong>Vde</strong></span> <span class='ocrx_word' id='word_1_869' title='bbox 2418 5551 2604 5618; x_wconf 81' lang='lat' dir='ltr'><strong>nihilo,</strong></span> <span class='ocrx_word' id='word_1_870' title='bbox 2632 5551 2866 5620; x_wconf 87' lang='lat' dir='ltr'><strong>ejusdem</strong></span> <span class='ocrx_word' id='word_1_871' title='bbox 2896 5552 3063 5620; x_wconf 85' lang='lat' dir='ltr'><strong>ipsius</strong></span> <span class='ocrx_word' id='word_1_872' title='bbox 3087 5550 3320 5604; x_wconf 83' lang='lat' dir='ltr'><strong>auctoris</strong></span> <span class='ocrx_word' id='word_1_873' title='bbox 3344 5550 3530 5603; x_wconf 85' lang='lat' dir='ltr'><strong>volun-</strong></span> 
     </span>
    </p>
   </div>
   <div class='ocr_carea' id='block_1_126' title="bbox 1959 5621 3530 5696">
    <p class='ocr_par' dir='ltr' id='par_1_126' title="bbox 1959 5621 3530 5696">
     <span class='ocr_line' id='line_1_129' title="bbox 1959 5621 3530 5696; baseline -0.002 -18"><span class='ocrx_word' id='word_1_874' title='bbox 1959 5633 2065 5679; x_wconf 87' lang='lat' dir='ltr'><strong>tate</strong></span> <span class='ocrx_word' id='word_1_875' title='bbox 2091 5627 2182 5696; x_wconf 89' lang='lat' dir='ltr'><strong>qui</strong></span> <span class='ocrx_word' id='word_1_876' title='bbox 2215 5634 2262 5679; x_wconf 90' lang='lat' dir='ltr'><strong>te</strong></span> <span class='ocrx_word' id='word_1_877' title='bbox 2294 5622 2462 5678; x_wconf 83' lang='lat' dir='ltr'><strong>voluit</strong></span> <span class='ocrx_word' id='word_1_878' title='bbox 2488 5636 2616 5696; x_wconf 25' lang='lat' dir='ltr'><strong>esse-</strong></span> <span class='ocrx_word' id='word_1_879' title='bbox 2629 5621 2693 5675; x_wconf 89' lang='lat' dir='ltr'><strong>de</strong></span> <span class='ocrx_word' id='word_1_880' title='bbox 2719 5621 2929 5678; x_wconf 84' lang='lat' dir='ltr'><strong>nihilo?</strong></span> <span class='ocrx_word' id='word_1_881' title='bbox 2965 5622 3109 5696; x_wconf 77' lang='lat' dir='ltr'><strong>Quid</strong></span> <span class='ocrx_word' id='word_1_882' title='bbox 3136 5622 3256 5675; x_wconf 82' lang='lat' dir='ltr'><strong>novi</strong></span> <span class='ocrx_word' id='word_1_883' title='bbox 3293 5621 3388 5673; x_wconf 83' lang='lat' dir='ltr'><strong>tibi</strong></span> <span class='ocrx_word' id='word_1_884' title='bbox 3416 5637 3530 5696; x_wconf 81' lang='lat' dir='ltr'><strong>eve-</strong></span> 
     </span>
    </p>
   </div>
   <div class='ocr_carea' id='block_1_127' title="bbox 1957 5692 3526 5762">
    <p class='ocr_par' dir='ltr' id='par_1_127' title="bbox 1957 5692 3526 5762">
     <span class='ocr_line' id='line_1_130' title="bbox 1957 5692 3526 5762; baseline -0.003 -12"><span class='ocrx_word' id='word_1_885' title='bbox 1957 5697 2063 5750; x_wconf 87' lang='lat' dir='ltr'><strong>niet</strong></span> <span class='ocrx_word' id='word_1_886' title='bbox 2080 5692 2114 5751; x_wconf 44' lang='lat'><strong>7&#39;</strong></span> <span class='ocrx_word' id='word_1_887' title='bbox 2132 5696 2238 5761; x_wconf 83' lang='lat' dir='ltr'><strong>Qui</strong></span> <span class='ocrx_word' id='word_1_888' title='bbox 2275 5710 2381 5749; x_wconf 85' lang='lat' dir='ltr'><strong>non</strong></span> <span class='ocrx_word' id='word_1_889' title='bbox 2409 5710 2550 5757; x_wconf 84' lang='lat' dir='ltr'><strong>eras,</strong></span> <span class='ocrx_word' id='word_1_890' title='bbox 2591 5692 2766 5762; x_wconf 77' lang='lat' dir='ltr'><strong>[actus</strong></span> <span class='ocrx_word' id='word_1_891' title='bbox 2786 5709 2871 5757; x_wconf 87' lang='lat' dir='ltr'><strong>es;</strong></span> <span class='ocrx_word' id='word_1_892' title='bbox 2902 5708 3019 5747; x_wconf 88' lang='lat' dir='ltr'><strong>cum</strong></span> <span class='ocrx_word' id='word_1_893' title='bbox 3050 5693 3240 5746; x_wconf 84' lang='lat' dir='ltr'><strong>iterum</strong></span> <span class='ocrx_word' id='word_1_894' title='bbox 3270 5706 3372 5744; x_wconf 79' lang='lat' dir='ltr'><strong>non</strong></span> <span class='ocrx_word' id='word_1_895' title='bbox 3399 5694 3526 5753; x_wconf 85' lang='lat' dir='ltr'><strong>eris,</strong></span> 
     </span>
    </p>
   </div>
   <div class='ocr_carea' id='block_1_128' title="bbox 1957 5763 3530 5837">
    <p class='ocr_par' dir='ltr' id='par_1_128' title="bbox 1957 5763 3530 5837">
     <span class='ocr_line' id='line_1_131' title="bbox 1957 5763 3530 5837; baseline -0.002 -17"><span class='ocrx_word' id='word_1_896' title='bbox 1957 5767 2073 5835; x_wconf 83' lang='lat' dir='ltr'><strong>ﬁes.</strong></span> <span class='ocrx_word' id='word_1_897' title='bbox 2094 5765 2295 5837; x_wconf 78' lang='lat' dir='ltr'><strong>Redde,</strong></span> <span class='ocrx_word' id='word_1_898' title='bbox 2327 5765 2374 5837; x_wconf 80' lang='lat' dir='ltr'><strong>si</strong></span> <span class='ocrx_word' id='word_1_899' title='bbox 2400 5773 2565 5832; x_wconf 80' lang='lat' dir='ltr'><strong>potes,</strong></span> <span class='ocrx_word' id='word_1_900' title='bbox 2605 5765 2863 5819; x_wconf 85' lang='lat' dir='ltr'><strong>rationem</strong></span> <span class='ocrx_word' id='word_1_901' title='bbox 2886 5780 2991 5837; x_wconf 84' lang='lat' dir='ltr'><strong>qua</strong></span> <span class='ocrx_word' id='word_1_902' title='bbox 3024 5763 3197 5835; x_wconf 80' lang='lat' dir='ltr'><strong>factus</strong></span> <span class='ocrx_word' id='word_1_903' title='bbox 3227 5778 3302 5829; x_wconf 83' lang='lat' dir='ltr'><strong>es,</strong></span> <span class='ocrx_word' id='word_1_904' title='bbox 3325 5769 3377 5816; x_wconf 90' lang='lat' dir='ltr'><strong>et</strong></span> <span class='ocrx_word' id='word_1_905' title='bbox 3405 5772 3530 5817; x_wconf 74' lang='lat' dir='ltr'><strong>tunc</strong></span> 
     </span>
    </p>
   </div>
   <div class='ocr_carea' id='block_1_129' title="bbox 1957 5836 2436 5908">
    <p class='ocr_par' dir='ltr' id='par_1_129' title="bbox 1957 5836 2436 5908">
     <span class='ocr_line' id='line_1_132' title="bbox 1957 5836 2436 5908; baseline 0 -16"><span class='ocrx_word' id='word_1_906' title='bbox 1957 5836 2159 5908; x_wconf 81' lang='lat' dir='ltr'><strong>require</strong></span> <span class='ocrx_word' id='word_1_907' title='bbox 2193 5852 2296 5907; x_wconf 87' lang='lat' dir='ltr'><strong>qua</strong></span> <span class='ocrx_word' id='word_1_908' title='bbox 2321 5836 2436 5904; x_wconf 83' lang='lat' dir='ltr'><strong>ﬁes.</strong></span> 
     </span>
    </p>
   </div>
  </div>
