  <div class='ocr_page' id='page_1' title='image "/cluster/home/n/w/nwhite01/storage/ocr_20150623/6/mdp.39015004289917/433.png"; bbox 0 0 3954 6258; ppageno 0'>
   <div class='ocr_carea' id='block_1_1' title="bbox 422 319 531 377">
    <p class='ocr_par' dir='ltr' id='par_1_1' title="bbox 422 319 531 377">
     <span class='ocr_line' id='line_1_1' title="bbox 422 319 531 377; baseline -0.018 0"><span class='ocrx_word' id='word_1_1' title='bbox 422 319 531 377; x_wconf 69' lang='grc'><strong>825</strong></span> 
     </span>
    </p>
   </div>
   <div class='ocr_carea' id='block_1_2' title="bbox 1696 318 2289 377">
    <p class='ocr_par' dir='ltr' id='par_1_2' title="bbox 1696 318 2289 377">
     <span class='ocr_line' id='line_1_2' title="bbox 1696 318 2289 377; baseline -0.003 -1"><span class='ocrx_word' id='word_1_2' title='bbox 1696 320 1977 377; x_wconf 79' lang='grc' dir='ltr'><strong>ΤΔΤΙΔΝΙ</strong></span> <span class='ocrx_word' id='word_1_3' title='bbox 2010 318 2188 376; x_wconf 76' lang='lat' dir='ltr'><strong>ASSY</strong></span> <span class='ocrx_word' id='word_1_4' title='bbox 2197 318 2289 374; x_wconf 77' lang='lat' dir='ltr'><strong>Rll</strong></span> 
     </span>
    </p>
   </div>
   <div class='ocr_carea' id='block_1_3' title="bbox 3560 313 3653 370">
    <p class='ocr_par' dir='ltr' id='par_1_3' title="bbox 3560 313 3653 370">
     <span class='ocr_line' id='line_1_3' title="bbox 3560 313 3653 370; baseline 0 -3"><span class='ocrx_word' id='word_1_5' title='bbox 3560 313 3653 370; x_wconf 70' lang='lat'><strong>826</strong></span> 
     </span>
    </p>
   </div>
   <div class='ocr_carea' id='block_1_4' title="bbox 414 430 1992 512">
    <p class='ocr_par' dir='ltr' id='par_1_4' title="bbox 414 437 1987 511">
     <span class='ocr_line' id='line_1_4' title="bbox 414 437 1987 511; baseline 0 -18"><span class='ocrx_word' id='word_1_6' title='bbox 414 437 747 502; x_wconf 68' lang='lat' dir='ltr'><strong>intuebatur,</strong></span> <span class='ocrx_word' id='word_1_7' title='bbox 776 439 875 509; x_wconf 99' lang='lat' dir='ltr'><strong>qui</strong></span> <span class='ocrx_word' id='word_1_8' title='bbox 915 439 1060 495; x_wconf 89' lang='lat' dir='ltr'><strong>ridet</strong></span> <span class='ocrx_word' id='word_1_9' title='bbox 1087 447 1143 496; x_wconf 92' lang='lat' dir='ltr'><strong>et</strong></span> <span class='ocrx_word' id='word_1_10' title='bbox 1171 438 1449 505; x_wconf 76' lang='lat' dir='ltr'><strong>irascitur,</strong></span> <span class='ocrx_word' id='word_1_11' title='bbox 1492 454 1589 511; x_wconf 78' lang='lat' dir='ltr'><strong>qui</strong></span> <span class='ocrx_word' id='word_1_12' title='bbox 1619 438 1755 511; x_wconf 79' lang='lat' dir='ltr'><strong>fugit</strong></span> <span class='ocrx_word' id='word_1_13' title='bbox 1783 449 1840 496; x_wconf 93' lang='lat' dir='ltr'><strong>et</strong></span> <span class='ocrx_word' id='word_1_14' title='bbox 1869 441 1987 493; x_wconf 82' lang='lat' dir='ltr'><strong>vul-</strong></span> 
     </span>
    </p>
   </div>
   <div class='ocr_carea' id='block_1_5' title="bbox 2100 430 3657 512">
    <p class='ocr_par' dir='ltr' id='par_1_5' title="bbox 2100 430 3657 512">
     <span class='ocr_line' id='line_1_5' title="bbox 2100 430 3657 512; baseline -0.003 -20"><span class='ocrx_word' id='word_1_15' title='bbox 2100 440 2180 493; x_wconf 62' lang='grc' dir='ltr'><strong>(οἱ</strong></span> <span class='ocrx_word' id='word_1_16' title='bbox 2201 439 2656 512; x_wconf 75' lang='grc' dir='ltr'><strong>τιτρωσκόμενος,</strong></span> <span class='ocrx_word' id='word_1_17' title='bbox 2669 439 2788 505; x_wconf 85' lang='grc' dir='ltr'><strong>πῶς</strong></span> <span class='ocrx_word' id='word_1_18' title='bbox 2800 437 2923 509; x_wconf 68' lang='grc' dir='ltr'><strong>οὐχ).</strong></span> <span class='ocrx_word' id='word_1_19' title='bbox 2937 435 3131 510; x_wconf 75' lang='grc' dir='ltr'><strong>θνητὸς</strong></span> <span class='ocrx_word' id='word_1_20' title='bbox 3146 433 3258 506; x_wconf 77' lang='lat'><strong>(73)</strong></span> <span class='ocrx_word' id='word_1_21' title='bbox 3276 430 3409 488; x_wconf 72' lang='grc' dir='ltr'><strong>εἶναι</strong></span> <span class='ocrx_word' id='word_1_22' title='bbox 3427 435 3657 507; x_wconf 69' lang='grc' dir='ltr'><strong>νομισθήα</strong></span> 
     </span>
    </p>
   </div>
   <div class='ocr_carea' id='block_1_6' title="bbox 412 531 1990 602">
    <p class='ocr_par' dir='ltr' id='par_1_6' title="bbox 412 531 1990 602">
     <span class='ocr_line' id='line_1_6' title="bbox 412 531 1990 602; baseline 0 -15"><span class='ocrx_word' id='word_1_23' title='bbox 412 540 661 596; x_wconf 84' lang='lat' dir='ltr'><strong>neratur,</strong></span> <span class='ocrx_word' id='word_1_24' title='bbox 696 531 975 602; x_wconf 83' lang='lat' dir='ltr'><strong>quomodo</strong></span> <span class='ocrx_word' id='word_1_25' title='bbox 1017 532 1268 589; x_wconf 84' lang='lat' dir='ltr'><strong>mortalis</strong></span> <span class='ocrx_word' id='word_1_26' title='bbox 1298 546 1409 587; x_wconf 92' lang='lat' dir='ltr'><strong>non</strong></span> <span class='ocrx_word' id='word_1_27' title='bbox 1458 532 1837 589; x_wconf 72' lang='lat' dir='ltr'><strong>existimetur?</strong></span> <span class='ocrx_word' id='word_1_28' title='bbox 1886 532 1990 588; x_wconf 85' lang='lat' dir='ltr'><strong>Per</strong></span> 
     </span>
    </p>
   </div>
   <div class='ocr_carea' id='block_1_7' title="bbox 413 625 1991 699">
    <p class='ocr_par' dir='ltr' id='par_1_7' title="bbox 413 625 1991 699">
     <span class='ocr_line' id='line_1_7' title="bbox 413 625 1991 699; baseline 0.004 -21"><span class='ocrx_word' id='word_1_29' title='bbox 413 639 535 695; x_wconf 87' lang='lat' dir='ltr'><strong>qua</strong></span> <span class='ocrx_word' id='word_1_30' title='bbox 564 625 709 680; x_wconf 90' lang='lat' dir='ltr'><strong>enim</strong></span> <span class='ocrx_word' id='word_1_31' title='bbox 744 639 805 681; x_wconf 89' lang='lat' dir='ltr'><strong>se</strong></span> <span class='ocrx_word' id='word_1_32' title='bbox 835 626 940 695; x_wconf 88' lang='lat' dir='ltr'><strong>ipsi</strong></span> <span class='ocrx_word' id='word_1_33' title='bbox 968 625 1283 683; x_wconf 88' lang='lat' dir='ltr'><strong>hominibus</strong></span> <span class='ocrx_word' id='word_1_34' title='bbox 1324 628 1517 698; x_wconf 82' lang='lat' dir='ltr'><strong>quales</strong></span> <span class='ocrx_word' id='word_1_35' title='bbox 1543 636 1731 683; x_wconf 84' lang='lat' dir='ltr'><strong>essent</strong></span> <span class='ocrx_word' id='word_1_36' title='bbox 1761 642 1991 699; x_wconf 88' lang='lat' dir='ltr'><strong>aperue-</strong></span> 
     </span>
    </p>
   </div>
   <div class='ocr_carea' id='block_1_8' title="bbox 414 718 1989 788">
    <p class='ocr_par' dir='ltr' id='par_1_8' title="bbox 414 718 1989 788">
     <span class='ocr_line' id='line_1_8' title="bbox 414 718 1989 788; baseline 0.002 -15"><span class='ocrx_word' id='word_1_37' title='bbox 414 725 563 786; x_wconf 88' lang='lat' dir='ltr'><strong>runt,</strong></span> <span class='ocrx_word' id='word_1_38' title='bbox 596 733 692 788; x_wconf 88' lang='lat' dir='ltr'><strong>per</strong></span> <span class='ocrx_word' id='word_1_39' title='bbox 726 733 791 774; x_wconf 91' lang='lat' dir='ltr'><strong>ea</strong></span> <span class='ocrx_word' id='word_1_40' title='bbox 822 718 1111 775; x_wconf 78' lang='lat' dir='ltr'><strong>audientes</strong></span> <span class='ocrx_word' id='word_1_41' title='bbox 1144 721 1211 776; x_wconf 89' lang='lat' dir='ltr'><strong>ad</strong></span> <span class='ocrx_word' id='word_1_42' title='bbox 1244 722 1445 777; x_wconf 76' lang='lat' dir='ltr'><strong>similia</strong></span> <span class='ocrx_word' id='word_1_43' title='bbox 1493 719 1738 777; x_wconf 81' lang='lat' dir='ltr'><strong>facinora</strong></span> <span class='ocrx_word' id='word_1_44' title='bbox 1788 722 1989 777; x_wconf 83' lang='lat' dir='ltr'><strong>hortati</strong></span> 
     </span>
    </p>
   </div>
   <div class='ocr_carea' id='block_1_9' title="bbox 414 811 1990 882">
    <p class='ocr_par' dir='ltr' id='par_1_9' title="bbox 414 811 1990 882">
     <span class='ocr_line' id='line_1_9' title="bbox 414 811 1990 882; baseline 0.001 -16"><span class='ocrx_word' id='word_1_45' title='bbox 414 818 561 866; x_wconf 88' lang='lat' dir='ltr'><strong>sunt.</strong></span> <span class='ocrx_word' id='word_1_46' title='bbox 592 811 771 881; x_wconf 85' lang='lat' dir='ltr'><strong>Atque</strong></span> <span class='ocrx_word' id='word_1_47' title='bbox 793 826 862 865; x_wconf 83' lang='lat' dir='ltr'><strong>an</strong></span> <span class='ocrx_word' id='word_1_48' title='bbox 890 827 999 867; x_wconf 92' lang='lat' dir='ltr'><strong>non</strong></span> <span class='ocrx_word' id='word_1_49' title='bbox 1023 812 1127 882; x_wconf 87' lang='lat' dir='ltr'><strong>ipsi</strong></span> <span class='ocrx_word' id='word_1_50' title='bbox 1153 813 1428 869; x_wconf 67' lang='lat' dir='ltr'><strong>daemones</strong></span> <span class='ocrx_word' id='word_1_51' title='bbox 1450 828 1575 868; x_wconf 92' lang='lat' dir='ltr'><strong>cum</strong></span> <span class='ocrx_word' id='word_1_52' title='bbox 1604 813 1744 868; x_wconf 78' lang='lat' dir='ltr'><strong>duce</strong></span> <span class='ocrx_word' id='word_1_53' title='bbox 1774 814 1990 867; x_wconf 90' lang='lat' dir='ltr'><strong>illorum</strong></span> 
     </span>
    </p>
   </div>
   <div class='ocr_carea' id='block_1_10' title="bbox 412 899 1993 975">
    <p class='ocr_par' dir='ltr' id='par_1_10' title="bbox 412 899 1993 975">
     <span class='ocr_line' id='line_1_10' title="bbox 412 899 1993 975; baseline 0 -18"><span class='ocrx_word' id='word_1_54' title='bbox 412 899 547 958; x_wconf 90' lang='lat' dir='ltr'><strong>Jove</strong></span> <span class='ocrx_word' id='word_1_55' title='bbox 577 902 681 958; x_wconf 91' lang='lat' dir='ltr'><strong>sub</strong></span> <span class='ocrx_word' id='word_1_56' title='bbox 712 902 882 959; x_wconf 80' lang='lat' dir='ltr'><strong>fatum</strong></span> <span class='ocrx_word' id='word_1_57' title='bbox 918 905 1188 970; x_wconf 84' lang='lat' dir='ltr'><strong>cecidere,</strong></span> <span class='ocrx_word' id='word_1_58' title='bbox 1221 905 1419 961; x_wconf 82' lang='lat' dir='ltr'><strong>iisdem</strong></span> <span class='ocrx_word' id='word_1_59' title='bbox 1461 919 1524 960; x_wconf 93' lang='lat' dir='ltr'><strong>ac</strong></span> <span class='ocrx_word' id='word_1_60' title='bbox 1553 904 1804 960; x_wconf 84' lang='lat' dir='ltr'><strong>homines</strong></span> <span class='ocrx_word' id='word_1_61' title='bbox 1835 906 1993 975; x_wconf 77' lang='lat' dir='ltr'><strong>cupi-</strong></span> 
     </span>
    </p>
   </div>
   <div class='ocr_carea' id='block_1_11' title="bbox 414 993 1992 1068">
    <p class='ocr_par' dir='ltr' id='par_1_11' title="bbox 414 993 1992 1068">
     <span class='ocr_line' id='line_1_11' title="bbox 414 993 1992 1068; baseline 0.001 -17"><span class='ocrx_word' id='word_1_62' title='bbox 414 993 677 1051; x_wconf 89' lang='lat' dir='ltr'><strong>ditatibus</strong></span> <span class='ocrx_word' id='word_1_63' title='bbox 698 997 972 1065; x_wconf 80' lang='lat' dir='ltr'><strong>superati!</strong></span> <span class='ocrx_word' id='word_1_64' title='bbox 1001 995 1268 1053; x_wconf 82' lang='lat' dir='ltr'><strong>Praterea</strong></span> <span class='ocrx_word' id='word_1_65' title='bbox 1298 997 1576 1068; x_wconf 89' lang='lat' dir='ltr'><strong>quomodo</strong></span> <span class='ocrx_word' id='word_1_66' title='bbox 1601 996 1815 1052; x_wconf 89' lang='lat' dir='ltr'><strong>colendi</strong></span> <span class='ocrx_word' id='word_1_67' title='bbox 1847 996 1992 1067; x_wconf 85' lang='lat' dir='ltr'><strong>apud</strong></span> 
     </span>
    </p>
   </div>
   <div class='ocr_carea' id='block_1_12' title="bbox 415 1088 1989 1160">
    <p class='ocr_par' dir='ltr' id='par_1_12' title="bbox 415 1088 1989 1160">
     <span class='ocr_line' id='line_1_12' title="bbox 415 1088 1989 1160; baseline 0.001 -17"><span class='ocrx_word' id='word_1_68' title='bbox 415 1102 559 1158; x_wconf 80' lang='lat' dir='ltr'><strong>quos</strong></span> <span class='ocrx_word' id='word_1_69' title='bbox 597 1088 833 1158; x_wconf 88' lang='lat' dir='ltr'><strong>plurima</strong></span> <span class='ocrx_word' id='word_1_70' title='bbox 879 1090 1202 1160; x_wconf 82' lang='lat' dir='ltr'><strong>opinionum</strong></span> <span class='ocrx_word' id='word_1_71' title='bbox 1237 1089 1545 1146; x_wconf 81' lang='lat' dir='ltr'><strong>dissensio?</strong></span> <span class='ocrx_word' id='word_1_72' title='bbox 1585 1088 1722 1145; x_wconf 86' lang='lat' dir='ltr'><strong>Nam</strong></span> <span class='ocrx_word' id='word_1_73' title='bbox 1757 1090 1989 1155; x_wconf 82' lang='lat' dir='ltr'><strong>Rheam,</strong></span> 
     </span>
    </p>
   </div>
   <div class='ocr_carea' id='block_1_13' title="bbox 414 1180 1993 1255">
    <p class='ocr_par' dir='ltr' id='par_1_13' title="bbox 414 1180 1993 1255">
     <span class='ocr_line' id='line_1_13' title="bbox 414 1180 1993 1255; baseline 0.003 -20"><span class='ocrx_word' id='word_1_74' title='bbox 414 1196 578 1251; x_wconf 88' lang='lat' dir='ltr'><strong>quam</strong></span> <span class='ocrx_word' id='word_1_75' title='bbox 610 1180 866 1253; x_wconf 86' lang='lat' dir='ltr'><strong>Cybelem</strong></span> <span class='ocrx_word' id='word_1_76' title='bbox 898 1190 1095 1239; x_wconf 86' lang='lat' dir='ltr'><strong>vocant</strong></span> <span class='ocrx_word' id='word_1_77' title='bbox 1134 1182 1497 1255; x_wconf 85' lang='lat' dir='ltr'><strong>Phrygiarum</strong></span> <span class='ocrx_word' id='word_1_78' title='bbox 1528 1184 1798 1239; x_wconf 89' lang='lat' dir='ltr'><strong>montium</strong></span> <span class='ocrx_word' id='word_1_79' title='bbox 1840 1185 1993 1240; x_wconf 88' lang='lat' dir='ltr'><strong>inco—</strong></span> 
     </span>
    </p>
   </div>
   <div class='ocr_carea' id='block_1_14' title="bbox 416 1271 1989 1346">
    <p class='ocr_par' dir='ltr' id='par_1_14' title="bbox 416 1271 1989 1346">
     <span class='ocr_line' id='line_1_14' title="bbox 416 1271 1989 1346; baseline 0.002 -20"><span class='ocrx_word' id='word_1_80' title='bbox 416 1271 513 1340; x_wconf 82' lang='lat' dir='ltr'><strong>la,</strong></span> <span class='ocrx_word' id='word_1_81' title='bbox 556 1273 937 1343; x_wconf 89' lang='lat' dir='ltr'><strong>pudendornm</strong></span> <span class='ocrx_word' id='word_1_82' title='bbox 986 1275 1332 1331; x_wconf 81' lang='lat' dir='ltr'><strong>cxsectiones</strong></span> <span class='ocrx_word' id='word_1_83' title='bbox 1378 1276 1533 1331; x_wconf 91' lang='lat' dir='ltr'><strong>aiunt</strong></span> <span class='ocrx_word' id='word_1_84' title='bbox 1575 1283 1798 1346; x_wconf 89' lang='lat' dir='ltr'><strong>propter</strong></span> <span class='ocrx_word' id='word_1_85' title='bbox 1827 1274 1989 1346; x_wconf 88' lang='lat' dir='ltr'><strong>Atyn,</strong></span> 
     </span>
    </p>
   </div>
   <div class='ocr_carea' id='block_1_15' title="bbox 414 1365 1995 1439">
    <p class='ocr_par' dir='ltr' id='par_1_15' title="bbox 414 1365 1995 1439">
     <span class='ocr_line' id='line_1_15' title="bbox 414 1365 1995 1439; baseline 0.002 -20"><span class='ocrx_word' id='word_1_86' title='bbox 414 1380 577 1430; x_wconf 84' lang='lat' dir='ltr'><strong>quem</strong></span> <span class='ocrx_word' id='word_1_87' title='bbox 601 1365 842 1430; x_wconf 90' lang='lat' dir='ltr'><strong>amabat,</strong></span> <span class='ocrx_word' id='word_1_88' title='bbox 875 1366 992 1437; x_wconf 88' lang='lat' dir='ltr'><strong>lege</strong></span> <span class='ocrx_word' id='word_1_89' title='bbox 1019 1368 1341 1423; x_wconf 79' lang='lat' dir='ltr'><strong>sancivisse.</strong></span> <span class='ocrx_word' id='word_1_90' title='bbox 1364 1366 1550 1423; x_wconf 71' lang='lat' dir='ltr'><strong>Venus</strong></span> <span class='ocrx_word' id='word_1_91' title='bbox 1573 1368 1813 1439; x_wconf 84' lang='lat' dir='ltr'><strong>conjugii</strong></span> <span class='ocrx_word' id='word_1_92' title='bbox 1844 1384 1995 1422; x_wconf 85' lang='lat' dir='ltr'><strong>com-</strong></span> 
     </span>
    </p>
   </div>
   <div class='ocr_carea' id='block_1_16' title="bbox 413 1456 1996 1529">
    <p class='ocr_par' dir='ltr' id='par_1_16' title="bbox 413 1456 1996 1529">
     <span class='ocr_line' id='line_1_16' title="bbox 413 1456 1996 1529; baseline 0.004 -18"><span class='ocrx_word' id='word_1_93' title='bbox 413 1456 669 1527; x_wconf 81' lang='lat' dir='ltr'><strong>plexibus</strong></span> <span class='ocrx_word' id='word_1_94' title='bbox 713 1456 1054 1521; x_wconf 84' lang='lat' dir='ltr'><strong>delectatur;</strong></span> <span class='ocrx_word' id='word_1_95' title='bbox 1110 1473 1302 1529; x_wconf 86' lang='lat' dir='ltr'><strong>magus</strong></span> <span class='ocrx_word' id='word_1_96' title='bbox 1355 1466 1439 1514; x_wconf 89' lang='lat' dir='ltr'><strong>est</strong></span> <span class='ocrx_word' id='word_1_97' title='bbox 1494 1458 1698 1525; x_wconf 88' lang='lat' dir='ltr'><strong>Diana,</strong></span> <span class='ocrx_word' id='word_1_98' title='bbox 1747 1461 1996 1517; x_wconf 88' lang='lat' dir='ltr'><strong>medicus</strong></span> 
     </span>
    </p>
   </div>
   <div class='ocr_carea' id='block_1_17' title="bbox 412 1546 1995 1622">
    <p class='ocr_par' dir='ltr' id='par_1_17' title="bbox 412 1546 1995 1622">
     <span class='ocr_line' id='line_1_17' title="bbox 412 1546 1995 1622; baseline 0.004 -22"><span class='ocrx_word' id='word_1_99' title='bbox 412 1546 631 1617; x_wconf 81' lang='lat' dir='ltr'><strong>Apollo.</strong></span> <span class='ocrx_word' id='word_1_100' title='bbox 664 1546 732 1601; x_wconf 86' lang='lat' dir='ltr'><strong>Et</strong></span> <span class='ocrx_word' id='word_1_101' title='bbox 756 1555 881 1619; x_wconf 86' lang='lat' dir='ltr'><strong>post</strong></span> <span class='ocrx_word' id='word_1_102' title='bbox 911 1550 1216 1605; x_wconf 84' lang='lat' dir='ltr'><strong>abscissum</strong></span> <span class='ocrx_word' id='word_1_103' title='bbox 1243 1550 1514 1622; x_wconf 78' lang='lat' dir='ltr'><strong>Gorgonis</strong></span> <span class='ocrx_word' id='word_1_104' title='bbox 1539 1550 1772 1621; x_wconf 81' lang='lat' dir='ltr'><strong>Neptuni</strong></span> <span class='ocrx_word' id='word_1_105' title='bbox 1806 1552 1995 1607; x_wconf 84' lang='lat' dir='ltr'><strong>amica</strong></span> 
     </span>
    </p>
   </div>
   <div class='ocr_carea' id='block_1_18' title="bbox 413 1639 1997 1716">
    <p class='ocr_par' dir='ltr' id='par_1_18' title="bbox 413 1639 1997 1716">
     <span class='ocr_line' id='line_1_18' title="bbox 413 1639 1997 1716; baseline 0.006 -24"><span class='ocrx_word' id='word_1_106' title='bbox 413 1648 599 1709; x_wconf 81' lang='lat' dir='ltr'><strong>caput,</strong></span> <span class='ocrx_word' id='word_1_107' title='bbox 632 1640 779 1696; x_wconf 90' lang='lat' dir='ltr'><strong>unde</strong></span> <span class='ocrx_word' id='word_1_108' title='bbox 805 1639 1048 1711; x_wconf 84' lang='lat' dir='ltr'><strong>Pegasus</strong></span> <span class='ocrx_word' id='word_1_109' title='bbox 1080 1658 1256 1713; x_wconf 87' lang='lat' dir='ltr'><strong>equus</strong></span> <span class='ocrx_word' id='word_1_110' title='bbox 1301 1653 1355 1699; x_wconf 93' lang='lat' dir='ltr'><strong>et</strong></span> <span class='ocrx_word' id='word_1_111' title='bbox 1394 1643 1673 1716; x_wconf 86' lang='lat' dir='ltr'><strong>Cbrysaor</strong></span> <span class='ocrx_word' id='word_1_112' title='bbox 1722 1646 1997 1716; x_wconf 79' lang='lat' dir='ltr'><strong>prosilue-</strong></span> 
     </span>
    </p>
   </div>
   <div class='ocr_carea' id='block_1_19' title="bbox 414 1734 1994 1809">
    <p class='ocr_par' dir='ltr' id='par_1_19' title="bbox 414 1734 1994 1809">
     <span class='ocr_line' id='line_1_19' title="bbox 414 1734 1994 1809; baseline 0.005 -23"><span class='ocrx_word' id='word_1_113' title='bbox 414 1739 578 1796; x_wconf 90' lang='lat' dir='ltr'><strong>runt,</strong></span> <span class='ocrx_word' id='word_1_114' title='bbox 635 1734 924 1805; x_wconf 84' lang='lat' dir='ltr'><strong>sanguinis</strong></span> <span class='ocrx_word' id='word_1_115' title='bbox 982 1742 1167 1805; x_wconf 89' lang='lat' dir='ltr'><strong>guttas</strong></span> <span class='ocrx_word' id='word_1_116' title='bbox 1218 1736 1461 1792; x_wconf 79' lang='lat' dir='ltr'><strong>Minerva</strong></span> <span class='ocrx_word' id='word_1_117' title='bbox 1535 1745 1589 1792; x_wconf 92' lang='lat' dir='ltr'><strong>et</strong></span> <span class='ocrx_word' id='word_1_118' title='bbox 1636 1736 1994 1809; x_wconf 65' lang='lat' dir='ltr'><strong>Esculapius</strong></span> 
     </span>
    </p>
   </div>
   <div class='ocr_carea' id='block_1_20' title="bbox 2091 524 3651 603">
    <p class='ocr_par' dir='ltr' id='par_1_20' title="bbox 2091 524 3651 603">
     <span class='ocr_line' id='line_1_20' title="bbox 2091 524 3651 603; baseline -0.001 -20"><span class='ocrx_word' id='word_1_119' title='bbox 2091 547 2242 584; x_wconf 83' lang='grc' dir='ltr'><strong>σεται</strong></span> <span class='ocrx_word' id='word_1_120' title='bbox 2263 547 2278 595; x_wconf 90' lang='lat'><strong>;</strong></span> <span class='ocrx_word' id='word_1_121' title='bbox 2301 533 2379 585; x_wconf 80' lang='lat' dir='ltr'><strong>At‘</strong></span> <span class='ocrx_word' id='word_1_122' title='bbox 2396 524 2582 602; x_wconf 81' lang='grc' dir='ltr'><strong>ὦνπερ</strong></span> <span class='ocrx_word' id='word_1_123' title='bbox 2604 531 2713 603; x_wconf 84' lang='grc' dir='ltr'><strong>γὰρ</strong></span> <span class='ocrx_word' id='word_1_124' title='bbox 2742 531 2989 595; x_wconf 68' lang='grc' dir='ltr'><strong>ἑαυτοὺς,</strong></span> <span class='ocrx_word' id='word_1_125' title='bbox 3018 528 3348 591; x_wconf 81' lang='grc' dir='ltr'><strong>ὀποῖοίτινες</strong></span> <span class='ocrx_word' id='word_1_126' title='bbox 3369 528 3651 597; x_wconf 83' lang='grc' dir='ltr'><strong>πεφύκασι,</strong></span> 
     </span>
    </p>
   </div>
   <div class='ocr_carea' id='block_1_21' title="bbox 2109 619 3659 696">
    <p class='ocr_par' dir='ltr' id='par_1_21' title="bbox 2109 619 3659 696">
     <span class='ocr_line' id='line_1_21' title="bbox 2109 619 3659 696; baseline -0.001 -18"><span class='ocrx_word' id='word_1_127' title='bbox 2109 626 2221 686; x_wconf 85' lang='grc' dir='ltr'><strong>τοῖς</strong></span> <span class='ocrx_word' id='word_1_128' title='bbox 2236 622 2332 677; x_wconf 89' lang='grc' dir='ltr'><strong>ἀνθ</strong></span> <span class='ocrx_word' id='word_1_129' title='bbox 2342 622 2542 695; x_wconf 84' lang='grc' dir='ltr'><strong>ρώποις</strong></span> <span class='ocrx_word' id='word_1_130' title='bbox 2558 622 3004 696; x_wconf 82' lang='grc' dir='ltr'><strong>πεφανερὼκασι,</strong></span> <span class='ocrx_word' id='word_1_131' title='bbox 3020 621 3109 676; x_wconf 81' lang='grc' dir='ltr'><strong>διὰ</strong></span> <span class='ocrx_word' id='word_1_132' title='bbox 3117 619 3320 675; x_wconf 88' lang='grc' dir='ltr'><strong>τούτων</strong></span> <span class='ocrx_word' id='word_1_133' title='bbox 3334 622 3454 685; x_wconf 78' lang='grc' dir='ltr'><strong>τοὺς</strong></span> <span class='ocrx_word' id='word_1_134' title='bbox 3466 620 3659 677; x_wconf 81' lang='grc' dir='ltr'><strong>ἀκούον-</strong></span> 
     </span>
    </p>
   </div>
   <div class='ocr_carea' id='block_1_22' title="bbox 2089 712 3657 788">
    <p class='ocr_par' dir='ltr' id='par_1_22' title="bbox 2089 712 3657 788">
     <span class='ocr_line' id='line_1_22' title="bbox 2089 712 3657 788; baseline -0.001 -20"><span class='ocrx_word' id='word_1_135' title='bbox 2089 732 2188 779; x_wconf 89' lang='grc' dir='ltr'><strong>τας</strong></span> <span class='ocrx_word' id='word_1_136' title='bbox 2198 715 2292 768; x_wconf 74' lang='grc' dir='ltr'><strong>ἐπὶ</strong></span> <span class='ocrx_word' id='word_1_137' title='bbox 2312 716 2379 769; x_wconf 85' lang='grc' dir='ltr'><strong>τὰ</strong></span> <span class='ocrx_word' id='word_1_138' title='bbox 2392 714 2558 785; x_wconf 85' lang='grc' dir='ltr'><strong>ὅμοια</strong></span> <span class='ocrx_word' id='word_1_139' title='bbox 2573 716 2997 788; x_wconf 76' lang='grc' dir='ltr'><strong>προετρέψαντο.</strong></span> <span class='ocrx_word' id='word_1_140' title='bbox 3017 714 3128 768; x_wconf 73' lang='grc' dir='ltr'><strong>Καὶ</strong></span> <span class='ocrx_word' id='word_1_141' title='bbox 3146 715 3277 785; x_wconf 88' lang='grc' dir='ltr'><strong>μήτι</strong></span> <span class='ocrx_word' id='word_1_142' title='bbox 3291 730 3355 782; x_wconf 91' lang='grc' dir='ltr'><strong>γε</strong></span> <span class='ocrx_word' id='word_1_143' title='bbox 3370 714 3416 766; x_wconf 75' lang='grc' dir='ltr'><strong>οἱ</strong></span> <span class='ocrx_word' id='word_1_144' title='bbox 3429 712 3657 785; x_wconf 83' lang='grc' dir='ltr'><strong>δαίμονες</strong></span> 
     </span>
    </p>
   </div>
   <div class='ocr_carea' id='block_1_23' title="bbox 2092 806 3662 881">
    <p class='ocr_par' dir='ltr' id='par_1_23' title="bbox 2092 806 3662 881">
     <span class='ocr_line' id='line_1_23' title="bbox 2092 806 3662 881; baseline -0.001 -19"><span class='ocrx_word' id='word_1_145' title='bbox 2092 808 2252 862; x_wconf 78' lang='grc' dir='ltr'><strong>αὐτοὶ</strong></span> <span class='ocrx_word' id='word_1_146' title='bbox 2276 807 2417 879; x_wconf 82' lang='grc' dir='ltr'><strong>μετὰ</strong></span> <span class='ocrx_word' id='word_1_147' title='bbox 2442 807 2539 863; x_wconf 78' lang='grc' dir='ltr'><strong>τοῦ</strong></span> <span class='ocrx_word' id='word_1_148' title='bbox 2569 808 2875 881; x_wconf 80' lang='grc' dir='ltr'><strong>ἡγουμένου</strong></span> <span class='ocrx_word' id='word_1_149' title='bbox 2899 806 3079 862; x_wconf 83' lang='grc' dir='ltr'><strong>αὐτῶν</strong></span> <span class='ocrx_word' id='word_1_150' title='bbox 3101 808 3223 871; x_wconf 81' lang='grc' dir='ltr'><strong>Διὸς</strong></span> <span class='ocrx_word' id='word_1_151' title='bbox 3242 806 3347 860; x_wconf 72' lang='grc' dir='ltr'><strong>ὑπὸ</strong></span> <span class='ocrx_word' id='word_1_152' title='bbox 3371 806 3466 878; x_wconf 82' lang='grc' dir='ltr'><strong>τὴν</strong></span> <span class='ocrx_word' id='word_1_153' title='bbox 3484 810 3662 879; x_wconf 82' lang='grc' dir='ltr'><strong>εἱμαρ-</strong></span> 
     </span>
    </p>
   </div>
   <div class='ocr_carea' id='block_1_24' title="bbox 2094 898 3660 972">
    <p class='ocr_par' dir='ltr' id='par_1_24' title="bbox 2094 898 3660 972">
     <span class='ocr_line' id='line_1_24' title="bbox 2094 898 3660 972; baseline 0.002 -20"><span class='ocrx_word' id='word_1_154' title='bbox 2094 900 2264 972; x_wconf 83' lang='grc' dir='ltr'><strong>μένην</strong></span> <span class='ocrx_word' id='word_1_155' title='bbox 2307 900 2656 966; x_wconf 83' lang='grc' dir='ltr'><strong>πεπτώκασι,</strong></span> <span class='ocrx_word' id='word_1_156' title='bbox 2692 904 2804 967; x_wconf 83' lang='grc' dir='ltr'><strong>τοῖς</strong></span> <span class='ocrx_word' id='word_1_157' title='bbox 2841 898 3025 965; x_wconf 79' lang='grc' dir='ltr'><strong>αὐτοῖς</strong></span> <span class='ocrx_word' id='word_1_158' title='bbox 3069 900 3321 965; x_wconf 81' lang='grc' dir='ltr'><strong>πάθεσιν,</strong></span> <span class='ocrx_word' id='word_1_159' title='bbox 3362 899 3545 972; x_wconf 85' lang='grc' dir='ltr'><strong>ὥσπερ</strong></span> <span class='ocrx_word' id='word_1_160' title='bbox 3574 898 3660 956; x_wconf 74' lang='grc' dir='ltr'><strong>καὶ</strong></span> 
     </span>
    </p>
   </div>
   <div class='ocr_carea' id='block_1_25' title="bbox 2090 993 3658 1069">
    <p class='ocr_par' dir='ltr' id='par_1_25' title="bbox 2090 993 3658 1069">
     <span class='ocr_line' id='line_1_25' title="bbox 2090 993 3658 1069; baseline -0.002 -19"><span class='ocrx_word' id='word_1_161' title='bbox 2090 999 2140 1050; x_wconf 91' lang='grc' dir='ltr'><strong>οἱ</strong></span> <span class='ocrx_word' id='word_1_162' title='bbox 2165 996 2466 1069; x_wconf 79' lang='grc' dir='ltr'><strong>ἄνθρωποι,</strong></span> <span class='ocrx_word' id='word_1_163' title='bbox 2495 994 2900 1068; x_wconf 86' lang='grc' dir='ltr'><strong>κρατηθέντες;</strong></span> <span class='ocrx_word' id='word_1_164' title='bbox 2931 995 3043 1048; x_wconf 77' lang='grc' dir='ltr'><strong>Καὶ</strong></span> <span class='ocrx_word' id='word_1_165' title='bbox 3070 993 3246 1059; x_wconf 77' lang='grc' dir='ltr'><strong>ἄλλως</strong></span> <span class='ocrx_word' id='word_1_166' title='bbox 3286 994 3342 1047; x_wconf 88' lang='grc' dir='ltr'><strong>δὲ</strong></span> <span class='ocrx_word' id='word_1_167' title='bbox 3374 993 3484 1059; x_wconf 83' lang='grc' dir='ltr'><strong>πῶς</strong></span> <span class='ocrx_word' id='word_1_168' title='bbox 3513 1011 3658 1066; x_wconf 84' lang='grc' dir='ltr'><strong>τιμη-</strong></span> 
     </span>
    </p>
   </div>
   <div class='ocr_carea' id='block_1_26' title="bbox 2090 1082 3659 1160">
    <p class='ocr_par' dir='ltr' id='par_1_26' title="bbox 2090 1082 3659 1160">
     <span class='ocr_line' id='line_1_26' title="bbox 2090 1082 3659 1160; baseline -0.002 -19"><span class='ocrx_word' id='word_1_169' title='bbox 2090 1087 2214 1142; x_wconf 91' lang='grc' dir='ltr'><strong>τέον</strong></span> <span class='ocrx_word' id='word_1_170' title='bbox 2270 1088 2496 1154; x_wconf 76' lang='grc' dir='ltr'><strong>τούτους</strong></span> <span class='ocrx_word' id='word_1_171' title='bbox 2545 1087 2679 1160; x_wconf 89' lang='grc' dir='ltr'><strong>παρ’</strong></span> <span class='ocrx_word' id='word_1_172' title='bbox 2726 1082 2809 1153; x_wconf 74' lang='grc' dir='ltr'><strong>οἷς</strong></span> <span class='ocrx_word' id='word_1_173' title='bbox 2862 1086 3151 1159; x_wconf 84' lang='grc' dir='ltr'><strong>δογμάτων</strong></span> <span class='ocrx_word' id='word_1_174' title='bbox 3203 1085 3510 1155; x_wconf 76' lang='grc' dir='ltr'><strong>ἐναντιότης</strong></span> <span class='ocrx_word' id='word_1_175' title='bbox 3555 1087 3659 1139; x_wconf 74' lang='grc' dir='ltr'><strong>ἐστι</strong></span> 
     </span>
    </p>
   </div>
   <div class='ocr_carea' id='block_1_27' title="bbox 2092 1176 3661 1253">
    <p class='ocr_par' dir='ltr' id='par_1_27' title="bbox 2092 1176 3661 1253">
     <span class='ocr_line' id='line_1_27' title="bbox 2092 1176 3661 1253; baseline -0.004 -18"><span class='ocrx_word' id='word_1_176' title='bbox 2092 1180 2258 1251; x_wconf 83' lang='grc' dir='ltr'><strong>πολλή</strong></span> <span class='ocrx_word' id='word_1_177' title='bbox 2284 1198 2300 1247; x_wconf 88' lang='lat'><strong>;</strong></span> <span class='ocrx_word' id='word_1_178' title='bbox 2339 1181 2498 1236; x_wconf 85' lang='grc' dir='ltr'><strong>Ῥέαν</strong></span> <span class='ocrx_word' id='word_1_179' title='bbox 2526 1180 2775 1253; x_wconf 78' lang='grc' dir='ltr'><strong>μὲνγὰρ,</strong></span> <span class='ocrx_word' id='word_1_180' title='bbox 2802 1181 2869 1252; x_wconf 85' lang='grc' dir='ltr'><strong>ἢν</strong></span> <span class='ocrx_word' id='word_1_181' title='bbox 2905 1181 2957 1233; x_wconf 79' lang='grc' dir='ltr'><strong>οἱ</strong></span> <span class='ocrx_word' id='word_1_182' title='bbox 2983 1180 3093 1234; x_wconf 85' lang='grc' dir='ltr'><strong>ἀπὺ</strong></span> <span class='ocrx_word' id='word_1_183' title='bbox 3123 1179 3230 1233; x_wconf 83' lang='grc' dir='ltr'><strong>τῶν</strong></span> <span class='ocrx_word' id='word_1_184' title='bbox 3260 1177 3503 1250; x_wconf 76' lang='grc' dir='ltr'><strong>Φρυγίων</strong></span> <span class='ocrx_word' id='word_1_185' title='bbox 3534 1176 3661 1249; x_wconf 83' lang='grc' dir='ltr'><strong>ὀρῶν</strong></span> 
     </span>
    </p>
   </div>
   <div class='ocr_carea' id='block_1_28' title="bbox 2092 1270 3659 1345">
    <p class='ocr_par' dir='ltr' id='par_1_28' title="bbox 2092 1270 3659 1345">
     <span class='ocr_line' id='line_1_28' title="bbox 2092 1270 3659 1345; baseline -0.002 -19"><span class='ocrx_word' id='word_1_186' title='bbox 2092 1272 2364 1345; x_wconf 77' lang='grc' dir='ltr'><strong>Κυὸέλην,</strong></span> <span class='ocrx_word' id='word_1_187' title='bbox 2392 1273 2558 1342; x_wconf 77' lang='grc' dir='ltr'><strong>φασὶν</strong></span> <span class='ocrx_word' id='word_1_188' title='bbox 2581 1274 2925 1345; x_wconf 81' lang='grc' dir='ltr'><strong>ἀποτμήσεις</strong></span> <span class='ocrx_word' id='word_1_189' title='bbox 2955 1271 3171 1327; x_wconf 67' lang='grc' dir='ltr'><strong>αἰδοίων</strong></span> <span class='ocrx_word' id='word_1_190' title='bbox 3194 1270 3659 1342; x_wconf 81' lang='grc' dir='ltr'><strong>νενομοθετηκέναι</strong></span> 
     </span>
    </p>
   </div>
   <div class='ocr_carea' id='block_1_29' title="bbox 2095 1361 3658 1438">
    <p class='ocr_par' dir='ltr' id='par_1_29' title="bbox 2095 1361 3658 1438">
     <span class='ocr_line' id='line_1_29' title="bbox 2095 1361 3658 1438; baseline -0.003 -20"><span class='ocrx_word' id='word_1_191' title='bbox 2095 1364 2205 1435; x_wconf 75' lang='grc'>(74)</span> <span class='ocrx_word' id='word_1_192' title='bbox 2228 1364 2316 1419; x_wconf 86' lang='grc' dir='ltr'><strong>διὰ</strong></span> <span class='ocrx_word' id='word_1_193' title='bbox 2343 1365 2434 1418; x_wconf 84' lang='grc' dir='ltr'><strong>τὸν</strong></span> <span class='ocrx_word' id='word_1_194' title='bbox 2463 1362 2740 1436; x_wconf 77' lang='grc' dir='ltr'><strong>ἐρώμενον</strong></span> <span class='ocrx_word' id='word_1_195' title='bbox 2768 1365 2974 1438; x_wconf 82' lang='grc' dir='ltr'><strong>ταύτης</strong></span> <span class='ocrx_word' id='word_1_196' title='bbox 3004 1366 3189 1418; x_wconf 82' lang='grc' dir='ltr'><strong>Ἀττιν</strong></span> <span class='ocrx_word' id='word_1_197' title='bbox 3217 1362 3352 1434; x_wconf 83' lang='grc'>(75).</span> <span class='ocrx_word' id='word_1_198' title='bbox 3398 1361 3658 1433; x_wconf 80' lang='grc' dir='ltr'><strong>Ἀφροδίτη</strong></span> 
     </span>
    </p>
   </div>
   <div class='ocr_carea' id='block_1_30' title="bbox 2092 1454 3659 1527">
    <p class='ocr_par' dir='ltr' id='par_1_30' title="bbox 2092 1454 3659 1527">
     <span class='ocr_line' id='line_1_30' title="bbox 2092 1454 3659 1527; baseline 0.001 -18"><span class='ocrx_word' id='word_1_199' title='bbox 2092 1455 2150 1509; x_wconf 75' lang='grc' dir='ltr'><strong>δὲ</strong></span> <span class='ocrx_word' id='word_1_200' title='bbox 2190 1454 2370 1525; x_wconf 86' lang='grc' dir='ltr'><strong>γάμου</strong></span> <span class='ocrx_word' id='word_1_201' title='bbox 2417 1455 2644 1520; x_wconf 80' lang='grc' dir='ltr'><strong>πλοκαῖς</strong></span> <span class='ocrx_word' id='word_1_202' title='bbox 2691 1456 2911 1527; x_wconf 77' lang='grc' dir='ltr'><strong>ἥδεται’</strong></span> <span class='ocrx_word' id='word_1_203' title='bbox 2962 1455 3137 1527; x_wconf 87' lang='grc' dir='ltr'><strong>μάγος</strong></span> <span class='ocrx_word' id='word_1_204' title='bbox 3186 1454 3340 1507; x_wconf 70' lang='grc' dir='ltr'><strong>ἐστὶν</strong></span> <span class='ocrx_word' id='word_1_205' title='bbox 3390 1454 3659 1524; x_wconf 71' lang='grc' dir='ltr'><strong>Ἄρτεμις,</strong></span> 
     </span>
    </p>
   </div>
   <div class='ocr_carea' id='block_1_31' title="bbox 2094 1543 3660 1619">
    <p class='ocr_par' dir='ltr' id='par_1_31' title="bbox 2094 1543 3660 1619">
     <span class='ocr_line' id='line_1_31' title="bbox 2094 1543 3660 1619; baseline 0.001 -22"><span class='ocrx_word' id='word_1_206' title='bbox 2094 1544 2389 1616; x_wconf 79' lang='grc' dir='ltr'><strong>θεραπεύει</strong></span> <span class='ocrx_word' id='word_1_207' title='bbox 2429 1548 2459 1601; x_wconf 94' lang='lat'><strong>6</strong></span> <span class='ocrx_word' id='word_1_208' title='bbox 2509 1545 2803 1601; x_wconf 82' lang='grc' dir='ltr'><strong>Ἀπόλλων.</strong></span> <span class='ocrx_word' id='word_1_209' title='bbox 2840 1548 2952 1601; x_wconf 78' lang='grc' dir='ltr'><strong>Καὶ</strong></span> <span class='ocrx_word' id='word_1_210' title='bbox 2980 1547 3123 1619; x_wconf 86' lang='grc' dir='ltr'><strong>μετά</strong></span> <span class='ocrx_word' id='word_1_211' title='bbox 3152 1546 3251 1618; x_wconf 81' lang='grc' dir='ltr'><strong>τὴν</strong></span> <span class='ocrx_word' id='word_1_212' title='bbox 3288 1543 3522 1616; x_wconf 82' lang='grc' dir='ltr'><strong>Γοργοῦς</strong></span> <span class='ocrx_word' id='word_1_213' title='bbox 3568 1561 3660 1597; x_wconf 86' lang='grc' dir='ltr'><strong>κα-</strong></span> 
     </span>
    </p>
   </div>
   <div class='ocr_carea' id='block_1_32' title="bbox 2097 1631 3661 1711">
    <p class='ocr_par' dir='ltr' id='par_1_32' title="bbox 2097 1631 3661 1711">
     <span class='ocr_line' id='line_1_32' title="bbox 2097 1631 3661 1711; baseline -0.001 -20"><span class='ocrx_word' id='word_1_214' title='bbox 2097 1636 2383 1709; x_wconf 88' lang='grc' dir='ltr'><strong>ρατομίαν,</strong></span> <span class='ocrx_word' id='word_1_215' title='bbox 2409 1639 2512 1708; x_wconf 84' lang='grc' dir='ltr'><strong>τῆς</strong></span> <span class='ocrx_word' id='word_1_216' title='bbox 2538 1637 2869 1705; x_wconf 88' lang='grc' dir='ltr'><strong>Ποσειδῶνος</strong></span> <span class='ocrx_word' id='word_1_217' title='bbox 2886 1639 3194 1711; x_wconf 78' lang='grc' dir='ltr'><strong>ἐρωμένης,</strong></span> <span class='ocrx_word' id='word_1_218' title='bbox 3219 1638 3313 1708; x_wconf 81' lang='grc' dir='ltr'><strong>ἀφ’</strong></span> <span class='ocrx_word' id='word_1_219' title='bbox 3334 1631 3405 1709; x_wconf 81' lang='grc' dir='ltr'><strong>ἧς</strong></span> <span class='ocrx_word' id='word_1_220' title='bbox 3428 1637 3661 1709; x_wconf 82' lang='grc' dir='ltr'><strong>Πήγασος</strong></span> 
     </span>
    </p>
   </div>
   <div class='ocr_carea' id='block_1_33' title="bbox 2094 1727 3664 1804">
    <p class='ocr_par' dir='ltr' id='par_1_33' title="bbox 2094 1727 3664 1804">
     <span class='ocr_line' id='line_1_33' title="bbox 2094 1727 3664 1804; baseline -0.001 -22"><span class='ocrx_word' id='word_1_221' title='bbox 2094 1731 2123 1782; x_wconf 99' lang='lat'><strong>6</strong></span> <span class='ocrx_word' id='word_1_222' title='bbox 2156 1730 2342 1795; x_wconf 77' lang='grc' dir='ltr'><strong>ἵππος,</strong></span> <span class='ocrx_word' id='word_1_223' title='bbox 2371 1730 2467 1785; x_wconf 77' lang='grc' dir='ltr'><strong>καὶ</strong></span> <span class='ocrx_word' id='word_1_224' title='bbox 2495 1732 2523 1785; x_wconf 90' lang='lat'><strong>6</strong></span> <span class='ocrx_word' id='word_1_225' title='bbox 2565 1731 2841 1803; x_wconf 82' lang='grc' dir='ltr'><strong>Χρυσάωρ</strong></span> <span class='ocrx_word' id='word_1_226' title='bbox 2867 1731 3115 1804; x_wconf 80' lang='grc' dir='ltr'><strong>ἀνέθορε,</strong></span> <span class='ocrx_word' id='word_1_227' title='bbox 3149 1730 3248 1795; x_wconf 82' lang='grc' dir='ltr'><strong>τὰς</strong></span> <span class='ocrx_word' id='word_1_228' title='bbox 3284 1729 3547 1798; x_wconf 85' lang='grc' dir='ltr'><strong>σταγόνας</strong></span> <span class='ocrx_word' id='word_1_229' title='bbox 3565 1727 3664 1781; x_wconf 83' lang='grc' dir='ltr'><strong>τῶν</strong></span> 
     </span>
    </p>
   </div>
   <div class='ocr_carea' id='block_1_34' title="bbox 412 1818 1992 1901">
    <p class='ocr_par' dir='ltr' id='par_1_34' title="bbox 412 1825 1989 1901">
     <span class='ocr_line' id='line_1_34' title="bbox 412 1825 1989 1901; baseline 0.005 -22"><span class='ocrx_word' id='word_1_230' title='bbox 412 1825 599 1895; x_wconf 79' lang='lat' dir='ltr'><strong>partiti</strong></span> <span class='ocrx_word' id='word_1_231' title='bbox 627 1835 790 1894; x_wconf 88' lang='lat' dir='ltr'><strong>sunt;</strong></span> <span class='ocrx_word' id='word_1_232' title='bbox 824 1836 987 1899; x_wconf 90' lang='lat' dir='ltr'><strong>atque</strong></span> <span class='ocrx_word' id='word_1_233' title='bbox 1018 1844 1085 1884; x_wconf 82' lang='lat' dir='ltr'><strong>ex</strong></span> <span class='ocrx_word' id='word_1_234' title='bbox 1114 1829 1179 1883; x_wconf 86' lang='lat' dir='ltr'><strong>iis</strong></span> <span class='ocrx_word' id='word_1_235' title='bbox 1212 1830 1429 1901; x_wconf 90' lang='lat' dir='ltr'><strong>quidem</strong></span> <span class='ocrx_word' id='word_1_236' title='bbox 1462 1832 1566 1887; x_wconf 89' lang='lat' dir='ltr'><strong>iste</strong></span> <span class='ocrx_word' id='word_1_237' title='bbox 1597 1831 1825 1888; x_wconf 89' lang='lat' dir='ltr'><strong>salutem</strong></span> <span class='ocrx_word' id='word_1_238' title='bbox 1859 1830 1989 1887; x_wconf 81' lang='lat' dir='ltr'><strong>alle-</strong></span> 
     </span>
    </p>
   </div>
   <div class='ocr_carea' id='block_1_35' title="bbox 2100 1818 3664 1901">
    <p class='ocr_par' dir='ltr' id='par_1_35' title="bbox 2100 1818 3664 1896">
     <span class='ocr_line' id='line_1_35' title="bbox 2100 1818 3664 1896; baseline -0.003 -21"><span class='ocrx_word' id='word_1_239' title='bbox 2100 1822 2337 1893; x_wconf 75' lang='grc' dir='ltr'><strong>αἱμάτων</strong></span> <span class='ocrx_word' id='word_1_240' title='bbox 2366 1824 2400 1895; x_wconf 79' lang='grc' dir='ltr'><strong>ή</strong></span> <span class='ocrx_word' id='word_1_241' title='bbox 2447 1823 2649 1896; x_wconf 80' lang='grc' dir='ltr'><strong>Ἀθηνᾶ</strong></span> <span class='ocrx_word' id='word_1_242' title='bbox 2675 1824 2771 1879; x_wconf 81' lang='grc' dir='ltr'><strong>καὶ</strong></span> <span class='ocrx_word' id='word_1_243' title='bbox 2811 1823 3138 1893; x_wconf 72' lang='grc' dir='ltr'><strong>Ἀσκληπιὸς</strong></span> <span class='ocrx_word' id='word_1_244' title='bbox 3182 1821 3548 1893; x_wconf 68' lang='grc' dir='ltr'><strong>διενείμαντο⁹</strong></span> <span class='ocrx_word' id='word_1_245' title='bbox 3577 1818 3664 1872; x_wconf 80' lang='grc' dir='ltr'><strong>καὶ</strong></span> 
     </span>
    </p>
   </div>
   <div class='ocr_carea' id='block_1_36' title="bbox 411 1916 1988 1981">
    <p class='ocr_par' dir='ltr' id='par_1_36' title="bbox 411 1916 1988 1981">
     <span class='ocr_line' id='line_1_36' title="bbox 411 1916 1988 1981; baseline 0.006 -11"><span class='ocrx_word' id='word_1_246' title='bbox 411 1916 589 1981; x_wconf 88' lang='lat' dir='ltr'><strong>rebat,</strong></span> <span class='ocrx_word' id='word_1_247' title='bbox 624 1917 716 1972; x_wconf 92' lang='lat' dir='ltr'><strong>illa</strong></span> <span class='ocrx_word' id='word_1_248' title='bbox 745 1926 927 1974; x_wconf 91' lang='lat' dir='ltr'><strong>autem</strong></span> <span class='ocrx_word' id='word_1_249' title='bbox 954 1934 1021 1974; x_wconf 82' lang='lat' dir='ltr'><strong>ex</strong></span> <span class='ocrx_word' id='word_1_250' title='bbox 1060 1920 1225 1976; x_wconf 89' lang='lat' dir='ltr'><strong>simili</strong></span> <span class='ocrx_word' id='word_1_251' title='bbox 1260 1936 1459 1977; x_wconf 89' lang='lat' dir='ltr'><strong>cruore</strong></span> <span class='ocrx_word' id='word_1_252' title='bbox 1482 1922 1755 1976; x_wconf 88' lang='lat' dir='ltr'><strong>homicida</strong></span> <span class='ocrx_word' id='word_1_253' title='bbox 1786 1930 1840 1975; x_wconf 90' lang='lat' dir='ltr'><strong>et</strong></span> <span class='ocrx_word' id='word_1_254' title='bbox 1870 1922 1988 1981; x_wconf 72' lang='lat' dir='ltr'><strong>bel~</strong></span> 
     </span>
    </p>
   </div>
   <div class='ocr_carea' id='block_1_37' title="bbox 414 2008 1988 2078">
    <p class='ocr_par' dir='ltr' id='par_1_37' title="bbox 414 2008 1988 2078">
     <span class='ocr_line' id='line_1_37' title="bbox 414 2008 1988 2078; baseline 0.004 -16"><span class='ocrx_word' id='word_1_255' title='bbox 414 2008 593 2063; x_wconf 89' lang='lat' dir='ltr'><strong>lorum</strong></span> <span class='ocrx_word' id='word_1_256' title='bbox 626 2016 821 2065; x_wconf 85' lang='lat' dir='ltr'><strong>auctor</strong></span> <span class='ocrx_word' id='word_1_257' title='bbox 849 2011 1078 2066; x_wconf 85' lang='lat' dir='ltr'><strong>exstitit.</strong></span> <span class='ocrx_word' id='word_1_258' title='bbox 1113 2010 1385 2068; x_wconf 81' lang='lat' dir='ltr'><strong>Videntur</strong></span> <span class='ocrx_word' id='word_1_259' title='bbox 1420 2013 1556 2067; x_wconf 92' lang='lat' dir='ltr'><strong>mihi</strong></span> <span class='ocrx_word' id='word_1_260' title='bbox 1602 2012 1988 2078; x_wconf 87' lang='lat' dir='ltr'><strong>Athenienses,</strong></span> 
     </span>
    </p>
   </div>
   <div class='ocr_carea' id='block_1_38' title="bbox 414 2101 1989 2173">
    <p class='ocr_par' dir='ltr' id='par_1_38' title="bbox 414 2101 1989 2173">
     <span class='ocr_line' id='line_1_38' title="bbox 414 2101 1989 2173; baseline 0.003 -19"><span class='ocrx_word' id='word_1_261' title='bbox 414 2116 541 2155; x_wconf 88' lang='lat' dir='ltr'><strong>cum</strong></span> <span class='ocrx_word' id='word_1_262' title='bbox 571 2101 639 2157; x_wconf 91' lang='lat' dir='ltr'><strong>de</strong></span> <span class='ocrx_word' id='word_1_263' title='bbox 667 2103 789 2173; x_wconf 89' lang='lat' dir='ltr'><strong>ejus</strong></span> <span class='ocrx_word' id='word_1_264' title='bbox 821 2103 965 2157; x_wconf 80' lang='lat' dir='ltr'><strong>fama</strong></span> <span class='ocrx_word' id='word_1_265' title='bbox 991 2103 1281 2160; x_wconf 88' lang='lat' dir='ltr'><strong>detrahere</strong></span> <span class='ocrx_word' id='word_1_266' title='bbox 1306 2105 1535 2169; x_wconf 88' lang='lat' dir='ltr'><strong>nollent,</strong></span> <span class='ocrx_word' id='word_1_267' title='bbox 1564 2104 1734 2159; x_wconf 83' lang='lat' dir='ltr'><strong>filium</strong></span> <span class='ocrx_word' id='word_1_268' title='bbox 1758 2121 1822 2161; x_wconf 85' lang='lat' dir='ltr'><strong>ex</strong></span> <span class='ocrx_word' id='word_1_269' title='bbox 1853 2104 1989 2159; x_wconf 81' lang='lat' dir='ltr'><strong>Vul-</strong></span> 
     </span>
    </p>
   </div>
   <div class='ocr_carea' id='block_1_39' title="bbox 414 2194 1986 2265">
    <p class='ocr_par' dir='ltr' id='par_1_39' title="bbox 414 2194 1986 2265">
     <span class='ocr_line' id='line_1_39' title="bbox 414 2194 1986 2265; baseline 0.004 -19"><span class='ocrx_word' id='word_1_270' title='bbox 414 2194 540 2247; x_wconf 88' lang='lat' dir='ltr'><strong>cani</strong></span> <span class='ocrx_word' id='word_1_271' title='bbox 570 2195 968 2250; x_wconf 88' lang='lat' dir='ltr'><strong>consuetudine</strong></span> <span class='ocrx_word' id='word_1_272' title='bbox 991 2196 1233 2265; x_wconf 90' lang='lat' dir='ltr'><strong>genitum</strong></span> <span class='ocrx_word' id='word_1_273' title='bbox 1261 2197 1424 2251; x_wconf 92' lang='lat' dir='ltr'><strong>etiam</strong></span> <span class='ocrx_word' id='word_1_274' title='bbox 1453 2204 1615 2253; x_wconf 87' lang='lat' dir='ltr'><strong>terra</strong></span> <span class='ocrx_word' id='word_1_275' title='bbox 1635 2198 1953 2253; x_wconf 89' lang='lat' dir='ltr'><strong>attribuisse</strong></span> <span class='ocrx_word' id='word_1_276' title='bbox 1971 2236 1986 2262; x_wconf 90' lang='lat'><strong>,</strong></span> 
     </span>
    </p>
   </div>
   <div class='ocr_carea' id='block_1_40' title="bbox 413 2284 1994 2357">
    <p class='ocr_par' dir='ltr' id='par_1_40' title="bbox 413 2284 1994 2357">
     <span class='ocr_line' id='line_1_40' title="bbox 413 2284 1994 2357; baseline 0.006 -21"><span class='ocrx_word' id='word_1_277' title='bbox 413 2298 503 2347; x_wconf 90' lang='lat' dir='ltr'><strong>ne,</strong></span> <span class='ocrx_word' id='word_1_278' title='bbox 532 2293 592 2337; x_wconf 92' lang='lat' dir='ltr'><strong>ut</strong></span> <span class='ocrx_word' id='word_1_279' title='bbox 619 2284 886 2340; x_wconf 86' lang='lat' dir='ltr'><strong>Atalanta</strong></span> <span class='ocrx_word' id='word_1_280' title='bbox 915 2300 946 2339; x_wconf 93' lang='lat' dir='ltr'><strong>a</strong></span> <span class='ocrx_word' id='word_1_281' title='bbox 972 2285 1261 2357; x_wconf 86' lang='lat' dir='ltr'><strong>Meleagro,</strong></span> <span class='ocrx_word' id='word_1_282' title='bbox 1290 2288 1368 2341; x_wconf 91' lang='lat' dir='ltr'><strong>ita</strong></span> <span class='ocrx_word' id='word_1_283' title='bbox 1398 2287 1653 2344; x_wconf 86' lang='lat' dir='ltr'><strong>Minerva</strong></span> <span class='ocrx_word' id='word_1_284' title='bbox 1684 2303 1715 2343; x_wconf 91' lang='lat' dir='ltr'><strong>a</strong></span> <span class='ocrx_word' id='word_1_285' title='bbox 1746 2287 1994 2345; x_wconf 82' lang='lat' dir='ltr'><strong>Vulcano</strong></span> 
     </span>
    </p>
   </div>
   <div class='ocr_carea' id='block_1_41' title="bbox 412 2375 1993 2453">
    <p class='ocr_par' dir='ltr' id='par_1_41' title="bbox 412 2375 1993 2453">
     <span class='ocr_line' id='line_1_41' title="bbox 412 2375 1993 2453; baseline 0.005 -24"><span class='ocrx_word' id='word_1_286' title='bbox 412 2375 647 2431; x_wconf 78' lang='lat' dir='ltr'><strong>virilitas</strong></span> <span class='ocrx_word' id='word_1_287' title='bbox 677 2386 862 2448; x_wconf 88' lang='lat' dir='ltr'><strong>erepta</strong></span> <span class='ocrx_word' id='word_1_288' title='bbox 894 2377 1188 2433; x_wconf 80' lang='lat' dir='ltr'><strong>videretur.</strong></span> <span class='ocrx_word' id='word_1_289' title='bbox 1222 2378 1323 2434; x_wconf 83' lang='lat' dir='ltr'><strong>Hic</strong></span> <span class='ocrx_word' id='word_1_290' title='bbox 1349 2380 1495 2435; x_wconf 90' lang='lat' dir='ltr'><strong>enim</strong></span> <span class='ocrx_word' id='word_1_291' title='bbox 1527 2382 1802 2453; x_wconf 89' lang='lat' dir='ltr'><strong>utrimque</strong></span> <span class='ocrx_word' id='word_1_292' title='bbox 1839 2382 1993 2437; x_wconf 90' lang='lat' dir='ltr'><strong>clau-</strong></span> 
     </span>
    </p>
   </div>
   <div class='ocr_carea' id='block_1_42' title="bbox 416 2466 1987 2545">
    <p class='ocr_par' dir='ltr' id='par_1_42' title="bbox 416 2466 1987 2545">
     <span class='ocr_line' id='line_1_42' title="bbox 416 2466 1987 2545; baseline 0.006 -24"><span class='ocrx_word' id='word_1_293' title='bbox 416 2466 540 2530; x_wconf 87' lang='lat' dir='ltr'><strong>dus,</strong></span> <span class='ocrx_word' id='word_1_294' title='bbox 590 2466 881 2536; x_wconf 80' lang='lat' dir='ltr'><strong>ﬁbularum</strong></span> <span class='ocrx_word' id='word_1_295' title='bbox 931 2480 983 2525; x_wconf 91' lang='lat' dir='ltr'><strong>et</strong></span> <span class='ocrx_word' id='word_1_296' title='bbox 1024 2470 1289 2525; x_wconf 78' lang='lat' dir='ltr'><strong>ﬂexarum</strong></span> <span class='ocrx_word' id='word_1_297' title='bbox 1342 2471 1619 2527; x_wconf 90' lang='lat' dir='ltr'><strong>inaurium</strong></span> <span class='ocrx_word' id='word_1_298' title='bbox 1666 2473 1847 2545; x_wconf 77' lang='lat' dir='ltr'><strong>opifex</strong></span> <span class='ocrx_word' id='word_1_299' title='bbox 1880 2475 1987 2542; x_wconf 88' lang='lat' dir='ltr'><strong>bis,</strong></span> 
     </span>
    </p>
   </div>
   <div class='ocr_carea' id='block_1_43' title="bbox 415 2560 1989 2633">
    <p class='ocr_par' dir='ltr' id='par_1_43' title="bbox 415 2560 1989 2633">
     <span class='ocr_line' id='line_1_43' title="bbox 415 2560 1989 2633; baseline 0.006 -19"><span class='ocrx_word' id='word_1_300' title='bbox 415 2566 477 2614; x_wconf 89' lang='lat' dir='ltr'><strong>nt</strong></span> <span class='ocrx_word' id='word_1_301' title='bbox 506 2560 802 2617; x_wconf 77' lang='lat' dir='ltr'><strong>verisimile</strong></span> <span class='ocrx_word' id='word_1_302' title='bbox 833 2568 917 2617; x_wconf 88' lang='lat' dir='ltr'><strong>est</strong></span> <span class='ocrx_word' id='word_1_303' title='bbox 944 2603 958 2627; x_wconf 91' lang='lat'><strong>,</strong></span> <span class='ocrx_word' id='word_1_304' title='bbox 995 2564 1299 2633; x_wconf 89' lang='lat' dir='ltr'><strong>puellarum</strong></span> <span class='ocrx_word' id='word_1_305' title='bbox 1356 2568 1697 2623; x_wconf 88' lang='lat' dir='ltr'><strong>ornamentis</strong></span> <span class='ocrx_word' id='word_1_306' title='bbox 1743 2570 1989 2625; x_wconf 88' lang='lat' dir='ltr'><strong>orbatam</strong></span> 
     </span>
    </p>
   </div>
   <div class='ocr_carea' id='block_1_44' title="bbox 414 2640 1993 2729">
    <p class='ocr_par' dir='ltr' id='par_1_44' title="bbox 414 2640 1993 2729">
     <span class='ocr_line' id='line_1_44' title="bbox 414 2640 1993 2729; baseline 0.007 -25"><span class='ocrx_word' id='word_1_307' title='bbox 414 2659 591 2706; x_wconf 87' lang='lat' dir='ltr'><strong>matre</strong></span> <span class='ocrx_word' id='word_1_308' title='bbox 618 2660 673 2707; x_wconf 91' lang='lat' dir='ltr'><strong>et</strong></span> <span class='ocrx_word' id='word_1_309' title='bbox 703 2640 965 2723; x_wconf 80' lang='lat' dir='ltr'><strong>pupillam</strong></span> <span class='ocrx_word' id='word_1_310' title='bbox 1002 2654 1266 2712; x_wconf 78' lang='lat' dir='ltr'><strong>infantem</strong></span> <span class='ocrx_word' id='word_1_311' title='bbox 1296 2657 1531 2728; x_wconf 91' lang='lat' dir='ltr'><strong>decepit.</strong></span> <span class='ocrx_word' id='word_1_312' title='bbox 1565 2658 1851 2729; x_wconf 87' lang='lat' dir='ltr'><strong>Neptunus</strong></span> <span class='ocrx_word' id='word_1_313' title='bbox 1890 2676 1993 2716; x_wconf 89' lang='lat' dir='ltr'><strong>na-</strong></span> 
     </span>
    </p>
   </div>
   <div class='ocr_carea' id='block_1_45' title="bbox 412 2740 1994 2811">
    <p class='ocr_par' dir='ltr' id='par_1_45' title="bbox 412 2740 1994 2811">
     <span class='ocr_line' id='line_1_45' title="bbox 412 2740 1994 2811; baseline 0.011 -19"><span class='ocrx_word' id='word_1_314' title='bbox 412 2740 595 2811; x_wconf 86' lang='lat' dir='ltr'><strong>vigat.</strong></span> <span class='ocrx_word' id='word_1_315' title='bbox 651 2740 801 2797; x_wconf 77' lang='lat' dir='ltr'><strong>Mars</strong></span> <span class='ocrx_word' id='word_1_316' title='bbox 863 2743 1167 2800; x_wconf 86' lang='lat' dir='ltr'><strong>delectatur</strong></span> <span class='ocrx_word' id='word_1_317' title='bbox 1228 2746 1421 2811; x_wconf 73' lang='lat' dir='ltr'><strong>bellis,</strong></span> <span class='ocrx_word' id='word_1_318' title='bbox 1506 2749 1844 2808; x_wconf 65' lang='lat' dir='ltr'><strong>citharoedus</strong></span> <span class='ocrx_word' id='word_1_319' title='bbox 1906 2760 1994 2809; x_wconf 90' lang='lat' dir='ltr'><strong>est</strong></span> 
     </span>
    </p>
   </div>
   <div class='ocr_carea' id='block_1_46' title="bbox 413 2829 1993 2908">
    <p class='ocr_par' dir='ltr' id='par_1_46' title="bbox 413 2829 1993 2908">
     <span class='ocr_line' id='line_1_46' title="bbox 413 2829 1993 2908; baseline 0.011 -24"><span class='ocrx_word' id='word_1_320' title='bbox 413 2829 629 2902; x_wconf 81' lang='lat' dir='ltr'><strong>Apollo,</strong></span> <span class='ocrx_word' id='word_1_321' title='bbox 682 2842 952 2906; x_wconf 87' lang='lat' dir='ltr'><strong>tyrannus</strong></span> <span class='ocrx_word' id='word_1_322' title='bbox 1007 2837 1320 2895; x_wconf 87' lang='lat' dir='ltr'><strong>Thebarum</strong></span> <span class='ocrx_word' id='word_1_323' title='bbox 1378 2839 1668 2908; x_wconf 90' lang='lat' dir='ltr'><strong>Bacchus,</strong></span> <span class='ocrx_word' id='word_1_324' title='bbox 1719 2844 1993 2903; x_wconf 89' lang='lat' dir='ltr'><strong>Saturnus</strong></span> 
     </span>
    </p>
   </div>
   <div class='ocr_carea' id='block_1_47' title="bbox 415 2924 1995 3002">
    <p class='ocr_par' dir='ltr' id='par_1_47' title="bbox 415 2924 1995 3002">
     <span class='ocr_line' id='line_1_47' title="bbox 415 2924 1995 3002; baseline 0.008 -22"><span class='ocrx_word' id='word_1_325' title='bbox 415 2924 573 2995; x_wconf 72' lang='lat'><strong>251</strong></span> <span class='ocrx_word' id='word_1_326' title='bbox 628 2930 992 2999; x_wconf 86' lang='lat' dir='ltr'><strong>tyrannicida.</strong></span> <span class='ocrx_word' id='word_1_327' title='bbox 1039 2931 1253 3002; x_wconf 84' lang='lat' dir='ltr'><strong>Jupiter</strong></span> <span class='ocrx_word' id='word_1_328' title='bbox 1298 2948 1425 2990; x_wconf 89' lang='lat' dir='ltr'><strong>cum</strong></span> <span class='ocrx_word' id='word_1_329' title='bbox 1475 2934 1584 2991; x_wconf 86' lang='lat' dir='ltr'><strong>ﬁlia</strong></span> <span class='ocrx_word' id='word_1_330' title='bbox 1618 2936 1900 3001; x_wconf 87' lang='lat' dir='ltr'><strong>miscetur,</strong></span> <span class='ocrx_word' id='word_1_331' title='bbox 1938 2944 1995 2993; x_wconf 88' lang='lat' dir='ltr'><strong>et</strong></span> 
     </span>
    </p>
   </div>
   <div class='ocr_carea' id='block_1_48' title="bbox 416 3018 1992 3091">
    <p class='ocr_par' dir='ltr' id='par_1_48' title="bbox 416 3018 1992 3091">
     <span class='ocr_line' id='line_1_48' title="bbox 416 3018 1992 3091; baseline 0.008 -18"><span class='ocrx_word' id='word_1_332' title='bbox 416 3032 484 3073; x_wconf 81' lang='lat' dir='ltr'><strong>ex</strong></span> <span class='ocrx_word' id='word_1_333' title='bbox 521 3033 586 3073; x_wconf 90' lang='lat' dir='ltr'><strong>eo</strong></span> <span class='ocrx_word' id='word_1_334' title='bbox 612 3018 720 3073; x_wconf 89' lang='lat' dir='ltr'><strong>tilia</strong></span> <span class='ocrx_word' id='word_1_335' title='bbox 742 3020 1005 3091; x_wconf 84' lang='lat' dir='ltr'><strong>concipit.</strong></span> <span class='ocrx_word' id='word_1_336' title='bbox 1032 3023 1223 3080; x_wconf 85' lang='lat' dir='ltr'><strong>Testes</strong></span> <span class='ocrx_word' id='word_1_337' title='bbox 1249 3025 1382 3080; x_wconf 92' lang='lat' dir='ltr'><strong>mihi</strong></span> <span class='ocrx_word' id='word_1_338' title='bbox 1410 3042 1558 3081; x_wconf 90' lang='lat' dir='ltr'><strong>nunc</strong></span> <span class='ocrx_word' id='word_1_339' title='bbox 1582 3035 1746 3082; x_wconf 91' lang='lat' dir='ltr'><strong>erunt</strong></span> <span class='ocrx_word' id='word_1_340' title='bbox 1775 3027 1992 3086; x_wconf 87' lang='lat' dir='ltr'><strong>Eleusis</strong></span> 
     </span>
    </p>
   </div>
   <div class='ocr_carea' id='block_1_49' title="bbox 415 3112 1673 3190">
    <p class='ocr_par' dir='ltr' id='par_1_49' title="bbox 415 3112 1673 3190">
     <span class='ocr_line' id='line_1_49' title="bbox 415 3112 1673 3190; baseline 0.004 -21"><span class='ocrx_word' id='word_1_341' title='bbox 415 3120 472 3169; x_wconf 84' lang='lat' dir='ltr'><strong>et</strong></span> <span class='ocrx_word' id='word_1_342' title='bbox 502 3112 680 3169; x_wconf 89' lang='lat' dir='ltr'><strong>Draco</strong></span> <span class='ocrx_word' id='word_1_343' title='bbox 710 3116 976 3185; x_wconf 80' lang='lat' dir='ltr'><strong>mysticus</strong></span> <span class='ocrx_word' id='word_1_344' title='bbox 1006 3124 1061 3174; x_wconf 91' lang='lat' dir='ltr'><strong>et</strong></span> <span class='ocrx_word' id='word_1_345' title='bbox 1091 3117 1343 3189; x_wconf 90' lang='lat' dir='ltr'><strong>Orpheus</strong></span> <span class='ocrx_word' id='word_1_346' title='bbox 1371 3118 1465 3190; x_wconf 92' lang='lat' dir='ltr'><strong>qui</strong></span> <span class='ocrx_word' id='word_1_347' title='bbox 1496 3118 1631 3175; x_wconf 89' lang='lat' dir='ltr'><strong>dicit</strong></span> <span class='ocrx_word' id='word_1_348' title='bbox 1658 3139 1673 3174; x_wconf 91' lang='lat'><strong>:</strong></span> 
     </span>
    </p>
   </div>
   <div class='ocr_carea' id='block_1_50' title="bbox 843 3249 1607 3324">
    <p class='ocr_par' dir='ltr' id='par_1_50' title="bbox 843 3249 1607 3324">
     <span class='ocr_line' id='line_1_50' title="bbox 843 3249 1607 3324; baseline 0.005 -19"><span class='ocrx_word' id='word_1_349' title='bbox 843 3249 1042 3307; x_wconf 86' lang='lat' dir='ltr'><strong>Portas</strong></span> <span class='ocrx_word' id='word_1_350' title='bbox 1067 3252 1307 3308; x_wconf 81' lang='lat' dir='ltr'><strong>obserate</strong></span> <span class='ocrx_word' id='word_1_351' title='bbox 1342 3252 1607 3324; x_wconf 78' lang='lat' dir='ltr'><strong>profanis.</strong></span> 
     </span>
    </p>
   </div>
   <div class='ocr_carea' id='block_1_51' title="bbox 416 3384 1997 3461">
    <p class='ocr_par' dir='ltr' id='par_1_51' title="bbox 416 3384 1997 3461">
     <span class='ocr_line' id='line_1_51' title="bbox 416 3384 1997 3461; baseline 0.003 -20"><span class='ocrx_word' id='word_1_352' title='bbox 416 3384 575 3441; x_wconf 84' lang='lat' dir='ltr'><strong>Pluto</strong></span> <span class='ocrx_word' id='word_1_353' title='bbox 598 3387 741 3457; x_wconf 88' lang='lat' dir='ltr'><strong>rapit</strong></span> <span class='ocrx_word' id='word_1_354' title='bbox 760 3386 1167 3459; x_wconf 85' lang='lat' dir='ltr'><strong>Proserpinam,</strong></span> <span class='ocrx_word' id='word_1_355' title='bbox 1183 3389 1414 3460; x_wconf 85' lang='lat' dir='ltr'><strong>ejusque</strong></span> <span class='ocrx_word' id='word_1_356' title='bbox 1436 3389 1681 3445; x_wconf 81' lang='lat' dir='ltr'><strong>facinora</strong></span> <span class='ocrx_word' id='word_1_357' title='bbox 1698 3392 1836 3444; x_wconf 81' lang='lat' dir='ltr'><strong>[lunt</strong></span> <span class='ocrx_word' id='word_1_358' title='bbox 1854 3405 1997 3461; x_wconf 85' lang='lat' dir='ltr'><strong>mys-</strong></span> 
     </span>
    </p>
   </div>
   <div class='ocr_carea' id='block_1_52' title="bbox 418 3541 1998 3614">
    <p class='ocr_par' dir='ltr' id='par_1_52' title="bbox 418 3541 1998 3614">
     <span class='ocr_line' id='line_1_52' title="bbox 418 3541 1998 3614; baseline 0.003 -19"><span class='ocrx_word' id='word_1_359' title='bbox 418 3541 686 3614; x_wconf 80' lang='grc' dir='ltr'><strong>ἀνενδεεϊς</strong></span> <span class='ocrx_word' id='word_1_360' title='bbox 720 3541 816 3595; x_wconf 74' lang='grc' dir='ltr'><strong>καὶ</strong></span> <span class='ocrx_word' id='word_1_361' title='bbox 849 3543 1074 3614; x_wconf 84' lang='grc' dir='ltr'><strong>ἀγήρως</strong></span> <span class='ocrx_word' id='word_1_362' title='bbox 1109 3542 1724 3614; x_wconf 34' lang='grc' dir='ltr'><strong>ὑπῆρχονειεεθιιᾶυηι</strong></span> <span class='ocrx_word' id='word_1_363' title='bbox 1776 3543 1998 3599; x_wconf 88' lang='lat' dir='ltr'><strong>videtur</strong></span> 
     </span>
    </p>
   </div>
   <div class='ocr_carea' id='block_1_53' title="bbox 418 3611 1997 3684">
    <p class='ocr_par' dir='ltr' id='par_1_53' title="bbox 418 3611 1997 3684">
     <span class='ocr_line' id='line_1_53' title="bbox 418 3611 1997 3684; baseline 0.004 -20"><span class='ocrx_word' id='word_1_364' title='bbox 418 3612 745 3684; x_wconf 76' lang='grc' dir='ltr'><strong>πορίσασθαι</strong></span> <span class='ocrx_word' id='word_1_365' title='bbox 780 3626 877 3684; x_wconf 83' lang='lat' dir='ltr'><strong>pro</strong></span> <span class='ocrx_word' id='word_1_366' title='bbox 903 3611 1333 3684; x_wconf 59' lang='grc' dir='ltr'><strong>παρωσάμενος.</strong></span> <span class='ocrx_word' id='word_1_367' title='bbox 1374 3611 1467 3668; x_wconf 90' lang='lat' dir='ltr'><strong>Sic</strong></span> <span class='ocrx_word' id='word_1_368' title='bbox 1493 3611 1895 3684; x_wconf 76' lang='lat' dir='ltr'><strong>autem__locum</strong></span> <span class='ocrx_word' id='word_1_369' title='bbox 1928 3616 1997 3670; x_wconf 88' lang='lat' dir='ltr'><strong>ab</strong></span> 
     </span>
    </p>
   </div>
   <div class='ocr_carea' id='block_1_54' title="bbox 418 3681 1997 3753">
    <p class='ocr_par' dir='ltr' id='par_1_54' title="bbox 418 3681 1997 3753">
     <span class='ocr_line' id='line_1_54' title="bbox 418 3681 1997 3753; baseline 0.001 -17"><span class='ocrx_word' id='word_1_370' title='bbox 418 3681 809 3753; x_wconf 81' lang='lat' dir='ltr'><strong>interpretibus</strong></span> <span class='ocrx_word' id='word_1_371' title='bbox 825 3681 1188 3736; x_wconf 83' lang='lat' dir='ltr'><strong>deformatum</strong></span> <span class='ocrx_word' id='word_1_372' title='bbox 1210 3683 1643 3753; x_wconf 87' lang='lat' dir='ltr'><strong>interpretabor:</strong></span> <span class='ocrx_word' id='word_1_373' title='bbox 1669 3681 1894 3753; x_wconf 82' lang='lat' dir='ltr'><strong>Necesse</strong></span> <span class='ocrx_word' id='word_1_374' title='bbox 1918 3694 1997 3738; x_wconf 83' lang='lat' dir='ltr'><strong>est</strong></span> 
     </span>
    </p>
   </div>
   <div class='ocr_carea' id='block_1_55' title="bbox 418 3752 1996 3835">
    <p class='ocr_par' dir='ltr' id='par_1_55' title="bbox 418 3752 1996 3835">
     <span class='ocr_line' id='line_1_55' title="bbox 418 3752 1996 3835; baseline 0.001 -28"><span class='ocrx_word' id='word_1_375' title='bbox 418 3770 542 3835; x_wconf 73' lang='lat' dir='ltr'><strong>ergo</strong></span> <span class='ocrx_word' id='word_1_376' title='bbox 570 3752 629 3806; x_wconf 86' lang='lat' dir='ltr'><strong>ut</strong></span> <span class='ocrx_word' id='word_1_377' title='bbox 664 3753 1048 3835; x_wconf 46' lang='lat' dir='ltr'><strong>curationenet</strong></span> <span class='ocrx_word' id='word_1_378' title='bbox 1079 3754 1334 3835; x_wconf 80' lang='lat' dir='ltr'><strong>alimenta</strong></span> <span class='ocrx_word' id='word_1_379' title='bbox 1357 3752 1458 3807; x_wconf 79' lang='lat' dir='ltr'><strong>sibi</strong></span> <span class='ocrx_word' id='word_1_380' title='bbox 1490 3764 1811 3835; x_wconf 69' lang='lat' dir='ltr'><strong>comparent.</strong></span> <span class='ocrx_word' id='word_1_381' title='bbox 1848 3752 1996 3809; x_wconf 83' lang='lat' dir='ltr'><strong>Unde</strong></span> 
     </span>
    </p>
   </div>
   <div class='ocr_carea' id='block_1_56' title="bbox 416 3822 1995 3887">
    <p class='ocr_par' dir='ltr' id='par_1_56' title="bbox 416 3822 1995 3887">
     <span class='ocr_line' id='line_1_56' title="bbox 416 3822 1995 3887; baseline 0.001 -11"><span class='ocrx_word' id='word_1_382' title='bbox 416 3822 579 3877; x_wconf 84' lang='lat' dir='ltr'><strong>etiam</strong></span> <span class='ocrx_word' id='word_1_383' title='bbox 597 3840 791 3876; x_wconf 67' lang='lat' dir='ltr'><strong>mensa</strong></span> <span class='ocrx_word' id='word_1_384' title='bbox 806 3832 856 3875; x_wconf 89' lang='lat' dir='ltr'><strong>et</strong></span> <span class='ocrx_word' id='word_1_385' title='bbox 876 3822 1172 3887; x_wconf 75' lang='lat' dir='ltr'><strong>ebrietates,</strong></span> <span class='ocrx_word' id='word_1_386' title='bbox 1193 3832 1242 3877; x_wconf 89' lang='lat' dir='ltr'><strong>et</strong></span> <span class='ocrx_word' id='word_1_387' title='bbox 1273 3824 1415 3878; x_wconf 83' lang='lat' dir='ltr'><strong>risus</strong></span> <span class='ocrx_word' id='word_1_388' title='bbox 1441 3833 1491 3877; x_wconf 93' lang='lat' dir='ltr'><strong>et</strong></span> <span class='ocrx_word' id='word_1_389' title='bbox 1506 3822 1851 3886; x_wconf 78' lang='lat' dir='ltr'><strong>concubitus;</strong></span> <span class='ocrx_word' id='word_1_390' title='bbox 1874 3841 1995 3878; x_wconf 85' lang='lat' dir='ltr'><strong>cum</strong></span> 
     </span>
    </p>
   </div>
   <div class='ocr_carea' id='block_1_57' title="bbox 421 3891 1997 3955">
    <p class='ocr_par' dir='ltr' id='par_1_57' title="bbox 421 3891 1997 3955">
     <span class='ocr_line' id='line_1_57' title="bbox 421 3891 1997 3955; baseline 0.002 -10"><span class='ocrx_word' id='word_1_391' title='bbox 421 3903 596 3947; x_wconf 87' lang='lat' dir='ltr'><strong>tamen</strong></span> <span class='ocrx_word' id='word_1_392' title='bbox 626 3893 862 3946; x_wconf 79' lang='lat' dir='ltr'><strong>homines</strong></span> <span class='ocrx_word' id='word_1_393' title='bbox 902 3909 993 3946; x_wconf 90' lang='lat' dir='ltr'><strong>nec</strong></span> <span class='ocrx_word' id='word_1_394' title='bbox 1022 3891 1175 3946; x_wconf 81' lang='lat' dir='ltr'><strong>rebus</strong></span> <span class='ocrx_word' id='word_1_395' title='bbox 1205 3895 1430 3947; x_wconf 76' lang='lat' dir='ltr'><strong>venereis</strong></span> <span class='ocrx_word' id='word_1_396' title='bbox 1456 3904 1750 3955; x_wconf 78' lang='lat' dir='ltr'><strong>uterentur,</strong></span> <span class='ocrx_word' id='word_1_397' title='bbox 1795 3911 1889 3947; x_wconf 88' lang='lat' dir='ltr'><strong>nec</strong></span> <span class='ocrx_word' id='word_1_398' title='bbox 1928 3896 1997 3948; x_wconf 76' lang='lat' dir='ltr'><strong>li—</strong></span> 
     </span>
    </p>
   </div>
   <div class='ocr_carea' id='block_1_58' title="bbox 419 3962 1995 4033">
    <p class='ocr_par' dir='ltr' id='par_1_58' title="bbox 419 3962 1995 4033">
     <span class='ocr_line' id='line_1_58' title="bbox 419 3962 1995 4033; baseline 0.003 -18"><span class='ocrx_word' id='word_1_399' title='bbox 419 3963 557 4017; x_wconf 87' lang='lat' dir='ltr'><strong>beris</strong></span> <span class='ocrx_word' id='word_1_400' title='bbox 582 3979 795 4033; x_wconf 89' lang='lat' dir='ltr'><strong>operam</strong></span> <span class='ocrx_word' id='word_1_401' title='bbox 814 3963 1021 4028; x_wconf 86' lang='lat' dir='ltr'><strong>darent,</strong></span> <span class='ocrx_word' id='word_1_402' title='bbox 1053 3979 1145 4016; x_wconf 84' lang='lat' dir='ltr'><strong>nec</strong></span> <span class='ocrx_word' id='word_1_403' title='bbox 1173 3962 1483 4025; x_wconf 83' lang='lat' dir='ltr'><strong>dormirent,</strong></span> <span class='ocrx_word' id='word_1_404' title='bbox 1505 3965 1552 4018; x_wconf 89' lang='lat' dir='ltr'><strong>si</strong></span> <span class='ocrx_word' id='word_1_405' title='bbox 1581 3966 1905 4019; x_wconf 85' lang='lat' dir='ltr'><strong>immortales</strong></span> <span class='ocrx_word' id='word_1_406' title='bbox 1932 3983 1995 4019; x_wconf 85' lang='lat' dir='ltr'><strong>ac</strong></span> 
     </span>
    </p>
   </div>
   <div class='ocr_carea' id='block_1_59' title="bbox 417 4034 1637 4103">
    <p class='ocr_par' dir='ltr' id='par_1_59' title="bbox 417 4034 1637 4103">
     <span class='ocr_line' id='line_1_59' title="bbox 417 4034 1637 4103; baseline 0.001 -16"><span class='ocrx_word' id='word_1_407' title='bbox 417 4034 619 4089; x_wconf 80' lang='lat' dir='ltr'><strong>nullius</strong></span> <span class='ocrx_word' id='word_1_408' title='bbox 664 4035 740 4103; x_wconf 75' lang='lat' dir='ltr'><strong>rei</strong></span> <span class='ocrx_word' id='word_1_409' title='bbox 770 4034 913 4103; x_wconf 89' lang='lat' dir='ltr'><strong>egeni</strong></span> <span class='ocrx_word' id='word_1_410' title='bbox 930 4102 933 4103; x_wconf 16' lang='grc' dir='ltr'><em>ν</em></span> <span class='ocrx_word' id='word_1_411' title='bbox 954 4043 1003 4085; x_wconf 90' lang='lat' dir='ltr'><strong>et</strong></span> <span class='ocrx_word' id='word_1_412' title='bbox 1033 4034 1165 4086; x_wconf 84' lang='lat' dir='ltr'><strong>senii</strong></span> <span class='ocrx_word' id='word_1_413' title='bbox 1186 4044 1419 4103; x_wconf 78' lang='lat' dir='ltr'><strong>expertes</strong></span> <span class='ocrx_word' id='word_1_414' title='bbox 1448 4044 1637 4088; x_wconf 82' lang='lat' dir='ltr'><strong>essent.</strong></span> 
     </span>
    </p>
   </div>
   <div class='ocr_carea' id='block_1_60' title="bbox 491 4101 1996 4175">
    <p class='ocr_par' dir='ltr' id='par_1_60' title="bbox 491 4101 1996 4175">
     <span class='ocr_line' id='line_1_60' title="bbox 491 4101 1996 4175; baseline 0.005 -20"><span class='ocrx_word' id='word_1_415' title='bbox 491 4103 601 4175; x_wconf 81' lang='lat'><strong>(7&#39;5)</strong></span> <span class='ocrx_word' id='word_1_416' title='bbox 642 4101 775 4168; x_wconf 86' lang='grc' dir='ltr'><strong>Πῶς</strong></span> <span class='ocrx_word' id='word_1_417' title='bbox 801 4101 941 4175; x_wconf 64' lang='grc' dir='ltr'><strong>οὐχὶ</strong></span> <span class='ocrx_word' id='word_1_418' title='bbox 988 4105 1223 4169; x_wconf 68' lang='grc' dir='ltr'><strong>θνητός.</strong></span> <span class='ocrx_word' id='word_1_419' title='bbox 1252 4101 1332 4158; x_wconf 83' lang='lat' dir='ltr'><strong>De</strong></span> <span class='ocrx_word' id='word_1_420' title='bbox 1366 4106 1727 4175; x_wconf 62' lang='lat' dir='ltr'><strong>daemonibus,</strong></span> <span class='ocrx_word' id='word_1_421' title='bbox 1764 4106 1856 4175; x_wconf 88' lang='lat' dir='ltr'><strong>qui</strong></span> <span class='ocrx_word' id='word_1_422' title='bbox 1893 4106 1996 4162; x_wconf 85' lang='lat' dir='ltr'><strong>sub</strong></span> 
     </span>
    </p>
   </div>
   <div class='ocr_carea' id='block_1_61' title="bbox 419 4166 1991 4244">
    <p class='ocr_par' dir='ltr' id='par_1_61' title="bbox 419 4166 1991 4244">
     <span class='ocr_line' id='line_1_61' title="bbox 419 4166 1991 4244; baseline 0.002 -15"><span class='ocrx_word' id='word_1_423' title='bbox 419 4166 648 4244; x_wconf 81' lang='lat' dir='ltr'><strong>deorum</strong></span> <span class='ocrx_word' id='word_1_424' title='bbox 696 4166 1010 4244; x_wconf 78' lang='lat' dir='ltr'><strong>nominibus</strong></span> <span class='ocrx_word' id='word_1_425' title='bbox 1062 4166 1402 4242; x_wconf 81' lang='lat' dir='ltr'><strong>colebantur,</strong></span> <span class='ocrx_word' id='word_1_426' title='bbox 1450 4178 1648 4244; x_wconf 86' lang='lat' dir='ltr'><strong>quarit</strong></span> <span class='ocrx_word' id='word_1_427' title='bbox 1691 4166 1991 4239; x_wconf 76' lang='lat' dir='ltr'><strong>Tatianus.</strong></span> 
     </span>
    </p>
   </div>
   <div class='ocr_carea' id='block_1_62' title="bbox 420 4242 1996 4317">
    <p class='ocr_par' dir='ltr' id='par_1_62' title="bbox 420 4242 1996 4317">
     <span class='ocr_line' id='line_1_62' title="bbox 420 4242 1996 4317; baseline 0.001 -18"><span class='ocrx_word' id='word_1_428' title='bbox 420 4243 693 4317; x_wconf 84' lang='lat' dir='ltr'><strong>quomodo</strong></span> <span class='ocrx_word' id='word_1_429' title='bbox 714 4242 1561 4317; x_wconf 10' lang='lat' dir='ltr'><strong>non_esistimenturimortales;</strong></span> <span class='ocrx_word' id='word_1_430' title='bbox 1596 4262 1703 4300; x_wconf 91' lang='lat' dir='ltr'><strong>non</strong></span> <span class='ocrx_word' id='word_1_431' title='bbox 1727 4247 1869 4317; x_wconf 92' lang='lat' dir='ltr'><strong>quod</strong></span> <span class='ocrx_word' id='word_1_432' title='bbox 1900 4262 1996 4301; x_wconf 83' lang='lat' dir='ltr'><strong>eos</strong></span> 
     </span>
    </p>
   </div>
   <div class='ocr_carea' id='block_1_63' title="bbox 420 4312 1995 4383">
    <p class='ocr_par' dir='ltr' id='par_1_63' title="bbox 420 4312 1995 4383">
     <span class='ocr_line' id='line_1_63' title="bbox 420 4312 1995 4383; baseline 0 -14"><span class='ocrx_word' id='word_1_433' title='bbox 420 4312 681 4369; x_wconf 78' lang='lat' dir='ltr'><strong>mortales</strong></span> <span class='ocrx_word' id='word_1_434' title='bbox 713 4312 981 4372; x_wconf 87' lang='lat' dir='ltr'><strong>crederet.</strong></span> <span class='ocrx_word' id='word_1_435' title='bbox 1032 4314 1125 4367; x_wconf 89' lang='lat' dir='ltr'><strong>sed</strong></span> <span class='ocrx_word' id='word_1_436' title='bbox 1168 4316 1294 4383; x_wconf 87' lang='lat' dir='ltr'><strong>quia</strong></span> <span class='ocrx_word' id='word_1_437' title='bbox 1334 4316 1457 4370; x_wconf 90' lang='lat' dir='ltr'><strong>illos</strong></span> <span class='ocrx_word' id='word_1_438' title='bbox 1501 4330 1592 4383; x_wconf 88' lang='lat' dir='ltr'><strong>per</strong></span> <span class='ocrx_word' id='word_1_439' title='bbox 1634 4312 1799 4370; x_wconf 63' lang='lat' dir='ltr'><strong>tota&#39;m</strong></span> <span class='ocrx_word' id='word_1_440' title='bbox 1832 4318 1995 4371; x_wconf 84' lang='lat' dir='ltr'><strong>vitam</strong></span> 
     </span>
    </p>
   </div>
   <div class='ocr_carea' id='block_1_64' title="bbox 420 4383 1994 4458">
    <p class='ocr_par' dir='ltr' id='par_1_64' title="bbox 420 4383 1994 4458">
     <span class='ocr_line' id='line_1_64' title="bbox 420 4383 1994 4458; baseline 0.003 -21"><span class='ocrx_word' id='word_1_441' title='bbox 420 4388 577 4451; x_wconf 86' lang='lat' dir='ltr'><strong>mori,</strong></span> <span class='ocrx_word' id='word_1_442' title='bbox 615 4392 673 4437; x_wconf 91' lang='lat' dir='ltr'><strong>ut</strong></span> <span class='ocrx_word' id='word_1_443' title='bbox 704 4384 780 4437; x_wconf 87' lang='lat' dir='ltr'><strong>ait</strong></span> <span class='ocrx_word' id='word_1_444' title='bbox 817 4399 873 4436; x_wconf 84' lang='grc' dir='ltr'><strong>η.</strong></span> <span class='ocrx_word' id='word_1_445' title='bbox 1040 4400 1102 4436; x_wconf 89' lang='lat' dir='ltr'><strong>ac</strong></span> <span class='ocrx_word' id='word_1_446' title='bbox 1136 4387 1286 4458; x_wconf 72' lang='lat' dir='ltr'><strong>toties</strong></span> <span class='ocrx_word' id='word_1_447' title='bbox 1323 4386 1755 4458; x_wconf 11' lang='lat' dir='ltr'><strong>moriﬂputabat,</strong></span> <span class='ocrx_word' id='word_1_448' title='bbox 1790 4388 1994 4458; x_wconf 85' lang='lat' dir='ltr'><strong>quoties</strong></span> 
     </span>
    </p>
   </div>
   <div class='ocr_carea' id='block_1_65' title="bbox 420 4454 1611 4523">
    <p class='ocr_par' dir='ltr' id='par_1_65' title="bbox 420 4454 1611 4523">
     <span class='ocr_line' id='line_1_65' title="bbox 420 4454 1611 4523; baseline 0.003 -15"><span class='ocrx_word' id='word_1_449' title='bbox 420 4465 706 4509; x_wconf 81' lang='lat' dir='ltr'><strong>sectatores</strong></span> <span class='ocrx_word' id='word_1_450' title='bbox 739 4471 862 4508; x_wconf 82' lang='lat' dir='ltr'><strong>suos</strong></span> <span class='ocrx_word' id='word_1_451' title='bbox 892 4454 960 4507; x_wconf 90' lang='lat' dir='ltr'><strong>ad</strong></span> <span class='ocrx_word' id='word_1_452' title='bbox 991 4456 1312 4523; x_wconf 85' lang='lat' dir='ltr'><strong>peccandum</strong></span> <span class='ocrx_word' id='word_1_453' title='bbox 1340 4454 1611 4511; x_wconf 84' lang='lat' dir='ltr'><strong>erudiunt.</strong></span> 
     </span>
    </p>
   </div>
   <div class='ocr_carea' id='block_1_66' title="bbox 2089 1909 3665 1986">
    <p class='ocr_par' dir='ltr' id='par_1_66' title="bbox 2089 1909 3665 1986">
     <span class='ocr_line' id='line_1_66' title="bbox 2089 1909 3665 1986; baseline -0.006 -16"><span class='ocrx_word' id='word_1_454' title='bbox 2089 1913 2119 1965; x_wconf 85' lang='grc' dir='ltr'><strong>ὁ</strong></span> <span class='ocrx_word' id='word_1_455' title='bbox 2153 1914 2253 1983; x_wconf 80' lang='grc' dir='ltr'><strong>μὲν</strong></span> <span class='ocrx_word' id='word_1_456' title='bbox 2286 1914 2380 1968; x_wconf 84' lang='grc' dir='ltr'><strong>ἀπ’</strong></span> <span class='ocrx_word' id='word_1_457' title='bbox 2417 1914 2597 1969; x_wconf 85' lang='grc' dir='ltr'><strong>αὐτῶν</strong></span> <span class='ocrx_word' id='word_1_458' title='bbox 2641 1914 2866 1981; x_wconf 73' lang='grc' dir='ltr'><strong>ἔσωζεν,</strong></span> <span class='ocrx_word' id='word_1_459' title='bbox 2894 1916 2928 1986; x_wconf 80' lang='grc' dir='ltr'><strong>ἡ</strong></span> <span class='ocrx_word' id='word_1_460' title='bbox 2972 1915 3030 1968; x_wconf 84' lang='grc' dir='ltr'><strong>δὲ</strong></span> <span class='ocrx_word' id='word_1_461' title='bbox 3069 1914 3177 1969; x_wconf 85' lang='grc' dir='ltr'><strong>ἀπὸ</strong></span> <span class='ocrx_word' id='word_1_462' title='bbox 3214 1914 3322 1968; x_wconf 85' lang='grc' dir='ltr'><strong>τῶν</strong></span> <span class='ocrx_word' id='word_1_463' title='bbox 3360 1912 3555 1983; x_wconf 83' lang='grc' dir='ltr'><strong>ὁμοίων</strong></span> <span class='ocrx_word' id='word_1_464' title='bbox 3580 1909 3665 1962; x_wconf 83' lang='grc' dir='ltr'><strong>λύ-</strong></span> 
     </span>
    </p>
   </div>
   <div class='ocr_carea' id='block_1_67' title="bbox 2091 2001 3667 2079">
    <p class='ocr_par' dir='ltr' id='par_1_67' title="bbox 2091 2001 3667 2079">
     <span class='ocr_line' id='line_1_67' title="bbox 2091 2001 3667 2079; baseline -0.002 -21"><span class='ocrx_word' id='word_1_465' title='bbox 2091 2004 2235 2077; x_wconf 92' lang='grc' dir='ltr'><strong>θρων</strong></span> <span class='ocrx_word' id='word_1_466' title='bbox 2269 2006 2714 2079; x_wconf 84' lang='grc' dir='ltr'><strong>ἀνθρωποκτόνος</strong></span> <span class='ocrx_word' id='word_1_467' title='bbox 2749 2007 2845 2061; x_wconf 71' lang='grc' dir='ltr'><strong>καὶ</strong></span> <span class='ocrx_word' id='word_1_468' title='bbox 2882 2006 3242 2078; x_wconf 73' lang='grc' dir='ltr'><strong>πολεμοποιὸς</strong></span> <span class='ocrx_word' id='word_1_469' title='bbox 3280 2005 3506 2074; x_wconf 80' lang='grc' dir='ltr'><strong>ἐγίνετο.</strong></span> <span class='ocrx_word' id='word_1_470' title='bbox 3534 2001 3667 2056; x_wconf 81' lang='grc' dir='ltr'><strong>Ταύ-</strong></span> 
     </span>
    </p>
   </div>
   <div class='ocr_carea' id='block_1_68' title="bbox 2091 2095 3665 2171">
    <p class='ocr_par' dir='ltr' id='par_1_68' title="bbox 2091 2095 3665 2171">
     <span class='ocr_line' id='line_1_68' title="bbox 2091 2095 3665 2171; baseline -0.003 -20"><span class='ocrx_word' id='word_1_471' title='bbox 2091 2115 2192 2168; x_wconf 90' lang='grc' dir='ltr'><strong>την</strong></span> <span class='ocrx_word' id='word_1_472' title='bbox 2219 2116 2311 2169; x_wconf 87' lang='grc' dir='ltr'><strong>μοι</strong></span> <span class='ocrx_word' id='word_1_473' title='bbox 2343 2098 2453 2170; x_wconf 83' lang='grc'>(76)</span> <span class='ocrx_word' id='word_1_474' title='bbox 2484 2098 2735 2153; x_wconf 74' lang='grc' dir='ltr'><strong>δοκοῦσιν</strong></span> <span class='ocrx_word' id='word_1_475' title='bbox 2770 2098 3044 2171; x_wconf 80' lang='grc' dir='ltr'><strong>Ἀθηναῖοι</strong></span> <span class='ocrx_word' id='word_1_476' title='bbox 3080 2097 3156 2169; x_wconf 81' lang='grc' dir='ltr'><strong>μὴ</strong></span> <span class='ocrx_word' id='word_1_477' title='bbox 3189 2096 3539 2169; x_wconf 73' lang='grc' dir='ltr'><strong>βουληθέντες</strong></span> <span class='ocrx_word' id='word_1_478' title='bbox 3557 2095 3665 2147; x_wconf 88' lang='grc' dir='ltr'><strong>δια-</strong></span> 
     </span>
    </p>
   </div>
   <div class='ocr_carea' id='block_1_69' title="bbox 2092 2186 3666 2263">
    <p class='ocr_par' dir='ltr' id='par_1_69' title="bbox 2092 2186 3666 2263">
     <span class='ocr_line' id='line_1_69' title="bbox 2092 2186 3666 2263; baseline -0.004 -19"><span class='ocrx_word' id='word_1_479' title='bbox 2092 2191 2327 2256; x_wconf 74' lang='grc' dir='ltr'><strong>ϐάλλειν,</strong></span> <span class='ocrx_word' id='word_1_480' title='bbox 2351 2192 2446 2245; x_wconf 74' lang='grc' dir='ltr'><strong>καὶ</strong></span> <span class='ocrx_word' id='word_1_481' title='bbox 2476 2192 2569 2245; x_wconf 80' lang='grc' dir='ltr'><strong>τὸν</strong></span> <span class='ocrx_word' id='word_1_482' title='bbox 2596 2192 2704 2246; x_wconf 85' lang='grc' dir='ltr'><strong>ἀπὸ</strong></span> <span class='ocrx_word' id='word_1_483' title='bbox 2740 2192 2839 2263; x_wconf 83' lang='grc' dir='ltr'><strong>τῆς</strong></span> <span class='ocrx_word' id='word_1_484' title='bbox 2883 2192 3182 2262; x_wconf 82' lang='grc' dir='ltr'><strong>Ἡφαίστου</strong></span> <span class='ocrx_word' id='word_1_485' title='bbox 3222 2189 3429 2260; x_wconf 78' lang='grc' dir='ltr'><strong>μίξεως</strong></span> <span class='ocrx_word' id='word_1_486' title='bbox 3459 2186 3666 2255; x_wconf 86' lang='grc' dir='ltr'><strong>γινόμε-</strong></span> 
     </span>
    </p>
   </div>
   <div class='ocr_carea' id='block_1_70' title="bbox 2090 2281 3664 2358">
    <p class='ocr_par' dir='ltr' id='par_1_70' title="bbox 2090 2281 3664 2358">
     <span class='ocr_line' id='line_1_70' title="bbox 2090 2281 3664 2358; baseline -0.002 -20"><span class='ocrx_word' id='word_1_487' title='bbox 2090 2302 2180 2339; x_wconf 92' lang='grc' dir='ltr'><strong>νον</strong></span> <span class='ocrx_word' id='word_1_488' title='bbox 2212 2288 2274 2357; x_wconf 81' lang='grc' dir='ltr'><strong>τῇ</strong></span> <span class='ocrx_word' id='word_1_489' title='bbox 2300 2288 2371 2358; x_wconf 78' lang='grc' dir='ltr'><strong>γῇ</strong></span> <span class='ocrx_word' id='word_1_490' title='bbox 2400 2286 2756 2357; x_wconf 88' lang='grc' dir='ltr'><strong>προσάπτειν,</strong></span> <span class='ocrx_word' id='word_1_491' title='bbox 2794 2287 2883 2341; x_wconf 74' lang='grc' dir='ltr'><strong>ἵνα</strong></span> <span class='ocrx_word' id='word_1_492' title='bbox 2924 2286 3000 2358; x_wconf 83' lang='grc' dir='ltr'><strong>μὴ</strong></span> <span class='ocrx_word' id='word_1_493' title='bbox 3033 2282 3325 2356; x_wconf 76' lang='grc' dir='ltr'><strong>νομίζηται</strong></span> <span class='ocrx_word' id='word_1_494' title='bbox 3360 2282 3599 2352; x_wconf 83' lang='grc' dir='ltr'><strong>καθάπερ</strong></span> <span class='ocrx_word' id='word_1_495' title='bbox 3630 2281 3664 2349; x_wconf 80' lang='grc' dir='ltr'>ἡ</span> 
     </span>
    </p>
   </div>
   <div class='ocr_carea' id='block_1_71' title="bbox 2104 2372 3667 2454">
    <p class='ocr_par' dir='ltr' id='par_1_71' title="bbox 2104 2372 3667 2454">
     <span class='ocr_line' id='line_1_71' title="bbox 2104 2372 3667 2454; baseline -0.006 -20"><span class='ocrx_word' id='word_1_496' title='bbox 2104 2381 2401 2453; x_wconf 83' lang='grc' dir='ltr'><strong>Ἀταλάντη</strong></span> <span class='ocrx_word' id='word_1_497' title='bbox 2431 2382 2518 2436; x_wconf 90' lang='grc' dir='ltr'><strong>διά</strong></span> <span class='ocrx_word' id='word_1_498' title='bbox 2536 2383 2625 2437; x_wconf 82' lang='grc' dir='ltr'><strong>τὸν</strong></span> <span class='ocrx_word' id='word_1_499' title='bbox 2656 2381 2996 2454; x_wconf 82' lang='grc' dir='ltr'><strong>Μελέαγρον,</strong></span> <span class='ocrx_word' id='word_1_500' title='bbox 3016 2379 3160 2434; x_wconf 71' lang='grc' dir='ltr'><strong>οὕτω</strong></span> <span class='ocrx_word' id='word_1_501' title='bbox 3180 2378 3276 2433; x_wconf 71' lang='grc' dir='ltr'><strong>καὶ</strong></span> <span class='ocrx_word' id='word_1_502' title='bbox 3296 2381 3331 2449; x_wconf 85' lang='grc' dir='ltr'><strong>ή</strong></span> <span class='ocrx_word' id='word_1_503' title='bbox 3373 2376 3564 2446; x_wconf 81' lang='grc' dir='ltr'><strong>Ἀθηνᾶ</strong></span> <span class='ocrx_word' id='word_1_504' title='bbox 3587 2372 3667 2426; x_wconf 69' lang='grc' dir='ltr'><strong>διὰ</strong></span> 
     </span>
    </p>
   </div>
   <div class='ocr_carea' id='block_1_72' title="bbox 2090 2465 3663 2547">
    <p class='ocr_par' dir='ltr' id='par_1_72' title="bbox 2090 2465 3663 2547">
     <span class='ocr_line' id='line_1_72' title="bbox 2090 2465 3663 2547; baseline -0.005 -20"><span class='ocrx_word' id='word_1_505' title='bbox 2090 2474 2179 2528; x_wconf 81' lang='grc' dir='ltr'><strong>τὸν</strong></span> <span class='ocrx_word' id='word_1_506' title='bbox 2196 2474 2497 2541; x_wconf 81' lang='grc' dir='ltr'><strong>Ἥφαιστον</strong></span> <span class='ocrx_word' id='word_1_507' title='bbox 2524 2474 2625 2546; x_wconf 83' lang='grc' dir='ltr'><strong>τῆς</strong></span> <span class='ocrx_word' id='word_1_508' title='bbox 2652 2474 2904 2547; x_wconf 85' lang='grc' dir='ltr'><strong>ἀνδρείας</strong></span> <span class='ocrx_word' id='word_1_509' title='bbox 2941 2472 3052 2545; x_wconf 87' lang='grc'>(77)</span> <span class='ocrx_word' id='word_1_510' title='bbox 3091 2468 3443 2543; x_wconf 77' lang='grc' dir='ltr'><strong>ἐστερῆσθαι.</strong></span> <span class='ocrx_word' id='word_1_511' title='bbox 3486 2468 3541 2523; x_wconf 89' lang='lat'><strong>&#39;0</strong></span> <span class='ocrx_word' id='word_1_512' title='bbox 3568 2465 3663 2539; x_wconf 73' lang='grc' dir='ltr'><strong>γὰρ</strong></span> 
     </span>
    </p>
   </div>
   <div class='ocr_carea' id='block_1_73' title="bbox 2092 2559 3664 2637">
    <p class='ocr_par' dir='ltr' id='par_1_73' title="bbox 2092 2559 3664 2637">
     <span class='ocr_line' id='line_1_73' title="bbox 2092 2559 3664 2637; baseline -0.004 -18"><span class='ocrx_word' id='word_1_513' title='bbox 2092 2566 2458 2636; x_wconf 79' lang='grc' dir='ltr'><strong>ἀμφιγυήεις,</strong></span> <span class='ocrx_word' id='word_1_514' title='bbox 2521 2564 2597 2631; x_wconf 85' lang='grc' dir='ltr'><strong>ὡς</strong></span> <span class='ocrx_word' id='word_1_515' title='bbox 2647 2566 2813 2630; x_wconf 73' lang='grc' dir='ltr'><strong>εἰκὸς,</strong></span> <span class='ocrx_word' id='word_1_516' title='bbox 2867 2567 2897 2620; x_wconf 93' lang='lat'><strong>6</strong></span> <span class='ocrx_word' id='word_1_517' title='bbox 2948 2565 3166 2637; x_wconf 79' lang='grc' dir='ltr'><strong>πόρπας</strong></span> <span class='ocrx_word' id='word_1_518' title='bbox 3230 2560 3328 2617; x_wconf 82' lang='grc' dir='ltr'><strong>καὶ</strong></span> <span class='ocrx_word' id='word_1_519' title='bbox 3393 2559 3664 2631; x_wconf 75' lang='grc' dir='ltr'><strong>γναμπτάς</strong></span> 
     </span>
    </p>
   </div>
   <div class='ocr_carea' id='block_1_74' title="bbox 2095 2652 3661 2730">
    <p class='ocr_par' dir='ltr' id='par_1_74' title="bbox 2095 2652 3661 2730">
     <span class='ocr_line' id='line_1_74' title="bbox 2095 2652 3661 2730; baseline -0.004 -20"><span class='ocrx_word' id='word_1_520' title='bbox 2095 2656 2204 2728; x_wconf 88' lang='grc'>(78)</span> <span class='ocrx_word' id='word_1_521' title='bbox 2236 2657 2423 2722; x_wconf 74' lang='grc' dir='ltr'><strong>ἕλικας</strong></span> <span class='ocrx_word' id='word_1_522' title='bbox 2454 2656 2825 2730; x_wconf 84' lang='grc' dir='ltr'><strong>δημιουργῶν,</strong></span> <span class='ocrx_word' id='word_1_523' title='bbox 2854 2660 2965 2723; x_wconf 83' lang='grc' dir='ltr'><strong>τοῖς</strong></span> <span class='ocrx_word' id='word_1_524' title='bbox 3004 2654 3390 2730; x_wconf 87' lang='grc' dir='ltr'><strong>κοροκοσμίοις</strong></span> <span class='ocrx_word' id='word_1_525' title='bbox 3426 2652 3661 2723; x_wconf 81' lang='grc' dir='ltr'><strong>ὴπάτησε</strong></span> 
     </span>
    </p>
   </div>
   <div class='ocr_carea' id='block_1_75' title="bbox 2092 2741 3660 2822">
    <p class='ocr_par' dir='ltr' id='par_1_75' title="bbox 2092 2741 3660 2822">
     <span class='ocr_line' id='line_1_75' title="bbox 2092 2741 3660 2822; baseline -0.006 -19"><span class='ocrx_word' id='word_1_526' title='bbox 2092 2748 2190 2821; x_wconf 81' lang='grc' dir='ltr'><strong>τὴν</strong></span> <span class='ocrx_word' id='word_1_527' title='bbox 2235 2749 2489 2822; x_wconf 86' lang='grc' dir='ltr'><strong>ἀμήτορα</strong></span> <span class='ocrx_word' id='word_1_528' title='bbox 2510 2749 2677 2804; x_wconf 85' lang='grc' dir='ltr'><strong>παῖδα</strong></span> <span class='ocrx_word' id='word_1_529' title='bbox 2714 2749 2809 2804; x_wconf 81' lang='grc' dir='ltr'><strong>καὶ</strong></span> <span class='ocrx_word' id='word_1_530' title='bbox 2842 2750 3107 2821; x_wconf 66' lang='grc' dir='ltr'><strong>ὀρφανὴν.</strong></span> <span class='ocrx_word' id='word_1_531' title='bbox 3145 2745 3422 2801; x_wconf 82' lang='grc' dir='ltr'><strong>Ποσειδῶν</strong></span> <span class='ocrx_word' id='word_1_532' title='bbox 3455 2741 3660 2798; x_wconf 84' lang='grc' dir='ltr'><strong>ναυτίλ-</strong></span> 
     </span>
    </p>
   </div>
   <div class='ocr_carea' id='block_1_76' title="bbox 2092 2829 3667 2912">
    <p class='ocr_par' dir='ltr' id='par_1_76' title="bbox 2092 2829 3667 2912">
     <span class='ocr_line' id='line_1_76' title="bbox 2092 2829 3667 2912; baseline -0.006 -21"><span class='ocrx_word' id='word_1_533' title='bbox 2092 2838 2266 2903; x_wconf 88' lang='grc' dir='ltr'><strong>λεται,</strong></span> <span class='ocrx_word' id='word_1_534' title='bbox 2307 2840 2566 2910; x_wconf 83' lang='grc' dir='ltr'><strong>πολέμοις</strong></span> <span class='ocrx_word' id='word_1_535' title='bbox 2615 2841 2791 2912; x_wconf 77' lang='grc' dir='ltr'><strong>’Δρης</strong></span> <span class='ocrx_word' id='word_1_536' title='bbox 2842 2838 3053 2911; x_wconf 79' lang='grc' dir='ltr'><strong>ἥδεται,</strong></span> <span class='ocrx_word' id='word_1_537' title='bbox 3090 2836 3416 2908; x_wconf 85' lang='grc' dir='ltr'><strong>κιθαριστής</strong></span> <span class='ocrx_word' id='word_1_538' title='bbox 3458 2835 3597 2886; x_wconf 74' lang='grc' dir='ltr'><strong>ἐστιν</strong></span> <span class='ocrx_word' id='word_1_539' title='bbox 3639 2829 3667 2880; x_wconf 82' lang='grc' dir='ltr'>ὁ</span> 
     </span>
    </p>
   </div>
   <div class='ocr_carea' id='block_1_77' title="bbox 2108 2925 3667 3004">
    <p class='ocr_par' dir='ltr' id='par_1_77' title="bbox 2108 2925 3667 3004">
     <span class='ocr_line' id='line_1_77' title="bbox 2108 2925 3667 3004; baseline -0.002 -19"><span class='ocrx_word' id='word_1_540' title='bbox 2108 2932 2411 2987; x_wconf 79' lang='grc' dir='ltr'><strong>Ἀπόλλων·</strong></span> <span class='ocrx_word' id='word_1_541' title='bbox 2446 2932 2706 3003; x_wconf 78' lang='grc' dir='ltr'><strong>Θηϐαίοις</strong></span> <span class='ocrx_word' id='word_1_542' title='bbox 2726 2933 2978 2996; x_wconf 87' lang='grc' dir='ltr'><strong>Διόνυσος</strong></span> <span class='ocrx_word' id='word_1_543' title='bbox 3010 2931 3293 3004; x_wconf 77' lang='grc' dir='ltr'><strong>τυραννεῖ·</strong></span> <span class='ocrx_word' id='word_1_544' title='bbox 3338 2925 3543 2999; x_wconf 82' lang='grc' dir='ltr'><strong>Κρόνος</strong></span> <span class='ocrx_word' id='word_1_545' title='bbox 3580 2938 3667 2976; x_wconf 76' lang='grc' dir='ltr'><strong>τυ-</strong></span> 
     </span>
    </p>
   </div>
   <div class='ocr_carea' id='block_1_78' title="bbox 2099 3014 3667 3097">
    <p class='ocr_par' dir='ltr' id='par_1_78' title="bbox 2099 3014 3667 3097">
     <span class='ocr_line' id='line_1_78' title="bbox 2099 3014 3667 3097; baseline -0.008 -19"><span class='ocrx_word' id='word_1_546' title='bbox 2099 3027 2443 3095; x_wconf 81' lang='grc' dir='ltr'><strong>ραννοκτονετ</strong></span> <span class='ocrx_word' id='word_1_547' title='bbox 2471 3025 2602 3097; x_wconf 87' lang='grc'>(79).</span> <span class='ocrx_word' id='word_1_548' title='bbox 2622 3025 2759 3089; x_wconf 82' lang='grc' dir='ltr'><strong>Ζεὺς</strong></span> <span class='ocrx_word' id='word_1_549' title='bbox 2781 3023 2878 3079; x_wconf 66' lang='grc' dir='ltr'><strong>κα)⁵</strong></span> <span class='ocrx_word' id='word_1_550' title='bbox 2907 3022 3139 3096; x_wconf 63' lang='grc' dir='ltr'><strong>θυγατρί¹</strong></span> <span class='ocrx_word' id='word_1_551' title='bbox 3167 3020 3502 3091; x_wconf 84' lang='grc' dir='ltr'><strong>συγγίνεται,</strong></span> <span class='ocrx_word' id='word_1_552' title='bbox 3524 3014 3667 3085; x_wconf 62' lang='lat' dir='ltr'><strong>nali)</strong></span> 
     </span>
    </p>
   </div>
   <div class='ocr_carea' id='block_1_79' title="bbox 2019 3107 3667 3219">
    <p class='ocr_par' dir='ltr' id='par_1_79' title="bbox 2019 3107 3667 3219">
     <span class='ocr_line' id='line_1_79' title="bbox 2019 3107 3667 3219; baseline -0.008 -47"><span class='ocrx_word' id='word_1_553' title='bbox 2019 3156 2066 3219; x_wconf 66' lang='grc' dir='ltr'>ϐ</span> <span class='ocrx_word' id='word_1_554' title='bbox 2095 3115 2342 3188; x_wconf 87' lang='grc' dir='ltr'><strong>θυγάτηρ</strong></span> <span class='ocrx_word' id='word_1_555' title='bbox 2372 3117 2467 3171; x_wconf 81' lang='grc' dir='ltr'><strong>ἀπ’</strong></span> <span class='ocrx_word' id='word_1_556' title='bbox 2498 3116 2661 3170; x_wconf 88' lang='grc' dir='ltr'><strong>αύτοῦ</strong></span> <span class='ocrx_word' id='word_1_557' title='bbox 2686 3115 2827 3170; x_wconf 88' lang='grc' dir='ltr'><strong>κύει.</strong></span> <span class='ocrx_word' id='word_1_558' title='bbox 2859 3114 3217 3187; x_wconf 86' lang='grc' dir='ltr'><strong>Μαρτυρήσει</strong></span> <span class='ocrx_word' id='word_1_559' title='bbox 3250 3130 3343 3183; x_wconf 87' lang='grc' dir='ltr'><strong>μοι</strong></span> <span class='ocrx_word' id='word_1_560' title='bbox 3368 3110 3462 3164; x_wconf 77' lang='grc' dir='ltr'><strong>νῦν</strong></span> <span class='ocrx_word' id='word_1_561' title='bbox 3498 3107 3667 3161; x_wconf 82' lang='grc' dir='ltr'><strong>Ἐλευ-</strong></span> 
     </span>
    </p>
   </div>
   <div class='ocr_carea' id='block_1_80' title="bbox 2100 3203 3400 3279">
    <p class='ocr_par' dir='ltr' id='par_1_80' title="bbox 2100 3203 3400 3279">
     <span class='ocr_line' id='line_1_80' title="bbox 2100 3203 3400 3279; baseline -0.005 -17"><span class='ocrx_word' id='word_1_562' title='bbox 2100 3209 2207 3275; x_wconf 75' lang='grc' dir='ltr'><strong>σὶς,</strong></span> <span class='ocrx_word' id='word_1_563' title='bbox 2240 3209 2335 3263; x_wconf 78' lang='grc' dir='ltr'><strong>καὶ</strong></span> <span class='ocrx_word' id='word_1_564' title='bbox 2350 3208 2574 3279; x_wconf 82' lang='grc' dir='ltr'><strong>Δράκων</strong></span> <span class='ocrx_word' id='word_1_565' title='bbox 2599 3209 2629 3261; x_wconf 87' lang='lat'><strong>6</strong></span> <span class='ocrx_word' id='word_1_566' title='bbox 2661 3208 2942 3279; x_wconf 75' lang='grc' dir='ltr'><strong>μυστικὸς,</strong></span> <span class='ocrx_word' id='word_1_567' title='bbox 2972 3206 3068 3259; x_wconf 73' lang='grc' dir='ltr'><strong>καὶ</strong></span> <span class='ocrx_word' id='word_1_568' title='bbox 3112 3204 3348 3276; x_wconf 81' lang='grc' dir='ltr'><strong>Ὀρφεὺς</strong></span> <span class='ocrx_word' id='word_1_569' title='bbox 3371 3203 3400 3255; x_wconf 96' lang='lat'><strong>6</strong></span> 
     </span>
    </p>
   </div>
   <div class='ocr_carea' id='block_1_81' title="bbox 2311 3294 3351 3367">
    <p class='ocr_par' dir='ltr' id='par_1_81' title="bbox 2311 3294 3351 3367">
     <span class='ocr_line' id='line_1_81' title="bbox 2311 3294 3351 3367; baseline -0.004 -14"><span class='ocrx_word' id='word_1_570' title='bbox 2311 3302 2503 3367; x_wconf 82' lang='grc' dir='ltr'><strong>Θύρας</strong></span> <span class='ocrx_word' id='word_1_571' title='bbox 2529 3299 2583 3352; x_wconf 82' lang='grc' dir='ltr'><strong>δ’</strong></span> <span class='ocrx_word' id='word_1_572' title='bbox 2609 3300 2887 3354; x_wconf 82' lang='grc' dir='ltr'><strong>ἐπίθεσθε</strong></span> <span class='ocrx_word' id='word_1_573' title='bbox 2911 3296 3201 3363; x_wconf 77' lang='grc' dir='ltr'><strong>βεϐήλοις</strong></span> <span class='ocrx_word' id='word_1_574' title='bbox 3236 3294 3351 3367; x_wconf 84' lang='grc'>(80)</span> 
     </span>
    </p>
   </div>
   <div class='ocr_carea' id='block_1_82' title="bbox 2098 3380 3667 3462">
    <p class='ocr_par' dir='ltr' id='par_1_82' title="bbox 2098 3380 3667 3462">
     <span class='ocr_line' id='line_1_82' title="bbox 2098 3380 3667 3462; baseline -0.007 -18"><span class='ocrx_word' id='word_1_575' title='bbox 2098 3390 2289 3461; x_wconf 86' lang='grc' dir='ltr'><strong>λέγων.</strong></span> <span class='ocrx_word' id='word_1_576' title='bbox 2325 3391 2607 3454; x_wconf 72' lang='grc' dir='ltr'><strong>Ἀϊδωνεὺς</strong></span> <span class='ocrx_word' id='word_1_577' title='bbox 2649 3390 2884 3462; x_wconf 80' lang='grc' dir='ltr'><strong>ἁρπάζει</strong></span> <span class='ocrx_word' id='word_1_578' title='bbox 2916 3388 3017 3461; x_wconf 76' lang='grc' dir='ltr'><strong>τήν</strong></span> <span class='ocrx_word' id='word_1_579' title='bbox 3050 3387 3257 3460; x_wconf 86' lang='grc' dir='ltr'><strong>Κόρην,</strong></span> <span class='ocrx_word' id='word_1_580' title='bbox 3291 3387 3392 3440; x_wconf 73' lang='grc' dir='ltr'><strong>καὶ</strong></span> <span class='ocrx_word' id='word_1_581' title='bbox 3438 3384 3491 3439; x_wconf 77' lang='grc' dir='ltr'><strong>αἱ</strong></span> <span class='ocrx_word' id='word_1_582' title='bbox 3536 3380 3667 3453; x_wconf 87' lang='grc' dir='ltr'><strong>πρά-</strong></span> 
     </span>
    </p>
   </div>
   <div class='ocr_carea' id='block_1_83' title="bbox 2096 3545 2724 3615">
    <p class='ocr_par' dir='ltr' id='par_1_83' title="bbox 2096 3545 2724 3615">
     <span class='ocr_line' id='line_1_83' title="bbox 2096 3545 2724 3615; baseline 0 -14"><span class='ocrx_word' id='word_1_583' title='bbox 2096 3546 2251 3602; x_wconf 89' lang='lat' dir='ltr'><strong>litate</strong></span> <span class='ocrx_word' id='word_1_584' title='bbox 2283 3546 2376 3601; x_wconf 89' lang='lat' dir='ltr'><strong>illa</strong></span> <span class='ocrx_word' id='word_1_585' title='bbox 2410 3545 2724 3615; x_wconf 80' lang='lat' dir='ltr'><strong>spoliasset.</strong></span> 
     </span>
    </p>
   </div>
   <div class='ocr_carea' id='block_1_84' title="bbox 2167 3612 3667 3685">
    <p class='ocr_par' dir='ltr' id='par_1_84' title="bbox 2167 3612 3667 3685">
     <span class='ocr_line' id='line_1_84' title="bbox 2167 3612 3667 3685; baseline -0.003 -17"><span class='ocrx_word' id='word_1_586' title='bbox 2167 3617 2278 3685; x_wconf 89' lang='grc'>(78)</span> <span class='ocrx_word' id='word_1_587' title='bbox 2312 3612 2659 3685; x_wconf 61' lang='grc' dir='ltr'><strong>Γναξμπτάς.</strong></span> <span class='ocrx_word' id='word_1_588' title='bbox 2692 3614 2927 3685; x_wconf 15' lang='grc' dir='ltr'><strong>Βεείἰίεῑ</strong></span> <span class='ocrx_word' id='word_1_589' title='bbox 2960 3613 3120 3685; x_wconf 84' lang='lat' dir='ltr'><strong>Angl.</strong></span> <span class='ocrx_word' id='word_1_590' title='bbox 3152 3612 3425 3684; x_wconf 88' lang='grc' dir='ltr'><strong>γνάπτας.</strong></span> <span class='ocrx_word' id='word_1_591' title='bbox 3459 3613 3549 3669; x_wconf 87' lang='lat' dir='ltr'><strong>Sic</strong></span> <span class='ocrx_word' id='word_1_592' title='bbox 3578 3626 3667 3666; x_wconf 82' lang='lat' dir='ltr'><strong>na-</strong></span> 
     </span>
    </p>
   </div>
   <div class='ocr_carea' id='block_1_85' title="bbox 2095 3684 3175 3745">
    <p class='ocr_par' dir='ltr' id='par_1_85' title="bbox 2095 3684 3175 3745">
     <span class='ocr_line' id='line_1_85' title="bbox 2095 3684 3175 3745; baseline -0.005 -4"><span class='ocrx_word' id='word_1_593' title='bbox 2095 3685 2227 3741; x_wconf 89' lang='lat' dir='ltr'><strong>bent</strong></span> <span class='ocrx_word' id='word_1_594' title='bbox 2263 3684 2485 3741; x_wconf 80' lang='lat' dir='ltr'><strong>Homeri</strong></span> <span class='ocrx_word' id='word_1_595' title='bbox 2509 3701 2704 3741; x_wconf 86' lang='lat' dir='ltr'><strong>versus</strong></span> <span class='ocrx_word' id='word_1_596' title='bbox 2738 3684 2809 3740; x_wconf 84' lang='lat' dir='ltr'><strong>Il.</strong></span> <span class='ocrx_word' id='word_1_597' title='bbox 2846 3684 2908 3745; x_wconf 86' lang='lat' dir='ltr'><strong>E,</strong></span> <span class='ocrx_word' id='word_1_598' title='bbox 2946 3700 2999 3739; x_wconf 82' lang='grc' dir='ltr'><strong>ν.</strong></span> <span class='ocrx_word' id='word_1_599' title='bbox 3030 3684 3124 3739; x_wconf 72' lang='grc'><strong>401</strong></span> <span class='ocrx_word' id='word_1_600' title='bbox 3162 3701 3175 3736; x_wconf 90' lang='lat'><strong>:</strong></span> 
     </span>
    </p>
   </div>
   <div class='ocr_carea' id='block_1_86' title="bbox 2168 3749 3663 3895">
    <p class='ocr_par' dir='ltr' id='par_1_86' title="bbox 2168 3749 3663 3895">
     <span class='ocr_line' id='line_1_86' title="bbox 2168 3749 3663 3895; baseline -0.005 -83"><span class='ocrx_word' id='word_1_601' title='bbox 2168 3757 2409 3826; x_wconf 82' lang='grc' dir='ltr'><strong>Πόρπας</strong></span> <span class='ocrx_word' id='word_1_602' title='bbox 2437 3771 2500 3809; x_wconf 88' lang='grc' dir='ltr'><strong>τε</strong></span> <span class='ocrx_word' id='word_1_603' title='bbox 2537 3756 2848 3825; x_wconf 74' lang='grc' dir='ltr'><strong>γναμπτὰς</strong></span> <span class='ocrx_word' id='word_1_604' title='bbox 2878 3754 3143 3822; x_wconf 74' lang='grc' dir='ltr'><strong>δ’ἐλικας</strong></span> <span class='ocrx_word' id='word_1_605' title='bbox 3180 3749 3663 3895; x_wconf 53' lang='grc' dir='ltr'><strong>κάλυκίῖςὲ</strong></span> 
     </span>
    </p>
   </div>
   <div class='ocr_carea' id='block_1_87' title="bbox 2096 3892 3668 3965">
    <p class='ocr_par' dir='ltr' id='par_1_87' title="bbox 2096 3892 3668 3965">
     <span class='ocr_line' id='line_1_87' title="bbox 2096 3892 3668 3965; baseline -0.005 -15"><span class='ocrx_word' id='word_1_606' title='bbox 2096 3895 2253 3952; x_wconf 83' lang='lat' dir='ltr'><strong>Hunc</strong></span> <span class='ocrx_word' id='word_1_607' title='bbox 2280 3894 2577 3965; x_wconf 91' lang='lat' dir='ltr'><strong>puellarem</strong></span> <span class='ocrx_word' id='word_1_608' title='bbox 2612 3896 2875 3949; x_wconf 91' lang='lat' dir='ltr'><strong>mundum</strong></span> <span class='ocrx_word' id='word_1_609' title='bbox 2918 3893 3201 3949; x_wconf 82' lang='lat' dir='ltr'><strong>Vulcanus</strong></span> <span class='ocrx_word' id='word_1_610' title='bbox 3242 3892 3668 3965; x_wconf 39' lang='lat' dir='ltr'><strong>Itiad.’l8._per</strong></span> 
     </span>
    </p>
   </div>
   <div class='ocr_carea' id='block_1_88' title="bbox 2094 3959 3666 4036">
    <p class='ocr_par' dir='ltr' id='par_1_88' title="bbox 2094 3959 3666 4036">
     <span class='ocr_line' id='line_1_88' title="bbox 2094 3959 3666 4036; baseline -0.004 -15"><span class='ocrx_word' id='word_1_611' title='bbox 2094 3959 2295 4022; x_wconf 72' lang='lat' dir='ltr'><strong>noveui</strong></span> <span class='ocrx_word' id='word_1_612' title='bbox 2324 3982 2498 4020; x_wconf 89' lang='lat' dir='ltr'><strong>annos</strong></span> <span class='ocrx_word' id='word_1_613' title='bbox 2529 3965 2672 4035; x_wconf 90' lang='lat' dir='ltr'><strong>apud</strong></span> <span class='ocrx_word' id='word_1_614' title='bbox 2719 3965 3065 4036; x_wconf 71' lang='lat' dir='ltr'><strong>Eurynomen</strong></span> <span class='ocrx_word' id='word_1_615' title='bbox 3122 3966 3423 4036; x_wconf 87' lang='lat' dir='ltr'><strong>nympham</strong></span> <span class='ocrx_word' id='word_1_616' title='bbox 3452 3970 3506 4020; x_wconf 87' lang='lat' dir='ltr'><strong>et</strong></span> <span class='ocrx_word' id='word_1_617' title='bbox 3534 3959 3666 4015; x_wconf 81' lang='lat' dir='ltr'><strong>The-</strong></span> 
     </span>
    </p>
   </div>
   <div class='ocr_carea' id='block_1_89' title="bbox 2094 4024 3067 4109">
    <p class='ocr_par' dir='ltr' id='par_1_89' title="bbox 2094 4024 3067 4109">
     <span class='ocr_line' id='line_1_89' title="bbox 2094 4024 3067 4109; baseline -0.003 -18"><span class='ocrx_word' id='word_1_618' title='bbox 2094 4036 2525 4109; x_wconf 26' lang='lat' dir='ltr'><strong>tyniiabricasse</strong></span> <span class='ocrx_word' id='word_1_619' title='bbox 2558 4024 2619 4090; x_wconf 76' lang='lat' dir='ltr'><strong>se</strong></span> <span class='ocrx_word' id='word_1_620' title='bbox 2648 4036 2802 4109; x_wconf 67' lang='lat' dir='ltr'><strong>dicit.</strong></span> <span class='ocrx_word' id='word_1_621' title='bbox 2830 4024 3067 4109; x_wconf 55' lang='lat' dir='ltr'><strong>Cgsann.</strong></span> 
     </span>
    </p>
   </div>
   <div class='ocr_carea' id='block_1_90' title="bbox 2164 4099 3665 4177">
    <p class='ocr_par' dir='ltr' id='par_1_90' title="bbox 2164 4099 3665 4177">
     <span class='ocr_line' id='line_1_90' title="bbox 2164 4099 3665 4177; baseline -0.003 -19"><span class='ocrx_word' id='word_1_622' title='bbox 2164 4107 2277 4177; x_wconf 86' lang='lat'><strong>(79)</strong></span> <span class='ocrx_word' id='word_1_623' title='bbox 2325 4105 2802 4177; x_wconf 69' lang='grc' dir='ltr'><strong>Τυραννοκτονεῒ.</strong></span> <span class='ocrx_word' id='word_1_624' title='bbox 2861 4104 3088 4160; x_wconf 85' lang='lat' dir='ltr'><strong>Frustra</strong></span> <span class='ocrx_word' id='word_1_625' title='bbox 3138 4103 3343 4159; x_wconf 87' lang='lat' dir='ltr'><strong>eruditi</strong></span> <span class='ocrx_word' id='word_1_626' title='bbox 3386 4103 3489 4177; x_wconf 81' lang='lat' dir='ltr'><strong>viri</strong></span> <span class='ocrx_word' id='word_1_627' title='bbox 3539 4099 3665 4177; x_wconf 77' lang='lat' dir='ltr'><strong>illud</strong></span> 
     </span>
    </p>
   </div>
   <div class='ocr_carea' id='block_1_91' title="bbox 2093 4172 3668 4248">
    <p class='ocr_par' dir='ltr' id='par_1_91' title="bbox 2093 4172 3668 4248">
     <span class='ocr_line' id='line_1_91' title="bbox 2093 4172 3668 4248; baseline -0.003 -17"><span class='ocrx_word' id='word_1_628' title='bbox 2093 4172 2506 4248; x_wconf 72' lang='grc' dir='ltr'><strong>τυραννοκτονεῖ</strong></span> <span class='ocrx_word' id='word_1_629' title='bbox 2537 4174 2679 4248; x_wconf 84' lang='lat' dir='ltr'><strong>idem</strong></span> <span class='ocrx_word' id='word_1_630' title='bbox 2723 4190 2876 4248; x_wconf 85' lang='lat' dir='ltr'><strong>esse_</strong></span> <span class='ocrx_word' id='word_1_631' title='bbox 2895 4183 3192 4248; x_wconf 11' lang='lat' dir='ltr'><strong>putantgac</strong></span> <span class='ocrx_word' id='word_1_632' title='bbox 3238 4175 3513 4248; x_wconf 73' lang='lat' dir='ltr'><strong>tyrannica</strong></span> <span class='ocrx_word' id='word_1_633' title='bbox 3540 4172 3668 4227; x_wconf 78' lang='lat' dir='ltr'><strong>occi-</strong></span> 
     </span>
    </p>
   </div>
   <div class='ocr_carea' id='block_1_92' title="bbox 2098 4244 3667 4311">
    <p class='ocr_par' dir='ltr' id='par_1_92' title="bbox 2098 4244 3667 4311">
     <span class='ocr_line' id='line_1_92' title="bbox 2098 4244 3667 4311; baseline -0.002 -11"><span class='ocrx_word' id='word_1_634' title='bbox 2098 4244 2199 4311; x_wconf 82' lang='lat' dir='ltr'><strong>dit,</strong></span> <span class='ocrx_word' id='word_1_635' title='bbox 2228 4248 2301 4303; x_wconf 93' lang='lat' dir='ltr'><strong>ob</strong></span> <span class='ocrx_word' id='word_1_636' title='bbox 2338 4246 2480 4302; x_wconf 84' lang='lat' dir='ltr'><strong>ﬁlios</strong></span> <span class='ocrx_word' id='word_1_637' title='bbox 2505 4246 2760 4301; x_wconf 82' lang='lat' dir='ltr'><strong>videlicet</strong></span> <span class='ocrx_word' id='word_1_638' title='bbox 2779 4262 2809 4299; x_wconf 91' lang='lat' dir='ltr'><strong>a</strong></span> <span class='ocrx_word' id='word_1_639' title='bbox 2845 4244 3081 4300; x_wconf 86' lang='lat' dir='ltr'><strong>Saturno</strong></span> <span class='ocrx_word' id='word_1_640' title='bbox 3101 4244 3416 4299; x_wconf 84' lang='lat' dir='ltr'><strong>immaniter</strong></span> <span class='ocrx_word' id='word_1_641' title='bbox 3439 4252 3667 4297; x_wconf 78' lang='lat' dir='ltr'><strong>voratus.</strong></span> 
     </span>
    </p>
   </div>
   <div class='ocr_carea' id='block_1_93' title="bbox 2096 4314 3670 4385">
    <p class='ocr_par' dir='ltr' id='par_1_93' title="bbox 2096 4314 3670 4385">
     <span class='ocr_line' id='line_1_93' title="bbox 2096 4314 3670 4385; baseline -0.002 -18"><span class='ocrx_word' id='word_1_642' title='bbox 2096 4318 2237 4373; x_wconf 79' lang='lat' dir='ltr'><strong>Cum</strong></span> <span class='ocrx_word' id='word_1_643' title='bbox 2262 4317 2407 4372; x_wconf 90' lang='lat' dir='ltr'><strong>enim</strong></span> <span class='ocrx_word' id='word_1_644' title='bbox 2446 4318 2587 4371; x_wconf 92' lang='lat' dir='ltr'><strong>hanc</strong></span> <span class='ocrx_word' id='word_1_645' title='bbox 2615 4315 3123 4385; x_wconf 83' lang='lat' dir='ltr'><strong>interpretationem</strong></span> <span class='ocrx_word' id='word_1_646' title='bbox 3166 4330 3273 4367; x_wconf 85' lang='lat' dir='ltr'><strong>vox</strong></span> <span class='ocrx_word' id='word_1_647' title='bbox 3325 4314 3515 4370; x_wconf 83' lang='lat' dir='ltr'><strong>Graca</strong></span> <span class='ocrx_word' id='word_1_648' title='bbox 3566 4328 3670 4385; x_wconf 83' lang='lat' dir='ltr'><strong>non</strong></span> 
     </span>
    </p>
   </div>
   <div class='ocr_carea' id='block_1_94' title="bbox 2097 4382 3668 4466">
    <p class='ocr_par' dir='ltr' id='par_1_94' title="bbox 2097 4382 3668 4466">
     <span class='ocr_line' id='line_1_94' title="bbox 2097 4382 3668 4466; baseline -0.004 -24"><span class='ocrx_word' id='word_1_649' title='bbox 2097 4390 2304 4466; x_wconf 63' lang='lat' dir='ltr'><strong>patitur</strong></span> <span class='ocrx_word' id='word_1_650' title='bbox 2325 4405 2356 4466; x_wconf 86' lang='lat'><strong>;_</strong></span> <span class='ocrx_word' id='word_1_651' title='bbox 2372 4396 2646 4466; x_wconf 39' lang='lat' dir='ltr'><strong>tu_m_\vero</strong></span> <span class='ocrx_word' id='word_1_652' title='bbox 2677 4382 2986 4466; x_wconf 63' lang='lat' dir='ltr'><strong>quidvetat</strong></span> <span class='ocrx_word' id='word_1_653' title='bbox 3031 4384 3353 4466; x_wconf 70' lang='lat' dir='ltr'><strong>Saturnum</strong></span> <span class='ocrx_word' id='word_1_654' title='bbox 3370 4382 3668 4466; x_wconf 70' lang='lat' dir='ltr'><strong>tyrannici-</strong></span> 
     </span>
    </p>
   </div>
   <div class='ocr_carea' id='block_1_95' title="bbox 2102 4455 3670 4517">
    <p class='ocr_par' dir='ltr' id='par_1_95' title="bbox 2102 4455 3670 4517">
     <span class='ocr_line' id='line_1_95' title="bbox 2102 4455 3670 4517; baseline -0.003 -6"><span class='ocrx_word' id='word_1_655' title='bbox 2102 4455 2227 4514; x_wconf 81' lang='lat' dir='ltr'><strong>dam</strong></span> <span class='ocrx_word' id='word_1_656' title='bbox 2250 4457 2360 4512; x_wconf 90' lang='lat' dir='ltr'><strong>dici</strong></span> <span class='ocrx_word' id='word_1_657' title='bbox 2388 4459 2458 4511; x_wconf 89' lang='lat' dir='ltr'><strong>ob</strong></span> <span class='ocrx_word' id='word_1_658' title='bbox 2481 4455 2709 4511; x_wconf 79' lang='lat' dir='ltr'><strong>Patrem</strong></span> <span class='ocrx_word' id='word_1_659' title='bbox 2729 4457 2869 4512; x_wconf 92' lang='lat' dir='ltr'><strong>solio</strong></span> <span class='ocrx_word' id='word_1_660' title='bbox 2899 4457 3271 4517; x_wconf 90' lang='lat' dir='ltr'><strong>deturbatum,</strong></span> <span class='ocrx_word' id='word_1_661' title='bbox 3304 4455 3558 4509; x_wconf 75' lang='lat' dir='ltr'><strong>virilibus</strong></span> <span class='ocrx_word' id='word_1_662' title='bbox 3582 4469 3670 4508; x_wconf 85' lang='lat' dir='ltr'><strong>ex-</strong></span> 
     </span>
    </p>
   </div>
   <div class='ocr_carea' id='block_1_96' title="bbox 494 4498 1992 4598">
    <p class='ocr_par' dir='ltr' id='par_1_96' title="bbox 494 4498 1992 4598">
     <span class='ocr_line' id='line_1_96' title="bbox 494 4498 1992 4598; baseline 0.003 -20"><span class='ocrx_word' id='word_1_663' title='bbox 494 4498 637 4598; x_wconf 59' lang='grc' dir='ltr'>(ῖιίῑ</span> <span class='ocrx_word' id='word_1_664' title='bbox 653 4498 862 4579; x_wconf 45' lang='lat' dir='ltr'><strong>iis&quot;;</strong></span> <span class='ocrx_word' id='word_1_665' title='bbox 886 4498 1767 4598; x_wconf 53' lang='grc' dir='ltr'><strong>ῑιὶννῖᾶἑηιῖῖῑέςρξλιεῡέῖέιλέναι.</strong></span> <span class='ocrx_word' id='word_1_666' title='bbox 1834 4526 1992 4584; x_wconf 65' lang='lat' dir='ltr'><strong>nunc</strong></span> 
     </span>
    </p>
   </div>
   <div class='ocr_carea' id='block_1_97' title="bbox 2100 4498 3671 4598">
    <p class='ocr_par' dir='ltr' id='par_1_97' title="bbox 2100 4498 3671 4598">
     <span class='ocr_line' id='line_1_97' title="bbox 2100 4498 3671 4598; baseline -0.006 -14"><span class='ocrx_word' id='word_1_667' title='bbox 2100 4498 2282 4584; x_wconf 52' lang='lat' dir='ltr'><strong>sertis.</strong></span> <span class='ocrx_word' id='word_1_668' title='bbox 2327 4527 2621 4598; x_wconf 77' lang='lat' dir='ltr'><strong>Auctorem</strong></span> <span class='ocrx_word' id='word_1_669' title='bbox 2656 4527 2821 4598; x_wconf 77' lang='lat' dir='ltr'><strong>hujus</strong></span> <span class='ocrx_word' id='word_1_670' title='bbox 2850 4498 3320 4597; x_wconf 63' lang='lat' dir='ltr'><strong>interpretationis</strong></span> <span class='ocrx_word' id='word_1_671' title='bbox 3346 4526 3522 4580; x_wconf 88' lang='lat' dir='ltr'><strong>habeo</strong></span> <span class='ocrx_word' id='word_1_672' title='bbox 3545 4522 3671 4598; x_wconf 75' lang='lat' dir='ltr'><strong>Gre-</strong></span> 
     </span>
    </p>
   </div>
   <div class='ocr_carea' id='block_1_98' title="bbox 422 4594 1994 4664">
    <p class='ocr_par' dir='ltr' id='par_1_98' title="bbox 422 4594 1994 4664">
     <span class='ocr_line' id='line_1_98' title="bbox 422 4594 1994 4664; baseline 0.001 -13"><span class='ocrx_word' id='word_1_673' title='bbox 422 4594 600 4651; x_wconf 48' lang='lat' dir='ltr'><strong>loc&#39;uni</strong></span> <span class='ocrx_word' id='word_1_674' title='bbox 635 4594 1137 4664; x_wconf 82' lang='lat' dir='ltr'><strong>reprasentandum</strong></span> <span class='ocrx_word' id='word_1_675' title='bbox 1160 4596 1312 4660; x_wconf 81' lang='lat' dir='ltr'><strong>duxi,</strong></span> <span class='ocrx_word' id='word_1_676' title='bbox 1349 4594 1409 4651; x_wconf 84' lang='lat' dir='ltr'><strong>ut</strong></span> <span class='ocrx_word' id='word_1_677' title='bbox 1440 4597 1670 4653; x_wconf 86' lang='lat' dir='ltr'><strong>habetur</strong></span> <span class='ocrx_word' id='word_1_678' title='bbox 1702 4600 1757 4653; x_wconf 91' lang='lat' dir='ltr'><strong>in</strong></span> <span class='ocrx_word' id='word_1_679' title='bbox 1789 4598 1994 4653; x_wconf 85' lang='lat' dir='ltr'><strong>codici-</strong></span> 
     </span>
    </p>
   </div>
   <div class='ocr_carea' id='block_1_99' title="bbox 420 4664 1993 4737">
    <p class='ocr_par' dir='ltr' id='par_1_99' title="bbox 420 4664 1993 4737">
     <span class='ocr_line' id='line_1_99' title="bbox 420 4664 1993 4737; baseline 0.003 -18"><span class='ocrx_word' id='word_1_680' title='bbox 420 4666 523 4737; x_wconf 83' lang='lat' dir='ltr'><strong>bus</strong></span> <span class='ocrx_word' id='word_1_681' title='bbox 572 4681 707 4719; x_wconf 86' lang='lat' dir='ltr'><strong>mss.</strong></span> <span class='ocrx_word' id='word_1_682' title='bbox 742 4674 797 4721; x_wconf 89' lang='lat' dir='ltr'><strong>et</strong></span> <span class='ocrx_word' id='word_1_683' title='bbox 831 4665 963 4718; x_wconf 89' lang='lat' dir='ltr'><strong>edit.</strong></span> <span class='ocrx_word' id='word_1_684' title='bbox 1010 4664 1295 4735; x_wconf 89' lang='lat' dir='ltr'><strong>Tigurina,</strong></span> <span class='ocrx_word' id='word_1_685' title='bbox 1340 4674 1571 4737; x_wconf 83' lang='lat' dir='ltr'><strong>excepto</strong></span> <span class='ocrx_word' id='word_1_686' title='bbox 1617 4678 1799 4724; x_wconf 91' lang='lat' dir='ltr'><strong>tamen</strong></span> <span class='ocrx_word' id='word_1_687' title='bbox 1847 4670 1993 4736; x_wconf 84' lang='lat' dir='ltr'><strong>quod</strong></span> 
     </span>
    </p>
   </div>
   <div class='ocr_carea' id='block_1_100' title="bbox 420 4736 1995 4807">
    <p class='ocr_par' dir='ltr' id='par_1_100' title="bbox 420 4736 1995 4807">
     <span class='ocr_line' id='line_1_100' title="bbox 420 4736 1995 4807; baseline 0.004 -19"><span class='ocrx_word' id='word_1_688' title='bbox 420 4736 921 4807; x_wconf 80' lang='lat' dir='ltr'><strong>interpunctionem</strong></span> <span class='ocrx_word' id='word_1_689' title='bbox 970 4737 1292 4791; x_wconf 88' lang='lat' dir='ltr'><strong>mutaverim</strong></span> <span class='ocrx_word' id='word_1_690' title='bbox 1336 4746 1390 4791; x_wconf 84' lang='lat' dir='ltr'><strong>et</strong></span> <span class='ocrx_word' id='word_1_691' title='bbox 1427 4736 1665 4793; x_wconf 71' lang='lat' dir='ltr'><strong>verbum</strong></span> <span class='ocrx_word' id='word_1_692' title='bbox 1712 4739 1875 4807; x_wconf 82' lang='grc' dir='ltr'><strong>φασίν</strong></span> <span class='ocrx_word' id='word_1_693' title='bbox 1908 4756 1995 4795; x_wconf 87' lang='lat' dir='ltr'><strong>re-</strong></span> 
     </span>
    </p>
   </div>
   <div class='ocr_carea' id='block_1_101' title="bbox 422 4804 1989 4881">
    <p class='ocr_par' dir='ltr' id='par_1_101' title="bbox 422 4804 1989 4881">
     <span class='ocr_line' id='line_1_101' title="bbox 422 4804 1989 4881; baseline 0.003 -22"><span class='ocrx_word' id='word_1_694' title='bbox 422 4804 593 4881; x_wconf 52' lang='lat' dir='ltr'><strong>gerant</strong></span> <span class='ocrx_word' id='word_1_695' title='bbox 616 4807 684 4860; x_wconf 87' lang='lat' dir='ltr'><strong>ad</strong></span> <span class='ocrx_word' id='word_1_696' title='bbox 729 4806 905 4867; x_wconf 86' lang='grc' dir='ltr'><strong>Ῥέαν,</strong></span> <span class='ocrx_word' id='word_1_697' title='bbox 942 4821 1065 4881; x_wconf 83' lang='lat' dir='ltr'><strong>cum</strong></span> <span class='ocrx_word' id='word_1_698' title='bbox 1101 4814 1260 4881; x_wconf 84' lang='lat' dir='ltr'><strong>antea</strong></span> <span class='ocrx_word' id='word_1_699' title='bbox 1296 4807 1592 4881; x_wconf 75' lang='lat' dir='ltr'><strong>referretur</strong></span> <span class='ocrx_word' id='word_1_700' title='bbox 1619 4809 1686 4863; x_wconf 91' lang='lat' dir='ltr'><strong>ad</strong></span> <span class='ocrx_word' id='word_1_701' title='bbox 1713 4804 1989 4881; x_wconf 49' lang='grc' dir='ltr'><strong>δυϐέλην,</strong></span> 
     </span>
    </p>
   </div>
   <div class='ocr_carea' id='block_1_102' title="bbox 419 4873 1994 4944">
    <p class='ocr_par' dir='ltr' id='par_1_102' title="bbox 419 4873 1994 4944">
     <span class='ocr_line' id='line_1_102' title="bbox 419 4873 1994 4944; baseline 0.004 -15"><span class='ocrx_word' id='word_1_702' title='bbox 419 4873 660 4932; x_wconf 85' lang='lat' dir='ltr'><strong>Facilius</strong></span> <span class='ocrx_word' id='word_1_703' title='bbox 711 4884 795 4931; x_wconf 89' lang='lat' dir='ltr'><strong>est</strong></span> <span class='ocrx_word' id='word_1_704' title='bbox 842 4875 1093 4944; x_wconf 89' lang='lat' dir='ltr'><strong>supplere</strong></span> <span class='ocrx_word' id='word_1_705' title='bbox 1141 4879 1367 4932; x_wconf 87' lang='lat' dir='ltr'><strong>verbum</strong></span> <span class='ocrx_word' id='word_1_706' title='bbox 1417 4878 1661 4934; x_wconf 78' lang='grc' dir='ltr'><strong>καλοῦσι.</strong></span> <span class='ocrx_word' id='word_1_707' title='bbox 1713 4873 1994 4936; x_wconf 66' lang='grc' dir='ltr'><strong>Εᾱὶιίοιίοε</strong></span> 
     </span>
    </p>
   </div>
   <div class='ocr_carea' id='block_1_103' title="bbox 419 4945 1990 5023">
    <p class='ocr_par' dir='ltr' id='par_1_103' title="bbox 419 4945 1990 5023">
     <span class='ocr_line' id='line_1_103' title="bbox 419 4945 1990 5023; baseline 0.003 -24"><span class='ocrx_word' id='word_1_708' title='bbox 419 4945 779 5023; x_wconf 59' lang='lat' dir='ltr'><strong>Earisienses</strong></span> <span class='ocrx_word' id='word_1_709' title='bbox 805 4954 859 5000; x_wconf 89' lang='lat' dir='ltr'><strong>et</strong></span> <span class='ocrx_word' id='word_1_710' title='bbox 892 4945 1066 5002; x_wconf 84' lang='lat' dir='ltr'><strong>Oxon.</strong></span> <span class='ocrx_word' id='word_1_711' title='bbox 1120 4946 1324 5003; x_wconf 85' lang='lat' dir='ltr'><strong>habent</strong></span> <span class='ocrx_word' id='word_1_712' title='bbox 1377 4948 1533 5003; x_wconf 84' lang='grc' dir='ltr'><strong>Ῥέαν</strong></span> <span class='ocrx_word' id='word_1_713' title='bbox 1577 4949 1990 5023; x_wconf 87' lang='grc' dir='ltr'><strong>νενομοθέτηκε,</strong></span> 
     </span>
    </p>
   </div>
   <div class='ocr_carea' id='block_1_104' title="bbox 420 5016 838 5074">
    <p class='ocr_par' dir='ltr' id='par_1_104' title="bbox 420 5016 838 5074">
     <span class='ocr_line' id='line_1_104' title="bbox 420 5016 838 5074; baseline -0.007 -3"><span class='ocrx_word' id='word_1_714' title='bbox 420 5016 651 5071; x_wconf 85' lang='lat' dir='ltr'><strong>Ducaus</strong></span> <span class='ocrx_word' id='word_1_715' title='bbox 696 5017 838 5074; x_wconf 86' lang='grc' dir='ltr'><strong>Ῥέα.</strong></span> 
     </span>
    </p>
   </div>
   <div class='ocr_carea' id='block_1_105' title="bbox 494 5085 1992 5204">
    <p class='ocr_par' dir='ltr' id='par_1_105' title="bbox 494 5085 1992 5204">
     <span class='ocr_line' id='line_1_105' title="bbox 494 5085 1992 5204; baseline 0.002 -64"><span class='ocrx_word' id='word_1_716' title='bbox 494 5086 611 5204; x_wconf 57' lang='lat'><strong>(75‘)</strong></span> <span class='ocrx_word' id='word_1_717' title='bbox 647 5089 872 5154; x_wconf 83' lang='grc' dir='ltr'><strong>Ταύτης</strong></span> <span class='ocrx_word' id='word_1_718' title='bbox 907 5090 1126 5142; x_wconf 81' lang='grc' dir='ltr'><strong>Ἀττιν.</strong></span> <span class='ocrx_word' id='word_1_719' title='bbox 1174 5085 1337 5141; x_wconf 88' lang='lat' dir='ltr'><strong>Frisii</strong></span> <span class='ocrx_word' id='word_1_720' title='bbox 1376 5089 1547 5143; x_wconf 77' lang='lat' dir='ltr'><strong>codex</strong></span> <span class='ocrx_word' id='word_1_721' title='bbox 1581 5091 1649 5145; x_wconf 90' lang='lat' dir='ltr'><strong>ad</strong></span> <span class='ocrx_word' id='word_1_722' title='bbox 1681 5106 1853 5161; x_wconf 88' lang='lat' dir='ltr'><strong>marg.</strong></span> <span class='ocrx_word' id='word_1_723' title='bbox 1891 5090 1992 5144; x_wconf 81' lang='grc' dir='ltr'><strong>αὐ-</strong></span> 
     </span>
     <span class='ocr_line' id='line_1_106' title="bbox 494 5157 1637 5204; baseline 0 0"><span class='ocrx_word' id='word_1_724' title='bbox 494 5175 541 5204; x_wconf 80' lang='lat' dir='ltr'><strong>c-</strong></span> <span class='ocrx_word' id='word_1_725' title='bbox 598 5173 850 5204; x_wconf 73' lang='lat' dir='ltr'><strong>.esnerus</strong></span> <span class='ocrx_word' id='word_1_726' title='bbox 879 5157 1166 5204; x_wconf 64' lang='lat' dir='ltr'><strong>legendum</strong></span> <span class='ocrx_word' id='word_1_727' title='bbox 1198 5158 1422 5204; x_wconf 77' lang='lat' dir='ltr'><strong>coniicit</strong></span> <span class='ocrx_word' id='word_1_728' title='bbox 1449 5160 1637 5204; x_wconf 65' lang='lat' dir='ltr'><strong>&#39;Arnv-</strong></span> 
     </span>
    </p>
   </div>
   <div class='ocr_carea' id='block_1_106' title="bbox 420 5157 1637 5230">
    <p class='ocr_par' dir='ltr' id='par_1_106' title="bbox 420 5157 1637 5230">
     <span class='ocr_line' id='line_1_107' title="bbox 420 5157 1637 5230; baseline 0.001 -19"><span class='ocrx_word' id='word_1_729' title='bbox 420 5158 547 5230; x_wconf 60' lang='grc' dir='ltr'><strong>τῆς,</strong></span> <span class='ocrx_word' id='word_1_730' title='bbox 563 5157 850 5230; x_wconf 78' lang='lat' dir='ltr'><strong>_Gesnerus</strong></span> <span class='ocrx_word' id='word_1_731' title='bbox 879 5157 1175 5230; x_wconf 72' lang='lat' dir='ltr'><strong>legendum</strong></span> <span class='ocrx_word' id='word_1_732' title='bbox 1198 5158 1422 5230; x_wconf 76' lang='lat' dir='ltr'><strong>conjicit</strong></span> <span class='ocrx_word' id='word_1_733' title='bbox 1449 5160 1637 5230; x_wconf 69' lang='grc' dir='ltr'><strong>Ἄτην.</strong></span> 
     </span>
    </p>
   </div>
   <div class='ocr_carea' id='block_1_107' title="bbox 496 5177 1993 5299">
    <p class='ocr_par' dir='ltr' id='par_1_107' title="bbox 496 5177 1993 5299">
     <span class='ocr_line' id='line_1_108' title="bbox 496 5177 1637 5230; baseline 0.001 -18"><span class='ocrx_word' id='word_1_734' title='bbox 496 5177 541 5221; x_wconf 86' lang='grc' dir='ltr'><strong>ς,</strong></span> <span class='ocrx_word' id='word_1_735' title='bbox 573 5177 850 5213; x_wconf 74' lang='lat' dir='ltr'><strong>‘ICSHCI‘US</strong></span> <span class='ocrx_word' id='word_1_736' title='bbox 879 5177 1166 5230; x_wconf 74' lang='lat' dir='ltr'><strong>tegendum</strong></span> <span class='ocrx_word' id='word_1_737' title='bbox 1198 5177 1422 5223; x_wconf 72' lang='grc' dir='ltr'><strong>οοῐιμειι</strong></span> <span class='ocrx_word' id='word_1_738' title='bbox 1449 5177 1549 5213; x_wconf 72' lang='grc' dir='ltr'><strong>’Δτ</strong></span> <span class='ocrx_word' id='word_1_739' title='bbox 1590 5178 1637 5213; x_wconf 94' lang='grc' dir='ltr'><strong>ν.</strong></span> 
     </span>
     <span class='ocr_line' id='line_1_109' title="bbox 496 5177 1993 5299; baseline 0.003 -20"><span class='ocrx_word' id='word_1_740' title='bbox 496 5228 603 5297; x_wconf 89' lang='grc'>(76)</span> <span class='ocrx_word' id='word_1_741' title='bbox 665 5228 894 5299; x_wconf 71' lang='grc' dir='ltr'><strong>Ταύτην</strong></span> <span class='ocrx_word' id='word_1_742' title='bbox 946 5246 1066 5299; x_wconf 81' lang='grc' dir='ltr'><strong>μοι.</strong></span> <span class='ocrx_word' id='word_1_743' title='bbox 1091 5226 1215 5299; x_wconf 90' lang='lat' dir='ltr'><strong>_Sic</strong></span> <span class='ocrx_word' id='word_1_744' title='bbox 1259 5226 1392 5299; x_wconf 73' lang='lat' dir='ltr'><strong>Beg.</strong></span> <span class='ocrx_word' id='word_1_745' title='bbox 1446 5229 1500 5284; x_wconf 78' lang='grc'><strong>2.</strong></span> <span class='ocrx_word' id='word_1_746' title='bbox 1553 5177 1651 5286; x_wconf 56' lang='lat' dir='ltr'><strong>’Sic</strong></span> <span class='ocrx_word' id='word_1_747' title='bbox 1700 5230 1861 5284; x_wconf 86' lang='lat' dir='ltr'><strong>etiam</strong></span> <span class='ocrx_word' id='word_1_748' title='bbox 1924 5229 1993 5283; x_wconf 76' lang='lat' dir='ltr'><strong>ad</strong></span> 
     </span>
    </p>
   </div>
   <div class='ocr_carea' id='block_1_108' title="bbox 422 5296 1994 5371">
    <p class='ocr_par' dir='ltr' id='par_1_108' title="bbox 422 5296 1994 5371">
     <span class='ocr_line' id='line_1_110' title="bbox 422 5296 1994 5371; baseline 0.001 -19"><span class='ocrx_word' id='word_1_749' title='bbox 422 5296 722 5371; x_wconf 76' lang='lat' dir='ltr'><strong>marginem</strong></span> <span class='ocrx_word' id='word_1_750' title='bbox 756 5296 967 5371; x_wconf 70' lang='lat' dir='ltr'><strong>Anglic.</strong></span> <span class='ocrx_word' id='word_1_751' title='bbox 1000 5306 1054 5354; x_wconf 87' lang='lat' dir='ltr'><strong>et</strong></span> <span class='ocrx_word' id='word_1_752' title='bbox 1088 5296 1307 5371; x_wconf 48' lang='lat' dir='ltr'><strong>Reg;</strong></span> <span class='ocrx_word' id='word_1_753' title='bbox 1340 5296 1436 5371; x_wconf 72' lang='lat' dir='ltr'><strong>qui</strong></span> <span class='ocrx_word' id='word_1_754' title='bbox 1472 5315 1607 5371; x_wconf 80' lang='lat' dir='ltr'><strong>cum</strong></span> <span class='ocrx_word' id='word_1_755' title='bbox 1654 5299 1844 5371; x_wconf 88' lang='lat' dir='ltr'><strong>Tigur.</strong></span> <span class='ocrx_word' id='word_1_756' title='bbox 1898 5301 1994 5354; x_wconf 87' lang='lat' dir='ltr'><strong>ba-</strong></span> 
     </span>
    </p>
   </div>
   <div class='ocr_carea' id='block_1_109' title="bbox 424 5367 1673 5441">
    <p class='ocr_par' dir='ltr' id='par_1_109' title="bbox 424 5367 1673 5441">
     <span class='ocr_line' id='line_1_111' title="bbox 424 5367 1673 5441; baseline 0.001 -17"><span class='ocrx_word' id='word_1_757' title='bbox 424 5367 636 5441; x_wconf 61' lang='lat' dir='ltr'><strong>bentjn</strong></span> <span class='ocrx_word' id='word_1_758' title='bbox 662 5376 817 5441; x_wconf 10' lang='lat' dir='ltr'><strong>textu,</strong></span> <span class='ocrx_word' id='word_1_759' title='bbox 842 5367 1043 5441; x_wconf 79' lang='grc' dir='ltr'><strong>ταύτην</strong></span> <span class='ocrx_word' id='word_1_760' title='bbox 1080 5367 1188 5441; x_wconf 55' lang='grc' dir='ltr'><strong>μή(</strong></span> <span class='ocrx_word' id='word_1_761' title='bbox 1211 5367 1587 5441; x_wconf 14' lang='grc' dir='ltr'><strong>Εόὶιῇήταύτην</strong></span> 
     </span>
    </p>
   </div>
   <div class='ocr_carea' id='block_1_110' title="bbox 495 5437 1994 5511">
    <p class='ocr_par' dir='ltr' id='par_1_110' title="bbox 495 5437 1994 5511">
     <span class='ocr_line' id='line_1_112' title="bbox 495 5437 1994 5511; baseline 0.001 -20"><span class='ocrx_word' id='word_1_762' title='bbox 495 5439 606 5510; x_wconf 89' lang='lat'><strong>(77)</strong></span> <span class='ocrx_word' id='word_1_763' title='bbox 647 5437 759 5506; x_wconf 78' lang='grc' dir='ltr'><strong>Τῆς</strong></span> <span class='ocrx_word' id='word_1_764' title='bbox 790 5437 1105 5511; x_wconf 38' lang='grc' dir='ltr'><strong>ἀνδρείαςέῄ</strong></span> <span class='ocrx_word' id='word_1_765' title='bbox 1134 5437 1444 5511; x_wconf 85' lang='lat' dir='ltr'><strong>Legendum</strong></span> <span class='ocrx_word' id='word_1_766' title='bbox 1482 5437 1702 5509; x_wconf 78' lang='grc' dir='ltr'><strong>ἁγνείας</strong></span> <span class='ocrx_word' id='word_1_767' title='bbox 1747 5440 1994 5511; x_wconf 88' lang='lat' dir='ltr'><strong>suspica-</strong></span> 
     </span>
    </p>
   </div>
   <div class='ocr_carea' id='block_1_111' title="bbox 425 5508 1996 5565">
    <p class='ocr_par' dir='ltr' id='par_1_111' title="bbox 425 5508 1996 5565">
     <span class='ocr_line' id='line_1_113' title="bbox 425 5508 1996 5565; baseline 0.002 -4"><span class='ocrx_word' id='word_1_768' title='bbox 425 5508 518 5563; x_wconf 75' lang='lat' dir='ltr'><strong>tur</strong></span> <span class='ocrx_word' id='word_1_769' title='bbox 554 5517 744 5563; x_wconf 88' lang='lat' dir='ltr'><strong>auctor</strong></span> <span class='ocrx_word' id='word_1_770' title='bbox 776 5510 1034 5565; x_wconf 88' lang='lat' dir='ltr'><strong>editionis</strong></span> <span class='ocrx_word' id='word_1_771' title='bbox 1072 5509 1246 5563; x_wconf 80' lang='lat' dir='ltr'><strong>Oxon.</strong></span> <span class='ocrx_word' id='word_1_772' title='bbox 1286 5508 1353 5561; x_wconf 85' lang='lat' dir='ltr'><strong>At</strong></span> <span class='ocrx_word' id='word_1_773' title='bbox 1387 5526 1450 5563; x_wconf 92' lang='lat' dir='ltr'><strong>ea</strong></span> <span class='ocrx_word' id='word_1_774' title='bbox 1479 5528 1581 5565; x_wconf 85' lang='lat' dir='ltr'><strong>vox</strong></span> <span class='ocrx_word' id='word_1_775' title='bbox 1629 5508 1861 5563; x_wconf 75' lang='lat' dir='ltr'><strong>omnino</strong></span> <span class='ocrx_word' id='word_1_776' title='bbox 1906 5526 1996 5564; x_wconf 84' lang='lat' dir='ltr'><strong>re-</strong></span> 
     </span>
    </p>
   </div>
   <div class='ocr_carea' id='block_1_112' title="bbox 425 5578 1996 5653">
    <p class='ocr_par' dir='ltr' id='par_1_112' title="bbox 425 5578 1996 5653">
     <span class='ocr_line' id='line_1_114' title="bbox 425 5578 1996 5653; baseline 0.001 -21"><span class='ocrx_word' id='word_1_777' title='bbox 425 5580 672 5653; x_wconf 66' lang='lat' dir='ltr'><strong>tinenda.</strong></span> <span class='ocrx_word' id='word_1_778' title='bbox 700 5578 989 5649; x_wconf 83' lang='lat' dir='ltr'><strong>Proprium</strong></span> <span class='ocrx_word' id='word_1_779' title='bbox 1008 5579 1152 5653; x_wconf 82' lang='lat' dir='ltr'><strong>enim</strong></span> <span class='ocrx_word' id='word_1_780' title='bbox 1179 5587 1269 5653; x_wconf 70' lang='lat' dir='ltr'><strong>est</strong></span> <span class='ocrx_word' id='word_1_781' title='bbox 1284 5579 1535 5636; x_wconf 80' lang='lat' dir='ltr'><strong>Minerva</strong></span> <span class='ocrx_word' id='word_1_782' title='bbox 1555 5583 1615 5653; x_wconf 84' lang='grc' dir='ltr'><strong>τὸ</strong></span> <span class='ocrx_word' id='word_1_783' title='bbox 1648 5580 1915 5653; x_wconf 88' lang='grc' dir='ltr'><strong>ἀνδρικόν,</strong></span> <span class='ocrx_word' id='word_1_784' title='bbox 1935 5587 1996 5653; x_wconf 86' lang='lat' dir='ltr'><strong>ut</strong></span> 
     </span>
    </p>
   </div>
   <div class='ocr_carea' id='block_1_113' title="bbox 427 5648 1990 5720">
    <p class='ocr_par' dir='ltr' id='par_1_113' title="bbox 427 5648 1990 5720">
     <span class='ocr_line' id='line_1_115' title="bbox 427 5648 1990 5720; baseline 0 -18"><span class='ocrx_word' id='word_1_785' title='bbox 427 5650 504 5720; x_wconf 77' lang='lat' dir='ltr'><strong>ait</strong></span> <span class='ocrx_word' id='word_1_786' title='bbox 534 5648 786 5706; x_wconf 80' lang='lat' dir='ltr'><strong>Justinus</strong></span> <span class='ocrx_word' id='word_1_787' title='bbox 812 5648 869 5704; x_wconf 85' lang='lat' dir='ltr'><strong>in</strong></span> <span class='ocrx_word' id='word_1_788' title='bbox 903 5658 1045 5705; x_wconf 89' lang='lat' dir='ltr'><strong>orat.</strong></span> <span class='ocrx_word' id='word_1_789' title='bbox 1083 5648 1200 5703; x_wconf 86' lang='lat' dir='ltr'><strong>adv.</strong></span> <span class='ocrx_word' id='word_1_790' title='bbox 1232 5650 1429 5715; x_wconf 59' lang='lat' dir='ltr'><strong>Grata,</strong></span> <span class='ocrx_word' id='word_1_791' title='bbox 1468 5668 1523 5706; x_wconf 93' lang='lat' dir='ltr'><strong>n.</strong></span> <span class='ocrx_word' id='word_1_792' title='bbox 1555 5652 1609 5716; x_wconf 67' lang='grc' dir='ltr'><strong>Ξ,</strong></span> <span class='ocrx_word' id='word_1_793' title='bbox 1659 5658 1717 5703; x_wconf 94' lang='lat' dir='ltr'><strong>ut</strong></span> <span class='ocrx_word' id='word_1_794' title='bbox 1748 5648 1875 5720; x_wconf 77' lang='lat' dir='ltr'><strong>qua</strong></span> <span class='ocrx_word' id='word_1_795' title='bbox 1904 5652 1990 5720; x_wconf 45' lang='lat' dir='ltr'><strong>nis-</strong></span> 
     </span>
    </p>
   </div>
   <div class='ocr_carea' id='block_1_114' title="bbox 430 5719 1991 5791">
    <p class='ocr_par' dir='ltr' id='par_1_114' title="bbox 430 5719 1991 5791">
     <span class='ocr_line' id='line_1_116' title="bbox 430 5719 1991 5791; baseline 0.001 -20"><span class='ocrx_word' id='word_1_796' title='bbox 430 5719 763 5791; x_wconf 12' lang='lat' dir='ltr'><strong>ltjliprorsus</strong></span> <span class='ocrx_word' id='word_1_797' title='bbox 796 5722 1060 5776; x_wconf 87' lang='lat' dir='ltr'><strong>muliebre</strong></span> <span class='ocrx_word' id='word_1_798' title='bbox 1107 5731 1405 5791; x_wconf 85' lang='lat' dir='ltr'><strong>perageret.</strong></span> <span class='ocrx_word' id='word_1_799' title='bbox 1442 5719 1804 5787; x_wconf 84' lang='lat' dir='ltr'><strong>Quamobrem</strong></span> <span class='ocrx_word' id='word_1_800' title='bbox 1849 5722 1893 5777; x_wconf 91' lang='lat' dir='ltr'><strong>si</strong></span> <span class='ocrx_word' id='word_1_801' title='bbox 1942 5719 1991 5791; x_wconf 82' lang='lat' dir='ltr'><strong>ei</strong></span> 
     </span>
    </p>
   </div>
   <div class='ocr_carea' id='block_1_115' title="bbox 430 5784 1991 5863">
    <p class='ocr_par' dir='ltr' id='par_1_115' title="bbox 430 5784 1991 5863">
     <span class='ocr_line' id='line_1_117' title="bbox 430 5784 1991 5863; baseline 0.001 -21"><span class='ocrx_word' id='word_1_802' title='bbox 430 5784 709 5846; x_wconf 61' lang='lat' dir='ltr'><strong>Vulcanus</strong></span> <span class='ocrx_word' id='word_1_803' title='bbox 743 5784 1659 5863; x_wconf 48' lang='lat' dir='ltr'><strong>virginitatemeripuisset,&#39;simul</strong></span> <span class='ocrx_word' id='word_1_804' title='bbox 1705 5808 1823 5847; x_wconf 86' lang='lat' dir='ltr'><strong>eam</strong></span> <span class='ocrx_word' id='word_1_805' title='bbox 1858 5790 1991 5846; x_wconf 84' lang='lat' dir='ltr'><strong>viri-</strong></span> 
     </span>
    </p>
   </div>
   <div class='ocr_carea' id='block_1_116' title="bbox 2097 4594 3670 4669">
    <p class='ocr_par' dir='ltr' id='par_1_116' title="bbox 2097 4594 3670 4669">
     <span class='ocr_line' id='line_1_118' title="bbox 2097 4594 3670 4669; baseline -0.004 -16"><span class='ocrx_word' id='word_1_806' title='bbox 2097 4601 2311 4669; x_wconf 90' lang='lat' dir='ltr'><strong>gorium</strong></span> <span class='ocrx_word' id='word_1_807' title='bbox 2342 4596 2474 4651; x_wconf 84' lang='lat' dir='ltr'><strong>Naz.</strong></span> <span class='ocrx_word' id='word_1_808' title='bbox 2532 4597 2628 4667; x_wconf 91' lang='lat' dir='ltr'><strong>qui</strong></span> <span class='ocrx_word' id='word_1_809' title='bbox 2658 4594 2847 4652; x_wconf 80' lang='lat' dir='ltr'><strong>Jovem</strong></span> <span class='ocrx_word' id='word_1_810' title='bbox 2891 4594 3143 4666; x_wconf 81' lang='lat' dir='ltr'><strong>exeinplo</strong></span> <span class='ocrx_word' id='word_1_811' title='bbox 3171 4597 3344 4669; x_wconf 78' lang='lat' dir='ltr'><strong>patris</strong></span> <span class='ocrx_word' id='word_1_812' title='bbox 3376 4594 3670 4666; x_wconf 87' lang='lat' dir='ltr'><strong>tyrannici-</strong></span> 
     </span>
    </p>
   </div>
   <div class='ocr_carea' id='block_1_117' title="bbox 2096 4666 3667 4749">
    <p class='ocr_par' dir='ltr' id='par_1_117' title="bbox 2096 4666 3667 4749">
     <span class='ocr_line' id='line_1_119' title="bbox 2096 4666 3667 4749; baseline -0.004 -28"><span class='ocrx_word' id='word_1_813' title='bbox 2096 4666 2222 4749; x_wconf 56' lang='lat' dir='ltr'><strong>dam</strong></span> <span class='ocrx_word' id='word_1_814' title='bbox 2275 4684 2397 4723; x_wconf 89' lang='lat' dir='ltr'><strong>esse</strong></span> <span class='ocrx_word' id='word_1_815' title='bbox 2431 4666 2779 4749; x_wconf 54' lang='lat' dir='ltr'><strong>pronuntiat,</strong></span> <span class='ocrx_word' id='word_1_816' title='bbox 2816 4670 2944 4749; x_wconf 68' lang='lat' dir='ltr'><strong>quia</strong></span> <span class='ocrx_word' id='word_1_817' title='bbox 2974 4666 3438 4749; x_wconf 80' lang='lat' dir='ltr'><strong>quemadmodum</strong></span> <span class='ocrx_word' id='word_1_818' title='bbox 3468 4674 3667 4749; x_wconf 48' lang='lat' dir='ltr'><strong>patiam</strong></span> 
     </span>
    </p>
   </div>
   <div class='ocr_carea' id='block_1_118' title="bbox 2100 4732 3670 4809">
    <p class='ocr_par' dir='ltr' id='par_1_118' title="bbox 2100 4732 3670 4809">
     <span class='ocr_line' id='line_1_120' title="bbox 2100 4732 3670 4809; baseline -0.005 -16"><span class='ocrx_word' id='word_1_819' title='bbox 2100 4737 2397 4801; x_wconf 81' lang='lat' dir='ltr'><strong>Saturnus,</strong></span> <span class='ocrx_word' id='word_1_820' title='bbox 2430 4732 2506 4791; x_wconf 74' lang='lat' dir='ltr'><strong>ita</strong></span> <span class='ocrx_word' id='word_1_821' title='bbox 2552 4732 2852 4809; x_wconf 74' lang='lat' dir='ltr'><strong>saturnum</strong></span> <span class='ocrx_word' id='word_1_822' title='bbox 2885 4732 3100 4809; x_wconf 80' lang='lat' dir='ltr'><strong>Jupiter</strong></span> <span class='ocrx_word' id='word_1_823' title='bbox 3122 4750 3295 4809; x_wconf 87' lang='lat' dir='ltr'><strong>regno</strong></span> <span class='ocrx_word' id='word_1_824' title='bbox 3328 4732 3545 4809; x_wconf 66' lang='lat' dir='ltr'><strong>dejecit.</strong></span> <span class='ocrx_word' id='word_1_825' title='bbox 3576 4732 3670 4786; x_wconf 86' lang='lat' dir='ltr'><strong>Lo-</strong></span> 
     </span>
    </p>
   </div>
   <div class='ocr_carea' id='block_1_119' title="bbox 2096 4804 3671 4878">
    <p class='ocr_par' dir='ltr' id='par_1_119' title="bbox 2096 4804 3671 4878">
     <span class='ocr_line' id='line_1_121' title="bbox 2096 4804 3671 4878; baseline -0.006 -15"><span class='ocrx_word' id='word_1_826' title='bbox 2096 4824 2197 4864; x_wconf 91' lang='lat' dir='ltr'><strong>cus</strong></span> <span class='ocrx_word' id='word_1_827' title='bbox 2230 4816 2405 4863; x_wconf 79' lang='lat' dir='ltr'><strong>exstat</strong></span> <span class='ocrx_word' id='word_1_828' title='bbox 2427 4815 2571 4869; x_wconf 90' lang='lat' dir='ltr'><strong>orat,</strong></span> <span class='ocrx_word' id='word_1_829' title='bbox 2602 4808 2657 4870; x_wconf 74' lang='lat'><strong>5,</strong></span> <span class='ocrx_word' id='word_1_830' title='bbox 2678 4825 2748 4878; x_wconf 10' lang='lat' dir='ltr'><strong>7p.</strong></span> <span class='ocrx_word' id='word_1_831' title='bbox 2792 4808 2919 4870; x_wconf 75' lang='grc'><strong>107,</strong></span> <span class='ocrx_word' id='word_1_832' title='bbox 2958 4804 3054 4862; x_wconf 70' lang='lat' dir='ltr'><strong>ubi</strong></span> <span class='ocrx_word' id='word_1_833' title='bbox 3087 4808 3167 4862; x_wconf 91' lang='lat' dir='ltr'><strong>sic</strong></span> <span class='ocrx_word' id='word_1_834' title='bbox 3199 4804 3447 4875; x_wconf 85' lang='lat' dir='ltr'><strong>loquitur</strong></span> <span class='ocrx_word' id='word_1_835' title='bbox 3475 4804 3671 4878; x_wconf 69' lang='lat' dir='ltr'><strong>Grego-</strong></span> 
     </span>
    </p>
   </div>
   <div class='ocr_carea' id='block_1_120' title="bbox 2097 4821 3670 4951">
    <p class='ocr_par' dir='ltr' id='par_1_120' title="bbox 2097 4821 3670 4951">
     <span class='ocr_line' id='line_1_122' title="bbox 2097 4821 3670 4925; baseline -0.006 -62"><span class='ocrx_word' id='word_1_836' title='bbox 2097 4824 2197 4864; x_wconf 90' lang='lat' dir='ltr'><strong>cus</strong></span> <span class='ocrx_word' id='word_1_837' title='bbox 2230 4821 2405 4863; x_wconf 78' lang='lat' dir='ltr'><strong>exstat</strong></span> <span class='ocrx_word' id='word_1_838' title='bbox 2427 4821 2571 4869; x_wconf 89' lang='lat' dir='ltr'><strong>orat,</strong></span> <span class='ocrx_word' id='word_1_839' title='bbox 2602 4821 2657 4870; x_wconf 78' lang='lat' dir='ltr'><strong>&#39;o,</strong></span> <span class='ocrx_word' id='word_1_840' title='bbox 2692 4825 2748 4878; x_wconf 89' lang='lat' dir='ltr'><strong>p.</strong></span> <span class='ocrx_word' id='word_1_841' title='bbox 2792 4821 2919 4870; x_wconf 76' lang='lat'><strong>10&#39;],</strong></span> <span class='ocrx_word' id='word_1_842' title='bbox 2962 4821 3054 4862; x_wconf 77' lang='lat' dir='ltr'><strong>ubi</strong></span> <span class='ocrx_word' id='word_1_843' title='bbox 3087 4824 3167 4862; x_wconf 73' lang='lat' dir='ltr'><strong>suc</strong></span> <span class='ocrx_word' id='word_1_844' title='bbox 3201 4821 3447 4875; x_wconf 79' lang='lat' dir='ltr'><strong>loquitur</strong></span> <span class='ocrx_word' id='word_1_845' title='bbox 3475 4821 3670 4925; x_wconf 65' lang='grc' dir='ltr'><strong>υνθξο-</strong></span> 
     </span>
     <span class='ocr_line' id='line_1_123' title="bbox 2097 4873 3670 4951; baseline -0.004 -20"><span class='ocrx_word' id='word_1_846' title='bbox 2097 4880 2214 4951; x_wconf 62' lang='lat' dir='ltr'><strong>[ius</strong></span> <span class='ocrx_word' id='word_1_847' title='bbox 2234 4898 2247 4933; x_wconf 90' lang='lat'><strong>:</strong></span> <span class='ocrx_word' id='word_1_848' title='bbox 2271 4878 2395 4951; x_wconf 59' lang='grc' dir='ltr'><strong>Πεῦς</strong></span> <span class='ocrx_word' id='word_1_849' title='bbox 2425 4878 2481 4951; x_wconf 69' lang='grc' dir='ltr'><strong>δὲ</strong></span> <span class='ocrx_word' id='word_1_850' title='bbox 2504 4880 2566 4931; x_wconf 84' lang='grc' dir='ltr'><strong>οὐ</strong></span> <span class='ocrx_word' id='word_1_851' title='bbox 2595 4877 2772 4951; x_wconf 72' lang='grc' dir='ltr'><strong>πείσει</strong></span> <span class='ocrx_word' id='word_1_852' title='bbox 2793 4880 3006 4951; x_wconf 28' lang='grc' dir='ltr'><strong>’Κρόνος</strong></span> <span class='ocrx_word' id='word_1_853' title='bbox 3023 4878 3263 4951; x_wconf 67' lang='grc' dir='ltr'><strong>Οὐρανον</strong></span> <span class='ocrx_word' id='word_1_854' title='bbox 3293 4873 3562 4951; x_wconf 70' lang='grc' dir='ltr'><strong>ἐκτεμὼν,</strong></span> <span class='ocrx_word' id='word_1_855' title='bbox 3608 4887 3670 4951; x_wconf 68' lang='grc' dir='ltr'><strong>να</strong></span> 
     </span>
    </p>
   </div>
   <div class='ocr_carea' id='block_1_121' title="bbox 2095 4945 3669 5021">
    <p class='ocr_par' dir='ltr' id='par_1_121' title="bbox 2095 4945 3669 5021">
     <span class='ocr_line' id='line_1_124' title="bbox 2095 4945 3669 5021; baseline -0.004 -20"><span class='ocrx_word' id='word_1_856' title='bbox 2095 4948 2285 5021; x_wconf 74' lang='grc' dir='ltr'><strong>ἄγονος</strong></span> <span class='ocrx_word' id='word_1_857' title='bbox 2370 4948 2519 5021; x_wconf 72' lang='grc' dir='ltr'><strong>θεῶν</strong></span> <span class='ocrx_word' id='word_1_858' title='bbox 2532 4949 2627 5021; x_wconf 50' lang='grc' dir='ltr'><strong>καί</strong></span> <span class='ocrx_word' id='word_1_859' title='bbox 2651 4948 2724 5018; x_wconf 86' lang='grc' dir='ltr'><strong>δῷ</strong></span> <span class='ocrx_word' id='word_1_860' title='bbox 2742 4945 2979 5021; x_wconf 79' lang='grc' dir='ltr'><strong>κύμασιν</strong></span> <span class='ocrx_word' id='word_1_861' title='bbox 3012 4945 3331 5021; x_wconf 81' lang='grc' dir='ltr'><strong>ἀποτελέσαι</strong></span> <span class='ocrx_word' id='word_1_862' title='bbox 3351 4946 3474 5021; x_wconf 75' lang='grc' dir='ltr'><strong>θεὸν</strong></span> <span class='ocrx_word' id='word_1_863' title='bbox 3504 4945 3669 5021; x_wconf 63' lang='grc' dir='ltr'><strong>ἀφροῦ</strong></span> 
     </span>
    </p>
   </div>
   <div class='ocr_carea' id='block_1_122' title="bbox 2094 5012 3671 5098">
    <p class='ocr_par' dir='ltr' id='par_1_122' title="bbox 2094 5012 3671 5098">
     <span class='ocr_line' id='line_1_125' title="bbox 2094 5012 3671 5098; baseline -0.003 -27"><span class='ocrx_word' id='word_1_864' title='bbox 2094 5012 2253 5088; x_wconf 86' lang='grc' dir='ltr'><strong>γέννη</strong></span> <span class='ocrx_word' id='word_1_865' title='bbox 2264 5012 2358 5098; x_wconf 75' lang='grc' dir='ltr'><strong>μᾶ,</strong></span> <span class='ocrx_word' id='word_1_866' title='bbox 2390 5019 2487 5098; x_wconf 42' lang='grc' dir='ltr'><strong>καὶ</strong></span> <span class='ocrx_word' id='word_1_867' title='bbox 2506 5012 2706 5098; x_wconf 61' lang='grc' dir='ltr'><strong>Κρρνιιξ</strong></span> <span class='ocrx_word' id='word_1_868' title='bbox 2731 5012 3489 5098; x_wconf 39' lang='grc' dir='ltr'><strong>Ζεῦςέπανιστάμενος-κατά</strong></span> <span class='ocrx_word' id='word_1_869' title='bbox 3516 5012 3671 5085; x_wconf 77' lang='grc' dir='ltr'><strong>μίμη-</strong></span> 
     </span>
    </p>
   </div>
   <div class='ocr_carea' id='block_1_123' title="bbox 2097 5088 3669 5158">
    <p class='ocr_par' dir='ltr' id='par_1_123' title="bbox 2097 5088 3669 5158">
     <span class='ocr_line' id='line_1_126' title="bbox 2097 5088 3669 5158; baseline -0.004 -17"><span class='ocrx_word' id='word_1_870' title='bbox 2097 5105 2181 5141; x_wconf 91' lang='grc' dir='ltr'><strong>σιν</strong></span> <span class='ocrx_word' id='word_1_871' title='bbox 2200 5088 2291 5141; x_wconf 82' lang='grc' dir='ltr'>τοῦ</span> <span class='ocrx_word' id='word_1_872' title='bbox 2324 5088 2548 5158; x_wconf 82' lang='grc' dir='ltr'><strong>πατρὸς,</strong></span> <span class='ocrx_word' id='word_1_873' title='bbox 2584 5091 2612 5141; x_wconf 95' lang='lat'><strong>6</strong></span> <span class='ocrx_word' id='word_1_874' title='bbox 2645 5089 2847 5157; x_wconf 77' lang='grc' dir='ltr'><strong>γλυκὺς</strong></span> <span class='ocrx_word' id='word_1_875' title='bbox 2875 5088 3020 5154; x_wconf 86' lang='grc' dir='ltr'><strong>λίθος</strong></span> <span class='ocrx_word' id='word_1_876' title='bbox 3056 5090 3148 5143; x_wconf 72' lang='grc' dir='ltr'><strong>καὶ</strong></span> <span class='ocrx_word' id='word_1_877' title='bbox 3183 5088 3376 5158; x_wconf 82' lang='grc' dir='ltr'><strong>πικρὸς</strong></span> <span class='ocrx_word' id='word_1_878' title='bbox 3421 5100 3669 5158; x_wconf 78' lang='grc' dir='ltr'><strong>τυραννο-</strong></span> 
     </span>
    </p>
   </div>
   <div class='ocr_carea' id='block_1_124' title="bbox 2095 5155 3671 5229">
    <p class='ocr_par' dir='ltr' id='par_1_124' title="bbox 2095 5155 3671 5229">
     <span class='ocr_line' id='line_1_127' title="bbox 2095 5155 3671 5229; baseline -0.003 -18"><span class='ocrx_word' id='word_1_879' title='bbox 2095 5158 2301 5222; x_wconf 87' lang='grc' dir='ltr'><strong>κτόνος.</strong></span> <span class='ocrx_word' id='word_1_880' title='bbox 2357 5155 2553 5224; x_wconf 79' lang='lat' dir='ltr'><strong>Quidni</strong></span> <span class='ocrx_word' id='word_1_881' title='bbox 2592 5155 2769 5214; x_wconf 80' lang='lat' dir='ltr'><strong>autem</strong></span> <span class='ocrx_word' id='word_1_882' title='bbox 2810 5159 2905 5213; x_wconf 81' lang='lat' dir='ltr'><strong>hoc</strong></span> <span class='ocrx_word' id='word_1_883' title='bbox 2933 5158 3248 5229; x_wconf 85' lang='lat' dir='ltr'><strong>persuadeat</strong></span> <span class='ocrx_word' id='word_1_884' title='bbox 3288 5155 3671 5227; x_wconf 80' lang='lat' dir='ltr'><strong>(reverentiam</strong></span> 
     </span>
    </p>
   </div>
   <div class='ocr_carea' id='block_1_125' title="bbox 2094 5230 3672 5301">
    <p class='ocr_par' dir='ltr' id='par_1_125' title="bbox 2094 5230 3672 5301">
     <span class='ocr_line' id='line_1_128' title="bbox 2094 5230 3672 5301; baseline -0.006 -17"><span class='ocrx_word' id='word_1_885' title='bbox 2094 5244 2224 5299; x_wconf 87' lang='lat' dir='ltr'><strong>erga</strong></span> <span class='ocrx_word' id='word_1_886' title='bbox 2266 5230 2543 5301; x_wconf 84' lang='lat' dir='ltr'><strong>parentes)</strong></span> <span class='ocrx_word' id='word_1_887' title='bbox 2566 5230 2830 5285; x_wconf 84' lang='lat' dir='ltr'><strong>Saturnus</strong></span> <span class='ocrx_word' id='word_1_888' title='bbox 2853 5231 2994 5285; x_wconf 73' lang='lat' dir='ltr'><strong>Caelo</strong></span> <span class='ocrx_word' id='word_1_889' title='bbox 3020 5230 3268 5301; x_wconf 81' lang='lat' dir='ltr'><strong>genitales</strong></span> <span class='ocrx_word' id='word_1_890' title='bbox 3290 5236 3466 5301; x_wconf 79' lang='lat' dir='ltr'><strong>partes</strong></span> <span class='ocrx_word' id='word_1_891' title='bbox 3492 5240 3672 5301; x_wconf 78' lang='lat' dir='ltr'><strong>ampu-</strong></span> 
     </span>
    </p>
   </div>
   <div class='ocr_carea' id='block_1_126' title="bbox 2096 5296 3670 5370">
    <p class='ocr_par' dir='ltr' id='par_1_126' title="bbox 2096 5296 3670 5370">
     <span class='ocr_line' id='line_1_129' title="bbox 2096 5296 3670 5370; baseline -0.003 -19"><span class='ocrx_word' id='word_1_892' title='bbox 2096 5296 2241 5370; x_wconf 74' lang='lat' dir='ltr'><strong>tans,</strong></span> <span class='ocrx_word' id='word_1_893' title='bbox 2268 5296 2344 5355; x_wconf 70' lang='grc' dir='ltr'><strong>ἠε</strong></span> <span class='ocrx_word' id='word_1_894' title='bbox 2385 5296 2534 5354; x_wconf 73' lang='grc' dir='ltr'><strong>άεοε’</strong></span> <span class='ocrx_word' id='word_1_895' title='bbox 2568 5302 2770 5370; x_wconf 83' lang='lat' dir='ltr'><strong>gignat,</strong></span> <span class='ocrx_word' id='word_1_896' title='bbox 2806 5318 2984 5355; x_wconf 78' lang='lat' dir='ltr'><strong>verum</strong></span> <span class='ocrx_word' id='word_1_897' title='bbox 3020 5296 3134 5355; x_wconf 54' lang='lat' dir='ltr'><strong>&#39;ltoc</strong></span> <span class='ocrx_word' id='word_1_898' title='bbox 3179 5298 3433 5370; x_wconf 82' lang='lat' dir='ltr'><strong>ﬂuctibus</strong></span> <span class='ocrx_word' id='word_1_899' title='bbox 3478 5296 3585 5370; x_wconf 79' lang='lat' dir='ltr'><strong>det,</strong></span> <span class='ocrx_word' id='word_1_900' title='bbox 3616 5301 3670 5345; x_wconf 80' lang='lat' dir='ltr'><strong>ut</strong></span> 
     </span>
    </p>
   </div>
   <div class='ocr_carea' id='block_1_127' title="bbox 2094 5368 3670 5441">
    <p class='ocr_par' dir='ltr' id='par_1_127' title="bbox 2094 5368 3670 5441">
     <span class='ocr_line' id='line_1_130' title="bbox 2094 5368 3670 5441; baseline -0.004 -17"><span class='ocrx_word' id='word_1_901' title='bbox 2094 5368 2248 5441; x_wconf 70' lang='lat' dir='ltr'><strong>deam</strong></span> <span class='ocrx_word' id='word_1_902' title='bbox 2287 5386 2489 5441; x_wconf 75' lang='lat' dir='ltr'><strong>spuma:</strong></span> <span class='ocrx_word' id='word_1_903' title='bbox 2536 5368 2701 5440; x_wconf 78' lang='lat' dir='ltr'><strong>fetum</strong></span> <span class='ocrx_word' id='word_1_904' title='bbox 2745 5372 3024 5441; x_wconf 80' lang='lat' dir='ltr'><strong>efﬁciant;</strong></span> <span class='ocrx_word' id='word_1_905' title='bbox 3065 5382 3115 5425; x_wconf 89' lang='lat' dir='ltr'><strong>et</strong></span> <span class='ocrx_word' id='word_1_906' title='bbox 3155 5368 3364 5441; x_wconf 80' lang='lat' dir='ltr'><strong>Jupiter</strong></span> <span class='ocrx_word' id='word_1_907' title='bbox 3423 5368 3670 5441; x_wconf 61' lang='lat' dir='ltr'><strong>adversus</strong></span> 
     </span>
    </p>
   </div>
   <div class='ocr_carea' id='block_1_128' title="bbox 2097 5437 3669 5513">
    <p class='ocr_par' dir='ltr' id='par_1_128' title="bbox 2097 5437 3669 5513">
     <span class='ocr_line' id='line_1_131' title="bbox 2097 5437 3669 5513; baseline -0.003 -21"><span class='ocrx_word' id='word_1_908' title='bbox 2097 5437 2388 5513; x_wconf 67' lang='lat' dir='ltr'><strong>Saturnum</strong></span> <span class='ocrx_word' id='word_1_909' title='bbox 2415 5437 2599 5495; x_wconf 80' lang='lat' dir='ltr'><strong>Patris</strong></span> <span class='ocrx_word' id='word_1_910' title='bbox 2625 5437 2861 5510; x_wconf 65' lang='lat' dir='ltr'><strong>exemplo</strong></span> <span class='ocrx_word' id='word_1_911' title='bbox 2884 5444 3179 5513; x_wconf 83' lang='lat' dir='ltr'><strong>insurgens,</strong></span> <span class='ocrx_word' id='word_1_912' title='bbox 3211 5439 3406 5503; x_wconf 81' lang='lat' dir='ltr'><strong>dulcis,</strong></span> <span class='ocrx_word' id='word_1_913' title='bbox 3439 5438 3669 5507; x_wconf 79' lang='lat' dir='ltr'><strong>inquam,</strong></span> 
     </span>
    </p>
   </div>
   <div class='ocr_carea' id='block_1_129' title="bbox 2094 5510 3007 5581">
    <p class='ocr_par' dir='ltr' id='par_1_129' title="bbox 2094 5510 3007 5581">
     <span class='ocr_line' id='line_1_132' title="bbox 2094 5510 3007 5581; baseline 0.005 -18"><span class='ocrx_word' id='word_1_914' title='bbox 2094 5510 2186 5564; x_wconf 79' lang='lat' dir='ltr'><strong>ille</strong></span> <span class='ocrx_word' id='word_1_915' title='bbox 2220 5512 2357 5581; x_wconf 86' lang='lat' dir='ltr'><strong>lapis</strong></span> <span class='ocrx_word' id='word_1_916' title='bbox 2380 5521 2429 5565; x_wconf 89' lang='lat' dir='ltr'><strong>et</strong></span> <span class='ocrx_word' id='word_1_917' title='bbox 2450 5529 2617 5567; x_wconf 72' lang='lat' dir='ltr'><strong>savus</strong></span> <span class='ocrx_word' id='word_1_918' title='bbox 2648 5514 3007 5581; x_wconf 81' lang='lat' dir='ltr'><strong>tyrannicida.</strong></span> 
     </span>
    </p>
   </div>
   <div class='ocr_carea' id='block_1_130' title="bbox 2171 5578 3672 5653">
    <p class='ocr_par' dir='ltr' id='par_1_130' title="bbox 2171 5578 3672 5653">
     <span class='ocr_line' id='line_1_133' title="bbox 2171 5578 3672 5653; baseline -0.006 -16"><span class='ocrx_word' id='word_1_919' title='bbox 2171 5578 2621 5653; x_wconf 61' lang='lat' dir='ltr'><strong>(80LBe61onac.</strong></span> <span class='ocrx_word' id='word_1_920' title='bbox 2658 5578 2748 5637; x_wconf 90' lang='lat' dir='ltr'><strong>Sic</strong></span> <span class='ocrx_word' id='word_1_921' title='bbox 2777 5591 3008 5653; x_wconf 83' lang='lat' dir='ltr'><strong>uterque</strong></span> <span class='ocrx_word' id='word_1_922' title='bbox 3036 5580 3239 5651; x_wconf 83' lang='lat' dir='ltr'><strong>Regius</strong></span> <span class='ocrx_word' id='word_1_923' title='bbox 3257 5589 3310 5636; x_wconf 94' lang='lat' dir='ltr'><strong>et</strong></span> <span class='ocrx_word' id='word_1_924' title='bbox 3337 5578 3672 5653; x_wconf 68' lang='lat' dir='ltr'><strong>Anglicanus</strong></span> 
     </span>
    </p>
   </div>
   <div class='ocr_carea' id='block_1_131' title="bbox 2094 5646 3669 5729">
    <p class='ocr_par' dir='ltr' id='par_1_131' title="bbox 2094 5646 3669 5729">
     <span class='ocr_line' id='line_1_134' title="bbox 2094 5646 3669 5729; baseline 0.003 -24"><span class='ocrx_word' id='word_1_925' title='bbox 2094 5646 2220 5705; x_wconf 84' lang='lat' dir='ltr'><strong>cum</strong></span> <span class='ocrx_word' id='word_1_926' title='bbox 2267 5646 2552 5729; x_wconf 68' lang='lat' dir='ltr'><strong>&#39;Tigurina</strong></span> <span class='ocrx_word' id='word_1_927' title='bbox 2579 5646 2841 5729; x_wconf 69' lang='lat' dir='ltr'><strong>editione.</strong></span> <span class='ocrx_word' id='word_1_928' title='bbox 2904 5646 3037 5707; x_wconf 78' lang='lat' dir='ltr'><strong>Alia</strong></span> <span class='ocrx_word' id='word_1_929' title='bbox 3092 5646 3383 5729; x_wconf 55' lang='lat' dir='ltr'><strong>editiones</strong></span> <span class='ocrx_word' id='word_1_930' title='bbox 3422 5646 3669 5729; x_wconf 55' lang='grc' dir='ltr'><strong>βέσηζριν</strong></span> 
     </span>
    </p>
   </div>
   <div class='ocr_carea' id='block_1_132' title="bbox 2094 5718 3668 5794">
    <p class='ocr_par' dir='ltr' id='par_1_132' title="bbox 2094 5718 3668 5794">
     <span class='ocr_line' id='line_1_135' title="bbox 2094 5718 3668 5794; baseline -0.002 -19"><span class='ocrx_word' id='word_1_931' title='bbox 2094 5736 2257 5794; x_wconf 82' lang='lat' dir='ltr'><strong>quam</strong></span> <span class='ocrx_word' id='word_1_932' title='bbox 2277 5718 2614 5794; x_wconf 67' lang='lat' dir='ltr'><strong>scripturam</strong></span> <span class='ocrx_word' id='word_1_933' title='bbox 2645 5724 2781 5780; x_wconf 84' lang='lat' dir='ltr'><strong>vitm</strong></span> <span class='ocrx_word' id='word_1_934' title='bbox 2803 5739 2911 5781; x_wconf 87' lang='lat' dir='ltr'><strong>non</strong></span> <span class='ocrx_word' id='word_1_935' title='bbox 2946 5739 3135 5781; x_wconf 84' lang='lat' dir='ltr'><strong>carere</strong></span> <span class='ocrx_word' id='word_1_936' title='bbox 3164 5720 3539 5794; x_wconf 85' lang='lat' dir='ltr'><strong>probavimus,</strong></span> <span class='ocrx_word' id='word_1_937' title='bbox 3564 5718 3668 5774; x_wconf 70' lang='lat' dir='ltr'><strong>Co-</strong></span> 
     </span>
    </p>
   </div>
   <div class='ocr_carea' id='block_1_133' title="bbox 2094 5792 2790 5862">
    <p class='ocr_par' dir='ltr' id='par_1_133' title="bbox 2094 5792 2790 5862">
     <span class='ocr_line' id='line_1_136' title="bbox 2094 5792 2790 5862; baseline 0.009 -19"><span class='ocrx_word' id='word_1_938' title='bbox 2094 5792 2231 5851; x_wconf 77' lang='lat' dir='ltr'><strong>hort.</strong></span> <span class='ocrx_word' id='word_1_939' title='bbox 2268 5792 2329 5850; x_wconf 89' lang='lat' dir='ltr'><strong>S.</strong></span> <span class='ocrx_word' id='word_1_940' title='bbox 2356 5792 2579 5862; x_wconf 83' lang='lat' dir='ltr'><strong>Justini,</strong></span> <span class='ocrx_word' id='word_1_941' title='bbox 2614 5812 2669 5851; x_wconf 88' lang='lat' dir='ltr'><strong>n.</strong></span> <span class='ocrx_word' id='word_1_942' title='bbox 2704 5796 2790 5850; x_wconf 73' lang='lat' dir='ltr'><strong>il.</strong></span> 
     </span>
    </p>
   </div>
  </div>
