3954 6258
301 326 395 382 825

1371 323 1631 381 ORATIO
1665 322 2036 379 ADVERSUS
2073 322 2394 383 GRIECOS.

3462 326 3569 382 8‘26

298 442 400 509 ξας
424 438 596 494 αὐτοῦ
616 439 889 509 γεγόνασι
922 438 1215 511 μυστήρια.
1262 437 1454 493 Κλαίει
1495 440 1765 513 Δημήτηρ
1789 440 1877 512 τὴι

1996 440 2132 497 teria
2156 458 2172 505 ;
2198 439 2366 497 Ceres
2390 439 2554 495 liliam
2585 440 2755 512 luget,
2785 448 2840 497 et
2865 440 3088 512 quidam
3124 457 3223 512 per
3264 440 3566 498 Athenien-

299 532 585 603 θυγατέρα,
622 531 721 586 καί
742 549 893 596 τινες
931 529 1243 585 ἀπατῶνται
1289 530 1379 585 διά
1412 532 1539 595 τοὺς
1575 530 1891 602 ’Δθηναίους

296 626 415 696 (8i).
460 626 548 678 Ἐν
571 625 653 695 τῷ
700 624 930 696 τεμένει
957 623 1052 678 τοῦ
1070 622 1326 695 Λητοΐδου
1365 622 1611 677 καλεῖταί
1648 639 1734 685 τις
1768 622 1891 691 Ὀμ-

293 718 451 787 φαλός
488 716 637 790 (82)·
671 718 701 770 6
756 716 817 769 δὲ
864 715 1135 785 Ὀμφαλὺς
1180 714 1350 784 τάφος
1404 714 1554 767 ἐστὶν
1611 712 1887 766 Διονύσου.

303 809 535 865 Ἐπαινῶ
565 826 629 863 σε
652 809 777 874 νῦν,
810 803 857 863 ὦ
884 810 1066 880 Δάφνη
1087 826 1099 839 ·
1138 808 1236 880 τὴν
1271 807 1543 878 ἀκρασίαν
1567 805 1660 859 τοῦ
1701 804 1892 857 Ἀπόλ-

290 903 451 966 λωνος
494 900 802 971 νικήσασα,
848 899 1081 972 ἤλεγξας
1124 897 1290 952 αὐτοῦ
1333 897 1430 969 τὴν
1479 896 1779 969 μαντικήν·
1808 896 1889 948 ὅτι

292 996 363 1067 μὴ
396 994 678 1065 προγνοὺς
701 993 772 1045 τά
803 992 935 1063 περὶ
959 993 1041 1057 σὲ,
1072 993 1170 1063 τῆς
1195 990 1359 1045 αὐτοῦ
1392 990 1585 1061 τέχνης
1625 990 1727 1043 οὐκ
1757 988 1891 1041 ῶνα-

286 1102 359 1139 τιο.
390 1084 622 1153 Δεγέτω
669 1101 762 1155 μοι
811 1084 907 1137 νῦν
950 1087 979 1137 6
1033 1083 1414 1155 ⁸Εκατη66λος,
1458 1081 1576 1147 πῶς
1607 1081 1890 1136 Ὑάκινθον

288 1175 622 1247 διεχρήσατο
661 1175 927 1245 Ζέφυρος.
974 1176 1219 1246 Ζέφυρος
1264 1174 1427 1228 αὐτὸν
1470 1174 1721 1243 νενίκηκε
1750 1192 1764 1205 ο
1795 1176 1890 1229 καὶ

286 1266 375 1321 τοῦ
403 1267 823 1339 τραγῳδοποιοῦ
851 1267 1126 1335 λέγοντος,

527 1359 702 1426 Αὔρα
731 1356 883 1412 θεῶν
910 1357 1107 1427 ὄχημα
1140 1355 1513 1427 τιμιώτατον,

289 1451 387 1505 ὐπὸ
415 1451 684 1523 βραχείας
726 1449 902 1520 αὐρας
945 1448 1209 1518 νικηθεὶς,
1252 1448 1504 1503 ἀπώλεσε
1555 1447 1889 1522 τὸν²ὲρώμεο

286 1560 388 1595 νον.

348 1638 399 1694 9.
442 1634 696 1689 Τοιοῦτοί
731 1633 876 1698 τινές
916 1633 1053 1685 εἰσιν
1091 1633 1140 1684 οἱ
1170 1630 1457 1702 δαίμονες·
1509 1622 1654 1685 οὗτοι
1686 1631 1737 1683 οἳ
1786 1632 1888 1710 τῂν

284 1730 624 1801 εἱμαρμένην
649 1728 876 1797 ὥρισαν.
922 1724 1267 1795 Στοιχείωσις
1310 1724 1366 1777 δὲ
1398 1724 1581 1788 αὐτοῖς
1614 1728 1646 1796 ἡ
1674 1724 1887 1789 ζὼωσις

1991 546 2080 586 ses
2110 531 2479 603 decipiuntur.
2510 529 2571 586 In
2620 533 2827 603 templo
2869 533 3142 604 Apollinis
3179 540 3266 589 est
3288 533 3448 590 locus
3474 534 3566 604 qui

1990 617 2289 690 Omphalus
2316 619 2562 675 dicitur:
2608 618 2811 675 Bacchi
2860 630 3041 678 autem
3082 622 3398 693 sepulcrum
3438 620 3557 677 0m-

1990 713 2207 783 phalus.
2241 712 2429 768 Laudo
2450 719 2504 767 te
2533 727 2702 776 nunc,
2739 727 2772 767 ο
2798 711 3043 785 Daphne,
3077 730 3200 785 quae
3225 715 3372 771 victa
3403 713 3555 785 Apol-

1990 805 2121 863 linis
2154 807 2573 877 intemperantia
2618 809 2765 864 illius
2800 807 3192 863 divinationem
3224 808 3564 876 conviceris;

1990 900 2192 969 quippe
2219 915 2346 955 cum
2381 900 2519 954 nihil
2550 916 2648 955 sua
2670 900 2825 955 illum
2870 900 3201 971 arsjuverit,
3237 909 3296 954 ut
3320 917 3409 956 res
3442 910 3564 955 tuas

1990 997 2374 1062 praenosceret.
2408 989 2565 1046 Dicat
2596 1007 2746 1047 nunc
2773 991 3192 1061 mihijaeulalor
3211 992 3547 1062 Apollo.quo

1989 1083 2151 1138 modo
2210 1082 2577 1154 Hyacinthum
2636 1082 2924 1154 Zephyrus
2966 1083 3249 1137 occiderit.
3281 1082 3563 1155 Zephyrus

1989 1189 2114 1231 eum
2140 1174 2309 1242 vicit;
2342 1181 2394 1231 et
2428 1189 2550 1231 cum
2574 1175 2820 1247 tragicus
2851 1181 3011 1245 poeta
3046 1173 3214 1241 dicat,

2304 1359 2455 1414 Aura
2482 1359 2637 1415 deum
2660 1374 2847 1414 currus
2875 1360 3177 1429 pretiosior,

1988 1451 2107 1523 ipse
2128 1449 2196 1507 ab
2224 1450 2419 1523 exigua
2449 1451 2627 1507 victus
2656 1465 2793 1505 aura
2822 1450 3058 1519 perdidit
3096 1449 3380 1505 amasium.

2057 1633 2109 1687 9.
2129 1631 2200 1685 De
2211 1630 2665 1700 superstitionibus
2680 1629 2908 1683 inductis
2924 1647 2956 1682 a
2969 1629 3317 1683 (temonibus.
3330 1625 3564 1683 —-—Tales

1987 1730 2118 1778 sunt
2167 1721 2441 1778 daemones
2483 1738 2497 1774 :
2559 1722 2614 1776 hi
2655 1729 2784 1778 sunt
2831 1722 2925 1793 qui
2991 1721 3164 1776 fatum
3204 1720 3558 1776 deﬁnierunt.

502 1793 619 1891 γάρ
647 1793 743 1873 ἐπ).
763 1820 862 1889 τῆς
892 1818 995 1889 γῆς
1018 1793 1247 1889 ἑρπετὰ,
1285 1817 1381 1870 καὶ
1402 1816 1469 1871 τά
1503 1819 1561 1870 έν
1594 1793 1704 1881 τοῖς
1730 1816 1877 1875 ὕδασι

1984 1816 2326 1871 Elementum
2359 1820 2540 1869 autem
2564 1814 2674 1869 illis
2710 1812 2812 1867 fuit
2844 1812 3159 1867 animalium
3189 1813 3243 1866 in
3278 1812 3418 1867 coelo
3444 1811 3563 1866 col-

283 1916 480 1988 νηκτά,
522 1916 625 1969 καὶ
668 1913 743 1967 τά
788 1915 881 1967 ἐπὶ
921 1915 1033 1978 τοῖς
1071 1912 1223 1983 ὄρεσι
1257 1911 1593 1983 τετράποδα,
1642 1912 1760 1983 μεθ’
1796 1906 1884 1978 ὧν

283 2007 557 2061 ἐποιοῦντο
586 2005 690 2076 τὴν
715 2006 945 2067 δίαιταν,
972 2003 1223 2075 ἓκϐλητοι
1241 2003 1339 2074 τῆς
1392 2004 1451 2055 ὲν
1491 2001 1707 2074 οὐρανῷ
1746 2003 1887 2075 διαί-

281 2119 375 2173 της
398 2098 791 2171 γεγενημένοι,
827 2097 1000 2151 ταῦτα
1035 2097 1137 2167 τῆς
1172 2094 1495 2167 ἐπουρανίου
1529 2094 1696 2166 τιμῆς
1721 2094 1885 2165 ﬂgitu—

284 2211 398 2258 σαν,
437 2194 529 2245 ἵνα
567 2208 630 2245 τε
652 2190 986 2263 νομισθῶσιν
1025 2189 1178 2242 αὐτοὶ
1202 2186 1504 2258 διατρίϐειν
1546 2188 1605 2239 ὲν
1645 2185 1879 2257 οὐρανῷ,

279 2287 370 2339 καὶ
398 2286 502 2358 τὴν
532 2284 737 2353 ἄλογον
760 2282 872 2355 (85)
892 2283 985 2335 ἐπὶ
999 2282 1104 2352 γῆς
1121 2280 1397 2334 πολιτείαν
1426 2277 1649 2348 εὔλογον
1674 2279 1763 2333 διὰ
1782 2280 1882 2350 τῆς

277 2375 636 2446 ἀπροθεσίας
684 2373 1065 2440 ἀποδείξωσιν.
1129 2373 1293 2425 Ὥστε
1337 2372 1367 2423 6
1406 2371 1657 2441 θυμικὸς,
1716 2372 1809 2424 καὶ
1851 2371 1882 2422 ὁ

279 2470 597 2541 ἐπίμοχθος,
651 2470 750 2523 κα).
784 2470 813 2522 6
859 2466 1359 2540 ἐγκρατευόμενος,
1406 2464 1500 2518 καὶ
1544 2466 1573 2518 6
1610 2463 1878 2535 ἀκρατὴς,
1913 2484 1919 2490 ·

279 2566 369 2617 καὶ
390 2566 419 2616 6
444 2562 775 2633 πτωχεύων,
820 2562 915 2615 ἀπ’
945 2560 1125 2613 αὐτῶν
1159 2559 1267 2632 (84)
1294 2561 1410 2611 ἐστι
1443 2556 1552 2609 τῶν
1582 2555 1878 2627 νομοθετη-

282 2657 482 2710 σάντων
545 2654 653 2724 τὴν
681 2655 915 2721 γένεσιν.
964 2650 1029 2703 Ἡ
1066 2649 1176 2721 γάρ
1221 2648 1316 2702 τοῦ
1358 2646 1635 2701 Ζωδιακοῦ
1676 2645 1877 2699 κύκλου

277 2749 481 2819 γραφὴ,
519 2745 666 2799 θεῶν
706 2747 822 2798 ἐστι
860 2744 1091 2815 ποίημα.
1122 2743 1233 2796 Καὶ
1266 2741 1329 2794 τὸ
1361 2738 1757 2811 ὲπικρατῆσαν,
1803 2737 1879 2802 ὥς

278 2856 453 2909 φασιν,
491 2839 618 2901 ἐνὸς
640 2836 822 2890 αὐτῶν
853 2835 969 2906 φῶς
992 2836 1118 2899 τοὺς
1154 2833 1405 2897 πλείονας
1427 2829 1836 2903 παραδραϐεύει
1859 2846 1873 2859 ο

276 2933 367 2986 καὶ
418 2934 449 2985 6
496 2929 808 3000 νικώμενος
860 2926 1103 2991 εἰσαῦθις
1158 2924 1254 2979 νῦν
1295 2924 1613 2996 ἐπικρατεῖν
1658 2920 1873 2977 εἴωθεν.

277 3021 651 3095 Εὐαρεστοῦσι
680 3020 738 3074 δὲ
778 3020 961 3082 αὐτοῖς
993 3019 1042 3071 ot
1088 3015 1225 3070 έπτά
1265 3014 1554 3085 πλανῆται,
1591 3012 1783 3083 ὥσπερ
1825 3011 1874 3065 οί

277 3118 330 3170 ὲν
361 3119 474 3180 τοῖς
496 3115 730 3210 πεσσοῖς
754 3111 1070 3210 ἀθύιροντες.
1088 3108 1303 3210 ,Ἡμεῖς
1320 3104 1499 3210 se.ng
1516 3102 1877 3210 ἐἱμαρμένης
1903 3148 1949 3210 C

276 3204 436 3273 ἐσμὲν
463 3199 762 3271 ἀνώτεροι,
790 3199 882 3253 καὶ
909 3198 1030 3251 ἀντὶ
1047 3194 1334 3267 πλανητῶν
1370 3194 1640 3266 δαιμόνων
1662 3193 1756 3247 ἕνα
1785 3191 1875 3246 τὸν

276 3294 482 3365 ἀπλανῆ
522 3291 801 3361 δεσπότην
847 3289 1248 3362 μεμαθήκαμεν
1286 3288 1381 3341 καὶ
1421 3287 1483 3339 οὐ
1524 3285 1650 3340 καθ’
1683 3288 1878 3357 εἱμαρ-

280 3387 438 3456 μένην
457 3384 752 3455 ἀγόμενοι,
779 3382 906 3441 τοὺς
931 3380 1134 3452 ταύτης
1160 3379 1456 3451 νομοθέτας
1486 3377 1874 3451 παρῃτήμεθα.

277 3478 406 3546 ,λέγε
440 3496 535 3548 μοι
571 3476 716 3547 πρὸς
751 3473 848 3527 τοῦ
889 3473 1047 3538 Θεοῦ,
1077 3473 1451 3546 Τριπτόλεμος
1496 3472 1719 3544 ἔσπειρε
1747 3473 1878 3536 τοὺς

278 3573 494 3642 πυροὺς,
514 3570 615 3622 καὶ
641 3566 784 3638 μετά
800 3566 863 3620 τὸ
883 3566 1075 3629 πένθος
1089 3566 1369 3636 εὐεργετεῖ
1381 3564 1507 3628 τοὺς
1538 3563 1874 3635 Ἀθηναίους;

276 3664 369 3717 Διά
396 3662 534 3717 τίδὲ
577 3662 614 3732 ἡ
651 3660 922 3732 Δημήτηρ
958 3658 1063 3730 τῆς
1102 3658 1372 3729 θυγατρὸς
1419 3658 1494 3730 μὴ
1536 3657 1879 3722 ἀπολωλυίας

276 3752 378 3805 τῶν
402 3750 718 3823 ἀνθρώπων
754 3748 1034 3821 εὐεργέτις
1075 3750 1176 3802 οὐκ
1219 3749 1471 3818 ἐγένετο;
1512 3748 1677 3802 Κύων
1708 3748 1736 3801 6
1775 3748 1877 3819 τῆς

287 3842 577 3913 Ἠριγόνης
604 3843 668 3895 ὲν
704 3837 920 3910 οὐρανῷ
948 3836 1242 3902 δείκνυται,
1278 3838 1373 3891 κα).
1393 3836 1663 3909 Σκορπίος
1708 3839 1736 3890 6
1777 3837 1876 3907 τῆς

287 3932 600 4004 Ἀρτέμιδος
617 3931 833 4001 βοηθὸς,
851 3931 945 3983 καὶ
966 3928 1219 3998 Χείρωνὸ
1232 3928 1562 4000 Κένταυρος,
1588 3930 1684 3982 καὶ
1703 3932 1735 4000 ἡ
1756 3928 1879 4000 ἡμί-

275 4041 432 4095 τομος
470 4021 682 4094 Ἀργὼ,
714 4022 808 4076 καί
838 4022 871 4092 ἡ
902 4020 1240 4084 Καλλιστοῦς
1263 4022 1514 4093 Ἀρκτοςο
1560 4016 1694 4075 Εἶτα
1738 4021 1873 4088 πῶς’

277 4119 400 4186 πρὶν
427 4116 664 4179 τούτους
688 4115 818 4185 περὶ
846 4112 946 4177 τάς
983 4112 1388 4184 προειρημένας
1426 4113 1655 4184 πράξεις
1723 4113 1876 4183 γενέ-

276 4209 419 4273 σθαι,
453 4208 777 4279 ἀκόσμητος
798 4202 866 4277 ἦν
891 4207 920 4259 6
943 4207 1203 4277 οὐρανός;
1237 4205 1355 4258 Τίνι
1384 4204 1442 4259 δὲ
1466 4204 1527 4258 οὐ
1570 4204 1778 4275 γελοῖον
1807 4201 1877 4259 εῖ-

273 4318 355 4357 ναι
385 4302 502 4373 (85)
549 4300 694 4364 δόξει
732 4298 795 4353 τὸ
833 4299 975 4352 κατά
1026 4300 1125 4371 μὲν
1166 4299 1318 4362 τινάς
1359 4297 1448 4352 διά
1488 4298 1587 4371 τὴν
1625 4298 1875 4353 Σικελίαν

274 4390 780 4464 ἀπροθετούμενον
834 4390 944 4461 (86)
975 4388 1272 4455 Δελτωτὺν,
1301 4388 1424 4443 κατ’
1452 4388 1627 4453 ένίους
1668 4388 1725 4442 δὲ
1774 4391 1876 4461 τῆς

339 4552 456 4617 (81)
501 4551 609 4604 Διὰ
653 4548 797 4614 τοὺς
847 4549 1214 4616 Ἀθηναιους.
1274 4548 1506 4605 Dueaaus
1536 4548 1861 4605 vertendum

272 4623 638 4683 existimavit,
670 4620 1254 4687 propterAtItenienses.
1277 4618 1384 4674 Sed
1408 4620 1593 4675 minus
1614 4620 1863 4673 animad-

275 4695 435 4747 venit
469 4692 679 4757 stvlum
707 4688 1070 4759 Tatiani,qui
1096 4691 1265 4759 paulo
1305 4697 1433 4744 ante
1487 4690 1723 4755 dicebat,
1775 4690 1865 4743 διὰ

272 4765 361 4817 τὸν
392 4761 742 4832 Μελέαγρον,
768 4775 861 4832 per
881 4758 1253 4832 __Meleagrum,
1297 4760 1385 4813 διά
1414 4760 1506 4813 τὸν
1541 4761 1862 4832 Ἥφαιστον,

271 4850 361 4902 per
419 4830 752 4902 Vulcanum.
806 4830 1047 4902 Difficilis
1102 4831 1259 4886 locus
1312 4837 1523 4885 mutata
1579 4831 1865 4902 interpun-

272 4899 451 4958 ctione
522 4901 804 4971 enitescit.
840 4901 1011 4971 Antea
1071 4902 1338 4971 scriptum
1390 4908 1508 4955 erat
1540 4921 1556 4971 ς
1590 4899 1676 4953 διά
1726 4899 1864 4965 τοὺς

284 4972 611 5045 ξΔθηναίους
638 4973 697 5045 έν
720 4970 799 5040 τῷ
819 4970 1037 5045 τεμένει
1058 4971 1153 5025 τοῦ
1188 4971 1447 5045 Λητοΐδου
1462 4970 1729 5045 καλεῖται,
1748 4980 1859 5027 etc.

271 5042 349 5099 Ex
363 5042 479 5114 quo
520 5042 767 5114 tenebras
781 5042 924 5114 eiiis
945 5057 1069 5110 quae
1094 5042 1445 5114 praecedunt,
1468 5052 1523 5095 et
1544 5042 1612 5096 iis
1628 5058 1751 5114 quas
1774 5057 1863 5114 se-

270 5110 525 5185 quuntur
548 5112 788 5185 injectus.
818 5110 991 5185 ΝυιιεΔ
1022 5110 1257 5185 utraque
1302 5110 1519 5185 facilius
1559 5110 1861 5185 explicabig

270 5180 411 5242 ritus.
466 5184 560 5237 Ait
616 5181 914 5238 Tatianus:
950 5180 1106 5236 Ceres
1159 5180 1328 5251 ﬁliam
1364 5184 1503 5251 luget
1540 5190 1589 5235 et
1620 5181 1861 5235 nonnulli

269 5272 360 5323 per
409 5254 763 5309 Athenienses
812 5251 1168 5321 decipiuntur,
1224 5253 1355 5321 quia
1397 5252 1653 5307 videlicet
1674 5268 1739 5306 ex
1766 5253 1861 5306 illo

273 5327 496 5381 Cereris
527 5325 681 5378 luctu
714 5323 981 5391 originem
1014 5324 1400 5392 mysteriorum
1432 5323 1774 5390 repetebant.
1806 5331 1862 5377 et

271 5413 411 5466 quos
446 5396 539 5450 his
578 5393 862 5466 mysteriis
924 5392 1251 5466 initiabant,
1299 5393 1366 5466 iis
1416 5394 1611 5466 multa
1639 5392 1861 5466 quidem

273 5462 415 5521 bona
444 5474 523 5527 et,
558 5472 621 5517 ut
644 5462 969 5517 ’ait'Cicero
999 5462 1074 5525 ll,
1121 5462 1196 5517 De
1234 5462 1455 5532 legibus,
1487 5479 1542 5518 n.
1592 5463 1679 5525 M,
1708 5478 1859 5532 spem

272 5539 559 5591 meliorem
620 5532 891 5589 moriendi
951 5533 1380 5603 promittebant:
1437 5534 1531 5587 sed
1560 5548 1655 5587 eos
1682 5533 1861 5602 decipi

377 5607 605 5661 nuntiat
646 5603 937 5669 Tatianus,
980 5603 1182 5673 quibus
1231 5603 1569 5659 inanissima;
1598 5604 1701 5658 illa:
1735 5617 1861 5673 Spes

296 5677 604 5733 lludebant.

343 5748 459 5815 (82)
514 5744 831 5825 puga/16c:
864 5741 982 5825 Non
1020 5741 1257 5825 l_)_elphos
1286 5743 1637 5825 ita.appel.lat
1673 5739 1861 5825 Tatia-
1920 5745 1948 5771 τ

1940 5812 2074 5891 ἑνον.
2108 5815 2185 5871 Ad
2218 5815 2365 5871 hunc
2396 5815 2575 5871 locum
2604 5822 2783 5871 exstat
2821 5813 2925 5869 hoc
2955 5812 3223 5871 scholium
3269 5812 3323 5868 in
3366 5824 3537 5878 marg.

278 5812 408 5884 nus,
440 5812 542 5875 sed
568 5812 780 5871 lucum
812 5814 868 5869 in
911 5812 1181 5884 Apollinis
1224 5812 1449 5883 templo'
1473 5812 1566 5870 ubi
1609 5814 1860 5887 sepultus

1893 4514 1941 4569 Ι)

1984 1906 2204 1961 locatio.
2232 1904 2368 1958 Nam
2393 1904 2671 1968 animalia,
2703 1904 3031 1974 quibuscum
3064 1902 3203 1959 cmlo
3228 1901 3388 1971 ejecti
3408 1900 3561 1971 dege-

1982 1997 2135 2060 bant,
2166 1995 2281 2052 sive
2310 1996 2365 2049 in
2392 1995 2557 2051 terris
2572 1996 2840 2065 repentia,
2874 1994 2990 2051 sive
3021 1994 3076 2049 in
3109 1993 3267 2064 aquis
3295 1993 3563 2056 natantia,

1984 2089 2099 2144 sive
2125 2089 2181 2142 in
2205 2087 2485 2143 montibus
2533 2086 2948 2157 quadrupedes,
2995 2084 3205 2141 caelesti
3247 2084 3455 2139 honore
3479 2082 3562 2137 di-

1983 2180 2130 2251 gnati
2162 2188 2311 2245 sunt,
2344 2190 2403 2233 ut
2423 2186 2478 2233 et
2503 2179 2607 2249 ipsi
2638 2179 2693 2232 in
2723 2178 2863 2233 ccelo
2903 2178 3115 2233 versari
3171 2177 3563 2232 existimaren-

1982 2279 2093 2339 tur,
2123 2279 2178 2328 et
2204 2272 2373 2326 vitam
2402 2272 2458 2326 in
2489 2271 2656 2328 terris
2704 2286 2736 2325 ι
2781 2270 2997 2325 ratione
3049 2270 3309 2334 alienam,
3362 2269 3562 2323 rationi

1981 2369 2405 2417 conscntaneam
2452 2376 2576 2417 esse
2620 2376 2717 2431 per
2767 2360 3012 2416 siderum
3057 2360 3389 2430 positionem
3433 2373 3563 2428 per-

1982 2453 2295 2509 suaderent.
2330 2452 2676 2523 Quapropter
2707 2451 3008 2507 iracundus
3024 2458 3079 2506 et
3101 2450 3339 2521 patiens,
3362 2457 3416 2504 et
3435 2457 3563 2503 tem-

1980 2560 2179 2617 perans
2207 2555 2261 2600 et
2289 2546 2661 2619 intemperans
2690 2552 2744 2600 et
2773 2560 2981 2616 pauper
3011 2544 3080 2598 ab
3122 2542 3316 2599 iisdem
3342 2543 3561 2612 genitu-

1979 2655 2055 2693 ra:
2086 2638 2497 2709 legislatoribus
2536 2640 2673 2695 tales
2718 2638 2999 2694 exstitere.
3028 2635 3163 2691 Nam
3195 2635 3417 2690 Zodiaci
3453 2634 3562 2689 cir-

1979 2734 2088 2788 culi
2116 2734 2413 2805 descriptio
2444 2735 2670 2790 deorum
2694 2741 2779 2789 est
2795 2749 2953 2804 opus.
2974 2731 3152 2799 Quod,
3184 2730 3231 2786 si
3254 2732 3347 2785 lux
3371 2746 3562 2786 eorum

1980 2825 2142 2880 unius
2169 2825 2483 2882 dominetur
2513 2824 2610 2899 (ita
2633 2824 2780 2880 enim
2825 2824 2931 2896 ipsi
2958 2822 3303 2895 loquuntur),
3347 2821 3563 2877 eteteris

1978 2918 2240 2974 honorem
2284 2918 2556 2990 praeripit;
2615 2926 2670 2974 et
2704 2918 2796 2989 qui
2841 2933 2991 2973 nunc
3046 2916 3309 2980 vincitur,
3363 2930 3564 2971 rursus

1978 3013 2197 3067 vincere
2230 3011 2389 3066 solet.
2422 3008 2776 3065 Delectantur
2819 3016 3001 3064 autem
3046 3013 3255 3077 septem
3302 3005 3560 3075 planetis,

1978 3105 2127 3159 velut
2157 3104 2249 3172 qui
2279 3103 2504 3158 tesseris
2534 3102 2748 3157 ludunt.
2780 3101 3104 3181 Nosiautem
3135 3109 3190 3157 et
3236 3098 3348 3155 fato
3392 3115 3559 3170 supe-

1979 3203 2152 3257 riores
2188 3216 2402 3265 sumus,
2435 3206 2489 3255 et
2531 3215 2631 3270 pro
2662 3197 2981 3255 errantibus
3010 3195 3355 3252 daemonibus
3386 3208 3560 3249 unum

1978 3292 2269 3349 Dominum
2293 3307 2403 3348 non
2431 3300 2705 3355 errantem
2729 3290 3060 3346 didicimus:
3093 3296 3146 3344 et
3163 3303 3286 3342 cum
3310 3286 3424 3341 fato
3446 3301 3559 3340 non

1976 3400 2252 3457 regamur,
2277 3384 2398 3455 ejus
2421 3382 2765 3454 legislatores
2792 3380 3097 3451 rejieimus.
3130 3378 3260 3443 Dic,
3295 3394 3415 3449 age,
3460 3393 3560 3448 per

1976 3476 2169 3539 Deum,
2200 3476 2387 3547 fruges
2412 3475 2551 3532 sevit
2574 3473 2967 3543 Triptolemus,
2999 3480 3053 3527 et
3079 3479 3203 3541 post
3237 3470 3443 3524 luctum
3470 3469 3560 3523 be—

1976 3568 2231 3625 neficium
2265 3568 2321 3622 in
2369 3566 2733 3623 Athenienses
2782 3563 3059 3620 contulit?
3095 3560 3203 3618 Sed
3233 3576 3333 3617 cur
3362 3558 3553 3622 Ceres,

1978 3670 2267 3731 antequam
2295 3660 2459 3715 filiam
2496 3660 2790 3723 amitteret,
2820 3656 3056 3713 bene‘de
3099 3653 3413 3710 hominibus
3445 3667 3559 3707 non

1975 3750 2328 3807 merebatur?
2355 3750 2522 3805 Canis
2549 3748 2816 3819 Erigones
2838 3746 2897 3802 in
2925 3747 3068 3801 emlo
3105 3752 3464 3810 monstratur;
3503 3752 3557 3797 et

1980 3840 2242 3912 Scorpius
2275 3842 2459 3897 Dianae
2488 3842 2801 3905 auxiliator,
2826 3846 2881 3895 et
2919 3838 3125 3894 Chiron
3156 3843 3475 3899 centaurus,
3499 3842 3559 3889 et

1975 3933 2122 4003 Argo
2151 3933 2431 3988 dimidiata
2468 3941 2523 3988 et
2558 3932 2819 3988 Callistus
2841 3930 2999 3986 Ursa.
3050 3928 3337 3997 Quomodo
3389 3928 3558 3997 igitur

1977 4033 2269 4096 antequam
2320 4025 2411 4080 isti
2444 4024 2704 4095 praedicta
2759 4023 3003 4078 facinora
3034 4021 3290 4084 ederent,
3332 4020 3557 4074 inorna-

1974 4128 2093 4175 tum
2124 4127 2243 4175 erat
2264 4120 2468 4173 coelum
2490 4119 2513 4172 ‘I
2534 4117 2672 4184 Quis
2701 4126 2883 4171 autem
2924 4131 3035 4170 non
3066 4113 3243 4168 rideat
3276 4111 3554 4166 Deltotum

1976 4212 2110 4268 illud
2128 4219 2352 4283 propter
2383 4210 2649 4273 Siciliam,
2670 4216 2731 4264 ut
2748 4208 3028 4263 nonnullis
3041 4206 3202 4277 252
3228 4205 3427 4276 placet,
3447 4202 3553 4266 vel,

1976 4310 2037 4357 ut
2070 4304 2212 4367 aliis,
2239 4310 2463 4373 propter
2482 4301 2715 4373 primam
2739 4299 2858 4355 Jovi
2882 4298 3264 4371 appellationis
3292 4298 3553 4357 litteram,

1976 4396 2119 4451 inter
2164 4402 2312 4450 astra
2348 4393 2767 4451 consecratum?
2793 4391 2904 4448 Cur
2941 4391 3089 4449 enim
3138 4403 3249 4445 non
3287 4386 3558 4443 Sardiniae

1966 4557 2083 4607 erat
2117 4549 2391 4606 Bacchus.

2038 4622 2152 4689 (8⁸5)
2186 4622 2293 4675 Καὶ
2315 4620 2430 4689 τὴν
2449 4620 2691 4690 ἄλογον.
2718 4618 2838 4673 Non
2862 4618 2917 4673 id
2946 4617 3083 4673 dicit
3110 4614 3561 4690 Tatianus,quodi

1967 4687 2092 4747 eum
2135 4687 2384 4746 dixisse
2411 4687 2798 4746 existimarunt
2846 4690 3200 4758 interpretes,
3242 4687 3369 4739 vitat
3398 4687 3555 4758 (Ιειρτ

1965 4763 2099 4816 riori
2132 4761 2347 4815 laudem
2378 4760 2687 4823 conciliari,
2716 4761 2845 4814 dum
2874 4756 3016 4813 coelo
3046 4756 3550 4825 consecranturqui

1967 4833 2107 4887 male
2119 4833 2392 4887 vixerunt.
2427 4830 2531 4885 Sed
2563 4832 2838 4885 daemones
2865 4845 2957 4898 per
2980 4827 3213 4883 siderum
3236 4827 3560 4898 positionem

1967 4902 2265 4973 perfecisse
2295 4902 2527 4973 dicit,ut
2552 4903 2663 4955 vita
2690 4916 2727 4973 7a
2757 4897 2971 4973 ratione
3003 4900 3179 4953 aliena
3191 4897 3397 4973 rationi
3418 4911 3559 4973 eon-

1968 4965 2230 5027 sentanea
2262 4972 2580 5038 videretur;
2610 4972 2736 5040 quia
2768 4971 2977 5025 scilicet
2993 4985 3090 5039 per
3133 4969 3373 5040 tabulam
3400 4965 3552 5040 posi-

1967 5044 2132 5098 tionis
2170 5043 2411 5099 siderum
2473 5036 2643 5096 l‘atum
2678 5036 3030 5098 induxerunt.
3065 5050 3119 5093 et
3144 5043 3257 5094 sive
3281 5038 3405 5107 quis
3434 5036 3552 5091 vir-

1967 5121 2139 5168 tutem
2192 5114 2360 5175 colat,
2395 5113 2511 5168 sive
2564 5113 2800 5165 vitiosus
2850 5112 2941 5174 sit,
2976 5110 3040 5163 ab
3077 5109 3264 5164 iisdem
3296 5108 3553 5177 genitum;

1964 5182 2403 5252 gubernatoribus
2438 5182 2567 5238 talis
2594 5182 2824 5243 exstitit,
2852 5197 2962 5235 non
2995 5181 3212 5252 propria
3244 5179 3546 5252 voluntate.

1969 5246 2178 5309 Similia
2213 5255 2478 5308 habemus
2510 5253 2673 5321 paulo
2705 5260 2831 5305 ante
2864 5268 2921 5305 η.
2950 5246 3009 5306 8ξ
3032 5246 3210 5322 Supra
3260 5246 3547 5319 legendum

1964 5324 2179 5380 videtur
2212 5339 2225 5375 :
2263 5326 2335 5376 ’Ἡ
2365 5324 2463 5394 τὴν
2479 5322 2761 5394 ἀκρασίαν
2791 5321 2908 5394 τοῦᾼ

2039 5394 2152 5464 (84)
2199 5395 2323 5448 Ἀπ’
2348 5386 2577 5447 αῠ’τῶν.’
2604 5392 2695 5446 Sic
2728 5391 2862 5464 Reg.
2893 5392 2941 5447 1.
3000 5390 3145 5464 Editi
3201 5390 3288 5464 ἐπ’
3345 5386 3545 5464 αὐτῶν.

1966 5461 2089 5517 Mox
2121 5465 2255 5532 Reg.
2288 5464 2323 5517 2
2354 5471 2408 5517 et
2437 5464 2595 5533 Angl.
2624 5461 2977 5533 cumeigur.
3017 5461 3544 5533 όνομαθετησάντων

1964 5534 2062 5618 τῂν
2094 5528 2327 5618 γένεσιν.
2363 5528 2639 5618 ϐεςμεῖτιιξ
2672 5528 2984 5618 addendum
3022 5528 3176 5618 puta}
3204 5528 3351 5618 καὶὸ
3384 5528 3550 5582 πλου-

1964 5600 2299 5673 τῶνζΡιιιιιο-
2314 5612 2437 5673 post
2470 5604 2583 5673 lege
2611 5606 2640 5656 6
2668 5601 2970 5673 νικώμενος
2999 5601 3096 5655 νῦν
3121 5600 3386 5673 εἰσαῦθις.

1918 5713 1955 5739 κ.»
2012 5675 2153 5743 ,(83)
2191 5670 2381 5729 Εἷνὰι.
2411 5670 2571 5729 Deest
2606 5674 2659 5727 in
2682 5670 2890 5744 Regi}
2922 5680 2977 5727 et
3008 5672 3174 5744 ﬁngi.

2038 5738 2152 5814 (86)
2205 5738 2792 5812 Ἀστροθετούμεινονῖ
2826 5742 2961 5812 Reg.
2998 5742 3054 5806 2,
3094 5738 3546 5814 ἀστροθετευόμε-
