3954 6258
421 315 527 371 827

1699 316 1979 374 ΤΑΤΙΑΝῘ
2020 319 2297 377 ASSYRII

3552 330 3647 385 898

420 448 640 505 quoque
668 441 722 487 et
752 431 934 504 Cypro
962 430 1162 486 coelum
1194 445 1522 487 concessum
1552 432 1576 484 ?
1601 430 1707 485 Aut
1732 447 1897 501 quam
1929 432 1997 487 ob

2107 433 2197 486 τοῦ
2220 434 2339 498 Διὸς
2380 434 2769 506 προσωνυμίας
2796 435 3149 508 πρωτότυπον
3187 438 3433 508 στοιχεῖον
3456 480 3470 503 ,
3502 441 3579 493 διὰ
3603 443 3651 494 τί

417 540 642 582 causam
671 523 822 579 lovis
854 524 1107 590 fratrum,
1144 524 1238 593 qui
1267 538 1437 594 regna
1468 524 1657 594 partiti
1703 531 1854 587 sunt,
1888 539 1997 579 non

417 620 551 689 ipsae
572 619 737 674 etiam
768 618 1073 671 litterarum
1108 616 1292 687 ﬁgura:
1331 617 1475 672 inter
1495 624 1647 672 astra
1696 623 1827 671 sunt
1856 616 2004 672 rela-

418 711 520 767 tae?
547 710 832 777 Quomodo
852 710 1071 764 vinctus
1101 707 1375 764 Saturnus
1395 716 1451 765 et
1473 724 1641 779 regno
1668 709 1877 778 ejeclus
1901 707 2000 762 fati

415 802 730 857 moderator
758 802 1158 856 constituitur?
1200 801 1309 855 Aut
1336 802 1613 872 quomodo
1638 815 1805 871 regna
1834 801 2004 855 donat

415 893 509 963 qui
533 908 641 947 non
663 894 776 963 jam
807 893 1046 963 regnat?
1075 892 1337 962 Projicite
1363 893 1532 963 igitur
1548 893 1649 947 has
1674 907 1870 964 nugas,
1898 906 2001 948 nec

415 987 622 1055 injusto
644 989 698 1041 in
730 1002 830 1041 nos
860 986 988 1040 odio
1018 984 1098 1040 fas
1128 986 1323 1054 etjura
1354 984 1573 1039 violate.

2105 526 2215 597 γὰρ
2243 526 2362 597 οὐχὶ
2389 528 2534 598 καὶὴ
2563 527 2751 599 Σαρδὼ
2771 530 2862 581 καὶ
2886 530 2919 600 ἡ
2960 530 3185 601 Κύπρος
3221 530 3276 582 ὲν
3306 530 3506 601 οὐρανῷ
3532 535 3647 586 τετί-

2109 635 2308 689 μηνται
2335 634 2349 683 ;
2376 619 2533 683 Τίνος
2553 619 2611 673 δὲ
2636 620 2822 673 ἕνεκεν
2846 621 2966 691 οὐχ).
2995 622 3089 675 καὶ
3123 620 3228 675 τῶν
3264 621 3355 675 τοῦ
3389 623 3501 686 Διὸς
3519 624 3646 677 ἀδελ-

2109 709 2247 779 φῶν,
2290 711 2339 763 οἳ
2378 711 2715 782 διενείμαντο
2742 710 2841 775 τὰς
2868 712 3145 782 βασιλείας
3176 712 3304 783 (8'7),
3342 714 3651 787 γραμμάτων

2109 801 2525 872 σχηματουργίᾳ
2561 800 2670 871 (88)
2710 802 3213 872 κατεστηρίχθησαν
3240 819 3253 867 ;
3291 803 3409 866 Πῶς
3435 820 3489 855 τε
3520 804 3547 855 ὁ
3565 822 3649 857 πε-

2107 893 2291 963 δηθεὶς
2328 893 2537 964 Κρόνος
2566 894 2662 947 καὶ
2689 895 2788 965 τῆς
2812 894 3088 965 βασιλείας
3116 894 3369 965 ἕκϐλητος
3394 896 3651 966 γενόμενος

2106 984 2205 1055 τῆς
2234 985 2574 1055 εἱμαρμένης
2598 985 2877 1056 οἰκονόμος
2911 985 3263 1052 καθίσταται;
3294 987 3412 1051 Πῶς
3436 1005 3490 1041 τε
3527 987 3660 1059 βασι-

412 1079 563 1144 λείας
599 1081 627 1132 ὁ
664 1079 859 1150 μηκέτι
897 1078 1193 1148 βασιλεύων
1221 1078 1431 1144 δίδωσι;
1458 1075 1845 1133 Καταὸάλλετε
1887 1076 2178 1150 τοιγαροῦν
2207 1076 2298 1130 τὸν
2359 1077 2549 1147 λῆρον,
2580 1078 2674 1132 καὶ
2702 1078 2777 1149 μὴ
2822 1077 2911 1131 διὰ
2963 1078 3027 1132 τὸ
3074 1084 3250 1150 μισεῖν
3294 1082 3435 1151 ἡμᾶς
3479 1081 3661 1145 ἀδίκως

413 1172 837 1243 παρανομήσητε
879 1169 1009 1241 (89).

482 1265 573 1319 10.
624 1263 763 1317 Fato
806 1280 908 1318 non
966 1264 1199 1334 indigent
1230 1279 1399 1317 mores
1434 1261 1882 1318 Christianorum.
1915 1292 1986 1303 —

410 1354 680 1410 Narratur
714 1355 964 1410 fabulosa
998 1357 1279 1411 hominum
1314 1354 1731 1409 transformatio
1762 1373 1777 1421 ;
1811 1364 1996 1411 trans-

411 1446 722 1503 formamur
747 1447 891 1518 apud
922 1462 1019 1502 vos
1047 1456 1102 1502 et
1157 1446 1252 1501 dii.
1292 1444 1444 1501 Rhea
1478 1447 1534 1499 lit
1564 1446 1761 1509 arbor;
1786 1445 1998 1516 Jupiter

411 1539 581 1594 draco
607 1552 828 1609 propter
850 1538 1235 1609 Proserpinam
1262 1558 1274 1594 :
1309 1540 1491 1609 populi
1515 1537 1873 1593 Phaethontis
1904 1553 1995 1594 so-

412 1644 568 1686 rores
595 1650 610 1699 ;
637 1630 845 1686 Latona
871 1631 978 1686 vile
1010 1631 1235 1693 animal,
1276 1638 1503 1701 propter
1556 1645 1724 1701 quam
1770 1628 1994 1701 Ortygia

411 1731 604 1776 vocata
620 1738 740 1791 quae
769 1738 916 1777 nunc
938 1722 1109 1778 Delus
1140 1729 1247 1778 est.
1288 1721 1572 1788 Deusdic,
1610 1737 1732 1792 age,
1762 1721 1820 1775 ﬁt
1851 1723 1991 1787 olor,

2164 1256 2249 1312 10.
2294 1257 2737 1328 Μεταμόρφωσις
2769 1255 3075 1328 ἀνθρώποις
3095 1258 3515 1331 μεμυθολόγηται
3540 1279 3553 1294 ·
3580 1280 3663 1335 με.

2093 1347 2502 1419 ταμορφοῦνται
2543 1346 2600 1401 δὲ
2642 1349 2771 1418 παρ’
2821 1348 2950 1424 ὑμῖν
2990 1349 3086 1400 καὶ
3139 1350 3187 1401 οί
3232 1348 3361 1403 θεοί.
3402 1353 3652 1425 Δένδρονή

2109 1438 2237 1493 Ῥέα
2264 1440 2475 1507 γίνεται
2503 1455 2517 1468 ο
2557 1438 2773 1510 δράκων
2818 1440 2874 1493 δὲ
2900 1442 2929 1493 6
2955 1442 3090 1505 Ζεὺς
3132 1442 3222 1495 διὰ
3243 1445 3341 1515 τὴν
3368 1445 3661 1517 (ιδερσέφιισφΔ

2097 1548 2197 1585 σαν
2225 1548 2237 1561 ’
2269 1530 2499 1602 αἴγειροι
2530 1533 2585 1584 αί
2611 1531 2705 1585 τοῦ
2730 1531 3027 1597 Φαέθοντος
3063 1534 3310 1605 ἀδελφαὶ,
3342 1538 3432 1589 καὶ
3455 1538 3486 1607 ἡ
3514 1537 3656 1607 Λητὼ

2096 1620 2235 1685 ζῶον
2272 1622 2507 1687 εὐτελὲς,
2537 1623 2603 1675 δι’
2641 1624 2708 1695 ἣν
2742 1624 2996 1696 Ὀρτυγία
3031 1626 3201 1697 Δῆλος
3223 1630 3256 1698 ὴ
3284 1628 3375 1682 νῦν
3402 1630 3654 1703 κέκληται.

2096 1714 2248 1779 Θεὸς,
2276 1714 2400 1768 εἰπέ
2432 1733 2542 1786 μοι,
2575 1716 2772 1779 κύκνος
2798 1717 3033 1785 γίνεται,
3062 1719 3264 1790 καὶτὴν
3290 1720 3440 1773 ἀετοῦ
3468 1721 3657 1794 μορφὴν

410 1821 467 1869 et
497 1781 692 1886 aquilae
722 1816 950 1872 formam
999 1818 1166 1889 capit,
1205 1826 1260 1872 et
1296 1818 1424 1872 dum
1445 1781 1810 1888 Ganymedem
1830 1832 1858 1870 a
1893 1832 1992 1887 po-

2107 1781 2486 1878 ὶναλαμϐάνει,
2534 1810 2629 1862 καὶ
2669 1810 2736 1862 δι’
2784 1781 3054 1880 οἰὶνοχοῖανν
3088 1811 3181 1864 τοῦ
3222 1781 3657 1884 Τανυμήδους-τῇ

411 1912 551 1967 culis
582 1913 767 1975 habet,
794 1913 861 1967 de
894 1913 1042 1982 turpi
1090 1927 1389 1981 puerorum
1449 1926 1634 1965 amore
1684 1910 1994 1981 gloriatur?

411 2001 554 2069 Quid
580 2005 772 2059 attinet
801 2005 934 2061 deos
972 2004 1154 2059 colere
1181 2018 1473 2058 munerum
1504 2017 1765 2073 aucupes,
1813 2016 1878 2057 ac
1903 2003 1991 2057 ni-

411 2098 460 2152 si
484 2097 816 2167 acceperint,
842 2096 1188 2152 irascentes?
1228 2094 1480 2150 Habeant
1523 2095 1602 2149 illi
1654 2096 1862 2158 fatum;
1892 2111 1993 2166 ego

411 2188 600 2244 stellas
629 2195 876 2243 errantes
906 2188 1137 2243 adorare
1167 2187 1314 2242 nolo.
1363 2187 1497 2254 Quis
1540 2194 1624 2243 est
1647 2188 1737 2243 ille
1766 2187 1993 2243 Bereni-

413 2296 506 2336 ces
535 2280 810 2351 capillus?
838 2280 946 2334 Aut
989 2280 1081 2336 ubi
1140 2279 1311 2336 stellae
1360 2280 1479 2349 ejus
1537 2288 1829 2351 antequam
1872 2280 1993 2351 ipsa

411 2372 756 2427 moreretur?
784 2372 1070 2438 Quomodo
1102 2380 1355 2429 mortuus
1384 2372 1658 2428 Antinous
1676 2414 1691 2438 ,
1717 2372 1993 2430 formosus

412 2466 471 2520 in
496 2465 627 2519 luna
661 2465 982 2521 adolescens
1014 2467 1412 2523 consecratus?
1446 2465 1555 2520 Aut
1585 2464 1711 2535 quis
1743 2465 1895 2520 illum
1926 2480 1994 2521 eo

411 2557 591 2611 evexit
620 2557 643 2609 ?
685 2554 801 2611 Nisi
832 2555 971 2611 forte
1013 2556 1492 2627 (quemadmodum
1526 2556 1685 2612 ﬁdem
1709 2557 1918 2613 invenit
1947 2559 1991 2612 si

410 2648 537 2719 quis
555 2664 712 2719 reges
736 2647 987 2704 mercede
1018 2650 1326 2706 conductus
1358 2651 1414 2704 in
1450 2650 1649 2704 coelum
1678 2648 1995 2705 ascendisse.

410 2754 524 2793 non
557 2741 675 2794 sine
696 2739 940 2809 perjurio
992 2754 1057 2795 ac
1086 2740 1313 2795 deorum
1345 2741 1601 2797 irrisione
1630 2740 1881 2812 alﬁrmet)
1918 2742 1993 2795 ita

411 2832 574 2885 etiam
607 2832 755 2887 hunc
788 2833 988 2903 aliquis
1017 2833 1073 2891 in
1097 2835 1230 2889 deos
1261 2833 1426 2890 simili
1480 2835 1694 2889 ratione
1726 2833 1992 2900 referens,

411 2922 651 2992 praemiis
677 2932 733 2979 et
761 2924 1083 2980 muneribus
1118 2932 1348 2982 ornatus
1393 2936 1497 2982 est.
1549 2926 1661 2981 Cur
1715 2927 1775 2982 in
1823 2926 1994 2982 Deum

408 3015 548 3071 estis
571 3015 866 3086 sacrilegi?
888 3015 999 3073 Cur
1013 3017 1260 3087 ejusdem
1280 3033 1418 3089 opus
1441 3018 1827 3075 dedecoratis?
1885 3014 2002 3071 Ma-

2096 1900 2456 1972 παιδεραστίᾳ
2494 1901 2851 1971 σεμνύνεται;
2886 1904 2951 1956 Τί
2991 1920 3080 1974 μοι
3111 1903 3290 1958 σέϐειν
3332 1904 3482 1968 θεοὺς
3514 1905 3660 1974 δωρο-

2092 1988 2323 2061 λήπτας,
2354 1991 2449 2043 καὶ
2474 1991 2879 2061 ὀργιζομένους,
2898 1990 2965 2045 ἂν
3001 1992 3074 2063 μὴ
3096 1991 3332 2046 λάϐωσιν
3360 1992 3462 2063 (90)
3489 2010 3502 2058 ;
3536 1993 3661 2063 Ἐχέ-

2097 2099 2280 2136 τωσαν
2302 2077 2446 2137 οὗτοι
2474 2082 2573 2153 τὴν
2615 2084 2951 2155 εἱμαρμένην
2979 2102 2993 2115 ο
3032 2085 3157 2149 τοὺς
3208 2085 3476 2157 πλανήτας
3510 2104 3659 2158 προσ-

2096 2176 2277 2227 κυνεῖν
2302 2174 2363 2227 οὑ
2392 2173 2672 2244 βούλομαι.
2706 2176 2805 2239 Τίς
2824 2178 2971 2229 ἐστιν
2993 2177 3022 2228 6
3048 2176 3347 2249 Βερενίκης
3373 2177 3657 2250 πλὸκαμος;

2094 2266 2205 2319 Ποῦ
2227 2266 2285 2319 δὲ
2302 2267 2353 2319 oi
2382 2266 2609 2338 ἀστέρες
2630 2267 2796 2340 αὐτῆς
2834 2268 2964 2339 πρὶν
2984 2268 3083 2340 τὴν
3120 2269 3519 2341 προειρημένην
3545 2271 3671 2324 ἀπο-

2095 2358 2306 2423 θανεῖν;
2332 2356 2460 2421 Πῶς
2484 2358 2542 2412 δὲ
2568 2360 2597 2412 6
2620 2357 2855 2422 τεθνεὼς
2904 2358 3200 2424 Ἀντίνοος,
3232 2361 3507 2431 μειράκιον
3527 2362 3579 2412 έν
3602 2360 3659 2430 τῇ

2097 2447 2299 2519 σελήνῃ
2326 2447 2525 2517 ὡραῖον
2557 2447 2877 2519 καθίδρυται
2906 2465 2922 2512 ;
2945 2448 3040 2512 Τίς
3064 2448 3092 2500 ὁ
3114 2447 3447 2513 ἀναϐιϐάσας
3476 2447 3621 2500 αὐτόν
3644 2463 3658 2511 ;

2093 2537 2157 2589 El
2187 2538 2259 2607 μή
2290 2536 2398 2608 (91)
2424 2555 2475 2589 τι
2508 2539 2602 2591 καὶ
2629 2538 2820 2592 τοῦτον
2863 2538 2957 2609 (ὡς
2995 2540 3122 2602 τοὺς
3175 2538 3445 2609 βασιλέας,
3488 2536 3659 2610 μισθοὔ

2093 2625 2159 2679 δι’
2194 2627 2481 2699 ἐπιορκίας
2510 2628 2619 2699 (92)
2636 2629 2740 2692 τὶς,
2771 2629 2898 2693 τοὺς
2926 2629 3083 2693 θεοὺς
3116 2629 3451 2699 καταγελῶν,
3478 2631 3550 2693 είς
3581 2641 3662 2683 τον

2094 2718 2322 2788 οὐρανὸν
2353 2720 2738 2791 ἀνεληλυθέναι
2773 2722 2969 2793 φήσας,
3008 2721 3396 2793 πεπίστευται)
3422 2721 3551 2775 κατά
3582 2718 3665 2771 τδν

2095 2810 2279 2882 ὅμοιον
2304 2810 2753 2885 θεολογήσας(95)
2784 2812 2950 2883 τιμῆς
2976 2814 3073 2866 καὶ
3097 2812 3308 2884 δωρεᾶς
3346 2811 3573 2881 ἠξίωται.
3602 2808 3659 2861 Τί

2099 2927 2187 2980 μοι
2206 2909 2296 2964 τὸν
2326 2911 2459 2965 Θεὸν
2490 2911 2825 2982 σεσυλήκατε
2855 2911 2999 2985 (94);
3031 2911 3096 2964 Τί
3117 2912 3179 2965 δὲ
3207 2910 3369 2965 αὐτοῦ
3398 2911 3491 2981 τὴν
3520 2907 3659 2977 ποίη-

2099 3018 2182 3055 στν
2214 3003 2528 3074 ἀτιμάζετε;
2572 3003 2733 3068 Θύεις
2759 2990 3056 3077 πρόϐατον,
3095 3005 3158 3058 τὸ
3204 3005 3248 3058 δ’
3291 3004 3419 3059 αὐτὸ
3454 3016 3661 3073 προσκυ-

410 3119 530 3166 clas
551 3116 791 3175 ovem,et
828 3109 1075 3164 eamdem
1118 3109 1354 3178 adoras;
1391 3119 1585 3166 taurus
1611 3118 1697 3168 est
1752 3113 1809 3167 in
1846 3112 1990 3169 crelo

2107 3096 2207 3158 νεϊς
2235 3093 2345 3165 (95)
2374 3111 2388 3125 ο
2416 3094 2619 3165 ταῦρος
2645 3095 2793 3149 ἐστὶν
2836 3096 2893 3148 ὲν
2939 3094 3180 3167 οὐρανῷ,
3224 3096 3319 3149 καὶ
3356 3095 3453 3166 τὴν
3498 3092 3660 3146 εἰκόνα

413 3204 469 3252 et
498 3198 617 3268 ejus
640 3200 929 3271 imaginem
963 3202 1227 3282 trucidas.
1253 3202 1304 3260 Is
1328 3220 1491 3275 quem
1526 3204 1997 3278 vocantEngona-

415 3289 502 3344 sin
528 3291 725 3360 premit
756 3292 959 3347 animal
986 3293 1243 3363 noxium;
1289 3296 1499 3353 honore
1532 3297 1765 3354 alﬁcitur
1815 3301 2000 3371 aquila

414 3382 665 3463 opiﬁcem
700 3384 941 3441 hominis
963 3385 1344 3443 Prometheum
1371 3389 1662 3459 peredens.
1687 3389 2000 3447 Praeclarus

416 3478 819 3555 sane_Cycnus,
865 3482 1125 3550 quoniam
1153 3481 1369 3537 adulter
1398 3490 1533 3538 erat.
1568 3482 1785 3555 Egregii
1810 3485 1889 3539 illi
1921 3485 2002 3539 al-

422 3568 599 3625 ternis
631 3569 827 3625 diebus
852 3571 1099 3627 viventes
1126 3572 1221 3626 ﬁlii
1259 3571 1433 3640 Jovis,
1462 3573 1698 3629 ﬁliarum
1738 3575 1997 3647 Leucippi

417 3668 691 3730 raptores.
727 3660 1087 3717 Praestantior
1123 3664 1208 3719 his
1245 3663 1483 3729 Helena,
1509 3681 1650 3736 quae,
1684 3666 1877 3721 relicto
1902 3666 2003 3719 ﬂa-

415 3753 635 3808 vicomo
685 3752 949 3819 Menelao,
998 3756 1342 3827 mitrigerum
1382 3764 1436 3813 et
1468 3757 1837 3813 abundantem
1863 3773 2001 3812 auro

417 3840 669 3900 Paridem
700 3854 886 3902 secula
910 3849 1020 3904 est!
1057 3847 1270 3920 Aiquus
1294 3849 1459 3904 etiam
1479 3851 1691 3907 exstitit
1720 3848 1996 3921 Sophron,

420 4042 561 4121 Reg.
688 4046 1037 4121 negatae
1067 4048 1209 4121 ibi?»
1240 4048 2003 4121 Alyﬁm¢p,<paaiv,leodpe-

420 4110 707 4189 νονᾌέλτα
734 4117 793 4169 οὐ
811 4117 973 4189 (legit
1002 4118 1030 4170 ὃ
1072 4118 1264 4173 Edilor
1297 4110 1772 4189 Oxon.)7t0toﬁotv
1797 4110 2001 4175 ἄνωθεν

423 4184 522 4254 μὲν
546 4185 783 4262 ὁ-Νεζλος
805 4184 1145 4262 διιστάμενος
1166 4190 1267 4262 ,ἀφ’
1284 4190 1416 4262 ,ἐνὸς
1440 4184 1757 4262 τοῦ-ἑαυτοῦ
1793 4190 1998 4262 ῥεύμα-

419 4270 511 4317 τος
550 4257 629 4319 είς
660 4255 774 4318 δύο,
814 4255 1056 4311 κάτωθεν
1079 4259 1137 4311 δὲ
1158 4259 1340 4381 nemo;
1379 4255 2003 4331 Ἀλεξάνδρειανθάλασ-

422 4340 509 4381 σα.
543 4327 623 4381 είς
646 4326 711 4381 ἣν
742 4327 809 4379 τὰ
831 4328 1073 4381 στόματα
1101 4345 1194 4381 του
1277 4328 1417 4380 ειλου
1443 4329 1654 4381 ἐκδιδοῖ.

422 4327 623 4398 canet;
646 4326 711 4395 ἢν
742 4327 809 4379 τὰ
831 4328 1073 4398 στόματα
1101 4326 1194 4381 τοῦ
1226 4326 1417 4381 Νείλου
1443 4326 1654 4383 ἐκδιδοῖ.

491 4393 605 4466 (87)
644 4393 987 4464 Βασιλείᾱς.
1024 4398 1182 4452 Hunc
1226 4399 1406 4454 locum
1451 4400 1691 4455 illustrat
1724 4398 2001 4459 Gesnerus

2102 3188 2355 3257 σφάττεις
2382 3186 2568 3240 αὐτοῦ.
2604 3187 2751 3243 Ζῶον
2774 3188 3010 3260 πονηρὸν
3044 3190 3074 3242 6
3121 3187 3403 3260 Ἐνγόνασι
3448 3187 3547 3259 (96)
3581 3186 3662 3238 ὲκ-

2103 3279 2273 3333 θλίϐει
2297 3297 2311 3311 ο
2340 3283 2434 3335 καὶ
2460 3280 2551 3334 τὸν
2581 3279 2993 3353 ἀνθρωποποιὸν
3016 3282 3316 3353 Προμηθέα
3358 3276 3671 3349 καταφαγὼν

2100 3373 2256 3436 ἀετὸς
2276 3374 2581 3444 τετίμηται.
2606 3373 2786 3438 Καλὸς
2807 3374 2836 3425 6
2855 3373 3088 3439 Κύκνος,
3107 3375 3195 3427 ὅτι
3212 3366 3393 3446 μοιχὸς
3413 3370 3494 3445 ἦν.
3510 3369 3661 3425 Καλοὶ

2100 3463 2156 3517 δὲ
2192 3465 2286 3517 καὶ
2315 3465 2365 3517 οἱ
2430 3466 2781 3538 έτεροήμεροι
2834 3464 3155 3536 Διόσκουροι
3211 3466 3321 3519 τῶν
3378 3460 3658 3518 Λευκιππί-

2100 3557 2204 3611 δων
2236 3560 2283 3612 οἱ
2315 3561 2610 3631 άρπασταί.
2667 3559 2948 3631 Κρείττων
2994 3561 3029 3631 ή
3076 3560 3294 3632 Ἑλένη,
3323 3562 3411 3615 τὸν
3439 3560 3531 3631 μὲν
3574 3571 3662 3609 κα-

2103 3649 2365 3721 ρήξανθον
2393 3652 2669 3706 Μενέλαον
2692 3652 3089 3718 καταλιποῦσα,
3125 3654 3211 3721 τῷ
3261 3654 3317 3708 δὲ
3368 3649 3667 3725 μιτρηφόρῳ

2102 3743 2196 3796 καὶ
2235 3743 2562 3816 πολυχρύσῳ
2587 3745 2780 3816 Πάριδι
2807 3746 3303 3800 κατακολουθοῦσα.
3338 3746 3542 3807 Δίκαιος
3579 3740 3659 3793 καὶ

2105 3832 2335 3905 σώφρων
2360 3835 2468 3907 (97)
2490 3837 2518 3888 6
2565 3836 2664 3909 τὴν
2680 3836 3123 3908 ὲκπορνεύσασαν
3159 3840 3242 3902 είς
3277 3836 3492 3891 Ἡλύσια
3523 3830 3660 3885 πεδία

2100 4041 2275 4114 thesis
2324 4059 2487 4114 spero
2538 4060 2625 4101 me
2673 4045 2852 4101 lucem
2903 4047 3026 4103 loco
3060 4046 3386 4102 ditﬁcillimo
3416 4045 3657 4101 attulisse.

2102 4111 2308 4185 Ibidem
2354 4111 2592 4171 Crabius
2620 4115 2744 4172 Not.
2775 4118 2831 4171 in
2864 4117 3021 4185 Apol.
3052 4117 3263 4175 Justini
3293 4134 3347 4173 ιι.
3378 4117 3466 4181 21,
3498 4116 3660 4185 legen-

2102 4182 2233 4237 dum
2262 4192 2417 4253 putat
2439 4186 2595 4247 θεοὺς
2629 4182 3032 4253 καταγγέλλων.

2173 4254 2730 4328 (95)-Θεολοιςήσας.
2768 4254 2860 4311 Sic
2884 4258 3018 4328 Reg.
3045 4265 3277 4328 uterque
3309 4276 3325 4317 :
3357 4257 3485 4312 editi
3508 4255 3663 4328 θεολο-

2101 4324 2762 4464 ῐέἓαεςὲτειηιίτάυξωπυε
2796 4324 3050 4453 ιατξι
3076 4324 3323 4401 εὀμὴρον

2215 4412 2244 4450 e
2326 4413 2358 4449 u
2485 4413 2664 4452 Ieur
2695 4415 2799 4451 κατ
2863 4416 2893 4451 τ
2984 4414 3154 4464 μοιον.

2326 4413 2417 4470 um
2447 4413 2664 4470 vruetur
2695 4413 2838 4451 κατα
2863 4413 2924 4451 το
2951 4413 3154 4470 ομοιον.

419 4464 593 4535 petita
618 4482 686 4538 ex
716 4467 878 4536 nugis
900 4470 1300 4538 astrologorum
1324 4470 1729 4524 observatione.
1765 4468 1824 4524 Si
1858 4474 1997 4538 geni-

2178 4466 2293 4537 (94)
2341 4468 2402 4520 Τί
2419 4483 2522 4536 μοι
2553 4468 2663 4521 τὸν
2692 4470 2839 4521 Θεὸν
2865 4464 3253 4535 σεσὺλήκατε
3279 4486 3296 4531 ;
3318 4483 3509 4538 nempe
3532 4466 3663 4538 illius

421 4545 556 4588 tura!
586 4536 999 4610 gubernaculum
1052 4536 1329 4610 accipienti
1365 4538 1621 4600 Saturno,
1652 4541 1831 4610 inquit
1858 4536 2002 4597 Pon-

419 4614 586 4660 tanus
615 4606 708 4683 lib.
737 4624 851 4683 vin,
888 4623 1009 4683 cap.
1039 4609 1094 4671 2,
1127 4610 1194 4663 de
1227 4609 1391 4664 rebus
1434 4606 1774 4675 cmlestibus,
1822 4630 2005 4683 oppor-

420 4684 646 4753 tunaque
668 4678 721 4729 in
749 4677 862 4753 loco
885 4677 1507 4753 collocato,‘_opportun0
1553 4684 1715 4736 etiam
1772 4699 1832 4735 ac
1855 4677 2005 4753 felici

414 4746 584 4821 cnloco
615 4746 858 4821 bene/ica:
884 4750 1052 4803 stellw
1083 4746 1403 4820 suffragium
1442 4754 1792 4815 contulerint,
1834 4746 2003 4821 sitque

416 4815 612 4894 diurna
631 4815 906 4894 genitura;
934 4831 1091 4894 natus
1125 4815 1214 4873 ille
1250 4815 1464 4894 futurus
1496 4823 1832 4894 estinobilis,
1870 4815 2005 4894 prae.

417 4887 683 4961 clarisque
706 4890 760 4942 in
791 4891 1087 4944 actionibus
1116 4908 1177 4944 ac
1190 4887 1411 4960 negotiis
1428 4887 1998 4961 versabilurJzonores,

416 4956 725 5037 dignitates,
757 4962 1206 5037 magistratusque
1240 4956 1640 5037 consecuturus,
1672 4981 1800 5034 quos
1824 4956 1997 5037 signa,

419 5030 557 5090 loca,
585 5030 965 5112 signorumque
994 5033 1231 5100 ipsorum
1260 5032 1483 5100 domini,
1514 5030 1793 5105 eorunique
1835 5030 2001 5107 conﬁ-

416 5102 721 5169 gurationes
744 5102 1152 5170 pollicebantur.
1706 5102 1715 5105 Ὗ
1936 5102 1946 5107 ’

619 5174 1158 5246 -Σχηματσυργίᾳζ
1183 5172 1508 5246 [θεθηόιιῐηγ
1536 5175 1822 5245 Σχηματου
1833 5177 1997 5246 ργίαι.

513 5239 1103 5379 89ζηαρανομήσήτε.
1126 5239 1292 5367 Reg]
1319 5245 1535 5313 etAngl.
1562 5239 1996 5317 τῖαρανομίσήτε.

514 5309 583 5364 90
650 5312 760 5364 Ἂν
778 5310 864 5379 μὴ
894 5315 1181 5367 λάϐωσιν.
1259 5329 1343 5379 eg.
1379 5316 1405 5370 1
1441 5315 1507 5369 ἂν
1539 5315 1796 5379 λάϐωσιν,
1829 5326 1882 5373 et
1903 5336 1996 5375 su-

514 5309 605 5386 9_(l)
650 5312 760 5364 Ἂν
778 5310 864 5386 μὴ
894 5315 1181 5367 λάϐωσιν.
1210 5309 1343 5386 Reg.
1379 5316 1405 5370 1
1441 5309 1507 5369 ἃῖν
1539 5309 1796 5381 λάϐωσιν,
1829 5326 1882 5373 et
1901 5309 2000 5375 su-

417 5379 745 5453 pralineam
778 5379 870 5453 μή.

494 5449 607 5521 (91)
644 5454 713 5527 βε
740 5449 848 5519 μ’ήζ
879 5451 1130 5527 lta_Reg.
1164 5464 1417 5525 uterque,
1467 5456 1653 5527 Angl.,
1698 5456 1886 5527 Tigur.
1948 5468 2001 5515 et

421 5517 896 5599 h’ront'opuaeus.
920 5522 1053 5599 _Se‘d
1080 5517 1413 5599 'legendum'
1445 5517 1669 5582 videtur
1702 5517 1852 5599 εἶ’μή
1891 5547 1994 5593 τις.

422 5589 855 5657 Λιίεελεᾱίιίοηθδ
887 5596 935 5645 εἰ
967 5594 1041 5657 μὴ
1066 5589 1179 5647 καίῖ

499 5655 612 5740 (ἐλᾷ)
650 5661 883 5740 Μισρρῇ
904 5655 987 5740 ’δι”
1006 5655 1327 5740 ὲᾳιςρκζᾳς.
1359 5666 1449 5721 Sic
1464 5667 1598 5740 Reg.
1630 5676 1857 5740 u_terquc
1873 5685 1996 5723 cum

425 5728 748 5793 Anglicano.
777 5731 916 5788 Editi
939 5728 1183 5802 μισθοῖίῆ
1215 5728 1609 5806 δι”ὲπιορκίαᾌ
1644 5728 1989 5809 Ορε’[ιιιι¹θη-

488 5169 510 5381 l

2106 4536 2307 4590 nomen
2331 4544 2385 4590 et
2414 4538 2623 4591 cultum
2651 4539 2707 4592 in
2744 4554 2833 4594 res
2855 4549 3070 4594 creatas
3102 4536 3501 4594 transferendo.
3535 4536 3662 4590 Intra

2104 4622 2164 4728 2,
2198 4607 2271 4687 12.
2293 4606 2570 4688 daemones
2587 4618 2855 4664 vocantur
2884 4609 3081 4681 λῃσταὶ
3124 4609 3397 4680 θεότητος,
3455 4609 3661 4661 latrones

2144 4687 2425 4728 immtatis.

2144 4678 2425 4731 ivinitatis.

2175 4748 2300 4820 (95),
2326 4749 2717 4820 Προσκξυνεῖς.
2746 4748 2950 4804 Fronto
2967 4748 3198 4820 Ducaeus
3224 4747 3657 4820 καὶ-προσκυνεῖς.

2104 4815 2228 4871 Vid.
2268 4819 2425 4886 Apol.
2459 4834 2475 4871 ι
2523 4818 2726 4873 Justini
2762 4838 2814 4875 ιι.
2845 4820 2937 4874 24.
2993 4819 3265 4875 Praeclare
3313 4815 3399 4873 S.'
3430 4819 3659 4873 Clemens

2104 4888 2304 4962 Strom.
2333 4904 2386 4957 p.
2408 4888 2521 4962 635
2541 4908 2552 4942 :
2575 4892 2684 4943 Καὶ
2713 4890 2781 4943 τὰ
2812 4890 2915 4943 ἴδια
2940 4890 3206 4962 βρώματα
3224 4890 3450 4962 βροτοῖς,
3468 4887 3660 4962 θύματα

2104 4959 2287 5012 θύουσι
2336 4960 2430 5031 καὶ
2489 4961 2658 5031 νεκρὰ
2700 4964 2909 5031 νεκροῖς
2941 4957 3372 5031 προσφέροντες,
3415 4957 3661 5031 ᾡςῃθεοῖς,

2104 4978 2287 5012 υυουσι
2336 4978 2430 5012 και
2489 4978 2658 5031 νεκρα
2700 4978 2795 5014 νεκ
2863 4979 2909 5025 ες
2951 4980 2992 5014 π
3061 4978 3372 5031 σφεροντες,
3415 4978 3486 5023 ως
3517 4978 3661 5018 υεοις,

2101 5029 2458 5101 ἀχαριστοῦλσι
2493 5029 2571 5099 τῷ
2615 5030 2753 5100 Θεῷ.
2793 4978 3105 5101 ἄεθηίῆῗω
3157 5030 3377 5085 videtur
3406 5027 3662 5101 ﬁglinum

2107 5098 2353 5172 βρωτοῖς,
2389 5098 2603 5170 θύματα
2636 5098 2837 5172 θύμασι
2866 5098 3143 5166 νειθύεσι,
3169 5102 3315 5156 cibos
3344 5098 3491 5165 cibis,
3531 5098 3667 5152 victi-

2103 5187 2217 5223 mas
2245 5171 2469 5224 victimis
2506 5171 2802 5239 offerentes.

2172 5237 2637 5315 (segniusiam.
2659 5241 2862 5315 Fronto
2879 5243 3174 5313 ὲνγόνασις.
3195 5241 3402 5297 Ibidem
3420 5238 3556 5315 Reg.
3567 5237 3598 5291 2
3616 5243 3663 5315 et

2100 5308 2260 5381 An‘gl.
2277 5308 2467 5384 θλίϐει.
2483 5312 2796 5383 Engonasin
2817 5308 3031 5384 signum
3046 5316 3103 5384 in
3116 5316 3257 5367 coelo
3272 5308 3523 5384 est.quo{l
3540 5308 3664 5361 Lati-

2101 5399 2169 5437 ne
2196 5379 2544 5451 lngeniculus
2572 5379 2823 5449 vocatur,
2853 5379 2907 5439 et
2935 5392 3020 5440 est
3043 5383 3325 5445 Hercules,
3356 5379 3443 5451 qui
3490 5379 3664 5433 dextro

2100 5469 2240 5524 genu
2276 5453 2439 5506 nixus
2476 5454 2705 5509 sinistro
2744 5455 2879 5526 pede
2911 5455 3108 5526 capitis
3144 5454 3405 5507 draconis
3434 5451 3659 5505 dextram

2101 5536 2313 5593 partem
2343 5526 2653 5591 opprimere
2676 5524 2927 5580 conatur.
2954 5524 3255 5581 Gssxsnus.

2171 5592 2553 5667 (97λΔίκαιος
2576 5597 2673 5649 καὶ
2707 5598 2981 5666 σώφρων.
3019 5596 3143 5651 Haec
3174 5595 3243 5649 de
3278 5594 3558 5667 Sophrone
3584 5600 3661 5667 ac-

2100 5660 2273 5736 t‘ipio.
2296 5664 2503 5738 insigni
2535 5660 2813 5738 scriptore
2834 5660 2887 5724 et
2915 5667 3204 5735 statuario,
3241 5660 3374 5722 non'
3398 5665 3465 5721 de
3506 5660 3657 5734 probo

2102 5747 2154 5793 et
2180 5738 2410 5795 honesto
2440 5736 2575 5793 viro.
