3954 6258
330 316 426 373 829

1411 320 1670 379 ORATIO
1700 322 2074 382 ADVERSUS
2102 313 2431 382 Gnaeos:

3496 332 3607 388 830

330 425 737 503 patareliemtbg.
790 429 946 483 Ἀλλ’
970 431 1138 504 οὐδὲὴ
1159 433 1425 506 Τυνδαρὶς
1454 436 1915 507 ἀπηθανάτισται·

2030 436 2113 506 qui
2140 437 2284 492 hanc
2316 437 2664 495 meretricem
2695 438 2753 495 in
2794 454 3021 511 campos
3053 440 3270 512 Elysios
3298 448 3604 503 transtulit.

326 524 415 578 καὶ
438 520 615 591 σοφῶς
643 524 672 576 ὁ
696 522 1008 595 Εὐριπίδης
1043 525 1147 579 ὑπὸ
1181 525 1436 597 Ὀρέστου
1479 528 1587 597 (98)
1618 530 1716 600 τῆς
1741 546 1921 600 προει-

325 614 557 688 ρημένης
593 614 861 684 γυναικὸς
888 616 991 686 τὴν
1022 616 1297 688 ἀναίρεσιν
1338 621 1736 691 παρεισήγαγε.

390 707 475 761 ii.
508 706 635 771 Πῶς
665 703 763 760 οὖν
792 708 1016 776 γένεσιν
1045 709 1142 780 τὴν
1177 709 1300 762 καθ’
1336 712 1680 785 εἱμαρμένην
1726 714 1922 767 ἀποδέ-

324 801 498 871 ξομαι,
522 799 810 863 τοιούτους
839 800 1017 870 αὐτῆς
1044 803 1168 865 τοὺς
1199 804 1514 875 οἰκονόμους
1540 805 1796 878 Θεωρῶν;
1823 809 1925 862 Βα-

324 892 547 946 σιλεύειν
572 894 635 944 ού
666 891 810 945 θέλω
834 910 848 922 ·
895 892 1145 948 πλουτεῖν
1166 896 1227 947 ού
1253 894 1516 967 βούλομαι
1538 914 1550 927 ο
1569 896 1667 968 τὴν
1693 915 1923 971 στρατη-

322 985 438 1052 γίαν
460 984 799 1054 παρῄτημαι
823 1001 836 1012 ·
868 984 1127 1055 πορνείαν
1178 985 1460 1058 μεμίσηκά
1483 1004 1495 1017 '
1541 989 1920 1045 ναυτίλλεσθαι

319 1075 400 1127 διὰ
428 1074 530 1144 τὴν
568 1075 886 1145 ἀπληστίαν
934 1077 1035 1128 ούκ
1064 1076 1368 1149 ἐπιτηδεύω
1390 1095 1403 1109 ·
1447 1080 1745 1150 στεφάνους
1774 1081 1918 1152 ἔχειν

319 1167 415 1217 οὐκ
440 1164 817 1236 ἀγωνίζομαι,
848 1165 1174 1236 δοξομανίας
1207 1166 1314 1238 (99)
1347 1168 1701 1241 ἀπήλλαγμαι
1720 1188 1733 1201 ·
1765 1171 1921 1225 θανά-

318 1274 407 1309 του
428 1257 769 1327 καταφρονῶ
791 1274 803 1286 ’
829 1256 987 1309 νόσου
1013 1256 1356 1330 παντοδαπῆς
1379 1259 1651 1332 ἀνώτερος
1676 1262 1917 1334 γίνομαιο

320 1348 455 1418 λύπη
485 1364 591 1418 μου
626 1346 729 1418 τὴν
769 1347 952 1418 ψυχὴν
981 1347 1081 1401 οὐκ
1124 1348 1423 1403 ἀναλίσκει.
1474 1351 1670 1416 Δοῦλος
1707 1352 1801 1406 έάν
1845 1348 1911 1419 ὦ,

318 1439 559 1493 δουλείαν
590 1439 872 1509 ὑπομένω·
902 1439 1005 1494 κᾶν
1037 1440 1322 1515 ἐλεύθερος
1350 1444 1601 1515 ὑπάρχω,
1619 1445 1718 1518 τὴν
1764 1447 1920 1515 εὐγέ-

319 1550 464 1587 νειαν
490 1532 554 1584 οὐ
588 1531 955 1603 σεμνύνομαι.
989 1533 1092 1587 Τὸν
1110 1533 1263 1604 ἥλιον
1296 1534 1408 1607 ὁρῶ
1449 1536 1668 1591 πάντων
1702 1540 1792 1592 τὸν
1822 1540 1921 1593 αὑ-

314 1624 425 1688 τὸν,
461 1624 562 1676 ἕνα
586 1624 649 1677 δὲ
680 1623 823 1677 κατά
847 1623 1064 1678 πάντων
1086 1625 1177 1679 τὸν
1200 1625 1428 1680 θάνατον
1469 1627 1538 1681 δι’
1580 1630 1775 1701 ἡδονῆς
1825 1632 1920 1685 καὶ

316 1717 729 1789 ἐλαττώματος.
766 1719 825 1771 Ὀ
857 1718 1111 1783 πλούσιος
1142 1719 1374 1791 σπείρει,
1425 1723 1520 1774 καὶ
1564 1725 1593 1777 ό
1617 1724 1784 1797 πένης
1813 1726 1917 1797 τῆς

316 1809 483 1879 αὐτῆς
546 1810 769 1880 σπορᾶς
827 1809 1231 1881 μεταλαμϐάνει
1258 1829 1271 1841 ·
1313 1811 1634 1868 τελευτῶσιν
1672 1818 1720 1868 οἱ
1767 1817 1922 1870 πλου-

317 1899 594 1964 σιώτατοι,
623 1901 723 1953 καὶ
756 1901 805 1953 οἱ
834 1901 1217 1971 μεταιτοῦντες
1259 1902 1359 1974 τὴν
1394 1905 1561 1977 αὐτὴν
1602 1906 1784 1977 έχουσι
1824 1908 1919 1962 τοῦ

318 1991 428 2061 βίον
456 1992 845 2063 περιγραφήν.
869 1990 1137 2047 Πλειόνων
1165 1993 1457 2064 χρῄζουσιν
1479 1997 1527 2048 οἱ
1542 1995 1917 2062 πλουτοῦντες,

318 2084 405 2135 καὶ
416 2083 482 2136 δι’
499 2082 857 2149 ἀξιοπιστίας
880 2080 1017 2153 μετά
1029 2082 1125 2153 τῆς
1140 2081 1297 2153 δόξης
1312 2083 1553 2151 γίνονται
1566 2084 1584 2153 (
1593 2084 1660 2154 1)·
1686 2085 1853 2157 πένης
1863 2084 1921 2138 δὲ

318 2175 405 2227 καὶ
426 2175 454 2226 ὁ
482 2170 886 2243 μετριώτατος,
917 2172 1025 2225 τῶν
1053 2171 1174 2225 καθ’
1208 2172 1398 2226 ἑαυτὸν
1421 2173 1723 2245 ἐφιέμενος,
1752 2176 1922 2245 εὐμαα

321 2269 469 2339 ρέστε
479 2284 575 2339 ρον
600 2266 967 2337 περιγίνεται.
984 2265 1049 2318 Τί
1066 2283 1153 2335 μοι
1168 2264 1241 2337 (2)
1259 2266 1554 2339 καθέίμαρ
1562 2266 1731 2339 μένην
1756 2268 1922 2339 ἀγρυ-

316 2360 464 2420 πνεῖς
475 2356 568 2409 διὰ
586 2354 992 2428 φιλαργυρίαν;
1016 2356 1136 2409 τίδέ
1158 2374 1268 2427 μοι,
1295 2358 1413 2411 καθ’
1441 2358 1780 2431 εἱμαρμένην
1798 2359 1923 2413 πολ-

317 2449 470 2511 λάκις
500 2447 862 2519 ὀρεγόμενος,
898 2447 1158 2512 πολλάκις
1182 2449 1576 2521 ἀποθνήσκεις;
1601 2450 1914 2523 ἀπόθνησκε

320 2539 392 2609 τῷ
412 2539 631 2609 κόσμῳ,
664 2538 1100 2611 παραιτούμενος
1116 2540 1211 2612 τὴν
1224 2544 1282 2596 ὲν
1295 2541 1443 2613 αὺτῷ
1459 2542 1674 2612 μανίανο
1701 2544 1824 2614 ζῆθι
1838 2544 1917 2615 τῷ

322 2630 455 2701 Θεῷ,
479 2630 572 2683 διά
587 2630 691 2699 τῆς
712 2629 908 2682 ἑαυτοῦ
928 2631 1282 2703 καταλήψεως
1301 2632 1488 2705 (5)τὴν
1506 2634 1741 2688 παλαιὰν
1776 2636 1923 2704 γένε-

324 2738 402 2773 σιν
444 2718 913 2789 παραιτούμενος.
944 2720 1059 2772 Οὐκ
1079 2720 1379 2791 ἐγενόμεθα
1413 2720 1549 2792 πρὸς
1585 2722 1645 2775 τὸ
1675 2721 1912 2792 ἀποθνή-

325 2827 490 2875 σκειν,
527 2809 956 2880 ἀποθνήσκομεν
980 2809 1036 2863 δὲ
1062 2809 1128 2863 δι’
1156 2810 1402 2875 ἑαυτούς.
1442 2809 1747 2865 Ἀπώλεσεν
1774 2812 1923 2883 ἡμᾶς

324 2904 381 2956 τὸ
412 2901 807 2966 αὐτεξούσιονσ
835 2902 1012 2955 δοῦλοι
1050 2903 1350 2974 γεγόναμεν
1392 2904 1442 2957 οἱ
1487 2903 1787 2976 ἐλεύθερον
1834 2904 1924 2958 διὰ

323 2997 417 3066 τὴν
449 2994 735 3065 ἁμαρτίαν
763 2993 1106 3064 ὲπράθημεν.
1134 2995 1301 3049 Οὐδὲν
1319 2995 1523 3065 φαῦλον
1546 2996 1652 3050 ὑπὸ
1678 2996 1771 3050 τοῦ
1786 2996 1920 3050 Θεοῦ

328 3085 661 3155 πεποίηται’
689 3082 789 3153 τὴν
832 3083 1098 3155 πονηρίαν
1146 3087 1307 3156 ἡμεῖς
1347 3086 1727 3158 ἀνεδείξαμεν·
1774 3089 1823 3140 οἱ
1866 3087 1923 3140 δὲ

329 3175 712 3242 ἀναδείξαντες
739 3175 956 3228 δυνατοὶ
990 3175 1147 3229 πάλιν
1173 3177 1635 3247 παραιτήσασθαι.

401 3266 481 3319 12.
538 3265 649 3319 Δύο
680 3266 1009 3336 πνευμάτων
1042 3266 1304 3338 διαφορὰς
1334 3267 1410 3339 (4)
1447 3266 1604 3339 ῐσμεν
1629 3269 1814 3339 ἡμεῖς,
1847 3260 1924 3323 ὧν

329 3357 387 3411 τὺ
419 3358 517 3428 μὲν
550 3358 804 3412 καλεῖται
834 3357 1012 3429 ψυχή’
1052 3358 1112 3411 τὸ
1150 3358 1207 3412 δὲ
1242 3358 1426 3429 μεῖξον
1459 3359 1561 3431 μὲν
1588 3361 1687 3432 τῆς
1718 3360 1919 3432 ψυχῆς,

331 3449 458 3503 Θεοῦ
488 3450 551 3503 δὲ
585 3448 755 3502 εἰκὼν
784 3451 883 3504 καὶ
912 3450 1189 3520 ὁμοίωσις.
1240 3451 1508 3522 Ἑκάτερα
1540 3451 1599 3505 δὲ
1630 3452 1782 3524 παρὰ
1812 3456 1924 3517 τοῖς

329 3540 639 3612 ἀνθρώποις
663 3543 778 3605 τοῖς
813 3540 1049 3612 πρώτοις
1074 3542 1339 3614 ὑπῆρχεν,
1367 3544 1458 3597 ἵνα
1486 3543 1549 3596 τὸ
1582 3543 1681 3615 μέν
1713 3561 1767 3597 τι
1791 3537 1924 3599 ὧσιν

328 3633 501 3687 ὖλικοὶ
520 3675 535 3699 ,
571 3634 635 3687 τὸ
659 3633 717 3687 δὲ
741 3632 1005 3706 ἀνώτεροι
1035 3635 1133 3707 τῆς
1165 3634 1317 3706 ὕλης.
1358 3636 1513 3707 Ἔχει
1544 3636 1601 3689 δὲ
1633 3635 1794 3690 οὕτωο
1815 3638 1922 3691 πᾶ-

331 3743 426 3781 σαν
456 3728 610 3779 ἐστιν
646 3727 776 3779 ἰδεῖν
808 3724 900 3779 τοῦ
947 3726 1151 3797 κόσμου
1197 3726 1294 3798 τὴν
1326 3728 1671 3799 κατασκευὴν
1704 3727 1924 3799 σύμπα-

332 3817 429 3870 civ
459 3835 523 3871 τε
552 3816 655 3888 τὴν
689 3814 911 3886 ποίησιν
943 3818 1230 3883 γεγονυῖαν
1271 3814 1346 3887 (5)
1391 3814 1451 3882 ἐξ
1494 3814 1625 3887 ὕλης
1644 3855 1659 3879 ,
1706 3816 1798 3869 καὶ
1826 3815 1925 3886 τὴν

330 3906 463 3979 ὕλην
494 3907 557 3961 δὲ
595 3906 772 3977 αὐτὴν
805 3905 912 3959 ὑπὸ
939 3906 1033 3959 τοῦ
1068 3905 1200 3960 Θεοῦ
1226 3906 1503 3979 προ6ε6λη
1515 3906 1681 3977 μένην
1701 3947 1716 3973 ,
1750 3908 1837 3961 ἵνα
1866 3908 1927 3961 τὸ

332 4000 431 4071 μὲν
462 4018 516 4053 τι
542 4000 721 4070 αὐτῆς
766 3998 973 4071 ἄπορον
1006 4000 1101 4053 καὶ
1146 3999 1556 4071 ἀσχημάτιστον
1591 4000 1781 4070 νοῆται
1821 3999 1927 4071 πρὸ

328 4091 421 4144 τοῦ
444 4091 728 4163 διάκρισιν
758 4088 946 4143 λαϐεῖν
966 4130 982 4152 ,
1019 4090 1082 4143 τὸ
1122 4090 1180 4144 δὲ
1217 4088 1631 4162 κεκοσμημένον
1655 4089 1750 4143 καὶ
1773 4086 1928 4142 εὔτα-

398 4243 511 4316 (98)
564 4243 716 4316 ’Υεζὸ
764 4242 1069 4316 Ὀρέστου.
1118 4244 1278 4316 Angl.
1299 4244 1439 4316 ,ἀπὸ
1480 4244 1757 4316 Ὀρέστου.
1805 4243 1926 4299 Non

328 4313 395 4385 de
414 4312 629 4368 Helena
662 4314 783 4385 hac
832 4314 1007 4385 dicta,
1055 4315 1152 4369 sed
1204 4312 1272 4371 de
1290 4312 1705 4385 Clytamnestra
1743 4316 1925 4371 editor

329 4384 671 4441 Oxoniensis
700 4382 1058 4438 existimavit.

402 4454 510 4526 (99)
544 4452 1077 4526 Aofopgrlaqﬁsm
1106 4469 1247 4526 mss.
1277 4453 1439 4511 codd.
1480 4461 1534 4511 et
1559 4453 1765 4512 Fronto
1808 4455 1921 4511 Du~
1953 4457 2001 4517 D

328 4523 500 4581 caus.
526 4525 666 4579 Alia
693 4524 964 4594 editiones
994 4523 1341 4594 δοξημανίας.

426 4597 477 4664 i)
517 4597 646 4668 Καὶῄ
677 4593 751 4668 δι’
773 4593 1243 4668 ἀξιοπιστίας...
1291 4597 1576 4668 γίνονται.
1611 4594 1924 4668 Legendum

366 4664 555 4723 idetur
581 4664 689 4718 κᾶν
718 4664 786 4717 δι’
815 4664 1223 4734 ἀξιοπιστίας...
1259 4666 1534 4734 γίνωνται.

403 4737 478 4807 (Ξ)
527 4737 595 4807 [lg
612 4752 782 4807 μοι...
822 4736 887 4807 τί
910 4732 983 4807 δή
1019 4752 1139 4803 μοι.
1178 4732 1279 4790 Sic
1298 4742 1412 4807 tres
1453 4752 1585 4807 mss.
1627 4736 1843 4792 codices
1872 4743 1927 4792 et

329 4803 503 4863 editio
535 4804 823 4878 Tigurina.
845 4803 1199 4878 Parisienses
1230 4807 1282 4859 τί
1303 4805 1456 4878 μὴ...
1486 4807 1540 4859 τί
1566 4806 1621 4859 δὲ
1660 4809 1756 4878 μή.

407 4878 484 4947 (5)
527 4876 637 4929 Διά
680 4874 791 4942 τῆς
832 4874 1051 4947 ἑαυτοῦ
1084 4874 1500 4947 καταλήψεως.
1539 4878 1595 4931 Si
1635 4874 1752 4932 hac
1784 4876 1928 4931 scri-

332 4956 499 5017 ptura
533 4953 807 5008 servetur,
839 4946 921 5017 sic
950 4946 1055 4999 erit
1086 4946 1561 5017 interpretandum
1592 4967 1604 5001 :
1638 4947 1744 5002 Per
1777 4956 1924 5000 tuam

331 5015 505 5086 ipsis:
544 5015 1089 5087 comprehensionem,
1124 5015 1250 5072 sive
1271 5019 1640 5087 cognitionem
1662 5060 1677 5085 ,
1706 5027 1926 5073 veterem

330 5088 732 5159 generationem
761 5086 1067 5153 repudians.
1103 5087 1212 5159 Sed
1242 5086 1402 5157 longe
1427 5088 1620 5159 melior
1642 5088 1926 5159 sententia

331 5156 611 5221 cxstabit,
639 5157 684 5211 si
717 5157 988 5227 legamus,
1025 5156 1188 5210 αὐτοῦ
1224 5174 1323 5227 pro
1357 5156 1551 5211 ἑαυτοῦ
1584 5174 1597 5209 :
1640 5158 1763 5213 Vive
1791 5158 1924 5221 Deo,

332 5244 427 5297 per
459 5229 817 5298 cognitionem
862 5226 1028 5298 ipsius
1076 5226 1298 5283 veterem
1343 5230 1732 5297 generationem
1771 5245 1927 5298 repu-

334 5296 543 5371 dians!
567 5296 1092 5371 satisperspicitur
1121 5298 1259 5371 nihil
1287 5296 1404 5371 vitii
1436 5300 1617 5371 inesse
1652 5300 1781 5355 huic
1809 5296 1928 5355 sen-

335 5369 549 5424 tentia.
605 5367 818 5437 Agnitio
859 5368 1000 5437 enim
1034 5367 1162 5434 Dei,
1215 5370 1393 5437 inquit
1442 5367 1677 5425 Irenaus
1724 5371 1817 5424 lib.
1867 5386 1922 5434 v,

333 5455 386 5494 c.
414 5438 509 5499 12,
536 5455 592 5495 n.
628 5436 683 5499 ι,
716 5447 933 5492 renovat
961 5436 1246 5494 hominem.
1280 5436 1427 5493 Infra
1461 5457 1517 5495 n.
1547 5440 1637 5502 90,
1663 5440 1926 5496 Tatianus

334 5509 721 5581 Christianam
751 5508 1080 5581 doctrinam
1110 5516 1272 5581 vocat
1300 5511 1402 5581 τὴν
1434 5511 1559 5581 περὶ
1578 5510 1721 5581 ,Θεοῦ
1754 5510 1925 5565 κατά-

334 5580 526 5652 ληψιν.
564 5578 630 5631 Ει
662 5595 718 5633 n.
743 5579 833 5652 15,
858 5578 1019 5634 docet
1048 5580 1311 5652 animam,
1344 5578 1467 5652 qua
1496 5578 1588 5635 Dei
1615 5582 1928 5652 cognitione

336 5651 620 5712 instructa
648 5658 753 5711 est,
787 5650 1151 5705 immortalem
1180 5650 1317 5705 ﬁeri.
1347 5650 1484 5704 Cum
1516 5650 1703 5706 autem
1730 5651 1928 5707 anima

340 5719 821 5791 immortalitatem
853 5726 1064 5789 repetat
1091 5735 1159 5791 ex
1202 5720 1591 5789 conjunctione
1638 5737 1761 5775 cum
1801 5721 1924 5791 Spi-

344 5791 459 5847 ritu
493 5798 722 5859 sancto;
753 5789 929 5860 liquet
955 5805 1081 5846 eum
1108 5790 1205 5849 Dei
1235 5792 1549 5864 cognitione
1577 5808 1686 5849 non
1723 5789 1925 5849 nudam

2027 531 2134 587 Sed
2159 547 2337 602 neque
2359 531 2633 602 Tyndaris
2683 533 3096 589 immortalitate
3134 535 3339 589 donata
3387 546 3511 605 est;
3540 553 3607 594 ac

2025 625 2305 696 sapienter
2326 624 2615 695 Euripides
2644 641 2768 680 eam
2810 626 2881 680 ab
2916 624 3111 683 Oreste
3138 629 3378 684 occisam
3412 630 3603 686 tradit.

2097 719 2186 773 11.
2239 717 2365 771 Non
2410 718 2523 787 [ato
2566 720 2801 773 homines
2859 729 3165 788 peccarunt,
3198 720 3289 774 sed
3334 720 3608 777 libere.—

2023 810 2310 877 Quomodo
2348 810 2517 880 igitur
2561 810 2711 863 illam
2750 826 2817 865 ex
2870 809 2981 865 fato
3011 811 3319 881 genituram
3351 813 3603 881 probem,

2023 917 2146 956 cum
2179 902 2316 956 tales
2346 900 2466 970 ejus
2496 900 2872 957 moderatores
2899 901 3155 957 videam?
3184 900 3434 972 Regnare
3455 904 3621 972 uolo,

2023 997 2296 1051 ditescere
2321 1008 2431 1048 non
2456 994 2609 1057 libet,
2637 1001 2930 1064 praeturam
2962 1010 3182 1061 recuso,
3211 998 3604 1052 scortationem

2022 1090 2141 1153 odi,
2164 1090 2421 1160 navigare
2452 1089 2523 1145 ob
2555 1072 3246 1144 insatiabilem‘avaritiam
3271 1106 3379 1146 non
3411 1092 3601 1162 cupio,

2022 1182 2090 1238 de
2136 1184 2358 1238 coronis
2404 1182 2821 1251 consequendis
2877 1198 2989 1237 non
3041 1182 3267 1251 dimico,
3308 1184 3449 1239 liber
3480 1200 3605 1239 sum

2022 1272 2182 1343 253
2207 1272 2276 1326 ab
2305 1273 2499 1327 insana
2519 1272 2706 1342 gloria
2729 1273 3053 1343 cupiditate,
3083 1285 3314 1331 mortem
3354 1285 3607 1332 contem-

2024 1379 2115 1426 no,
2146 1363 2341 1433 quovis
2371 1363 2551 1419 morbi
2580 1379 2779 1433 genere
2809 1365 3061 1434 superior
3096 1381 3243 1433 sum,
3270 1367 3607 1422 marorani-

2021 1468 2171 1507 mum
2198 1469 2315 1509 non
2336 1452 2566 1522 peredit.
2598 1452 2654 1508 Si
2685 1470 2878 1510 servus
2908 1470 3054 1521 sum,
3079 1456 3403 1513 servitutem
3435 1458 3607 1519 susti-

2021 1561 2168 1611 neo;
2208 1544 2253 1600 si
2286 1545 2453 1609 liber,
2477 1546 2873 1615 ingenuitatem
2904 1560 3015 1601 non
3039 1554 3278 1604 ostento.
3311 1546 3492 1605 Solem
3523 1548 3607 1604 vi-

2022 1638 2124 1693 deo
2146 1637 2392 1691 omnium
2419 1635 2694 1701 eumdem,
2727 1652 2893 1691 unam
2924 1638 3169 1692 omnium
3210 1645 3464 1706 mortem,
3490 1640 3606 1694 sive

2020 1728 2077 1784 in
2108 1729 2385 1799 voluptate
2406 1730 2586 1794 vivas,
2607 1729 2721 1783 sive
2750 1728 2933 1784 inedia
2961 1728 3199 1784 labores.
3244 1728 3404 1785 Dives
3434 1728 3604 1785 semi-

2020 1827 2137 1884 nat,
2166 1828 2216 1875 et
2255 1835 2464 1890 pauper
2493 1821 2682 1875 eodem
2714 1827 2957 1876 semente
3000 1819 3604 1891 perfruitur.,Moriun-

2021 1920 2112 1967 tur
2143 1913 2419 1978 ditissimi,
2453 1912 2704 1968 eumdem
2734 1913 2861 1967 vita
2888 1916 3095 1969 exitum
3115 1914 3317 1968 habent
3342 1914 3600 1969 mendici.

2020 2003 2279 2061 Pluribus
2311 2006 2477 2061 rebus
2509 2004 2757 2076 indigent
2793 2005 3020 2071 divites,
3054 2008 3308 2077 quamvis
3334 2006 3469 2062 ﬁdes
3492 2007 3607 2062 illis

2021 2103 2076 2153 et
2098 2097 2273 2151 honos
2297 2096 2581 2151 habeatur.
2607 2095 2824 2167 Pauper
2839 2104 3022 2152 autem
3049 2105 3103 2153 et
3127 2099 3605 2157 moderatissimus

2022 2189 2256 2259 quisque
2294 2188 2350 2243 id
2392 2187 2539 2259 quod
2573 2188 2680 2243 sibi
2727 2190 2861 2245 satis
2890 2196 2976 2244 est
3005 2189 3348 2253 desiderans,
3385 2189 3607 2246 facilius

2022 2280 2400 2357 consequitur.
2464 2280 2607 2346 Quid
2657 2289 2743 2336 est
2797 2281 2945 2351 quod
2978 2296 3047 2336 ex
3097 2280 3209 2336 fato
3240 2297 3352 2351 pra:
3374 2282 3605 2336 avaritia

2022 2371 2254 2442 vigilas?
2280 2369 2394 2425 Cur
2420 2385 2488 2425 ex
2511 2369 2626 2424 fato
2664 2385 2807 2441 sape
2832 2377 3117 2441 appetens,
3154 2386 3296 2441 sape
3325 2371 3557 2427 moreris
3582 2372 3607 2425 ?

2024 2463 2226 2519 Mundo
2273 2478 2488 2519 morere
2526 2462 2646 2533 ejus
2690 2463 2958 2518 insaniam
2992 2462 3248 2533 rejiciens
3273 2480 3288 2530 ;
3317 2464 3439 2519 vive
3470 2462 3613 2527 Deo,

2022 2572 2120 2628 per
2146 2557 2319 2627 ipsius
2340 2557 2727 2627 cognitionem,
2750 2567 2987 2612 veterem
3005 2557 3411 2628 generationem
3441 2572 3608 2626 repu-

2023 2649 2204 2706 dians.
2231 2648 2353 2704 Non
2385 2648 2511 2704 facti
2542 2665 2735 2705 sumus
2768 2659 2827 2704 ut
2861 2664 3224 2713 moreremur,
3269 2648 3364 2705 sed
3399 2657 3605 2716 ,nostra

2024 2742 2183 2811 culpa
2206 2742 2493 2799 morimur.
2523 2739 2768 2796 Perdidit
2789 2756 2890 2797 nos
2927 2741 3099 2795 libera
3128 2741 3386 2796 voluntas
3410 2758 3426 2807 ;
3457 2740 3604 2796 servi

2025 2830 2153 2887 facti
2180 2847 2393 2897 sumus,
2418 2831 2517 2901 qui
2546 2830 2703 2886 liberi
2728 2845 2984 2898 eramus;
3015 2846 3111 2901 per
3132 2837 3417 2901 peccatum
3471 2846 3606 2885 ven-

2025 2923 2125 2979 diti
2148 2939 2359 2979 sumus.
2402 2922 2549 2977 Nihil
2582 2922 2711 2977 mali
2742 2920 2946 2977 factum
2977 2934 3063 2978 est
3091 2939 3122 2976 a
3166 2922 3278 2977 Deo
3316 2938 3330 2973 :
3367 2937 3468 2976 nos
3498 2921 3604 2991 ipsi

2026 3015 2432 3087 improbitatem
2462 3014 2846 3085 produximus.
2886 3013 3019 3068 Eam
3048 3029 3180 3070 vero
3205 3014 3299 3085 qui
3329 3014 3605 3086 produxe-

1950 3113 1994 3171 C
2027 3115 2178 3174 runt,
2208 3108 2388 3163 denuo
2409 3106 2701 3178 repudiare
2732 3112 2989 3177 possunt.

2098 3267 2185 3323 12.
2215 3267 2329 3320 Duo
2352 3264 2633 3334 spirituum
2661 3261 3067 3335 genera.—Du0
3098 3262 3388 3332 spirituum
3405 3261 3605 3317 discri-

2024 3361 2171 3414 mina
2204 3357 2494 3421 novimus,
2531 3370 2765 3427 quorum
2799 3355 2938 3410 alter
2967 3353 3149 3408 anima
3178 3360 3428 3416 vocatur,
3465 3353 3608 3406 alter

2025 3452 2206 3505 anima
2242 3448 2613 3519 prastantior,
2651 3446 2747 3501 Dei
2780 3445 2961 3517 imago
2986 3452 3041 3501 et
3075 3444 3400 3500 similitudo.
3437 3442 3600 3498 Uter-

2026 3556 2132 3612 que
2153 3539 2346 3611 primis
2378 3536 2697 3594 bominibus
2727 3534 2930 3601 inerat,
2962 3540 3022 3588 ut
3050 3532 3250 3603 partim
3279 3548 3347 3587 ex
3376 3531 3604 3586 materia

2026 3637 2374 3698 constarent,
2409 3629 2609 3700 partim
2658 3626 2888 3682 materia
2939 3624 3348 3695 prastantiores
3394 3631 3601 3678 essent.

2029 3723 2120 3780 Sic
2164 3730 2344 3777 autem
2401 3736 2461 3777 se
2517 3735 2608 3776 res
2661 3720 2848 3775 habet.
2894 3718 3213 3774 Universam
3276 3717 3462 3771 videre
3519 3723 3605 3771 est

2025 3815 2216 3871 mundi
2248 3814 2737 3878 constructionem,
2775 3827 2840 3867 ac
2873 3812 3190 3866 universum
3216 3825 3356 3879 opus
3384 3824 3451 3864 ex
3485 3823 3595 3861 ma-

2025 3909 2164 3966 teria
2209 3907 2547 3979 profectum,
2619 3906 2796 3977 ipsam
2845 3912 3027 3960 autem
3073 3904 3355 3959 materiam
3410 3918 3441 3957 a
3494 3901 3607 3958 Deo

2026 4008 2298 4065 creatam;
2336 3999 2411 4053 ita
2442 4006 2500 4052 ut
2529 3998 2731 4067 partim
2760 3996 2917 4053 rudis
2946 4006 3001 4053 et
3033 3995 3288 4051 informis
3328 3995 3605 4066 intelliga-

2026 4098 2138 4156 tur,
2171 4098 2466 4162 antequam
2494 4090 2822 4146 divisionem
2848 4090 3152 4160 acciperet,
3182 4088 3606 4161 partimgornata

2025 4247 2395 4319 cognitionem
2446 4248 2786 4319 intelligere,
2841 4249 2934 4305 sed
2970 4263 3233 4319 amorem
3288 4248 3450 4302 etiam
3502 4246 3609 4301 hac

2025 4318 2160 4374 voce
2202 4328 2257 4373 et
2307 4318 2753 4388 conjunctionem
2787 4337 2911 4374 cum
2961 4318 3169 4390 Spiritu
3216 4331 3606 4390 sanctorum-

2027 4390 2211 4459 plecti.
2246 4390 2399 4461 Unde
2428 4406 2538 4444 non
2579 4391 2779 4461 mirum
2827 4391 2874 4447 si
2909 4388 3019 4461 per
3050 4391 3189 4444 banc
3233 4388 3603 4459 cognitionem

2026 4460 2277 4515 renovari
2307 4461 2581 4513 hominem
2609 4460 2788 4514 docet.

2098 4530 2171 4601 (4)
2210 4532 2325 4583 Δύο
2359 4529 2714 4599 πνευμάτων
2743 4528 3051 4599 διαφοράς.
3082 4527 3389 4601 ingreditur
3414 4526 3603 4581 Tatia-

2025 4598 2440 4671 nus'prolixam
2490 4598 2913 4670 diSputatiouem
2974 4601 3041 4653 de
3100 4601 3295 4671 anima
3354 4598 3608 4652 humana

2027 4670 2434 4733 imbeCillitate,
2467 4671 2576 4725 nisi
2607 4686 2637 4723 a
2670 4671 2878 4739 Spiritu
2926 4677 3118 4724 sancto
3152 4670 3218 4723 ad
3257 4683 3606 4735 consequen-

2025 4740 2149 4795 dam
2174 4742 2638 4796 immortalitatem
2666 4742 2975 4810 adjuvetur.
3006 4740 3147 4810 Huic
3181 4740 3464 4810 sententia
3483 4753 3606 4810 non

2064 4826 2218 4865 arum
2262 4812 2404 4865 lucis
2449 4811 2605 4865 all‘ert
2652 4808 2924 4873 lreiiaus,
2963 4812 3055 4879 qui
3104 4808 3318 4863 Tatiani
3360 4808 3607 4877 vestigiis

2028 4828 2218 4935 garum
2262 4828 2404 4865 lllClS
2449 4828 2605 4865 auerr.
2655 4828 2924 4873 Irenaus,
2963 4828 3055 4879 qun
3116 4828 3318 4863 iauam
3360 4828 3607 4877 vesugus

2070 4882 2292 4951 piritum
2357 4890 2606 4935 sanctum
2668 4881 3097 4935 immortalitatis
3150 4890 3428 4951 auctorem
3483 4894 3607 4951 esse

2026 4948 2452 5015 demonstrans,
2493 4952 2747 5006 similiter
2788 4959 2971 5005 monet
3016 4968 3138 5005 eum
3184 4965 3214 5003 a
3266 4949 3462 5018 spiritu
3514 4948 3607 5003 illo

2027 5023 2341 5077 universum
2365 5022 2627 5075 mundum
2654 5030 2967 5091 permeante
2995 5020 3439 5091 distinguendum
3459 5033 3604 5091 esse.

2029 5091 2120 5147 Sic
2150 5094 2391 5162 loquitur
2423 5092 2482 5148 S.
2516 5087 2723 5162 martyr
2753 5094 2847 5146 lib.
2883 5109 2935 5156 ν,
2967 5106 3087 5161 cap.
3120 5087 3218 5154 12,
3255 5106 3312 5143 n.
3337 5090 3411 5143 2:
3444 5087 3607 5162 Aliud

2025 5174 2102 5217 est
2126 5157 2263 5216 enim
2290 5163 2498 5233 afﬂatus
2520 5157 2682 5233 Avitw',
2720 5165 2807 5233 qui
2843 5172 2892 5216 et
2924 5157 3211 5216 animalem
3253 5161 3403 5233 elﬁcin
3430 5157 3607 5233 [tomi-

2026 5250 2188 5289 nem:
2220 5242 2268 5287 et
2323 5228 2471 5286 aliud
2507 5228 2741 5300 Spiritus
2771 5234 3072 5303 rivi/icans,
3108 5235 3198 5303 qui
3230 5240 3279 5283 et
3300 5228 3607 5303 spiritalem

2024 5304 2176 5372 efﬁcit
2206 5321 2345 5358 eum.
2382 5299 2554 5356 Aliud,
2575 5312 2750 5355 autent
2793 5299 2883 5357 est
2919 5303 3057 5372 quod
3104 5299 3307 5372 factum
3337 5314 3415 5353 est
3449 5299 3513 5351 ab
3547 5316 3607 5351 eo

2025 5371 2115 5445 qui
2145 5374 2288 5442 fecit.
2328 5373 2548 5445 Amatne
2580 5374 2743 5445 igitur
2774 5371 3111 5445 temperalis,
3162 5371 3395 5445 Spiritus
3431 5378 3608 5445 autem

2026 5439 2398 5513 sempiternus.
2425 5439 2890 5524 Sitpra'Tatianus
2912 5484 2928 5504 ,
2961 5460 3016 5497 ιι.
3050 5444 3116 5524 ό,
3144 5439 3427 5524 ‘Spiritum
3466 5439 3608 5520 divi-

2026 5508 2178 5576 num,
2199 5531 2359 5584 quem
2393 5508 2694 5584 perfectum
2721 5515 2891 5571 Deum
2914 5523 3091 5579 vocat,
3112 5514 3178 5569 ab
3202 5508 3460 5567 inferiore
3489 5508 3606 5580 spi-

2025 5590 2135 5640 ritu
2166 5585 2425 5654 distingui
2459 5593 2663 5639 monet.

2100 5657 2174 5730 (5)
2202 5653 2551 5730 Γεγπσνυῖαν.
2588 5655 2679 5714 Sic
2701 5656 2834 5730 Reg.
2862 5658 2882 5712 1
2912 5665 2965 5713 et
2990 5655 3181 5713 Front.
3212 5653 3407 5711 melius
3441 5665 3607 5725 quam

2027 5726 2162 5785 editi
2192 5727 2284 5781 καὶ
2313 5729 2613 5795 γεγονυῖαν.
