3954 6258
399 341 500 400 831

1670 341 1946 399 ΤΑΤΙΑΝΙ
1980 344 2253 401 ASSYRH

3559 344 3664 401 832

400 466 456 515 et
488 458 699 529 digesta
733 463 855 528 post
886 466 1164 528 peractam
1194 456 1253 513 ln
1285 473 1351 514 ea
1385 455 1739 515 divisionem.
1768 460 1963 517 leun

2086 477 2214 513 κτον
2247 457 2386 531 μετὰ
2415 457 2515 529 τὴν
2552 459 2611 512 ὲν
2634 456 2771 529 αὐτῇ
2793 456 3074 529 διαίρεσιν.
3114 456 3302 511 Ἔστιν
3324 451 3415 512 οὖν
3440 459 3498 511 ὲν
3522 460 3662 529 αὐτῇ

398 550 567 621 igitur
586 558 642 604 et
668 565 789 620 quae
819 548 874 602 in
909 563 974 603 eo
1006 549 1210 615 stellae,
1237 565 1305 605 ex
1336 552 1567 607 materia
1612 560 1898 621 constant;
1927 560 1983 609 et

396 649 543 695 terra
570 653 635 693 ac
666 638 937 710 quidquid
960 653 1025 692 ea
1051 639 1368 693 continetur
1396 639 1632 713 similem
1664 642 1827 697 habet
1849 656 1983 697 con-

397 732 736 788 stitutionem
762 771 778 795 ,
814 730 891 784 ita
934 739 993 784 ut
1025 729 1214 785 eadem
1263 731 1335 787 sit
1379 733 1690 790 communis
1734 735 1982 788 omniqu

398 824 697 895 generatio.
724 822 995 890 Quamvis
1024 830 1207 878 autem
1231 823 1348 879 haec
1379 824 1454 879 ita
1488 840 1548 880 se
1577 825 1833 890 habeant,
1852 832 1982 881 sunt

394 924 578 971 tamen
612 917 860 988 quaedam
894 932 1086 971 eorum
1111 957 1127 982 ,
1172 932 1294 987 qua:
1327 933 1395 972 ex
1430 919 1659 973 materia
1691 926 1978 984 constant,

393 1004 711 1065 diserimina
735 1049 749 1072 ,
806 1009 883 1063 ita
932 1017 989 1064 ut
1020 1009 1175 1065 aliud
1208 1009 1495 1080 pulchrius
1527 1010 1634 1078 sit,
1669 1012 1818 1066 aliud
1851 1027 1982 1067 vero

393 1102 686 1173 pulchrum
734 1102 871 1157 illud
908 1102 1164 1173 quidem,
1220 1102 1317 1158 sed
1356 1115 1535 1159 tamen
1580 1105 1650 1160 ab
1703 1105 1812 1160 alio
1861 1106 1981 1176 pul-

392 1194 613 1249 chriore
648 1202 992 1264 superatum.
1056 1192 1529 1260 Quemadmodum
1557 1196 1701 1250 enim
1732 1200 1982 1267 corporis

392 1283 714 1338 constitutio
763 1284 928 1338 unius
974 1289 1060 1338 est
1107 1282 1497 1353 descriptionis
1540 1293 1595 1339 et
1639 1285 1790 1339 circa
1845 1286 1979 1341 illud

390 1383 644 1431 versatur
670 1376 940 1431 nascendi
983 1390 1182 1442 causa;
1220 1376 1316 1431 sed
1358 1383 1540 1431 tamen
1580 1379 1831 1447 quamvis
1864 1378 1981 1434 haec

391 1466 467 1521 ita
499 1484 558 1524 se
584 1469 841 1531 habeant,
894 1475 1025 1523 sunt
1053 1468 1301 1539 quaedam
1347 1468 1403 1523 in
1436 1483 1502 1525 eo
1531 1467 1816 1541 dignitatis
1866 1472 1982 1527 dis-

389 1559 659 1625 crimina,
697 1567 863 1631 atque
895 1561 1041 1615 aliud
1074 1568 1159 1617 est
1194 1560 1425 1626 oculus,
1469 1561 1619 1616 aliud
1657 1569 1743 1617 est
1792 1563 1978 1629 auris,

390 1650 539 1705 aliud
570 1652 897 1721 capillorum
944 1660 1175 1707 ornatus
1205 1661 1259 1707 et
1297 1652 1683 1708 intestinorum
1714 1654 1981 1709 medulla-

388 1757 627 1815 rumque
671 1743 1024 1809 distributio,
1071 1758 1135 1798 ac
1159 1745 1368 1801 ossium
1400 1752 1455 1800 et
1484 1760 1780 1801 nervorum
1824 1761 1980 1801 com-

2082 552 2110 605 ὁ
2140 549 2371 621 οὐρανὸς
2405 548 2464 615 ἐξ
2491 548 2644 618 ὕλης,
2677 550 2770 603 καὶ
2807 548 2874 602 τὰ
2897 548 3073 621 ᾶστρα
3096 548 3164 602 τὰ
3202 550 3261 602 ὲν
3291 549 3442 621 αὐτῷ
3461 567 3475 581 ·
3503 553 3594 604 καί
3628 554 3663 623 ή

2082 642 2155 713 γῆ
2192 641 2251 695 δὲ
2294 640 2391 696 καί⁸
2422 642 2529 695 πᾶν
2558 641 2619 695 τὸ
2651 641 2759 695 ἀπὸ
2801 642 2970 713 αὐτῆς
3014 643 3304 713 νοούμενον
3344 643 3442 713 τὴν
3472 643 3667 715 ὁμοίαν

2082 732 2194 804 ἔχει
2226 731 2503 797 σύστασιν,
2539 732 2614 798 ὡς
2644 729 2782 788 εἶναι
2815 732 3003 804 κοινὴν
3029 732 3248 786 πάντων
3274 733 3507 802 γένεσιν.
3530 736 3668 789 Τού-

2080 840 2189 879 των
2232 824 2291 879 δὲ
2329 824 2504 889 οὕτως
2549 825 2943 898 ὑπαρχόντων,
2978 825 3235 897 διαφοραί
3267 844 3411 891 τινες
3455 826 3565 880 τῶν
3603 828 3666 894 ἐξ

2083 912 2215 986 ὖλης
2244 916 2401 979 εἰσὶν,
2427 916 2502 980 ὡς
2533 912 2673 970 εἶναι
2698 914 2758 967 τὸ
2785 915 2883 986 μέν
2906 932 2958 968 τι
2989 915 3223 981 κάλλιον,
3250 915 3311 969 τδ
3333 916 3391 969 δὲ
3415 917 3509 970 καὶ
3533 916 3669 971 αὐτὸ

2085 1006 2185 1077 μὲν
2219 1008 2400 1073 καλὸν,
2441 1008 2581 1080 πλὴν
2613 1008 2718 1061 ὑπό
2747 1026 2890 1073 τινος
2921 1010 3227 1081 κρείττονος
3255 1007 3665 1079 ἐλαττούμενον.

2084 1100 2291 1173 Ὠσπερ
2314 1101 2423 1172 γὰρ
2453 1101 2485 1171 ἡ
2515 1100 2612 1170 μὲν
2641 1101 2735 1154 τοῦ
2771 1099 3025 1172 σώματος
3059 1101 3319 1167 σύστασις
3347 1103 3477 1172 μιᾶς
3515 1106 3671 1156 ἐστιν

2081 1192 2413 1262 οἰκονομίας,
2449 1192 2579 1264 περὶ
2609 1193 2665 1246 δὲ
2697 1193 2830 1247 αὑτό
2863 1195 2981 1245 ἐστι
3003 1192 3097 1245 τοῦ
3129 1192 3458 1263 γεγενῆσθαι
3489 1192 3550 1246 τὸ
3581 1193 3673 1248 αἰτ-

2081 1301 2225 1337 τιον·
2262 1283 2581 1339 καὶτούτων
2611 1283 2787 1349 οὕτως
2812 1284 2983 1338 όντων
3008 1325 3023 1350 ,
3065 1284 3323 1356 διαφοραί
3367 1284 3514 1350 τινές
3558 1286 3673 1339 εἰσι

2081 1374 2239 1447 δόξης
2273 1378 2332 1429 ἐν
2365 1375 2532 1447 αὐτῷ,
2561 1377 2657 1430 καὶ
2685 1376 2747 1429 τὸ
2775 1377 2871 1447 μὲν
2902 1376 3185 1447 ὀφθαλμός
3213 1376 3298 1439 τίς
3331 1378 3501 1441 ἐστιν,
3527 1375 3587 1429 τὸ
3610 1377 3673 1431 δὲ

2080 1462 2194 1532 οὖς,
2226 1468 2288 1521 τὸ
2310 1466 2367 1521 δὲ
2396 1467 2598 1539 τριχῶν
2644 1467 3004 1539 διακόσμησις
3027 1506 3041 1533 ,
3076 1469 3172 1521 καὶ
3202 1467 3490 1521 ὲντοσθίων
3521 1469 3673 1521 οἰκο-

2081 1560 2246 1631 νομία
2280 1559 2491 1631 μυελῶν
2513 1577 2594 1625 τε,
2628 1561 2723 1615 καὶ
2754 1560 2954 1613 ὀστέων
2987 1560 3083 1612 καὶ
3113 1559 3317 1632 νεύρων
3353 1559 3631 1630 σύμπηξις
3652 1578 3668 1591 ο

2083 1638 2308 1729 θάτερον
2349 1656 2407 1711 δὲ
2454 1657 2683 1731 θατέρου
2724 1657 2785 1712 ὂν
2836 1658 3128 1729 διάφορον,
3155 1658 3299 1710 ’κατ’
3350 1657 3673 1729 οἰκονομίαν

2084 1752 2405 1824 συμφωνίας
2446 1753 2593 1805 ἐστὶν
2628 1752 2894 1824 ἁρμονία·
2933 1750 3331 1823 παραπλησίως
3369 1750 3465 1804 καὶ
3512 1751 3542 1804 ὁ
3576 1750 3674 1802 κό-

386 1848 582 1905 pages;
614 1842 668 1890 et
702 1850 828 1890 cum
864 1835 1017 1890 aliud
1047 1836 1117 1891 ab
1155 1852 1220 1892 eo
1254 1836 1490 1905 differat,
1524 1853 1772 1894 summus
1797 1847 1883 1894 est
1917 1839 1963 1892 in

2078 1859 2237 1913 σμος,
2287 1840 2431 1896 κατὰ
2461 1843 2565 1913 τὴν
2597 1840 2692 1895 τοῦ
2730 1842 3090 1911 πεποιηκότος
3123 1840 3284 1895 αὐτὸν
3315 1840 3566 1912 δύναμιν,
3600 1841 3675 1893 τὰ

385 1927 666 1981 communi
712 1928 1105 1984 distributione
1144 1936 1479 1996 concentus;
1531 1929 1786 1985 similiter
1813 1946 1977 1985 mun-

384 2018 491 2074 dus
521 2021 823 2075 secundum
866 2019 1035 2092 254
1063 2020 1307 2077 auctoris
1350 2022 1434 2076 sui
1474 2028 1798 2091 potestatem
1825 2039 1975 2093 quae-

386 2110 514 2167 dam
562 2112 970 2183 splendidiora,
1020 2112 1272 2182 quaedam
1326 2113 1413 2167 his
1449 2113 1744 2169 dissimilia
1794 2116 1975 2170 conti-

384 2218 558 2265 nens,
612 2204 952 2260 materialem
1007 2204 1296 2274 spiritum,
1350 2205 1428 2259 ita
1475 2204 1692 2261 volente
1742 2205 1969 2277 opifice,

383 2296 613 2365 accepit.
664 2294 792 2351 Hrec
826 2302 1009 2350 autem
1059 2296 1379 2367 singulatim
1420 2297 1735 2367 perspicere
1789 2305 1973 2369 potest

382 2386 478 2455 qui
505 2403 615 2441 non
642 2387 878 2458 superbe
908 2387 1129 2458 despuit
1150 2389 1207 2443 in
1234 2387 1421 2443 divina
1449 2389 1697 2455 oracula,
1724 2405 1846 2461 quae
1872 2406 1969 2444 ra-

380 2478 480 2533 riis
525 2478 861 2546 temporibus
912 2480 1236 2550 consignata
1280 2480 1512 2544 litteris,
1548 2481 1828 2540 studiosos
1880 2484 1968 2539 sui

380 2569 587 2623 amicos
623 2568 732 2625 Deo
765 2584 995 2639 prorsus
1040 2569 1273 2629 faciunt.
1325 2571 1609 2629 Daamones
1640 2574 1810 2645 igitur
1847 2574 1968 2646 (ita

377 2660 523 2716 enim
545 2661 1016 2732 appellatis),cum
1044 2678 1112 2718 ex
1135 2664 1365 2719 materia
1391 2666 1664 2735 compacti
1701 2665 1960 2733 fuissent,

376 2758 434 2805 et
463 2752 717 2822 spiritum
752 2769 820 2809 ex
852 2769 917 2810 ea
950 2755 1270 2824 traxissent,
1305 2756 1735 2828 intemperantes
1767 2766 1821 2815 et
1866 2776 1967 2830 gu-

2081 1934 2181 2006 μέν
2224 1952 2304 1988 τοι
2340 1934 2411 2005 (6)
2441 1934 2802 2008 φαιδρότερα,
2836 1934 2907 1988 τὰ
2936 1934 2992 1988 δέ
3022 1951 3145 1987 τινα
3193 1934 3403 1998 τούτοις
3434 1935 3674 2004 ἀνόμοια

2076 2027 2415 2098 κεκτημένος
2435 2067 2450 2091 ,
2500 2025 2767 2097 θελήματι
2797 2025 2895 2080 τοῦ
2925 2026 3436 2099 δημιουργήσαντος
3455 2065 3469 2088 ,
3506 2024 3674 2077 πνεύο

2077 2135 2244 2188 ματος
2279 2115 2353 2189 (7)
2390 2115 2711 2188 μετείληφεν
2755 2115 2961 2169 ὑλικοῦ.
2998 2116 3081 2169 Τὰ
3103 2116 3159 2169 δὲ
3191 2116 3313 2170 καθ’
3353 2116 3564 2169 ἕκαστα
3591 2115 3673 2187 (8)

2071 2209 2295 2264 δυνατὸν
2327 2210 2662 2280 κατανοῆσαι
2707 2209 2787 2280 τῷ
2834 2210 2909 2282 μὴ
2951 2209 3241 2277 κενοδόξως
3291 2209 3674 2280 ἀποσκορακί-

2073 2301 2218 2366 ζοντι
2251 2300 2350 2366 τὰς
2384 2300 2662 2365 θεωτάτας
2694 2300 3024 2371 ἑρμηνείας,
3073 2301 3130 2354 αἳ
3181 2299 3325 2353 κατὰ
3353 2300 3545 2372 χρόνον
3576 2298 3673 2353 διὰ

2071 2392 2295 2465 Γραφῆς
2342 2391 2765 2464 ὲξεληλεγμέναι
2800 2391 2942 2445 πάνυ
2991 2391 3256 2462 θεοφιλεῖς
3299 2393 3429 2456 τοὺς
3461 2393 3669 2464 προσέ-

2070 2499 2265 2553 χοντας
2291 2482 2483 2545 αὑταῖς
2517 2483 2904 2553 πεποιήκασιν.
2933 2482 3120 2552 Ὅμως
3154 2480 3209 2534 δὲ
3241 2477 3333 2535 οὖν
3360 2482 3454 2535 καὶ
3484 2484 3534 2534 οἰ
3558 2482 3671 2534 δαί-

2072 2592 2230 2645 μονες
2264 2574 2357 2638 οὒς
2388 2575 2545 2646 ὑμεῖς
2580 2573 2722 2628 οὕτω
2769 2575 2904 2645 φατὲ
2940 2573 3051 2645 (9),
3098 2573 3375 2646 σύμπηξιν
3422 2572 3485 2639 ἐξ
3531 2572 3670 2646 ὕλης

2067 2667 2323 2733 λαϐόντες
2342 2710 2356 2733 ,
2391 2667 2730 2739 κτησάμενοί
2754 2685 2814 2720 τε
2841 2667 3059 2738 πνεῦμα
3089 2666 3149 2719 τὸ
3179 2668 3273 2721 ἀπ’
3305 2667 3475 2738 αὐτῆς
3526 2668 3665 2737 (10),

2066 2760 2267 2815 ἄσωτοι
2299 2761 2393 2813 καὶ
2424 2759 2595 2830 λίχνοι
2627 2759 2941 2829 γεγόνασιν,
2976 2760 3024 2813 οἱ
3064 2756 3162 2830 μέν
3184 2776 3331 2825 τινες
3360 2758 3542 2812 αὐτῶν
3568 2760 3669 2812 ἐπὶ

376 2841 482 2898 losi
510 2853 841 2910 evaserunt,
874 2846 967 2900 alii
1001 2846 1223 2918 quidem
1260 2848 1329 2902 ad
1359 2850 1640 2918 puriorem
1677 2851 1963 2906 materiam

2073 2852 2123 2905 τὸ
2148 2848 2533 2924 καθαρώτερον
2564 2851 2889 2923 τραπέντες,
2920 2852 2968 2903 οἰ
3004 2850 3063 2904 δὲ
3092 2850 3198 2920 τῆς
3227 2849 3337 2922 (il)
3372 2850 3506 2921 ὕλης
3540 2851 3668 2903 ἐπι-

377 2938 628 2994 couversi
651 2981 665 3003 ,
704 2939 796 2994 alii
824 2946 1007 2995 autem
1043 2940 1293 2995 viliorem
1317 2942 1605 3012 eligentes,
1631 2949 1687 2997 et
1714 2945 1784 2998 ad
1818 2944 1963 3000 illius

2073 2944 2349 3015 λεξάμενοι
2378 2942 2438 2998 τὸ
2468 2942 2710 3009 ἔλαττον,
2733 2944 2829 2998 καλ⁹
2855 2941 2998 2995 κατὰ
3028 2941 3088 2994 τὸ
3113 2940 3299 3012 ὅμοιον
3333 2942 3474 3012 αὐτῇ
3510 2942 3666 2995 πολι-

376 3030 791 3088 similitudinem
822 3030 988 3089 vitam
1025 3033 1400 3089 instituentes.
1443 3031 1585 3091 Istos
1622 3035 1891 3102 adoratis,
1930 3052 1963 3092 ο

2073 3035 2360 3106 τευόμενοι.
2381 3035 2621 3097 Τούτους
2652 3034 2732 3097 δὲ,
2757 3033 2950 3105 ἄνδρες
2973 3032 3250 3104 Ἕλληνες,
3277 3036 3661 3104 προσκυνεῖτε,

375 3120 587 3188 Graeci,
630 3121 808 3181 factos
853 3125 1075 3197 quidem
1109 3141 1176 3182 ex
1212 3125 1478 3193 materia,
1514 3126 1675 3201 longe
1716 3134 1896 3183 autem
1931 3144 1961 3182 a

2073 3127 2354 3197 γεγονότας
2388 3128 2486 3198 μὲν
2518 3125 2578 3193 ἐξ
2611 3124 2778 3197 ὕλης,
2809 3124 3027 3197 μακρὰν
3062 3124 3119 3178 δὲ
3156 3125 3254 3196 τῆς
3290 3124 3539 3190 εὐταξίας
3572 3126 3665 3178 εὖ-

371 3221 527 3270 recto
557 3215 753 3271 ordine
800 3226 1066 3274 remotos.
1123 3218 1234 3275 Sua
1264 3223 1412 3291 enim
1448 3220 1695 3293 ipsorum
1726 3222 1959 3278 stultitia

2073 3180 2429 3293 ρεθέντας.’ὀί
2458 3180 2578 3291 ’γὸιρ⁷
2604 3180 3028 3291 προειρημένοι,
3059 3220 3127 3288 τῇ
3162 3180 3310 3286 σφῶν
3352 3180 3662 3288 ἀϐελτηρία

374 3306 444 3361 ad
493 3307 715 3365 inanem
745 3310 975 3381 gloriam
1006 3314 1295 3379 conversi,
1343 3312 1625 3385 frenisque
1675 3315 1957 3379 excussis,

2073 3311 2200 3383 πρὸς
2246 3311 2308 3364 τὸ
2357 3311 2663 3379 κενοδοξεῖν
2696 3310 3000 3382 τραπέντες
3023 3348 3040 3375 ,
3093 3307 3187 3361 καὶ
3219 3307 3660 3377 ἀφηνιάσαντες,

372 3398 615 3456 latrones
646 3401 954 3459 divinitatis
987 3403 1104 3461 fieri
1132 3406 1317 3462 conati
1363 3415 1511 3463 sunt.
1560 3405 1961 3463 Universorum

2073 3402 2255 3474 moral.
2285 3400 2535 3472 θεότητος
2573 3397 2825 3470 γενέσθαι
2850 3396 3331 3471 προεθυμήθησαν.
3374 3396 3432 3449 '0
3464 3396 3521 3450 δὲ
3546 3398 3662 3451 τῶν

372 3499 557 3548 autem
602 3492 871 3551 Dominus
904 3498 1120 3553 tamdiu
1169 3499 1401 3555 illudere
1448 3515 1546 3557 eos
1603 3499 1773 3566 sivit,
1828 3500 1958 3556 dum

372 3584 614 3641 mundus
647 3585 716 3641 ad
753 3590 915 3642 tinem
957 3590 1257 3659 perductus
1300 3591 1664 3658 dissolvatur,
1698 3607 1763 3648 ac
1792 3593 1960 3663 judex

372 3674 661 3744 adveniat,
703 3684 758 3732 et
785 3678 1101 3750 quicunque
1132 3681 1360 3752 perfecti
1404 3678 1501 3738 Dei
1548 3684 1957 3753 cognitionem,

372 3765 501 3823 licet
535 3783 568 3822 a
609 3767 950 3827 daemonibus
980 3775 1314 3845 oppugnati,
1346 3776 1792 3846 concupiverint,
1828 3793 1959 3847 per-

371 3856 567 3915 fectius
590 3870 811 3931 propter
826 3866 1131 3920 certamina
1157 3866 1539 3922 testimonium
1565 3867 1623 3922 in
1654 3868 1743 3924 die
1761 3868 1958 3939 iudicii

369 3961 801 4022 consequantur.
840 3953 1079 4025 Spiritus
1111 3959 1280 4030 igitur
1315 3959 1373 4014 in
1405 3960 1603 4025 stellis,
1638 3962 1869 4032 spiritus
1899 3961 1958 4017 in

371 4043 616 4131 angelis,
650 4046 881 4115 spiritus
908 4049 965 4102 in
998 4048 1233 4120 plantis,
1270 4052 1501 4123 spiritus
1528 4053 1584 4107 in
1612 4054 1952 4120 hominibus,

371 4137 609 4207 spiritus
652 4139 708 4193 in
742 4142 1107 4209 animalibus,
1140 4152 1195 4199 et
1227 4147 1479 4216 quamvis
1518 4162 1662 4204 unus
1706 4156 1761 4204 et
1808 4148 1954 4203 idem

369 4230 464 4295 sit,
499 4229 661 4287 habet
690 4240 875 4289 tamen
910 4236 965 4290 in
999 4252 1058 4292 se
1099 4237 1443 4294 discrimina.
1472 4240 1652 4312 Atque
1684 4241 1801 4297 haec
1830 4243 1957 4315 qui-

368 4321 494 4376 dem
547 4322 740 4390 nobis,
779 4341 890 4381 non
922 4327 1107 4400 lingua
1155 4345 1257 4385 nec
1306 4331 1578 4402 probabili
1609 4334 1823 4390 ratione
1851 4350 1954 4390 nec

368 4411 740 4482 sophistarum
779 4428 1041 4488 apparatu
1072 4419 1501 4488 disserentibus,
1532 4422 1630 4479 sed
1662 4423 1952 4482 divinioris

2059 3493 2197 3548 ὅλων
2225 3493 2506 3565 Δεσπότης
2536 3493 2812 3564 ὲντρυφᾷν
2840 3490 3038 3555 αὐτοὺς
3079 3488 3232 3543 εἴασε
3280 3489 3474 3560 μέχρις
3518 3488 3587 3542 ἂν
3629 3490 3661 3543 ό

2059 3586 2264 3658 κόσμος
2285 3584 2460 3658 πέρας
2480 3583 2662 3639 λαϐὼν
2694 3582 2956 3654 ὰναλυθῇ,
2996 3583 3092 3636 καὶ
3120 3583 3150 3637 ὁ
3179 3582 3439 3653 δικαστὴς
3474 3599 3661 3654 παρα-

2058 3678 2323 3750 γένηται,
2349 3677 2445 3730 καὶ
2475 3678 2675 3742 πάντες
2706 3677 2757 3730 οἰ
2779 3675 3057 3747 ἄνθρωποι
3079 3713 3099 3741 ,
3142 3673 3234 3728 διὰ
3260 3674 3364 3745 τῆς
3395 3673 3505 3727 τῶν
3538 3674 3658 3726 δαι-

2061 3772 2237 3843 μόνων
2262 3769 2683 3833 ἐπαναστάσεως
2714 3768 2992 3839 ἐφιέμενοι
3020 3768 3121 3838 τῆς
3152 3765 3247 3820 τοῦ
3278 3765 3484 3818 τελείου
3510 3764 3651 3818 Θεοῦ

2057 3864 2330 3935 γνώσεως,
2355 3862 2693 3932 τελειοτέραν
2722 3859 2811 3913 διὰ
2840 3857 2949 3912 τῶν
2982 3856 3209 3927 ἀγώνων
3234 3858 3293 3909 ὲν
3319 3856 3502 3928 ήμέρᾳ
3528 3855 3654 3927 κρί-

2060 3973 2198 4020 σεως
2227 3955 2325 4027 τὴν
2360 3954 2668 4028 μαρτυρίαν
2696 3951 2954 4006 λάϐωσιν.
2995 3950 3184 4003 Ἔστιν
3209 3946 3303 4004 οὖν
3336 3949 3558 4021 πνεῦμα
3590 3951 3653 4001 ἐν

2057 4050 2373 4121 φωστῆρσι,
2407 4048 2624 4119 πνεῦμα
2656 4049 2715 4101 ὲν
2762 4046 3046 4117 ἀγγέλοις,
3098 4045 3313 4115 πνεῦμα
3354 4046 3414 4097 ὲν
3458 4045 3651 4111 φυτοῖς

2056 4142 2150 4195 καὶ
2180 4140 2369 4205 ὕδασι,
2398 4140 2614 4211 πνεῦμα
2645 4140 2704 4193 ὲν
2735 4137 3067 4211 ἀνθρώποις,
3102 4137 3320 4208 πνεῦμα
3350 4136 3410 4189 ὲν
3442 4133 3605 4199 ζώοις
3630 4152 3645 4164 ·

2056 4233 2115 4288 ἓν
2143 4234 2200 4288 δὲ
2232 4235 2478 4306 ὑπάρχον
2509 4233 2604 4286 καὶ
2632 4233 2849 4297 ταύτὸν,
2882 4231 3151 4303 διαφορὰς
3182 4233 3241 4284 ὲν
3272 4228 3419 4299 αὐτῷ
3444 4228 3647 4297 κέκτη-

2053 4345 2160 4381 ται.
2198 4326 2383 4381 Ταῦτα
2414 4327 2471 4381 δὲ
2503 4324 2662 4399 ήμῶν
2706 4325 3004 4396 λεγόντων,
3051 4325 3154 4377 οὐκ
3200 4323 3309 4377 ἀπὸ
3358 4321 3643 4391 γλώττης,

2053 4421 2173 4475 οὐδὲ
2202 4421 2311 4475 ἀπὸ
2334 4420 2442 4475 τῶν
2462 4420 2687 4473 εἰκότων
2707 4417 2949 4485 ἐννοιῶν,
2984 4415 3290 4483 συντάξεώς
3315 4434 3374 4469 τε
3400 4432 3645 4484 σοφιστι-

367 4502 655 4571 cujusdam
699 4508 853 4565 vocis
900 4525 1154 4567 sermone
1210 4513 1526 4579 utentibus,
1581 4517 1675 4586 qui
1736 4516 1951 4574 discere

2073 4514 2157 4585 (ἧς
2176 4555 2190 4579 ,
2224 4513 2502 4584 θειοτέρας
2530 4512 2587 4567 δέ
2617 4528 2760 4575 τινος
2793 4512 3159 4582 ὲκφωνήσεως
3190 4508 3368 4576 λόγοις
3394 4507 3506 4577 (ιε)
3540 4524 3644 4561 κα-

366 4594 560 4661 vultis,
607 4596 886 4657 festinate.
934 4600 1001 4657 Ει
1028 4603 1121 4674 qui
1166 4604 1222 4659 in
1273 4603 1533 4677 Scytham
1590 4606 1951 4665 Anacharsim

363 4700 475 4741 non
503 4688 810 4761 despuitis,
858 4709 1040 4765 neque
1078 4696 1242 4752 etiam
1286 4714 1433 4754 nunc
1480 4698 1764 4772 indignum
1796 4703 1953 4761 vobis

545 4933 621 5015 Zd
782 4953 887 4991 τοι.
917 4936 996 5015 l_ta
1027 4937 1163 5015 ᾖδε.
1193 4946 1449 5015 uterque.
1476 4939 1622 5015 Εᾷίιί
1647 4943 1716 4998 τὰ
1745 4944 1845 5015 μέν
1873 4965 1946 5001 τι.

459 5002 509 5073 7)
540 5002 905 5079 Πνὲύματος.
936 5009 993 5063 ln
1026 5002 1157 5079 Reg.
1185 5010 1209 5063 l
1238 5002 1503 5066 habemus
1526 5012 1630 5068 hoc
1657 5002 1942 5073 scholion:

359 5072 627 5197 Δαίὲιονες
659 5072 902 5131 σύνθετοι
936 5080 994 5145 ἐξ
1020 5072 1148 5149 ὕλης
1174 5081 1270 5133 καὶ
1299 5081 1491 5145 εἴδους.

436 5140 454 5197 (
492 5144 508 5197 l
557 5146 632 5197 Τὰ
667 5145 735 5197 δὲ
767 5150 894 5197 καθ’
929 5149 1171 5197 ἕκαστα-
1212 5148 1305 5197 Sin
1346 5150 1483 5197 Rea-

436 5140 632 5266 ἓξ)ξά
667 5145 735 5198 δὲ
767 5150 894 5202 καθ’
929 5140 1171 5232 έέαᾳρἀ.
1212 5148 1305 5205 Sic
1346 5140 1483 5234 Reg.
1517 5153 1571 5207 l.
1622 5153 1765 5237 Editi
1795 5159 1856 5212 τὸ
1889 5158 1948 5212 δὲ

548 5232 739 5266 καστα.
800 5217 917 5266 Μαι
965 5220 1093 5266 mliti
1136 5222 1460 5266 διαγηαωτίσ-
1517 5222 1851 5266 ςρνιηαιητηα
1888 5236 1942 5266 nr

360 5213 483 5293 καθ’
516 5214 739 5296 ἕκαστα.
800 5217 922 5296 ηοξ
965 5220 1097 5275 editi
1136 5213 1461 5294 διαγραφῆςῖ
1517 5222 1852 5296 Scripsimus
1888 5236 1946 5283 ut

360 5289 419 5337 iu
443 5299 591 5357 mss.
624 5294 679 5357 et
710 5289 853 5357 apud
890 5290 1168 5346 Ducaeum.

432 5351 508 5424 (9)
530 5357 616 5436 ,οἱ
645 5351 923 5436 δαί-ὶιρνες
950 5360 1436 5436 οξνς-ὐμεῖςῇοὔτω
1468 5367 1634 5434 φατέ.
1663 5368 1944 5423 Daemones

358 5438 489 5496 quos
522 5428 601 5479 ita
634 5428 937 5496 appellatis.
973 5428 1207 5487 Videtur
1230 5428 1547 5490 ⁷(Ιωιιιοῐιιὶιη
1583 5439 1806 5493 nomine
1839 5454 1944 5492 an-

359 5494 511 5574 gelos
561 5494 736 5553 bonos
777 5507 839 5574 e_t_
883 5501 1068 5574 malos
1104 5504 1414 5574 designare.
1475 5503 1609 5561 Nam
1667 5508 1713 5563 si
1767 5509 1942 5566 malos

358 5571 610 5648 tantum,
634 5583 745 5623 non
785 5569 994 5648 diceret
1029 5569 1368 5648 Gentilibus;
1404 5574 1676 5633 Damone:
1704 5595 1834 5648 quos
1864 5580 1943 5633 ita

358 5635 673 5718 appellatis;
724 5639 927 5711 quippe
976 5657 1104 5698 cum
1168 5642 1608 5718 Christianorum
1656 5635 1940 5718 proprium

357 5712 504 5758 esset
528 5704 839 5763 dazmonuui
864 5704 1064 5767 nomen
1093 5712 1253 5768 malis
1280 5716 1487 5773 angelis
1518 5704 1778 5773 tribu-ere:

428 5774 539 5843 (l0)
580 5778 647 5831 Τὸ
680 5778 782 5833 ἀπ’
814 5780 1023 5851 αὐτῆς.
1061 5783 1154 5839 Sic
1183 5782 1318 5857 Reg.
1349 5774 1383 5841 ἶ
1396 5794 1451 5843 οι
1472 5786 1632 5860 Angl.
1657 5795 1710 5843 et
1733 5787 1937 5846 Fronto

2054 4606 2445 4677 ταχρωμένων,
2472 4606 2520 4658 οἰ
2554 4602 2868 4674 βουλόμενοι
2897 4601 3192 4673 μανθάνειν
3223 4599 3644 4652 σπεύσατε.Καὶ

2055 4698 2104 4751 οἰ
2130 4697 2218 4751 τὸν
2249 4696 2463 4769 Σκύθην
2494 4697 2818 4769 Ἀνάχαρσιν
2844 4694 2919 4765 μὴ
2951 4689 3481 4765 ἀποσκορακίζοντες
3502 4690 3637 4760 (Ιὸ),

2053 4948 2202 5026 Du_c_._
2217 4950 2366 5026 Editi
2395 4954 2459 5026 τι
2488 4954 2581 5026 ὑπ’
2609 4954 2797 5026 αὐτῆς.

2124 5023 2233 5094 (ll)
2277 5026 2341 5077 Ol
2385 5023 2455 5078 δὲ
2494 5024 2624 5093 τῆς.
2674 5022 2936 5080 Sdholion
2965 5023 3030 5078 ad
3060 5024 3180 5079 haec
3212 5022 3376 5077 verba
3407 5022 3633 5094 exhibet

2050 5092 2185 5165 Reg.
2214 5092 2272 5157 Vl,
2305 5095 2453 5165 quod
2486 5092 2570 5150 sic
2597 5096 2759 5151 habet
2787 5110 2802 5148 :
2840 5094 3012 5165 Τοῦτο
3038 5094 3508 5165 Πλατωνικὸν.ᾲείς
3537 5092 3633 5165 δύο

2048 5163 2274 5235 διαιρεῖν
2293 5164 2408 5235 εῐδη
2436 5167 2562 5228 τοὺς
2583 5165 2860 5236 δαίμονας,
2890 5164 3221 5236 ἀῡλοτέρους-
3244 5163 3353 5236 καὶ,
3371 5163 3631 5236 ύλικωτέ-

2086 5228 2198 5321 ρυς,
2241 5228 2492 5321 καὶντοὺς
2531 5236 2630 5305 μὲν
2676 5228 3000 5321 ἆθλοτέρους
3033 5228 3273 5320 ἀγαθοςῦς
3300 5228 3474 5297 εἶναι,
3498 5233 3631 5297 τοὺς

2080 5306 2107 5357 ὲ
2128 5305 2493 5377 ύλικωτέρους
2516 5304 2786 5377 πονηροὺς
2810 5304 2904 5359 καὶ
2927 5304 3272 5367 κακοποιούς.

2114 5373 2495 5447 (ἰῖλΛόγὲοις.
2533 5375 2610 5430 lta
2642 5373 2780 5447 Reg.
2817 5376 2866 5441 l,
2920 5384 2974 5431 et
3003 5378 3163 5447 Angl.
3195 5384 3252 5447 et
3279 5373 3452 5447 codex
3475 5388 3622 5447 ,μοι

2087 5442 2156 5500 uo
2203 5442 2469 5517 Tigurina
2510 5447 2683 5517 editio
2709 5442 2996 5517 {legitur
3025 5442 3263 5517 λόγῳ-ἱππ
3304 5444 3449 5501 aliis.
3487 5442 3628 5517 μοι

2093 5531 2178 5586 eg.
2206 5514 2355 5579 2,’et
2384 5516 2601 5585 Anglic.
2636 5526 2689 5571 et
2721 5514 2909 5586 Tigur.
2944 5516 3039 5581 οὒς
3071 5517 3149 5578 οἰ,
3181 5514 3322 5586 forte
3348 5528 3447 5585 pro
3481 5515 3619 5586 ὅροι.

2116 5583 2227 5657 (⁷15)
2282 5583 2895 5657 Ἀποσλὶορακίζονὲες.
2926 5586 3180 5641 Clemens
3226 5583 3380 5640 Alei.
3418 5583 3626 5657 ier—

2041 5655 2148 5728 dag
2175 5699 2190 5721 ,
2210 5655 2267 5711 'c.
2306 5655 2392 5717 1‘2,
2425 5670 2479 5729 ι).
2512 5656 2621 5715 208
2650 5677 2663 5714 :
2699 5656 2780 5713 Τὰ
2812 5659 3034 5729 κόσμια,
3065 5656 3255 5727 ὥσπερ
3281 5656 3619 5726 κορσκόσμια

2041 5726 2558 5799 ἀποσκορακιστέον.
