3974 6256
292 399 425 454 1525

951 384 1393 445 CONFUTATIO
1425 378 1869 450 QUORUMDAM
1900 369 2359 429 ARISTOTELIS
2400 363 2818 423 DOGM‘ATUM.

3387 350 3541 407 1526·

291 510 558 583 ἀναιρέσει
583 507 924 580 τοῦθατέρου
956 506 1234 562 ἀκολουθεῖ
1258 508 1291 576 ἡ
1314 502 1408 557 τοῦ
1436 502 1686 573 δευτέρου
1712 498 1863 553 ἀναί-

1985 491 2145 546 livelli
2190 505 2301 545 non
2356 492 2607 559 possunt,
2653 491 2708 539 ει
2758 480 2971 538 sublato
3012 478 3273 532 alterutro
3318 471 3526 526 tollitur

295 621 453 674 ρεσις.
484 603 547 656 Et
599 602 699 656 οὐκ
750 601 894 654 ἐστιν
920 602 948 654 6
995 599 1219 670 οὐρανὸς
1271 598 1329 651 ἕν
1368 596 1516 666 τόπῳ
1562 594 1681 648 καθ’
1709 592 1860 654 αὐτὸ,

292 696 423 760 πῶς,
473 693 734 766 κυκλικὴν
770 692 942 765 φορὰν
984 691 1299 763 φερόμενος,
1346 688 1453 742 τῶν
1487 686 1666 759 μερῶν
1696 684 1860 739 αὐτοῦ

289 788 353 841 τὰ
382 789 480 860 μὲν
512 787 623 841 ἄνω
653 787 858 855 γίνεται
890 784 1058 848 κάτω,
1086 783 1156 836 τά
1198 783 1256 836 δὲ
1283 782 1434 836 κάτω
1461 782 1667 850 γίνεται
1711 779 1862 842 dum;

297 881 437 934 Ἂνω
482 880 539 933 δὲ
593 881 690 933 καὶ¹
743 878 892 932 κάτω
942 875 1018 929 ὣν
1061 879 1174 939 τοῖς
1226 873 1419 927 ἑαυτοῦ
1480 873 1689 944 μέρεσι,
1746 870 1864 934 πῶς

292 972 389 1024 οὐκ
433 970 549 1024 ἐστι
591 969 781 1041 ψευδὲς
822 969 886 1023 rb'
925 968 1100 1036 λέγειν
1141 967 1231 1020 τὸν
1267 965 1492 1037 οὐρανὸν
1541 965 1615 1036 μὴ
1642 958 1779 1018 εἶναι
1804 963 1865 1016 ὲν

294 1062 443 1134 τόπῳ
465 1079 482 1130 ;

677 1152 766 1208 29.
812 1154 908 1206 Ἐκ
933 1152 1040 1206 τοῦ
1065 1151 1251 1206 αὐτοῦ
1271 1151 1477 1220 λόγου.

365 1267 385 1299 ι
422 1246 666 1318 Στιγμῆς
687 1245 787 1299 οὐκ
816 1245 958 1298 ἔστιν
984 1246 1013 1298 6
1040 1243 1222 1307 τόπος.
1263 1261 1282 1293 ι

363 1338 571 1394 οὐκοῦν
599 1340 699 1392 οὐκ
728 1338 841 1391 ἐστι
870 1340 971 1391 ποὺ
997 1339 1031 1407 ἡ
1075 1334 1297 1406 στιγμὴ,
1344 1332 1535 1404 ῶσπερ
1563 1333 1656 1386 καὶ
1700 1332 1761 1384 rb
1790 1331 1865 1402 μὴ

297 1435 371 1495 θν.
413 1435 477 1487 El
503 1433 559 1485 δὲ
584 1432 772 1502 ψευδὲς
796 1429 974 1493 τοῦτο,
1002 1429 1061 1483 ὃν
1102 1430 1210 1500 ἄρα
1250 1428 1398 1481 ἐστὶν
1426 1429 1461 1497 ἡ
1494 1424 1716 1496 στιγμὴ,
1774 1425 1876 1477 καὶί

300 1524 420 1581 πού.
438 1526 501 1578 Εἰ
528 1525 583 1577 δὲ
612 1525 737 1587 ποὺ,
754 1525 848 1577 καὶ
861 1523 1023 1576 τόπον
1050 1521 1219 1591 αὐτῆς
1236 1515 1373 1574 εἶναι
1392 1518 1708 1589 ἐξάνάγκης
1733 1516 1877 1589 (9⁵1)..

680 1704 770 1759 50.
816 1705 909 1756 Ἐκ
935 1703 1040 1756 τοῦ
1067 1702 1252 1757 αὐτοῦ
1279 1703 1482 1771 λόγου.

370 1820 391 1853 ι
425 1800 535 1853 Kal
561 1798 706 1852 ἔστιν
732 1799 760 1851 6
799 1796 962 1859 τόπος
1002 1796 1096 1848 καὶ
1124 1794 1251 1857 ποὺ,
1279 1794 1377 1863 οὐχ
1406 1792 1481 1855 ὡς
1514 1793 1587 1845 ἐν
1614 1790 1764 1860 τόπῳ
1789 1788 1867 1851 δὲ,

298 1893 408 1947 ἀλλ’
439 1893 515 1955 ὡς
541 1892 602 1945 τὸ
656 1891 828 1962 πέρας
869 1890 926 1943 ὲν
979 1888 1057 1959 τῷ
1095 1886 1511 1959 πεπερασμένῳ.
1555 1884 1630 1938 Οὐ
1675 1882 1783 1953 γὰρ
1809 1882 1868 1935 ὲν

297 1986 446 2056 τόπῳ
471 1985 533 2038 rb
557 1984 637 2047 ὃν,
669 1983 803 2037 ἀλλὰ
830 1983 889 2036 rb
908 1982 1125 2053 κινητὸν
1155 1981 1332 2051 σῶμα.
1374 1999 1393 2031 ι

364 2079 431 2131 Εἰ
458 2079 567 2131 πᾶν
585 2076 647 2129 τὸ
671 2077 729 2128 ὲν
757 2076 905 2146 τόπῳ
933 2074 1035 2128 πού
1064 2075 1201 2138 ἐστι,
1231 2074 1326 2126 καὶ
1350 2071 1411 2125 οὐ
1447 2072 1555 2125 πᾶν
1591 2070 1652 2122 rb
1679 2069 1782 2122 ποὺ
1811 2070 1869 2120 ὲν

298 2171 446 2241 τόπῳ
474 2170 612 2233 ἐστὶ,
652 2169 811 2222 πλέον
839 2170 945 2241 ἄρα
974 2168 1041 2221 τὸ·
1063 2169 1165 2221 ποὺ
1191 2165 1285 2220 τοῦ
1329 2166 1387 2218 ἐν
1415 2165 1583 2236 τόπῳ.
1611 2163 1736 2225 Πῶς
1777 2157 1871 2215 οὖν

303 2265 430 2333 μιᾶς
476 2262 811 2335 κατηγορίας
848 2258 987 2315 εἶναι
1021 2260 1238 2329 λέγεται
1289 2258 1350 2311 rb
1402 2259 1506 2311 ποὺ
1557 2256 1652 2310 καὶ
1699 2253 1760 2307 rb
1812 2255 1872 2307 ὲν

298 2357 467 2427 τόπῳ,
494 2355 571 2408 τὰ
590 2354 845 2408 τοσοῦτον
864 2352 1106 2423 ἀλλήλων
1130 2351 1470 2421 διαφέροντα,
1499 2347 1641 2401 ὥστε
1666 2346 1760 2399 καὶ
1782 2346 1873 2399 τὸν

300 2448 461 2501 τόπον
489 2448 666 2516 λέγειν
703 2442 839 2499 εἶναι
871 2445 967 2516 μὲν
996 2444 1125 2507 ποὺ,
1166 2443 1267 2495 οὐκ
1294 2443 1352 2494 ὲν
1392 2441 1541 2510 τόπῳ
1565 2439 1657 2503 δέ;
1687 2438 1797 2490 Kal
1825 2439 1872 2490 εί

299 2544 359 2595 rb
385 2543 561 2614 πέρας
578 2540 677 2593 τοῦ
710 2537 1124 2610 πεπερασμένου
1170 2536 1357 2605 ἑτέρου
1389 2533 1487 2604 μὲν
1528 2529 1902 2602 πεπερασμέέλ

300 2653 391 2689 νου
437 2635 556 2687 ἐστὶ
596 2633 778 2696 τόπος,
834 2631 1020 2701 ἐτέρου
1051 2629 1107 2681 δὲ
1156 2626 1364 2697 πέρας·
1414 2624 1531 2687 πῶς
1576 2625 1676 2677 οὐκ
1728 2621 1874 2674 ἔστιν

301 2726 516 2795 ἀνάγκη
544 2726 630 2779 ἀεὶ
673 2724 763 2777 rbv
817 2723 981 2775 τόπον
1008 2715 1146 2773 εἶναι
1195 2719 1289 2770 καὶ
1330 2718 1493 2770 τόπον
1526 2717 1621 2769 καὶ
1665 2714 1895 2785 πέρας,

302 2821 413 2875 Kal
448 2821 497 2871 εἰ
526 2818 633 2889 πρὸ
658 2816 764 2870 τῶν
793 2817 851 2868 ὲν
878 2815 1027 2885 τόπῳ
1054 2816 1083 2867 6
1109 2814 1271 2876 τόπος
1312 2811 1447 2874 ἐστὶ,
1496 2808 1612 2871 πῶς
1637 2808 1698 2860 οὐ
1726 2806 1877 2868 λέλυ-

303 2930 391 2964 ται
418 2913 451 2982 ή
480 2910 694 2978 ἀνάγκη
721 2907 813 2961 τοῦ
843 2908 929 2961 ἀεὶ
968 2906 1059 2959 τὸν
1108 2907 1270 2959 τόπον
1299 2900 1436 2957 εἶναι
1462 2903 1625 2961 τόπον
1658 2902 1753 2972 μὲν
1784 2900 1876 2954 ἄλ-

302 3005 415 3068 λου,
445 3004 618 3074 πέρας
636 3003 691 3055 δὲ
720 3001 913 3065 ἄλλου;
942 2999 1052 3053 Καὶ
1080 3000 1126 3051 εἰ
1144 2998 1204 3050 rb
1236 2996 1496 3070 μηδαμῶς
1522 2998 1580 3051 ὃν
1609 2994 1707 3056 οὐκ
1735 2992 1879 3046 ἔστιν

303 3097 361 3159 ὲν
383 3097 561 3167 τόπῳ·
595 3095 677 3165 εἴη
707 3094 815 3165 γὰρ
845 3095 910 3147 ἂν
949 3093 1073 3155 ποὺ,
1111 3090 1294 3154 καθὼς
1322 3085 1441 3141 εἶπε
1460 3105 1473 3118 ν
1508 3086 1624 3149 πῶς
1648 3085 1748 3137 οὐκ
1766 3084 1880 3136 ἐστι

302 3189 498 3242 ταύτὸν
526 3188 587 3241 rb
614 3188 717 3241 ποὺ
743 3186 820 3257 τῷ
848 3187 905 3238 ὲν
932 3185 1116 3256 τόπῳ;
1152 3184 1261 3237 Kal
1294 3184 1339 3235 εἰ
1372 3180 1450 3252 μὴ
1475 3179 1619 3233 ἆπαν
1646 3179 1703 3230 ὲν
1729 3176 1879 3245 τόπῳ

303 3281 366 3334 τὸ
391 3280 473 3344 ὃν,
506 3279 621 3342 πῶς
648 3279 747 3332 οὐκ
774 3277 925 3331 ἔσται
951 3276 1122 3330 ταύτὰ
1153 3274 1230 3345 τῷ
1274 3272 1348 3346 μὴ
1371 3271 1482 3325 ὄντι
1510 3268 1631 3322 τινὰ
1661 3268 1768 3321 τῶν
1795 3265 1881 3319 ὅν-

304 3393 434 3438 των,
474 3373 586 3442 εῐγε
616 3373 678 3425 rb
709 3370 782 3443 μὴ
819 3366 955 3424 εἶναι
1000 3373 1058 3424 ἐν
1091 3368 1242 3438 τόπῳ
1263 3364 1437 3419 κοινόν
1476 3364 1621 3415 ἐστιν
1649 3358 1885 3431 ἀμφοτέ-

311 3484 455 3539 ρων;
499 3467 609 3519 Καὶ
635 3467 683 3517 εἰ
713 3464 774 3516 rb
811 3461 1029 3534 κινητὸν
1074 3459 1230 3530 σῶμα
1263 3457 1421 3529 μόνον
1453 3456 1510 3507 ὲν
1553 3453 1702 3523 τόπῳ
1744 3451 1909 3521 ἐστὶ,

310 3560 426 3624 πῶς
450 3561 480 3612 6
499 3556 747 3629 οὐρανὸς,
779 3555 937 3627 σῶμα
962 3554 1022 3608 ὃν
1050 3552 1288 3624 κινητὸν,
1332 3549 1431 3603 οὐκ
1460 3548 1604 3601 ἔστιν
1624 3549 1681 3601 ὲν
1698 3546 1846 3617 τόπῳ
1869 3561 1883 3609 ;

416 3820 505 3873 51.
548 3818 643 3869 Ἐκ
669 3815 774 3868 τοῦ
800 3811 986 3868 αὑτοῦ
1027 3810 1212 3879 λόγου
1241 3807 1381 3875 Περὶ
1408 3805 1511 3859 τοῦ
1540 3804 1779 3874 χρόνου.

386 3934 421 3965 ι
443 3914 564 3965 Ὅτι
597 3909 693 3981 μὲν
712 3904 804 3961 οὖν
825 3906 1023 3977 ἢὸλως
1048 3904 1147 3956 οὐκ
1175 3901 1340 3965 ἔστιν,
1373 3900 1406 3971 ἢ
1444 3898 1593 3969 μόλις
1633 3898 1727 3950 καὶ
1751 3897 1891 3967 ἀμυο

314 4005 472 4077 δρῶς,
504 4005 570 4055 ὲκ
606 3999 770 4053 τῶνδε
813 4015 896 4060 τις
922 3996 988 4050 ἂν
1016 3995 1390 4048 ὑποπτεύσειε.
1423 3990 1496 4043 Tb
1528 3990 1623 4060 μὲν
1659 3987 1767 4058 γὰρ
1795 3987 1892 4039 αὐ-

316 4098 408 4151 τοῦ
437 4096 625 4164 γέγονε
643 4093 737 4146 καὶ
762 4090 862 4145 οὐκ
889 4088 1025 4151 ἔστι,
1048 4087 1109 4140 rb
1135 4086 1191 4139 δὲ
1221 4084 1400 4156 μέλλει
1428 4082 1523 4136 καὶ
1543 4080 1693 4134 οὔπω
1713 4077 1886 4131 ἐστίν·

319 4194 381 4243 ὲκ
407 4190 462 4242 δὲ
487 4186 690 4239 τούτων
735 4184 830 4236 καὶ
856 4183 884 4234 6
924 4180 1147 4251 ἄπειρος
1184 4178 1282 4231 καὶ
1320 4178 1348 4228 6
1376 4177 1460 4229 ἀεὶ
1487 4172 1895 4245 λαμϐανόμενος

320 4283 507 4355 χρόνος
557 4278 853 4345 σύγκειται.
886 4273 960 4326 Τὸ
987 4272 1043 4325 δὲ
1087 4272 1152 4324 ὲκ
1196 4270 1270 4341 μὴ
1324 4270 1490 4321 ὄντων
1540 4265 1894 4334 συγκείμενον

320 4376 577 4429 ἀδύνατον
606 4372 669 4425 ἂν
697 4369 862 4433 δόξειε
896 4365 1138 4437 μετέχειν
1166 4363 1371 4424 οὐσίας.
1413 4360 1621 4421 Παντὸς
1648 4356 1758 4428 γάρ
1802 4373 1897 4425 με-

324 4466 527 4540 ριστοῦ,
571 4465 772 4533 ἐάνπερ
816 4458 873 4535 ᾖ,
902 4458 1137 4526 ἀνάγκη,
1185 4456 1270 4509 ὅτε
1310 4454 1476 4515 ἐστὶν,
1523 4452 1640 4521 ἦτοι
1678 4449 1813 4509 ἔνια,

324 4563 497 4615 πάντα
534 4556 759 4628 τὰμέρη
790 4551 947 4607 εἶναι.
994 4549 1101 4603 Τοῦ
1130 4549 1186 4600 δὲ
1213 4547 1403 4619 χρόνου
1447 4544 1517 4596 τὰ
1560 4543 1655 4614 μὲν
1683 4540 1894 4609 γέγονε,

324 4653 390 4705 τὰ
415 4654 470 4706 δὲ
490 4650 688 4721 μέλλει,
713 4648 826 4700 ἐστι
855 4646 911 4698 δὲ
938 4642 1117 4704 οὐθὲν,
1148 4640 1297 4701 ὄντος
1317 4634 1589 4708 μεριστοῦ.
1618 4633 1698 4686 Τὸ·
1719 4632 1774 4684 δὲ
1802 4630 1897 4683 νῦν

325 4746 383 4796 οὐ
416 4720 608 4813 μέρος·
645 4740 858 4811 μετρεῖν
889 4734 996 4805 (98)
1026 4732 1135 4804 γὰρ
1165 4731 1228 4783 τὸ
1252 4730 1434 4801 μέρος,
1470 4728 1562 4780 καὶ
1583 4720 1898 4791 συγκεῖσθαι

325 4838 405 4888 δεῖ
419 4836 485 4888 rb
518 4834 636 4886 ὂλον
670 4832 733 4884 ὲκ
761 4828 869 4882 τῶν
907 4825 1085 4898 μερῶν
1109 4842 1121 4854 ·
1154 4824 1182 4875 ὁ
1218 4821 1275 4874 δὲ
1302 4819 1491 4891 χρόνος
1519 4818 1577 4869 οὐ
1605 4816 1751 4868 δοκεῖ
1770 4828 1899 4880 συγσ-

330 4925 537 4979 κεῖσθαι
570 4924 636 4976 ὲκ
662 4920 769 4974 τῶν
797 4916 913 4971 νῦν.
942 4935 960 4967 ι

399 5184 461 5236 Εἰ
491 5182 599 5234 πᾶν
624 5179 685 5231 rb
712 5176 1027 5245 γιγνόμενον
1049 5171 1154 5241 πρὸ
1168 5167 1261 5221 τοῦ
1289 5162 1538 5234 γενέσθαι
1566 5163 1663 5214 οὐκ
1690 5157 1779 5232 ἦν,
1803 5159 1902 5211 οὐκ

333 5278 437 5348 ἄρα
456 5273 623 5335 ἁῖδιὸς
648 5288 707 5323 τε
747 5268 842 5322 καὶ
867 5267 1096 5336 ἄναρχος
1128 5264 1156 5314 6
1195 5259 1385 5332 χρόνος
1403 5273 1417 5286 °
1447 5254 1527 5308 διὸ
1553 5252 1675 5307 οὔτε
1696 5255 1728 5323 ἠ
1752 5252 1903 5319 κίνη-

337 5343 417 5431 σίς
450 5370 597 5420 ἐστιν
628 5362 793 5424 ἀῖδιός
834 5374 894 5412 τε
933 5357 1026 5410 καὶ
1068 5355 1318 5424 ἄναρχος,
1359 5343 1427 5419 ἦς
1466 5349 1494 5400 6
1528 5345 1716 5415 χρόνος
1757 5343 1903 5394 ἐστὶν

338 5458 583 5532 ἀριθμός.
631 5455 697 5509 El.
737 5452 845 5524 γὰρ
881 5449 948 5503 rb
984 5447 1171 5519 μέλλον
1204 5443 1367 5514 μέρος
1394 5436 1702 5507 τοῦνχρόνου
1752 5432 1905 5486 οὔπω

433 5655 523 5721 97)
562 5652 658 5715 Ἐξ
679 5647 965 5721 ἀνᾴγκῃς.
991 5643 1201 5721 ξιιμριλ
1219 5638 1351 5718 ἔστι.

433 5657 523 5721 97)
562 5657 658 5715 Ἐξ
679 5657 965 5716 ἀνάγκης.
991 5657 1182 5713 Suppl.
1219 5657 1351 5691 εστι.

411 5657 527 5793 ξ98)
570 5717 839 5793 Μετρεῦο.
866 5716 965 5793 ‘lta_
999 5715 1130 5783 Reg.
1170 5710 1224 5775 9.,
1257 5709 1361 5793 _cui
1403 5707 1551 5793 Laxet

344 5773 544 5857 mlius’,
571 5773 665 5847 vin
688 5773 837 5857 'qiuo‘
866 5786 1060 5857 legitur
1078 5773 1358 5857 μετρεῖτε.
1403 5777 1552 5857 Ιξὶιιηὶιῇ-
1592 5773 1791 5857 nosti-it
1812 5786 1905 5857 ne:

345 5842 571 5939 ἶρῗςξξᾶἱ,
594 5842 775 5916 {uinus
792 5842 1165 5913 'comi’nouefid
1182 5842 1348 5915 enim,
1377 5848 1431 5903 ni
1465 5844 1641 5912 fallor,
1668 5842 1908 5899 declarat

1964 582 2193 636 alterum
2220 583 2635 647 consequenter.
2687 571 2745 627 Si
2778 570 2976 625 coelum
3007 583 3116 622 non
3142 574 3226 621 est
3267 580 3364 635 per
3390 578 3449 618 se
3470 563 3524 616 in

1962 673 2083 726 loco
2103 668 2426 740 :‘quomodo
2459 666 2590 721 dum
2621 662 2877 718 circulari
2924 660 3104 730 agitur
3131 665 3302 720 motu,
3342 661 3528 726 partes

1961 765 2083 834 ejus
2131 761 2444 832 superiores
2482 759 2763 819 deorsum,
2798 761 2853 809 et
2886 751 3171 806 inferiores
3201 762 3418 805 sursum
3446 744 3529 799 fe-

1963 855 2197 911 runtur?
2221 852 2358 908 Cum
2394 858 2573 905 autem
2594 847 2841 918 partibus
2877 845 2993 899 suis
3020 856 3241 899 sursum
3282 846 3339 894 et
3368 838 3529 893 deor-

1961 964 2083 1004 sum
2116 946 2209 1011 sit,
2240 942 2516 1016 quomodo
2553 957 2664 996 non
2706 939 2903 995 falsum
2932 943 3040 1000 est,
3075 933 3222 1006 quod
3247 932 3446 987 caelum
3472 931 3528 984 in

1963 1042 2087 1099 loco
2114 1038 2317 1094 dicitur
2346 1050 2458 1091 non
2489 1034 2653 1090 esse?

2129 1132 2222 1188 29.
2252 1125 2533 1183 Ereodem
2561 1123 2717 1178 libro.
2737 1121 2834 1177 lib.
2866 1136 2941 1190 iv,
2972 1137 3021 1179 c.
3049 1121 3104 1187 5,
3132 1135 3185 1191 p.
3211 1122 3338 1177 212.

2040 1241 2059 1273 ι
2098 1218 2297 1274 Puncti
2322 1218 2478 1285 locus
2509 1229 2618 1270 non
2643 1219 2749 1268 est.

2033 1313 2152 1369 Non
2186 1327 2314 1382 ergo
2353 1307 2554 1364 alicubi
2596 1312 2878 1376 punctum,
2913 1292 3367 1370 quemadmodum
3389 1294 3443 1343 et
3474 1285 3530 1340 id

1967 1405 2113 1476 quod
2152 1418 2260 1458 non
2290 1408 2395 1457 εει.
2425 1397 2532 1454 Sed
2565 1397 2611 1452 si
2636 1396 2691 1450 id
2718 1393 2939 1457 falsum,
2976 1403 3074 1445 ens
3109 1399 3238 1456 ergo
3269 1391 3352 1438 est
3390 1394 3530 1450 pun-

1968 1468 2113 1551 ctum
2142 1500 2196 1548 ει
2225 1490 2442 1546 alicubi.
2465 1486 2620 1555 Quod
2658 1484 2702 1541 si
2729 1480 2963 1546 alicubi,
2998 1488 3225 1533 necesse
3249 1477 3335 1527 est
3362 1477 3418 1526 et
3442 1468 3527 1523 10-.-

1969 1602 2092 1642 cum
2114 1585 2234 1655 ejus
2252 1597 2395 1639 esse.

2331 1672 2421 1728 '50.
2456 1671 2539 1725 Ea:
2566 1668 2747 1726 eodem
2782 1664 2936 1720 libro.
2959 1658 3091 1715 ibid.

2047 1785 2067 1818 ι
2098 1764 2165 1819 Ει
2194 1764 2348 1819 locus
2385 1770 2470 1818 est
2496 1768 2552 1817 et
2584 1758 2802 1819 alicubi,
2829 1771 2940 1812 non
2969 1766 3150 1809 tamen
3191 1755 3251 1804 ut
3283 1743 3340 1801 in
3386 1745 3531 1807 loco,

1901 1883 1941 1936 Β
1969 1856 2065 1912 sed
2092 1863 2153 1909 ut
2176 1853 2298 1909 ﬁnis
2341 1853 2397 1908 in
2425 1852 2596 1907 ﬁnito.
2640 1848 2828 1918 Neque
2867 1846 3008 1901 enim
3044 1845 3099 1898 in
3138 1841 3258 1899 loco
3294 1844 3378 1893 εει
3412 1851 3534 1898 ειιε,

1969 1949 2064 2005 εεὰ
2097 1961 2299 2017 corpus
2333 1944 2477 2016 quod
2505 1948 2773 1998 movetur.
2814 1958 2832 1990 ι

2042 2039 2098 2094 Si
2132 2036 2397 2110 quidquid
2424 2045 2508 2092 est
2541 2036 2593 2089 in
2624 2034 2744 2088 loco
2770 2038 2856 2087 est
2884 2026 3106 2090 alicubi,
3142 2038 3245 2081 nec
3274 2018 3541 2093 quidquid

1969 2140 2055 2187 εει
2104 2129 2308 2185 alicubi
2357 2128 2412 2182 in
2457 2127 2579 2181 loco
2613 2132 2719 2187 εει,
2767 2122 2932 2176 latius
2966 2124 3113 2173 certe
3160 2121 3309 2186 patet
3338 2110 3546 2167 alicubi

1971 2238 2131 2294 quam
2165 2222 2222 2277 in
2267 2221 2410 2275 loco.
2460 2215 2742 2284 Quomodo
2773 2228 2903 2285 ergo
2932 2211 3095 2266 unius
3137 2202 3542 2279 praedicamenti

1972 2332 2094 2373 esse
2143 2314 2404 2371 dicuntur
2436 2307 2812 2367 illudalicubi
2861 2312 2928 2363 et.
2960 2303 3092 2359 illud
3127 2302 3185 2358 in
3232 2300 3374 2361 loco,
3422 2309 3546 2364 qua:

1972 2417 2256 2479 tantopere
2284 2421 2314 2460 a
2336 2421 2394 2460 se
2416 2404 2646 2459 invicem
2678 2402 2902 2463 distant,
2923 2406 2985 2451 ut
3006 2396 3158 2449 locus
3186 2393 3397 2447 dicatur
3422 2402 3547 2443 esse

1973 2501 2173 2557 alieubi
2207 2513 2307 2555 nec
2333 2506 2512 2553 tamen
2550 2494 2603 2547 in
2632 2493 2752 2546 loco
2766 2489 2884 2545 ?«Et
2917 2487 2962 2545 si
2989 2486 3109 2539 ﬁnis
3142 2485 3221 2539 rei
3248 2481 3431 2546 ﬁnita,
3466 2480 3549 2532 al-

1973 2594 2144 2649 terius
2164 2590 2382 2661 quidem
2406 2589 2486 2643 rei
2512 2585 2675 2639 ﬁnitae
2698 2582 2819 2637 ﬁnis
2835 2587 2939 2644 est,
2958 2575 3181 2631 alterius
3199 2588 3328 2629 vero
3357 2573 3545 2627 locus:

1975 2680 2250 2753 quomodo
2296 2692 2522 2733 necesse
2553 2690 2663 2730 non
2693 2681 2799 2735 est,
2845 2669 3090 2724 ut-locus
3126 2678 3342 2733 semper
3374 2661 3448 2717 sit
3492 2667 3548 2714 et

1977 2776 2131 2830 locus
2168 2780 2223 2828 et
2271 2771 2436 2827 ﬁnis?
2466 2769 2529 2823 Et
2561 2769 2609 2823 si
2640 2767 2793 2820 locus
2823 2770 2948 2817 ante
2995 2761 3085 2814 illa
3118 2768 3221 2821 est,
3253 2772 3373 2826 quae
3421 2761 3549 2810 sunt

1978 2870 2034 2921 in
2055 2867 2208 2922 loco:
2239 2862 2510 2934 quomodo
2540 2876 2647 2914 non
2671 2856 2947 2914 evanescit
2966 2852 3286 2915 necessitas,
3310 2856 3370 2903 ut
3394 2849 3550 2903 locus

1978 2970 2193 3026 semper
2224 2928 2297 3009 sit
2329 2952 2556 3006 alterius
2585 2950 2739 3003 locus
2778 2954 2831 3001 et
2864 2944 3091 2999 alterius
3121 2939 3282 2994 ﬁnis?
3321 2928 3387 2991 Et
3417 2936 3463 2993 si
3496 2937 3551 2989 id

1980 3025 2127 3116 quod
2156 3055 2497 3114 nequaquam
2538 3045 2643 3102 est,
2676 3052 2783 3090 non
2814 3044 2900 3089 est
2931 3033 2986 3086 in
3034 3032 3179 3094 loco,
3210 3035 3356 3082 esset
3403 3025 3551 3079 enim

1982 3138 2204 3201 alicubi,
2256 3144 2317 3191 ut
2371 3135 2532 3201 dixit,
2589 3128 2864 3201 quomodo
2907 3142 3018 3181 non
3052 3125 3193 3179 idem
3229 3126 3315 3177 est
3350 3116 3552 3173 alicubi

1909 3250 1950 3305 ο
1980 3246 2103 3287 εεεε
2130 3244 2194 3283 ac
2223 3229 2277 3282 in
2309 3226 2473 3281 loco?
2503 3224 2569 3276 Et
2606 3222 2651 3277 si
2684 3236 2791 3275 non
2814 3215 3078 3289 quidquid
3100 3220 3184 3269 est
3213 3210 3417 3266 in-loco
3443 3214 3551 3272 est,

1986 3318 2257 3391 quomodo
2314 3315 2834 3372 nonnullaeorum,
2871 3323 2992 3379 qum
3043 3312 3193 3369 sunt,
3249 3318 3359 3356 non
3408 3299 3554 3354 idem

1984 3417 2146 3467 erunt
2174 3426 2237 3465 ac
2268 3409 2321 3464 id
2347 3407 2491 3478 quod
2523 3421 2629 3461 non
2658 3411 2763 3467 est,
2795 3398 3064 3470 siquidem
3097 3407 3385 3451 commune
3409 3397 3557 3446 utro-

1986 3518 2217 3573 rumque
2252 3510 2338 3556 est
2370 3515 2479 3554 non
2512 3513 2634 3555 esse
2684 3495 2740 3549 in
2772 3492 2933 3549 loco?
2960 3489 3026 3543 Et
3060 3488 3107 3543 si
3132 3501 3356 3555 corpus,
3406 3481 3552 3553 quod

1988 3603 2257 3657 movetur,
2281 3593 2455 3647 solum
2488 3592 2543 3645 in
2577 3590 2700 3643 loco
2726 3594 2841 3642 est:
2870 3580 3142 3653 quomodo
3178 3579 3399 3637 coelum,
3427 3589 3553 3629 cum

1987 3704 2189 3759 corpus
2217 3687 2291 3741 sit
2311 3683 2457 3755 quod
2483 3688 2751 3742 movetur,
2786 3677 2843 3732 in
2872 3676 2992 3729 loco
3022 3687 3132 3725 non
3162 3669 3278 3724 est?

1997 3778 2059 3833 31
2072 3757 2103 3832 ,ἦ
2116 3777 2200 3837 Ea:
2220 3773 2397 3828 eodeni
2420 3773 2555 3826 libro
2588 3769 2664 3822 De
2690 3778 2933 3835 tempore.
2956 3768 3057 3834 ib.,
3076 3780 3126 3819 c.
3150 3762 3238 3825 10,
3261 3775 3315 3831 ιλ
3341 3757 3401 3811 2|
3418 3757 3449 3809 Ἰ
3476 3771 3559 3821 sq.

2063 3887 2083 3919 ι
2105 3866 2341 3935 Tempus
2356 3865 2523 3936 igitur
2538 3863 2621 3917 vel
2637 3858 2858 3916 omnino
2883 3871 2996 3909 non
3012 3867 3155 3911 esse,
3178 3848 3261 3901 vel
3286 3847 3374 3898 vix
3392 3849 3445 3895 et
3461 3842 3559 3893 ob-

1990 3973 2151 4017 scure
2165 3972 2307 4021 esse,
2320 3973 2386 4011 ex
2403 3957 2488 4010 his
2506 3970 2637 4010 sane
2654 3952 2777 4021 quis
2793 3947 3122 4017 suspicetur.
3139 3938 3273 3992 Nam
3296 3950 3424 4007 pars
3438 3932 3560 4001 ejus

1994 4051 2117 4117 fuit,
2135 4066 2237 4106 nec
2250 4058 2367 4111 est;
2399 4060 2528 4118 pars
2548 4046 2730 4099 futura
2746 4048 2851 4103 est,
2870 4038 3099 4093 necdum
3118 4038 3232 4085 est:
3255 4044 3322 4083 ex
3353 4026 3438 4080 liis
3463 4038 3563 4076 au-

1993 4153 2100 4199 tem
2117 4150 2171 4196 et
2183 4141 2453 4201 inﬁnitum
2473 4146 2526 4195 et
2540 4144 2801 4191 aeternum
2821 4140 3035 4198 tempus
3052 4124 3562 4195 Massumptum

1993 4238 2228 4288 constat.
2252 4225 2413 4296 Quod
2438 4235 2616 4282 autem
2635 4228 2849 4277 constat
2866 4235 2931 4273 ex
2950 4217 3038 4271 bis
3066 4229 3187 4284 quze
3205 4226 3314 4265 non
3338 4213 3487 4269 sunt,
3508 4203 3567 4257 id

1996 4333 2057 4379 ut
2087 4322 2360 4392 particeps
2400 4319 2471 4374 sit
2507 4314 2821 4371 substantiae
2854 4325 2962 4363 non
2991 4305 3206 4362 videtur
3226 4316 3389 4372 posse
3424 4295 3563 4351 ﬁeri.

1995 4416 2275 4485 Cujusque
2299 4412 2446 4467 enim
2483 4409 2583 4471 rei,
2603 4421 2729 4477 qua:
2748 4402 2918 4457 dividi
2946 4397 3140 4470 possit,
3159 4396 3204 4449 si
3242 4392 3399 4447 modo
3420 4390 3569 4444 exsi-

2000 4515 2128 4573 stat,
2152 4518 2375 4560 necesse
2391 4509 2497 4565 est,
2526 4514 2650 4554 cum
2685 4494 2921 4560 exsistit,
2944 4499 3005 4545 ut
3027 4490 3111 4542 vel
3142 4484 3417 4540 nonnullae
3440 4496 3569 4551 par-

1932 4569 2124 4661 Dtes,
2151 4596 2237 4651 vel
2281 4607 2472 4649 omnes
2489 4589 2776 4645 exsistant.
2825 4578 3113 4649 Temporis
3165 4583 3369 4636 autem,
3418 4569 3568 4641 quod

2000 4660 2166 4743 dividi
2222 4689 2422 4753 potest,
2453 4680 2571 4732 alia:
2608 4683 2793 4747 partes
2840 4671 3188 4729 exstiterunt,
3222 4662 3341 4717 aliae
3372 4660 3570 4713 futura:

2002 4784 2149 4839 sunt,
2191 4775 2340 4828 nulla
2368 4778 2550 4826 autem
2578 4764 2813 4823 exsistit.
2846 4756 3268 4817 Ργωεειιεειιίιιι
3306 4768 3437 4823 pars
3460 4767 3570 4804 non

2000 4878 2104 4925 est.
2140 4865 2274 4924 Nam
2315 4876 2540 4919 necesse
2569 4866 2654 4913 est
2685 4854 2923 4925 utpars.
2959 4850 3235 4910 metiatur,
3286 4860 3350 4898 ac
3398 4849 3571 4897 totum

1918 4992 1921 4996 ι
2001 4964 2359 5029 componatur
2392 4971 2457 5009 ex
2497 4951 2766 5023 partibus.
2790 4946 3028 5012 Tempus
3088 4947 3270 4995 autem
3314 4950 3429 4990 non
3491 4932 3575 4987 vi-

2002 5053 2162 5107 detur
2218 5046 2471 5116 componi
2544 5059 2625 5097 ex.
2672 5038 2945 5111 praesenti.
2986 5054 3006 5086 ›

2074 5142 2131 5195 Si
2175 5134 2436 5209 quidquid
2486 5135 2564 5197 ﬁt,
2594 5148 2703 5186 non
2745 5139 2863 5185 erat
2895 5135 3183 5195 antequam
3226 5122 3408 5186 ﬁeret;
3462 5133 3574 5172 non

2002 5250 2133 5305 ergo
2161 5240 2423 5289 teternum
2459 5227 2654 5282 eLsine
2676 5223 2942 5293 principio
2970 5229 3182 5287 tempus
3208 5236 3221 5271 :
3246 5214 3450 5270 idcirco
3470 5227 3574 5266 nec

2006 5337 2209 5390 motus,
2240 5326 2401 5394 cujus
2433 5334 2692 5376 numerus
2720 5325 2804 5372 est
2834 5326 3068 5384 tempus,
3108 5319 3346 5365 aeternus
3374 5315 3427 5361 et
3454 5306 3574 5360 sine

2004 5418 2295 5492 principio.
2324 5414 2458 5472 Nam
2483 5413 2530 5468 si
2554 5412 2734 5465 futura
2753 5422 2877 5478 pars
2913 5404 3171 5476 temporis
3199 5400 3440 5456 nondum
3466 5406 3572 5461 est,

2004 5628 2097 5682 hic
2148 5623 2610 5691 scriptorApartes
2642 5615 2708 5667 ad
2756 5624 3066 5666 mensuram
3102 5606 3273 5688 totius
3328 5599 3576 5691 adhiberi

2009 5670 2228 5753 debere.
2262 5670 2405 5760 quod
2429 5670 2665 5760 rquidem
2711 5698 2834 5737 cum
2885 5678 3136 5760 praesenti
3165 5691 3275 5729 non
3305 5670 3579 5760 εχὶειίμιιιι

2009 5741 2483 5822 Ξεζίῐῖιὲῖιίνὲῖίιιυέὶ
2512 5757 2654 5810 inter
2677 5741 2940 5823 temporis
2970 5757 3152 5821 partes
3184 5741 3583 5805 numerandum

2012 5843 2191 5911 negat.
2217 5832 2339 5888 Vid.
2371 5845 2522 5885 num.
2563 5826 2651 5881 '55.
