3974 6256
454 348 478 404 1
488 342 589 401 52⁸1

1192 336 1564 397 APPENDIX.
1600 365 1671 378 —-
1703 335 1884 392 PARS
1918 337 1958 393 I.
1999 335 2057 393 S.
2091 331 2361 401 JUSTINI
2400 330 2629 412 OPERA
2666 329 2936 395 SPURIA.

3539 337 3661 397 i528

447 471 566 520 erat
589 467 768 516 autem
797 466 851 515 et
871 458 1144 530 praeterita
1167 471 1297 527 pars
1321 456 1602 527 temporis,
1621 461 1914 525 antequam
1940 451 2015 507 fu-

2126 450 2297 511 ὲστὶν,
2325 444 2392 519 ἦν
2430 447 2487 501 δὲ
2527 449 2621 500 καὶ
2662 447 2724 500 τὸ
2768 446 2991 515 γεγονὸς
3026 446 3190 519 μέρος
3232 447 3325 503 τοῦ
3350 450 3528 522 χρόνου
3566 457 3660 526 πρὸ

446 562 629 611 turum
664 552 850 617 ﬁeret;
888 559 1006 606 erat
1044 564 1173 621 ergo
1201 564 1325 604 cum
1362 548 1635 619 praeterita
1657 560 1783 618 pars
1811 555 2021 615 tempo-

446 646 526 701 ris
551 660 661 699 non
685 649 851 699 esset.
874 640 942 694 Et
967 641 1014 696 si
1042 640 1098 695 id
1120 638 1266 711 quod
1296 639 1569 694 inﬁnitum
1596 645 1704 706 est,
1727 637 1846 695 sine
1870 636 2022 706 prin-

446 738 590 808 cipio
616 750 739 791 esse
767 734 959 800 debet;
984 747 1094 787 non
1124 747 1256 803 ergo
1284 731 1557 786 inﬁnitum
1585 738 1821 799 tempus,
1849 727 2018 799 quod,

446 837 505 882 ut
532 828 624 892 sit,
657 825 985 897 principium
1009 824 1170 879 habet
1188 822 1620 879 vicissitudinem
1652 820 1842 876 futuri.
1882 820 1948 875 Et
1972 820 2018 875 si

444 922 717 995 praeterita
752 934 882 990 pars
908 918 1172 987 temporis
1193 925 1317 972 actu
1347 925 1561 987 tempus
1587 922 1691 979 est,
1719 914 1901 969 futura
1924 930 2021 969 au-

445 1023 551 1068 tem
578 1012 840 1082 potentia,
874 1011 930 1065 in
966 1011 1033 1066 iis
1072 1018 1275 1075 autem,
1310 1024 1431 1080 qua:
1459 1018 1607 1072 sunt,
1652 1018 1812 1064 actus
1841 1017 1894 1063 et
1920 1024 2061 1099 pos.

443 1102 614 1157 tentia
640 1109 1032 1168 numerantur;
1054 1117 1165 1156 non
1185 1114 1317 1170 ergo
1346 1106 1559 1154 constat
1587 1105 1802 1168 tempus
1836 1114 1903 1157 ex
1934 1098 2019 1154 bis

442 1210 561 1264 qum
583 1209 690 1249 non
714 1203 861 1258 sunt,
893 1194 1039 1263 quod
1069 1208 1136 1247 ex
1167 1193 1442 1263 praeterito
1470 1199 1525 1247 et
1556 1190 1741 1246 futuro
1780 1198 2013 1259 conStat.

442 1282 508 1337 Et
532 1284 579 1338 si
620 1282 941 1338 substantia:
963 1297 1070 1336 non
1098 1288 1181 1338 est
1208 1282 1481 1356 particeps
1502 1288 1749 1350 tempus;
1782 1286 1837 1333 at
1878 1279 2018 1334 assi-

444 1374 535 1429 det
581 1373 923 1437 substantiis,
959 1373 1034 1427 ita
1063 1380 1124 1435 ut
1172 1373 1255 1427 vel
1301 1389 1369 1427 ex
1427 1373 1531 1427 hoc
1560 1371 1909 1435 manifestum
1945 1371 2018 1426 sit

443 1474 657 1534 tempus
705 1480 774 1520 ex
822 1480 1033 1528 eorum,
1065 1480 1189 1535 quae
1228 1473 1378 1530 sunt,
1422 1480 1651 1523 numero
1691 1479 1833 1520 esse.
1869 1463 1937 1535 Et
1969 1465 2017 1531 si

439 1558 712 1626 praeterita
737 1571 866 1628 pars
894 1558 1154 1628 temporis
1196 1557 1253 1614 in
1284 1557 1575 1629 praeteritis
1613 1554 1694 1611 rei
1723 1555 2040 1612 divisibilis.

438 1648 684 1718 partibus
712 1656 1030 1719 spectatur:
1060 1650 1332 1719 quomodo
1356 1650 1506 1703 nulla
1545 1663 1673 1719 pars
1701 1656 1785 1703 est
1814 1658 2022 1720 temp0-.

439 1736 519 1795 ris
548 1737 695 1809 quod
738 1737 1041 1794 dividitur?
1080 1739 1137 1795 Si
1165 1756 1409 1811 presens
1432 1756 1542 1798 non
1575 1750 1661 1796 est
1680 1741 1767 1797 vel
1791 1740 2012 1794 minima

438 1844 567 1898 pars
594 1829 878 1900 temporis,
902 1830 1035 1901 quid
1063 1840 1148 1887 est
1178 1833 1323 1903 quod
1356 1833 1558 1887 dicitur
1587 1832 1932 1902 repentinum
1958 1836 2013 1897 et
2043 1817 2085 1871 Β

436 1920 778 1977 individuum
823 1931 879 1978 et
920 1931 1183 1995 punctum
1239 1924 1545 1994 temporis?
1579 1922 1863 1990 Quomodo
1894 1922 2011 1978 ﬁeri

437 2020 638 2084 potest,
668 2021 730 2069 ut
755 2029 820 2069 ex
869 2006 1057 2071 futuro
1087 2015 1142 2070 in
1177 2031 1420 2087 praesens
1459 2023 1515 2071 et
1557 2032 1624 2072 ex
1655 2016 1913 2085 praesenti
1954 2015 2011 2069 in

436 2104 770 2176 praateritum
801 2106 896 2159 ﬁat
917 2096 1262 2176 vicissitudo,
1295 2108 1340 2164 si
1362 2123 1603 2179 praesens
1629 2123 1740 2163 non
1761 2116 1847 2163 est
1883 2122 2012 2183 pars

437 2196 732 2267 temporis?
772 2195 970 2255 Omnia
1010 2199 1157 2257 enim
1202 2206 1334 2257 sunt
1378 2214 1511 2272 pars
1559 2199 1843 2269 temporis,
1898 2197 2013 2268 pri-

436 2302 608 2353 mum,
658 2287 924 2357 futurum,
979 2291 1274 2362 posterius,
1309 2296 1478 2358 nunc,
1510 2290 1729 2356 deinde,
1786 2296 2012 2361 praeter-

436 2380 595 2435 itum.

436 2474 525 2531 32.
545 2474 631 2530 Ex
656 2476 837 2539 eodem,
866 2476 1001 2541 libro
1056 2486 1247 2545 quarto
1287 2477 1521 2546 eiusdem
1559 2476 2006 2546 pertractationis.

905 2546 999 2606 lib.
1037 2544 1111 2613 ﬁt.
1139 2563 1189 2605 c.
1224 2550 1321 2615 ﬂ,
1345 2564 1398 2618 p.
1429 2544 1552 2605 2l9.

509 2648 529 2686 ι
565 2629 677 2689 Nec
713 2640 923 2688 motum
954 2631 1119 2703 igitur
1145 2644 1290 2696 esse,
1314 2643 1415 2684 nec
1439 2631 1558 2704 sine
1586 2633 1737 2683 motu
1768 2631 2007 2703 tempus,

434 2724 784 2782 manifestum
804 2732 910 2788 est.
947 2742 967 2776 ι

503 2819 573 2873 At
593 2820 835 2890 genitum
858 2832 980 2879 esse
1001 2826 1235 2887 tempus,
1256 2829 1357 2870 nec
1383 2812 2007 2891 a3ternum,uinchoatum

435 2925 557 2966 esse
585 2925 687 2965 nec
714 2909 834 2965 sine
861 2906 1133 2979 principio
1157 2920 1299 2970 esse.
1330 2905 1543 2973 ﬁnitum
1584 2920 1730 2970 esse,
1770 2920 1882 2967 non
1910 2918 2010 2959 au-

436 3010 546 3059 tem
576 3001 871 3073 inﬁnitum,
896 3001 952 3057 id
982 3001 1149 3058 etiam
1175 2998 1522 3065 manifestum
1557 3006 1663 3054 est.
1698 2995 1804 3052 Sed
1833 2996 1881 3052 si
1902 2994 2010 3051 tale

2120 542 2213 611 τοῦ
2261 540 2518 611 γενέσθαι
2549 538 2737 611 μέλλον
2756 556 2769 569 ο
2809 534 2876 610 ἦν
2905 538 3013 609 ἄρα
3039 538 3127 591 ὅτε
3157 538 3251 592 οὐκ
3295 534 3360 613 ἦν
3386 542 3443 593 τὸ
3466 546 3659 612 γεγονὸς

2125 635 2294 707 μέρος
2340 634 2437 687 τοῦ
2491 634 2705 705 χρόνου.
2754 631 2862 685 Καὶ
2900 633 2949 685 εί
2988 630 3154 685 δεῖτὸ
3192 631 3408 705 ἄπειρον
3455 636 3661 708 ἄναρχον

2120 724 2280 792 εἶναι,
2322 727 2421 780 οὐκ
2444 728 2552 799 ἄρα
2580 727 2804 797 ἄπειρος
2851 727 2879 778 6
2907 724 3117 795 χρόνος,
3137 725 3236 797 τὴν
3271 728 3553 801 μεταϐολὴν
3579 729 3665 797 τοῦ,

2125 820 2412 892 μέλλοντος
2434 821 2569 892 ἔχων
2595 819 2770 892 ἀρχὴν
2797 817 2893 870 τοῦ
2926 814 3083 872 εἶναι.
3106 819 3213 872 Καὶ
3244 821 3292 873 εί
3322 820 3416 892 μὲν
3447 821 3503 874 τὸ
3526 840 3663 891 γεγοτ

2120 914 2211 981 νὸς
2238 914 2404 985 μέρος
2447 911 2542 967 τοῦ
2569 911 2764 983 χρόνου
2794 910 3042 981 ἐνεργείᾳ.
3089 909 3204 962 ἐστὶ
3244 911 3429 982 χρόνον
3457 912 3576 984 (99),
3610 914 3662 967 τὸ

2117 1006 2174 1060 δὲ
2212 1005 2401 1077 μέλλον
2445 994 2690 1073 δυνάμει,
2721 1003 2779 1054 ὲν
2827 1001 2884 1053 δὲ
2928 1004 3039 1065 τοῖς
3068 997 3214 1055 οὖσιν
3255 1002 3290 1073 ἡ
3321 1001 3552 1073 ἐνέργεια
3584 1004 3667 1057 καὶ

2118 1097 2375 1168 δύναμιςο
2408 1096 2511 1148 οὐκ
2540 1095 2663 1167 ⁸ᾄρα
2693 1095 2759 1147 ὲκ
2804 1093 2879 1166 μὴ
2917 1092 3085 1147 όντων
3111 1092 3402 1162 ,σύγκειται
3441 1094 3467 1145 6
3492 1093 3550 1146 ὲκ
3582 1093 3660 1146 τοῦ

2117 1190 2401 1259 γεγονότος
2433 1188 2528 1240 καὶ
2558 1186 2842 1258 μέλλοντος
2879 1185 3230 1255 συγκείμενος
3258 1186 3461 1258 χρόνος.
3504 1185 3601 1238 Καὶ
3622 1186 3662 1239 εί

2117 1279 2218 1350 τῆς
2244 1279 2431 1343 οὐσίας
2459 1278 2521 1331 οὐ
2554 1277 2769 1349 μετέχει
2797 1277 3051 1350 όχρόνος,
3083 1278 3195 1331 ἀλλ’
3224 1279 3371 1349 ὅμως
3398 1277 3485 1331 τοῦ
3512 1295 3663 1349 παρα-

2118 1370 2330 1424 κεῖσθαι
2358 1373 2478 1434 ταῖς
2506 1371 2718 1433 οὐσίαις
2764 1368 2838 1441 (1)
2890 1370 3137 1441 μετέχει’
3169 1370 3243 1433 ὡς
3276 1370 3367 1423 καὶ
3417 1371 3480 1423 ὲκ
3501 1369 3664 1422 τούτου

2116 1462 2371 1535 φανερὸν,
2414 1463 2501 1517 ότι
2540 1462 2651 1516 τῶν
2695 1461 2865 1533 όντων
2910 1463 3056 1534 ἐστὶν
3106 1463 3135 1515 ό
3163 1463 3370 1533 χρόνος.
3403 1462 3506 1514 Καὶ
3534 1463 3575 1513 εἰ
3612 1450 3667 1523 τό

2115 1554 2337 1624 γεγονὸς
2373 1555 2538 1626 μέρος
2591 1553 2688 1608 τοῦ
2735 1554 2928 1626 χρόνον
2971 1556 3030 1608 ἐν
3068 1558 3181 1619 τοῖς
3221 1555 3462 1623 γεγονόσι
3502 1554 3667 1626 μέρεσι

2114 1646 2209 1700 τοῦ
2243 1646 2499 1719 μεριστοῦ
2553 1646 2858 1719 θεωρεῖται,
2900 1646 3018 1716 πῶς
3056 1647 3223 1701 οὐθὲν-
3252 1647 3413 1719 μέρος
3455 1648 3559 1699 ἐστὶ
3584 1644 3667 1699 τοῦ.

2115 1740 2334 1812 χρόνου,
2388 1738 2644 1811 μεριστοῦ
2697 1738 2885 1805 δντος;
2935 1739 3047 1794 Καὶ
3088 1740 3136 1793 εί
3181 1737 3243 1791 τὺ
3287 1737 3381 1792 νῦν
3422 1738 3516 1791 οὐκ
3541 1736 3669 1809 ἔστιν.

2112 1830 2392 1903 ἐλάχιστον
2424 1831 2590 1903 μέρος
2625 1830 2719 1886 τοῦ
2750 1832 2967 1902 χρόνον,
2989 1830 3042 1884 τί
3060 1830 3208 1884 ἐστιν
3227 1828 3477 1913 ἐξαίφνης
3507 1831 3589 1882 καὶ
3614 1829 3663 1881 τὸ

2112 1923 2312 1994 ἄτομον
2341 1924 2435 1977 καὶ
2464 1925 2498 1996 ή
2530 1922 2734 1995 στιγμὴ
2770 1922 2866 1976 τοῦ
2896 1922 3088 1996 χρόνου
3127 1921 3572 1993 λεγόμενονςΠῶς
3593 1921 3664 1975 ὲν-

2111 2014 2325 2087 δέχεται
2365 2017 2437 2070 ὲκ
2482 2016 2583 2087 μὲν
2611 2014 2707 2069 τοῦ
2748 2014 3043 2086 μέλλοντος
3088 2015 3338 2084 γίνεσθαι
3377 2017 3452 2078 είς
3496 2014 3550 2066 τὸ
3584 2012 3663 2066 νῦν

2110 2107 2220 2180 τὴν,
2245 2106 2569 2179 μεταϐολὴν,
2603 2109 2669 2162 ὲκ
2697 2107 2755 2163 δὲ
2798 2106 2894 2162 τοῦ
2949 2109 3044 2163 νῦν
3076 2110 3157 2173 είς
3204 2108 3265 2161 τὸ
3308 2104 3661 2179 παρεληλυθὸς,

2112 2196 2207 2253 τοῦ
2240 2198 2335 2253 νῦν
2370 2198 2447 2272 μὴ
2464 2200 2620 2264 ὄντος
2640 2199 2841 2272 μέρους
2868 2199 2963 2261 τοῦ
2987 2200 3182 2271 χρόνου
3205 2216 3221 2267 ;
3255 2199 3434 2274 Πάντα
3460 2196 3558 2269 γὰρ
3584 2196 3662 2266 μέ-

2114 2309 2207 2365 ρος
2236 2290 2331 2354 τοῦ
2360 2293 2577 2366 χρόνου,
2612 2293 2850 2367 πρῶτον,
2885 2294 3097 2366 μέλλον,
3133 2292 3381 2366 ὕστερον,
3409 2290 3517 2360 νῦν,
3537 2290 3657 2343 ἐπει·

2110 2400 2201 2445 τα,
2228 2384 2621 2458 παρεληλυθός.

2111 2477 2201 2548 52.
2246 2478 2340 2531 Ἐκ
2363 2477 2471 2532 τοῦ
2487 2478 2676 2536 αὑτοῦ
2701 2475 2986 2600 τετάρτοῖ
3000 2476 3189 2547 λόγου
3201 2474 3311 2545 τῆς
3320 2473 3497 2543 αὐτῆς
3509 2489 3655 2544 πραγ-

2796 2564 2940 2600 ιιατε
2965 2564 3057 2600 ac.

2789 2564 3057 2618 ματειας.

2186 2659 2205 2692 ι
2245 2641 2366 2693 Ὅτι
2399 2638 2509 2711 μὲν,
2523 2637 2706 2703 τοίνυν
2734 2637 2858 2693 οὔτε
2888 2639 3103 2711 κίνησις
3130 2637 3259 2693 οὒτε
3287 2638 3410 2693 ἄνευ
3431 2634 3660 2707 κινήσεως

2109 2734 2139 2786 ὁ
2158 2731 2348 2804 χρόνος
2369 2730 2507 2797 ἐστὶ,
2539 2730 2792 2802 φανερόν.
2825 2748 2844 2782 ι

2194 2823 2329 2879 Ἀλλ’
2359 2823 2449 2885 ὅτι,
2469 2822 2697 2897 γενητὸς
2724 2822 2753 2874 6
2790 2822 2982 2895 χρόνος
3008 2822 3103 2877 καὶ
3134 2822 3242 2876 οὐκ
3269 2820 3451 2883 ἀΐδιος,
3481 2814 3658 2889 ἠργμέ·

2109 2904 2201 2981 νος
2253 2915 2349 2969 καὶ
2404 2916 2505 2970 οὐκ
2529 2915 2786 2987 ἄναρχος,
2834 2913 3257 2985 πεπερασμένος
3280 2912 3371 2967 καὶ
3399 2912 3492 2965 οὐκ
3530 2908 3659 2962 ἄπει-

2111 3025 2225 3080 ρος,
2284 3008 2517 3080 φανερόν
2568 3008 2681 3060 ἐστι
2712 3007 2806 3059 καὶ
2847 3005 3023 3059 τοῦτο.
3067 3006 3132 3059 Et
3167 3005 3226 3059 δὲ
3252 3006 3280 3058 6
3318 3003 3494 3076 χρόνος
3512 2997 3660 3053 τοιοῦ-

433 3102 518 3149 est
566 3104 803 3165 tempus,
857 3094 1169 3151 necessario
1218 3100 1274 3149 et
1312 3100 1518 3160 motus,
1547 3090 1707 3160 cujus
1746 3104 2008 3157 numerus

2112 3117 2220 3164 τος,
2263 3099 2329 3171 ἐξ,
2367 3100 2612 3177 ἀνάγκης
2657 3100 2751 3171 καὶ
2788 3099 3084 3171 ήκίνησις,
3112 3092 3189 3172 ἦς
3231 3096 3452 3171 ἀριθμός
3487 3090 3660 3147 ἐστινὸ

435 3189 523 3238 est
549 3191 763 3248 tempus.
848 3185 852 3189 ’

863 3275 953 3330 35.
981 3271 1253 3329 Exeodem
1280 3269 1435 3338 libro,
1458 3270 1588 3335 ibid.

516 3384 534 3416 ι
566 3366 760 3433 Qualis
800 3374 886 3425 est
914 3374 1117 3437 motus,
1149 3370 1256 3425 tale
1282 3378 1336 3425 et
1362 3376 1574 3439 tempus
1618 3380 1834 3438 semper
1858 3364 2009 3422 vide-

434 3464 527 3512 tur
552 3474 696 3517 esse.
737 3481 756 3513 ι

508 3548 719 3617 Quibus
745 3553 987 3622 genitum
1009 3567 1133 3624 esse
1156 3560 1214 3609 et
1242 3551 1446 3611 faetum
1484 3567 1608 3615 esse
1631 3550 1911 3617 convenit,
1942 3551 2011 3607 ab

435 3638 522 3694 his
554 3643 864 3711 necessario
888 3652 1152 3700 aeternum
1184 3652 1243 3715 et
1270 3646 1388 3702 sine
1424 3643 1699 3723 principio
1741 3651 1795 3700 et
1826 3641 2010 3702 inﬁni-

436 3736 547 3783 tum
574 3731 749 3788 abest.

855 3827 945 3897 54.
982 3826 1066 3882 Ea:
1092 3829 1271 3885 eodem
1289 3828 1445 3884 libro.
1472 3828 1604 3887 ibid.

518 3932 536 3967 ι
571 3915 726 3971 Tunc
750 3923 962 3987 tempus
991 3932 1114 3973 esse
1141 3917 1399 3983 dicimus,
1442 3933 1566 3974 cum
1596 3917 1811 3988 prioris
1828 3924 1884 3973 et
1917 3932 2011 3989 po-

432 4008 681 4065 sterloris
708 4009 763 4062 in
795 4008 1037 4080 motione
1070 4025 1292 4065 sensum
1322 4009 1676 4081 percipimus.
1709 4008 1791 4064 Ex
1820 4024 1887 4065 eo
1916 4023 2010 4063 au-

428 4112 561 4166 tem,
594 4099 754 4170 567
788 4098 936 4169 quod
961 4115 1024 4155 ea
1059 4100 1206 4155 aliud
1231 4106 1393 4171 atque
1415 4101 1562 4156 aliud
1590 4116 1715 4157 esse
1736 4099 2011 4157 existime-

429 4208 575 4259 mus,
634 4194 798 4248 etiam
829 4192 974 4262 quod
1023 4193 1166 4248 inter
1218 4192 1311 4247 illa
1365 4192 1711 4263 interiectum
1744 4198 1831 4248 est
1858 4191 2005 4247 aliud

427 4299 551 4340 esse
574 4283 889 4338 statuimus.
921 4282 1148 4347 Quando
1172 4281 1340 4351 igitur
1367 4292 1608 4355 extrema
1640 4298 1671 4337 a
1698 4284 1884 4352 medio
1900 4282 2008 4337 alia

426 4391 551 4431 esse
578 4374 956 4445 intelligimus,
981 4388 1045 4428 ac
1071 4374 1182 4429 duo
1202 4377 1259 4429 in
1293 4374 1546 4449 praesenti
1568 4374 1786 4431 animus
1829 4374 2009 4429 consi-

2035 3161 2079 3229 C
2110 3161 2321 3265 χρένοςξ

2495 3284 2586 3355 55.
2621 3284 2715 3337 Ἐκ
2744 3283 2850 3338 τοῦ
2875 3281 3062 3337 αὐτοῦ
3090 3283 3304 3352 λόγου.

2186 3394 2209 3430 ι
2233 3375 2372 3446 Ὄση
2391 3374 2501 3448 γὰρ
2528 3377 2562 3447 ἡ
2590 3375 2823 3447 κίνησις,
2846 3372 3099 3437 τοσοῦτος
3126 3374 3231 3427 καὶ
3255 3374 3284 3428 ό
3302 3370 3482 3445 χρόνος
3501 3365 3659 3422 deiﬁc-

2110 3470 2198 3534 κεῖ
2226 3467 2527 3542 γεγονέναι.
2569 3486 2587 3519 ι

2179 3554 2274 3622 Οἷς
2293 3559 2354 3613 τὸ
2385 3559 2610 3637 γενητὸν
2638 3559 2733 3613 καὶ
2763 3558 2824 3611 τὸ
2868 3558 3159 3628 γεγονέναι
3188 3559 3457 3632 πρόσεστι,
3484 3551 3658 3607 τοότων

2092 3651 2169 3719 ’ἐξ
2197 3652 2443 3723 ἀνάγκης
2481 3650 2543 3704 τὸ
2573 3650 2743 3726 ἀΐδιόν
2768 3668 2830 3704 τε
2858 3652 2951 3705 καὶ
2982 3652 3223 3724 ἄναρχον
3253 3651 3345 3708 καὶ
3376 3649 3435 3705 τὸ
3464 3647 3658 3716 ἄπειρον

2111 3743 2357 3805 ἄπεστιν.
2998 3812 3001 3815 ν

2489 3834 2580 3889 54.
2636 3835 2731 3889 Ἐκ
2757 3835 2865 3889 τοῦ
2889 3834 3075 3896 αὐτοῦ
3100 3834 3315 3904 λόγου.

2184 3946 2213 3991 ι
2242 3928 2377 3983 Τότε
2412 3927 2894 3999 φαμὲνγεγονέναι
2922 3927 3138 4000 χρόνον,
3163 3925 3394 3982 ὅταντοῦ
3424 3923 3656 3999 προτέρω

2109 4020 2204 4084 καὶ
2236 4020 2465 4092 ὑστέρου
2498 4022 2557 4075 ὲν
2588 4023 2653 4093 τῇ
2696 4021 2908 4095 κινήσει
2939 4019 3199 4090 αἴσθησιν
3225 4019 3483 4090 λάόωμεν.
3535 4013 3657 4085 ’0ρί-

2109 4108 2275 4183 ζομεν
2303 4111 2359 4165 δὲ
2410 4112 2489 4183 τῷ
2520 4112 2648 4167 ἄλλο
2673 4112 2769 4168 καὶ
2816 4111 2944 4166 ἄλλο
2970 4111 3260 4165 ὑπολαϐεῖν
3295 4111 3419 4164 αὐτὸ
3460 4107 3548 4180 (2),
3578 4104 3657 4159 καὶ

2108 4203 2170 4256 τὸ
2204 4203 2405 4274 μεταξὺ
2436 4204 2615 4259 αὐτῶν
2661 4204 2875 4278 ἕτερον.
2908 4206 3079 4259 ’Ὀταν
3120 4204 3231 4278 γὰρ
3267 4204 3422 4276 ἕτερα
3446 4200 3509 4253 τὰ
3532 4198 3657 4268 ἄκρα

2107 4296 2203 4369 τοῦ
2225 4296 2391 4368 μέσον
2412 4299 2713 4370 νοήσωμεν,
2744 4298 2841 4352 καὶ
2864 4298 2957 4351 δύο
2984 4297 3117 4371 εῖπῃ
3152 4301 3187 4371 ή
3223 4297 3367 4368 ψυχὴ
3393 4296 3457 4350 τὰ
3474 4294 3579 4354 νῦν,
3605 4289 3658 4342 τὸ

2111 4390 2210 4460 μὲν
2238 4391 2523 4464 πρότερον,
2557 4392 2621 4445 τὸ
2649 4392 2705 4444 δὲ
2742 4389 2990 4462 ὕστερον,
3024 4391 3149 4444 τότε
3184 4392 3277 4445 καὶ
3320 4372 3469 4442 τοῦτό
3502 4398 3657 4457 φαμεν

429 4467 607 4532 derat,
657 4466 919 4521 nimirum
974 4466 1127 4537 prius
1167 4474 1221 4523 et
1264 4468 1562 4537 posterius,
1611 4476 1742 4523 tunc
1791 4476 2004 4539 tempus

2112 4476 2249 4535 εἶναι
2276 4481 2487 4554 χρόνον.
2530 4483 2603 4536 Τὸ
2648 4482 2757 4555 γὰρ
2787 4483 3105 4554 ὁριζόμενον
3150 4482 3229 4554 τῷ
3262 4482 3354 4536 νῦν
3392 4480 3565 4559 χρόνος
3590 4476 3655 4545 (³)

427 4574 551 4614 esse
569 4558 825 4629 dicimus;
850 4558 997 4639 quod
1025 4558 1170 4612 enim
1186 4556 1444 4613 deﬁnitur
1467 4560 1756 4631 praesenti"
1790 4566 2014 4630 tempus,

428 4666 551 4707 esse
606 4650 839 4706 videtur.
880 4649 977 4706 Est
1008 4651 1176 4722 igitur
1212 4659 1431 4722 tempus
1461 4668 1725 4709 numerus
1749 4654 2009 4710 motionis

428 4740 733 4795 secundum
775 4741 928 4811 prius
960 4751 1018 4797 et
1048 4743 1342 4813 posterius.
1380 4741 1498 4798 Non
1540 4760 1673 4815 ergo
1712 4753 1895 4801 motus
1923 4756 2011 4801 est

429 4841 666 4902 tempus,
707 4832 804 4889 sed
851 4849 1141 4891 numerum
1197 4834 1408 4897 habens
1465 4836 1656 4903 motio.
1711 4837 1883 4907 Cujus
1928 4839 2009 4894 rei

428 4925 561 4980 illud
580 4926 842 4981 indicium
860 4935 964 4993 est,
982 4927 1129 4998 quod
1154 4928 1386 4998 plus-aut
1407 4927 1593 4983 minus
1616 4943 1845 4985 numero
1861 4929 2008 4999 diju-

428 5017 697 5082 dicemus,
717 5025 927 5073 motum
945 5033 1077 5074 vero
1097 5018 1304 5088 majore
1332 5018 1419 5074 vel
1447 5020 1663 5076 minore
1695 5029 1959 5092 tempore.
1982 5040 2009 5083 ι,

499 5108 603 5176 Qui
642 5111 1049 5182 generationem
1094 5111 1355 5182 temporis
1391 5126 1459 5167 eo
1502 5112 1714 5178 deﬁnit,
1757 5114 1903 5184 quod
1948 5115 2007 5169 in

429 5213 582 5261 motu
611 5206 767 5276 prius
792 5213 847 5260 et
878 5206 1155 5277 posterius
1176 5213 1283 5271 est,
1313 5215 1579 5275 διιεῖ-ηψπ]
1612 5216 1669 5265 et
1695 5209 1817 5265 sine
1855 5210 2008 5282 prin—

526 5475 578 5545 t)
599 5473 747 5542 ’Ταῖς
763 5473 1019 5545 οὐσίαις.
1057 5473 1188 5545 Reg.
1218 5476 1275 5540 2,
1307 5479 1365 5530 ὲν
1396 5473 1772 5544 ταῖξοὺσίαις.

472 5543 580 5626 ’(2)
608 5547 789 5600 Αὐτό.
809 5544 1039 5601 Aristot.
1069 5543 1225 5610 αὑτά,
1241 5558 1297 5603 et
1319 5563 1445 5602 mox
1472 5548 1566 5602 καὶ
1598 5547 1801 5622 μεταξύ
1824 5565 1881 5602 τι
1908 5549 2005 5603 αὐ-

427 5628 587 5824 τωξέζ
605 5687 849 5752 Χρόνος.
880 5684 1014 5757 Reg.
1044 5688 1093 5749 1,
1119 5688 1330 5760 χρόνου.

529 5754 561 5817 4
628 5755 779 5811 Ἀλλ’
812 5755 872 5824 ἦ.
906 5758 1135 5814 Aristot.
1169 5758 1330 5812 amt

529 5753 587 5823 4)
628 5755 779 5811 Ἀλλ’
812 5755 872 5826 ἥ.
906 5753 1300 5814 historiam
1327 5753 1380 5833 ᾖ.

523 5403 592 5459 99
598 5429 616 5475 ι
641 5405 892 5471 Χρόνου.
920 5400 1230 5475 Legendum
1254 5405 1468 5461 videtur
1496 5408 1707 5480 χρόνος.

500 5403 578 5563 il!
614 5475 1019 5563 ΐεῖςρτὶίξξεξςι
1057 5473 1365 5563 “sanan”
1396 5481 1514 5540 ταῖς
1542 5479 1707 5563 ρὺσίαι

2108 4568 2249 4628 εἶναι
2297 4575 2462 4631 δοκεῖ.
2518 4576 2674 4639 Ἔστι
2711 4572 2822 4647 γὰρ
2859 4578 2889 4630 6
2925 4576 3118 4646 χρόνος
3164 4574 3395 4647 ἀριθμὸς
3422 4572 3653 4642 κινήσεως

2108 4666 2250 4737 κατὰ
2296 4668 2359 4721 τὸ
2389 4668 2654 4740 πρότερον
2692 4670 2787 4723 καὶ
2834 4667 3080 4740 ὕστερον.
3134 4669 3251 4721 υὺκ
3280 4668 3386 4737 ἄρα
3415 4665 3605 4734 κίνησις
3630 4662 3655 4712 ὁ

2109 4757 2323 4828 χρόνος,
2367 4757 2481 4811 ἀλλ’
2527 4758 2561 4830 ἦ
2593 4757 2667 4830 (4)
2697 4756 2929 4830 ἀριθμὸν
2966 4758 3141 4830 ἔχειὴ
3188 4758 3413 4823 κίνησις.
3454 4753 3653 4824 Σημεῖόν

2107 4850 2196 4919 δέ·
2224 4852 2287 4904 τὸ
2325 4853 2423 4923 μὲν
2454 4851 2635 4904 πλεῖον
2670 4850 2745 4923 (5)
2779 4850 2873 4903 καὶ
2907 4849 3125 4904 ἔλαττον
3149 4850 3402 4923 κρίνομεν
3431 4842 3648 4919 ᾁριθμῷ’

2109 4943 2323 5014 κίνησιν
2343 4943 2401 4997 δὲ
2428 4943 2598 5007 πλείω
2624 4943 2720 5007 καὶ
2751 4942 2956 4996 ἐλάττω
2976 4942 3169 5014 χρόνῳ.
3208 4961 3224 4993 ι

2190 5120 2249 5177 '0
2279 5121 2378 5194 τὴν
2413 5122 2624 5191 γένεσιν
2654 5120 2748 5174 τοῦ
2780 5122 2975 5193 χρόνον
3006 5119 3083 5191 τῷ
3111 5120 3171 5173 ὲν
3206 5120 3274 5189 τῇ
3302 5116 3504 5187 κινήσει
3524 5106 3649 5181 πρώ-

2107 5231 2185 5285 τῳ
2219 5213 2294 5285 (6)
2325 5212 2419 5267 καὶ
2452 5212 2663 5284 ὑστέρῳ
2699 5212 3011 5284 ὁριζόμενος
3043 5211 3209 5266 ἀΐδιόν
3233 5227 3292 5263 τε
3320 5208 3409 5262 καὶ
3446 5205 3650 5279 ᾷναρχον

2182 5414 2260 5494 ςὸ)
2287 5413 2373 5494 Τὸ.
2384 5411 2506 5481 μὲν
2533 5410 2783 5494 πλεῖον..
2799 5409 3034 5494 Scripsit
3065 5409 3402 5494 sxlburgius,
3427 5407 3645 5494 rut]

2182 5428 2260 5494 ῳ)
2287 5428 2359 5467 1'0
2384 5428 2506 5481 μεν
2533 5428 2765 5466 πλειον.
2799 5428 3034 5481 Scripsu
3065 5428 3402 5536 aggurgius,
3439 5428 3495 5461 ιιι
3522 5428 3644 5473 apuu

2112 5482 2563 5559 A_r_istotelem_ro
2586 5482 2697 5559 ,μὲν
2724 5480 3076 5559 γᾴρ-πλεῖον..
3255 5481 3444 5559 melius
3479 5478 3644 5559 deesse

2113 5555 2331 5611 videtur
2362 5543 2636 5623 illudjd'p
2660 5543 2896 5623 apud'R.
2931 5548 3264 5623 stephanum
3290 5560 3342 5606 et
3370 5549 3421 5603 in
3466 5543 3643 5623 codici-

2116 5624 2223 5678 bus
2281 5639 2414 5678 mss.
2476 5618 2625 5675 ﬁlex"
2650 5618 2793 5677 idem
2848 5618 2917 5679 R.
2967 5618 3280 5691 Stephanus
3337 5619 3635 5689 κρινόμενον.

2120 5693 2356 5764 Scripsit
2406 5691 2731 5764 Sylburgius
2762 5701 2821 5764 ut
2842 5691 2985 5764 apud
3004 5692 3367 5764 Aristotelem.

2188 5760 2264 5835 (6)
2296 5760 2529 5832 Πρώέφ.
2555 5760 2735 5818 Mallet
2765 5760 3085 5835 Sylliurgius
3115 5760 3375 5833 προτέρῳ.
