3974 6256
331 392 466 449 1529

1001 388 1451 463 CONFUTATIO
1481 391 1925 460 QUORUMDAM
1970 395 2427 455 ARISTOTELIS
2460 397 2869 463 DOGMATUM.

3434 400 3576 460 1531)

326 507 417 563 καὶ
453 505 680 578 ἄπειρον
706 501 830 558 οὔτε
865 503 956 557 τὸν
981 504 1173 578 χρόνον
1199 504 1349 575 λέγει
1378 504 1500 559 οὔτε
1529 506 1628 579 τὴν
1664 509 1888 582 κίνησιν⁴

2004 512 2149 582 cipio
2192 520 2247 568 et
2292 513 2565 570 inﬁnitum
2596 533 2697 572 nec
2749 525 2963 588 tempus
3016 514 3154 572 dicit
3192 530 3293 572 nec
3341 520 3573 571 motum.

326 600 387 652 Et
414 596 523 670 γὰρ
550 596 794 669 γέγονεν,
833 594 956 650 οὔτε
984 597 1151 651 ἀΐδιόν
1180 601 1327 652 ἐστιν
1359 596 1483 651 οὔτε
1510 601 1740 671 ἄναρχον
1764 619 1776 632 ·
1808 603 1904 659 καὶ

324 693 372 747 εί
392 694 507 755 τοῖς
533 691 754 755 οίκείοις
769 690 957 763 ἄκροις
987 689 1103 743 ἐστὶ
1133 691 1534 765 περατουμένη,
1553 694 1780 767 ἄπειρος
1803 695 1903 749 οὐκ

325 782 491 845 ἔστιν.

692 875 781 929 '55.
831 874 933 930 Ἐκ
962 874 1070 930 τοῦ
1098 875 1287 930 αὐτοῦ
1319 870 1526 946 λόγου.

396 985 416 1018 ι
456 966 531 1020 Τδ
557 966 613 1020 δὲ
635 965 728 1019 νῦν
750 967 843 1019 τὸν
870 967 1059 1043 χρόνον
1084 962 1327 1041 μετρεῖ
1350 968 1612 1041 πρότερον
1631 970 1724 1024 καὶ
1742 969 1904 1023 ὔστε-

324 1074 414 1139 ρον
455 1058 549 1113 καὶ
588 1057 972 1130 ἀκολουθείτῷ
1007 1059 1108 1131 μὲν
1146 1060 1364 1133 μεγέθει
1397 1061 1430 1133 ὴ
1463 1062 1699 1135 κίνησις,
1732 1062 1904 1140 ταύτῃ

318 1151 374 1215 δὲ
407 1153 436 1203 6
470 1152 681 1223 χρόνος.
723 1172 742 1205 ι

389 1245 452 1297 El
482 1246 582 1298 οὐκ
614 1245 730 1299 ἐστι
760 1245 821 1299 τὸ
849 1244 945 1299 νῦν
983 1245 1148 1318 μέρος
1176 1245 1271 1298 τοῦ
1299 1245 1514 1320 χρόνοιιρ
1545 1246 1728 1311 καθὼς
1751 1241 1903 1302 εἶπεν

318 1337 374 1395 ὲν
416 1336 495 1407 τῷ
535 1337 845 1409 τριακοστῷ
892 1338 1063 1411 τρίτῳ
1092 1338 1393 1410 κεφαλαίῳ,
1440 1338 1557 1402 πῶς
1598 1342 1788 1411 μετρεῖ
1811 1339 1902 1393 τὸν

316 1428 538 1507 χρόνον;
571 1430 643 1482 Ἤ
680 1428 789 1496 άςα
826 1431 888 1484 οὐ
926 1432 1115 1501 μετρεῖ
1150 1430 1240 1483 τὸν
1269 1431 1463 1501 χρόνον
1494 1430 1555 1483 τὸ
1587 1430 1704 1497 νῦν,
1733 1430 1766 1501 ἢ
1803 1430 1901 1501 μέ-

320 1506 408 1607 ρος
440 1521 573 1575 αὐτὸ
598 1521 813 1593 ἀνάγκη
843 1517 984 1575 εἶναι
1011 1520 1105 1574 τοῦ
1147 1521 1368 1593 χρόνου·
1403 1521 1497 1575 καὶ
1536 1522 1585 1575 εἰ
1620 1520 1905 1579 ἀκολουθεῖ

314 1613 391 1683 τῷ
420 1613 637 1683 μεγέθει
660 1615 693 1686 ἡ
716 1614 947 1683 κίνησις,
962 1612 1135 1688 ταύτῃ
1164 1613 1220 1666 δὲ
1246 1615 1274 1666 6
1306 1613 1516 1683 χρόνος,
1546 1612 1770 1683 γενητὸν
1791 1611 1901 1683 ἄρα

313 1705 374 1761 τὸ
401 1705 648 1777 μέγεθος,
677 1705 920 1778 ὥσπερὴ
955 1706 1169 1780 κίνησις
1201 1707 1295 1759 καὶ
1321 1708 1350 1759 6
1376 1705 1588 1781 χρόνος,
1610 1704 1678 1760 τὰ
1707 1705 1901 1777 ἐκείνῳ

317 1795 731 1871 ἀκολουθοῦντα.
1374 1834 1381 1841 μ

701 1888 789 1946 '56.
824 1891 926 1944 Ἐκ
955 1889 1062 1943 τοῦ
1085 1888 1273 1943 αὑτοῦ
1296 1888 1503 1959 λόγου.

385 1999 404 2033 ι
443 1981 556 2052 Τῆς
582 1981 847 2054 γραμμῆς
875 1964 1156 2052 ἐλάχιστος
1176 1979 1407 2050 ἀριθμὸς
1429 1977 1621 2051 πλήθει
1650 1977 1747 2049 μὲν
1779 1976 1895 2032 ἔστι

310 2072 401 2126 δύο
426 2072 459 2145 ἢ
496 2074 613 2144 μία,
637 2072 857 2144 μεγέθει
890 2072 946 2125 δὲ
980 2073 1081 2127 οὐκ
1112 2071 1257 2125 ἐστιν
1281 2071 1589 2141 ἐλάχιστοςο
1614 2069 1896 2141 ἐλάχιστος

309 2164 417 2237 γὰρ
475 2164 618 2218 κατὰ
672 2165 770 2236 μὲν
820 2163 1051 2237 ἀριθμόν
1102 2165 1307 2229 ἐστινὸ
1340 2160 1421 2229 εἷς
1447 2164 1481 2235 ἢ
1512 2163 1625 2230 δύο,
1654 2161 1796 2217 κατὰ
1837 2162 1895 2225 δὲ

312 2256 543 2327 μέγεθος
568 2257 669 2311 οὐκ
702 2257 867 2311 ἐστιν.
910 2275 929 2308 ι

371 2349 435 2402 El
472 2348 548 2420 μὴ
596 2349 881 2420 ἐλάχιστόν
909 2350 1024 2403 ἐστι
1056 2348 1243 2421 μέρος,
1274 2348 1332 2401 ὲν
1358 2350 1424 2419 τῇ
1448 2348 1682 2420 γραμμῇ
1720 2345 1819 2417 μὲν
1848 2346 1884 2424 ή

304 2442 528 2512 στιγμὴ,
571 2442 628 2494 ὲν
670 2441 749 2512 τῷ
790 2441 969 2515 χρόνῳ
1008 2441 1063 2495 δὲ
1114 2441 1176 2495 τὸ
1222 2440 1340 2506 νῦν,
1374 2442 1428 2495 τί
1456 2440 1641 2513 ἕτερόν
1678 2442 1827 2493 ἐστιν
1857 2439 1893 2511 ἡ

303 2531 508 2603 στιγμὴ
538 2532 596 2584 ἐν
623 2535 690 2604 τῇ
723 2535 979 2604 γραμμῇ,
1007 2534 1101 2587 καὶ
1129 2533 1189 2587 τὸ
1220 2532 1316 2587 νῦν
1363 2536 1421 2587 ὲν
1461 2532 1541 2604 τῷ
1579 2531 1789 2604 χρόνῳ;
1824 2530 1891 2585 Εί

300 2622 357 2677 δὲ
402 2622 504 2676 οὐκ
546 2623 827 2696 ἐλάχιστόν
880 2627 996 2678 ἐστι
1043 2625 1227 2699 μέρος,
1260 2625 1395 2679 ἀλλά
1428 2626 1622 2701 πέρας,
1655 2624 1772 2688 πῶς
1797 2620 1890 2679 οὖν

301 2714 471 2785 χωρὶς
498 2715 595 2786 μὲν
623 2714 718 2768 τοῦ
754 2717 1169 2789 πεπερασμένου
1196 2716 1452 2770 ἀδύνατόν
1484 2718 1630 2770 ἐστιν
1656 2713 1795 2769 εἶναι
1828 2716 1890 2769 τὸ

301 2803 496 2875 πέρας,
553 2807 725 2878 χωρὶς
768 2806 825 2858 δὲ
868 2808 966 2878 τῆς
1016 2808 1281 2880 γραμμῆς
1304 2807 1577 2879 ἐνδέχεται
1612 2802 1751 2860 εἶναι
1787 2806 1889 2878 τὴν

300 2897 566 2967 στιγμήν;
596 2897 705 2950 Καὶ
737 2900 785 2951 εί
809 2899 867 2951 ὲν
894 2894 974 2962 οἷς
1006 2900 1106 2952 οὐκ
1134 2899 1248 2952 ἐστι
1280 2900 1341 2953 τὸ
1362 2898 1664 2971 ἐλάχιστον,
1684 2900 1744 2952 ὲν
1766 2898 1889 2952 τού-

249 3027 253 3031 .
298 3006 410 3051 τοις
449 2988 570 3042 οὐδὲ
602 2988 662 3043 τὸ
688 2991 963 3061 μέγιστον,
1002 2992 1143 3046 κατὰ
1176 2992 1230 3046 τί
1257 2994 1290 3062 ή
1325 2991 1489 3066 λοιπὴ
1514 2993 1747 3064 διαφορὰ
1776 2992 1888 3046 τῶν

302 3081 509 3153 μερῶν,
536 3082 631 3135 τοῦ
678 3083 934 3154 μεγίστου
978 3084 1072 3138 καὶ
1101 3085 1197 3140 τοῦ
1232 3084 1513 3157 ἐλαχίστου
1557 3085 1884 3158 ἀναιρουμέ-

306 3190 397 3245 θης
422 3173 524 3244 τῆς
555 3173 847 3245 διαφορᾶςς

685 3267 775 3321 57.
811 3269 913 3324 Ἐκ
943 3269 1052 3324 τοῦ
1079 3269 1267 3324 αὑτοῦ
1291 3271 1500 3340 λόγου.

376 3374 396 3407 ‹
429 3356 595 3410 Ὥστε
634 3358 985 3431 φανερὸν,ὃτι
1020 3361 1089 3416 τὰ
1117 3362 1204 3416 dtel.
1227 3361 1358 3417 ὄντα
1381 3362 1414 3433 ἢ
1444 3361 1515 3417 τὰ
1539 3362 1626 3416 ἀεὶ
1656 3362 1730 3435 μὴ
1758 3361 1889 3427 ὄντα

298 3449 399 3502 οὐκ
426 3446 573 3503 ἔστιν
595 3451 653 3503 ὲν
674 3452 869 3525 χρόνῳ·
889 3454 949 3506 οὐ
970 3453 1077 3526 γὰρ
1100 3455 1410 3527 περιέχεται
1431 3456 1537 3509 ὑπὸ
1560 3454 1653 3508 τοῦ
1672 3455 1887 3527 χρόνου,

299 3539 419 3593 οὐδὲ
454 3544 734 3614 μετρεῖται
775 3543 837 3598 τὸ
870 3540 1009 3599 εἷναι
1046 3545 1227 3601 αὐτῶν
1257 3547 1363 3601 ὑπὸ
1418 3546 1513 3603 τοῦ
1541 3548 1755 3621 χρόνου.
1794 3566 1814 3600 ι

383 3711 473 3776 Ὠς
503 3708 596 3767 οὖν
636 3714 711 3787 (7)
745 3717 845 3790 τὴν
891 3715 1104 3790 κίνησιν
1147 3720 1376 3791 εἴρηκας
1405 3719 1545 3774 εἶναι
1574 3720 1762 3789 ἀΐδιον,
1793 3720 1886 3776 καὶ

298 3802 390 3857 τὸν
436 3805 624 3876 χρόνον
654 3807 858 3881 ταύτης
905 3810 1171 3883 ἁριθμόν;
1208 3805 1309 3866 ’Ὧν
1329 3811 1440 3884 γὰρ
1468 3814 1495 3866 6
1521 3813 1709 3884 χρόνος
1737 3813 1886 3867 ἐστὶν

300 3892 622 3966 ἀχώριστος,
648 3898 821 3953 ταῦτα
860 3902 962 3954 οὐκ
993 3902 1265 3973 ἐνδέχεται
1300 3903 1375 3974 μὴ
1407 3900 1546 3957 εἶναι
1581 3905 1639 3959 ὲν
1682 3904 1883 3977 χρόνῳ..

672 4073 755 4129 58.
803 4076 904 4130 Ἐκ
932 4074 1039 4129 τοῦ
1067 4075 1254 4130 αὑτοῦ
1283 4078 1491 4149 λόγου.

373 4181 391 4214 ι
434 4164 574 4217 Ὅσα
621 4165 759 4237 μήτε
806 4170 1033 4221 κινεῖται
1064 4169 1201 4241 μήτε
1249 4170 1465 4241 ἠρεμεῖ,
1498 4169 1597 4223 οὐκ
1641 4170 1789 4225 ἔστιν
1822 4173 1889 4226 ἐν

296 4255 474 4327 χρόνῳ
492 4274 506 4286 '
537 4258 599 4310 τὸ
628 4258 727 4329 μὲν
750 4259 859 4331 γὰρ
888 4260 945 4313 ὲν
975 4262 1153 4332 χρόνῳ
1181 4255 1320 4316 εἶναι
1343 4260 1417 4335 (8)
1444 4262 1563 4316 ἐστὶ
1581 4263 1643 4316 τὸ
1668 4266 1881 4335 μετρεῖ-

297 4347 421 4401 σθαι
452 4349 630 4431 χρόνῳ
654 4366 669 4393 '~
699 4351 727 4403 6
766 4350 825 4405 δὲ
871 4352 1062 4425 χρόνος
1089 4354 1357 4425 κινήσεως
1386 4354 1481 4407 καὶ
1511 4356 1748 4428 ἠρεμίας
1780 4355 1880 4427 μέ-

294 4454 441 4510 τρον.
484 4459 504 4493 ι

1913 3192 1967 3261 ο

2004 601 2140 658 Nam
2172 608 2219 660 si
2253 605 2429 663 factus
2469 617 2574 669 est.
2607 625 2708 664 nec
2735 619 2972 665 aeternus
3010 618 3095 666 e'st
3136 624 3240 665 nec
3274 608 3394 664 sine
3422 609 3580 679 prin-

2003 696 2181 766 cipio;
2210 707 2265 753 et
2318 700 2366 754 si
2398 701 2663 771 ,propriis
2718 703 2965 759 terminis
3005 711 3310 772 coercetur,
3350 717 3463 761 non
3492 710 3579 759 est

2003 788 2269 845 inﬁnitus.

2159 898 2249 953 55.
2291 895 2377 951 Ea:
2407 904 2583 953 eodem
2619 894 2773 956 libro,
2806 893 2901 949 lib.
2934 909 2987 947 tv
3034 908 3085 948 ε.
3121 896 3208 958 11,
3235 908 3288 964 p.
3319 896 3444 949 219.

2080 993 2099 1027 ι
2138 978 2385 1031 Praesens
2413 982 2594 1029 autem
2637 981 2852 1045 tempus
2896 977 3139 1040 metitur,
3171 992 3278 1045 qua
3313 991 3489 1047 prius,
3519 986 3574 1033 et

2002 1081 2109 1135 qua
2139 1065 2516 1134 posterius;et
2534 1064 2962 1135 magnitudinem
2994 1066 3353 1136 consequitur
3368 1077 3572 1135 motus,

2002 1155 2148 1210 hunc
2174 1163 2355 1211 autem
2391 1162 2629 1225 tempus.
2663 1174 2682 1206 ι

2074 1245 2132 1301 Si
2165 1262 2406 1316 praesens
2435 1262 2565 1318 pars
2593 1262 2703 1300 non
2725 1256 2808 1302 est
2838 1248 3125 1318 temporis,
3155 1257 3213 1305 ut
3240 1250 3378 1306 dixit
3411 1251 3575 1307 trice—

2002 1338 2145 1393 simo
2183 1339 2345 1393 tertio
2394 1339 2592 1409 capite,
2632 1339 2905 1408 quomodo
2938 1346 3162 1395 metitur
3195 1348 3411 1411 tempus
3432 1344 3455 1397 ?
3479 1342 3579 1399 Vel

2001 1429 2250 1503 profecto
2294 1446 2536 1500 praesens
2582 1446 2695 1485 non
2724 1431 2950 1486 metitur
2975 1439 3211 1503 tempus,
3245 1434 3336 1489 vel
3368 1448 3576 1505 partem

2002 1520 2057 1574 id
2104 1535 2227 1575 esse
2263 1521 2524 1591 temporis
2574 1508 2801 1576 neceSse
2830 1530 2933 1576 εει.
2966 1521 3031 1575 Ει
3064 1524 3111 1579 si
3141 1525 3576 1593 magnitudinem

2001 1611 2358 1680 consequitur
2414 1595 2618 1676 motus,
2677 1609 2825 1664 hunc
2865 1618 3046 1665 autem
3096 1621 3309 1683 tempus
3347 1632 3359 1668 :
3394 1614 3577 1683 genita

1999 1716 2131 1771 ergo
2168 1700 2505 1771 magnitudo,
2538 1708 2597 1755 ut
2629 1708 2684 1756 et
2713 1707 2895 1758 motus
2926 1709 2982 1758 et
3011 1712 3249 1775 tempus,
3286 1721 3408 1775 quae
3429 1706 3576 1760 illam

2000 1801 2435 1863 consequuntur.

2187 1882 2278 1935 56.
2318 1880 2401 1934 Ea:
2425 1881 2602 1935 eodem
2637 1880 2789 1946 libro,
2815 1880 2971 1945 ibid.,
3005 1897 3055 1936 c.
3096 1876 3184 1945 12,
3208 1893 3263 1947 p.
3285 1875 3413 1932 2‘20.

2072 1991 2091 2025 ι
2126 1970 2309 2028 Linea:
2338 1973 2599 2028 minimus
2631 1988 2915 2038 numerus,
2954 1970 3306 2025 multitudine
3328 1970 3570 2040 quidem,

1993 2066 2115 2122 dua:
2144 2072 2238 2119 aut
2287 2079 2396 2119 una
2443 2083 2455 2119 :
2485 2063 2861 2134 magnitudine
2889 2070 3092 2129 autem,
3124 2080 3234 2118 non
3261 2062 3525 2118 minimus
3557 2082 3571 2119 ε

1994 2156 2253 2211 minimus
2290 2170 2526 2225 namque
2554 2170 2818 2209 numerus
2873 2164 2961 2210 est
2987 2171 3132 2210 unus
3161 2165 3255 2209 aut
3279 2154 3427 2222 duo;
3458 2169 3577 2208 ma-

1992 2248 2277 2318 gnitudine
2305 2254 2486 2301 autem
2511 2246 2774 2301 minimus
2801 2261 2913 2301 non
2941 2254 3046 2303 est.
3076 2263 3099 2299 ι

2064 2338 2124 2396 Si
2170 2354 2281 2394 non
2321 2339 2550 2393 minima
2599 2353 2728 2410 pars
2759 2347 2865 2404 est,
2894 2340 2951 2393 in
3003 2340 3148 2394 linea
3188 2339 3407 2410 quidem
3434 2355 3576 2409 pun-

1991 2439 2164 2497 ctum,
2196 2429 2252 2483 in
2281 2438 2526 2500 tempore
2551 2444 2682 2485 vero
2710 2445 2975 2503 praesens,
3011 2429 3143 2500 quid
3174 2430 3392 2485 tandem
3424 2429 3575 2485 aliud

1989 2534 2075 2583 est
2103 2536 2366 2597 punctum
2391 2526 2448 2579 in
2481 2525 2645 2589 linea,
2669 2541 2912 2597 praesens
2942 2525 2997 2579 in
3024 2526 3311 2595 tempore?
3342 2524 3437 2580 Sin
3462 2541 3573 2581 non

1988 2618 2214 2673 minima
2250 2633 2376 2690 pars
2411 2624 2518 2682 est,
2555 2617 2649 2673 sed
2700 2616 2861 2672 ﬁnis:
2892 2616 3166 2687 quomodo
3193 2631 3323 2686 ergo
3365 2616 3484 2671 sine
3513 2632 3576 2674 re

1989 2708 2142 2764 ﬁnita
2174 2724 2283 2763 non
2332 2716 2509 2782 potest
2546 2724 2669 2763 esse
2708 2707 2854 2773 ﬁnis,
2886 2706 3004 2763 sine
3036 2706 3181 2765 linea
3213 2714 3394 2761 autem
3446 2721 3574 2763 esse

1990 2808 2173 2872 potest
2206 2808 2469 2872 punctum
2500 2801 2524 2854 ‘I
2551 2800 2636 2865 Et,
2680 2800 2726 2855 si
2760 2800 2963 2870 quibus
3008 2800 3065 2853 in
3112 2799 3277 2855 rebus
3325 2815 3435 2853 non
3488 2808 3575 2856 est

1992 2893 2302 2957 minimum,
2340 2892 2396 2946 in
2420 2892 2625 2947 eisdem
2648 2892 2810 2947 etiam
2836 2908 2945 2946 non
2969 2899 3053 2947 est
3076 2893 3406 2947 maximum:
3441 2908 3574 2962 quo-

1988 2982 2152 3037 modo
2180 2982 2390 3053 reliqua
2420 2982 2654 3052 partium
2682 2981 3008 3048 dilferentia,
3030 2983 3254 3038 maximi
3275 2989 3329 3039 et
3356 2982 3569 3038 minimi

1988 3072 2291 3136 diﬁerentia
2327 3074 2562 3139 sublata,
2587 3068 2870 3128 consistit?

2252 3265 2345 3321 37.
2380 3262 2464 3318 Ea:
2491 3264 2669 3317 eodem
2700 3260 2854 3325 libro,
2890 3259 3048 3325 ibid.,
3076 3275 3131 3328 p.
3157 3257 3284 3314 221.

2016 3350 2081 3393 λ’(
2100 3341 2310 3397 idcirco
2337 3339 2685 3396 manifestum
2714 3344 2818 3401 est,
2837 3352 2899 3393 ea
2913 3353 3033 3407 qua:
3060 3351 3275 3407 semper
3297 3342 3447 3399 sunt,
3473 3347 3568 3394 aut

1990 3450 2111 3506 qua:
2156 3449 2461 3505 nunquam,
2496 3449 2606 3488 non
2635 3446 2759 3487 esse
2788 3430 2844 3484 in
2876 3437 3153 3499 tempore:
3186 3443 3297 3482 non
3325 3428 3467 3483 enim
3499 3444 3566 3487 ea

1990 3528 2464 3599 circumplectitur
2498 3535 2733 3597 tempus,
2765 3538 2944 3593 neque
2990 3521 3352 3576 substantiam
3373 3535 3564 3575 eorum

1988 3628 2202 3690 tempus
2224 3620 2467 3674 metitur.
2482 3638 2502 3674 ι

2053 3710 2338 3777 Quomodo
2361 3709 2527 3779 igitur
2550 3714 2756 3762 motum
2807 3704 2998 3761 dixisti
3038 3718 3161 3759 esse
3194 3710 3479 3767 aeternum,
3510 3710 3567 3760 et

1988 3808 2201 3872 tempus
2233 3816 2519 3857 numerum
2552 3800 2715 3870 ejus?
2750 3798 2795 3852 A
2826 3799 3025 3870 quibus
3058 3812 3292 3867 namque
3318 3795 3563 3867 separari

1987 3902 2200 3962 tempus
2235 3908 2345 3947 non
2378 3897 2579 3963 potest,
2614 3906 2678 3946 ea
2710 3890 2827 3946 ﬁeri
2870 3906 2978 3945 non
3005 3896 3185 3961 potest
3212 3888 3342 3961 quin
3371 3889 3481 3944 sint
3505 3887 3564 3944 in

1986 3989 2249 4054 tempore.
2752 3972 2755 3973 ⁷

2390 4076 2483 4135 38.
2512 4076 2600 4132 Ea:
2628 4078 2807 4133 eodem
2832 4076 2987 4143 libro,
3016 4077 3148 4132 ibid.

2057 4182 2077 4216 ι
2122 4162 2471 4233 Quaecunque
2510 4179 2613 4218 nec
2660 4173 2970 4226 moventur,
3018 4179 3120 4218 nec
3164 4162 3475 4233 quiescunt,
3502 4162 3559 4219 in

1983 4260 2226 4325 tempore
2252 4270 2362 4308 non
2382 4262 2539 4320 sunt;
2562 4269 2690 4308 nam
2716 4257 2771 4307 in
2792 4262 3037 4324 tempore
3064 4270 3207 4318 esse,
3238 4269 3557 4311 mensuram

1982 4350 2229 4414 tempore
2267 4344 2453 4399 subire
2471 4349 2593 4411 est;
2628 4349 2845 4414 tempus
2868 4350 3046 4398 autem
3078 4350 3260 4397 motus
3282 4351 3336 4397 et
3356 4343 3557 4413 quietis

1983 4451 2262 4491 mensura.
2304 4455 2325 4489 θ
2906 4446 2918 4459 ’

359 4534 424 4585 Εἰ
451 4532 515 4585 τὺ
550 4532 613 4591 ὃν
642 4535 700 4587 ὲν
728 4534 807 4605 τῷ
834 4536 1030 4607 χρόνῳ,
1064 4537 1239 4591 ἐκεῖνο
1267 4541 1496 4592 κινεῖται
1529 4539 1621 4593 καὶ
1641 4541 1839 4611 ἠρεμεῖ
1860 4557 1874 4572 ο

2054 4528 2219 4602 568
2254 4528 2311 4584 Si
2359 4529 2415 4585 id
2463 4529 2609 4601 quod
2656 4530 2712 4585 in
2759 4537 3007 4599 tempore
3066 4534 3171 4595 est,
3211 4533 3461 4583 movetur
3501 4538 3556 4586 et

293 4627 521 4677 κινεῖται
559 4624 617 4676 δὲ
647 4627 676 4678 6
703 4625 931 4696 οὐρανὸς
962 4627 1101 4681 κατά
1133 4629 1225 4682 τὸν
1254 4628 1499 4698 λέγοντα,
1543 4629 1637 4683 καὶ
1682 4632 1882 4701 ἠρεμεῖ

294 4717 328 4788 ἡ
359 4717 432 4788 γῆ
448 4736 462 4749 ’
500 4718 558 4771 ὲν
578 4718 755 4791 χρόνῳ
780 4719 889 4792 ἄρα
916 4721 944 4773 6
966 4720 1193 4793 οὐρανὸς
1212 4722 1304 4775 καὶ
1328 4724 1361 4793 ή
1383 4722 1478 4793 γῆ,
1502 4723 1597 4777 καὶ
1620 4724 1653 4794 ἡ
1676 4724 1882 4777 τούτων

292 4808 507 4879 κίνησίς
549 4827 613 4863 τε
654 4810 749 4863 καὶ
788 4810 1014 4882 ἠρεμία.
1048 4812 1158 4866 Καὶ
1190 4814 1238 4866 εί
1264 4814 1492 4884 γενητὸς
1520 4816 1547 4868 6
1577 4816 1789 4886 χρόνος,
1821 4816 1880 4885 ἐξ

292 4900 541 4971 ἀνάγκης
574 4900 672 4971 (9).

429 5075 519 5131 59.
574 5077 677 5131 Ἐκ
722 5077 992 5148 πέμπτου
1023 5078 1131 5151 (10)
1164 5078 1349 5151 λόγου
1386 5078 1497 5147 τῆς
1528 5079 1716 5149 αὐτῆς

882 5150 1300 5219 πραγματείας.

363 5280 384 5313 ι
422 5263 585 5323 Ὥστε
618 5262 833 5336 ἀνάγκη
867 5264 932 5317 ἐκ
958 5263 1068 5317 τῶν
1098 5263 1404 5338 εἰρημένων
1434 5267 1582 5337 τρεῖς
1615 5261 1754 5320 εἶναι
1782 5282 1885 5338 μειι

389 5459 445 5531 7)
480 5460 576 5531 ης
604 5454 741 5531 οὔτί.
767 5458 897 5531 Leg.
926 5456 1185 5531 πῶς-οὖν.

386 5527 441 5601 8)
469 5527 664 5601 Εἷιςαι.
701 5527 1015 5601 Desuinpsit
1045 5528 1369 5601 Sylburgius
1396 5542 1463 5585 ex
1488 5527 1799 5601 Aristotele.

370 5598 451 5671 (9)
490 5599 587 5663 Ἐξ
619 5598 922 5671 ἀνάγκης-ξ
960 5598 1193 5670 Explent
1226 5598 1492 5671 lacunam
1544 5598 1766 5671 Langus
1820 5607 1876 5655 et

297 5667 645 5741 Sylburgius,
670 5670 919 5741 addendo
934 5667 1281 5741 ἄρα”γενητὸς
1299 5671 1393 5724 καὶ
1419 5668 1647 5741 οὐρανὸς
1668 5667 1761 5723 καὶ
1779 5671 1870 5741 γῆ.

369 5740 486 5809 (10)
511 5738 618 5792 Ἕκ
648 5738 938 5811 πέμπτου.
973 5738 1187 5811 Longa
1222 5740 1313 5811 hic
1358 5738 1735 5809 erat‘lacuna,
1771 5738 1876 5795 nec

297 5808 514 5878 titulus,
544 5824 645 5864 nec
682 5808 978 5879 quidquam
1000 5808 1147 5869 aliud
1175 5810 1455 5883 legebatur
1476 5816 1673 5881 praeter
1701 5820 1875 5868 extre-

1981 4623 2216 4693 quiescit
2239 4630 2521 4688 ;movetur
2544 4630 2746 4685 autem,
2770 4628 2830 4674 ut
2851 4620 3028 4690 placet
3053 4619 3124 4685 ei,
3147 4619 3239 4690 qui
3268 4618 3372 4673 hoc
3395 4618 3552 4683 dixit,

1981 4714 2205 4776 emtum,
2234 4718 2289 4768 et
2323 4713 2557 4782 quiescit
2590 4722 2772 4768 terra:
2807 4713 2862 4766 in
2910 4721 3155 4781 tempore
3194 4726 3323 4781 ergo
3353 4712 3553 4767 caelum

1980 4792 2035 4860 et
2070 4813 2240 4869 terra,
2280 4820 2578 4875 eorumque
2634 4812 2688 4860 et
2743 4811 2924 4859 motus
2976 4810 3031 4858 et
3081 4804 3257 4873 quies.
3310 4802 3463 4869 Quod
3505 4803 3554 4862 si

1981 4897 2221 4968 genitum
2278 4904 2534 4967 tempus,
2588 4898 2899 4953 necessario
2934 4911 3174 4967 quoque
3239 4897 3438 4951 cmlum
3500 4906 3553 4955 et

1980 4996 2146 5050 terra.

2226 5081 2317 5138 59.
2349 5080 2435 5137 Ea:
2464 5080 2597 5152 ζξζγτο
2622 5082 2806 5152 quinto
2833 5079 3069 5152 eiusdem
3110 5082 3302 5152 operis.

2467 5146 2564 5205 lib.
2595 5163 2649 5215 v,
2675 5164 2725 5205 ε.
2759 5150 2813 5216 1,
2844 5165 2897 5221 p.
2928 5150 3057 5210 225.

2052 5276 2072 5310 ι
2113 5257 2251 5316 Tres
2284 5274 2408 5314 esse
2449 5258 2856 5315 vicissitudines
2905 5257 3022 5314 sive
3062 5258 3415 5323 mutationes,
3444 5273 3514 5315 ne
3534 5286 3547 5289 -ν

1976 5474 2095 5531 mas
2124 5473 2287 5531 voces
2309 5458 2452 5522 illas,
2484 5456 2544 5522 ἐξ
2566 5457 2921 5531 ὑποκειμένου
2949 5460 3028 5522 είς
3044 5460 3143 5531 οὐχ
3166 5458 3545 5531 ὑποκείμενον.
3604 5458 3609 5467 ’

1979 5530 2110 5601 Quae
2140 5528 2368 5583 deerant
2400 5534 2681 5601 mutuatus
2715 5539 2798 5601 est
2832 5528 3051 5601 Langus
3084 5528 3154 5584 ab
3193 5531 3311 5601 ipso
3330 5528 3547 5582 Aristo-

1977 5600 2102 5655 telis
2166 5606 2319 5652 textu
2366 5604 2436 5670 et
2505 5597 2562 5651 in
2618 5597 2866 5652 Latinam
2891 5597 3422 5670 ﬂinterpreta'tionem
3473 5613 3546 5670 ea

1976 5665 2545 5741 transtttlithraaca
2602 5670 2854 5741 apposuit
2884 5665 3205 5741 Sylburgius
3264 5670 3318 5724 in
3362 5667 3542 5741 Notis.

1974 5738 2402 5795 Convenientius
2432 5739 2612 5809 visum
2636 5748 2720 5809 est
2747 5739 2889 5809 eain
2920 5738 3111 5809 ipsum
3124 5748 3436 5798 contextum
3456 5738 3542 5797 ius

1977 5811 2198 5876 ducere,
2225 5816 2281 5865 et
2307 5821 2406 5865 sua
2428 5807 2706 5866 Aristoteli
2731 5807 2979 5869 reddere.
