3974 6256
390 399 521 455 1551

1131 394 1497 453 APPENDIX.
1538 430 1603 438 —
1638 398 1821 485 P‘ARS
1856 401 1898 455 Ι.
1937 402 1996 456 S.
2034 400 2299 457 JUSTINI
2337 400 2571 457 OPERA
2607 398 2878 457 SPURIA.

3519 399 3668 455 1532

388 530 545 571 cesse
583 522 707 568 est:
754 526 873 567 eam
902 526 1024 582 quae
1054 527 1118 566 ex
1146 514 1397 584 subjecto
1447 515 1504 569 in
1552 516 1886 586 subjectum,
1915 524 1971 572 et

2084 519 2303 583 ταϐολάς
2322 536 2335 551 '
2358 520 2460 590 τήν
2485 536 2545 571 τε
2577 517 2637 582 ἐξ
2666 516 3021 589 ὑποκειμένου
3050 518 3131 581 είς
3156 515 3542 587 ὑποκείμενον,
3571 518 3669 571 καὶ

387 620 510 659 eam
541 619 663 674 quae
695 619 763 658 ex
821 603 1076 672 subjecto
1106 604 1163 660 in
1204 620 1315 660 non
1357 607 1690 677 subjectum,
1724 624 1828 664 nec
1863 625 1973 664 non

385 711 507 751 eam
537 710 659 765 quae
684 710 750 749 ex
784 710 894 748 non
918 693 1168 764 subjecto
1208 696 1264 751 in
1295 697 1600 767 subjectum
1627 699 1705 754 tit.
1730 699 1805 753 Ea
1828 700 1971 755 enim

385 800 509 856 quae
531 801 599 839 ex
623 799 736 838 non
767 784 1017 854 subjecto
1055 785 1112 839 in
1149 802 1260 841 non
1295 788 1605 859 subjectum
1647 789 1727 856 ﬁt,
1756 790 1977 847 vicissi-

391 879 524 933 tudo
555 894 653 934 seu
687 878 922 933 mutatio
949 894 1059 933 non
1090 890 1196 946 est,
1225 897 1292 936 eo
1336 882 1483 952 quod
1513 899 1622 939 non
1655 885 1727 939 sit
1757 900 1855 955 per
1875 901 1975 956 op-

386 972 714 1041 positionem
738 992 750 1026 :
794 988 971 1042 neque
1003 973 1149 1027 enim
1178 978 1620 1045 repugnantiam,
1646 994 1827 1048 neque
1847 993 1974 1033 con-

387 1064 772 1119 tradictionem
806 1066 991 1121 habet.
1021 1066 1095 1119 Ea
1113 1083 1235 1137 qua:
1257 1084 1321 1123 ex
1353 1085 1462 1123 non
1496 1070 1746 1139 subjecto
1766 1072 1822 1125 in
1843 1072 1975 1126 sub-

382 1156 589 1226 jectum
624 1157 682 1219 ﬁt
728 1159 979 1223 mutatio,
1023 1175 1120 1229 per
1146 1161 1661 1228 contradictionem,
1694 1162 1974 1233 generatio

391 1258 511 1318 est;
535 1266 597 1306 ea
621 1267 752 1306 vero
775 1267 896 1323 qua:
923 1268 988 1308 ex
1021 1253 1271 1324 subjecto
1310 1255 1367 1309 in
1394 1272 1504 1311 non
1528 1257 1856 1326 subjectum,
1888 1258 1975 1325 in—

392 1345 609 1396 teritus.
645 1361 664 1394 ι

460 1434 741 1504 Nusquam
772 1434 1027 1491 videlicet
1057 1438 1305 1503 materia,
1344 1454 1507 1507 quam
1555 1455 1722 1510 supra
1750 1440 1974 1495 dicebas

390 1527 694 1596 subjectam
736 1529 817 1583 eis
856 1544 977 1600 qua:
1001 1530 1300 1601 gignuntur
1319 1540 1373 1586 et
1396 1531 1692 1594 intereunt,
1728 1531 1815 1585 bis
1846 1531 1973 1602 qui-

387 1620 536 1682 dem,
588 1628 851 1691 tanquam
900 1636 967 1675 ex
1011 1637 1161 1691 quo;
1210 1622 1296 1677 bis
1346 1629 1550 1688 autem,
1601 1610 1883 1692 tanquam
1914 1621 1972 1689 in

387 1712 651 1855 (Incite.
690 1798 772 1853 Ea:
803 1798 984 1859 eodem
1022 1799 1177 1853 libro.
1202 1799 1355 1868 ibid"
1393 1817 1443 1863 c.
1475 1801 1528 1867 4,
1564 1814 1618 1868 p.
1652 1799 1780 1854 271.

2075 609 2175 679 τὴν
2208 608 2267 674 ἐξ
2300 610 2656 680 ὑποκειμένου
2690 612 2770 673 εἰς
2804 608 2879 680 μὴ
2921 608 3300 679 ὑποκείμενον,
3336 608 3432 661 καὶ
3463 608 3569 679 τὴν
3601 611 3671 661 ἐκ

2079 700 2153 772 μὴ
2182 701 2539 771 ὑποκειμένου
2574 702 2653 764 είς
2678 700 3049 772 ὑποκείμενον.
3082 701 3146 752 Ἦ
3178 698 3289 771 γὰρ
3321 702 3385 752 ὲκ
3424 698 3500 770 μὴ
3535 699 3672 750 ὐπο-

2078 793 2329 863 κειμένου
2377 794 2456 855 εἰς
2497 791 2571 862 μὴ
2617 791 2975 862 ὑποκείμενον
3006 791 3107 843 οὑκ
3138 790 3219 843 ἔτι
3254 789 3550 860 μεταϐολὴ,
3577 788 3671 842 διὰ

2074 886 2137 939 τὸ
2173 886 2247 957 μὴ
2281 882 2421 939 εἶναι
2456 885 2575 939 κατ’
2610 882 2913 938 ἀντίθεσιν’
2950 880 3074 936 οὔτε
3107 881 3217 953 γάρ
3261 881 3507 945 ἐναντία,
3542 880 3670 935 οὔτε

2076 978 2360 1047 ἀντίφασίς
2394 982 2560 1032 ἐστιν.
2608 977 2672 1030 Ἠ
2709 976 2807 1047 μὲν
2838 971 2931 1030 οὖν
2962 975 3022 1040 ὲξ
3052 976 3145 1040 οὑχ
3187 974 3553 1045 ὑποκειμένου
3587 974 3671 1037 είς

2077 1070 2435 1141 ὑποκείμενον
2471 1068 2742 1141 μεταϐολὴ
2776 1069 2896 1122 κατ’
2921 1066 3206 1136 ἀντίφασιν
3233 1066 3451 1135 γένεσίς
3485 1069 3670 1119 ἐστιν·

2074 1166 2107 1235 ἡ
2142 1164 2186 1216 δ’
2220 1162 2279 1229 ἐξ
2311 1162 2670 1235 ὑποκειμένου
2704 1163 2785 1225 εἰς
2822 1160 2920 1233 οὐχ
2950 1158 3313 1229 ὑποκείμενον
3340 1158 3539 1230 φθορά.
3574 1176 3595 1209 ι

2142 1449 2391 1529 Οὐδαμοῦ
2442 1450 2549 1521 ἄρα
2594 1452 2627 1521 ἡ
2680 1448 2802 1520 ὕλη,
2848 1449 2915 1519 ἣν
2961 1444 3111 1512 εἶπες
3152 1451 3210 1501 ἐν
3260 1452 3375 1511 τοῖς
3409 1445 3675 1518 ἀνωτέρω

2078 1542 2442 1611 ὑποκειμένην
2474 1544 2586 1606 τοῖς
2617 1542 2920 1612 γινομένοις
2936 1558 2995 1593 τε
3018 1543 3111 1594 καὶ
3135 1540 3538 1613 φθειρομένοις,
3554 1540 3673 1600 τοῖς

2079 1631 2181 1702 μὲν
2207 1631 2283 1695 ὡς
2316 1632 2374 1699 ἐξ
2408 1625 2490 1698 οὗ,
2524 1635 2637 1697 τοῖς
2668 1632 2726 1685 δὲ
2757 1631 2833 1695 ὡς
2865 1632 2945 1693 εἰς
2975 1632 3023 1684 ὃ.

2459 1809 2550 1866 40.
2595 1811 2697 1863 Ἐκ
2719 1808 2825 1863 τοῦ
2862 1809 3049 1863 αὑτοῦ
3074 1808 3280 1878 λόγου.

462 1911 480 1943 ι
519 1892 676 1958 Quod
699 1895 844 1950 enim
874 1912 983 1951 non
1021 1896 1203 1965 album
1233 1904 1316 1953 est
1337 1906 1432 1950 aut
1465 1876 1581 1950 non
1607 1898 1971 1964 bonum,mo-

2145 1920 2164 1953 ί
2200 1901 2283 1967 Τὸη
2321 1902 2420 1973 μὲν
2452 1901 2560 1974 γάρ
2598 1901 2672 1973 μὴ
2716 1900 2909 1955 λευκὸν
2941 1901 2974 1972 ἢ
3012 1900 3087 1971 μὴ
3120 1876 3345 1968 ἀγαθὸν,
3382 1902 3538 1972 ὅμως
3577 1902 3667 1954 ἐν’

388 1984 503 2038 veri
529 1992 709 2040 tamen
741 2002 837 2057 per
857 1988 1114 2043 accidens
1146 1995 1346 2059 potest.
1382 1986 1465 2042 Sit
1489 1989 1636 2043 enim
1664 1989 1827 2043 homo
1859 2003 1971 2042 non

389 2076 592 2132 album.
618 2076 771 2151 Quod
799 2089 979 2133 autem
1012 2082 1238 2134 omnino
1258 2094 1367 2134 non
1395 2088 1478 2135 est
1498 2088 1708 2141 certum
1738 2078 1892 2150 quid,
1918 2079 1974 2134 id

389 2166 729 2222 nullatenus.
770 2167 959 2239 Neque
992 2169 1139 2225 enim
1170 2164 1304 2224 ﬁeri'
1334 2178 1536 2240 potest,
1564 2176 1627 2225 ut
1667 2168 1816 2241 quod
1860 2184 1974 2227 non

386 2266 472 2311 CSI.
494 2267 797 2314 moveatur.
836 2277 856 2311 ι

453 2345 511 2399 Si
563 2347 678 2402 ﬁeri
730 2364 839 2402 non
887 2356 1090 2426 potest,
1146 2357 1209 2404 ut
1262 2365 1332 2409 ex
1388 2365 1476 2415 eo,
1539 2350 1683 2420 quod
1713 2366 1823 2405 non
1862 2366 1975 2413 mo,-

387 2447 569 2508 vetur,
626 2451 918 2510 generetur
971 2443 1306 2507 substantia,
1364 2459 1464 2498 nec
1520 2450 1791 2508 movetur,
1825 2446 1973 2514 quod

390 2528 615 2581 omnino
673 2544 783 2583 non
853 2538 938 2584 est
998 2539 1211 2585 certum
1274 2532 1407 2601 quid
1468 2533 1619 2602 (fieri
1676 2533 1816 2586 enim
1870 2551 1973 2587 non

389 2628 579 2687 potest,
630 2630 687 2672 ut
720 2621 859 2691 quod
912 2640 1017 2677 non
1076 2632 1153 2677 est
1206 2635 1540 2696 moveatur);
1574 2626 1852 2695 quomodo
1904 2642 1974 2697 ex

390 2713 642 2775 materia,
678 2730 800 2783 qua:
828 2730 939 2770 non
981 2726 1067 2772 est
1108 2727 1317 2773 certum
1351 2719 1506 2789 quid,
1549 2717 1693 2773 facta
1742 2735 1979 2789 prorsus,

389 2813 474 2859 est
508 2806 817 2860 substantia
846 2808 869 2861 ?

530 2917 620 2972 41.
657 2917 742 2971 Ex
769 2918 903 2972 libro
925 2936 1062 2975 nono
1089 2920 1323 2986 ejusdem
1350 2924 1829 2987 commentationis.

882 2991 977 3046 lib.
1010 3007 1131 3054 vin,
1160 3009 1210 3048 c.
1244 2994 1295 3056 l,
1327 2995 1529 3065 p.251.

467 3097 485 3128 ι
528 3077 585 3133 Si
630 3095 732 3134 nec
775 3097 898 3136 esse
947 3098 1048 3137 nec
1083 3082 1313 3153 intelligi
1365 3091 1544 3153 potest
1590 3091 1809 3153 tempus
1856 3083 1976 3145 sine

390 3173 668 3242 praesenti,
700 3190 943 3244 prmsens
975 3183 1155 3235 autem
1188 3176 1427 3230 medium
1446 3176 1703 3245 quiddam
1735 3185 1843 3239 est,
1875 3177 1976 3230 ini-

2074 1994 2286 2064 δέχεται
2312 1995 2574 2047 κινεῖσθαι
2608 1992 2748 2047 κατὰ
2784 1993 3161 2064 συμϐεϐηκός’
3196 1992 3282 2064 εἴη
3318 1992 3429 2063 γὰρ
3463 1993 3674 2063 ἄνθρω-

2077 2102 2178 2151 πος
2200 2084 2262 2138 τὸ
2297 2086 2371 2156 μὴ
2399 2085 2611 2138 λευκόν·
2652 2085 2714 2138 τὸ
2745 2085 2802 2138 δὲ
2837 2083 3026 2147 ἁπλῶς
3063 2084 3136 2155 μὴ
3180 2085 3322 2149 τόδε,
3370 2085 3628 2155 οὐδαμῶς
3651 2102 3673 2117 ‘

2074 2177 2337 2232 ἀδύνατον
2362 2177 2471 2250 γὰρ
2508 2179 2572 2231 τὸ
2610 2177 2685 2249 μὴ
2716 2176 2777 2230 ὃν
2815 2175 3102 2230 κινεῖσθαι.
3146 2194 3165 2228 ι

2142 2359 2205 2413 El
2240 2360 2303 2412 ὲκ
2329 2358 2422 2411 τοῦ
2450 2357 2524 2430 μὴ
2554 2357 2869 2430 κινουμένου
2896 2356 3154 2410 ἀδύνατον
3171 2356 3423 2425 γενέσθαι
3453 2354 3669 2417 οὐσίαν,

2077 2452 2171 2506 καὶ
2201 2451 2264 2505 τὸ
2294 2451 2480 2514 ἁπλῶς
2524 2451 2643 2504 τόδε
2658 2432 2747 2520 ’μὴ
2775 2449 2833 2501 ὃν
2862 2449 3117 2519 οὐδαμῶς
3152 2452 3386 2501 κινεῖται
3424 2447 3673 2517 (ἀδύνα-

2074 2560 2180 2597 τον
2213 2542 2321 2613 γὰρ
2349 2540 2416 2595 τὸ
2446 2542 2531 2610 μὴ
2569 2541 2642 2595 ὃν
2676 2542 3020 2609 κινεῖσθαι)·
3055 2539 3171 2602 πῶς
3208 2539 3435 2608 γέγονεν
3467 2540 3534 2592 ὲκ
3567 2537 3672 2607 τῆς

2077 2633 2208 2706 ὕλης
2238 2634 2394 2688 οὐσία
2426 2634 2632 2699 ἁπλῶς,
2668 2634 2786 2687 τόδε
2819 2651 2881 2695 τις
2906 2634 3006 2686 οὑκ
3032 2631 3231 2703 οὔσης

2268 2917 2355 2971 Η.
2391 2917 2487 2971 ‘Ex
2512 2917 2617 2971 τοῦ
2646 2917 2901 2971 ἑννάτου
2932 2918 3118 2986 λόγου
3142 2915 3252 2985 τῆς
3273 2915 3463 2983 αὐτῆς

2657 2990 3077 3058 πραγματείας.

2151 3100 2170 3132 ι
2211 3080 2276 3133 Εἰ
2307 3080 2365 3136 δὲ
2390 3079 2651 3134 ἀδύνατον
2682 3076 2823 3135 εἶναι
2844 3082 2890 3152 (l
2907 3081 2953 3153 l)
2979 3082 3073 3134 καὶ
3095 3080 3283 3151 νοῆσαι
3316 3082 3515 3152 χρόνον
3536 3082 3675 3139 civem

2074 3171 2171 3227 τοῦ
2203 3174 2318 3239 νῦν,
2352 3175 2414 3228 τὸ
2445 3175 2503 3229 δὲ
2535 3175 2629 3228 νῦν
2666 3176 2898 3246 μεσότης
2948 3193 3061 3238 τις,
3100 3176 3191 3228 καὶ
3233 3174 3409 3246 ἀρχὴν
3443 3176 3537 3228 καὶ
3580 3194 3670 3229 τε·

388 3265 527 3321 tium
553 3274 607 3320 et
636 3267 796 3322 linem
825 3268 1054 3332 habens,
1086 3268 1301 3322 initium
1334 3269 1556 3338 quidem
1582 3269 1772 3334 futuri,
1807 3268 1969 3331 finem

2084 3266 2267 3337 λευτὴν
2313 3267 2455 3338 ἔχον,
2497 3267 2611 3321 ἀλλ’
2643 3268 2818 3339 ἀρχὴν
2855 3268 2954 3338 μὲν
2995 3266 3091 3320 τοῦ
3140 3267 3400 3338 ἐσομένου
3444 3267 3665 3339 χρόνον,

390 3364 574 3411 autem
608 3358 897 3427 praeteriti;
929 3375 1156 3413 necesse
1178 3368 1261 3414 est
1302 3374 1517 3429 semper
1562 3375 1687 3417 esse
1731 3367 1967 3430 tempus.

390 3446 527 3502 Nam
562 3449 686 3503 ﬁnis
728 3451 1012 3519 postremi,
1050 3450 1196 3520 quod
1230 3459 1570 3520 assumptum
1599 3459 1703 3517 est,
1758 3460 1973 3513 tempo-

390 3541 470 3595 ris
498 3548 583 3595 est
615 3556 877 3611 praesens.
908 3541 1055 3595 Nihil
1083 3542 1229 3597 enim
1266 3550 1447 3612 potest
1481 3544 1536 3596 in
1590 3550 1834 3614 tempore
1874 3560 1971 3614 ap-

388 3632 653 3702 prehendi
680 3642 875 3703 praeter
908 3650 1171 3704 prmsens.
1198 3634 1379 3700 Quare
1399 3635 1775 3706 quia-initium
1809 3644 1893 3691 est
1918 3646 1973 3693 et

390 3723 537 3787 ﬁnis,
571 3740 798 3780 necesse
831 3732 916 3780 est
950 3726 1089 3779 citra
1124 3734 1178 3780 et
1224 3727 1368 3779 ultra
1400 3741 1524 3781 esse
1576 3734 1825 3797 tempus;
1875 3728 1973 3783 sed

391 3817 439 3873 si
477 3825 711 3887 tempus,
747 3818 911 3872 etiam
945 3825 999 3872 et
1032 3825 1240 3871 motum
1275 3833 1503 3874 necesse
1535 3825 1641 3885 est,
1678 3821 1807 3895 quia
1835 3828 1974 3877 tem-

390 3926 494 3980 pus
522 3910 809 3980 perpessio
838 3918 924 3965 est
959 3918 1162 3965 motus.
1204 3930 1223 3963 ι

465 3999 564 4056 His
624 4002 824 4055 astruit
878 4002 1204 4059 Aristoteles
1252 4002 1452 4061 coelum
1509 4018 1633 4065 esse
1681 4011 1970 4061 aeternum.

388 4091 526 4146 Nam
562 4092 606 4147 si
649 4092 890 4146 medium
939 4093 1203 4161 quiddam
1236 4101 1320 4149 est
1352 4102 1407 4148 et
1452 4094 1669 4149 initium
1726 4104 1781 4151 et
1811 4096 1969 4163 linis,

389 4187 554 4241 etiam
586 4200 801 4255 semper
830 4187 1085 4255 utrinque
1119 4193 1337 4259 tempus
1397 4186 1582 4251 habet,
1626 4204 1736 4259 quo
1793 4190 1973 4259 posito

390 4276 641 4346 sequitur
672 4277 989 4332 necessario
1022 4284 1240 4347 tempus
1269 4286 1533 4336 alternum
1561 4299 1574 4333 :
1599 4289 1653 4335 et
1678 4282 1723 4336 si
1757 4289 1979 4353 tempus.

389 4376 653 4425 aeternum
674 4412 688 4435 ,
725 4376 781 4424 et
810 4376 993 4424 motus
1028 4369 1348 4425 necessario
1381 4378 1465 4425 est
1493 4379 1755 4438 aeternus,
1811 4374 1973 4441 cujus

388 4469 606 4530 tempus
627 4469 710 4516 est
733 4476 1031 4528 numerus;
1061 4472 1113 4515 et
1139 4463 1184 4515 si
1216 4468 1400 4518 motus
1431 4471 1516 4519 est
1564 4472 1827 4532 aeternus,
1876 4482 1973 4527 ne-

2072 3359 2326 3432 τελευτὴν
2359 3361 2416 3414 δὲ
2445 3361 2540 3414 τοῦ
2580 3360 2974 3433 παρελθόντος·
3011 3361 3223 3429 ἀνάγκη
3271 3358 3359 3411 ἀεὶ
3392 3354 3535 3410 εἶναι
3572 3358 3667 3410 τὸν

2073 3458 2283 3529 χρόνον.
2303 3456 2377 3508 Τδ
2398 3455 2507 3527 γὰρ
2526 3455 2753 3526 ἔσχατον
2772 3454 2866 3507 τοῦ
2886 3453 3193 3506 τελευταίου
3210 3451 3511 3523 ληφθέντος
3531 3451 3667 3522 me.

2074 3566 2165 3602 vou
2196 3549 2260 3601 τὸ
2290 3548 2386 3601 νῦν
2418 3550 2586 3601 ἐστιν.
2623 3547 2787 3600 Οὐδὲν
2821 3546 2929 3618 γάρ
2952 3544 3065 3599 ἐστι
3093 3544 3275 3597 λαϐεῖν
3306 3546 3364 3597 ὲν
3384 3542 3465 3611 τῷ
3485 3543 3667 3613 χρόνῳ

2075 3639 2225 3713 παρά
2258 3639 2319 3693 τὺ
2351 3640 2475 3693 νῦν·
2533 3639 2676 3693 ὥστε
2720 3639 2841 3692 ἐπεί
2887 3640 3035 3691 ἐστιν
3084 3636 3225 3709 ἁρχὴ
3264 3636 3359 3689 καὶ
3408 3634 3663 3705 τελευτὴ,

2073 3732 2286 3803 ἀνάγκη
2321 3734 2408 3784 ἐπ’
2438 3732 2724 3804 ἀμφότερα
2756 3728 2893 3785 εἶναι
2915 3731 3024 3801 (12)
3059 3731 3282 3803 χρόνονο
3314 3729 3427 3781 ἀλλ’
3463 3731 3512 3780 εί
3538 3729 3668 3798 χρό-

2074 3838 2183 3886 νον,
2221 3823 2432 3894 ἀνάγκη
2468 3822 2561 3875 καὶ
2593 3820 2828 3893 κίνησιν,
2863 3819 3024 3890 εἰπερ
3058 3820 3086 3871 6
3119 3817 3311 3888 χρόνος
3343 3813 3525 3877 πάθος
3548 3814 3671 3865 ἐστὶ

2075 3915 2360 3986 κινήσεως.
2407 3933 2426 3965 ι

2160 4008 2248 4059 Ἐν
2309 4006 2518 4069 τούτοις
2589 4002 2989 4069 κατασκευάζει
3041 4003 3069 4054 6
3143 3999 3523 4072 Ἀριστοτέλης
3572 3999 3668 4052 τὸν

2073 4098 2304 4169 οὐρανὸν
2351 4094 2493 4151 εἶναι
2526 4098 2714 4150 ἀΐδιον.
2752 4098 2813 4149 Εἰ
2847 4095 2956 4167 γὰρ
2994 4095 3226 4165 μεσότης
3271 4110 3356 4156 τις
3402 4094 3524 4145 ἐστὶ
3571 4094 3669 4145 καὶ

2074 4190 2216 4261 ἀρχὴ
2252 4190 2343 4243 καὶ
2375 4189 2619 4260 τελευτὴ,
2666 4189 2762 4249 καὶ.
2797 4185 3135 4257 ἑκατέρωθεν
3169 4184 3255 4236 ἀεὶ
3298 4183 3412 4253 ἔχει
3447 4183 3664 4253 χῴνον,

2073 4275 2119 4351 ᾧ
2156 4283 2360 4336 τεθέντι
2393 4281 2704 4351 ἀναγκαίως
2735 4280 2931 4332 ἕπεται
2964 4279 3023 4331 τὸ
3055 4278 3146 4330 τὸν
3174 4277 3365 4346 χρόνον
3393 4270 3533 4327 εἶναι
3574 4274 3665 4326 ἀΐ-

2073 4376 2185 4429 διον
2203 4393 2215 4405 ·
2254 4376 2346 4429 καὶ
2378 4376 2425 4427 εί
2459 4377 2486 4427 ὁ
2506 4373 2696 4444 χρόνος
2728 4372 2916 4434 ἀΐδιος,
2943 4371 3035 4424 καὶ
3056 4371 3089 4439 ἡ
3110 4369 3318 4437 κίνησις
3340 4365 3399 4431 ἐξ
3417 4367 3668 4436 ἀνάγκης

2074 4466 2223 4518 ἐστὶν
2274 4466 2441 4528 ἀΐδιος
2490 4459 2557 4535 ἧς
2604 4464 2632 4515 6
2686 4464 2876 4533 χρόνος
2922 4461 3068 4513 ἐστὶν
3104 4458 3370 4530 ἀριθμός’
3412 4457 3509 4510 καὶ
3545 4459 3595 4508 εἰ
3630 4460 3663 4526 ὴ

390 4552 633 4608 eessario
672 4558 725 4607 et
757 4567 960 4622 corpus
1006 4552 1153 4621 quod
1214 4563 1485 4615 movetur,
1538 4563 1802 4609 arternum
1862 4564 1967 4614 est.

2084 4557 2288 4628 κίνησις
2320 4556 2507 4619 ἀΐδιος,
2542 4554 2601 4618 ἐξ
2638 4554 2885 4623 ἀνάγκης
2920 4553 3013 4605 καὶ
3053 4550 3114 4603 τὸ
3152 4549 3465 4619 κινούμενον
3504 4548 3669 4617 σῶμα

391 4646 529 4699 lllud
558 4652 739 4698 autem
774 4644 1013 4699 absurde
1045 4652 1379 4699 coaeternum
1411 4660 1534 4699 esse
1565 4648 1788 4713 statuit;
1823 4648 1970 4719 quod

2084 4647 2242 4701 ἀΐδιόν
2302 4648 2437 4700 ἐστι.
2488 4644 2659 4698 Τοῦτο
2708 4644 2766 4696 δὲ
2824 4643 3040 4705 ἀτόπως
3086 4640 3248 4711 ἔθηκε
3291 4640 3352 4693 τὸ
3395 4641 3665 4693 συναῖδιον

389 4735 611 4811 quidem
640 4734 723 4790 sic
745 4735 1011 4804 arguitur.
1042 4733 1512 4801 Quemadmodum
1544 4737 1691 4791 enim
1719 4739 1808 4793 tiet
1839 4748 1973 4793 tem-

387 4843 492 4897 pus
518 4826 785 4891 futurum,
820 4827 894 4880 ita
924 4825 1129 4882 factum
1154 4836 1239 4884 est
1271 4836 1325 4883 et
1348 4830 1706 4898 praeteritum.
1745 4829 1850 4885 Sed
1885 4829 1972 4884 fu-

389 4929 572 4973 turum
603 4927 842 4989 tempus,
877 4930 935 4974 ut
964 4920 1178 4974 initium
1208 4920 1450 4983 habebit,
1476 4920 1641 4992 569
1669 4924 1741 4975 ita
1761 4928 1815 4977 et
1840 4936 1974 4996 pra:-

388 5012 612 5065 teritum
650 5021 866 5080 tempus
897 5011 1088 5066 habuit
1126 5010 1381 5077 initium;
1412 5019 1467 5065 et
1508 5012 1971 5082 quemadmodum

390 5101 523 5154 nihil
551 5101 814 5170 prmteriti
846 5100 1113 5170 temporis
1141 5108 1225 5155 est
1248 5100 1304 5154 in
1337 5100 1548 5169 futuro,
1571 5102 1642 5155 ita
1674 5118 1775 5157 nec
1796 5102 1970 5157 futuri

390 5194 447 5248 in
478 5194 755 5264 prmsenti.
792 5191 897 5247 Sed
927 5194 973 5249 si
1004 5193 1059 5247 id
1088 5193 1235 5264 quod
1265 5209 1414 5249 nunc
1448 5210 1693 5265 praesens
1724 5204 1830 5259 est,
1872 5212 1974 5252 ens

391 5292 478 5338 est
510 5292 565 5339 et
600 5284 791 5350 adest,
844 5282 1091 5337 futurum
1125 5293 1308 5341 autem
1356 5284 1602 5341 nondum
1637 5293 1741 5351 est,
1796 5301 1974 5357 neque

390 5392 492 5432 ens
522 5384 627 5439 est,
654 5391 831 5447 neque
860 5376 1052 5443 adest;
1084 5392 1196 5431 non
1231 5394 1362 5449 ergo
1394 5379 1445 5434 id
1479 5379 1623 5449 quod
1653 5394 1801 5434 nunc
1832 5396 1973 5450 pra:-

394 5484 522 5526 sens
548 5478 633 5527 est
667 5470 884 5525 initium
915 5478 1001 5525 est
1025 5470 1198 5525 futuri
1229 5473 1515 5543 temporis,
1553 5472 1653 5528 sed
1698 5473 1845 5543 quod
1890 5473 1975 5527 fu-

494 5648 581 5714 Η)
607 5643 794 5703 Εἶναι.
820 5644 1148 5701 Aristoteles
1172 5646 1265 5699 καὶ
1298 5642 1455 5701 εἶναι.

494 5648 581 5714 Η)
607 5648 794 5703 Εἶναι.
820 5648 1148 5701 Aristoteles
1172 5648 1265 5699 καὶ
1298 5648 1455 5701 εἶναι.

466 5648 583 5788 ξιξ)
609 5714 1062 5788 ΕἶναιχΔόιίἱιιιι·
1088 5716 1173 5788 ἀεί
1197 5718 1339 5788 apud
1367 5718 1608 5773 Aristote
1631 5732 1739 5774 em.

470 5719 562 5783 (12
609 5719 800 5772 Εἶναι.
826 5719 1062 5771 Additur
1088 5719 1173 5768 ἀεί
1197 5719 1339 5788 apud
1367 5719 1608 5773 Aristote
1631 5732 1739 5774 em.

470 5719 583 5859 (ἰδὲ
619 5786 1079 5873 Τὴν-μέλλιγενλ
1106 5786 1250 5873 ἔχει.
1289 5787 1421 5873 [ιηες.
1461 5789 1649 5873 ὥσπερ
1705 5786 1821 5873 τὴν,
1838 5787 1973 5873 μέλ-

406 5855 603 5921 λουσαν
637 5855 883 5926 γενέσθαι
912 5857 1022 5929 ἔχει
1052 5855 1252 5931 ἀρχὴν,
1290 5855 1433 5917 οὕτω
1474 5860 1565 5917 καὶ
1588 5855 1629 5913 6⁷
1661 5855 1965 5926 παρελθών.

2073 4735 2244 4793 εἶναι’
2278 4740 2371 4793 καὶ⁵
2400 4737 2785 4809 ἐλεγχθήσεται
2809 4735 3000 4798 οὕτως.
3048 4734 3136 4791 Ὠς
3168 4732 3278 4803 γάρ
3312 4733 3604 4803 γενήσεται
3638 4738 3667 4787 6

2076 4830 2284 4902 μέλλων
2324 4828 2568 4897 γίνεσθαι
2603 4828 2813 4900 χρόνος,
2848 4826 3021 4889 οὕτως
3048 4824 3239 4893 γέγονε
3274 4826 3368 4877 καὶ
3400 4827 3427 4877 6
3454 4826 3665 4897 παρελ-

2078 4919 2208 4973 θών.
2248 4919 2385 4972 Ἀλλ’
2434 4921 2463 4972 6
2508 4917 2718 4989 μέλλων
2770 4915 3015 4985 γίνεσθαι
3070 4915 3281 4985 χρόνος,
3325 4913 3515 4984 ὥσπερ
3561 4915 3665 4984 τὴν

2079 5012 2377 5084 μέλλουσαν⁸
2406 5010 2658 5080 γενέσθαι
2690 5009 2801 5083 ἔχει
2834 5007 2965 5079 (l5),
3002 5006 3175 5070 οὕτως
3207 5007 3299 5058 καὶ
3325 5007 3423 5077 τὴν
3452 5008 3658 5078 ἀρχήν·

2075 5106 2170 5158 καὶ
2206 5103 2395 5174 ὥσπερ
2426 5101 2576 5155 οὐδὲν
2612 5099 2705 5153 τοῦ
2740 5098 3099 5171 παρελθόντος
3140 5098 3288 5150 ἐστὶν
3335 5100 3393 5150 ἐν
3419 5098 3498 5169 τῷ
3534 5099 3665 5169 μέλ-

2075 5196 2239 5257 λοντι,
2268 5196 2441 5258 οὓτως
2469 5194 2589 5247 οὐδὲ
2608 5192 2716 5262 (Η)
2743 5190 2836 5244 τοῦ
2868 5190 3149 5261 μέλλοντός
3165 5190 3311 5242 ἐστιν
3339 5191 3398 5241 ὲν
3420 5190 3501 5261 τῷ
3526 5207 3665 5262 παρ-

2074 5289 2205 5341 όντι.
2241 5288 2379 5341 Ἀλλ’
2407 5289 2455 5339 εί
2478 5287 2538 5339 τὸ
2562 5285 2656 5340 νῦν
2680 5286 2739 5337 δν
2770 5286 2884 5337 ἐστι
2912 5284 3005 5336 καὶ
3038 5282 3287 5354 πάρεστι,
3307 5281 3434 5335 τὸδὲ
3466 5283 3664 5353 μέλλον

2075 5379 2228 5434 οὔπω
2271 5380 2439 5443 ἐστὶν,
2479 5377 2601 5431 οὔτε
2643 5376 2722 5441 ὃν,
2753 5374 2876 5429 οὔτε
2926 5374 3130 5445 παρόν’
3162 5373 3261 5425 οὐκ
3313 5372 3422 5446 ἄρα
3456 5375 3573 5427 ἐστὶ
3603 5375 3668 5427 τὸ

2076 5469 2249 5540 παρὸν
2276 5468 2370 5523 νῦν
2398 5466 2541 5539 ἀρχὴ
2564 5466 2657 5520 τοῦ
2689 5464 2972 5537 μέλλοντος
2998 5463 3211 5536 χρόνου,
3231 5463 3363 5517 ἀλλά
3386 5462 3447 5515 τὸ
3463 5464 3666 5536 μέλλον

2150 5648 2263 5719 (14)
2314 5647 2485 5701 Οὺδέ.
2542 5643 2854 5719 Legendum
2902 5651 3061 5719 putat
3105 5643 3257 5719 οὐδέν
3308 5642 3669 5719 Syl‘hurgius,

2077 5714 2174 5775 sed
2198 5714 2508 5784 immerito;
2539 5714 2670 5770 illud
2705 5718 2849 5771 enim
2879 5715 3054 5776 οὐδέν,
3088 5714 3234 5785 quod
3280 5723 3365 5785 est
3393 5714 3447 5769 in
3486 5730 3667 5775 melu-

2079 5792 2180 5847 bro
2209 5790 2514 5861 superiore,
2548 5786 2710 5844 facile
2736 5787 2793 5843 in
2820 5786 2931 5845 hoc
2957 5784 3408 5859 subintelligitur.
