3974 6256
435 394 573 451 1555
1161 391 1527 451 APPENDIX.
1564 424 1634 435 —~
1674 394 1857 451 PARS
1902 395 1947 451 l.
1990 402 2004 449 ξ

2110 391 2355 454 IUSTINl
2388 396 2622 455 OPERA
2663 398 2936 457 SPURIA.
3536 403 3679 459 1556

656 515 745 571 ιδ.
781 513 863 566 Ea:
891 513 1070 567 eodem
1102 511 1255 567 libro.
1283 503 1382 570 ib.,
1404 520 1463 560 ac.
1495 505 1551 573 6,
1583 519 1638 575 p.
1668 502 1793 560 259.
2033 519 2080 575 Α

1715 505 1793 560 39.
2033 519 2080 575 Α
2486 515 2571 570 45.
2618 516 2712 569 Ἐκ
2737 516 2844 571 τοῦ
2865 515 3053 570 αὐτοῦ
3083 515 3284 587 λόγου.

510 623 529 655 ι
570 602 807 658 Necesse
832 611 917 657 est
948 616 1163 672 semper
1194 601 1399 673 aliquid
1446 618 1570 659 esse
1610 612 1665 659 et
1710 614 1997 669 aternum,

2185 629 2204 661 ι
2254 609 2488 681 Ἀνάγκη
2516 604 2655 665 εἶναί
2686 628 2738 663 τι
2765 610 2821 663 ἓν
2851 611 2943 664 καὶ
2984 610 3173 673 ἀΐδιον,
3220 609 3281 663 τὸ
3320 608 3539 681 πρῶτον
3596 628 3683 663 κισ

430 696 576 767 quod
604 694 839 765 primum
872 702 1107 749 moveat.
1137 693 1587 750 Demonstratum
1621 697 1764 750 enim
1788 704 1874 752 est
1906 713 1999 752 ne-

2106 702 2229 757 νοῦν
2254 720 2265 733 ·
2300 703 2566 756 δέδεικται
2593 703 2721 775 γὰρ,
2754 704 2835 756 ὅτι
2866 704 3077 775 ἀνάγκη
3109 704 3195 757 ἀεὶ
3237 704 3449 776 κίνησιν
3495 699 3637 759 εἶναι
3661 724 3675 736 ·

429 801 584 843 cesso
608 800 753 849 esse,
787 792 846 839 ut
873 800 1088 855 semper
1120 785 1192 840 sit
1216 793 1400 843 motus
1433 806 1445 841 :
1478 786 1625 856 quod
1668 785 1717 841 si
1762 802 1998 857 semper,

2112 799 2151 849 εί
2172 796 2228 849 δὲ
2262 797 2368 859 ἀεὶ,
2397 796 2609 865 ἀνάγκη
2640 798 2734 849 καὶ
2764 796 2959 866 συνεχῆ
2990 796 3101 867 (17)
3144 794 3310 851 εἶναι’
3335 799 3430 853 καὶ
3470 798 3582 869 γὰρ
3616 798 3681 852 τὲ

430 896 655 937 necesse
694 893 781 937 est
808 890 868 935 ut
904 890 957 937 et
991 884 1289 938 continuus
1318 885 1409 938 sit.
1452 883 1588 937 Nam
1611 884 1759 955 quod
1789 900 1999 955 semper

2114 890 2189 943 ἀεὶ
2217 888 2276 943 ὃν
2294 890 2513 959 συνεχές
2532 907 2545 919 ·
2571 890 2633 942 τὸ
2655 889 2763 961 γὰρ
2793 888 2987 960 ἑφεξῆς
3011 890 3072 943 οὐ
3104 891 3342 961 συνεχές.
3382 892 3447 944 Ἡ
3474 891 3532 944 δὲ
3562 908 3683 945 συν-

426 979 534 1037 est,
586 973 908 1027 continuum
937 981 1063 1040 est;
1113 974 1259 1044 quod
1306 982 1490 1029 autem
1541 989 1637 1043 per
1666 976 1834 1039 vices,
1890 991 1995 1030 non

2112 982 2234 1053 εχὴς
2265 983 2362 1052 μία
2385 999 2400 1012 ο
2467 983 2565 1052 μία
2593 982 2637 1035 δ’
2667 984 2714 1035 εί
2746 983 2834 1050 ὑφ’
2862 982 2982 1045 ἑνός
3007 998 3067 1035 τε
3095 984 3372 1046 κινοῦντος
3410 984 3505 1037 καὶ
3559 983 3681 1044 ἐνὸς

425 1065 770 1121 continuum.
798 1062 954 1130 Quod
982 1067 1029 1120 si
1059 1068 1320 1121 continua
1351 1067 1553 1129 motio,
1585 1081 1693 1122 una
1722 1074 1807 1122 est
1843 1086 1856 1121 :
1890 1083 1994 1122 una

2109 1075 2196 1128 τοῦ
2227 1079 2567 1146 κινουμένου.
2597 1077 2660 1128 Et
2688 1073 2797 1146 γάρ
2826 1093 2881 1127 τι
2912 1074 3039 1128 ἄλλο
3064 1077 3158 1129 καὶ
3188 1075 3315 1130 ἄλλο
3343 1077 3581 1148 κινήσει,
3611 1078 3678 1130 οὐ

425 1162 606 1210 autem
636 1157 682 1211 si
714 1158 783 1211 ab
806 1174 917 1213 uno
935 1167 1188 1214 movente
1207 1167 1261 1214 et
1288 1169 1440 1215 moto
1470 1175 1600 1214 uno.
1622 1158 1759 1215 Nam
1783 1162 1828 1216 si
1851 1160 1994 1216 aliud

1661 1158 1759 1215 iam
1783 1162 1828 1216 si
1851 1160 1999 1216 aliud
2102 1167 2332 1239 συνεχὴς
2365 1169 2398 1238 η
2426 1168 2520 1238 ὅλη
2553 1168 2788 1239 κίνησις,
2820 1167 2933 1220 ἀλλ’
2960 1166 3171 1239 ἑφεξῆς.
3211 1187 3230 1221 ι

425 1256 589 1318 atque
619 1249 767 1303 aliud
795 1259 1032 1317 moveat,
1063 1266 1171 1306 non
1206 1251 1470 1307 continua
1516 1252 1623 1310 erit
1660 1258 1775 1307 tota
1804 1254 1996 1318 motio,
2126 1286 2127 1289 η

417 1340 520 1395 sed
551 1355 647 1410 per
675 1339 846 1396 vices.
890 1360 909 1393 ι

494 1434 553 1488 Si
586 1435 821 1505 primum
841 1448 1065 1489 movens
1090 1432 1319 1489 localem
1348 1443 1559 1490 motum
1590 1433 1776 1499 eﬂicit,
1807 1435 1998 1490 locatis

2169 1433 2234 1486 Et
2260 1430 2323 1485 τὸ
2350 1430 2563 1503 πρῶτον
2591 1429 2775 1486 κινοῦν
2800 1432 2900 1505 τὴν
2928 1432 3070 1488 κατά
3098 1432 3269 1505 φορὰν
3298 1433 3534 1505 κίνησιν,
3557 1434 3591 1503 ἡ
3620 1434 3682 1488 δὲ

416 1532 603 1580 autem
639 1532 821 1580 motus
851 1532 935 1580 est
963 1526 1109 1590 caeli,
1142 1526 1342 1581 caelum
1381 1533 1563 1581 autem
1590 1543 1791 1597 corpus
1837 1536 1985 1582 natu-

2111 1524 2243 1578 κατὰ
2270 1523 2443 1594 φορὰν
2470 1524 2683 1596 κίνησίς
2711 1527 2825 1579 ἐστι
2853 1524 2947 1579 τοῦ
2976 1524 3231 1597 οὐρανοῦ,
3279 1527 3307 1579 ὁ
3349 1525 3407 1578 δὲ
3448 1524 3680 1596 οὐρανός

420 1614 555 1678 rale,
581 1628 783 1685 corpus
834 1622 1015 1669 autem
1046 1615 1295 1670 naturale
1319 1615 1477 1671 habet
1522 1615 1579 1670 in
1608 1616 1789 1686 seipso
1837 1627 1989 1671 natu-

2112 1622 2215 1673 ὲστι
2248 1616 2473 1689 φυσικὸν
2504 1618 2661 1689 σῶμα
2685 1618 2821 1689 (l8),
2848 1618 2909 1671 τὸ
2936 1617 2996 1671 δὲ
3020 1616 3244 1687 φυσικὸν
3274 1616 3433 1688 σῶμα
3465 1619 3525 1670 ὲν
3553 1618 3681 1670 ἑαυ-

416 1705 609 1760 raliter
640 1705 973 1776 principium
1012 1706 1206 1761 localis
1257 1709 1559 1777 motionis;
1610 1710 1813 1765 frustra
1867 1727 1985 1782 ergo

2111 1710 2177 1780 τῷ
2208 1710 2320 1781 ἔχει
2349 1708 2592 1779 φυσικῶς
2616 1709 2715 1780 τῆς
2741 1708 2883 1763 κατὰ
2928 1708 3089 1778 φύσιν
3121 1710 3385 1779 κινήσεως
3436 1708 3538 1780 τὴν
3581 1710 3680 1779 ἀρ-

418 1804 670 1852 movetur
696 1798 895 1853 coelum
922 1813 953 1851 a
983 1798 1160 1868 primo
1183 1809 1433 1855 movente
1455 1808 1607 1857 motu
1631 1801 1814 1865 locali,
1833 1818 1987 1872 quem

2113 1804 2199 1874 (ἡν
2225 1819 2238 1833 ·
2299 1801 2569 1874 περιττῶς
2617 1803 2727 1873 ἄρα
2769 1804 2995 1855 κινεῖται
3040 1803 3069 1855 ὁ
3111 1801 3340 1873 οὐρανὸς
3387 1801 3482 1855 τοῦ
3530 1799 3682 1872 πρώ-

414 1888 637 1958 quidem
664 1891 879 1946 etiamsi
905 1905 1014 1944 non
1035 1889 1271 1946 ediceret
1287 1893 1525 1962 primum
1549 1909 1795 1960 movens,
1815 1894 1983 1965 ipsum

2213 1895 2321 1965 (l9)
2353 1863 2629 1958 κινοῦντος
2656 1863 2754 1965 τὴν
2783 1893 2925 1949 κατὰ
2952 1895 3124 1967 φορὰν
3145 1863 3358 1966 κίνησιν
3375 1912 3389 1924 υ
3407 1894 3477 1963 ἢν
3508 1863 3604 1947 καὶι
3631 1896 3679 1946 εί

418 1998 452 2038 a
487 1985 669 2055 seipso
700 1994 1032 2051 moveretur,
1061 1988 1193 2057 quia
1221 1990 1475 2059 quintum
1525 1999 1610 2047 est
1640 1992 1987 2060 elementum,

2111 1987 2174 2059 μὴ
2205 1987 2266 2040 τὸ
2294 1988 2509 2058 πρῶτον
2539 1986 2721 2041 κινοῦν
2753 1988 2920 2041 ἐκίνει
2950 1987 3131 2051 αὐτὸν,
3160 1987 3390 2041 ἐκινεῖτο
3419 1987 3487 2039 ἂν
3517 1985 3680 2048 αὐτὸς

412 2096 521 2138 nec
579 2082 901 2153 gravitatem
955 2082 1184 2148 habens,
1226 2100 1346 2153 quae
1392 2084 1523 2137 illud
1581 2084 1838 2138 deorsum
1898 2086 1981 2140 de.

2108 2079 2186 2147 ὕφ’
2220 2078 2437 2143 ἑαυτοῦ,
2466 2079 2555 2133 διὰ
2584 2079 2644 2132 τδ
2690 2074 2829 2134 εἶναι
2877 2080 3039 2134 αὑτὸν
3083 2080 3334 2151 πέμπτον
3389 2082 3677 2150 στοιχεῖον,

415 2170 639 2242 primat,
692 2189 794 2227 nec
852 2173 1128 2229 levitatem
1189 2191 1311 2245 quae
1360 2192 1583 2231 sursum
1640 2174 1852 2240 eﬂ‘erat,
1901 2175 1984 2232 sed

2108 2173 2236 2243 μήτε
2266 2171 2545 2244 βαρύτητα
2571 2171 2694 2242 ἔχον
2744 2171 2999 2226 κινοῦσαν
3038 2172 3199 2227 αὑτὸν
3246 2172 3344 2224 ἐπὶ
3388 2171 3451 2224 τὸ
3503 2170 3677 2233 κάτω,

414 2262 579 2317 aliam
629 2264 889 2318 virtutem
942 2282 1055 2319 non
1106 2268 1468 2332 nominatam,
1504 2282 1625 2337 quae
1675 2267 1809 2322 illud
1851 2267 1983 2325 circa

2110 2262 2239 2333 μήτε
2266 2262 2574 2333 κουφότητα
2601 2263 2857 2317 κινοῦσαν
2896 2263 3061 2318 αὐτὸν
3108 2264 3201 2316 ἐπὶ
3242 2262 3305 2315 τὸ
3348 2261 3483 2325 ἀνω,
3542 2261 3679 2316 ἀλλά

414 2353 656 2409 medium
701 2364 903 2411 movet.
949 2356 1006 2411 Si
1051 2358 1287 2427 primum
1337 2374 1582 2423 movens,
1614 2357 1761 2429 quod
1793 2359 1983 2413 coelum

2183 2372 2290 2426 ,ραν
2317 2354 2544 2428 δύναμιν
2580 2356 2865 2428 ἀνώνυμον
2910 2355 3168 2411 κινοῦσαν
3220 2357 3384 2410 αὑτὸν
3441 2358 3573 2428 περὶ
3618 2357 3680 2410 τὸ
3746 2354 3752 2361 ’

414 2453 599 2499 movet
662 2447 821 2501 locali
884 2450 1163 2514 motione,
1216 2465 1394 2521 neque
1458 2450 1767 2505 secundum
1832 2460 1983 2506 natu-

2109 2447 2283 2518 μέσον.
2317 2448 2381 2501 Εἰ
2410 2448 2470 2502 τὺ
2502 2448 2717 2521 πρῶτον
2746 2447 2931 2503 κινοῦν
2960 2449 3061 2521 τὴν
3093 2448 3236 2503 κατά
3261 2448 3435 2521 φορὰν
3463 2450 3678 2520 κίνησιν

414 2552 532 2591 ram
593 2537 728 2592 illud
775 2548 974 2605 movet,
1024 2542 1217 2619 inutile
1278 2541 1423 2597 enim
1472 2548 1558 2598 est
1610 2543 1685 2596 ita
1737 2558 1983 2609 movere;

2108 2538 2187 2591 τὸν
2215 2539 2444 2610 οὐρανὸν
2472 2539 2596 2594 οὔτε
2624 2540 2769 2595 κατά
2796 2540 2958 2609 φύσιν
3002 2542 3164 2595 αὐτὸν
3194 2544 3335 2595 κινεῖ
3356 2559 3370 2572 ο
3422 2541 3677 2613 περιττὸν

414 2648 592 2703 neque
632 2642 831 2703 praeter
881 2643 1134 2689 naturam
1162 2676 1177 2700 ,
1230 2638 1502 2706 posterior
1551 2642 1638 2692 est
1692 2637 1837 2691 enim
1890 2652 1983 2691 na-

2109 2631 2205 2703 γὰρ
2231 2632 2292 2685 τὸ
2323 2630 2464 2686 οὕτω
2493 2637 2661 2687 κινεῖν
2684 2650 2697 2664 ⁸
2731 2632 2854 2687 οὔτε
2885 2633 3037 2706 παρά
3067 2633 3227 2703 φύσιν
3249 2651 3263 2665 ·
3307 2633 3541 2703 δευτέρα
3570 2633 3678 2705 γάρ

415 2724 579 2780 turali
627 2726 871 2781 motione
915 2727 1085 2781 motio
1118 2734 1317 2796 prater
1364 2734 1661 2791 naturam;
1698 2742 1810 2781 non
1861 2744 1984 2799 ergo

2105 2724 2212 2777 ἑστι
2241 2724 2454 2795 κίνησις
2480 2728 2513 2796 ἡ
2545 2725 2698 2797 παρά
2727 2725 2886 2793 φύσιν
2914 2728 3011 2797 τῆς
3039 2727 3177 2780 κατὰ
3198 2726 3358 2795 φύσιν
3385 2728 3674 2798 κινήσεως·

412 2821 613 2874 malum
642 2828 842 2876 movet.
878 2819 934 2874 Si
968 2828 1150 2876 motus
1176 2821 1377 2885 omnis,
1402 2831 1463 2875 ut
1510 2835 1657 2875 nunc
1691 2819 1772 2883 ﬁt,
1817 2820 1893 2875 ita
1938 2828 1981 2876 et

2111 2816 2198 2869 ὡκ
2228 2816 2336 2887 ἄρα
2384 2820 2525 2870 κινεῖ
2570 2834 2623 2870 τι
2651 2819 2741 2872 τὸν
2767 2819 3017 2890 οὐρανόν.
3050 2819 3113 2872 Εἰ
3144 2820 3293 2872 πᾶσα
3332 2820 3574 2888 κίνησις,
3605 2820 3680 2883 ὡς

413 2917 567 2982 prius
598 2913 782 2977 ﬁebat,
817 2913 875 2966 tit
904 2920 1088 2967 autem
1120 2929 1267 2968 nunc
1294 2912 1595 2969 secundum
1633 2913 1982 2968 mutationem

2110 2908 2303 2975 γίνεται
2333 2908 2390 2961 δὲ
2417 2907 2535 2972 νῦν,
2558 2908 2731 2972 οὕτως
2760 2912 2854 2963 καὶ
2883 2910 2944 2963 τὸ
2985 2911 3247 2982 πρότερον
3294 2912 3511 2979 ἐγίνετο
3530 2930 3545 2943 ·
3594 2913 3679 2981 γί-

413 3006 605 3069 futuri,
639 3004 881 3059 futurum
918 3013 1094 3061 autem
1120 3013 1415 3075 antequam
1447 3005 1536 3059 ﬁat
1562 3020 1670 3059 non
1697 3014 1812 3073 est;
1844 3004 1982 3076 quod

2105 3016 2244 3053 νεται
2273 3000 2329 3053 δὲ
2357 3001 2452 3054 νῦν
2480 3004 2623 3055 κατά
2647 3003 2948 3075 μεταϐολὴν
2974 3004 3066 3058 τοῦ
3093 3003 3375 3074 μέλλοντος
3404 3004 3674 3073 γίνεσθαι·

412 3106 594 3154 autem
624 3097 777 3168 prius
806 3113 915 3153 non
941 3106 1027 3155 est
1055 3114 1119 3153 ac
1150 3106 1341 3170 postea
1375 3098 1454 3163 ﬁt,
1488 3098 1541 3153 id
1566 3114 1725 3154 omne
1746 3101 1981 3171 genitum

2110 3091 2156 3145 εδ
2182 3093 2237 3146 δὲ
2268 3094 2460 3163 μέλλον
2487 3094 2730 3163 γίνεσθαι
2757 3096 2863 3167 πρὸ
2890 3095 2984 3149 τοῦ
3014 3096 3265 3163 γενέσθαι
3296 3094 3448 3149 οὔπω
3476 3092 3548 3167 ἦν
3568 3114 3583 3127 ·
3616 3097 3679 3151 τὸ

410 3201 533 3259 est;
573 3190 720 3260 quod
767 3197 949 3246 autem
998 3191 1242 3261 genitum
1290 3197 1397 3256 est,
1450 3188 1570 3247 sine
1618 3191 1889 3261 principio
1934 3198 1979 3245 el

2111 3184 2150 3237 Ξὲ
2177 3185 2393 3256 πρῶτον
2429 3187 2527 3256 μὲν
2554 3187 2654 3239 οὐκ
2699 3186 2781 3251 ὃν,
2830 3186 3055 3258 ὕστερον
3104 3188 3182 3251 δὲ,
3233 3188 3461 3259 γενητὸν
3516 3188 3680 3244 τοῦτο

410 3290 677 3337 aeternum
702 3297 826 3338 esse
852 3297 963 3336 non
996 3289 1212 3352 potest;
1243 3297 1355 3338 non
1382 3296 1515 3353 ergo
1547 3288 1730 3337 motus
1750 3290 1979 3338 ωιεηιιιε

2108 3278 2204 3329 πᾶν
2227 3294 2241 3308 ο
2272 3277 2334 3330 τὸ
2361 3278 2419 3331 δὲ
2450 3278 2676 3350 γενητὸν
2704 3278 2937 3350 ἄναρχὸν
2970 3297 3030 3332 τε
3066 3280 3162 3334 καὶ
3214 3280 3384 3333 ἀΐδιον
3418 3280 3482 3333 οὐ
3517 3281 3677 3335 δυνα-

413 3378 499 3425 est
528 3377 582 3424 et
614 3370 733 3425 sine
763 3368 1063 3439 principio.

2104 3368 2183 3422 τὸν
2216 3364 2354 3425 εἶναι
2374 3388 2387 3400 ·
2423 3371 2524 3424 οὐκ
2553 3370 2662 3443 ἄρα
2688 3373 2722 3442 ἡ
2754 3372 2968 3443 κίνησις
2995 3373 3165 3436 ἀῖδιός
3194 3390 3252 3425 τε
3290 3373 3385 3431 καὶ
3411 3374 3673 3445 ἄναρχος.

552 3459 641 3514 44.
683 3459 767 3512 Ex
798 3458 979 3513 eodem
1014 3457 1169 3513 libro.
1201 3458 1302 3530 ib.,
1331 3473 1382 3515 ο.
1421 3458 1478 3525 ’1,
1511 3476 1568 3532 p.
1597 3457 1703 3514 260
1734 3469 1851 3525 seq.

1734 3469 1851 3525 seq.
2472 3462 2559 3515 44.
2612 3463 2705 3517 Ἐκ
2738 3464 2846 3518 τοῦ
2872 3465 3061 3520 αὑτοῦ
3081 3467 3290 3534 λόγου.

490 3564 510 3597 ‹
547 3544 743 3615 Liquet
773 3548 1010 3617 primum
1040 3562 1165 3603 esse
1193 3556 1400 3601 motum
1448 3547 1701 3601 localem.
1744 3546 1991 3601 Primum

2166 3570 2187 3603 ι
2221 3548 2477 3625 Φανερδν,
2510 3555 2593 3609 ὅτι
2622 3557 2655 3626 ἡ
2689 3556 2832 3628 φορά
2863 3557 2973 3628 (ἳΟ)
3005 3556 3197 3630 πρώτη
3218 3574 3231 3588 ·
3279 3557 3342 3611 τδ
3382 3556 3495 3633 γάρ
3525 3560 3679 3631 «pro.

408 3635 583 3700 enim,
614 3644 674 3689 ut
695 3635 763 3690 de
786 3636 908 3691 aliis
938 3636 1127 3702 rebus,
1164 3636 1239 3691 ita
1266 3644 1319 3691 et
1351 3637 1419 3692 de
1458 3637 1701 3692 motione
1744 3636 1977 3692 multifa-

2110 3660 2181 3696 :ov
2211 3642 2399 3716 ὥσπερ
2420 3646 2504 3714 ἐφ’
2534 3647 2757 3719 ἑτέρων,
2781 3648 2925 3703 οὕτω
2952 3650 3047 3703 καὶ
3075 3649 3168 3704 επ)⁵
3199 3651 3466 3721 κινήσεως
3496 3650 3566 3704 ἄν
3591 3650 3679 3704 λέ-

414 3727 554 3779 riam
589 3725 809 3781 dicitur.
841 3725 1057 3781 Dicitur
1099 3727 1245 3782 enim
1280 3729 1434 3798 prius
1467 3727 1523 3783 id
1576 3743 1686 3798 quo
1734 3745 1846 3783 non
1893 3746 1983 3784 ex-

2109 3750 2238 3801 (orro
2264 3735 2598 3808 πλεοναχῶς.
2631 3740 2864 3807 Λέγεται
2892 3740 2949 3794 δὲ
2978 3740 3266 3813 πρότερον,
3297 3733 3361 3793 οῦ
3388 3758 3453 3809 γε
3491 3742 3568 3812 μὴ
3588 3742 3678 3794 ὃν·

415 3824 598 3874 stante
618 3826 809 3873 cetera
837 3834 948 3873 non
976 3825 1159 3885 erunt,
1190 3818 1369 3889 ipsum
1399 3834 1531 3876 vero
1553 3819 1675 3875 sine
1697 3820 1820 3875 aliis
1847 3822 1984 3887 erit;

2102 3842 2201 3890 τος,
2227 3828 2331 3881 οὐκ
2362 3828 2512 3884 ἔσται
2539 3831 2609 3885 τὰ
2639 3830 2798 3894 ἄλλα,
2828 3833 3005 3887 έκεῖνο
3042 3834 3097 3888 δὲ
3127 3834 3254 3889 ἄνευ
3304 3832 3416 3886 τῶν
3454 3834 3635 3888 ἄλλων
3657 3850 3671 3862 ·

411 3915 530 3963 tum
562 3911 723 3964 etiam
750 3910 803 3965 id
832 3910 977 3981 quod
1003 3910 1268 3981 tempore,
1308 3920 1363 3967 et
1398 3912 1452 3967 id
1489 3912 1637 3983 quod
1685 3914 1980 3970 secundum

2103 3919 2185 3971 mal
2216 3918 2278 3973 τὸ
2300 3920 2499 3993 χρόνῳ,
2530 3923 2626 3977 καὶ
2654 3922 2717 3978 τὸ
2746 3926 2866 3978 κατ’
2894 3926 3099 3980 οὐσίαν.
3137 3928 3261 3979 Ὅτι
3307 3924 3528 3996 ἀνάγκη
3570 3926 3672 3997 τὴν

410 4002 966 4072 substantiam'prius
995 4011 1098 4058 est.
1148 4003 1395 4059 Primum
1447 4020 1674 4062 necesse
1718 4013 1804 4062 est
1862 4023 1979 4063 esse

2102 4010 2262 4082 ροράν
2292 4010 2430 4068 εἶναι
2455 4014 2698 4087 πρώτην.
2732 4017 2891 4071 οὑδὲ¹
2921 4018 3031 4089 γὰρ
3091 4019 3188 4089 μία
3244 4018 3489 4089 ἀνάγκη,
3545 4017 3671 4072 οὒτε

409 4091 640 4149 localem
670 4104 896 4150 motum.
932 4094 1092 4149 Nulla
1118 4095 1263 4151 enim
1298 4099 1599 4153 necessitas
1630 4105 1689 4151 ut
1718 4106 1978 4169 augeatur

2103 4104 2368 4172 ιῦξεσθαι,
2411 4107 2535 4161 οὔτε
2577 4108 2919 4165 ἀλλοιοῦσθαι
2962 4110 3024 4164 τὸ
3073 4113 3394 4183 φερόμενον,
3440 4112 3565 4167 οὐδὲ
3605 4112 3672 4186 δὴ

408 4196 505 4243 nut
538 4186 851 4241 immutetur
873 4186 927 4241 id
951 4187 1095 4257 quod
1120 4188 1243 4241 loco
1276 4197 1546 4256 movetur,
1578 4189 1665 4245 vel
1691 4190 1859 4245 etiam
1904 4191 1977 4261 gi-

2103 4197 2352 4264 τίνεσθαι,
2382 4198 2415 4270 ἢ
2452 4200 2787 4273 φθείρεσθαι.
2819 4204 3037 4257 Τούτων
3082 4204 3141 4258 δὲ
3166 4205 3425 4276 οὐδεμίαν
3454 4205 3672 4275 ἐνδέχε-

408 4284 609 4348 gnatur
636 4285 730 4331 aut
753 4287 1159 4348 corrumpatur.
1202 4277 1405 4333 Harum
1453 4287 1635 4336 autem
1680 4282 1977 4336 motionum

2098 4290 2212 4344 σθαι
2239 4290 2349 4361 (21)
2375 4292 2474 4363 τῆς
2504 4293 2758 4364 συνεχοῦς
2790 4293 2863 4366 μὴ
2891 4294 3079 4367 οῦσης,
3127 4296 3195 4367 ἣν
3224 4300 3361 4350 κινεῖ
3400 4298 3462 4350 τὸ
3514 4297 3667 4369 πρῶ-

406 4368 561 4424 nulla
587 4384 710 4424 esse
737 4376 918 4440 potest
963 4370 1086 4426 sine
1138 4371 1402 4427 continuo
1444 4372 1538 4427 illo
1586 4380 1762 4437 motu,
1821 4389 1975 4444 quem

2102 4397 2176 4433 εον
2202 4382 2404 4440 κινοῦν.
2443 4385 2562 4438 Ἔτι
2585 4385 2761 4455 χρόνῳ
2793 4384 2983 4456 πρώτη
3008 4403 3021 4415 ·
3051 4388 3163 4457 τοζς
3192 4385 3303 4457 γὰρ
3343 4388 3538 4451 ἀϊδίοις

408 4460 647 4530 primum
678 4475 906 4517 movens
935 4460 1119 4519 efﬁcit.
1151 4462 1249 4520 Est
1278 4463 1443 4519 etiam
1489 4464 1701 4537 primus
1735 4472 1977 4537 tempore

2213 4474 2475 4545 ἐνδέχεται
2513 4476 2779 4530 κινεῖσθαι
2823 4480 3046 4547 ταύτην,
3093 4477 3207 4531 ἀλλ’
3268 4479 3355 4547 ἐφ’
3401 4479 3525 4543 ἑνὸς
3564 4467 3670 4551 μὲν
3768 4496 3782 4505 ‘

407 4554 602 4609 locatis
625 4561 847 4623 motus;
883 4555 969 4611 his
996 4560 1139 4612 enim
1196 4557 1348 4621 solis,
1400 4573 1523 4628 quae
1567 4569 1770 4614 aeterna
1831 4569 1976 4625 sunt,

2100 4565 2308 4619 Βτουοῦν
2335 4566 2446 4638 (22)
2486 4568 2595 4622 τῶν
2626 4569 2858 4639 ἐχόντων
2913 4569 3011 4640 τὴν
3065 4568 3279 4637 γένεσιν
3333 4570 3431 4641 τὴν
3492 4574 3669 4643 φορὰν

406 4646 591 4703 inesse
620 4653 821 4717 potest.
855 4647 925 4700 At
953 4647 1009 4702 in
1037 4664 1365 4719 unoquoque
1392 4664 1603 4714 eorum,
1636 4665 1759 4720 quae
1783 4650 1975 4704 habent

2103 4658 2322 4730 ὶστάτην
2351 4660 2645 4728 ἀναγκαῖον
2675 4657 2813 4715 εἶναι
2841 4661 2948 4714 τῶν
2977 4663 3263 4732 κινήσεων.
3293 4663 3451 4716 Μετά
3479 4664 3591 4735 γάρ
3607 4663 3672 4717 τὸ

403 4740 833 4813 generationem,
869 4746 1079 4793 motum
1102 4740 1330 4795 localem
1361 4755 1589 4796 necesse
1622 4748 1707 4796 est
1733 4742 1972 4795 ultimam

2100 4749 2336 4816 γενέσθαι
2365 4752 2581 4823 πρῶτον
2611 4752 2840 4825 αὔξησις
2858 4755 2951 4808 καὶ
2969 4754 3251 4817 ἀλλοίωσις
3268 4771 3282 4783 ·
3308 4754 3453 4826 φορά
3479 4755 3537 4808 δὲ
3564 4757 3669 4826 ἤδη

402 4845 528 4887 esse
555 4832 880 4886 motionum.
908 4830 1045 4885 Nam
1084 4841 1213 4902 post
1267 4833 1674 4903 generationem
1739 4835 1971 4904 primum

2093 4841 2469 4917 τελειουμένων
2501 4846 2714 4917 κίνησίς
2753 4848 2918 4899 ἐστιν.
2989 4845 3146 4899 Ἀλλά
3199 4846 3389 4917 ἕτερον
3445 4847 3662 4918 ἀνάγκη

401 4925 648 4979 occurrit
670 4925 1069 4979 incrementum
1100 4933 1153 4981 et
1182 4926 1529 4993 immutatio;
1570 4926 1765 4982 localis
1797 4934 1970 4982 autem

2095 4934 2399 5006 κινούμενον
2427 4932 2566 4989 εἶναι
2622 4936 2765 4991 κατά
2797 4935 2972 5007 φορὰν
3030 4936 3314 5007 πρότερον,
3341 4936 3370 4988 ὃ
3415 4937 3511 4989 καὶ
3565 4937 3664 5006 τῆς

403 5023 588 5071 motus
616 5030 809 5070 eorum
842 5015 1000 5087 571
1034 5024 1116 5071 est
1144 5032 1266 5086 quae
1287 5016 1400 5086 jam
1426 5017 1669 5088 perfecta
1700 5027 1847 5074 sunt.
1873 5016 1972 5074 Sed

2096 5026 2344 5095 γενέσεως
2370 5027 2543 5080 αἴτιον
2570 5026 2721 5081 ἔσται
2763 5030 2879 5091 τοῖς
2915 5025 3253 5096 γιγνομένοις
3298 5025 3357 5078 οὒ
3406 5026 3665 5096 γιγνόμε-

401 5107 553 5163 aliud
584 5122 813 5165 necesse
837 5116 923 5164 est
953 5108 1107 5180 prius
1166 5110 1370 5166 moveri
1426 5110 1588 5166 locali
1622 5121 1797 5177 motu,
1831 5113 1970 5182 quod

2094 5135 2193 5183 NV,
2223 5113 2335 5174 οἷον
2364 5119 2426 5172 τὸ
2453 5119 2721 5189 γεννῆσαν
2749 5116 2844 5171 τοῦ
2884 5117 3236 5187 γεννηθέντος
3254 5134 3267 5148 ο
3303 5119 3429 5172 ἐπεὶ
3459 5117 3663 5184 δόξειεν

478 5286 526 5368 (l
625 5287 737 5342 Kal
770 5284 1027 5368 oua-exii:
1056 5285 1515 5368 Cani-unctionem
1546 5305 1610 5344 ex
1658 5296 1817 5368 textu
1856 5289 1983 5368 Arij

2153 5292 2266 5368 (20)
2327 5295 2391 5349 Ἠ
2428 5294 2584 5368 gopd
2614 5365 2623 5368 Α
2650 5293 2772 5365 Ipse
2822 5292 3166 5368 Aristoteles
3204 5290 3451 5346 declarat
3505 5290 3660 5368 initio

403 5358 877 5437 stotelissumpsit
909 5358 1235 5437 Sylburgius
1260 5366 1315 5412 et
1340 5359 1550 5437 [ηοξ-δν
1583 5369 1699 5437 Ρίέἓί
1734 5358 1817 5412 ἀεί
1846 5368 1899 5412 (η
1926 5360 1979 5437 ἐί
2081 5358 2257 5433 hujus
2276 5379 2395 5437 cap.
2417 5358 2459 5437 7
2488 5358 2724 5437 ᾠοράνἰι
2749 5382 2808 5421 se
2841 5362 3069 5433 intelligi
3112 5362 3266 5415 illum
3298 5370 3533 5422 motum.
3565 5360 3659 5430 qui

404 5434 531 5503 ante
565 5426 721 5503 ἄλλος
741 5435 794 5481 et
828 5427 921 5503 ᾷλη
954 5426 1085 5503 ante
1122 5426 1365 5503 κίνησις.
1410 5426 1599 5503 Miror'
1631 5430 1782 5503 illum
1810 5430 1973 5503 _omi-

982 5436 1085 5503 nte
1122 5426 1365 5503 κίνησις.
1410 5426 1599 5503 Miror'
1631 5430 1782 5503 illum
1810 5430 1979 5503 _omi-
2079 5426 2171 5491 θεῖ
2196 5426 2551 5489 mra-roma.

402 5498 1014 5575 sisse__conjuncti_onem
1040 5499 1109 5564 εἰ,
1140 5514 1261 5569 quae
1308 5498 1750 5569 perincommode
1793 5500 1971 5553 deerat

2150 5505 2265 5575 (ει)
2330 5504 2725 5574 Ἑνδέχεσθαι.
2778 5504 3124 5568 Aristoteles,
3178 5503 3474 5575 ἐνδέχεται.
3547 5499 3658 5557 Sed

405 5568 658 5645 in‘edi‘tis
682 5567 911 5645 nostris.
965 5637 990 5645 _
1132 5567 1172 5645 _'
1241 5638 1278 5645 _
1309 5567 1325 5569 _
1412 5640 1443 5645 _
1497 5638 1637 5645 ____
1702 5638 1715 5645 _
1921 5638 1931 5645 _
2078 5567 2266 5630 nosmet
2304 5576 2390 5628 hic
2422 5567 2660 5645 scriptor
2694 5575 3249 5645 Aristotelistextum
3293 5567 3527 5626 liberius
3571 5588 3657 5623 re-

450 5636 591 5717 _.(l8)
615 5637 882 5693 Φυσικὸν
908 5637 1099 5710 σῶμα.
1132 5635 1211 5693 Ita
1240 5638 1376 5711 Reg.
1412 5640 1463 5695 7.
1497 5638 1641 5693 Editi
1670 5638 1729 5691 τὸ
1749 5638 1977 5706 φυσικὸν

2081 5646 2361 5717 fcrthum
2396 5635 2722 5717 smpe'alias,
2750 5653 2865 5697 tum
2892 5644 3129 5717 maxjme
3158 5646 3214 5697 in
3236 5645 3339 5717 _hoc
3366 5654 3650 5710 excerpto.

403 5714 585 5786 “SHE:
907 5777 918 5786 .
1105 5777 1127 5786 -
1800 5778 1813 5786 .
1946 5776 1972 5786 _

2094 5784 2100 5786 Α
2150 5715 2263 5782 (εε)
2306 5716 2601 5771 ’οτουοῦν.
2643 5715 2955 5784 Desumpsit
2999 5714 3320 5786 Sylburgius
3372 5728 3442 5767 ex
3500 5718 3657 5766 textu

407 5775 593 5916 ⁸1ἐρυθ)
648 5778 758 5834 Τοῦ
802 5777 1057 5848 πρώτου.
1104 5777 1414 5851 Legendum
1464 5780 1679 5836 videtur
1722 5778 1827 5833 ὑπὸ
1880 5776 1973 5832 τοῦ

487 5863 643 5903 mou.

838 5777 1057 5848 mditov.
1104 5777 1414 5851 Legendum
1464 5780 1679 5836 videtur
1722 5778 1827 5833 ὑπὸ
1880 5776 1973 5832 τοῦ
2076 5775 2407 5841 Aristotelis.

564 5864 643 5903 Ου.
