3974 6256
298 374 434 429 1537

966 367 1407 427 CONFUTATIO
1438 361 1882 437 QUORUMDAM
1913 358 2373 419 ARISTOTELIS
2402 356 2825 416 DOGMATUM.

3410 348 3548 412 1558

294 491 361 545 ἂν
390 494 425 562 ἡ
455 492 669 559 γένεσις
696 484 834 544 εἶναι
860 487 1050 561 πρώτη
1078 489 1188 543 τῶν
1234 490 1523 561 κινήσεων,
1561 484 1648 539 διά
1689 482 1866 547 τοῦτο,

1976 481 2192 553 quidem
2224 494 2393 534 causa
2436 478 2509 534 sit
2546 475 2921 547 generationis
2952 473 3036 530 his
3064 488 3189 544 qui?
3226 472 3547 544 gignuntur,

292 580 375 636 ὃτι
407 580 660 650 γενέσθαι
688 581 768 634 δεῖ
795 582 854 633 τὸ
884 581 1117 652 πρᾶγμα
1146 581 1377 650 πρῶτον.
1411 579 1484 631 Τὸ
1518 578 1574 630 δὲ
1623 579 1707 647 ἐφ’
1752 575 1872 638 ἐνὸς

295 674 396 745 μὲν
426 672 646 727 ὁτουοῦν
675 672 783 725 τῶν
811 672 1149 744 γιγνομένων
1176 672 1349 734 οὕτως
1377 672 1510 742 ἔχει,
1540 669 1653 723 ἀλλ’
1683 670 1870 740 ἓτερον

291 767 588 835 ἀναγκαῖον
613 765 873 837 πρότερόν
900 781 952 816 τι
982 764 1244 817 κινεῖσθαι
1270 763 1378 816 τῶν
1419 762 1775 832 γιγνομένων,
1808 760 1868 812 ὃν

291 857 421 910 αὐτὸ
447 856 561 929 (25)
593 858 687 910 καὶ
718 857 793 928 μὴ
827 856 1166 928 γιγνόμενον,
1193 858 1286 910 καὶ
1313 856 1505 910 τούτου
1544 856 1726 926 ἕτερον
1756 850 1869 921 (24)

294 950 582 1021 πρότερον.
614 968 633 1001 ι

362 1221 425 1273 Εἰ
453 1216 515 1273 τὸ
542 1215 906 1288 αὐξανόμενον
938 1214 1094 1270 τοῦτό
1123 1218 1239 1270 ἐστι
1265 1214 1492 1286 γενητδν
1511 1254 1526 1280 ,
1563 1212 1782 1280 αὐξάνει
1812 1214 1870 1269 δὲ

289 1314 324 1383 ἡ
359 1311 501 1381 φορά
532 1309 611 1380 τῷ
650 1308 801 1380 ποσῷ
833 1309 932 1379 τῆς
973 1309 1262 1378 κινήσεως,
1305 1308 1405 1360 οὐκ
1442 1307 1611 1370 ἀΐδιος
1639 1308 1671 1377 ἡ
1705 1306 1865 1376 φορά.

289 1402 365 1455 Τὸ
401 1403 508 1475 γὰρ
539 1401 836 1472 φερόμενον
871 1400 1035 1470 σῶμα
1068 1400 1181 1470 ἔχει
1234 1399 1432 1462 τόπους
1471 1398 1778 1469 διαφόρους,
1811 1400 1869 1450 ὲν

287 1487 371 1556 οἷς
398 1494 714 1545 κατατεῖνον
749 1490 847 1562 τὴν
882 1491 1211 1562 μετάστασιν
1237 1488 1345 1542 τῶν
1374 1489 1537 1543 αὑτοῦ
1570 1490 1784 1562 μέτρων
1804 1489 1867 1555 ’⁸,

289 1583 588 1653 φερόμενον
626 1585 769 1635 ποιεῖ
805 1582 947 1636 κατά
990 1580 1160 1652 φοράν
1206 1584 1472 1653 κινήσεως
1494 1582 1593 1653 τὴν
1620 1580 1863 1653 αὔξησιν.

287 1675 352 1726 Et
394 1677 455 1727 ὲν
493 1675 630 1746 αὐτῇ
678 1675 788 1745 ἔχει
820 1678 857 1746 ὴ
893 1674 1034 1745 φορά
1062 1674 1139 1745 τῷ
1165 1674 1315 1747 ποσῷ
1353 1674 1451 1745 τῆς
1476 1675 1740 1747 κινήσεως
1771 1674 1868 1745 τὴν

287 1763 552 1834 αὔξησιν,
590 1765 708 1829 πῶς
759 1765 975 1834 λέγεται
1007 1766 1042 1836 ἡ
1075 1765 1215 1837 φορὰ
1235 1766 1334 1836 τῆς
1357 1766 1501 1819 κατά
1527 1765 1753 1838 αὔξησιν
1785 1782 1868 1818 κι-

286 1856 497 1924 νήσεως
523 1850 661 1909 εἶναι
697 1855 923 1927 πρώτη;
950 1858 1015 1909 El.
1046 1856 1301 1911 ἀδύνατόν
1330 1860 1446 1910 ἐστι
1468 1858 1529 1911 τὸ
1559 1859 1634 1930 μὴ
1654 1858 1866 1931 ἠργμέ-

286 1964 377 1999 νον
420 1948 515 2000 καὶ
557 1950 971 2020 πεπερασμένον
1012 1948 1267 2014 δέξασθαι
1320 1952 1386 2021 τῇ
1432 1951 1716 2023 προσθήκῃ
1769 1951 1867 2023 τὴν

285 2038 536 2109 αὔξησιν,
571 2040 673 2093 οὑκ
707 2042 816 2112 ἄρα
847 2041 1082 2113 ἄναρχος
1116 2044 1151 2112 ἡ
1183 2042 1343 2112 φορὰ,
1368 2041 1444 2112 τῷ
1481 2042 1633 2113 ποσῷ
1655 2044 1753 2114 τῆς
1785 2061 1869 2096 κι-

285 2133 494 2202 νήσεως
528 2132 614 2186 ἀεὶ
649 2134 848 2205 μείζων
874 2131 965 2188 οὖν
994 2131 1061 2207 ἦν
1090 2136 1427 2206 γινομένηίτ.
1467 2137 1529 2188 Et
1570 2139 1604 2207 ἡ
1638 2137 1779 2208 φορά
1811 2139 1868 2189 ὲν

284 2223 365 2293 τῷ
397 2223 642 2292 γίνεσθαι
674 2226 768 2278 καὶ
802 2225 1157 2295 ἀπογίνεσθαι
1190 2226 1251 2278 τὸ
1284 2223 1423 2280 εἶναι
1457 2226 1589 2297 ἔχει,
1619 2228 1719 2280 οὐκ
1759 2227 1869 2299 ἄρα

284 2314 456 2377 ἀΐδιος
485 2316 517 2385 ἡ
552 2314 712 2384 φορά,
746 2312 815 2387 ἦς
841 2315 927 2367 ἀε)⁸
956 2318 1276 2386 προηγεῖται
1312 2317 1405 2369 τοῦ
1440 2312 1578 2369 εἶναι
1601 2316 1663 2369 τὸ
1692 2318 1765 2389 μὴ
1791 2314 1868 2370 εἷ-

284 2423 394 2460 ναι.
433 2408 591 2460 Πᾶσα
631 2407 741 2478 γάρ
786 2407 998 2477 κίνησις
1036 2407 1178 2461 κατά
1215 2406 1515 2479 μεταϐολὴν
1536 2409 1740 2477 γίνεται
1773 2408 1866 2461 τοῦ

291 2501 459 2571 μήπω
483 2500 653 2564 ὄντος,
690 2500 824 2555 ἀλλά
857 2501 1161 2572 μέλλοντος.
1187 2501 1249 2553 Εἰ
1280 2503 1426 2554 πᾶσα
1453 2502 1592 2570 φορά
1618 2501 1694 2571 τῷ
1723 2518 1859 2571 παρ-

284 2591 492 2645 ελθόντι
550 2593 966 2664 πεπερασμένον
1023 2593 1173 2658 ἐστὶ,
1219 2592 1280 2645 τὸ
1339 2593 1397 2646 δὲ
1451 2595 1868 2666 πεπερασμένον

285 2685 396 2736 πᾶν
439 2682 500 2750 ἐξ
530 2682 777 2756 ἀνάγκης
818 2686 914 2739 καὶ
947 2685 1240 2757 ¹ἠργμένον,
1281 2686 1341 2739 τὸ
1368 2686 1425 2739 δὲ
1457 2686 1725 2759 ἠργμένον
1760 2689 1868 2741 πᾶν

283 2774 530 2845 γενητόν·
562 2774 764 2845 γενητὴ
797 2774 908 2848 ἄρα
938 2776 971 2846 ἡ
1007 2775 1169 2845 φορά.
1197 2775 1307 2827 Καὶ
1338 2776 1385 2828 εἰ
1417 2777 1450 2845 ὴ
1484 2775 1626 2845 φορά
1652 2775 1747 2828 τοῦ
1773 2794 1868 2845 φε-

288 2865 517 2936 ρομένου
574 2865 822 2937 σώματος
870 2867 973 2919 οὐκ
1012 2865 1126 2918 ἐστι
1173 2865 1415 2937 προτέρα
1470 2864 1605 2935 (25),
1645 2866 1867 2936 γενητὸν

283 2957 397 3028 ἄρα
428 2958 523 3010 καὶ
547 2957 607 3009 τὸ
648 2958 970 3028 φερόμενον.
1006 2957 1070 3009 Εἰ
1098 2957 1156 3009 ὲν
1188 2957 1301 3019 τοῖς
1331 2954 1522 3019 ἀϊδίοις
1552 2956 1613 3008 τὸ
1648 2955 1745 3027 μὲν
1773 2956 1871 3026 μό-

1968 585 2027 629 ut
2057 575 2272 645 genitor
2317 572 2523 644 genito.
2553 569 2779 624 Videtur
2807 568 3007 638 quippe
3062 567 3341 638 generatio
3371 566 3549 637 prima

1968 684 2092 724 esse
2115 667 2439 729 motionum,
2472 671 2761 736 propterea
2790 660 2936 732 quod
2967 668 3181 730 oportet
3214 670 3273 713 ut
3313 675 3402 714 res
3434 659 3549 730 pri-

1968 774 2117 815 mum
2143 765 2455 831 generetur.
2481 758 2658 825 Atque
2684 754 2737 809 id
2770 754 2823 807 in
2857 768 3188 823 unoquoque
3205 768 3393 806 eorum
3426 767 3548 822 qua:

1967 858 2300 922 generantur
2332 851 2407 904 ita
2436 864 2495 907 se
2518 849 2716 914 habet;
2746 846 2843 901 sed
2866 860 3094 900 necesse
3116 853 3201 900 est
3220 844 3364 897 aliud
3393 843 3551 913 quid-

1968 942 2092 996 dam
2125 949 2251 995 ante
2274 956 2341 995 ea
2362 955 2483 1011 quae
2512 946 2863 1010 generantur,
2892 938 3119 1001 moveri,
3156 938 3300 1008 quod
3325 938 3545 1007 quidem

1971 1034 2150 1105 ipsum
2203 1035 2277 1088 sit
2298 1048 2400 1089 nec
2445 1042 2625 1086 tamen
2677 1041 3007 1102 generetur,
3047 1038 3211 1101 atque
3256 1031 3362 1086 isto
3398 1030 3546 1084 aliud

1968 1128 2145 1199 prius.
2187 1146 2207 1180 ι

2042 1216 2100 1273 Si
2126 1218 2179 1273 id
2207 1217 2351 1287 quod
2382 1215 2581 1270 crescit
2610 1215 2851 1286 genitum
2880 1221 2986 1276 est,
3020 1211 3222 1267 crescit
3264 1220 3440 1266 autem
3472 1211 3550 1265 lo-

1969 1310 2106 1365 calis
2139 1317 2322 1363 motus
2361 1308 2697 1378 quantitate,
2721 1320 2832 1360 non
2866 1314 2950 1360 est
2979 1313 3179 1358 aeterna
3212 1304 3325 1358 haec
3355 1303 3543 1358 motio.

1969 1401 2146 1456 Habet
2176 1402 2321 1454 enim
2378 1414 2600 1469 corpus,
2654 1398 2800 1468 quod
2851 1396 3045 1461 fertur,
3096 1398 3247 1451 varia
3304 1393 3442 1461 loca,
3490 1397 3547 1450 in

1967 1492 2171 1563 quibus
2202 1489 2497 1544 intendens
2548 1488 2963 1544 translationem
3011 1489 3250 1558 partium
3296 1502 3543 1551 suarum,

1967 1582 2149 1645 efiicit,
2183 1581 2311 1635 dum
2350 1579 2544 1643 fertur,
2577 1589 2759 1636 motus
2784 1580 2980 1635 localis
3011 1580 3432 1635 incrementum.
3486 1577 3545 1633 Si

1968 1675 2135 1746 igitur
2165 1674 2327 1728 habet
2357 1673 2413 1727 in
2464 1672 2646 1743 seipso
2684 1682 2865 1729 motus
2915 1672 3104 1727 localis
3146 1673 3543 1725 incrementum

1967 1768 2277 1839 quantitate
2298 1766 2596 1821 motionis:
2626 1766 2901 1836 quomodo
2924 1765 3074 1836 prior
3101 1780 3223 1819 esse
3248 1764 3449 1817 dicitur
3481 1778 3545 1817 ea

1969 1861 2233 1924 motione,
2263 1875 2385 1930 quae
2419 1861 2722 1914 secundum
2770 1859 3169 1913 incrementum
3201 1856 3294 1911 iit?
3328 1856 3387 1910 Si
3432 1872 3544 1910 non

1967 1962 2168 2025 potest,
2196 1952 2343 2023 quod
2381 1952 2697 2006 inchoatum
2742 1958 2797 2007 et
2844 1950 3057 2004 finitum
3098 1966 3208 2004 non
3258 1958 3363 2014 est,
3397 1948 3546 2002 acci-

1965 2063 2095 2118 pere
2127 2048 2445 2103 accessione
2478 2046 2875 2101 incrementum
2896 2087 2911 2112 ,
2946 2058 3055 2098 non
3083 2058 3213 2114 ergo
3243 2043 3362 2097 sine
3394 2042 3545 2113 priu—

1966 2139 2110 2208 cipio
2132 2147 2314 2193 motus
2340 2140 2549 2202 localis,
2574 2137 2667 2208 qui
2690 2152 2906 2207 semper
2926 2137 3231 2207 quantitate
3255 2135 3430 2205 major
3450 2135 3541 2190 sit.

1968 2230 2026 2285 Si
2056 2239 2238 2287 motus
2262 2232 2453 2285 localis
2500 2231 2555 2285 in
2584 2238 2707 2284 ortu
2740 2237 2795 2284 et
2828 2229 3051 2283 interitu
3105 2228 3381 2292 consistit,
3435 2244 3545 2284 non

1965 2336 2096 2393 ergo
2118 2330 2356 2376 aeternus
2388 2328 2473 2375 est
2497 2320 2659 2389 cujus
2686 2318 3066 2374 cxsistentiam
3093 2332 3311 2388 semper
3342 2333 3547 2387 praece-

1967 2413 2051 2467 dit
2077 2428 2186 2467 non
2212 2412 2556 2468 exsistentia.
2590 2409 2783 2465 Omnis
2810 2410 2955 2464 enim
2983 2410 3151 2464 motio
3175 2425 3271 2479 per
3294 2411 3547 2463 mutatio-

1967 2520 2092 2560 nem
2120 2504 2180 2559 ilt
2213 2505 2360 2558 illius
2395 2503 2543 2574 quod
2576 2503 2821 2557 nondum
2852 2509 2957 2565 est,
3008 2501 3103 2556 sed
3148 2500 3393 2555 futurum
3440 2510 3543 2556 est.

1968 2595 2026 2651 Si
2055 2597 2287 2668 quilibet
2318 2605 2502 2650 motus
2535 2595 2728 2649 localis
2757 2593 3035 2665 pmterito
3057 2593 3243 2648 finitus
3265 2601 3372 2657 est,
3400 2593 3550 2663 quid-

1967 2688 2099 2760 quid
2124 2699 2303 2743 autem
2330 2688 2542 2744 finitum
2574 2688 2889 2743 necessario
2923 2693 2978 2741 et
3008 2686 3323 2739 inchoatum
3351 2692 3460 2749 est,
3493 2692 3549 2739 et

1968 2782 2213 2853 genitum
2243 2780 2509 2852 quidquid
2534 2780 2885 2845 inchoatum;
2922 2778 3141 2849 genitus
3178 2792 3311 2848 ergo
3362 2784 3548 2831 motus

1974 2874 2185 2928 localis.
2216 2874 2282 2927 Et
2307 2874 2353 2928 si
2378 2873 2570 2927 localis
2618 2881 2801 2927 motus
2842 2886 2951 2924 non
2994 2877 3081 2925 est
3126 2870 3277 2940 prior
3317 2883 3550 2939 corpore

1969 2966 2114 3037 quod
2134 2965 2486 3030 transfertur,
2505 2980 2609 3018 nec
2632 2980 2853 3035 corpus,
2872 2963 3015 3034 quod
3041 2962 3374 3017 transfertur
3398 2969 3550 3017 motu

284 3066 375 3101 νον
415 3050 587 3113 κινεῖ,
619 3048 682 3101 τὸ
713 3048 769 3102 δὲ
801 3049 960 3119 μόνον
995 3050 1223 3101 κινεῖται
1265 3049 1448 3111 ἀϊδίως
1482 3048 1580 3119 τὴν
1603 3048 1745 3100 κατὰ
1776 3064 1869 3115 φο-

1976 3060 2129 3114 locali
2156 3060 2308 3128 prius
2335 3065 2446 3121 est;
2470 3058 2710 3127 genitum
2739 3071 2866 3126 ergo
2890 3064 2945 3111 et
2968 3070 3171 3125 corpus
3194 3055 3337 3124 quod
3368 3062 3551 3110 trans-

287 3138 389 3210 ράν
439 3139 675 3212 κίνησιν
718 3139 836 3202 πῶς
882 3139 983 3192 οὐκ
1024 3137 1142 3191 ἔστι
1183 3136 1292 3190 τῶν
1347 3136 1621 3190 ἀδυνάτων
1670 3136 1732 3188 τὸ
1779 3135 1869 3189 τὸν

1976 3152 2164 3206 fertur.
2196 3150 2252 3204 Si
2292 3152 2346 3204 in
2376 3150 2467 3212 iis,
2512 3164 2632 3219 quae
2688 3156 2893 3202 aeterna
2944 3157 3093 3210 sunt,
3148 3147 3295 3201 aliud
3328 3149 3548 3218 quidem

282 3232 523 3303 ἄναρχον
564 3232 849 3305 ὴργμένην
894 3233 1005 3305 (26)
1038 3233 1302 3287 κινεῖσθαι
1344 3233 1591 3304 κίνησιν;
1625 3232 1689 3284 Εἰ
1720 3232 1779 3283 τὸ
1806 3225 1868 3284 οὗ

1976 3250 2153 3298 movet
2175 3241 2575 3306 tantummodo,
2606 3241 2753 3294 aliud
2785 3249 2962 3293 autem
3007 3240 3388 3294 tantummodo
3432 3255 3544 3294 mo-

280 3326 415 3377 ἄνευ
442 3323 553 3377 τῶν
585 3324 762 3377 ἄλλων
796 3326 948 3379 οὐδέν
974 3328 1110 3391 ὲστι,
1142 3325 1300 3378 τοῦτο
1330 3324 1489 3395 οὐσίᾳ
1523 3340 1582 3377 τε
1608 3323 1703 3378 καὶ
1738 3323 1864 3393 χρό-

281 3434 363 3487 νῳ
387 3416 494 3470 τῶν
527 3417 702 3471 ἄλλων
738 3418 953 3490 πρῶτόν
982 3421 1116 3471 ἐστι·
1148 3418 1266 3482 πῶς
1304 3418 1405 3471 οὐκ
1426 3417 1572 3470 ἐστιν
1599 3415 1709 3487 (27)
1735 3416 1864 3484 ἀγέ-

283 3526 478 3580 νητον;
513 3508 705 3580 Ἐτέθη
757 3510 867 3582 γὰρ
908 3512 970 3565 τὸ
1002 3510 1215 3584 πρῶτον
1247 3510 1432 3565 κινοῦν
1463 3511 1679 3564 πάντων
1718 3510 1867 3582 πρῶ-

283 3619 378 3655 τον
420 3599 560 3657 εἶναι
600 3604 695 3658 καὶ
741 3605 1023 3677 ἀγένητον·
1056 3605 1136 3658 ἔτι
1169 3605 1229 3658 δὲ
1257 3607 1286 3657 ὁ
1319 3605 1546 3677 οὐρανὸς
1584 3605 1677 3659 καὶ
1708 3604 1775 3659 τά
1808 3607 1866 3658 ὲν

284 3693 365 3763 τῷ
385 3695 601 3767 οὐρανῷ
619 3697 918 3769 φαινόμενά
937 3715 995 3751 τε
1025 3698 1118 3751 καὶ
1145 3697 1435 3768 κινούμενα
1463 3692 1602 3750 εἶναι
1630 3697 1867 3769 ἀγένητα

285 3787 485 3841 πάντα·
508 3790 645 3862 ὅπερ
670 3791 816 3845 ἐστὶν
843 3792 1063 3855 ἄτοπον,
1080 3791 1141 3845 τὸ
1159 3790 1340 3860 λέγειν
1368 3790 1629 3861 ἀγένητόν
1645 3808 1697 3843 τι
1730 3786 1867 3844 εἶναι

286 3880 396 3951 πρὸ
432 3882 576 3946 τινὸς
599 3882 772 3936 ἀϊδίου
804 3884 862 3937 ὲν
888 3887 996 3947 τοῖς
1023 3884 1233 3948 ἀϊδίοις.
1264 3885 1328 3938 Εἰ
1348 3884 1408 3937 τὸ
1441 3883 1657 3955 πρῶτον
1684 3882 1868 3937 κινοῦν

284 3973 387 4044 τὴν
422 3976 783 4047 συνεχομένην
807 3976 1041 4047 κίνησιν,
1069 3979 1207 4029 κινεῖ
1227 3975 1285 4028 δὲ
1312 3974 1435 4029 οὔτε
1471 3974 1567 4047 τὴν
1594 3974 1736 4029 κατά
1770 3974 1871 4045 φύ-

289 4082 395 4128 σιν,
430 4063 554 4117 οῠτε
584 4066 682 4137 τὴν
727 4066 877 4139 παρὰ
919 4068 1097 4137 φύσιν,
1138 4068 1354 4140 ἐκείνην
1386 4068 1483 4139 μὲν
1512 4068 1587 4131 ὡς
1613 4069 1870 4139 περιττὴν

286 4155 476 4221 καθὼς
502 4157 706 4230 ὲρῤέθη
722 4158 855 4231 (28),
889 4158 1092 4231 ταύτην
1124 4159 1179 4213 δὲ
1204 4160 1280 4224 ὼς
1306 4161 1562 4231 δευτέραν
1588 4157 1750 4214 οὖσαν
1773 4160 1872 4230 τῆς

287 4250 437 4306 κατὰ
469 4252 629 4322 φύσιν
663 4255 929 4325 κινήσεως
947 4271 960 4284 ·
1000 4254 1099 4307 οὐκ
1125 4254 1233 4326 ἀρα
1262 4257 1402 4307 κινεῖ
1432 4254 1528 4326 τὴν
1555 4254 1754 4326 συνεχῆ
1789 4254 1872 4308 κί-

289 4360 449 4415 νησιν
468 4343 642 4399 οὐδέν.
668 4345 732 4398 Εἰ
758 4344 865 4398 τῶν
898 4344 1082 4408 ἀϊδίως
1109 4345 1441 4417 κινουμένων
1466 4346 1634 4419 οὖτεὴ
1660 4348 1871 4418 κίνησις

290 4434 534 4506 προτέρα
563 4434 670 4489 τῶν
695 4435 1049 4507 κινουμένων,
1069 4435 1192 4489 οὔτε
1218 4436 1286 4499 τὰ
1317 4437 1609 4509 κινούμενα
1632 4440 1875 4510 πρότερα

289 4528 386 4598 τῆς
421 4528 717 4599 κινήσεως,
751 4527 865 4581 ἐστι
893 4528 949 4583 δὲ
983 4531 1017 4601 ἡ
1051 4529 1263 4599 κίνησις
1291 4531 1447 4583 πᾶσα
1474 4529 1616 4581 κατὰ
1645 4532 1875 4600 μεταϐο-

1966 3343 2122 3387 vetur
2146 3340 2295 3385 motu
2330 3332 2526 3386 locali:
2568 3332 2844 3402 quomodo
2872 3346 2984 3385 non
3015 3338 3305 3401 repugnat,
3327 3343 3385 3385 ut
3404 3329 3550 3400 quod

1967 3421 2239 3493 principio
2270 3428 2423 3475 caret
2460 3420 2717 3474 inchoato
2765 3426 3052 3474 moveatur
3079 3418 3266 3471 motu?
3313 3415 3371 3470 Si
3418 3417 3552 3489 illud

1968 3515 2088 3570 sine
2123 3528 2232 3581 quo
2280 3511 2415 3565 nihil
2467 3518 2552 3565 est
2598 3525 2667 3564 ex
2707 3509 2851 3574 aliis,
2883 3518 2938 3565 et
2982 3508 3291 3563 subStantia
3325 3516 3378 3561 et
3412 3514 3552 3562 tem-

1968 3620 2100 3675 pore
2134 3605 2285 3674 prius
2308 3610 2393 3658 est
2426 3603 2571 3667 aliis,
2603 3601 2880 3672 quomodo
2908 3610 2992 3657 est
3027 3601 3371 3673 ingenitum?
3420 3599 3549 3655 Sta-

1970 3706 2145 3752 tutum
2185 3697 2327 3751 enim
2376 3704 2461 3750 est
2493 3696 2729 3766 primum
2756 3710 2983 3751 movens
3016 3696 3259 3749 omnium
3310 3695 3550 3765 primum

1968 3807 2092 3848 esse
2151 3799 2205 3847 et
2260 3790 2583 3861 ingenitum,
2646 3788 2823 3843 adhuc
2862 3791 3025 3843 etiam
3069 3789 3268 3843 coelum
3325 3797 3379 3843 et
3433 3804 3557 3859 quae

1971 3885 2030 3939 in
2082 3884 2224 3939 coelo
2269 3891 2534 3954 apparent
2564 3892 2619 3937 et
2658 3890 2947 3937 moventur
2992 3898 3115 3937 esse
3157 3882 3397 3952 ingenita
3436 3896 3556 3935 om-

1970 3978 2107 4032 nia:
2140 3976 2288 4047 quod
2337 3976 2561 4048 quidem
2603 3975 2904 4030 absurdum
2955 3973 3105 4029 dictu
3159 3981 3264 4039 est,
3303 3973 3359 4028 in
3390 3973 3558 4029 rebus

1974 4070 2195 4125 aeternis
2220 4084 2343 4124 esse
2371 4068 2578 4139 aliquid
2602 4068 2904 4139 ingenitum
2930 4068 3037 4122 alio
3061 4076 3264 4122 aeterno
3289 4069 3462 4138 prius.
3497 4065 3555 4121 Si

1973 4164 2211 4233 primum
2244 4176 2472 4215 movens
2502 4161 2826 4214 continuum
2868 4168 3078 4215 motum
3110 4160 3293 4227 eilicit,
3326 4174 3428 4213 nec
3473 4166 3558 4211 ta-

1971 4269 2097 4308 men
2126 4268 2250 4307 eum
2280 4262 2488 4306 motum
2515 4251 2679 4307 efﬁcit
2708 4253 2802 4323 qui
2832 4252 3134 4308 secundum
3166 4261 3417 4305 naturam
3450 4261 3558 4316 est,

1973 4362 2076 4402 nec
2103 4362 2229 4401 eum
2256 4346 2349 4415 qui
2380 4352 2580 4417 praeter
2605 4353 2885 4409 naturam,
2933 4345 3085 4399 illum
3118 4344 3336 4415 quidem
3362 4351 3421 4396 ut
3464 4358 3559 4397 su-

1974 4454 2397 4510 pervacaneum,
2429 4447 2490 4493 ut
2523 4438 2733 4493 dictum
2758 4447 2862 4500 est,
2890 4438 3038 4492 hunc
3065 4446 3246 4492 autem
3274 4445 3334 4491 ut
3375 4446 3551 4507 poste-

1975 4533 2177 4586 riorem
2214 4532 2454 4585 naturali
2488 4540 2640 4585 motu
2665 4549 2685 4597 ',
2711 4530 2849 4585 nihil
2879 4540 2963 4585 est
2991 4545 3122 4601 ergo
3152 4528 3298 4600 quod
3349 4538 3557 4584 motum

290 4619 391 4688 λὴν
424 4617 518 4670 τοῦ
549 4620 713 4690 μήπω
743 4619 923 4686 δντος,
958 4620 1096 4675 ἀλλά
1132 4620 1445 4691 μέλλοντος·
1479 4621 1631 4675 ἔσται
1666 4622 1773 4694 ἄρα
1805 4624 1869 4678 τὰ

1977 4625 2297 4679 continuum
2331 4624 2549 4679 eﬂiciat.
2574 4622 2633 4679 Si
2657 4624 2713 4678 in
2736 4624 2825 4687 iis,
2853 4639 2974 4694 quae
3007 4624 3074 4677 ab
3105 4631 3310 4678 aeterno
3333 4639 3528 4678 moven

291 4709 586 4781 κινούμενα
610 4712 787 4766 πάντα
820 4714 884 4766 ὲκ
908 4711 1209 4784 μεταϐολῆς
1232 4712 1329 4766 τοῦ
1356 4714 1520 4785 μήπω
1544 4714 1713 4778 ὄντος,
1739 4716 1877 4769 ἀλλά

1980 4723 2092 4781 tur,
2124 4732 2225 4771 nec
2252 4726 2435 4771 motus
2461 4718 2610 4788 prior
2638 4725 2722 4773 est
2751 4718 2841 4781 iis,
2871 4731 2993 4788 qua:
3020 4724 3329 4782 moventur,
3362 4732 3463 4771 nec
3494 4733 3559 4774 ea

368 4865 412 4897 “
447 4863 578 4936 Leg.
612 4864 722 4919 τῶν
749 4866 914 4920 αὑτοῦ
952 4866 1157 4939 μερῶν,
1193 4875 1255 4923 ut
1288 4885 1347 4923 n.
1376 4868 1464 4923 52.
1544 4869 1586 4901 "
1616 4870 1747 4941 Leg.
1781 4871 1869 4941 μει

1976 4889 1984 4919 ι
2015 4871 2296 4944 γινομένη.

366 5018 477 5090 (23)
514 5021 616 5073 Ὃν
640 5023 810 5095 αὐτό.
863 5022 965 5078 Hic
994 5022 1302 5079 adhibenda
1332 5023 1435 5079 fuit
1476 5025 1867 5095 interpunctio,

292 5104 429 5172 quae.
440 5098 500 5172 ει
527 5091 669 5172 apud
699 5093 1047 5172 Aristotelem
1071 5103 1124 5149 et
1149 5095 1205 5149 in
1235 5095 1509 5172 prioribus
1534 5091 1739 5172 nostris
1762 5091 1873 5172 edi-

294 5162 541 5215 tionibus
574 5163 756 5217 minus
786 5167 1096 5230 observata,
1127 5162 1335 5221 erroris
1384 5168 1606 5222 occasio
1658 5169 1871 5222 exstitit

294 5232 709 5307 interpretibus,
734 5243 962 5306 excepto
985 5233 1190 5307 Lango.
1226 5236 1511 5307 Repugnat
1533 5240 1678 5293 enim
1703 5246 1761 5292 ut
1783 5238 1869 5292 in-

295 5312 379 5355 ter
408 5304 591 5425 genita
620 5304 903 5361 recenseat
932 5306 985 5361 id
1018 5304 1163 5376 quod
1192 5304 1436 5378 geni—tum
1467 5324 1577 5363 non
1607 5325 1731 5365 esse
1777 5324 1869 5363 as-

295 5388 485 5425 severa
515 5414 530 5425 .

292 5388 530 5427 several.

371 5442 615 5519 (24)Kai
647 5447 860 5519 τούτου
885 5447 1111 5519 ἕτερον.
1140 5446 1439 5503 Videbatur
1479 5449 1655 5517 prima
1687 5452 1871 5519 specie

294 5512 586 5599 legendum
610 5516 704 5599 καὶ
725 5517 914 5599 τούτῳ
935 5512 1034 5599 οὗχ
1055 5517 1261 5599 ἕτερον,
1278 5512 1636 5599 velsup'erior
1659 5512 1877 5599 negatio

297 5582 373 5662 ab
393 5582 481 5662 his
513 5586 694 5662 verbis
724 5603 833 5640 non
864 5582 1253 5662 disjuugen'tia.
1282 5587 1387 5643 Sed
1420 5582 1610 5644 noster
1639 5582 1877 5659 scriptor

299 5654 706 5728 niinime__legit
754 5654 1116 5728 negationem.
1168 5658 1257 5712 Sic
1312 5662 1457 5714 enim
1516 5662 1715 5715 refellit
1755 5654 1877 5715 inec

296 5724 610 5803 Aristotelis
662 5724 877 5803 verba:
902 5730 971 5803 βξ
1017 5728 1465 5803 ξοτινᾼὰγένητον
1504 5731 1585 5803 τὸν
1613 5731 1876 5803 πρότερον

284 5796 393 5846 ,καὶ
424 5794 681 5869 ὕστερον,
707 5797 861 5849 ἔσται
894 5799 1009 5868 ἄρα
1024 5800 1111 5852 ὅτε
1143 5800 1203 5853 τὸ
1232 5794 1494 5871 ἀγένήτον
1539 5794 1879 5873 οὑκ’ἀγένη-

1976 5044 2089 5080 τον.
2124 5026 2220 5082 His
2247 5027 2391 5081 enim
2424 5028 2607 5083 verbis
2644 5026 3075 5082 confutationem
3110 5042 3262 5081 suam
3302 5028 3555 5083 absolvit.

1977 5114 2126 5222 quala).
2164 5110 2421 5154 accurate
2480 5099 2813 5169 respondent
2886 5099 3180 5170 postremis
3243 5100 3560 5153 Aristotelis

1977 5185 2070 5222 ver
2116 5185 2183 5222 IS.
2853 5182 2857 5187 ’

1977 5182 2183 5223 νεῐῡιε.
2853 5182 2857 5187 ’

2046 5240 2160 5309 (25)
2217 5241 2340 5292 Οὐκ
2398 5238 2532 5292 ἐστι
2574 5240 2849 5307 προτέραι
2899 5239 2969 5294 Ut
3029 5238 3193 5302 infra,
3249 5237 3562 5297 addendum

1972 5308 2096 5381 οὔτε
2118 5308 2182 5381 τὸ
2206 5310 2514 5381 φερόμενον
2544 5312 2813 5381 πρότερον
2844 5311 2944 5381 τῆς
2975 5312 3260 5381 κινήσεως.

2047 5379 2159 5450 (26)
2204 5379 2802 5452 Ἠρτμέιςῃνξίιεςίῐιιι·
2828 5379 3099 5452 θάίηθτεζ
3130 5379 3261 5450 Reg.
3292 5379 3328 5433 2
3349 5380 3560 5452 ἠργμέ-

1976 5449 2297 5521 νοντίΑιῳιε
2320 5451 2396 5503 ita
2428 5450 2493 5505 Β.
2529 5449 2841 5521 Stephanus
2873 5450 2939 5503 ad
2984 5456 3213 5521 calcem,

2058 5519 2173 5591 (27)
2194 5519 2327 5585 Πῶς
2354 5522 2467 5573 οὐκ
2491 5518 2681 5575 ἕστιᾶ.
2714 5520 2843 5591 Leg.
2883 5523 3000 5586 πῶς
3050 5518 3163 5579 οὖν,
3193 5519 3328 5576 Nam
3361 5535 3561 5583 coneea

1984 5591 2101 5666 ptis
2124 5590 2309 5666 verbis
2339 5590 2643 5666 ingenitum
2703 5590 2826 5647 esse
2866 5592 2997 5666 illud
3045 5595 3280 5661 primum
3300 5662 3316 5666 _
3336 5606 3563 5666 movens

1985 5662 2602 5731 declaratiAriStotelcs,
2631 5677 2798 5731 quam
2846 5663 2917 5715 ob
2960 5678 3182 5717 causam
3230 5662 3495 5717 refellitur
3526 5676 3565 5718 ει

1986 5730 2461 5801 pseudo-Justino.

2057 5802 2169 5873 (28)
2196 5801 2401 5867 Καθὼς
2426 5801 2657 5870 ἐρῤέθη.
2686 5800 2954 5857 Nimirum
2977 5817 3142 5872 supra
3168 5819 3223 5858 n.
3246 5802 3343 5861 ιε.
