3974 6256
445 328 582 385 1559

1171 330 1532 389 APPENDIX.
1572 360 1642 375 --
1678 334 1865 392 PARS
1900 336 1945 392 Ι.
1984 337 2043 394 S.
2075 336 2345 397 JUSTlNl
2376 340 2619 398 OPBRA
2658 341 2932 400 SPURIA.

3567 348 3715 404 mo

441 459 566 513 qua:
591 452 879 501 moventur
901 455 1054 501 motu
1076 448 1260 517 priora
1284 459 1447 517 sunt;
1484 458 1571 507 est
1601 460 1785 509 autem
1826 456 2011 526 quaeli-

2125 458 2438 531 μέλλοντος,
2469 460 2533 514 τὺ
2557 457 2695 515 εἶναι
2727 461 2940 533 ἔχοντα.
2974 462 3039 517 Et
3069 463 3155 533 ἐφ’
3187 464 3305 527 ἑνὸς
3341 463 3454 517 τῶν
3482 468 3718 536 γινομέ-

444 536 537 592 bet
565 539 735 592 motio
767 554 864 608 per
893 541 1254 596 mutationem
1284 543 1432 598 illius
1464 545 1610 614 quod
1639 547 1883 603 nondum
1913 559 2020 617 est,

444 628 539 681 sed
571 628 814 682 futurum
848 638 965 697 cst;
992 647 1333 703 quacunque
1357 650 1490 705 ergo
1518 647 1832 705 moventur,
1861 656 1925 696 ea
1954 659 2023 698 ex

442 721 745 777 mutatione
768 722 915 778 illius
940 725 1086 794 quod
1112 726 1358 781 nondum
1380 735 1485 795 est,
1520 731 1617 785 sed
1641 730 1885 787 futurum
1912 741 2019 803 est,

443 812 721 868 habebunt
751 822 809 867 ut
839 815 969 870 sint.
998 815 1057 870 Si
1084 817 1138 871 in
1170 834 1503 890 unoquoque
1532 836 1747 887 eorum,
1779 840 1901 894 quae
1928 841 2022 896 ge-

441 906 940 971 nerantur,localis
964 915 1148 965 motus
1190 910 1383 965 ultima
1415 912 1637 982 quidem
1687 925 1773 969 est
1818 916 2022 971 motio-

441 1011 595 1062 num,
623 998 719 1053 sed
747 1014 977 1054 necesse
1008 1009 1092 1056 est
1117 1003 1265 1057 aliud
1296 1004 1453 1074 prius
1494 1021 1617 1061 esse
1666 1008 1812 1077 quod
1869 1016 2020 1063 motu

441 1090 604 1144 locali
626 1099 930 1159 moveatur,
964 1093 1123 1164 572
1159 1102 1213 1149 et
1247 1111 1370 1150 cum
1406 1097 1704 1167 ingenitum
1750 1101 1822 1154 sit
1853 1116 2020 1156 causa

441 1182 513 1236 sit
535 1183 937 1251 generationis:
965 1186 1238 1255 quomodo
1263 1194 1446 1256 potest
1473 1189 1616 1243 idem
1659 1198 1712 1244 et
1746 1191 1894 1246 illius
1927 1207 2020 1261 ge-

440 1273 763 1338 nerationis,
791 1291 913 1344 quae
967 1278 1271 1331 secundum
1313 1286 1569 1333 naturam
1621 1288 1726 1345 est,
1759 1291 1813 1336 et
1846 1282 2015 1348 illius,

441 1379 560 1433 quae
590 1373 787 1434 prmter
815 1372 1091 1434 naturam,
1119 1383 1285 1424 causa
1316 1373 1474 1425 esse?
1497 1370 1631 1424 Nam
1673 1372 1767 1442 qui
1808 1374 2018 1442 primus

438 1457 739 1526 generavit,
777 1467 1071 1527 generatus
1097 1475 1209 1514 non
1263 1470 1366 1516 est.
1430 1460 1567 1516 lliud
1622 1469 1827 1530 tamen,
1870 1465 2017 1535 quod

440 1551 675 1621 primum
706 1560 976 1619 movetur,
1003 1554 1195 1608 eodem
1226 1554 1389 1609 modo
1427 1556 1749 1611 movebatur
1778 1557 1832 1611 in
1860 1573 2022 1628 gene-

438 1644 651 1698 ratione
672 1644 839 1710 illius,
867 1644 959 1715 qui
989 1648 1201 1715 primus
1233 1646 1415 1703 factus
1465 1656 1570 1713 est,
1619 1664 1683 1704 ac
1730 1659 1923 1720 postea
1959 1652 2017 1707 in

436 1737 792 1806 generatione
817 1753 1028 1802 eorum,
1056 1754 1177 1808 quae
1204 1755 1273 1795 ex
1321 1739 1442 1810 ipso
1483 1741 1668 1811 genita
1715 1755 1865 1799 sunt.
1915 1742 2013 1799 Vel

2122 566 2228 603 νων
2261 552 2295 621 ἡ
2325 551 2465 623 φορὰ
2500 552 2704 624 ὑστάτη
2733 553 2840 605 τῶν
2866 555 3153 623 κινήσεων,
3193 554 3305 607 ἀλλ’
3338 555 3559 625 ἀνάγκη
3588 557 3717 608 ἓτε-

2124 659 2218 713 ρον
2243 644 2556 715 κινούμενον
2590 644 2732 698 κατὰ
2758 644 2927 715 φορὰν
2954 642 3091 699 εἷναι
3114 647 3395 716 πρότερον,
3428 648 3457 699 ὃ
3488 648 3584 700 καὶ
3606 647 3711 716 τῆς

2120 735 2387 803 γενέσεως
2418 736 2589 789 αἴτιον
2617 736 2877 807 ἀγένητον
2901 736 2978 789 ὃν·
3016 736 3134 800 πῶς
3167 738 3460 807 ἐνδέχεταιι
3482 740 3543 790 τὸ
3572 739 3712 790 αὐτὸ

2120 827 2221 898 τῆς
2249 827 2388 881 κατὰ
2412 827 2574 899 φύσιν
2614 829 2881 895 γενέσεως
2921 829 3088 881 αἴτιον
3115 824 3251 881 εἶναι
3274 869 3289 892 ,
3317 831 3412 882 καὶ
3443 830 3542 899 τῆς
3563 830 3711 898 ὑπὲρ

2119 918 2220 989 τὴν
2247 918 2406 986 φύσιν
2439 919 2709 988 γενέσεως
2735 937 2749 985 ;
2799 921 2857 973 Ὀ
2888 920 2997 992 γὰρ
3033 920 3264 992 πρώτως
3292 923 3562 991 γεννήσας
3602 921 3712 973 οὐκ

2120 1010 2405 1081 ἐγεννήθη.
2436 1011 2627 1064 Καίτοι
2654 1010 2714 1064 τὸ
2738 1012 3000 1084 πρότερον
3033 1013 3347 1083 κινούμενον
3379 1013 3554 1075 οὕτως
3588 1014 3711 1065 ἐκι-

2118 1102 2259 1152 νεῖτο
2313 1101 2405 1152 ἐπὶ
2436 1100 2539 1170 τῆς
2589 1102 2854 1170 γενέσεως
2894 1102 2988 1155 τοῦ
3022 1102 3251 1174 πρώτως
3281 1103 3565 1174 γινομένου
3584 1143 3597 1168 ,
3621 1102 3705 1164 ὡς

2120 1189 2342 1262 ὕστερον
2368 1193 2590 1264 ἐκινήθη
2619 1195 2712 1247 ἐπὶ
2734 1195 2833 1265 τῆς
2860 1195 3123 1264 γενέσεως
3143 1196 3250 1248 τῶν
3276 1195 3335 1261 ἐξ
3367 1196 3597 1251 ἐκείνου.
3627 1196 3706 1249 Ἢ

2118 1283 2228 1355 ἄρα
2258 1285 2357 1338 οὐκ
2380 1285 2471 1338 ἐστ
2485 1303 2530 1339 ιν
2556 1288 2729 1340 αἴτιον
2753 1289 2851 1358 τῆς
2876 1289 3056 1359 πάσης
3078 1289 3339 1358 γενέσεως
3364 1291 3425 1343 τὸ
3449 1288 3594 1342 οὕτω
3616 1306 3706 1341 κι-

2117 1376 2375 1447 νούμενον
2408 1378 2705 1447 ἀγενήτως,
2734 1379 2767 1447 ἢ
2792 1380 2854 1433 ού
2887 1384 3027 1433 κινεῖ
3058 1381 3117 1434 τὸ
3143 1380 3356 1451 πρῶτον
3394 1380 3575 1435 κινοῦν
3600 1381 3707 1452 τὴν

2119 1467 2313 1536 συνεχῆ
2350 1467 2586 1536 κίνησιν,
2623 1469 2887 1539 διαφορᾶς
2928 1471 3191 1539 γενέσεως
3220 1474 3277 1523 ἐν
3306 1474 3418 1534 τοῖς
3442 1472 3706 1541 γιγνομέ-

2116 1573 2228 1620 νοις
2259 1556 2673 1628 θεωρουμένης,
2723 1560 2845 1613 καθ’
2887 1562 2952 1632 ἣν
2982 1560 3051 1614 τὰ
3091 1563 3187 1633 μὲν
3226 1562 3365 1633 ὑπὲρ
3402 1563 3501 1633 τὴν
3534 1562 3703 1630 φύσιν

2115 1648 2330 1717 γέγονε,
2363 1648 2432 1701 τὰ
2457 1650 2514 1702 δὲ
2548 1648 2691 1703 κατὰ
2715 1650 2897 1720 getiam
2926 1653 2989 1705 Εἰ
3023 1654 3167 1707 ἔστιν
3192 1653 3454 1724 ἀγένητον
3482 1654 3539 1705 τὸ
3560 1653 3701 1724 πρό-

2114 1758 2273 1813 τερον
2307 1743 2404 1795 καὶ
2447 1740 2700 1813 ὕστερον,
2750 1742 2903 1796 ἔσται
2933 1743 3042 1815 ἄρα
3074 1746 3161 1797 ὅτε
3192 1746 3251 1798 τὸ
3294 1746 3559 1815 ἀγένητον
3596 1746 3702 1798 οὐκ

434 1845 569 1901 ergo
608 1845 774 1886 causa
818 1846 929 1885 non
979 1840 1063 1887 est
1097 1833 1279 1888 omnis
1329 1834 1699 1904 generationis
1732 1835 1877 1905 quod
1932 1836 2011 1891 sic

2125 1832 2382 1902 ἀγένητον
2418 1830 2558 1903 (29)·
2593 1833 2729 1903 ὅπερ
2766 1833 2916 1886 ἐστὶν
2946 1835 3161 1900 ἄτοπον,
3198 1835 3259 1888 τὸ
3282 1836 3413 1888 ποτὲ
3456 1836 3532 1907 μὴ
3558 1833 3697 1888 εἶναι

436 1932 689 1980 movetur
721 1924 994 1991 ingenito;
1018 1925 1101 1980 vel
1132 1926 1367 1995 primum
1395 1941 1621 1981 movens
1653 1942 1765 1981 non
1792 1942 2009 1982 omnem

2116 1924 2177 1978 τὸ
2202 1925 2486 1995 ἀγένητον.

428 2017 600 2073 .eﬁicit
635 2027 863 2084 motum,
907 2035 1031 2075 cum
1083 2021 1298 2077 diversa
1345 2023 1630 2092 generatio
1674 2023 1729 2076 in
1772 2024 1863 2089 iis,
1922 2037 2045 2093 quae
2080 2028 2434 2093 generantur,
2491 2026 2773 2091 appareat,
2842 2020 2921 2075 ita
2970 2029 3031 2075 ut
3068 2022 3173 2075 alia
3218 2036 3383 2093 supra
3442 2029 3703 2076 naturam

440 2108 584 2165 facta
614 2111 745 2176 sint,
804 2112 911 2166 alia
955 2112 1257 2169 secundum
1298 2124 1574 2171 naturam.
1644 2114 1703 2169 Si
1746 2116 2047 2187 ingenitum
2094 2122 2178 2170 est
2215 2115 2371 2183 prius
2391 2122 2446 2169 et
2486 2116 2792 2185 posterius;
2825 2115 2931 2168 erit
2959 2131 3091 2186 ergo
3136 2115 3433 2186 aliquando
3483 2115 3704 2184 ingeni.

439 2213 553 2260 tum
588 2223 698 2261 non
728 2208 1053 2277 ingenitum,
1093 2207 1239 2278 quod
1268 2209 1490 2279 quidem
1541 2211 1842 2267 absurdum
1896 2218 2003 2277 est,
2044 2209 2342 2280 aliquando
2378 2224 2490 2263 non
2519 2224 2643 2264 esse
2668 2209 2995 2280 ingenitum.

586 2295 680 2351 45.
711 2294 798 2349 Ea;
835 2297 1016 2351 eodem
1056 2298 1213 2365 libro,
1247 2298 1403 2367 ibid.,
1427 2312 1477 2353 c.
1510 2298 1568 2363 8,
1599 2314 1657 2370 p.
1682 2298 1812 2353 265.

515 2409 534 2442 ι
567 2390 627 2444 In
655 2393 918 2447 continuo
959 2394 1169 2448 inﬁnita
1201 2396 1391 2452 insunt
1417 2399 1664 2466 dimidia,
1694 2416 1803 2455 non
1826 2409 2011 2458 tamen

437 2490 586 2549 actu,
618 2485 715 2538 sed
740 2486 1001 2553 potentia.
1042 2506 1061 2538 ι

510 2571 567 2627 Si
594 2581 715 2628 actu
747 2575 884 2629 nihil
924 2576 1196 2631 inﬁnitum
1230 2586 1349 2647 est;
1400 2580 1654 2637 videlicet
1682 2599 1783 2639 nec
1826 2592 2009 2640 motus

436 2677 541 2717 nec
564 2670 778 2733 tempus
809 2664 1043 2720 inﬁnita.
1092 2665 1271 2723 Motus
1304 2677 1484 2724 autem
1537 2681 1590 2726 et
1620 2681 1833 2742 tempus
1881 2690 2007 2728 cum

440 2756 715 2825 praeterito
743 2755 894 2810 ﬁnita
921 2759 1053 2824 sint,
1080 2763 1395 2816 necessario
1424 2763 1679 2817 inchoata
1705 2775 1835 2820 sunt
1874 2784 1886 2820 :
1924 2767 2010 2820 in-

436 2846 635 2901 choata
661 2856 842 2903 autem
872 2865 999 2905 cum
1030 2853 1161 2918 sint,
1196 2857 1508 2911 necessario
1539 2870 1592 2911 et
1620 2859 1827 2927 genita.
1852 2858 2009 2925 Quod

438 2939 487 2993 si
523 2948 703 2996 motus
730 2949 785 2995 et
812 2949 1026 3012 tempus
1056 2944 1237 3014 genita
1256 2986 1272 3012 ,
1305 2949 1621 3003 necessario
1645 2965 1779 3004 sane
1808 2958 1863 3005 et
1886 2966 2009 3005 cor-

435 3044 539 3098 pus
563 3031 704 3102 quod
730 3046 947 3101 semper
973 3033 1027 3086 in
1051 3048 1138 3097 eo,
1170 3034 1317 3103 quod
1349 3043 1653 3099 moveatur,
1675 3052 1799 3093 esse
1819 3037 2007 3093 habet.

2485 2305 2577 2360 45.
2622 2306 2722 2359 Ἐκ
2746 2306 2854 2359 τοῦ
2886 2304 3074 2360 αὐτοῦ
3100 2306 3309 2373 λόγου.

2186 2416 2203 2447 ι
2237 2397 2326 2449 Ἐν
2353 2396 2410 2449 δὲ
2441 2396 2517 2467 τῷ
2540 2400 2752 2467 συνεχεῖ
2776 2396 2952 2449 ἔνεστι
2980 2397 3076 2467 μὲν
3106 2397 3306 2466 ἄπειρα
3328 2394 3556 2466 ἡμίσεα,
3580 2394 3701 2449 ἀλλ’

2110 2487 2210 2539 οὐκ
2240 2486 2565 2557 ἐντελεχείᾳ,
2600 2487 2733 2539 ἀλλὰ
2752 2487 2997 2557 δυνάμει.
3035 2504 3055 2537 ι

2182 2579 2246 2630 Et
2280 2579 2584 2648 ἐντελεχείᾳ
2627 2579 2724 2649 μὲν
2762 2578 2910 2631 οὐδὲν
2960 2578 3205 2649 ἄπειρον,
3239 2577 3479 2647 δηλονότι
3508 2577 3631 2630 οὐδὲ
3661 2578 3697 2646 ἡ

2110 2668 2346 2739 κίνησις,
2368 2670 2489 2722 ούδὲ
2515 2672 2543 2723 ὁ
2565 2670 2754 2740 χρόνος
2778 2671 2923 2723 ἐστὶν
2944 2668 3184 2740 ἄπειρος.
3212 2666 3493 2739 Κινήσεως
3515 2684 3575 2718 τε
3601 2668 3703 2718 καὶ

2112 2759 2308 2831 χρόνου
2333 2760 2412 2831 τῷ
2439 2760 2759 2832 παρελθόντι
2778 2758 3210 2830 πεπερασμένων
3230 2757 3417 2820 ὄντων,
3439 2755 3497 2819 ὲξ
3522 2754 3699 2821 ἀνάγο

2110 2870 2214 2923 κης
2242 2854 2379 2906 εἰσὶν
2405 2853 2689 2924 ἠργμένον
2723 2852 3013 2923 ἡργμένων
3048 2850 3104 2902 δὲ
3134 2848 3331 2913 αὐτῶν,
3361 2848 3421 2912 ἐξ
3448 2848 3701 2916 ἀνάγκης

2109 2946 2215 2999 εἰσὶ
2251 2945 2345 2998 καὶ
2393 2943 2631 3016 γενητοί.
2676 2945 2739 2998 Εἰ
2786 2944 2843 2997 δὲ
2886 2947 2919 3016 ὴ
2947 2943 3159 3015 κίνησις
3190 2941 3281 2994 καὶ
3310 2940 3338 2991 ὁ
3366 2940 3558 3010 χρόνος
3585 2938 3701 2991 εἰσὶ

2114 3033 2351 3103 γενητοὶ,
2374 3032 2433 3099 ἐξ
2459 3034 2703 3104 ἀνάγκης
2730 3033 2840 3105 ἄρα
2867 3034 2963 3086 καὶ
2992 3032 3053 3085 τὸ
3083 3030 3399 3101 κινούμενον
3425 3029 3604 3094 σῶμα,
3635 3028 3702 3081 τὸ

433 3119 586 3187 Quod
638 3120 683 3175 si
735 3136 950 3192 semper
990 3124 1257 3193 assumpti
1296 3125 1561 3193 temporis
1609 3126 1834 3180 dimidia
1881 3127 2011 3183 licet

2125 3126 2202 3179 itel
2235 3126 2293 3178 ὲν
2329 3124 2406 3196 τῷ
2444 3124 2707 3178 κινεῖσθαι
2748 3126 2808 3177 τὸ
2841 3121 2977 3177 εἶναι
3004 3124 3148 3194 ἔχον.
3180 3124 3244 3175 Εἰ
3268 3122 3329 3174 δὲ·
3361 3121 3456 3174 καὶ
3483 3121 3571 3173 ἀεὶ
3601 3120 3701 3173 τὸν

432 3226 651 3266 sumere
695 3228 763 3267 ex
807 3213 994 3269 futuro
1023 3223 1077 3270 et
1098 3215 1300 3271 addere
1354 3219 1663 3288 praeterito;
1711 3227 1893 3275 tamen
1940 3236 2010 3274 ne

440 3305 540 3358 hoc
569 3306 791 3376 quidem
826 3308 992 3362 modo
1023 3309 1137 3363 ﬁeri
1169 3317 1373 3379 potest,
1403 3319 1463 3365 ut
1493 3320 1710 3382 tempus
1736 3313 2009 3384 praeterita

437 3397 524 3453 sui
555 3407 706 3469 parte
747 3407 875 3454 actu
904 3399 960 3454 in
990 3399 1206 3455 ﬁnitum
1232 3416 1472 3472 unquam
1499 3404 1591 3459 sit.

635 3556 727 3611 46.
758 3556 1059 3626 Aristotelis
1089 3573 1155 3613 ex
1190 3558 1324 3626 lilgro
1350 3561 1523 3626 primo
1553 3560 1633 3616 De
1662 3562 1815 3617 cosio.

935 3623 1065 3679 ibid.
1092 3632 1133 3677 ι.
1164 3640 1213 3679 c.
1236 3624 1289 3678 2.
1317 3623 1372 3695 p‘.
1397 3623 1521 3682 269.

513 3730 532 3763 ε
578 3710 814 3769 Necesse
838 3721 924 3769 est
964 3729 1087 3769 esse
1115 3714 1338 3785 aliquod
1375 3729 1578 3785 corpus
1624 3716 1876 3785 simplex,
1934 3717 2011 3769 ita

437 3811 835 3873 comparatum,
884 3813 945 3860 ut
991 3822 1092 3861 sua
1134 3806 1311 3876 ipsius
1356 3814 1556 3861 natura
1601 3806 1815 3862 feratur
1853 3816 2009 3862 motu

438 3896 715 3951 circulari.
760 3917 778 3950 ι

509 3989 651 4054 Quid
682 3989 847 4060 igitur
874 4001 1011 4060 opus
1042 3998 1126 4045 est
1150 3990 1333 4062 primo
1360 3998 1632 4055 mevente,
1657 3998 1719 4044 ut
1738 3990 2009 4061 ejusmodi

436 4096 638 4151 corpus
671 4092 907 4148 moveat,
928 4084 1073 4154 quod
1103 4098 1204 4138 sua
1237 4084 1409 4154 ipsius
1435 4092 1632 4139 natura
1660 4084 1835 4141 fertur
1855 4093 2008 4140 motu

436 4173 693 4228 circulari
711 4173 734 4227 ’ί

791 4258 883 4312 47.
914 4255 999 4310 Ex
1029 4256 1208 4313 eodem
1243 4258 1403 4314 libro.
1430 4261 1561 4317 ibid.

512 4373 530 4406 ι
570 4354 764 4425 Liquet
795 4370 918 4411 esse
952 4357 1190 4427 aliquam
1235 4359 1485 4429 corporis
1527 4358 1911 4422 substantiam,
1939 4358 2008 4413 ab

2083 3217 2384 3287 ’ληφθέντα
2409 3216 2599 3288 χρόνον
2630 3216 2821 3269 τούτου
2842 3216 2917 3268 τά·
2939 3216 3138 3286 ἡμίσεα
3171 3213 3440 3283 ἐνδέχεται
3482 3212 3701 3283 ληφθῆι

2110 3327 2199 3362 ναι
2222 3311 2286 3362 ἐκ
2316 3307 2413 3362 τοῦ
2438 3309 2739 3379 μέλλοντος,
2775 3310 2869 3361 καὶ
2895 3306 3255 3378 προστεθῆναι
3294 3304 3371 3375 τῷ
3397 3304 3700 3376 παρελθόν-

2109 3419 2196 3466 τι,
2239 3400 2356 3455 ἀλλ’
2397 3400 2507 3453 οὐδ’
2540 3399 2715 3463 οὕτως
2754 3398 3031 3468 ἐνδέχεται
3058 3398 3151 3450 τὸν
3172 3395 3361 3467 χρόνον
3386 3395 3464 3466 τῷ
3494 3395 3699 3465 παρελδ

2111 3492 2253 3546 θόντι
2285 3494 2510 3562 ἄπειρον
2540 3487 2678 3545 εἶναι
2710 3490 3017 3560 ἐντελεχείᾳ
3042 3489 3193 3542 ποτέ.

2145 3583 2232 3639 46.
2261 3584 2712 3653 Ἀριστοτέλους
2735 3583 2939 3705 ἐφιὶὲοῦ
2967 3585 3110 3651 Περὶ
3135 3583 3396 3652 οὐρανοῦ
3421 3579 3661 3650 πρώτου

2799 3692 2813 3705 .
2880 3670 3009 3705 του.

2799 3670 3009 3722 .ιογου.

2184 3770 2203 3803 ι
2235 3752 2560 3819 Ἀναγκαῖον
2585 3744 2721 3801 εἶναί
2750 3765 2803 3800 τι
2839 3748 3001 3818 σῶμα
3032 3746 3257 3809 ἁπλοῦν,
3289 3747 3317 3799 ὃ
3355 3742 3566 3812 πέφυκε
3598 3741 3701 3811 cpta

2109 3842 2295 3915 ρεσθαι
2322 3844 2421 3913 τὴν
2445 3840 2628 3911 κύκλῳ
2660 3841 2874 3912 κίνησιν
2897 3840 3034 3894 κατὰ
3056 3839 3153 3910 τὴν
3174 3832 3368 3893 ἑαυτοῦ
3388 3836 3569 3907 φύσιν.
3596 3855 3617 3886 ι

2178 4015 2276 4080 Τίς
2303 4001 2402 4070 οὖν
2431 4014 2589 4087 χρεία
2617 4014 2712 4068 τοῦ
2744 4014 2977 4086 πρώτως
3006 4014 3283 4075 κινοῦντος
3319 4013 3488 4064 κινεῖν
3515 4008 3698 4063 τοιοῦ-⁵

2105 4124 2198 4160 τον
2224 4106 2402 4177 σῶμα,
2437 4106 2497 4159 τὸ
2523 4105 2665 4159 κατὰ
2685 4105 2782 4177 τὴν
2806 4094 3003 4159 ἑαυτοῦ
3050 4092 3209 4174 φύσιν
3250 4103 3352 4173 τὴν
3383 4100 3566 4172 κύκλῳ
3605 4118 3698 4154 κι-

2106 4197 2362 4269 νούμενον
2392 4198 2609 4268 κίνησιν
2626 4214 2641 4263 ;

2489 4288 2580 4341 47.
2619 4291 2721 4342 Ἐκ
2739 4288 2847 4342 τοῦ
2873 4288 3061 4343 αὐτοῦ
3091 4288 3293 4356 λόγου.

2180 4399 2198 4431 ι
2240 4379 2507 4451 Φανερὸν,
2541 4381 2623 4433 ὅτι
2666 4372 2880 4449 πέφυκέ
2926 4397 3011 4442 τις
3055 4379 3213 4433 οὐσία
3257 4376 3507 4447 σώματος
3553 4374 3695 4444 άλλη

435 4447 544 4512 bis,
578 4464 698 4518 qua:
727 4448 815 4501 hic
844 4450 1157 4505 constitutae
1187 4458 1335 4516 sunt,
1361 4451 1658 4519 diversam,
1678 4451 2001 4507 diviniorem

2125 4474 2257 4544 παρὰ
2289 4447 2398 4538 τὰς.
2432 4472 2667 4527 ἐνταῦθα
2722 4447 3082 4536 συσταθείσας
3126 4471 3258 4540 (50),
3304 4470 3551 4542 θειοτέρα
3595 4472 3699 4525 καὶ

434 4548 488 4595 et
520 4541 755 4609 priorem
792 4540 878 4594 his
905 4542 1183 4598 omnibus.
1219 4561 1238 4595 ι

506 4630 562 4685 Si
592 4632 696 4685 hoc
718 4646 919 4703 corpus
950 4632 1022 4687 ab
1047 4643 1253 4689 αξιοι-ΠΟ
1282 4642 1338 4689 et
1367 4635 1487 4690 sine
1538 4635 1814 4707 principio
1858 4636 2008 4689 circa

432 4732 657 4789 terram,
691 4740 812 4794 qum
836 4726 1145 4781 substantia
1168 4737 1253 4783 est
1276 4728 1366 4783 hic
1382 4729 1703 4796 constituta,
1724 4737 2002 4785 movetur:

432 4816 707 4884 quomodo
735 4826 879 4870 terra
902 4819 1056 4888 prius
1078 4834 1202 4875 esse
1232 4827 1435 4889 potest,
1464 4820 1582 4875 sine
1610 4836 1720 4890 qua
1748 4835 1859 4876 non
1884 4836 2005 4875 mo-

434 4918 590 4961 vetur
617 4914 766 4962 motu
797 4908 1087 4964 circulari?
1120 4910 1187 4963 Et
1232 4912 1279 4966 si
1318 4912 1465 4982 quod
1496 4920 1761 4967 aeternum
1794 4921 1849 4967 et
1888 4913 2007 4969 sine

434 5000 703 5070 principio
730 5011 815 5055 est
842 5011 897 5056 et
919 5003 1053 5057 utile
1081 5003 1150 5059 ad
1172 5004 1620 5060 constitutionem
1645 5019 1859 5067 eorum,
1883 5020 2008 5074 quae

434 5092 524 5145 hic
556 5091 713 5157 ﬁunt,
735 5092 790 5145 id
818 5101 878 5146 ut
898 5093 1169 5163 ejusmodi
1196 5096 1441 5167 corpori,
1468 5097 1544 5151 ita
1567 5104 1622 5153 et
1644 5106 1809 5152 terrae
1825 5097 2002 5166 adest,

432 5199 533 5237 cur
572 5182 708 5238 illud
756 5198 956 5255 corpus
1003 5189 1355 5257 praestantius
1405 5190 1479 5244 sit
1525 5198 1579 5245 et
1623 5189 1781 5260 prius
1835 5203 1998 5259 quam

434 5283 581 5330 terra
596 5275 621 5329 ἲ

618 5360 710 5415 48.
746 5361 830 5415 Ea:
859 5362 1039 5417 eodem
1068 5363 1224 5419 libro.
1250 5365 1379 5420 ibid.
1400 5379 1450 5419 c.
1480 5361 1535 5422 ὃ.
1562 5380 1617 5436 p.
1641 5366 1770 5423 269.

504 5473 525 5508 ‹
561 5454 707 5511 Fieri
733 5473 840 5512 non
860 5466 1060 5528 potest,
1085 5468 1145 5515 ut
1164 5477 1383 5533 corpus,
1407 5463 1553 5534 quod
1578 5463 1634 5518 in
1662 5463 1851 5520 orbem
1882 5479 2003 5520 mo-

431 5556 610 5615 vetur,
635 5550 954 5619 gravitatem
979 5552 1176 5609 habeat
1206 5562 1299 5608 aut
1326 5555 1621 5611 levitatem.
1654 5576 1673 5608 ι

431 5744 457 5795 ὲ
498 5676 614 5798 ἓὲθ)
648 5681 767 5733 Οὐκ
797 5679 1108 5752 ἀγένητον.
1146 5684 1313 5743 Multo
1344 5689 1848 5759 aptiuslegeremus
1900 5692 1998 5746 οὐκ

462 5762 495 5798 Υ
527 5765 664 5798 νετο-
701 5766 801 5798 mm
829 5764 961 5798 erat.

462 5762 664 5814 τείνετο,
701 5766 801 5803 non
829 5764 962 5807 erat.

2108 4567 2351 4638 προτέρα
2376 4565 2579 4619 τούτων
2608 4565 2884 4619 ἁπάντων.
2914 4583 2931 4615 ι

2178 4659 2240 4711 Εἰ
2273 4657 2430 4710 τοῦτο
2444 4657 2505 4710 τὸ
2537 4656 2696 4727 σῶμα
2726 4656 2915 4719 ἀϊδίως
2945 4655 3037 4709 καὶ
3053 4654 3306 4727 άνάρχως
3326 4656 3454 4727 περὶ
3466 4654 3561 4726 τὴν
3584 4654 3699 4724 γῆν

2105 4740 2202 4815 τὴν
2236 4744 2468 4799 ἐνταῦθα
2495 4741 2658 4798 οὖσαν
2684 4744 2871 4797 οὐσίαν
2902 4746 3156 4797 κινεῖται’
3206 4744 3324 4807 πῶς
3347 4744 3567 4797 δύναται
3591 4745 3698 4814 τῆς

2105 4837 2208 4906 γῆς
2230 4832 2366 4890 εἶναι
2388 4837 2679 4908 πρότεροντν
2693 4831 2762 4907 ἧς
2777 4835 2943 4905 χωρὶς
2954 4834 3053 4887 οὐκ
3064 4833 3129 4887 ἂν
3146 4835 3374 4887 ἐκινεῖτο
3392 4834 3490 4905 τὴν
3506 4834 3697 4905 κύκλῳ

2105 4925 2340 4996 κίνησιν;
2358 4928 2528 4979 Καὶεὶ
2548 4925 2609 4979 τὸ
2627 4926 2816 4988 ἀΐδιον,
2830 4922 2998 4976 καὶτὸ
3016 4923 3294 4994 ἀγένητον,
3314 4924 3481 4977 καὶτὸ
3500 4924 3603 4993 χρή
3613 4941 3696 4975 σι-

2109 5032 2208 5087 μον
2229 5015 2364 5087 πρὸς
2383 5015 2636 5069 σύστασιν
2650 5016 2759 5068 τῶν
2780 5014 3010 5069 ἐνταῦθα
3035 5015 3393 5085 γιγνομὲνων,
3419 5015 3495 5078 ὡς
3525 5016 3697 5086 πρόσ-

2105 5123 2222 5160 εστι
2250 5106 2326 5179 τῷ
2354 5108 2578 5178 τοιούτῳ
2602 5106 2837 5178 σώματι,
2869 5106 3042 5172 οὕτως
3072 5106 3333 5178 πρόσεστι
3373 5109 3441 5176 τῇ
3476 5109 3569 5176 γῇ.
3600 5104 3691 5158 διὰ

2104 5200 2159 5254 τί
2182 5200 2244 5254 τὸ
2276 5200 2441 5271 σῶμα
2468 5194 2643 5253 ἐκεῖνο
2666 5198 2991 5271 τιμιώτερον
3014 5202 3107 5253 καὶ
3138 5200 3406 5271 πρότερον
3439 5198 3540 5267 τῆς
3563 5198 3691 5267 γῆς

2493 5374 2581 5430 48.
2618 5374 2721 5428 Ἐκ
2744 5374 2851 5429 τοῦ
2874 5374 3060 5429 αὐτοῦ
3086 5374 3294 5442 λόγου.

2180 5486 2199 5519 ι
2236 5467 2309 5520 Τὸ
2333 5466 2387 5520 δὲ
2409 5466 2518 5537 (51)
2549 5466 2734 5537 κύκλῳ
2763 5466 2922 5539 σῶμα
2940 5465 3240 5537 φερόμενον
3263 5465 3532 5520 ἀδύνατον
3548 5464 3694 5536 ἔχειν

2106 5558 2271 5631 βάρος
2301 5559 2333 5629 ἢ
2364 5558 2693 5629 κουφότητα.
2731 5578 2749 5610 ι

2148 5691 2287 5766 (ῥῷ)
2318 5694 2749 5766 Συσζαᾶείσας.
2787 5694 3012 5766 Aristot.
3054 5693 3366 5758 συστάσεις.

2319 5764 2384 5817 Τὸ
2417 5762 2502 5818 δέ.
2534 5764 2764 5819 Aristut.
2795 5763 2857 5816 τὺ
2886 5765 2970 5829 δή.
