3974 6256
360 348 489 402 15M
1033 340 1484 401 CONFUTATIO
1516 339 1965 410 QUORUMDAM
1995 337 2451 396 ARISTOTELIS
2491 336 2906 398 DOGMATUM.
3487 346 3624 402 1542

418 464 478 515 Et
502 460 563 515 τὸ
586 460 661 534 μὴ
697 460 820 534 ἔχον
852 460 1017 534 βάρος
1058 462 1152 516 καὶ
1186 462 1496 533 κουφότητα
1524 463 1587 515 οὐ
1620 461 1847 516 δυνατὸν
1869 457 1934 516 εῖ-

2111 459 2169 515 Si
2211 460 2267 517 id
2308 460 2453 532 quod
2490 462 2813 535 gravitatem
2852 471 2921 518 et.
2956 461 3232 519 levitatem
3273 479 3383 519 non
3434 464 3621 533 habet,

344 573 430 608 ναι
459 556 632 608 ἁπτόν
654 573 667 586 ⁸
698 557 759 609 ὲν
787 555 891 626 γὰρ
920 557 1032 619 τοῖς
1060 554 1242 625 ἔχουσι
1280 555 1447 627 βάρος
1487 556 1584 609 καὶ
1627 556 1934 627 κουφότητα

2046 556 2330 612 tractabile
2356 572 2469 610 non
2493 563 2612 624 est;
2644 571 2774 611 nam
2821 556 2880 611 in
2928 556 3020 624 iis,
3062 572 3183 627 qua
3211 558 3537 629 gravitatem
3569 570 3624 613 et

342 648 461 732 ἐστὶ
499 648 559 701 τὸ
603 648 792 701 ἁπτόν·
839 648 958 712 πῶς
1000 648 1061 701 τὸ
1105 648 1329 702 ἐκείνων
1362 649 1490 703 ἄνευ
1535 649 1610 721 μὴ
1640 648 1934 720 δυνάμενον

2046 646 2313 703 levitatem
2346 648 2570 714 habent,
2607 648 2894 704 tractabile
2928 657 3034 711 est,
3068 648 3228 721 573
3260 651 3538 721 quomodo
3564 651 3623 705 id

344 735 482 793 εἶναι
510 738 646 809 ἔχει,
681 740 864 792 ἐκεῖνα
891 738 949 791 δὲ
993 739 1091 792 οὐκ
1124 738 1271 809 ἕχει;
1307 737 1430 801 Πῶς
1466 738 1521 791 δὲ
1552 741 1620 810 τῇ
1646 737 1816 792 αὑτοῦ
1847 755 1934 791 κι-

2046 738 2223 804 habet,
2264 739 2412 810 quod
2442 741 2651 810 absque
2685 740 2795 796 illis
2817 754 2942 796 esse
2973 755 3084 794 non
3127 749 3331 811 potest,
3380 742 3477 796 illa
3520 758 3623 797 au-

343 833 496 902 νήσει
525 830 898 901 Θερμαντικήν
921 847 1043 884 τινα
1073 829 1301 901 δύναμιν
1321 830 1482 902 ἀέρος
1504 829 1773 894 ἀποτελεῖ,
1797 830 1932 883 καθ-

2046 841 2147 888 tem
2178 848 2289 888 non
2325 832 2524 888 habet?
2555 832 2675 899 Quo
2712 841 2876 903 pacto
2928 834 3096 889 etiam
3151 843 3304 889 motu
3350 850 3453 890 suo
3507 836 3621 889 vim

341 926 486 997 άπερ
533 923 603 978 τὰ
646 924 880 978 ἐνταῦθα
916 922 1147 994 σώματα
1182 924 1253 978 τά
1295 923 1489 995 ἔχοντα.
1535 923 1815 995 βαρύτητα
1840 925 1934 978 καὶ

2046 925 2331 995 quamdam
2361 925 2773 980 calefactoriam
2796 925 2942 981 aeris
2971 925 3153 992 efﬁcit,
3183 942 3295 981 non
3342 942 3505 985 secus
3555 943 3620 983 ac

334 1016 693 1087 κουφότητα,
750 1015 820 1069 τὰ
864 1017 985 1079 ταῖς
1017 1015 1226 1069 ἑαυτῶν
1270 1016 1519 1088 κινήσεσι
1561 1014 1931 1087 θερμαπικάς

338 1108 671 1164 ἐκτελοῦντα
696 1108 1007 1180 ἐνεργείας

726 1283 818 1339 49.
868 1285 963 1337 Ἐκ
989 1284 1096 1339 τοῦ
1130 1282 1547 1351 αὑτοῦνλότου.

422 1398 441 1431 ι
483 1378 551 1431 Αἱ
580 1377 645 1449 δὲ
671 1378 773 1449 τῆς
801 1378 972 1448 φορᾶς
1004 1374 1352 1438 ἐναντιώσεις
1384 1373 1527 1428 κατά
1571 1371 1671 1437 τὰς
1700 1372 1808 1427 τῶν
1838 1374 1923 1426 τό·

336 1482 462 1557 -πων
490 1438 645 1526 εἰσιν.
659 1438 1021 1534 ὲνάντίῶσεις.
1053 1472 1116 1524 Εἰ
1150 1471 1247 1542 μὲν
1276 1470 1385 1541 γάρ
1415 1464 1705 1541 ἵσαιῆσαν,
1736 1470 1834 1522 οὐκ
1865 1469 1932 1523 ἂν

341 1562 412 1637 ἦν
453 1566 669 1636 κίνησις
712 1564 923 1619 αὐτῶν
976 1564 1110 1617 εἰδὲ
1156 1567 1189 1636 ή
1224 1565 1388 1635 ἑτέρα
1436 1563 1651 1635 κίνησις
1696 1563 1934 1635 ἐπεκρά-

342 1678 426 1713 τει
457 1658 592 1731 (52),
623 1661 657 1731 ή
687 1658 850 1729 ἑτέρα
875 1659 975 1711 οὐκ
1004 1657 1070 1711 ἂν
1098 1653 1189 1729 ἦν.
1210 1659 1393 1722 Ὥστε,
1423 1657 1794 1728 είάμφότερος
1823 1657 1932 1731 (55)

338 1746 430 1826 ἦν,
465 1753 643 1825 μάτην
681 1754 748 1806 ἂν
774 1748 840 1824 ἦν
882 1751 1107 1823 θάτερον
1142 1750 1321 1822 σῶμα,
1370 1748 1444 1821 μὴ
1479 1749 1792 1821 κινούμενον
1830 1751 1930 1822 τὴν

2034 1030 2272 1085 corpora
2302 1023 2522 1071 terrena
2550 1015 2766 1086 pondus
2790 1027 2843 1071 et
2871 1017 3149 1072 levitatem
3186 1018 3468 1087 habentia,
3496 1036 3621 1090 quae

2034 1107 2153 1163 suis
2185 1106 2433 1177 ipsorum
2463 1108 2704 1165 motibus
2738 1108 3122 1165 calefactorias
3152 1108 3393 1165 efficiunt
3421 1126 3621 1182 opera-

2034 1199 2214 1256 tiones
2229 1199 2252 1252 ?

2264 1288 2355 1343 49.
2387 1280 2471 1343 Ea:
2502 1292 2679 1344 eodem
2706 1292 2861 1356 libro,
2887 1296 3044 1355 ibid.,
3073 1307 3122 1350 c.
3152 1298 3205 1356 4|,
3240 1309 3293 1358 υ.
3318 1300 3444 1351 2η.

2104 1397 2126 1432 ι
2184 1380 2484 1437 Delationis
2522 1382 2947 1436 contrarietates
3007 1382 3311 1438 secundum
3370 1382 3616 1439 locorum

2033 1474 2455 1530 eontrarietates
2477 1473 2637 1529 fiunt.
2663 1472 2799 1527 Nam
2831 1473 2877 1529 si
2912 1488 3072 1543 pares
3100 1483 3309 1539 essent,
3337 1491 3447 1530 non
3471 1486 3620 1531 esset

2035 1582 2225 1622 earum
2274 1577 2477 1623 motus.
2524 1565 2680 1632 Quod
2726 1565 2774 1620 si
2825 1566 2998 1621 altera
3044 1567 3366 1637 praevaleret
3420 1568 3616 1633 motio,

2036 1674 2149 1715 non
2179 1666 2327 1714 esset
2356 1658 2549 1714 altera.
2594 1656 2778 1722 Quare
2824 1657 2871 1712 si
2904 1666 3135 1729 utraque
3189 1666 3362 1725 esset,
3407 1658 3618 1714 frustra

2042 1761 2189 1809 esset
2219 1753 2450 1808 alterum
2476 1767 2700 1823 corpus,
2732 1751 2879 1822 quod
2916 1766 3018 1807 suo
3046 1759 3196 1806 motu
3228 1767 3341 1807 non
3369 1767 3622 1807 movere-

346 1847 512 1902 αὑτοῦ
566 1846 799 1918 κίνησιν.
854 1844 1049 1915 Μάτην
1102 1843 1213 1915 γάρ
1266 1843 1522 1916 ὑπόδημα
1577 1844 1735 1897 τοῦτο
1778 1844 1932 1913 λέγο-

2046 1853 2151 1901 tur.
2183 1843 2414 1900 Frustra
2444 1845 2590 1899 enim
2612 1844 2861 1898 calceum
2881 1842 3119 1899 dicimus
3140 1844 3233 1913 qui
3259 1844 3483 1915 ligulam
3506 1860 3619 1899 non

344 1957 446 2011 μεν
474 1938 587 2011 (54)
617 1932 677 1991 οὕ
711 1939 785 2010 μή
826 1939 971 1990 ἐστιν
997 1935 1267 2000 ὑπόδεσις.
1314 1936 1372 1990 Ὁ
1400 1935 1458 1989 δὲ
1486 1936 1618 2000 Θεὸς
1645 1936 1739 1990 καὶ
1764 1937 1798 2008 ή
1828 1936 1932 2006 φύ-

346 2050 433 2096 σις
460 2031 616 2085 οὐδὲν
650 2030 828 2103 μάτην
859 2028 1124 2083 ποιοῦσιν.
1167 2047 1186 2081 ι

414 2124 478 2177 Ei
524 2118 666 2194 ἦσαν
711 2124 767 2175 ὲν
809 2122 952 2193 φορᾷ
998 2119 1267 2191 σωμάτων
1311 2120 1554 2192 κινήσεις
1600 2120 1858 2185 ἐναντίαι,
1897 2107 1945 2190 ἤ
2022 2108 2028 2122 ’

348 2218 459 2270 ἴσαι
490 2215 632 2270 κατὰ
674 2214 771 2286 τὴν
802 2212 1247 2285 ἀντιπερίστασιν
1276 2212 1579 2268 κωλύουσαι
1616 2214 1716 2279 τὰς
1768 2214 1933 2286 ἀλλή-

346 2308 455 2363 λων
497 2308 762 2379 κινήσεις,
795 2305 904 2359 εἴτε
947 2305 1143 2369 ἄνισοι,
1185 2306 1281 2358 καὶ
1316 2304 1403 2358 διὰ
1431 2305 1533 2377 τὴν
1577 2306 1933 2377 ἐπικράτειαν

345 2400 439 2455 τοῦ
472 2400 703 2471 θατέρου
730 2399 793 2452 τὸ
834 2398 1021 2468 ἕτερον
1053 2396 1310 2469 ἀκίνητον
1340 2397 1570 2466 ἐγίνετο,
1609 2404 1676 2472 τῇ
1719 2400 1811 2471 βίᾳ
1836 2400 1932 2453 τοῦ

342 2489 769 2566 ἐπικρατοῦντος
796 2491 858 2544 τὸ
888 2490 1289 2561 κρατούμενον,
1333 2490 1431 2563 τὴν
1464 2491 1628 2546 αὑτοῦ
1658 2492 1799 2546 κατὰ
1830 2492 1933 2562 φύ-

346 2602 432 2639 σιν
476 2584 551 2656 μὴ
593 2582 755 2637 ἀνύον
799 2580 1045 2652 κίνησινο
1100 2578 1277 2651 μάτην
1310 2579 1377 2633 ἂν
1419 2580 1636 2650 ἐγένετο
1680 2580 1749 2632 τὰ
1792 2580 1933 2633 οὕτω

346 2677 483 2749 πρὸς
509 2676 609 2741 τὰς
637 2675 843 2738 οἰκείας
871 2691 930 2727 τε
973 2674 1069 2727 καὶ
1110 2670 1254 2727 κατὰ
1282 2674 1444 2742 φύσιν
1492 2675 1736 2746 κινήσεις
1765 2674 1935 2743 ἐμπε-

344 2767 665 2838 ποδισμένα,
696 2766 790 2820 κα)⁵
816 2764 950 2818 Θεοῦ
983 2765 1083 2818 οὐκ
1109 2765 1175 2819 ἂν
1204 2761 1270 2837 ἦν
1295 2764 1431 2838 ἔργα
1460 2765 1655 2829 ταῦτα,
1683 2764 1807 2817 οὕτε
1835 2764 1934 2833 φύ-

346 2877 483 2923 σεως
511 2859 770 2930 δηλονότι.
806 2858 871 2911 Et
896 2857 1006 2911 τῶν
1038 2857 1216 2929 μάτην
1247 2858 1564 2930 γινομένων,
1595 2860 1624 2912 6
1650 2857 1780 2919 Θεὸς
1810 2858 1933 2910 τού-

344 2969 452 3006 των
501 2951 735 3024 ποιητὴς
779 2952 879 3004 οὐκ
918 2945 1007 3020 ἦν,
1057 2949 1181 3003 οὕτε
1209 2953 1243 3022 ή
1281 2950 1473 3019 φύσις·
1505 2950 1613 3005 τῶν
1660 2951 1719 3003 οὺ
1756 2950 1932 3022 μάτην

344 3046 453 3119 ἄρα
479 3043 840 3116 γιγνομένων,
874 3042 989 3096 ἀλλ’
1021 3042 1430 3112 ἀνεμποδίστως
1458 3040 1557 3103 τὰς
1601 3040 1745 3095 κατά
1772 3042 1933 3112 φύσιν

345 3137 524 3191 αὐτῶν
576 3138 816 3207 κινήσεις
860 3135 1245 3201 ὲκτελούντων,
1301 3136 1330 3188 6
1388 3132 1518 3196 Θεὸς
1559 3134 1764 3187 τούτων
1813 3134 1932 3187 ἐστὶ

345 3227 577 3300 ποιητὴς
614 3229 707 3281 καὶ
734 3228 768 3299 ή
802 3226 982 3299 φύσις.
1014 3226 1140 3289 Πῶς
1171 3221 1264 3278 οὗν
1294 3224 1397 3279 οὐκ
1421 3222 1537 3276 ἔστι
1569 3223 1678 3277 τῶν
1712 3225 1929 3277 ἀτοπω-

346 3321 525 3375 τάτων
542 3320 604 3372 τὸ
632 3318 873 3390 ἀγένητα
894 3318 1095 3387 λέγειν,
1128 3316 1275 3370 ἀΐδιά
1300 3333 1360 3368 τε
1388 3316 1481 3370 καὶ
1500 3316 1709 3389 άναρχα
1735 3315 1928 3381 ταῦτα,

346 3407 421 3468 ὧν
446 3415 476 3466 ό
503 3412 636 3475 Θεὸς
662 3413 755 3465 καὶ¹
784 3414 817 3482 ή
850 3410 1010 3480 φύσις
1037 3409 1155 3462 ἐστὶ
1184 3409 1450 3481 ποιητής;
1490 3409 1621 3474 Καὶ,
1652 3410 1702 3461 εἰ
1735 3408 1932 3480 ὑποδή-

346 3523 499 3577 ματα
527 3505 665 3578 ἔργα
694 3505 936 3575 τεχνίτου
972 3505 1155 3556 ἐκεῖνα
1182 3501 1413 3573 λέγομεν
1446 3500 1518 3555 τὰ
1560 3500 1754 3572 ἔχοντα
1800 3500 1932 3554 ὑπό-

348 3598 516 3668 δεσιν,
561 3597 650 3651 διὰ
676 3598 732 3650 τί
765 3597 840 3670 μὴ
872 3596 967 3650 καὶ
1006 3594 1075 3648 τὰ
1106 3592 1337 3666 σώματα
1361 3592 1431 3647 τὰ
1458 3592 1600 3647 κατὰ
1631 3593 1792 3663 φύσιν
1832 3592 1932 3655 τὰς

348 3692 552 3757 οἰκείας
596 3690 919 3745 ὲκτελοῦντα
961 3690 1225 3760 κινήσεις,
1254 3685 1485 3759 λέγομεν
1520 3686 1767 3758 νοήματα
1795 3684 1930 3739 Θεοῦ

347 3798 403 3837 τε
437 3784 531 3839 καὶ
560 3782 776 3853 φύσεως
800 3799 815 3849 ;

726 3875 817 3930 50.
861 3875 956 3928 Ἐκ
988 3873 1095 3927 τοῦ
1124 3872 1312 3927 αὐτοῦ
1344 3872 1559 3943 λόγου.

424 3988 446 4022 ι
488 3969 565 4023 Τὸ
597 3970 697 4041 μὲν
728 3965 821 4023 οὖν
847 3968 1033 4038 ἓτερον
1060 3964 1199 4020 εἶναι
1226 3966 1317 4018 τὸν
1353 3964 1511 4032 λόγον
1550 3961 1641 4015 τὸν
1669 3961 1797 4015 ἄνευ
1831 3960 1931 4031 τῆς

348 4059 501 4135 ὕλης,
532 4070 629 4117 καὶ
665 4058 757 4117 τὸν
784 4064 841 4115 ὲν
874 4064 941 4133 τῇ
975 4061 1078 4134 ὕλῃ
1104 4060 1203 4132 τῆς
1253 4058 1486 4131 μορφῆς,
1526 4053 1705 4118 καλῶς
1730 4070 1789 4106 τε
1819 4054 1931 4125 (55)

344 4158 589 4227 λέγεται,
636 4157 731 4210 καὶ
764 4156 903 4209 ἔστω
950 4154 1108 4209 τοῦτο
1154 4152 1389 4224 ἀληθέςο
1424 4148 1727 4204 ἀλλἰούδὲν
1766 4143 1932 4220 ἦττον

345 4252 572 4323 οὐδεμία
617 4250 830 4324 ἀνάγκη
873 4250 960 4304 διὰ
1003 4248 1163 4303 τοῦτο
1211 4246 1429 4308 πλείους
1482 4238 1622 4297 εἶναι
1668 4241 1930 4313 κόσμους,

347 4346 467 4400 οὐδὲ
503 4345 775 4415 ἐνδέχεται
821 4343 1041 4405 πλείους
1089 4339 1343 4410 γενέσθαι
1386 4336 1519 4411 (56),
1568 4334 1799 4406 ἐπείπερ
1842 4327 1933 4387 οὕ-

346 4457 435 4503 τος
465 4440 576 4511 (5Ἱ)
611 4441 675 4492 ὲκ
705 4438 884 4508 πάσης
909 4436 1026 4489 ἐστὶ
1060 4435 1159 4507 τῆς
1196 4433 1350 4505 ὕλης,
1378 4431 1568 4502 ῶσπερ
1595 4427 1760 4481 ἐστίν.
1798 4446 1820 4480 ι

420 4534 485 4586 Εἰ
511 4533 573 4585 τὸ
616 4530 795 4593 ἀῦλως
823 4530 916 4583 καὶ
951 4528 1150 4590 ὲνύλως
1178 4526 1293 4579 ἐστὶ
1328 4523 1424 4577 τοῦ
1452 4522 1612 4591 λόγου
1657 4521 1796 4592 πρὸς
1837 4517 1931 4574 τὸν

347 4625 504 4694 λόγον
528 4626 564 4694 ή
592 4620 844 4692 διαφορὰ,
875 4619 1118 4692 δηλονότι
1148 4617 1373 4689 ὕστερον
1403 4613 1498 4667 τοῦ
1529 4613 1688 4681 λόγου
1713 4611 1808 4664 τοῦ
1838 4611 1936 4664 ἀΰ-

347 4718 440 4773 λου
469 4720 499 4772 ό
524 4716 681 4785 λόγος
726 4716 754 4768 6
782 4712 982 4776 ἒνυλος.
1023 4710 1149 4773 Πῶς
1194 4704 1288 4762 οὖν
1336 4707 1598 4777 ἀγένητος
1634 4705 1663 4756 ὁ
1706 4704 1931 4774 κόσμος,

350 4814 415 4865 ὲκ
445 4809 541 4862 τοῦ
589 4806 819 4878 ὑστέρου
870 4804 1031 4873 λόγου
1059 4803 1160 4873 τὴν
1218 4799 1477 4853 σύστασιν
1536 4796 1824 4867 ὲσχηκώς;
1868 4797 1934 4849 Εἰ

347 4884 584 4965 ἀνείδεος
617 4900 712 4954 καὶ
746 4897 1016 4963 ἀνούσιος,
1050 4895 1145 4948 καὶ
1173 4891 1267 4945 τοῦ
1302 4887 1440 4945 εἶναι
1465 4889 1583 4943 τόδε
1612 4907 1665 4943 τι
1703 4890 1932 4960 ἐστερη-⁶

353 4998 488 5069 μένη
519 4999 554 5068 ή
602 4993 702 5066 ὕλη
747 4992 856 5065 πρὸ
899 4989 995 5044 τοῦ
1039 4985 1225 5042 λαϐεῖν
1249 4984 1313 5038 τὸ
1349 4980 1508 5047 εἶδος,
1538 4984 1633 5036 καὶ
1679 4981 1933 5051 γενέσθαι

347 5090 524 5157 οὐσία,
554 5089 650 5142 καὶ
678 5086 794 5140 τόδε
836 5104 891 5139 τι
914 5101 930 5115 ο
962 5081 1080 5146 πῶς
1107 5078 1375 5152 ἀγένητος
1404 5079 1434 5131 ό
1474 5076 1698 5147 κόσμος,
1727 5077 1793 5129 ἐκ
1834 5075 1933 5145 τῆς

346 5182 604 5253 τοιαύτης
633 5179 765 5251 ὕλης
794 5175 1066 5248 γεγονώς;
1098 5176 1164 5229 Εἰ
1200 5176 1229 5229 ὁ
1257 5169 1507 5245 ἐσχηκὼς
1532 5169 1624 5222 τὸν
1652 5168 1809 5237 λόγον
1836 5165 1933 5219 τοῦ

348 5277 467 5341 ἑνὸς
514 5275 745 5339 κόσαου,
782 5266 938 5337 οὕτος
979 5273 1074 5326 καὶ
1113 5268 1377 5324 πλειόνων
1413 5264 1635 5335 κόσμων
1670 5254 1779 5333 εἶχε
1806 5261 1933 5323 τοὺς

441 5476 533 5543 52)
577 5475 938 5542 Ἐπεκρὰτει.
968 5472 1199 5543 Aristot.
1228 5467 1470 5543 ἐκράτει.

441 5476 511 5532 52
577 5476 938 5542 Ἐπεκρὰτει.
969 5476 1199 5526 Aristot.
1228 5476 1470 5543 ἐκράτει.

417 5476 543 5670 ί55ξ
579 5547 945 5615 Ἀμφότερος.
967 5542 1043 5596 lla
1070 5541 1206 5612 Reg.
1234 5550 1486 5608 uterque.
1517 5533 1662 5588 Editi
1692 5534 1934 5605 ἀμφότε-

417 5638 463 5670 ν.
499 5659 514 5670 .
547 5617 727 5670 ristot.
754 5613 1060 5670 ἀμφοτέρα.
1089 5613 1214 5667 Mox
1237 5611 1468 5665 Aristot.
1498 5608 1599 5670 τὴν
1652 5605 1821 5670 αὐτὴν
1851 5604 1931 5657 κι-

352 5604 463 5691 ρού.
499 5604 727 5671 Aristo}.
754 5604 1060 5686 ἀμφοτέρα.
1089 5604 1214 5667 Mox
1237 5604 1468 5665 Aristot.
1498 5608 1599 5681 τῂν
1652 5604 1821 5677 αὐτὴν
1851 5604 1931 5657 κι-

353 5706 535 5826 νηῗῖἲί)
565 5756 745 5828 Τοῦτο
773 5756 1049 5828 λέγομεν.
1082 5753 1162 5808 Ita
1189 5752 1421 5808 Aristot.
1456 5747 1597 5804 Editi
1639 5747 1814 5804 nostri
1851 5746 1934 5801 vi-

352 5826 823 5899 ιίοδο,λεγομένου.

2036 1937 2226 1993 habet.
2254 1937 2399 1993 Deus
2425 1945 2606 1993 autem
2633 1944 2688 1992 et
2716 1942 2915 1991 natura
2943 1935 3081 1990 nihil
3104 1935 3315 1991 faciunt
3338 1936 3561 1993 frustra.
3593 1957 3613 1990 ι

2111 2120 2172 2176 Si
2200 2128 2387 2177 essent
2415 2120 2470 2174 in
2497 2128 2649 2176 motu
2680 2120 2843 2175 locati
2874 2133 3167 2189 corporum
3199 2119 3474 2175 motiones
3495 2133 3619 2174 con-

2036 2212 2241 2277 traria),
2273 2212 2359 2267 vel
2388 2227 2569 2281 pares,
2599 2212 2673 2265 ita
2708 2217 2767 2264 ut
2797 2225 2892 2280 per
2922 2216 3169 2263 mutuam
3213 2210 3615 2279 oppositionem

2036 2318 2168 2360 suos
2193 2304 2427 2358 invicem
2457 2302 2789 2373 impedirent
2817 2308 3033 2367 motus;
3068 2300 3154 2355 vel
3189 2302 3428 2371 impares
3452 2302 3528 2355 ita
3558 2306 3619 2353 ut

2035 2395 2108 2450 ob
2145 2394 2372 2450 alterius
2397 2392 2738 2448 dominatum
2764 2393 2997 2447 alterum
3022 2391 3301 2447 immobile
3328 2399 3495 2457 esset,
3519 2391 3619 2449 do-

2034 2488 2298 2543 minantis
2339 2487 2602 2541 violentia
2647 2487 2887 2551 victum,
2935 2500 3038 2539 nee
3090 2500 3251 2540 suum
3310 2485 3618 2539 naturalem

2036 2592 2307 2648 peragens
2328 2592 2552 2633 cursum
2575 2618 2590 2645 ,
2623 2576 2829 2632 frustra
2864 2575 3009 2630 facta
3049 2583 3262 2639 essent,
3291 2590 3413 2644 qua:
3444 2574 3525 2629 sic
3550 2574 3619 2627 ad

2036 2684 2168 2726 suos
2201 2676 2256 2724 et
2299 2669 2584 2724 naturales
2628 2678 2812 2725 motus
2869 2667 3132 2737 impedita
3184 2674 3393 2731 essent,
3439 2682 3620 2735 neque

2035 2763 2151 2818 haec
2184 2760 2281 2816 Dei
2302 2760 2552 2833 profecto
2587 2776 2756 2832 opera
2800 2769 3012 2826 essent,
3059 2776 3237 2829 neque
3281 2766 3511 2814 naturae.
3561 2759 3620 2814 Si

2035 2871 2396 2926 eorum,qua3
2423 2856 2630 2911 frustra
2682 2857 2841 2920 fiunt,
2889 2852 3036 2909 Deus
3083 2853 3339 2908 conditor
3386 2866 3499 2906 non
3533 2861 3619 2907 est

2035 2964 2139 3005 nec
2161 2956 2394 3016 natura;
2425 2962 2617 3003 eorum
2668 2962 2819 3017 ergo,
2873 2961 2996 3016 quae
3044 2945 3253 3000 frustra
3302 2960 3413 2998 non
3459 2943 3617 3010 fiunt,

2036 3042 2133 3098 sed
2162 3043 2281 3097 sine
2307 3041 2697 3111 impedimento
2729 3040 3008 3095 naturales
3056 3054 3187 3095 suos
3234 3053 3434 3093 cursus
3462 3053 3620 3107 pera-

1957 3172 2004 3235 c
2037 3146 2193 3207 gunt,
2226 3133 2371 3190 Deus
2392 3134 2649 3189 conditor
2678 3141 2763 3189 est
2787 3141 2842 3188 et
2866 3140 3083 3187 natura.
3131 3131 3420 3198 Quomodo
3449 3130 3618 3201 igitur

2034 3247 2146 3285 non
2174 3229 2634 3284 absurdissimum
2657 3242 2724 3282 ea
2758 3227 3002 3297 ingenita
3030 3224 3214 3279 dicere
3243 3231 3297 3279 et
3330 3231 3535 3277 aeterna
3564 3230 3620 3277 et

2034 3325 2153 3381 sine
2174 3323 2467 3394 principio,
2502 3336 2736 3393 quorum
2760 3319 2904 3375 Deus
2925 3319 3180 3373 conditor
3205 3323 3291 3373 est
3316 3327 3369 3371 et
3384 3318 3619 3370 natura!

2034 3418 2101 3473 Et
2131 3419 2178 3475 si
2207 3419 2586 3487 calceamenta
2608 3415 2699 3469 illa
2730 3414 2969 3469 dicimus
3001 3426 3169 3482 opera
3208 3411 3458 3477 artificis,
3496 3424 3620 3479 quae

2034 3510 2238 3565 habent
2266 3508 2524 3580 ligulam:
2557 3522 2661 3562 cur
2696 3522 2809 3563 non
2846 3516 2900 3561 et
2928 3518 3163 3575 corpora
3208 3504 3321 3568 illa,
3365 3518 3488 3574 qua:
3529 3518 3611 3557 se

2032 3602 2276 3657 cundum
2308 3608 2565 3656 naturam
2607 3600 2861 3670 preprios
2909 3597 3202 3669 perﬁciunt
3250 3612 3471 3661 cursus,
3522 3594 3614 3650 Dei

2033 3698 2254 3754 inventa
2282 3704 2338 3754 et
2358 3703 2571 3752 natura}
2597 3693 2873 3750 dicimus?

2287 3876 2375 3931 50.
2406 3872 2494 3927 Ea:
2522 3871 2704 3927 eodem
2733 3869 2886 3927 libro.
2911 3866 3069 3933 ibid.,
3096 3878 3147 3921 e.
3173 3863 3228 3918 9.
3256 3876 3312 3932 p.
3340 3858 3467 3913 278.

2111 3987 2131 4021 ι
2168 3968 2337 4040 Igitur
2359 3966 2522 4019 aliam
2553 3979 2677 4019 esse
2708 3962 2827 4018 sine
2856 3958 3084 4014 materia
3108 3964 3160 4011 et
3204 3954 3369 4008 aliam
3415 3952 3471 4005 in
3499 3965 3615 4003 ma-

2034 4063 2174 4117 teria
2203 4060 2468 4114 rationem
2504 4054 2711 4116 formae,
2743 4062 2895 4109 recte
2937 4050 3161 4115 dicitur,
3208 4046 3374 4115 idque
3428 4058 3616 4098 verum

2033 4169 2159 4212 esse
2190 4159 2431 4208 maneat.
2464 4148 2535 4202 At
2564 4147 2923 4203 nihilominus
2947 4143 3097 4197 nulla
3144 4140 3353 4195 idcirco
3376 4136 3616 4192 necessi-

2034 4254 2120 4301 tas
2147 4244 2332 4315 plures
2360 4256 2483 4297 esse
2515 4238 2773 4302 mundos,
2818 4251 2919 4291 nec
2960 4236 3147 4305 plures
3183 4246 3308 4287 esse
3355 4238 3611 4299 possunt,

2033 4338 2306 4410 siquidem
2333 4335 2439 4390 iste
2461 4349 2528 4389 ex
2556 4339 2670 4386 tota
2698 4340 2784 4386 est
2815 4328 3071 4390 materia,
3102 4324 3266 4380 sicuti
3288 4330 3394 4377 est.
3435 4341 3455 4373 ι

1959 4532 2013 4595 υ
2109 4520 2169 4577 Si
2196 4516 2467 4575 materiali
2498 4520 2552 4569 et
2580 4508 2933 4568 immateriali
2963 4505 3277 4562 continetur
3306 4499 3539 4555 rationis
3582 4513 3616 4552 a

2036 4615 2251 4670 ratione
2274 4608 2575 4666 discrimen
2592 4647 2609 4672 ,
2632 4604 2805 4674 liquet
2824 4600 3102 4671 posterius
3123 4611 3245 4651 esse
3263 4592 3617 4649 immateriali

2036 4706 2374 4761 materialem
2391 4701 2683 4756 rationem.
2704 4692 2993 4763 Quomodo
3014 4704 3143 4760 ergo
3165 4687 3440 4758 ingenitus
3457 4701 3617 4739 mun-

2034 4802 2160 4865 dus,
2181 4800 2274 4869 qui
2298 4813 2363 4853 ex
2384 4790 2675 4867 posteriori
2702 4788 2920 4845 ratione
2942 4781 3393 4839 constitutionem
3418 4777 3618 4831 habet?

2038 4893 2095 4948 Si
2114 4894 2234 4951 sine
2256 4890 2432 4945 forma
2449 4896 2502 4942 et
2522 4882 2838 4941 substantia
2858 4888 2960 4945 est,
2982 4889 3161 4945 neque
3181 4873 3233 4927 id
3257 4872 3421 4926 habet
3450 4877 3616 4923 male-

2034 4987 2119 5041 ria
2151 4993 2209 5040 ut
2237 4991 2449 5039 eertum
2467 4979 2600 5050 quid
2625 4978 2718 5043 sit,
2746 4981 3040 5041 antequam
3068 4967 3301 5021 formam
3327 4961 3613 5032 suscipiat,

2039 5080 2245 5150 ﬁatque
2283 5072 2594 5132 substantia
2624 5076 2681 5124 et
2722 5076 2932 5122 certum
2962 5059 3128 5133 quid:
3159 5057 3435 5129 quomodo
3460 5055 3613 5124 inge-

2026 5146 2187 5230 nitus
2215 5168 2477 5231 mundus,
2507 5165 2604 5235 qui
2634 5177 2703 5217 ex
2725 5154 3000 5230 ejusmodi
3030 5152 3210 5207 factus
3230 5159 3315 5205 est
3338 5146 3607 5202 materia?

2038 5267 2098 5323 Si
2125 5267 2221 5338 qui
2246 5261 2444 5319 habuit
2472 5257 2636 5313 unius
2665 5251 2857 5309 mundi
2885 5250 3155 5305 rationem
3185 5245 3302 5300 sive
3328 5241 3530 5305 ideam,
3564 5238 3616 5296 is

2107 5462 2218 5535 (55)
2249 5457 2462 5535 Καλῶς
2488 5474 2571 5535 τε.
2606 5452 2880 5535 Voculam
2923 5442 3229 5515 desumpsit
3284 5433 3615 5509 Sylburgius

2034 5552 2101 5591 ex
2115 5526 2383 5587 contextu
2412 5526 2745 5582 Aristotelis.

2103 5604 2217 5673 (56)
2245 5598 2557 5673 Γενέσθαι.
2588 5596 2812 5673 Aristot.
2844 5587 3003 5673 εἶναι.
3063 5665 3076 5673 _
3132 5672 3141 5673 ί
3216 5650 3423 5673 “ab”
3470 5642 3603 5673 Mm:

2245 5642 2467 5745 ’ῥῖτὸξί
2479 5642 2567 5723 “iii
2588 5642 2920 5723 'Xiiéidieiis'
2967 5642 3171 5716 textus.
3216 5650 3425 5709 Vitiose
3468 5642 3602 5703 editi

2034 5741 2234 5812 nostri,
2259 5741 2455 5802 οὕτως.
