3974 6256
368 332 508 404 1533

1147 326 1510 400 APPENDIX.
1551 366 1619 381 ά
1656 328 1838 395 rans
1874 328 1916 394 t.
1958 337 2016 394 s.
2051 326 2315 396 ms'mvl
2354 318 2584 393 orans
2619 332 2889 397 spuma.

3483 341 3627 403 15M

363 474 416 520 et
443 462 682 536 plurium
711 458 1039 517 mundorUm
1072 459 1263 516 habuit
1299 460 1562 522 rationes,
1609 471 1713 512 nec
1749 463 1932 509 tamen

2035 452 2245 523 λόγους,
2292 453 2387 507 καὶ
2419 454 2494 525 μὴ
2539 453 2618 525 τῷ
2654 453 3009 527 ἀρεσκομένῳ
3049 452 3147 509 τοῦ
3192 453 3402 529 κόσμου
3449 460 3629 517 ἐποίει

363 556 651 623 mundum,
683 555 810 625 quia
836 555 885 609 ei
916 553 1185 625 placebat,
1213 553 1281 608 ad
1305 552 1593 607 arbitrium
1613 562 1773 605 suum
1799 560 1933 600 con-

362 647 524 713 didit,
553 648 649 704 sed
683 654 1006 718 suppetente
1034 646 1262 701 materia
1298 660 1466 700 unum
1494 642 1760 697 mundum
1797 654 1925 694 con-

362 738 492 793 dere
538 732 735 808 potuit,
769 735 1056 791 deﬁciente
1080 737 1264 805 plures
1287 751 1397 790 non
1425 734 1633 805 potuit:
1657 732 1937 804 quomodo

363 844 475 884 non
506 828 722 885 videtur
750 827 955 882 frustra
1000 827 1259 883 habuisse
1307 827 1546 898 plurium
1605 824 1935 879 mundorum

363 923 538 984 ideas,
570 937 707 991 quos
736 922 975 977 condere
1001 938 1111 976 non
1141 920 1317 975 valuit
1359 921 1431 975 ob
1477 919 1720 975 materia
1764 933 1939 989 penu-

361 1015 540 1068 riam?
583 1014 642 1069 Si
674 1029 740 1068 cx
772 1014 1015 1084 ingenito
1048 1013 1346 1084 ingenitum
1392 1012 1510 1066 fieri
1558 1026 1668 1066 non
1714 1017 1931 1081 potest:

360 1107 655 1177 quomodo,
685 1106 730 1161 si
765 1106 1005 1178 ingenita
1036 1106 1263 1161 materia
1294 1115 1347 1160 et
1376 1105 1650 1176 ingenitus
1670 1102 1931 1167 mundus,

363 1200 451 1253 hic
479 1215 544 1254 ex
580 1200 672 1253 illa
712 1199 808 1253 lit?
848 1198 905 1253 Si
930 1214 1040 1253 non
1069 1198 1196 1253 fecit
1222 1197 1383 1269 574Ι
1415 1197 1580 1262 Deus,
1632 1206 1691 1251 ut
1719 1212 1782 1252 ea
1814 1204 1936 1267 qua

363 1299 492 1345 sunt
520 1305 585 1345 ex
612 1291 863 1353 materia,
896 1290 968 1344 ita
1011 1296 1066 1343 et
1107 1290 1428 1356 materiam;
1472 1304 1583 1343 non
1634 1304 1764 1359 ergo
1803 1288 1936 1342 facit

360 1376 504 1435 Deus
531 1395 868 1451 quacunque
897 1382 1037 1443 Vult,
1069 1379 1164 1435 sed
1209 1396 1550 1450 quacunque
1594 1387 1791 1450 potest.
1826 1379 1934 1435 Sed

362 1475 407 1530 si
440 1488 625 1545 parem
653 1474 814 1529 habet
860 1473 1127 1527 volumati
1161 1477 1488 1542 potestatem
1539 1472 1593 1525 in
1641 1471 1893 1526 omnibus
1918 1512 1932 1539 ,

361 1568 616 1623 conditor
656 1565 904 1637 profecto
950 1564 1193 1620 materia
1257 1563 1424 1628 Deus,
1476 1562 1932 1633 quemadmodum

358 1665 414 1715 et
442 1675 652 1723 eorum,
684 1674 804 1729 qua
834 1675 899 1713 ex
932 1656 1161 1711 materia
1206 1654 1352 1710 facta
1394 1660 1542 1710 sunt.
1588 1652 1646 1707 Si
1690 1654 1935 1723 subjecta

361 1751 473 1808 Deo
499 1752 727 1808 materia
756 1751 824 1806 ad
857 1750 1197 1806 eﬂ‘ectionem
1232 1763 1445 1811 eorum,
1484 1763 1604 1817 qua
1633 1761 1698 1801 ex
1732 1740 1829 1801 illa
1854 1744 1934 1799 l'a-

2037 545 2139 616 τὴν
2165 539 2380 617 ποίησιν
2419 545 2563 600 κατά
2601 546 2700 618 τὴν
2726 547 2933 601 οἰκείαν
2963 545 3237 621 βούλησιν.
3269 552 3405 607 ἀλλά
3430 559 3501 627 τῇ
3532 556 3629 611 εὐ-

2039 637 2205 727 πορία
2243 638 2346 708 τῆς
2390 636 2523 710 ὕλης
2564 639 2751 709 ἴσχυσε
2793 642 2964 694 ποιεῖν
3011 641 3213 713 κόσμον
3248 642 3366 711 ἕνα,
3414 649 3511 700 καὶ

2036 730 2243 802 ἀπορία
2271 731 2441 802 αὐτῆς
2468 732 2568 784 οὐκ
2618 731 2807 802 ἴσχυσε
2850 736 3021 785 ποιεῖν
3058 733 3305 800 πλείονας
3345 738 3621 809 κόσμουςσ

2037 823 2156 887 πῶς
2176 820 2235 876 οὐ
2269 824 2415 877 δοκεῖ
2443 823 2620 896 μάτην
2649 824 2940 896 ἐσχηκέναι
2966 820 3224 881 πλειόνων
3247 829 3467 900 κόσμων
3494 833 3626 896 τοὺς

2036 915 2244 984 λόγους,
2282 909 2355 969 ὧν
2384 916 2482 987 τὴν
2513 916 2730 988 ποίησιν
2758 912 2857 970 οὐκ
2899 916 3088 989 ἴσχυσε
3118 918 3207 973 διὰ
3255 921 3356 990 τὴν
3384 922 3625 994 ἀπορίαν

2034 1007 2135 1078 τῆς
2164 1007 2329 1078 ὕλης;
2360 1008 2421 1060 Εἰ
2449 1007 2509 1073 ἐξ
2537 1009 2802 1081 ἀγενήτου
2834 1009 3095 1063 ἀδύνατον
3134 1012 3387 1080 γενέσθαι
3418 1014 3626 1087 ἀγένη-

2035 1116 2146 1162 τον,
2179 1098 2314 1164 πῶς,
2346 1100 2394 1151 εἰ
2428 1100 2692 1173 ἀγένητος
2716 1102 2815 1173 μὲν
2844 1104 2877 1174 ἡ
2924 1102 3044 1175 ὕλη,
3080 1105 3345 1177 ἀγένητος
3371 1108 3430 1161 δὲ
3465 1110 3563 1163 καὶ
3594 1113 3624 1165 6

2036 1190 2256 1260 κόσμος,
2287 1180 2494 1259 γίνεται
2523 1185 2680 1256 οὕτος
2698 1194 2758 1259 ἐξ
2784 1195 3029 1267 ὲκείνης;
3060 1199 3122 1250 El
3155 1198 3229 1270 μὴ
3256 1198 3331 1262 ὠς
3363 1200 3626 1271 ἐποίησεν

2034 1285 2063 1336 6
2094 1282 2227 1347 Θεὸς
2256 1282 2325 1336 τά
2355 1285 2420 1337 ὲκ
2446 1285 2546 1357 τῆς
2567 1285 2718 1357 ὕλης,
2750 1285 2893 1341 οὕτω
2922 1288 3014 1341 καὶ
3046 1289 3143 1361 τὴν
3175 1289 3307 1362 ὕλην
3340 1293 3621 1364 ἐποίησεν,

2034 1375 2134 1428 οὐκ
2162 1376 2270 1447 ἄρα
2298 1380 2442 1429 ποιεῖ
2480 1380 2508 1430 6
2541 1378 2675 1443 Θεὸς
2702 1381 2802 1433 ὅσα
2838 1381 3105 1452 βούλεται,
3139 1384 3255 1437 ἀλλ’
3280 1387 3381 1439 ὅσα
3423 1387 3620 1457 ἰσχύει.

2034 1460 2097 1518 Εἰ
2122 1466 2177 1519 δὲ
2208 1466 2329 1538 ἴσην
2355 1472 2421 1539 τῇ
2456 1468 2706 1541 βουλήσει
2737 1471 2848 1543 ἔχει
2870 1474 2969 1545 τὴν
3001 1475 3152 1544 ἰσχὺν
3181 1476 3240 1529 ἐν
3271 1478 3427 1541 πᾶσι,
3458 1496 3624 1549 ποιη-

2034 1557 2133 1629 τὴς
2162 1558 2274 1630 ἄρα
2314 1559 2415 1630 τῆς
2456 1560 2587 1633 ὕλης
2622 1564 2651 1615 6
2693 1563 2844 1629 Θεὸς,
2891 1567 3080 1638 ὥσπερ
3118 1568 3213 1620 καὶ
3257 1568 3367 1622 τῶν
3413 1571 3477 1623 ἐκ
3521 1572 3625 1641 τῆς

2036 1646 2185 1719 ὕλης.
2216 1650 2279 1703 Et
2306 1652 2339 1721 ἡ
2381 1651 2501 1725 ὕλη,
2533 1653 2865 1729 ὑποκειμένη
2907 1657 3025 1729 Θεῷ
3066 1661 3148 1723 είς
3178 1661 3393 1732 ποίησιν
3425 1662 3535 1716 τῶν
3563 1663 3623 1729 ἐξ

2033 1736 2201 1813 αὐτῆς
2228 1743 2462 1807 ἀνείδεος
2488 1741 2621 1799 οὖσα
2646 1748 2739 1800 καὶ
2767 1749 3032 1817 ἀνούσιος,
3054 1752 3243 1816 ἄποιός
3270 1770 3329 1806 τε
3361 1755 3455 1807 καὶ
3482 1756 3622 1808 ἄπο-

359 1852 446 1899 cta
496 1851 645 1906 sunt,
676 1859 801 1898 cum
829 1848 976 1899 esset
1009 1842 1129 1897 sine
1166 1840 1338 1896 forma
1360 1846 1413 1895 et
1439 1838 1767 1904 substantia,
1814 1838 1932 1893 sine

2036 1851 2148 1901 σος,
2174 1834 2279 1888 ὑπὸ
2298 1837 2398 1908 τῆς
2416 1837 2511 1891 τοῦ
2534 1839 2666 1893 Θεοῦ
2696 1841 2981 1913 δυνάμεως
3013 1846 3313 1918 μετεόληθη
3337 1849 3418 1910 είς
3443 1848 3619 1901 ταῦτα

359 1936 624 2006 qualitate
647 1943 701 1991 et
722 1936 1053 2006 quantitate,
1083 1933 1174 1989 Dei
1217 1940 1487 2005 petestate
1511 1939 1718 1987 mutata
1759 1939 1842 1987 est
1877 1932 1933 1986 in

360 2027 477 2082 hac
505 2027 789 2092 omnia,ac
807 2026 1117 2081 substantia
1145 2026 1464 2095 qualitatem
1493 2030 1547 2078 et
1572 2023 1932 2092 quantitatem

356 2119 565 2175 habens
585 2117 727 2173 facta
748 2128 863 2173 est:
886 2119 1158 2188 quomodo
1183 2122 1290 2171 no‘n
1312 2115 1500 2172 eadem
1522 2114 1619 2169 Dei
1640 2121 1930 2186 potestate,

358 2227 481 2281 qua
504 2220 581 2266 tot
610 2226 674 2266 ac
700 2219 881 2266 tantas
908 2214 962 2266 in
1000 2212 1095 2265 illa
1133 2210 1468 2265 mutationes
1491 2207 1689 2272 eil'ecit,
1716 2222 1825 2262 non
1859 2207 1934 2261 ita

361 2304 593 2359 adaucta
620 2312 726 2369 est,
757 2313 816 2359 ut
838 2303 1025 2374 plures
1056 2317 1123 2357 ex
1152 2302 1245 2356 illa
1269 2300 1459 2355 mundi
1489 2300 1701 2365 tierent,
1750 2298 1844 2355 sed
1878 2298 1934 2352 in

357 2396 699 2453 ell‘ectionem
728 2397 891 2451 unius
915 2394 1100 2449 mundi
1132 2399 1477 2463 consumpta,
1508 2390 1677 2446 Deum
1704 2390 1933 2446 invitum

358 2491 628 2553 coercuit,
660 2488 959 2559 quominus
994 2488 1180 2556 plures
1210 2484 1447 2539 mundos
1475 2483 1723 2538 crearet?

520 2584 609 2639 51.
646 2584 730 2639 Ea:
757 2588 938 2639 eodem
962 2572 1119 2645 libro,
1141 2579 1299 2637 ibid"
1319 2591 1369 2635 c.
1399 2576 1455 2635 9.
1478 2587 1534 2636 νο
1559 2570 1685 2628 Ὧδε
1820 2651 1829 2658 .

437 2690 455 2723 ‹
488 2670 701 2726 leum
731 2671 888 2726 exiis
916 2672 1134 2742 quidem
1164 2679 1247 2726 est
1271 2685 1392 2741 qua
1440 2668 1740 2739 singularia
1776 2674 1929 2730 sunt,

357 2770 414 2818 et
446 2779 512 2818 ex
554 2764 623 2819 iis
646 2779 767 2833 qua
790 2779 857 2819 ex
884 2764 1114 2817 materia
1148 2761 1290 2816 facta
1322 2769 1475 2816 sunt.
1513 2756 1617 2815 Sed
1652 2759 1700 2815 si
1730 2773 1838 2813 non
1867 2772 1934 2811 ex

358 2863 517 2926 parte
550 2856 697 2911 illius
740 2857 943 2910 factum
986 2863 1090 2917 est,
1132 2854 1225 2909 sed
1258 2870 1325 2909 ex
1370 2861 1519 2920 tota;
1557 2851 1662 2905 alia
1713 2849 1933 2921 quidem

359 2945 464 3017 ipsi
488 2948 650 3012 calo,
683 2947 790 3002 alia
819 2948 946 3002 huic
975 2947 1115 3002 calo
1145 2945 1410 3008 essentia,
1458 2943 1555 3001 sed
1603 2952 1783 2997 tamen
1826 2954 1930 2997 nec

360 3039 506 3094 aliud
530 3049 612 3095 est
637 3040 857 3107 calum,
883 3054 985 3095 nec
1015 3039 1200 3109 plures
1225 3053 1349 3093 esse
1378 3042 1632 3106 possunt,
1661 3034 1790 3105 quia
1818 3033 1935 3087 uni-

358 3148 574 3190 versam
604 3133 753 3189 istud
780 3132 1065 3188 materiam
1098 3130 1441 3200 complexum
1469 3134 1572 3183 est.
1608 3149 1626 3181 ›

2040 1928 2219 1984 πάντα
2263 1930 2358 1985 καὶ
2393 1929 2614 2000 γέγονεν
2660 1933 2817 1987 οὐσία
2850 1937 3199 2009 πεποιωμένη
3238 1940 3331 1991 καὶ
3363 1956 3622 1993 πεποσω-

2037 2022 2207 2094 μένηο
2262 2024 2379 2087 πῶς
2421 2026 2522 2078 οὐκ
2563 2024 2774 2099 ηὐξήθη
2827 2026 2931 2082 ὑπὸ
2976 2030 3076 2100 τῆς
3121 2032 3290 2102 αὐτῆς
3342 2032 3438 2085 τοῦ
3479 2032 3618 2085 Θεοῦ

2030 2112 2330 2185 δυνάμεως,
2362 2114 2463 2180 τὰς
2487 2117 2753 2182 τοσαύτας
2782 2119 2840 2172 ὲν
2870 2121 3007 2193 αὐτῇ
3040 2123 3421 2194 ἐργασαμένης
3452 2142 3620 2194 μεταο

2033 2205 2194 2270 ϐολὰς
2222 2209 2301 2270 είς
2327 2208 2601 2275 τοσοῦτον,
2633 2208 2775 2264 ὥστε
2802 2212 2896 2265 καὶ
2926 2211 3173 2277 πλείονας
3202 2215 3438 2285 κόσμους
3465 2216 3622 2284 γενέ-

2034 2296 2159 2351 σθαι
2205 2297 2265 2363 ἐξ
2300 2300 2492 2371 αὐτῆς,
2541 2301 2655 2354 ἀλλ’
2702 2302 2782 2366 είς
2822 2302 3035 2372 γένεσιν
3079 2306 3196 2371 ἑνὸς
3232 2307 3439 2378 κόσμου
3479 2308 3619 2362 ἀνα-

2031 2388 2285 2457 λωθετσα,
2315 2392 2516 2446 ἄκοντα
2543 2386 2635 2447 τὸν
2658 2393 2789 2448 Θεὸν
2818 2395 3023 2450 ἔπαυσε
3042 2397 3135 2451 τοῦ
3162 2401 3332 2452 ποιεῖν
3364 2399 3621 2465 πλείονας

2032 2483 2272 2554 κόσμους
2296 2500 2311 2546 ;

2414 2577 2503 2633 5L
2552 2578 2647 2631 Ἐκ
2679 2578 2786 2633 τοῦ
2819 2579 3007 2634 αὐτοῦ
3034 2580 3241 2650 λόγου.

2109 2684 2128 2719 t
2189 2668 2245 2721 '0
2287 2668 2345 2721 δὲ
2388 2666 2621 2740 οὐρανός
2663 2670 2780 2723 ἐστι
2825 2671 2924 2741 μὲν
2961 2672 3068 2725 τῶν
3115 2673 3239 2726 καθ’
3270 2672 3473 2727 ἕκαπα
3523 2675 3621 2728 καὶ

2030 2759 2139 2813 τῶν
2184 2761 2250 2814 ὲκ
2278 2761 2378 2831 τῆς
2410 2760 2545 2833 ὕλης
2567 2768 2580 2792 ⁸
2612 2761 2727 2815 ἀλλ’
2755 2764 2803 2816 εἰ
2840 2762 2915 2834 μὴ
2945 2765 3008 2817 ὲκ
3039 2765 3229 2836 μορίου
3262 2765 3432 2836 αὐτῆς
3462 2766 3620 2818 συνέ-

2034 2869 2253 2923 στηκεν,
2286 2853 2397 2906 ἀλλ’
2426 2854 2484 2921 ἐξ
2519 2854 2754 2926 ἀπάσης,
2785 2853 2845 2908 τὸ
2874 2857 2971 2926 μὲν
3019 2852 3155 2910 εἷναι
3200 2858 3349 2929 αὐτῷ
3380 2858 3617 2929 οὐρανῷ,

2031 2939 2126 3000 καὶ
2170 2946 2304 3018 τῷδε
2351 2946 2430 3018 τῷ
2470 2945 2704 3018 οὐρανῷ,
2749 2946 2934 3017 ἕτερόν
2968 2948 3133 3011 ἐστιν,
3169 2948 3229 3001 οὐ
3264 2949 3446 3019 μέντοι
3490 2948 3619 3001 οὕτε

2030 3036 2114 3110 εἴη
2146 3038 2211 3091 ἂν
2241 3037 2417 3105 ἄλλος,
2448 3037 2560 3092 οὔτ’
2590 3038 2655 3092 ἂν
2684 3038 2949 3109 ἐνδέχοιτο
2977 3040 3227 3108 γενέσθαι
3259 3040 3496 3105 πλείους,
3529 3038 3621 3094 διὰ

2031 3127 2092 3184 τὸ
2121 3133 2301 3184 πᾶσαν
2330 3130 2430 3203 τὴν
2464 3130 2595 3204 ὕλην
2624 3127 3031 3203 περιειληφέναι
3067 3131 3276 3188 τοῦτον.
3316 3152 3336 3185 ›

432 3227 490 3283 Si
512 3227 710 3282 calum
742 3235 917 3283 estex
948 3224 1321 3293 singularibus
1371 3230 1426 3278 et
1470 3237 1535 3277 ex
1584 3221 1653 3277 iis
1696 3236 1817 3292 qua
1867 3236 1932 3275 ex

2105 3224 2168 3276 Εἰ
2198 3222 2343 3277 ἐστιν
2373 3226 2401 3277 ὁ
2431 3219 2658 3295 οὐρανὸς
2702 3224 2810 3277 τῶν
2856 3223 2977 3277 καθ’
3005 3224 3230 3289 ἕκαστα,
3270 3225 3365 3279 καὶ
3405 3225 3516 3279 τῶν
3554 3225 3621 3277 ὲκ

361 3318 585 3373 materia
609 3327 663 3374 et
694 3317 870 3372 forma
899 3322 1176 3381 constant,
1212 3314 1287 3367 ita
1313 3320 1371 3366 ut
1399 3312 1504 3367 alia
1533 3312 1604 3367 sit
1632 3311 1735 3382 ipsi
1764 3310 1926 3375 calo,

360 3411 467 3465 alia
493 3410 844 3466 immateriali
879 3408 1015 3464 idea
1042 3406 1304 3469 essentia,
1337 3403 1612 3476 quomodo
1638 3419 1748 3459 non
1777 3402 1931 3475 geni-

357 3509 475 3556 tum
503 3508 588 3556 est
620 3501 844 3565 calum,
885 3498 1033 3572 quod
1056 3498 1220 3553 habet
1248 3496 1579 3569 principium
1610 3494 1931 3551 substantia

361 3613 473 3653 sua
502 3595 946 3666 coniunctionem
995 3592 1241 3649 materia
1286 3599 1343 3648 et
1393 3590 1581 3645 forma
1604 3605 1671 3645 ex
1729 3590 1930 3660 quibus

357 3687 614 3744 constat?
640 3686 697 3742 Si
728 3685 956 3741 materia
992 3699 1090 3755 per
1119 3699 1179 3741 se
1223 3684 1400 3752 ipsam
1457 3696 1561 3736 nec
1608 3681 1931 3751 gravitatem

357 3779 522 3834 habet
545 3793 649 3834 nec
680 3778 954 3832 levitatem
980 3776 1118 3843 (hac
1146 3774 1294 3829 enim
1331 3780 1459 3827 sunt
1484 3786 1694 3835 eorum,
1717 3787 1838 3842 qua
1863 3788 1927 3826 ex

359 3871 450 3924 illa
470 3869 625 3931 liunt,
645 3881 935 3938 corporum
960 3862 1329 3935 aﬂ‘ectiones);
1359 3862 1405 3918 si
1421 3878 1488 3917 ex
1511 3864 1766 3917 uniVersa
1784 3862 1831 3932 ej
1842 3878 1932 3917 us-

357 3957 504 4013 modi
535 3956 763 4012 materia
795 3955 996 4010 l‘actum
1048 3961 1134 4009 est
1163 3954 1385 4018 calum,
1428 3953 1573 4023 quod
1620 3967 1721 4007 nec
1753 3953 1933 4024 gravi-

358 4058 524 4103 tatem
556 4049 721 4103 habet
748 4064 849 4103 nec
886 4048 1196 4103 levitatem:
1227 4046 1370 4101 unde
1404 4045 1547 4100 facta
1580 4053 1707 4102 sunt
1739 4053 1933 4099 catera

357 4142 560 4205 omnia,
584 4156 709 4195 cum
733 4141 987 4196 universa
1012 4140 1065 4193 in
1090 4140 1214 4193 coeli
1246 4139 1585 4194 elfectionem
1610 4146 1932 4207 consumpta

358 4233 525 4288 fuerit
549 4232 813 4287 materia?
862 4230 920 4286 Si
977 4239 1271 4300 antequam
1322 4230 1655 4286 formaretur
1701 4231 1932 4285 materia

359 4327 462 4380 hac
486 4326 611 4380 cali
642 4324 840 4391 forma,
874 4339 975 4379 nec
1004 4324 1329 4393 gravitatem
1372 4322 1563 4378 habuit
1593 4338 1695 4379 nec
1742 4322 1934 4378 levitas

358 4429 491 4483 tem,
518 4416 974 4489 quemadmodum
1000 4432 1146 4472 nunc
1170 4432 1280 4471 non
1311 4416 1474 4470 habet
1500 4424 1791 4486 postquam
1824 4414 1934 4469 lor-

358 4528 503 4567 mam
532 4509 801 4580 suscepit:
840 4510 1113 4581 quomodo
1140 4526 1249 4566 non
1294 4511 1616 4565 movebatur
1639 4506 1794 4566 s‘ante
1820 4510 1936 4565 s'us-

363 4615 573 4676 ceptam
634 4600 891 4665 formam,
922 4600 1384 4672 quemadmodum
1429 4616 1579 4655 nunc
1617 4601 1790 4657 forma
1819 4616 1938 4659 sus-

358 4703 511 4768 cepta
569 4692 864 4747 movetur?
894 4691 953 4747 Si
980 4694 1187 4749 moveri
1216 4692 1539 4749 substantia
1558 4699 1663 4755 est,
1696 4690 1932 4761 gravitas

357 4794 467 4838 tem
502 4792 681 4839 autem
710 4800 821 4839 non
849 4784 1051 4841 habere
1081 4801 1183 4841 nec
1208 4786 1508 4849 levitatem,
1533 4784 1781 4838 materia
1824 4794 1928 4847 est,

357 4890 466 4929 non
494 4874 837 4941 substantia,
870 4884 1118 4931 movetur
1144 4885 1325 4931 autem
1373 4875 1573 4929 coelum
1621 4883 1772 4927 motu
1815 4874 1927 4926 cir-

357 4967 553 5031 culari,
585 4967 712 5038 quia
740 4967 1059 5038 gravitatem
1109 4982 1218 5021 non
1271 4967 1435 5021 habet
1476 4980 1577 5021 nec
1620 4966 1927 5031 levitatem,

357 5057 529 5128 liquet
573 5056 775 5111 calum
825 5057 901 5110 ita
935 5058 1140 5111 moveri
1189 5065 1413 5127 propter
1461 5057 1768 5121 materiam,
1820 5071 1931 5111 non

358 5157 584 5221 propter
614 5149 864 5203 formam.
897 5145 1183 5213 Quomodo
1208 5164 1340 5220 ergo
1367 5149 1595 5205 materia
1642 5157 1768 5203 ante
1814 5148 1929 5202 ἴοι-α

358 5257 526 5307 mam,
558 5254 682 5295 cum
728 5253 830 5295 nec
875 5240 1197 5310 gravitatem
1243 5241 1443 5295 habeat
1490 5255 1595 5296 nec
1629 5240 1927 5305 levitatem,

357 5334 584 5389 minime
609 5333 829 5388 mobilis
860 5340 944 5388 est
966 5340 1117 5389 motu
1146 5333 1443 5388 circulari?

671 5426 761 5482 52.
797 5424 883 5479 Ea:
911 5425 1139 5481 secundo
1159 5425 1297 5480 libro
1321 5426 1398 5481 De
1433 5427 1581 5483 calo.

431 5537 452 5571 ‹
492 5518 933 5589 Unumquodque
984 5534 1194 5586 eorum,
1236 5534 1471 5589 quorum
1525 5517 1744 5589 aliquod
1790 5532 1931 5588 Opus

357 5619 464 5677 est,
498 5612 682 5684 Operis
706 5613 879 5682 gratia
907 5618 1009 5667 est.
1035 5609 1131 5666 Dei
1163 5619 1345 5666 autem
1375 5626 1515 5682 opus
1535 5620 1620 5665 est
1644 5612 1931 5665 immorta-

358 5702 487 5759 litas
520 5722 536 5761 :
566 5702 619 5757 id
656 5710 836 5759 autem
870 5711 955 5759 est
987 5704 1096 5758 vita
1124 5712 1326 5759 aterna
1361 5723 1373 5757 :
1412 5718 1585 5774 quare
1614 5717 1841 5758 necesse
1869 5710 1931 5757 ut

430 5817 523 5883 58)
555 5817 638 5886 Τῷ
662 5817 803 5883 Θεῷ.
830 5817 1058 5875 Aristot.
1086 5817 1165 5891 τῷ
1196 5816 1326 5888 Θείῳ
1360 5825 1413 5874 et
1438 5832 1562 5872 mox
1590 5815 1852 5880 τοιοῦτος.

2030 3314 2130 3386 τῆς
2159 3312 2292 3386 ὕλης
2338 3315 2434 3369 καὶ
2460 3316 2621 3385 λόγου
2654 3316 3047 3387 συγκειμένων,
3078 3315 3218 3369 ὥστε
3245 3316 3307 3370 τὸ
3350 3317 3447 3388 μὲν
3476 3311 3620 3369 εῖναι

2029 3407 2177 3479 αὐτῷ
2223 3407 2455 3479 οὐρανῷ,
2492 3408 2571 3479 τῷ
2611 3407 2761 3479 ἀΰλῳ
2808 3408 2864 3461 δὲ
2907 3407 3051 3479 λόγῳ
3085 3406 3223 3461 εἶναι
3259 3409 3466 3481 ἕτερον,
3499 3408 3622 3472 πῶς

2030 3500 2133 3553 οὐκ
2163 3499 2277 3554 ἔστι
2305 3500 2548 3573 γενητὸς,
2573 3500 2745 3573 ἀρχὴν
2767 3500 2906 3571 ἔχων
2935 3501 3032 3571 τῆς
3063 3501 3267 3565 οἰκείας
3289 3500 3494 3565 οὐσίας,
3518 3500 3622 3571 τὴν

2033 3592 2283 3646 σύνθεσιν
2330 3591 2462 3665 ὕλης
2488 3610 2549 3646 τε
2595 3594 2690 3646 καὶ
2718 3592 2876 3661 λόγου
2906 3591 2965 3658 ἐξ
3010 3585 3085 3647 ὧν
3129 3593 3313 3658 ἐστίν;
3343 3594 3407 3646 Et
3445 3596 3479 3664 ἡ
3516 3592 3617 3663 ὕλη

2031 3684 2154 3737 καθ’
2202 3683 2402 3756 ἑαυτὴν
2459 3683 2582 3738 οὕτε
2640 3684 2921 3756 βαρύτητα
2973 3684 3086 3755 ἔχει
3136 3684 3259 3737 οὕτε
3309 3685 3622 3755 κουφότητα

2034 3775 2170 3847 (ἐστι
2198 3776 2307 3848 γὰρ
2334 3775 2506 3830 ταῦτα
2536 3776 2644 3829 τῶν
2694 3777 2753 3843 ἐξ
2802 3777 2975 3847 αὐτῆς
3005 3778 3306 3848 γινομένων
3348 3778 3619 3848 σωμάτων

2033 3868 2252 3939 πάθη)·
2284 3870 2331 3921 εἰ
2361 3871 2424 3923 ὲκ
2456 3869 2636 3939 πάσης
2662 3870 2759 3940 τῆς
2780 3863 3033 3941 τοιαύτης
3065 3870 3196 3943 ὕλης
3226 3870 3447 3940 γέγονεν
3473 3872 3501 3923 ὁ
3530 3869 3621 3921 οὺ-

2034 3960 2196 4031 ρανὸς
2227 3962 2255 4013 ὁ
2307 3962 2442 4033 μήτε
2489 3960 2766 4033 βαρύτητα
2803 3961 2941 4032 ἔχων
2978 3964 3115 4034 μήτε
3144 3962 3445 4030 κουφότητα
3468 3977 3481 3989 ο
3519 3960 3619 4012 πό-

2006 4051 2123 4105 .θεν
2169 4052 2359 4121 γέγονε
2395 4051 2466 4105 τά
2510 4052 2644 4107 ἄλλα
2693 4054 2891 4117 πάντα,
2938 4054 3039 4125 τῆς
3083 4053 3216 4124 ὕλης
3251 4050 3615 4120 ἀναλωθείσης

2034 4143 2217 4214 πάσης
2245 4146 2325 4208 εἰς
2349 4145 2449 4217 τὴν
2476 4144 2571 4198 τοῦ
2599 4145 2828 4216 ούρανοῦ
2851 4147 3069 4217 ποίησιν
3094 4162 3108 4212 ;
3140 4148 3203 4198 Εἰ
3236 4140 3341 4215 πρὸ
3363 4143 3456 4196 τοῦ
3486 4144 3621 4196 εἰδο-

2034 4236 2321 4307 ποιηθῆναι
2348 4236 2446 4308 τὴν
2489 4236 2618 4307 ὕλην
2642 4237 2719 4309 τῷ
2749 4237 2875 4292 εῖδει
2901 4237 2996 4292 τοῦ
3034 4238 3285 4311 ούρανοῦ,
3312 4237 3483 4300 οὕτως
3509 4237 3613 4290 οὐκ

2033 4328 2144 4401 εἶχε
2175 4329 2453 4402 βαρύτητα
2485 4330 2580 4383 καὶ
2608 4328 2935 4399 κουφότητα,
2968 4330 3046 4394 ὡς
3075 4330 3169 4383 νῦν
3199 4331 3300 4382 οὐκ
3328 4328 3441 4398 ἔχει
3474 4328 3620 4396 μετά

2032 4421 2093 4475 τὸ
2141 4422 2541 4493 εἰδοποιηθῆναι
2570 4421 2770 4493 αὐτήν⁶
2817 4420 2934 4485 πῶς
2961 4421 3060 4474 οὐκ
3094 4422 3322 4473 ἐκινεῖτο
3373 4418 3478 4489 πρὸ
3519 4419 3623 4488 τῆς

2035 4515 2434 4587 είδοποιήσεως,
2466 4513 2541 4577 ὡς
2569 4512 2923 4567 νῦν-κινεῖται
2954 4512 3093 4585 μετὰ
3119 4512 3217 4584 τὴν
3259 4510 3618 4579 εἰδοποίησινς

2034 4607 2099 4659 Εἰ
2130 4606 2191 4659 τὸ
2234 4604 2502 4659 κινεῖσθαι
2544 4605 2731 4669 οὐσίας
2766 4604 2903 4670 ἐστὶ,
2937 4606 3032 4659 καὶ
3065 4605 3127 4657 τὸ
3163 4604 3239 4675 μὴ
3270 4604 3414 4673 ἔχειν
3445 4602 3618 4673 βαρύ-

2031 4714 2169 4768 τητα
2204 4700 2296 4751 καὶ
2328 4698 2636 4769 κουφότητα
2684 4698 2817 4768 ὕλης
2858 4699 2996 4761 ἐστὶ,
3030 4697 3123 4751 καὶ
3156 4697 3255 4749 οὐκ
3292 4694 3501 4757 οὐσίας,
3533 4712 3622 4747 κιο

2031 4792 2201 4843 νεῖται
2245 4790 2302 4843 δὲ
2344 4792 2372 4843 ὁ
2413 4790 2640 4863 οὐρανὸς
2678 4790 2778 4861 τὴν
2812 4789 2996 4861 κύκλῳ
3034 4790 3268 4860 κίνησιν,
3315 4788 3405 4842 διὰ
3442 4788 3506 4840 τὸ
3541 4787 3619 4858 μὴ

2033 4880 2178 4951 ἔχειν
2239 4882 2518 4954 βαρύτητα
2558 4883 2652 4936 καὶ
2699 4882 3047 4955 κουφότητα·
3093 4882 3338 4954 δηλονότι
3380 4881 3468 4935 διὰ
3515 4881 3621 4951 τὴν

2032 4973 2165 5044 ὕλην
2194 4974 2254 5026 τὸ
2286 4974 2553 5029 κινεῖσθαι
2581 4974 2758 5038 οὕτως
2786 4973 2899 5045 ἔχει
2930 4977 2959 5028 6
3004 4974 3251 5046 οὐρανὸς,
3286 4974 3381 5027 καὶ
3425 4973 3486 5026 ού
3526 4973 3620 5027 διὰ

2029 5064 2092 5118 τὸ
2121 5061 2276 5129 εἶδος.
2327 5066 2450 5131 Πῶς
2500 5062 2593 5121 οὖν
2644 5066 2901 5138 ἀκίνητος
2939 5069 2972 5138 ἡ
3015 5065 3115 5138 ὕλη
3157 5066 3265 5138 πρὸ
3308 5065 3403 5119 τοῦ
3441 5063 3622 5126 εἴδους

2030 5156 2173 5210 κατά
2194 5158 2297 5238 τὴν
2322 5157 2505 5230 κύκλῳ
2533 5159 2768 5231 κίνησιν,
2791 5158 2915 5212 οὕτε
2950 5159 3231 5232 βαρύτητα
3267 5158 3464 5228 ἔχουσα
3490 5154 3619 5208 οὕτε

2031 5249 2342 5320 κουφότητα
2361 5267 2375 5315 ;

2137 5428 2224 5484 52.
2270 5431 2365 5483 Ἐκ
2393 5430 2500 5484 τοῦ
2528 5429 2813 5499 δευτέρου
2833 5430 3020 5499 λόγου
3053 5430 3191 5498 Περὶ
3223 5430 3509 5497 οἰερανοῦ.

2106 5540 2126 5572 ‹
2173 5522 2444 5575 ’Έκαστόν
2470 5526 2617 5575 ἐστιν
2645 5516 2721 5576 ὧν
2750 5524 2896 5575 ὲστιν
2926 5522 3085 5594 ἔργον
3114 5522 3275 5575 ’ἑνεκα
3300 5521 3396 5574 τοῦ
3429 5521 3615 5592 ἔργου.

2028 5611 2164 5667 Θεοῦ
2192 5614 2250 5667 δὲ
2282 5615 2530 5685 ἐνέργεια
2548 5613 2813 5669 ἀθανασία
2831 5631 2843 5643 ”
2868 5613 3026 5667 τοῦτο
3052 5614 3097 5666 δ’
3125 5614 3238 5667 ἐστι
3269 5610 3383 5684 ζωὴ
3414 5613 3615 5676 ἀΐδιος-⁸

2030 5704 2172 5761 ὥστε
2212 5706 2426 5778 ἀνάγκη
2457 5706 2535 5778 τῷ
2565 5706 2685 5778 Θεῷ
2714 5705 2824 5777 (58)
2865 5704 3078 5777 κίνησιν
3122 5706 3289 5762 ἀΐδιον
3314 5706 3610 5778 ὑπάρχειν.
