3974 6256
314 412 449 465 ifilli

987 414 1433 472 CONFUTATIO
1463 416 1910 485 QUORUMDAM
1951 425 2413 486 ARISTOTELIS
2453 434 2860 494 DOGMATUM.

3399 444 3407 449 ’
3443 450 3578 506 1546

320 529 468 581 Ἐπεὶ
494 529 552 581 δέ
582 530 809 601 οὐρανὸς
844 532 1092 587 τοιοῦτον
1112 551 1125 563 ο
1165 533 1322 604 σῶμα
1365 535 1475 608 γάρ
1508 553 1561 588 τι
1603 534 1773 590 Θεῖον·
1804 538 1863 591 δι‹

1996 523 2069 585 ei,
2101 524 2247 592 quod
2282 524 2532 581 divinum
2578 537 2683 593 est,
2726 539 2909 587 motus
2956 532 3087 589 insit
3131 544 3393 595 mternus.
3426 540 3577 607 Quo-

306 620 459 670 τοῦτο
485 619 598 689 ἔχει
626 620 688 674 τὸ
722 622 1009 691 ἐγκύκλιον
1040 624 1149 696 (59)
1182 625 1361 696 σῶμα,
1390 625 1420 679 ὃ
1464 627 1624 697 φύσει
1662 633 1888 686 κινεῖται

305 710 487 783 κύκλῳ
513 713 620 766 ἀεί.
665 733 683 761 ι
1134 738 1142 745 ·

370 892 433 944 El
465 889 561 943 τοῦ
599 890 697 962 μὲν
727 892 991 964 ἀγενήτου
1018 894 1115 948 καὶ
1140 895 1308 949 ἀϊδίου
1356 898 1507 952 οὐδέν
1536 901 1653 955 ἐστι
1684 902 1777 956 τοῦ
1807 899 1886 958 εῖ-

298 1000 383 1036 ναι
413 984 588 1037 αἴτιον
612 1000 625 1013 ·
657 978 733 1037 ὧν
760 985 816 1037 δὲ
847 985 991 1039 ἐστιν
1020 986 1201 1058 ἔργον,
1236 990 1407 1044 ταῦτα
1434 992 1620 1047 ἕνεκεν
1648 993 1758 1067 (40)
1790 995 1885 1052 τοῦ

299 1076 460 1147 ἔργου
498 1076 673 1129 ἐστίν·
710 1077 810 1130 ούκ
856 1078 965 1148 ἄρα
996 1078 1164 1143 ἀΐδια,
1195 1074 1271 1134 ὧν
1302 1081 1371 1135 τά
1413 1083 1550 1154 ἔργα
1597 1086 1692 1139 τοῦ
1746 1084 1885 1143 εἷναί

296 1172 445 1223 ἐστιν
473 1170 641 1222 αἴτια.
679 1170 741 1223 Εί
791 1169 1016 1240 ἀψύχων
1050 1173 1165 1224 ἐστὶ
1198 1172 1260 1226 τὸ
1298 1177 1364 1246 τῇ
1413 1178 1685 1250 παρουσίᾳ
1722 1181 1883 1251 μόνον

294 1265 537 1335 ἐνεργεῖν
568 1262 669 1326 τὰς
713 1262 850 1315 κατά
885 1262 1047 1331 φύσιν
1099 1266 1398 1336 ἐνεργείας,
1441 1267 1675 1337 λογικῶν
1707 1272 1784 1337 δὲ,
1818 1274 1882 1327 τὸ

292 1358 356 1426 τῆ
389 1355 671 1427 βουλήσει’
710 1356 827 1419 πῶς
860 1355 978 1408 ἐστὶ
1010 1356 1143 1420 Θεὸς
1178 1361 1206 1411 6
1237 1359 1482 1432 οὐρανὸς,
1518 1364 1546 1415 6
1576 1364 1650 1434 μὴ
1686 1363 1881 1438 βουλή-

293 1466 376 1501 σει
403 1448 504 1520 τὴν
538 1448 837 1502 ἀθανασίαν
877 1450 1138 1523 ἐνεργῶν,
1176 1451 1311 1505 ἀλλά
1344 1457 1411 1525 τῇ
1447 1457 1660 1528 κινήσει
1698 1475 1757 1511 τε
1787 1461 1880 1514 καὶ

293 1543 357 1610 τῇ
396 1541 722 1612 μεταστάσει
767 1540 876 1593 τῶν
908 1542 1102 1596 ἑαυτοῦ
1139 1544 1359 1616 μερῶν;
1408 1548 1471 1600 Et
1516 1548 1577 1601 τὸ
1616 1551 1880 1624 ἀγένητον

292 1630 414 1684 οὕτε
440 1631 576 1704 πρὸς
609 1632 669 1685 τὸ
702 1628 863 1694 εἶναι,
886 1631 1011 1686 οὕτε
1039 1635 1176 1707 πρὸς
1207 1635 1267 1689 τὸ
1292 1642 1464 1692 ποιεῖν
1492 1640 1679 1712 χρῄζει
1712 1645 1875 1709 τινὸς,

291 1725 322 1795 ή
355 1741 520 1777 τινων
550 1723 660 1777 τῶν
693 1724 892 1790 ἔξωθεν
914 1726 1016 1796 τῆς
1045 1729 1392 1800 συνεργείαςο
1422 1731 1540 1797 πῶς
1567 1736 1595 1787 6
1627 1737 1874 1808 οὐρανὸς,

290 1815 385 1868 καὶ
439 1817 577 1888 πρὸς
620 1817 681 1870 τὸ
725 1814 865 1872 εἶναι
909 1817 1072 1872 αὐτὸν
1118 1822 1336 1893 κινητὸν
1378 1825 1593 1896 χρῄζων
1642 1829 1741 1899 τῆς
1773 1831 1874 1902 γῆς

1991 612 2139 667 niam
2170 625 2351 671 autem
2381 620 2583 674 caelum
2618 630 2703 678 est
2727 624 3019 694 ejusmodi,
3051 634 3135 681 est
3155 629 3301 682 enim
3332 630 3579 688 divinum

1990 705 2266 776 quoddam
2317 724 2541 785 corpus,
2584 723 2875 785 pr0pterea
2920 720 3217 775 rotundum
3255 722 3417 781 habet
3450 744 3577 782 cor-

2028 812 2116 861 us,
2148 800 2297 869 quod
2317 783 2524 857 natura
2552 804 2607 859 in
2638 808 2827 863 orbem
2851 822 3120 867 movetur.
3161 834 3180 866 ι

2064 887 2120 942 Si
2151 890 2453 961 ingenitum
2476 903 2530 951 et
2557 908 2823 954 aeternum
2849 903 3057 958 nullam
3080 906 3245 962 habet
3267 924 3368 963 cur
3419 913 3575 967 exsi-

1989 989 2097 1035 stat
2124 997 2370 1049 causam,
2395 1002 2629 1058 quorum
2655 1000 2838 1047 autem
2863 1009 3002 1062 opus
3027 1008 3226 1064 exstat,
3256 1016 3320 1055 ea
3353 1013 3578 1076 propter

1988 1087 2130 1142 opus
2163 1083 2326 1143 sunt;
2362 1094 2471 1133 non
2504 1096 2635 1151 ergo
2655 1095 2881 1151 aeterna,
2905 1103 3136 1157 quorum
3157 1091 3317 1164 575
3333 1112 3497 1166 opera
3518 1100 3573 1154 in

1987 1180 2155 1221 causa
2183 1176 2313 1221 sunt
2342 1184 2443 1224 cur
2475 1175 2763 1233 exsistant.
2799 1176 2855 1232 Si
2881 1179 3307 1241 inanimatorum
3332 1197 3419 1244 est
3435 1207 3575 1261 pra:-

1987 1259 2161 1312 sentia
2197 1267 2407 1315 tantum
2438 1265 2703 1334 perﬁcere
2734 1273 3019 1328 naturales
3063 1259 3448 1347 operationes,
3484 1301 3573 1337 ra-

1984 1349 2135 1406 tione
2159 1360 2341 1407 autem
2384 1358 2677 1425 utentium,
2708 1363 3026 1421 voluntate:
3060 1372 3335 1437 quomodo
3366 1376 3571 1430 coalum

1984 1439 2129 1498 Deus
2158 1452 2263 1508 est,
2300 1448 2447 1515 quod
2480 1464 2589 1504 non
2624 1454 2909 1511 voluntate
2938 1468 3199 1527 operatur
3242 1463 3573 1521 immortali~

1987 1540 2176 1601 tatem,
2207 1537 2301 1591 sed
2329 1548 2481 1595 motu
2512 1550 2564 1596 et
2588 1546 2827 1614 partium
2860 1564 3084 1604 suarum
3112 1554 3475 1624 migratione?
3510 1558 3571 1615 Si

1984 1623 2284 1695 ingenitum
2318 1647 2496 1702 neque
2521 1642 2580 1688 ut
2620 1636 2712 1701 sit,
2753 1655 2932 1709 neque
2964 1648 3023 1694 ut
3067 1623 3325 1712 operetur
3362 1651 3473 1704 ulla
3511 1667 3572 1707 rc

1983 1719 2211 1791 indiget,
2254 1739 2354 1779 nec
2387 1726 2718 1798 cujusquam
2750 1735 2997 1790 extranei
3027 1736 3376 1807 adjumento:
3429 1762 3570 1814 quo-

1982 1814 2145 1868 modo
2188 1817 2414 1882 coelum,
2441 1821 2588 1889 quod
2619 1830 2672 1877 et
2705 1831 2765 1879 ut
2796 1829 2998 1885 mobile
3031 1831 3125 1897 sit,
3185 1833 3393 1905 indiget
3420 1847 3568 1892 terra

289 1907 418 1979 περὶ
445 1908 515 1979 ἣν
547 1912 796 1973 κινεῖται,
833 1911 924 1963 καὶ
959 1912 1095 1982 προς
1127 1913 1188 1966 τὸ
1221 1919 1413 1982 ποιεῖν,
1449 1918 1543 1971 τοῦ
1579 1920 1748 1990 ήλίου,
1787 1924 1863 1976 κα¹

1984 1905 2133 1961 circa
2162 1924 2326 1978 quam
2355 1921 2626 1979 movetur,
2660 1923 2714 1970 et
2744 1926 2801 1971 ut
2826 1928 3106 1988 operetur,
3134 1925 3249 1979 sole
3280 1935 3332 1980 et
3361 1928 3488 1982 luna
3513 1936 3567 1983 et

286 2000 386 2071 τῆς
421 2001 671 2073 σελήνης,
708 2004 803 2055 καὶ
835 2003 943 2056 τῶν
976 2005 1178 2059 λοιπῶν
1212 2006 1446 2080 ἄστρων,
1495 2012 1644 2066 ἐστὶν
1676 2015 1873 2088 ἀγένη-

286 2110 377 2156 τος
402 2109 416 2157 ;
440 2092 505 2146 Et
536 2094 631 2146 τοῦ
662 2095 930 2166 ἀγενήτου
956 2098 1054 2150 οὐκ
1088 2097 1203 2151 ἐστι
1236 2099 1393 2169 λόγος
1420 2105 1477 2155 ἐν
1499 2102 1578 2173 τῷ
1611 2106 1871 2173 ποιοῦντι,

284 2184 422 2248 πῶς,
460 2187 510 2237 εἰ
539 2186 803 2258 ἀγένητος
828 2190 857 2240 6
898 2189 1146 2259 οὐρανὸς,
1180 2190 1291 2261 ἔχει
1323 2192 1481 2261 λόγον
1514 2194 1677 2249 ἄῦλον
1707 2199 1765 2250 ἐν
1794 2198 1873 2269 τῷ

283 2276 545 2341 ποιοῦντι,
591 2277 683 2330 καὶ
728 2277 886 2346 λόγον
919 2278 1099 2333 ἕνυλον
1142 2284 1198 2335 ὲν
1239 2285 1305 2355 τῇ
1356 2282 1457 2355 ὕλῃ
1497 2285 1563 2338 δι’
1596 2286 1655 2340 ὃν
1688 2287 1872 2359 ἕτερον

280 2367 340 2418 τὸ
374 2367 588 2438 ούρανῷ
621 2364 758 2421 εῖναι
785 2368 863 2439 τῷ
896 2370 1015 2424 τόδε
1050 2372 1277 2443 οὐρανὸν
1312 2370 1490 2441 afuat;
1522 2377 1586 2429 El
1620 2379 1679 2431 οὐ
1713 2377 1873 2433 δύνα-

281 2475 368 2511 ται
395 2461 423 2512 6
454 2460 682 2529 οὐρανὸς
715 2462 937 2531 ποιῆσαι
979 2464 1047 2533 τῇ
1091 2462 1340 2536 βουλήσει
1372 2465 1408 2520 ἃ
1440 2470 1586 2520 ποιεῖ
1614 2472 1681 2540 τῇ
1716 2472 1871 2543 κινή-

280 2570 382 2616 σει,
437 2554 557 2617 πῶς
603 2555 737 2619 Θεὸς
787 2548 943 2620 οὗτος
984 2558 1173 2623 ἀΐδιος,
1229 2560 1398 2613 ἀΐδιον
1450 2561 1690 2633 ἐνεργῶν
1724 2562 1869 2635 ζωὴν

276 2645 621 2716 ἀϐουλήτωςς
655 2647 717 2699 EE
752 2650 809 2701 ἐν
840 2650 953 2712 τοῖς
986 2649 1175 2713 ἀϊδίοις
1202 2651 1303 2703 οὐκ
1342 2654 1555 2724 ἐνεργεῖ
1584 2656 1612 2707 6
1641 2657 1869 2728 οὐρανὸς

275 2736 371 2807 τὴν
402 2738 621 2790 αἰώνιον
650 2737 794 2811 ζωήν
820 2754 833 2769 ο
865 2738 1048 2809 ἔχουσι
1081 2741 1189 2812 γὰρ
1209 2742 1412 2815 ταύτην
1447 2748 1511 2799 ἐκ
1535 2746 1634 2817 τῆς
1664 2749 1869 2814 οἰκείας

275 2830 524 2900 φύσεωςο
564 2831 633 2885 τὰ
660 2832 864 2903 γενητὰ
893 2833 950 2887 δὲ
984 2834 1077 2887 καὶ
1106 2836 1320 2908 φθαρτά
1352 2839 1583 2904 αίωνίως
1606 2841 1666 2896 ού
1699 2840 1862 2905 ζῶσι·

273 2924 378 2977 ποῦ
412 2927 445 2995 ή
478 2925 694 2989 αἰώνιος
724 2926 859 2997 ζωὴ,
891 2927 957 2997 ἢν
985 2929 1199 3000 ἐνεργεῖ
1225 2933 1253 2984 6
1276 2932 1531 3003 ούρανός;
1567 2934 1629 2988 ΕΞ
1660 2935 1735 3007 μὴ
1771 2938 1868 3007 μό·-

280 3035 363 3072 θον
392 3019 532 3090 πρὸς
553 3018 765 3087 γένεσιν
794 3021 902 3074 τῶν
928 3023 1286 3093 γιγνομὲνων,
1321 3024 1457 3078 ἀλλά
1489 3027 1582 3080 καὶ
1609 3028 1746 3098 πρὸς
1765 3029 1865 3100 τὴν

268 3111 378 3163 τῶν
411 3111 782 3182 φθειρομένων
821 3114 861 3144 ιθ
894 3114 1201 3187 χρησίμηίή
1232 3114 1326 3168 τοῦ
1360 3116 1589 3187 οὐρα.νοῦ
1614 3118 1861 3190 κίνησιςο

270 3203 389 3265 πῶς
422 3202 556 3266 Θεὸς
587 3205 615 3256 6
637 3205 886 3275 οὐρανὸς,
923 3206 1015 3259 καὶ
1047 3208 1354 3278 ήένέργεια
1386 3208 1551 3262 αὑτοῦ
1585 3208 1699 3282 ζωὴ
1731 3209 1863 3267 α.ίὼ-

268 3309 398 3357 νιος,
434 3295 501 3348 δι’
548 3292 616 3367 ἧς
650 3297 925 3369 φθείρεται
976 3299 1045 3352 τὰ
1092 3299 1336 3371 φθαρτά;
1384 3303 1446 3355 Εἰ
1482 3304 1547 3357 ἐκ
1590 3303 1693 3373 τῆς
1733 3304 1863 3374 ὕλης

271 3388 638 3458 συναγένητον
670 3394 737 3461 τῇ
773 3389 874 3464 ὕλῃ
907 3392 967 3444 οὕ
1001 3392 1230 3445 δυνατὸν
1261 3390 1421 3461 εἶναι,
1454 3395 1572 3459 πῶς
1602 3396 1864 3468 ἀγένητος

266 3476 296 3526 6
331 3478 584 3547 οὐρανὸς,
616 3482 643 3533 6
690 3481 764 3535 ὢν
800 3484 863 3536 ἐκ
895 3484 995 3555 τῆς
1030 3484 1200 3555 ὕλης;
1242 3485 1304 3539 Et
1336 3487 1395 3539 τὸ
1428 3488 1485 3554 ἐξ
1516 3488 1858 3561 ἀμφοτέρων,

267 3565 501 3642 ὕστερον
519 3574 867 3646 ἀμφοτέρων,
900 3576 1015 3641 πῶς
1044 3579 1072 3629 6
1092 3580 1341 3649 οὐρανὸς,
1363 3581 1391 3632 6
1417 3579 1491 3633 ὢν
1517 3582 1581 3633 ἐκ
1603 3582 1700 3653 τῆς
1729 3581 1861 3653 ὕλης

265 3659 361 3711 καὶ
399 3661 496 3713 τοῦ
540 3663 731 3729 εἴδους,
783 3668 1052 3731 συναῖδιός
1097 3671 1245 3723 ἐστιν
1286 3671 1652 3743 ἀμφοτέροις;
1692 3674 1754 3725 El
1800 3673 1860 3726 τὸ

262 3748 407 3816 εἶδος
437 3755 537 3807 οὐκ
566 3757 629 3809 ἐκ
658 3759 756 3829 τῆς
788 3758 939 3830 ὕλης,
973 3760 1108 3813 ἀλλά
1136 3762 1199 3814 ἐκ
1235 3761 1330 3815 τοῦ
1360 3762 1656 3828 ποιοῦντος,
1688 3763 1805 3828 πῶς
1831 3766 1859 3817 6

260 3843 516 3913 οὐρανὸς,
575 3847 794 3902 ἄλλοθεν
842 3850 980 3921 ἔχων
1030 3851 1127 3922 τὴν
1176 3850 1308 3923 ὕλην
1362 3854 1453 3906 καὶ
1486 3855 1749 3925 ἑτέρωθεν
1796 3854 1857 3906 τὸ

263 3928 427 3999 εἶδος,
465 3936 729 4009 ἀγένητός
760 3941 938 4007 ἐστιν;
975 3943 1038 3995 Εἰ
1074 3942 1257 3996 ὑλικόν
1289 3946 1407 3998 ἐστι
1439 3944 1598 4017 σῶμα
1626 3949 1654 4000 6
1691 3947 1857 4017 ούρα-

260 4026 375 4089 νὸς,
414 4029 511 4081 καὶ
545 4031 833 4101 σφαιρικὸν
865 4032 979 4101 ἔχει
1005 4034 1066 4086 τὸ
1098 4035 1304 4105 σχῆμα,
1342 4036 1434 4088 καί
1479 4039 1626 4089 ἐστιν
1655 4038 1854 4108 ἀγένη-

259 4136 386 4181 τος·
422 4120 542 4186 πῶς
588 4124 687 4176 οὐκ
728 4124 1018 4197 ἀμφότερα
1062 4126 1175 4198 ἔχει
1217 4129 1282 4180 ὲκ
1326 4128 1425 4197 τῆς
1465 4128 1618 4199 ὕλης,
1656 4130 1748 4182 καὶ
1796 4130 1857 4182 τὸ

262 4208 404 4266 εἶναι
451 4214 479 4266 6
506 4215 643 4279 ἐστι,
681 4218 775 4270 καὶ
802 4218 864 4270 τὸ
894 4217 1035 4288 ἔχειν
1068 4220 1096 4272 6
1130 4219 1278 4290 ἔχει;
1312 4221 1375 4273 Εἰ
1417 4221 1621 4292 ἔστινὴ
1663 4221 1762 4293 ὕλη
1794 4223 1855 4275 τὸ

256 4308 375 4369 τοῖς
406 4305 528 4358 καθ’
558 4308 690 4360 αὐτὸ
720 4308 779 4373 ἐξ
800 4310 970 4380 αὐτῆς
996 4313 1335 4382 γιγνομένοις
1368 4311 1599 4385 πρώτως
1628 4313 1852 4366 ὑποκεί-

260 4415 422 4467 μενον
453 4396 545 4450 καὶ
592 4398 922 4471 ἐνυπάρχον,
968 4400 1085 4465 πῶς
1118 4402 1381 4473 ἀγένητος
1419 4402 1493 4456 ὢν
1531 4409 1559 4457 6
1602 4404 1849 4475 οὐρανὸς,

253 4486 332 4550 ὼς
352 4488 421 4541 τὰ
449 4489 653 4561 γενητὰ
680 4490 779 4563 τὴν
800 4491 930 4565 ὕλην
953 4492 1065 4564 ἔχει
1084 4495 1451 4566 ὑποκειμένην
1490 4513 1548 4548 τε
1578 4497 1852 4550 καὶὲνυπ-

257 4594 533 4653 πρχουσαν
554 4596 568 4645 ;

651 4759 739 4814 53.
787 4762 882 4813 Ἐκ
908 4760 1014 4815 τοῦ
1039 4761 1227 4815 αυτοῦ
1246 4764 1453 4832 λόγου.

336 4856 355 4887 ι
407 4840 626 4912 Ἐπειδὴ
656 4846 683 4896 6
716 4853 942 4918 οὕρανὸς
969 4853 1131 4926 σῶμά
1156 4873 1209 4908 τι
1246 4856 1409 4919 Θεῐον,
1439 4855 1527 4908 διὰ
1546 4854 1705 4909 τοῦτο
1735 4855 1850 4926 ἔχει

254 4927 318 4981 τδ
348 4931 637 4997 ἐγκύκλιον
669 4936 830 5008 σῶμα
866 4939 894 4993 ὃ
930 4946 1090 5012 φύσει
1130 4951 1359 5001 κινεῖται
1408 4948 1592 5019 κύκλῳ
1618 4949 1734 5002 ἀεί’
1760 4948 1848 5002 διὰ

251 5020 307 5071 τί
337 5018 430 5075 οὖν
458 5025 557 5095 οὐχ
579 5026 698 5080 ὅλον
738 5031 799 5083 τὸ
840 5034 1000 5107 σῶμα
1029 5040 1123 5094 τοῦ
1153 5042 1385 5113 ούρανοῦ
1425 5041 1700 5108 τοιοῦτον;
1728 5044 1847 5097 Ὅτι

252 5112 468 5186 ἀνάγκη
496 5116 676 5185 μένειν
705 5137 758 5173 τι
786 5125 880 5177 τοῦ
907 5118 1160 5201 σώματος
1187 5112 1282 5187 τοῦ
1311 5135 1611 5206 φερομένου
1640 5136 1844 5207 κύκλῳ.

250 5204 314 5256 τὸ
346 5208 440 5259 ἐπὶ
468 5208 563 5262 τοῦ
595 5212 761 5281 μέσου
786 5215 916 5285 (41)·
949 5222 1140 5277 τούτου
1177 5226 1220 5277 δ’
1253 5227 1403 5280 οὐδὲν
1427 5222 1536 5281 οἷόν
1568 5245 1629 5280 τε
1660 5229 1841 5299 μένειν

254 5294 444 5366 μόριον
467 5296 583 5351 οὔθ’
612 5301 751 5366 ὅλως
778 5304 889 5358 οὕτ’
932 5310 1025 5365 ἐπὶ
1075 5315 1170 5367 τοῦ
1222 5317 1412 5386 μέσου.
1446 5319 1557 5373 Καὶ
1579 5294 1688 5392 γὰρ
1713 5319 1779 5373 ἃν
1805 5322 1838 5391 ἡ

251 5387 396 5440 κατὰ
429 5389 589 5460 φύσιν
612 5395 825 5468 κίνησις
852 5395 919 5472 ἦν
940 5404 1106 5459 αὑτοῦ
1141 5409 1234 5461 ἐπὶ
1270 5410 1331 5463 τὸ
1366 5412 1530 5483 μέσον
1561 5412 1744 5484 (φύσει
1784 5415 1841 5468 δὲ

250 5479 436 5553 κύκλῳ
464 5489 718 5559 κινεῖται)
735 5507 747 5519 ·
770 5492 832 5543 οὐ
864 5493 973 5567 γὰρ
992 5495 1057 5551 ἂν
1084 5495 1152 5572 ἦν
1168 5502 1335 5567 ἀίδιος
1411 5479 1646 5579 κίνησις.
1670 5507 1841 5562 Οὐθὲν

326 5646 368 5680 ιδ
399 5649 525 5723 ch.
560 5658 697 5728 πρὸς
727 5658 824 5730 τὴν
858 5662 1086 5736 φθοράν.

287 5785 533 5882 ἔρῳ-ῖς
565 5790 903 5882 statumen
941 5799 1247 5882 Articulum
1273 5802 1579 5879 desumpsit
1604 5807 1834 5882 Sylbur-

245 5858 370 5923 gius
392 5874 460 5915 (Ἰ
495 5858 749 5924 Aristot.,
782 5876 833 5918 et
867 5884 987 5923 mox
1023 5872 1228 5945 κύκλῳ.

526 5956 801 6019 ΡΑτιιοι..
836 5963 952 6024 Gn.
1002 5967 1106 6030 Vl.

1980 1998 2209 2068 reliquis
2233 2004 2421 2069 astris,
2446 2005 2750 2075 ingenitum
2788 2012 2904 2064 est?
2936 2011 2995 2065 Si
3047 2013 3275 2085 ingeniti
3320 2035 3432 2072 non
3482 2031 3567 2076 est

1979 2089 2098 2144 idea
2126 2092 2179 2145 in
2212 2094 2428 2163 opiﬁce,
2466 2099 2742 2168 quomodo
2778 2103 3003 2167 coelum,
3038 2108 3083 2161 si
3115 2118 3199 2162 est
3235 2109 3562 2180 ingenitum,

1978 2183 2156 2236 ideam
2188 2187 2352 2242 habet
2388 2187 2805 2247 immaterialem
2851 2194 2905 2249 in
2953 2197 3263 2264 conditore,
3298 2210 3353 2256 et
3384 2203 3563 2259 idean:

1978 2278 2311 2331 materialcm
2347 2280 2400 2334 in
2433 2285 2681 2348 materia,
2718 2288 2862 2343 unde
2893 2288 2951 2342 ﬁt
2980 2299 3038 2344 ut
3068 2292 3176 2346 alia
3210 2294 3282 2347 sit
3314 2298 3455 2353 cmlo
3476 2313 3563 2354 es-

1976 2370 2175 2433 sentia,
2202 2371 2306 2424 alia
2330 2372 2458 2429 huic
2486 2376 2663 2430 caelo?
2695 2375 2753 2431 Si
2781 2394 2891 2433 non
2922 2390 3103 2450 potest
3141 2385 3343 2440 coelum
3385 2387 3564 2445 facere

1976 2460 2281 2527 voluntate,
2321 2479 2442 2533 qua:
2475 2465 2602 2521 facit
2633 2470 2907 2526 mOtione:
2940 2476 3219 2543 quomodo
3266 2477 3412 2536 Deus
3471 2481 3563 2537 ille

1972 2560 2214 2610 aeternus
2242 2565 2348 2621 est,
2392 2559 2487 2627 qui
2517 2568 2780 2616 aeternam
2816 2564 2984 2619 vitam
3017 2578 3280 2636 operatur
3306 2587 3418 2626 non
3466 2589 3562 2628 vo-

1974 2644 2131 2700 lens?
2179 2645 2236 2701 Si
2294 2649 2348 2702 in
2401 2651 2509 2715 his,
2542 2669 2663 2722 qua:
2703 2662 2908 2709 aaterna
2956 2669 3105 2723 sunt,
3158 2676 3266 2715 non
3303 2672 3561 2733 operatur

1973 2738 2172 2792 malum
2198 2749 2458 2796 aeternam
2493 2744 2682 2809 vitam,
2716 2747 2864 2801 illam
2895 2750 3040 2804 enim
3084 2752 3290 2808 habent
3320 2771 3388 2810 ex
3432 2773 3557 2826 pro-

1971 2832 2089 2899 pria
2115 2842 2337 2897 natura,
2380 2836 2563 2904 genita
2593 2844 2776 2892 autem
2808 2848 2861 2894 et
2890 2845 3273 2913 corruptibilia
3315 2847 3370 2901 in
3398 2857 3558 2906 arter-

1970 2940 2102 2978 num
2126 2941 2234 2980 non
2269 2928 2490 2987 vivunt;
2522 2931 2747 2985 ubinam
2779 2941 2982 2989 aeterna
3008 2938 3139 3005 vita,
3166 2954 3328 3009 quam
3355 2944 3558 2996 caelum

1969 3019 2271 3085 operatur?
2302 3018 2359 3073 Si
2395 3038 2504 3075 non
2537 3023 2716 3078 solum
2759 3024 2824 3078 ad
2877 3031 3290 3096 generationem
3341 3048 3557 3099 eorum,

1970 3125 2093 3178 qua:
2142 3110 2299 3177 ﬁunt,
2368 3115 2470 3169 sed
2520 3123 2577 3170 et
2621 3116 2687 3170 ad
2726 3122 3136 3189 corruptionem
3185 3139 3378 3179 eorum
3438 3144 3558 3198 qua’

1972 3202 2294 3267 intereunt,
2328 3206 2478 3262 utilis
2514 3214 2599 3262 est
2652 3210 2776 3264 caeli
2824 3222 3037 3268 motus:
3088 3216 3366 3284 quomodo
3415 3216 3557 3274 Deus

1894 3286 1936 3344 C
1969 3295 2193 3359 coelum,
2242 3296 2473 3368 ejusque
2510 3302 2756 3368 operatio
2806 3304 2919 3358 vita
2973 3314 3202 3375 aeterna,
3256 3325 3354 3379 per
3391 3328 3556 3381 quam

1967 3398 2385 3459 corrumpuntur
2406 3394 2814 3464 corruptibilia?
2846 3392 2903 3449 Si
2938 3397 3085 3466 quod
3116 3415 3182 3453 ex
3214 3403 3443 3457 materia
3475 3414 3553 3458 εει

1967 3495 2078 3535 non
2110 3488 2289 3550 potest
2315 3496 2439 3537 esse
2468 3498 2576 3535 una
2607 3498 2731 3537 cum
2777 3488 3008 3541 materia
3040 3487 3379 3558 ingenitum:
3420 3509 3551 3563 quo-

1965 3572 2128 3626 modo
2153 3573 2455 3644 ingenitum
2479 3575 2702 3639 malum,
2737 3576 2883 3646 quod
2931 3595 2997 3633 ex
3038 3582 3268 3636 materia
3320 3585 3443 3640 est?
3499 3584 3552 3639 Si

1963 3666 2112 3737 quod
2141 3683 2208 3720 ex
2240 3674 2475 3737 utroque
2498 3676 2603 3731 est,
2640 3676 2873 3739 utroque
2915 3672 3227 3741 posterius:
3277 3680 3551 3745 quomodo

1962 3759 2184 3822 uelum,
2222 3758 2367 3828 quod
2398 3775 2463 3813 ex
2495 3762 2723 3814 materia
2755 3769 2808 3817 et
2835 3761 3010 3816 forma
3057 3773 3162 3828 est,
3216 3777 3551 3823 coa‘ternum

1961 3858 2046 3905 est
2070 3851 2328 3920 utrique?
2358 3849 2414 3905 Si
2460 3850 2633 3906 forma
2668 3868 2779 3907 non
2808 3864 2893 3909 est
2932 3870 2999 3910 ex
3042 3857 3294 3924 materia,
3336 3858 3433 3915 sed
3489 3876 3549 3916 ex

1961 3942 2187 4012 opiﬁce:
2243 3943 2519 4013 quomodo
2564 3945 2788 4006 caalum,
2824 3948 2970 4016 quod
2999 3949 3222 4005 aliunde
3253 3950 3414 4006 habet
3439 3969 3546 4007 ma-

1960 4035 2156 4089 teriam
2192 4044 2246 4091 et
2277 4037 2498 4092 aliunde
2536 4037 2804 4103 formam,
2839 4041 3144 4111 ingenitum
3180 4044 3302 4097 est?
3343 4042 3400 4098 Si
3440 4061 3547 4099 ma-

1960 4129 2151 4184 teriale
2172 4144 2375 4199 corpus
2391 4138 2475 4184 est
2496 4130 2697 4184 cmlum
2718 4138 2771 4186 et
2794 4132 3085 4186 rotundam
3106 4132 3269 4188 habet
3295 4132 3549 4204 ﬁguram,

1958 4229 2154 4292 estque
2199 4224 2538 4293 ingenitum;
2581 4224 2860 4294 quomodo
2908 4240 3017 4279 non
3058 4236 3354 4297 utrumque
3384 4243 3414 4281 a
3444 4244 3545 4281 ma-

1956 4314 2094 4367 teria
2128 4314 2352 4385 accipit,
2383 4323 2443 4369 ut
2479 4326 2533 4371 et
2564 4317 2635 4372 sit
2659 4317 2709 4371 id
2735 4317 2881 4387 quod
2901 4325 2987 4372 est
3006 4326 3059 4373 et
3091 4319 3291 4373 habeat
3323 4320 3376 4374 id
3404 4320 3547 4391 quod

1956 4406 2161 4463 habet?
2211 4407 2269 4462 Si
2320 4410 2548 4465 materia
2607 4410 2707 4474 iis,
2740 4426 2861 4480 qua:
2888 4428 2953 4466 ex
2985 4411 3075 4465 illa
3106 4412 3263 4479 ﬁunt,
3288 4413 3545 4482 primarie

1954 4501 2247 4570 subjicitur
2272 4514 2326 4557 et
2350 4502 2526 4558 inest:
2554 4501 2835 4573 quomodo
2858 4506 3059 4559 emtum
3081 4546 3096 4569 ,
3123 4521 3250 4560 cum
3283 4508 3355 4563 sit
3394 4508 3544 4578 inge-

1956 4593 2152 4657 nitum,
2189 4610 2301 4649 non
2328 4610 2490 4651 secus
2522 4604 2707 4652 tamen
2735 4613 2799 4652 ac
2821 4598 3029 4670 genita,
3062 4600 3349 4655 materiam
3384 4600 3543 4657 habat

1956 4685 2261 4756 subjectam
2311 4696 2367 4743 et
2409 4687 2669 4743 insitam?

2126 4778 2212 4833 55.
2249 4777 2329 4832 Ea:
2358 4785 2536 4835 eodem
2567 4781 2721 4847 libro,
2760 4782 2915 4843 ibid.,
2948 4795 2998 4835 c.
3030 4782 3094 4843 '5,
3131 4797 3185 4850 p.
3215 4783 3338 4839 286.

2035 4886 2052 4918 ι
2075 4867 2527 4939 Quandoquidem
2546 4874 2745 4927 caelum
2778 4874 3022 4928 divinum
3048 4873 3323 4944 quoddam
3342 4888 3544 4944 corpus

1954 4968 2058 5025 est,
2091 4962 2298 5016 idcirco
2351 4979 2552 5033 corpus
2602 4966 2900 5020 rotundum
2941 4966 3126 5032 habet,
3174 4966 3320 5037 quod
3348 4976 3543 5020 natura

1956 5068 2171 5123 semper
2230 5054 2284 5108 in
2320 5057 2507 5110 orbem
2563 5059 2780 5128 agitur?
2808 5060 2921 5113 Cur
2976 5068 3160 5114 autem
3215 5076 3325 5115 non
3366 5067 3541 5113 totum

1953 5145 2078 5197 caeli
2107 5160 2310 5215 corpus
2344 5148 2613 5217 ejusmodi
2639 5151 2762 5204 est?
2792 5151 3066 5216 Quoniam
3116 5151 3172 5204 in
3192 5167 3259 5205 eo
3285 5167 3538 5221 corpore.

1949 5237 2093 5303 quod
2120 5238 2173 5292 in
2199 5240 2387 5294 orbem
2422 5240 2620 5307 fertur,
2666 5242 2871 5312 aliquid
2905 5244 3212 5299 consistere
3227 5252 3460 5315 oportet,
3486 5244 3540 5297 id

1948 5329 2199 5385 videlicet
2240 5333 2385 5401 quod
2434 5334 2486 5387 in
2520 5336 2697 5389 medio
2726 5344 2830 5391 est.
2872 5335 3048 5391 Porro
3076 5335 3245 5405 hujus
3288 5336 3541 5406 corporis

1950 5420 2069 5475 ﬁeri
2102 5424 2291 5493 nequit
2322 5434 2381 5479 ut
2414 5442 2542 5495 pars
2572 5428 2703 5490 ulla,
2725 5445 2793 5483 ne
2824 5429 2879 5483 in
2912 5429 3095 5485 medio
3117 5431 3360 5501 quidem,
3386 5447 3541 5501 pror-

1950 5528 2047 5568 sus
2105 5516 2395 5572 consistat.
2432 5520 2653 5591 Alioqui
2682 5522 2829 5575 enim
2889 5524 3161 5581 naturalis
3191 5524 3315 5595 ejus
3358 5532 3539 5580 motus

2162 5817 2354 5897 ῖςιῦτα
2381 5818 2613 5897 ἕγεκεν.
2642 5821 2881 5897 lta__Reg.
2911 5827 2963 5881 l.
2988 5826 3133 5881 Editi
3157 5826 3333 5883 ταῦτα
3365 5829 3420 5883 δὲ
3447 5830 3531 5886 ἐν.

2015 5885 2131 5955 (41)
2170 5885 2295 5941 Ἐπὶ
2325 5891 2430 5945 τοῦ
2453 5892 2672 5961 μέσου.
2705 5885 2854 5968 Rch
2889 5906 3119 5963 uterque
3141 5900 3233 5951 ἐπὶ
3258 5901 3336 5963 τῷ
3359 5885 3529 5975 μέσῳᾷ

3160 5994 3238 6055 ιε
