3974 6256
1688 244 1715 276 4

480 428 617 483 1547

1238 414 1601 473 APPENDIX.
1632 448 1702 458 -ε
1733 414 1917 471 PARS
1956 414 1998 469 1.
2041 414 2098 471 S.
2141 404 2408 467 JUS’I‘INI
2449 402 2677 461 OPERA
2715 393 2985 455 SPURIA.

3568 386 3690 442 ιδιε

480 541 547 594 ιιι]
599 538 835 593 medium
896 534 1133 589 ferretur
1184 534 1402 604 (natura
1439 549 1559 588 vero
1611 534 1666 587 in
1707 533 1892 588 orbem
1942 548 2058 585 mo-

2185 528 2269 599 rdtp
2298 523 2450 596 παρά
2500 521 2659 592 φύσιν
2706 516 2891 571 ἀΐδιον.
2928 512 3191 582 ’Υστερον
3219 508 3272 561 δὲ
3298 507 3356 559 τὸ
3392 504 3531 577 παρά
3556 504 3695 573 φύσιν

478 631 678 701 vctur),
705 643 881 697 neque
907 636 1086 681 motus
1102 636 1249 680 esset
1277 635 1537 681 mternus.
1561 623 1707 679 Nihil
1736 625 1883 680 enim
1909 624 2056 694 quod

483 731 677 794 praeter
708 731 959 775 naturam
991 727 1096 783 est,
1133 725 1398 772 mternum
1431 727 1537 774 est.
1572 717 1638 771 Et
1669 716 1815 788 quod
1844 724 2059 786 -pra:ter

481 824 734 871 naturam
761 820 865 879 est,
896 827 960 868 eo
983 811 1130 882 quod
1182 811 1486 867 secundum
1516 818 1771 865 naturam
1802 816 1908 876 est,
1938 822 2061 879 pos-

482 909 656 963 terius
687 913 793 961 est.
827 905 890 960 Et
920 904 1068 976 quod
1102 912 1302 975 praeter
1339 912 1594 958 naturam
1643 909 1749 966 est,
1786 900 2061 956 aberratio

483 996 731 1066 quaedam
773 1002 857 1049 est
889 994 945 1047 in
976 994 1329 1064 generatione
1378 994 1446 1047 ab
1475 1008 1541 1047 eo
1583 992 1729 1063 quod
1759 989 2061 1045 secundum

485 1096 759 1144 naturam.
788 1085 1014 1141 Terram
1052 1087 1218 1157 igitur
1237 1101 1361 1141 esse
1393 1101 1621 1141 necesse
1647 1091 1750 1140 est.
1776 1082 1911 1137 Nam
1946 1082 2063 1137 haec

486 1181 541 1234 in
565 1179 744 1234 medio
780 1179 1144 1248 conquiescit.
1193 1177 1350 1245 Quod
1381 1178 1429 1233 si
1462 1185 1688 1241 terram,
1723 1176 1900 1247 ignem
1926 1183 2064 1245 quo-

486 1289 593 1343 que
622 1290 745 1331 esse
784 1283 1019 1343 oportet.
1062 1272 1267 1328 Eorum
1303 1272 1505 1342 quippe
1526 1285 1648 1340 quae
1677 1270 1894 1324 diversa
1922 1268 2064 1322 inter

488 1386 547 1423 se
568 1377 717 1434 sunt,
748 1369 794 1424 si
825 1369 1056 1423 alterum
1084 1374 1280 1421 natura
1304 1373 1410 1428 est,
1444 1365 1677 1418 alterum
1708 1362 1871 1433 576
1898 1361 2063 1417 etiam

487 1472 682 1515 natura
714 1476 857 1524 esse,
895 1459 1190 1531 (siquidem
1239 1457 1578 1511 contrarium
1608 1454 1701 1525 sit)
1732 1462 1786 1509 et
1826 1454 2064 1524 aliquam

488 1556 609 1624 ejus
634 1563 887 1609 naturam
918 1569 1063 1617 esse,
1112 1566 1341 1607 necesse
1370 1557 1474 1605 est.
1500 1546 1623 1619 Ipsa
1662 1547 1807 1601 enim
1836 1545 2066 1601 materia

487 1656 543 1702 et
567 1646 860 1702 contrariis
889 1653 943 1701 et
964 1643 1271 1717 privatione
1302 1643 1453 1712 prior
1478 1650 1583 1705 est,
1615 1640 1710 1696 sed
1732 1647 1790 1693 ut
1830 1637 2068 1693 calidum

490 1741 707 1811 frigido.
745 1740 849 1795 Sed
884 1748 1063 1793 tamen
1111 1739 1156 1794 si
1180 1737 1323 1809 ignis
1358 1744 1411 1791 et
1435 1743 1602 1798 terra,
1639 1748 1865 1788 necesse
1909 1739 1994 1787 est
2015 1739 2070 1787 et

490 1834 775 1905 interjecta
796 1849 919 1888 esse
950 1833 1093 1886 inter
1123 1838 1417 1900 utrumque
1440 1844 1692 1898 corpora.
1722 1826 2071 1883 Contrarium

2159 621 2253 674 τοῦ
2294 618 2435 672 κατά
2476 615 2636 685 φύσιν
2658 629 2669 642 ο
2706 611 2801 664 καὶ
2835 605 3089 668 ἔκστασις
3125 602 3235 674 (Λῖ)
3256 618 3335 663 τις
3382 601 3519 652 ἐστὶν
3556 600 3606 651 ὲν
3638 600 3697 667 τῇ

2160 711 2369 782 γενέσει
2396 709 2459 762 τὸ
2492 704 2644 778 παρὰ
2662 703 2823 773 φύσιν
2850 698 2944 753 τοῦ
2973 696 3115 751 κατὰ
3144 694 3319 764 φύσιν.
3362 692 3584 760 Ἀνάγκη
3607 690 3701 743 τοί-

2161 823 2254 861 νυν
2291 804 2395 875 γῆν
2435 798 2602 855 εἶναι·
2663 794 2822 850 τοῦτο
2869 791 2978 864 γὰρ
3021 789 3220 861 ἠρεμεῖ
3269 785 3359 837 ἐπὶ
3400 784 3491 836 τοῦ
3537 783 3698 875 μέσον.

2175 873 2332 952 Ἀλλά
2354 873 2471 967 ἡμὴν
2503 895 2552 947 εἰ
2598 891 2725 961 γῆν,
2758 887 2972 954 ἀνάγκη
3020 882 3114 936 καὶ
3143 879 3254 949 πῦρ
3281 875 3431 930 εἶναι.
3462 874 3573 929 Τῶν
3613 873 3704 967 γάρ

2164 962 2498 1044 ἐναντίων-εί
2519 985 2748 1056 θάτερον
2777 981 2962 1050 φύσει,
2992 975 3204 1043 ἀνάγκη
3234 972 3326 1025 καὶ
3352 970 3564 1038 θάτερον
3590 962 3705 1019 εἶναι

2166 1085 2348 1155 φύσει,
2395 1081 2600 1151 ἐάνπερ
2632 1071 2667 1150 ᾗ
2708 1071 2972 1137 ἐναντίον,
3005 1066 3101 1121 καὶ¹
3130 1066 3190 1118 τὸ
3226 1059 3359 1116 εἶναί
3411 1078 3528 1113 τινα
3567 1057 3707 1113 αὐτοῦ

2166 1151 2346 1248 eam»).
2389 1175 2455 1226 'H
2497 1170 2607 1241 γάρ
2656 1168 2795 1236 αὐτὴ
2821 1163 2921 1233 ῦλη
2942 1159 3050 1213 τῶν
3092 1156 3346 1212 ἐναντίων
3376 1154 3467 1206 καὶ
3492 1151 3582 1220 τῆς
3608 1166 3708 1202 στε-

2168 1243 2380 1343 ρήσεως
2432 1263 2675 1337 προτέρα
2698 1278 2713 1292 ο
2766 1258 2911 1326 λέγω
2949 1254 3006 1306 δὲ
3034 1247 3146 1305 οἷον
3189 1250 3251 1302 τὸ
3279 1246 3475 1318 θερμὸν
3513 1243 3599 1296 τοῦ
3623 1243 3707 1343 ψῃῑ

2166 1335 2321 1435 χροῦ.
2368 1335 2529 1413 Ἀλλά
2562 1356 2667 1427 μὴν
2695 1352 2853 1420 εἴπερ
2880 1346 2998 1400 ἐστὶ
3027 1342 3139 1415 πῦρ
3175 1340 3383 1435 καὶγῆ,
3414 1337 3610 1435 ἀνάγκη
3632 1335 3712 1435 καὶ

2296 1450 2497 1526 μεταξὺ
2528 1446 2713 1502 αὐτῶν
2758 1439 2900 1497 εἶναι
2947 1438 3196 1509 σώματα.
3253 1431 3585 1485 Ἐναντίωσιν
3623 1428 3715 1498 γὰρ

2168 1517 2398 1601 ἕκαστον
2427 1543 2539 1613 ἔχει
2568 1538 2706 1610 πρὸς
2742 1536 2972 1588 ἕκαστον
3000 1529 3107 1583 τῶν
3142 1523 3418 1595 στοιχείων
3438 1539 3450 1551 ·
3474 1517 3715 1574 τούτωνᾶ

2172 1610 2543 1710 ὑπαρχόντων,
2576 1628 2830 1700 φανερὸν,
2869 1625 2953 1678 ὅτι
2994 1621 3212 1690 ἀνάγκη
3246 1618 3456 1687 γένεσιν
3498 1610 3621 1667 εἶναι
3644 1612 3717 1665 διὰ

2170 1733 2232 1785 τὸ
2267 1704 2430 1802 μέλειν
2459 1721 2569 1779 οἷόν
2596 1725 2642 1777 τ’
2675 1720 2851 1774 αὐτῶν
2882 1714 3024 1771 εἶναι
3068 1714 3258 1769 ἀΐδιον.
3293 1711 3496 1779 Πάσχει
3519 1707 3616 1777 γὰρ
3640 1704 3716 1758 καὶ

2173 1798 2316 1877 ποιεῖ
2332 1798 2413 1875 τὰ
2444 1816 2663 1871 ἐναντία
2690 1815 2779 1866 ὑπ’
2801 1809 3063 1881 ἀλλήλων,
3086 1806 3182 1860 καὶ
3211 1801 3483 1875 φθαρτικά
3512 1798 3718 1869 ἀλλήλων

489 1927 636 1980 enim
695 1933 776 1981 est
831 1923 1259 1994 unumquodque
1302 1922 1600 1991 unicuique
1649 1921 2066 1975 elementorum.

2185 1913 2349 1967 ἐστίν·
2388 1910 2586 1965 Ἐτιδὲ
2623 1908 2724 1960 οῦκ
2773 1905 3013 1973 εὔλογον,
3049 1898 3191 1954 εἶναί
3227 1916 3282 1951 τι
3324 1895 3533 1966 κινητὸν
3559 1892 3717 1952 ἀΐδιον,

493 2018 619 2073 Haec
672 2033 795 2071 cum
840 2018 913 2070 ita
946 2017 1078 2079 sint,
1107 2029 1335 2069 necesse
1364 2023 1447 2067 est
1475 2027 1597 2067 esse
1634 2010 2065 2081 generationem,

490 2111 619 2181 quia
649 2110 844 2163 horum
897 2109 1030 2163 nihil
1072 2115 1338 2163 aeternum
1375 2120 1498 2161 esse
1538 2113 1740 2175 potest.
1780 2102 2071 2155 Patinntur

490 2204 636 2258 enim
668 2214 721 2257 et
752 2202 961 2256 faciunt
1007 2201 1110 2264 sibi
1149 2199 1382 2253 invicem
1415 2198 1714 2258 contraria,
1741 2210 1909 2265 seque
1932 2195 2074 2249 invi-

490 2310 609 2351 cem
642 2302 1024 2365 corrumpunt.
1060 2291 1266 2347 Deinde
1297 2305 1428 2345 vero
1457 2305 1565 2344 non
1589 2296 1672 2343 est
1701 2286 1901 2342 rationi
1934 2302 2072 2341 eon-

490 2396 836 2450 sentaneum,
872 2394 929 2441 ut
954 2385 1152 2439 mobile
1191 2382 1471 2453 quidpiam
1504 2389 1769 2438 aeternum
1792 2382 1884 2444 sit,
1914 2379 2073 2450 cujus

494 2497 602 2535 non
630 2487 809 2549 potest
834 2488 1070 2532 aeternus
1101 2491 1224 2531 esse
1256 2474 1558 2529 secundum
1588 2482 1842 2527 naturam
1872 2480 2077 2527 motus.

495 2570 646 2626 Talis
697 2579 881 2624 autem
939 2569 1137 2622 horum
1182 2574 1362 2621 motus
1412 2575 1517 2621 est.
1550 2566 1627 2619 Ac
1672 2565 2078 2635 generationem

488 2663 714 2733 quidem
774 2660 1147 2716 necessariam
1171 2674 1315 2724 esse,
1344 2675 1411 2713 ex
1438 2658 1525 2713 his
1557 2658 1692 2713 satis
1728 2664 1896 2728 patet.
1922 2655 2081 2722 Quod

499 2754 545 2807 si
578 2752 1014 2823 generationem,
1039 2765 1266 2805 necesse
1289 2750 1451 2805 etiam
1485 2750 1590 2803 erit
1616 2749 1775 2801 aliam
1806 2763 1931 2803 esse
1953 2763 2078 2802 cor-

497 2844 830 2914 ruptionem,
856 2843 940 2898 vel
966 2858 1152 2905 unam,
1177 2843 1263 2896 vel
1292 2843 1497 2912 plures.
1518 2839 1653 2894 Nam
1685 2856 1786 2910 pro
1820 2855 1887 2893 eo
1917 2848 2080 2909 atque

490 2937 768 3006 integrum
788 2951 846 2990 sc
878 2936 1038 2990 habet
1067 2950 1292 3005 corpus,
1331 2934 1702 2989 necessarium
1746 2939 1831 2987 est
1863 2948 1921 2987 sc
1956 2947 2082 2985 cor-

2172 1998 2234 2058 οῦ
2268 2005 2342 2077 μὴ
2363 2003 2634 2073 ἐνδέχεται
2663 1998 2807 2054 κατά
2835 1997 2996 2067 φύσιν
3026 1991 3163 2047 εἶναι
3196 1992 3296 2063 τὴν
3332 1991 3536 2059 κίνησιν
3561 1984 3715 2039 ἀΐδιον.

2175 2097 2392 2151 Τούτων
2422 2096 2466 2147 δ’
2496 2094 2614 2147 ἐστι
2661 2092 2898 2161 κίνησις.
2943 2089 3066 2141 Ὅτι
3120 2086 3219 2156 μὲν
3256 2082 3431 2136 τοίνυν
3466 2079 3720 2147 ἀναγκαῖον

2174 2189 2312 2245 εἶναι
2342 2189 2575 2258 γένεσιν,
2611 2187 2676 2239 ἐκ
2703 2183 2909 2237 τούτων
2938 2181 3093 2251 δῆλον
3118 2196 3132 2209 ·
3165 2179 3215 2230 εἰ
3247 2176 3305 2229 δὲ
3331 2175 3556 2243 γένεσιν,
3585 2171 3723 2234 ἀναγ-

2176 2288 2328 2339 καῖον
2345 2280 2483 2335 εἶναι
2504 2281 2599 2333 καὶ⁹
2625 2279 2791 2348 ἀλλην
2809 2274 3035 2346 φθοράν,
3066 2273 3098 2342 ἢ
3117 2272 3271 2342 μίαν,
3302 2270 3336 2340 ἢ
3359 2267 3582 2328 πλείους.
3596 2260 3723 2316 Κατὰ

2180 2378 2289 2449 γὰρ
2316 2375 2414 2446 τὴν
2443 2374 2538 2428 τοῦ
2567 2372 2713 2434 ὅλου,
2744 2368 3009 2429 ὡσαύτως
3051 2364 3352 2432 ἀναγκαῖον
3382 2359 3519 2430 ἔχειν
3564 2356 3645 2408 καὶ
3672 2352 3725 2404 τὰ

2184 2446 2422 2539 στοιχεῖα
2448 2466 2557 2519 τῶν
2587 2464 2854 2535 σωμάτων
2878 2460 3017 2531 πρὸς
3044 2456 3272 2528 ἄλληλα.
3305 2453 3417 2507 Νῦν
3436 2452 3489 2505 δὲ
3515 2446 3725 2502 τοσοῦτόν

2183 2565 2300 2615 ἐστι
2326 2561 2483 2632 δῆλον
2503 2558 2593 2611 διὰ
2644 2556 2767 2609 τίνα
2821 2554 3001 2607 αἰτίαν
3036 2550 3211 2604 πλείω
3255 2546 3327 2600 τά
3368 2542 3616 2615 ὲγκύκλιά
3635 2541 3727 2591 ἐστι

2186 2654 2436 2726 σώματα,
2487 2652 2569 2704 ὅτι
2618 2648 2831 2717 ἀνάγκη
2858 2646 3083 2716 γένεσιν
3111 2637 3283 2704 εἷναι,
3313 2638 3469 2709 εἴπερ
3500 2638 3585 2691 καὶ
3608 2633 3725 2703 πῦρ·

2181 2724 2339 2799 τοῦτο
2368 2744 2424 2797 δὲ
2445 2744 2539 2796 καὶ
2566 2741 2635 2795 τὰ
2665 2740 2820 2803 ἄλλα,
2842 2739 3001 2809 εἴπερ
3036 2736 3130 2789 καὶ
3160 2735 3266 2805 τὴν
3295 2733 3398 2804 γῆν
3417 2749 3431 2761 ο
3462 2728 3643 2797 ταύτην
3667 2724 3728 2785 δὲ,

2184 2838 2266 2891 ὅτι
2304 2836 2517 2906 ἀνάγκη
2557 2834 2653 2905 μὲν
2692 2828 2830 2885 εἷναί
2862 2830 2904 2861 ¹⁹
2932 2846 2986 2881 τι
3019 2828 3124 2894 ἀεὶ,
3173 2826 3337 2896 εἴπερ
3378 2824 3469 2876 καὶ
3506 2814 3731 2873 κινεῖσθαί

2187 2946 2241 2982 τι
2268 2930 2374 2982 ἀεί.
2420 2948 2439 2979 ›

500 3045 694 3099 porum
744 3044 961 3099 quoque
1014 3029 1283 3083 elementa
1328 3028 1470 3081 inter
1494 3042 1552 3081 se
1589 3026 1823 3080 invicem
1850 3025 2073 3080 habere.
2110 3022 2167 3077 In
2191 3022 2480 3093 praesentia
2522 3019 2745 3089 quidem
2798 3024 3010 3071 tantum
3065 3014 3279 3084 liquet,
3319 3024 3481 3081 quam
3528 3006 3591 3060 ob
3624 3017 3733 3099 calt-

499 3136 617 3175 sam
673 3122 828 3192 plura
880 3123 991 3176 sint
1036 3120 1271 3175 rotunda
1312 3135 1583 3190 corpora,
1631 3120 1758 3188 quia
1798 3118 2207 3189 generationem
2263 3131 2387 3172 esse
2437 3128 2663 3169 necesse
2709 3121 2827 3177 eSt;
2875 3109 3291 3181 generationem
3346 3110 3545 3163 autem,
3592 3092 3735 3165 siqui-

503 3216 625 3271 dem
657 3227 710 3271 et
743 3219 921 3287 ignem
959 3232 973 3267 :
1007 3216 1155 3271 hunc
1183 3231 1315 3271 vero
1368 3224 1421 3269 et
1479 3216 1609 3277 alia,
1651 3215 1922 3284 siquidem
1979 3222 2033 3269 et
2084 3222 2285 3268 terram
2320 3231 2332 3267 :
2363 3212 2503 3265 hanc
2546 3224 2712 3281 porro
2770 3207 2898 3277 quia
2951 3203 3267 3259 consistere
3310 3193 3512 3268 aliquid
3554 3199 3733 3257 semper

494 3327 732 3368 necesse
759 3318 877 3380 est;
912 3312 1184 3383 siquidem
1215 3320 1269 3367 et
1315 3312 1523 3367 moveri
1555 3311 1763 3381 aliquid
1789 3325 2022 3380 semper.
2058 3329 2077 3362 ο

579 3427 634 3481 Si
666 3427 791 3480 emli
820 3442 1042 3496 corpus,
1071 3426 1200 3497 quia
1253 3442 1355 3481 nec
1395 3426 1716 3496 gravitatem
1765 3440 1867 3479 nec
1897 3425 2080 3479 levita-

2264 3422 2327 3475 Εί
2353 3419 2442 3472 διὰ
2475 3418 2572 3490 μὲν
2598 3416 2659 3469 τὸ
2709 3416 2783 3487 μὴ
2822 3414 2965 3485 ἔχειν
2998 3411 3287 3483 βαρύτητα
3330 3408 3424 3461 καὶ
3474 3398 3735 3497 ganeonis

500 3529 611 3574 tem
638 3521 823 3584 habet,
856 3536 1057 3591 corpus
1085 3529 1189 3583 est,
1208 3520 1353 3589 quod
1378 3520 1585 3574 circum
1613 3517 1852 3574 medium
1871 3533 2087 3588 semper

504 3612 762 3674 volvitur,
800 3620 972 3665 totum
1005 3612 1194 3681 utique
1223 3627 1424 3681 corpus
1452 3612 1578 3666 cmli
1611 3612 1823 3666 circum
1846 3612 2087 3665 medium

506 3706 653 3761 volvi
686 3720 914 3759 necesse
944 3712 1047 3759 est.
1076 3704 1173 3757 Sin
1203 3704 1403 3759 coelum
1434 3702 1944 3773 eju‘smodiquidem
1971 3717 2090 3757 cor-

506 3816 610 3871 pus
636 3800 815 3861 habet,
874 3806 1081 3852 motum
1112 3805 1293 3851 autem
1326 3794 1598 3864 ejusmodi
1628 3810 1741 3849 non
1765 3795 1927 3849 habet
1959 3812 1972 3848 :
2003 3793 2089 3848 ni-

507 3893 707 3946 mirum
764 3898 963 3961 praater
1020 3899 1273 3943 naturam
1321 3896 1589 3943 movetur.
1644 3886 1703 3941 Si
1733 3888 1859 3942 οωιί
1887 3902 2090 3958 corpus

506 3984 716 4038 circum
733 3982 973 4037 medium
994 3990 1265 4044 movetur,
1296 3997 1406 4033 non
1431 3988 1606 4034 totum
1629 3995 1760 4035 vero
1785 3980 2091 4035 secundum

508 4084 716 4130 motum
748 4074 1120 4136 elementi,ex
1157 4088 1265 4142 quo
1296 4088 1497 4142 corpus
1544 4087 1667 4127 esse
1719 4072 1944 4137 dicitur,
1996 4071 2092 4129 sed

509 4169 789 4233 inorbem,
810 4167 1137 4237 migratione
1168 4166 1269 4220 sibi
1292 4166 1676 4221 obsistentium
1707 4166 1939 4221 invicem
1966 4181 2093 4236 par-

512 4263 677 4315 tium:
712 4261 989 4331 quomodo
1007 4266 1188 4313 motus
1210 4258 1303 4328 qui
1324 4259 1378 4311 in
1396 4258 1584 4312 orbem
1604 4257 1683 4323 ﬁt,
1703 4258 1959 4313 elementi
1978 4273 2095 4312 mo-

501 4361 628 4407 .tum
648 4368 756 4407 non
773 4351 1033 4422 superat?
1052 4350 1216 4421 Atqui
1241 4349 1570 4419 corporibus
1589 4365 1710 4420 qua:
1726 4365 1790 4404 ex
1808 4350 2094 4405 elementis

510 4454 789 4511 constant,
825 4454 1006 4501 motus
1048 4445 1477 4516 haudquaquam
1517 4443 1821 4498 secundum
1860 4442 2094 4497 formam

509 4548 617 4604 est,
658 4541 754 4595 sed
786 4540 1087 4594 secundum
1112 4539 1403 4601 elementa,
1433 4550 1497 4590 ex
1546 4536 1749 4605 quibus
1789 4543 2045 4590 constant
2079 4553 2091 4588 :

511 4633 789 4701 quomodo
822 4632 986 4703 igitur
1014 4648 1044 4685 e
1080 4630 1207 4684 coali
1242 4643 1476 4698 corpore
1505 4629 1767 4683 motionis
1792 4628 2095 4685 necessitas

510 4725 801 4779 immutata
831 4726 951 4779 est?
1000 4723 1267 4793 Corpori,
1308 4721 1457 4791 quod
1508 4738 1611 4776 nec
1639 4722 1960 4793 gravitatem
1990 4737 2095 4776 nec

510 4817 789 4871 levitatem
821 4817 1006 4881 habet,
1042 4830 1267 4871 necesse
1290 4822 1374 4870 est
1399 4814 1734 4869 immobilem
1773 4814 1949 4884 magis
1971 4829 2080 4885 esst

2201 4807 2343 4877 ἔχειν
2376 4804 2562 4858 στάσιν
2605 4801 2861 4871 ἀκίνητον
2889 4796 3089 4869 μᾶλλον
3119 4795 3153 4865 ἢ
3202 4793 3412 4883 κίνησιν

401 4951 405 4955 .
484 4910 896 4985 ⁴εῑειὶήιίιιιιιξιη,
941 4923 1105 4978 quam
1133 4914 1341 4961 motum
1382 4906 1718 4961 instabilem.
1752 4903 1887 4958 Nam
1919 4903 1966 4960 si
1996 4920 2099 4961 nec

508 5002 751 5074 pondere
774 5001 1032 5055 deorsum
1053 5000 1247 5062 fertur,
1268 5013 1366 5053 nec
1384 4998 1604 5053 levitate
1626 5012 1873 5061 sursum,
1903 5005 1961 5051 ut
1995 4996 2099 5050 im-

512 5096 712 5150 mobile
736 5101 976 5157 maneat,
1012 5108 1239 5147 necesse
1260 5102 1363 5147 est.
1392 5089 1449 5145 Si
1483 5106 1675 5146 saxum
1707 5091 1762 5145 in
1795 5090 1941 5162 globi
1974 5105 2097 5159 spe-

512 5189 651 5242 ciem
681 5186 1049 5258 eﬂingeretur,
1077 5193 1131 5241 et
1160 5185 1215 5238 in
1244 5200 1369 5239 aere
1390 5192 1705 5255 poneretur,
1742 5194 1800 5237 ut
1828 5185 1884 5237 in
1914 5183 2097 5237 locum

512 5295 673 5337 Suum
691 5280 949 5335 deorsum
976 5276 1239 5344 ferretur,
1257 5291 1367 5331 non
1394 5276 1531 5330 illud
1553 5276 1806 5348 profecto
1836 5275 2097 5330 deorsum

512 5373 571 5427 in
587 5374 796 5438 orbem,
816 5380 1040 5442 propter
1059 5370 1293 5423 formam
1314 5372 1487 5439 ipsam
1520 5386 1641 5425 sese
1664 5368 1965 5423 volutando
1996 5366 2099 5422 fer-

511 5475 683 5530 retur,
718 5467 813 5521 scd
870 5476 1019 5521 recta
1052 5480 1154 5535 pro
1187 5464 1452 5536 gravitate
1486 5477 1606 5519 sua.
1638 5460 1925 5529 Quomodo
1965 5474 2095 5529 ergo

586 5624 628 5655 “’
669 5623 797 5693 Leg.
838 5623 1038 5690 μένειν.

582 5743 695 5811 (42)
729 5740 837 5794 Kal
864 5740 1174 5811 ἕκσζασις.
1209 5738 1333 5793 Haec
1373 5746 1564 5793 mutuo
1595 5741 1813 5802 sumpta
1844 5730 1913 5786 ab
1973 5728 2096 5784 Ari-

510 5809 707 5871 stotele
736 5811 945 5865 addidit
977 5809 1321 5881 Sylbttrgius.

585 5884 699 5954 (45)
732 5882 891 5935 Κατὰ
922 5882 987 5935 τὸ
1009 5870 1220 5952 ἑῖδοςζ
1222 5879 1355 5951 Reg.
1384 5895 1421 5945 ι,
1456 5880 1547 5932 καὶ
1578 5877 1639 5930 τὸ
1663 5870 1817 5938 εἶδος.

2192 3517 2311 3569 ἐστὶ
2363 3482 2521 3584 σῶρία
2564 3512 2651 3565 ἀεὶ
2692 3482 2912 3580 κινητον
2954 3482 3083 3575 περι
3109 3502 3177 3555 τὸ
3210 3502 3378 3572 μέσον
3421 3494 3510 3549 τοῦ
3546 3482 3737 3563 ούρανοῦ

2194 3610 2387 3679 σῶμα·
2438 3606 2652 3675 ἀνάγκη
2697 3604 2807 3673 ἄρα
2848 3600 2967 3654 ὅλον
2996 3598 3059 3650 τὸ
3098 3596 3267 3667 σῶμα
3308 3592 3400 3646 τοῦ
3428 3585 3738 3679 ούρανοῦ-κι-

2191 3674 2402 3757 νεῖσθαι
2430 3701 2559 3771 περὶ
2585 3674 2650 3750 τδ
2679 3698 2869 3768 μέσον·
2902 3694 2951 3747 εί
2990 3693 3046 3745 δὲ
3078 3690 3245 3761 σῶμα
3278 3688 3374 3759 μὲν
3402 3680 3624 3771 τοιοῦτον
3652 3674 3742 3771 ἔχει

2192 3798 2221 3848 ὁ
2250 3765 2516 3866 οὐρανὸς,
2556 3765 2772 3861 κίνησιν
2827 3787 2885 3840 δὲ
2924 3784 3188 3853 τοιαύτην
3236 3782 3338 3834 οὐκ
3386 3777 3512 3847 ἔχει,
3540 3765 3743 3862 enim:

2195 3888 2347 3959 παρά
2377 3885 2537 3956 φύσιν
2568 3885 2817 3937 κινεῖται.
2851 3881 2917 3932 Et
2950 3879 3079 3949 περὶ
3106 3877 3173 3929 τὸ
3225 3874 3389 3945 μέσον
3430 3867 3641 3923 κινεῖται
3668 3871 3743 3909 του

2193 3953 2426 4050 ούρανοῦ
2459 3976 2637 4048 σῶμα,
2666 3975 2766 4044 οὐχ
2784 3972 2904 4026 ὅλον
2922 3970 2979 4023 δὲ
3013 3967 3156 4022 κατά
3190 3966 3292 4036 τὴν
3319 3960 3486 4034 φορὰν
3513 3953 3599 4009 τοῦ
3627 3964 3745 4050 cm:-

2194 4039 2342 4142 χείου
2378 4068 2439 4135 ἐξ
2466 4039 2710 4121 οῦέἷναι
2734 4039 2957 4134 ’λέγεται
2980 4062 3039 4115 τὸ
3071 4059 3260 4130 σῶμα,
3307 4054 3441 4111 ἀλλὰ
3483 4039 3747 4119 σφαιρικῶς

2198 4163 2341 4218 κατά
2370 4160 2825 4233 ἀντιμετάστασιν
2862 4154 2971 4208 τῶν
3014 4152 3200 4224 μερῶν
3224 4168 3238 4180 ·
3274 4148 3392 4211 πῶς
3419 4145 3533 4214 οὐχ).
3565 4143 3749 4233 ﬁgitqu-

2200 4254 2330 4327 ρικὴ
2358 4228 2571 4323 κίνησις
2600 4250 2889 4320 ἐπικρατεῖ
2903 4245 3000 4317 τὴν
3020 4243 3291 4313 στοιχείου
3322 4239 3556 4309 κίνησιν;
3584 4228 3746 4284 Καίτοι

2197 4343 2449 4415 οὐδαμῶς
2479 4346 2592 4405 τοῖς
2638 4340 2703 4394 ὲκ
2755 4338 2865 4392 τῶν
2913 4334 3198 4406 στοιχείων
3236 4328 3535 4402 σώμασινὴ
3571 4322 3751 4387 κίνησις

2199 4410 2346 4490 κατά
2358 4436 2419 4487 τὸ
2450 4430 2582 4496 εἶδος
2602 4432 2714 4504 (45)
2758 4430 3014 4502 ὑπάρχει,
3058 4425 3200 4480 ἀλλά
3244 4422 3386 4478 κατά
3425 4418 3493 4473 τὰ
3531 4410 3749 4504 στοιχεῖα,

2199 4528 2259 4591 ἐξ
2312 4521 2388 4581 ὧν
2441 4529 2578 4579 εἰσι·
2641 4523 2759 4587 πῶς
2816 4517 2910 4576 οὖν
2952 4522 3017 4573 ὲκ
3063 4517 3160 4571 τοῦ
3211 4512 3444 4587 οὐρανοῦ
3476 4501 3751 4591 σώματοςὴ

2199 4620 2413 4691 ἀνάγκη
2445 4620 2543 4690 τῆς
2573 4618 2843 4688 κινήσεως
2880 4611 3242 4683 ὲνήλλακται;
3283 4606 3499 4676 Σὼματι
3531 4600 3651 4691 μήτέ
3673 4590 3751 4663 ﬁ"

2205 4689 2412 4787 ρύτητοί
2466 4689 2661 4781 ἕλοντιν
2721 4708 2859 4778 μήτε
2917 4704 3252 4774 κούφοτητα,
3310 4692 3591 4765 ἀναγκαῖόν

3414 4764 3669 4829 ίαστατον.
3696 4764 3749 4816 Εἰ

2203 4857 2483 4972 ῖγῖὶρῇμήτε
2513 4895 2618 4951 ὑπὸ
2653 4857 2956 4965 βαρύτητός
2982 4891 3099 4942 ἐστι
3141 4857 3483 4973 κατωφερες,

2206 4961 2536 5063 ᾇορφὲτῆτος
2565 4961 2864 5059 ἀνωφερὲς,
2899 4982 3112 5047 ἀνάγκη
3148 4970 3335 5063 μένειν
3363 4963 3493 5063 αὐτο
3508 4961 3745 5063 ἀκίνητογζ

2206 5041 2705 5155 ’ἐσχηὶιατίζετοι
2722 5041 2869 5139 λὶθὲξ
2901 5073 2981 5143 τῷ
3007 5041 3112 5140 τῆς.
3128 5041 3372 5155 σφαίρας
3386 5055 3499 5155 Δσχη
3507 5065 3649 5155 past,

2206 5140 2502 5229 ἐτίθετο-ὲν
2530 5140 2610 5242 vui)
2642 5172 2787 5241 ἀέρι,
2843 5140 3129 5233 ἐνεχθῆναι
3172 5152 3326 5207 κάτω
3354 5149 3432 5209 είς
3452 5143 3545 5214 τὴν
3584 5140 3748 5242 ἑαυτου

2202 5269 2411 5341 χώραν,
2436 5268 2538 5321 οὐκ
2577 5239 2643 5319 ἀν
2699 5239 2926 5332 ἐφέρετο
2973 5255 3121 5309 κάτω
3148 5246 3467 5314 κυλιόμενος
3490 5239 3749 5341 σφαιρηῗὲ

2204 5318 2629 5432 ἓιάῐτῦισχῆμα,
2854 5352 2974 5407 κατ’
3012 5346 3229 5401 εὐθεῖαν
3263 5340 3485 5432 ἐφέρετο
3519 5324 3644 5383 κατὰ
3666 5318 3751 5430 3+9!

2205 5454 2398 5510 ἑαυτοῦ
2439 5428 2753 5525 βαρύτητα·
2812 5445 2931 5507 πῶς
2974 5442 3037 5495 τὸ
3084 5437 3341 5508 πέμπτον
3370 5428 3477 5503 (Η)
3510 5428 3749 5488 στοιχεῖον.

2208 5795 2242 5851 b
2281 5723 2393 5804 (μ)
2417 5720 2552 5787 Πῶς
2581 5718 2649 5773 τὸ
2676 5716 2969 5787 πέμπτον.
2999 5709 3203 5765 Deesse
3239 5699 3332 5758 οὖν
3363 5688 3624 5753 admonuit
3648 5678 3745 5744 511'

2246 5810 2458 5851 urmus.

2246 5810 2458 5867 urgius.
