3974 6256
335 401 471 457 I559

1012 400 1454 459 CONFUTAT‘IO
1494 399 1896 468 QUOBUMDA}

1998 401 2445 458 \RISTOTELIS
2486 403 2818 463 DOGMATU
2831 406 2898 463 M.

3459 416 3601 471 1550

326 519 387 583 ἐξ
414 514 476 571 οὗ
508 518 655 570 ἐστὶν
682 520 712 570 6
753 517 1001 589 οὐρανὸς,
1035 518 1097 570 τὸ
1130 518 1373 586 πεφυκὸς
1404 519 1532 588 περὶ
1563 517 1625 569 τὸ
1652 518 1815 588 μέσον
1836 535 1896 571 κιη

2022 518 2298 587 quintum,
2338 537 2405 574 ex
2452 538 2563 591 quo
2592 524 2791 577 etnlum
2820 531 2926 587 est,
2952 524 3304 596 elementum,
3344 532 3489 599 quod
3531 534 3603 587 ita

326 609 536 662 νεῖσθαι
576 608 666 662 διὰ
704 610 765 662 τὸ
799 608 874 679 μὴ
920 609 1064 679 ἔχειν
1115 608 1393 679 βαρύτητα
1425 608 1459 678 ἢ
1493 609 1825 678 κουφότητα,
1851 609 1912 661 οὐ

325 702 470 757 κατά
498 704 597 775 τὴν
637 703 845 756 οἰκείαν
868 702 1028 771 φύσιν
1060 701 1182 754 ὅλον
1211 703 1309 755 σὺν
1342 704 1454 764 τοῖς
1493 700 1689 754 ἑαυτοῦ
1716 700 1910 772 μέρεσι

325 794 553 865 φέρεται
596 795 723 865 περὶ
762 795 823 847 τὸ
848 794 1036 865 μέσον,
1067 793 1203 847 ἀλλά
1236 792 1543 864 σφαιρικῶς
1574 792 1717 846 κατά
1764 794 1913 846 ἀντι-

326 889 658 959 μετάστασιν
681 887 793 940 τῶν
816 886 998 958 μερῶν
1031 889 1283 950 κινεῖται,
1300 884 1398 957 τὴν
1431 885 1665 956 κίνησιν,
1698 887 1800 939 οὐκ
1818 881 1910 938 οὗ-

324 996 424 1035 σαν
454 980 557 1050 τῆς
595 979 690 1032 τοῦ
730 979 997 1050 στοιχείου
1046 979 1283 1047 φύσεως,
1314 978 1449 1032 ἀλλά
1489 978 1584 1032 τοῦ
1620 980 1910 1051 σφαιρικοῦ

323 1074 642 1143 σχήματος;
671 1072 737 1125 Et
768 1071 894 1125 οὕτε
928 1072 1082 1142 παρὰ
1114 1071 1297 1141 φύσιν,
1332 1071 1454 1125 οὕτε
1476 1073 1751 1144 περιττὸν,
1786 1073 1908 1128 οὔτε

326 1164 503 1235 μάτην
524 1164 673 1218 ἐστὶν
706 1166 765 1217 ὲν
782 1167 896 1227 τοῖς
922 1165 1133 1229 ἀϊδίοις,
1170 1165 1288 1228 πῶς
1318 1166 1417 1218 οὐκ
1448 1165 1595 1220 ἔστιν
1626 1169 1654 1220 6
1685 1166 1910 1239 οὐρανὸς

324 1256 480 1329 παρὰ
528 1256 690 1325 φύσιν
736 1256 1077 1327 κινούμενος,
1127 1259 1222 1311 καὶ
1272 1257 1449 1329 μάτην
1483 1257 1596 1329 ἔχει
1644 1258 1739 1312 τοῦ
1768 1276 1911 1313 στοι-

321 1350 469 1421 χείου
517 1351 618 1422 τὴν
662 1349 845 1418 φύσιν,
887 1350 1011 1403 καθ’
1044 1351 1110 1421 ἢν
1141 1350 1202 1403 ού
1222 1353 1473 1414 κινεῖται,
1515 1351 1609 1403 καὶ¹
1639 1351 1911 1422 περιττῶς

321 1443 428 1495 ὑπὸ
457 1443 553 1495 τοῦ
596 1441 825 1513 πρώτως
866 1441 1141 1506 κινοῦντος
1182 1444 1258 1513 μὴ
1298 1442 1618 1514 κινουμένου
1679 1446 1908 1497 κινεῖται

321 1536 554 1605 κίνησιν,
599 1536 663 1606 ῆν
694 1538 787 1589 καὶ
841 1537 1012 1608 χωρὶς
1059 1538 1268 1591 ἐκείνου
1313 1536 1543 1608 ἠδύνατο
1582 1536 1905 1608 κινηθῆναι;

320 1626 383 1677 Εἰ
412 1625 487 1696 μὴ
526 1626 589 1677 τὸ
620 1627 865 1698 ἠρεμοῦν
894 1628 1091 1699 ἠρέμει
1124 1629 1212 1682 ἀεὶ
1250 1629 1344 1682 ἐπὶ
1371 1627 1464 1682 τοῦ
1502 1628 1691 1699 μέσου,
1713 1629 1812 1683 οὐκ
1840 1628 1907 1682 ἂν

318 1717 380 1770 τὺ
402 1718 718 1788 κινούμενον
756 1719 843 1772 ἀεὶ
884 1720 1013 1791 περὶ
1045 1720 1107 1774 τὸ
1150 1721 1313 1792 μέσον
1342 1723 1607 1776 ἐκινεῖτο·
1644 1722 1764 1785 πῶς
1805 1723 1905 1775 οὐκ
1938 1786 1939 1791 η

320 1809 435 1862 ἔστι
496 1810 606 1881 (45)
660 1810 854 1879 ψευδὲς
899 1813 961 1865 τὸ
1007 1812 1098 1867 τὸν
1154 1815 1383 1885 οὐρανὸν
1415 1815 1680 1869 κινεῖσθαι
1711 1816 1799 1868 ἀεὶ
1836 1819 1901 1887 τῇ

319 1880 515 1955 ἑαυτοῦ
573 1902 768 1971 φύσει;
814 1905 878 1958 El
926 1904 1001 1976 μὴ
1051 1906 1156 1977 τὴν
1204 1880 1364 1975 φύσιν
1395 1907 1490 1960 καὶ
1534 1906 1633 1977 τὴν
1665 1906 1811 1960 θέσιν
1840 1880 1906 1977 ἣν
1941 1880 1978 1933 Β

318 1992 433 2063 ἕχει
464 1994 620 2065 έσχεν
651 1997 684 2066 ή
720 1996 812 2066 γῆ,
847 1996 1109 2061 ὡσαύτως
1124 1998 1182 2052 δὲ
1201 2000 1297 2052 καὶ
1320 2001 1348 2052 6
1375 1998 1606 2069 οὐρανὸς
1637 2000 1685 2051 εί
1714 1997 1787 2069 μὴ
1808 1997 1905 2069 τὴν

318 2084 481 2153 φύσιν
510 2086 605 2139 καὶ
635 2086 733 2157 τὴν
762 2086 913 2142 θέσιν
943 2090 1011 2160 ἢν
1058 2088 1170 2160 ἔχει
1199 2089 1375 2160 ἔσχεν,
1406 2090 1506 2143 οὐκ
1539 2089 1606 2142 ἂν
1632 2089 1694 2142 τὸ
1726 2089 1906 2143 κινού-

319 2194 479 2247 μενον
504 2178 756 2243 ἐκινεῖτο,
788 2179 901 2233 οὔτ’
932 2180 997 2234 ἂν
1019 2182 1079 2234 τὸ
1112 2181 1355 2252 ἠρεμοῦν
1396 2181 1593 2251 ἠρέμει
1612 2198 1625 2210 υ
1662 2181 1780 2244 πῶς
1810 2178 1904 2234 οὖν

316 2270 463 2325 ἀΐδια
492 2270 667 2325 ταῦτα
701 2273 795 2325 καὶ
826 2273 1089 2345 ἀγένητα,
1122 2267 1197 2327 ὧν
1224 2274 1286 2327 τὸ
1316 2274 1371 2325 τὶ
1390 2269 1550 2337 εἶναι,
1573 2273 1667 2326 καὶ
1696 2272 1760 2325 τὸ
1789 2273 1905 2336 πῶς

313 2360 453 2416 εἷναί
486 2365 635 2416 ἐστιν
680 2365 942 2436 ἑκατέρου
983 2366 1070 2418 διὰ
1118 2366 1377 2438 θάτερον·
1422 2367 1560 2438 ὅπερ
1596 2368 1743 2420 ἐστὶν
1775 2366 1904 2421 ἴδιον

312 2455 421 2507 τῶν
453 2455 730 2526 γενητῶν;
766 2458 830 2510 Εἰ
863 2459 921 2509 ὲν
950 2460 1062 2521 τοῖς
1104 2457 1296 2522 ἀϊδίοις
1319 2457 1442 2511 οὔτε
1471 2457 1611 2511 κατά
1646 2458 1904 2533 πρόνοιάν

313 2548 429 2601 ἐστί
458 2566 534 2611 τι,
567 2546 693 2601 οὔτε
717 2549 779 2602 τὸ
826 2549 1133 2619 αὐτόματον
1187 2550 1275 2620 (τά
1305 2550 1413 2622 γὰρ
1458 2550 1602 2603 κατὰ
1645 2550 1903 2622 πρόνοιαν

312 2640 541 2712 δεύτερα
561 2641 660 2712 τῆς
695 2642 948 2714 προνοίας
972 2659 984 2671 ·
1005 2642 1196 2696 -καὶτὸ
1226 2645 1344 2696 κατ’
1367 2643 1720 2715 αὐτόματονῆ
1752 2646 1902 2717 παρά

311 2732 475 2801 φύσιν
505 2734 538 2805 ἢ
574 2734 941 2805 συμϐεϐηκὸς,
976 2736 1034 2788 ὲν
1065 2738 1176 2799 τοῖς
1196 2737 1341 2790 κατά
1372 2738 1692 2810 προαίρεσιν
1722 2756 1903 2809 γιγνο-

314 2825 499 2894 μένοις
532 2825 710 2879 ὲστίν*
738 2824 876 2879 ἀλλὰ
895 2827 958 2879 τὸ
990 2826 1089 2896 μὲν
1121 2826 1275 2898 παρά
1303 2826 1465 2897 φύσιν
1496 2829 1746 2901 δεύτερόν
1784 2834 1901 2884 ἐστι

309 2917 403 2970 τοῦ
438 2918 581 2971 κατά
643 2918 833 2988 φύσιν·
887 2920 1030 2973 κατὰ
1057 2920 1167 2993 γὰρ
1208 2922 1306 2993 τὴν
1338 2922 1611 2994 ἐκτροπὴν
1642 2922 1737 2977 τοῦ
1760 2926 1901 2980 κατά

310 3007 473 3077 φύσιν
515 3010 724 3077 γίνεται
754 3011 817 3065 τὸ
850 3011 1001 3083 παρὰ
1048 3012 1210 3082 φύσιν
1233 3030 1247 3043 ο
1283 3015 1377 3067 καὶ
1412 3015 1475 3068 τὸ
1504 3016 1797 3086 συμϐαῖνον
1842 3021 1900 3072 ἐν

308 3103 420 3163 τοῖς
449 3102 592 3155 κατά
625 3104 947 3174 προαίρεσιν
985 3106 1291 3177 γινομένοις
1337 3108 1592 3184 δεύτερόν
1644 3116 1759 3167 ἐστι
1800 3114 1920 3185 τῆς.

311 3194 735 3266 προαιρέσεως)’
770 3195 888 3259 πῶς
939 3197 1172 3268 ὑπάρχει
1205 3197 1316 3269 (46)
1366 3202 1424 3253 ὲν
1451 3205 1565 3266 τοῖς
1609 3204 1801 3268 ἀϊδίοις
1834 3205 1897 3257 τὸ
1923 3237 1965 3294 C

311 3281 449 3340 εἶναι
472 3288 591 3340 τόδε
622 3288 707 3341 διὰ
734 3288 796 3341 τὸ
844 3284 984 3341 εἶναι
1022 3289 1151 3343 ἀλλο
1181 3292 1300 3345 τόδε
1338 3310 1426 3358 τι;
1458 3289 1590 3358 οἷον,
1638 3297 1823 3368 ἐπειδὴ
1868 3299 1895 3349 6

304 3377 538 3448 οὐρανός
594 3381 764 3446 ἐστιν,
814 3383 1113 3450 ἀναγκαῖον
1141 3377 1279 3434 εἶναι
1316 3384 1410 3437 καὶ
1444 3384 1544 3454 τὴν
1577 3386 1680 3455 γῆν
1707 3402 1720 3415 ·
1757 3389 1805 3439 εἰ
1836 3387 1893 3439 δὲ

307 3471 403 3542 γῆ,
464 3472 560 3524 καὶ
608 3473 838 3543 οὐρανός
900 3476 1037 3527 ἐστι.
1072 3475 1146 3527 Τὸ
1174 3475 1232 3527 δὲ
1255 3474 1510 3546 προνοίας
1531 3476 1679 3529 ἐστὶν
1709 3475 1890 3547 ἔργον,

304 3562 407 3633 τῆς
451 3563 573 3617 τάδε
630 3565 697 3618 τὸ
751 3567 860 3619 πᾶν
919 3568 984 3620 ὲκ
1027 3567 1301 3639 διαφόρων
1337 3568 1458 3621 κατ’
1487 3568 1677 3622 οὐσίαν
1701 3587 1761 3621 τε
1802 3573 1894 3623 καὶ

306 3657 496 3725 χρείαν
528 3657 713 3729 μερῶν
728 3660 1050 3731 ποιησάσης.
1079 3661 1149 3712 Ἦ
1171 3662 1279 3732 ἄρα
1298 3661 1397 3714 οὐκ
1419 3660 1563 3714 ἀίδια
1585 3662 1613 3714 ὃ
1633 3679 1693 3714 τε
1726 3664 1784 3715 ού
1796 3681 1891 3734 ρα-

305 3749 394 3812 νὸς
430 3750 523 3802 καὶ
553 3751 703 3821 ἡγῆ,
753 3752 847 3804 καὶ
878 3750 947 3804 τὰ
982 3756 1040 3805 ἐν
1081 3754 1265 3817 αὐτοῖς
1306 3755 1506 3819 πάντα,
1542 3754 1627 3808 τά
1652 3756 1790 3825 πρὸς
1830 3758 1892 3818 τὸ

306 3840 442 3895 εἷναί
468 3859 528 3895 τε
552 3846 645 3897 καὶ
664 3847 834 3897 ποιεῖν
854 3846 949 3898 καὶ
968 3847 1203 3917 πάσχειν
1222 3847 1473 3918 ἀλλήλοις
1502 3848 1856 3902 συντελοῦντα
1875 3867 1886 3878 '

303 3936 337 4005 ἢ
372 3938 421 3989 εί
447 3936 612 4000 ἀΐδια,
645 3938 745 3991 οὐκ
777 3938 990 4010 ἀνάγκη
1025 3939 1142 3991 τόδε
1174 3939 1292 3992 τόδε
1343 3937 1503 4005 εἶναι,
1551 3940 1738 4012 ἐπειδὴ
1773 3942 1891 3994 τόδε

304 4029 421 4082 τόδε
452 4030 623 4083 ἐστίν.
648 4030 793 4084 Μίαν
826 4032 997 4085 ἀΐδιον
1029 4032 1275 4104 ἀνάγκην
1308 4033 1642 4103 ὑποθέμενος
1670 4036 1699 4086 ὁ
1742 4034 1888 4106 Ἀρι-

303 4122 583 4193 στοτέλης,
608 4123 810 4188 πολλάς
843 4125 1010 4188 ἄλλας
1042 4126 1248 4189 ἀϊδίους
1268 4126 1515 4195 ἀνάγκας
1546 4128 1611 4179 ἐκ
1629 4126 1730 4196 τῆς
1761 4128 1892 4179 ὑπο-

300 4214 553 4286 τεθείσης
594 4216 909 4290 ἐξήρτησεν.
973 4220 1234 4289 Ἀνάγκη,
1276 4221 1461 4292 φησὶν,
1504 4215 1643 4273 εἶναι
1676 4220 1889 4289 κίνησιν

300 4305 471 4358 ἀΐδιον
495 4324 508 4336 ο
547 4310 594 4360 εί
618 4308 673 4361 δὲ
708 4310 940 4381 κίνησις,
964 4311 1177 4383 ἀνάγκη
1195 4308 1333 4366 εἶναι
1356 4314 1449 4366 καὶ
1471 4312 1660 4384 χρόνον
1681 4312 1851 4365 ἀΐδιον
1872 4329 1884 4340 ·

300 4396 535 4468 ἀριθμὸς
565 4400 675 4472 γάρ
710 4404 982 4474 κινήσεως
1012 4406 1040 4457 6
1075 4403 1285 4476 χρόνος.
1312 4406 1375 4457 Εἰ
1397 4404 1455 4457 δὲ
1484 4405 1652 4468 ἀΐδιος
1682 4404 1889 4475 ήκίνη-

300 4505 403 4556 σις,
439 4491 656 4564 ἀνάγκη
678 4495 848 4565 ταύτῃ
881 4493 1020 4548 εἶναι
1056 4497 1277 4566 συνεχῆ.
1314 4498 1377 4550 Εἰ
1406 4496 1464 4549 δὲ
1492 4496 1774 4567 συνεχὴςὴ
1806 4497 1888 4549 κί-

2016 618 2214 663 natura
2249 620 2627 683 comparatum
2649 622 2755 680 est,
2808 625 2867 671 ut
2899 617 3111 671 circum
3145 622 3385 676 medium
3417 625 3604 680 volva-

2014 690 2127 766 ttir,
2157 703 2286 772 quia
2338 719 2439 758 nec
2467 706 2791 774 gravitatem
2828 707 2991 763 habet
3023 725 3126 764 nec
3155 711 3459 781 levitatem,
3491 733 3603 772 non

2014 798 2188 846 totum
2243 793 2546 848 secundum
2602 798 2878 867 propriam
2921 805 3174 854 naturam
3203 816 3328 857 cum
3354 807 3602 874 partibus

2014 884 2131 940 suis
2157 884 2366 939 circum
2388 886 2628 941 medium
2656 886 2850 953 fertur,
2882 890 2978 945 sed
3007 890 3062 944 in
3096 892 3283 948 orbem
3296 899 3601 953 secundum

2013 976 2392 1045 migrationem
2443 979 2685 1048 partium
2743 981 2848 1036 sibi
2898 983 3289 1040 obsistentium
3327 1001 3599 1058 movetur,

2012 1068 2107 1138 qui
2138 1077 2321 1124 motus
2351 1084 2460 1123 non
2495 1079 2706 1126 natura:
2726 1073 3117 1141 elementariae,
3150 1078 3246 1133 sed
3265 1078 3454 1136 formae
3482 1084 3603 1153 glo-

2012 1161 2161 1217 bosae
2186 1162 2297 1218 sit?
2322 1162 2379 1217 Si
2402 1164 2458 1217 in
2489 1165 2653 1223 rebus
2678 1168 2899 1223 aiternis
2924 1169 3064 1224 nihil
3091 1182 3187 1226 aut
3209 1185 3409 1245 praeter
3437 1186 3600 1233 natu-

2012 1270 2150 1320 ram,
2184 1263 2279 1310 aut
2320 1258 2679 1329 superﬂuum,
2707 1273 2803 1316 aut.
2832 1263 2998 1318 etiam
3049 1264 3257 1321 frustra
3291 1276 3412 1337 est,
3459 1286 3599 1341 quo-

2011 1347 2175 1403 modo
2197 1350 2397 1405 etelum
2429 1368 2539 1407 non
2567 1362 2765 1423 praeter
2798 1362 3049 1411 naturam
3080 1367 3348 1426 movetur,
3382 1375 3436 1418 et
3486 1363 3600 1419 fru-

2007 1450 2119 1497 stra
2143 1457 2250 1496 non
2278 1441 2442 1499 habet
2467 1444 2724 1501 elementi
2774 1455 3053 1515 naturam,
3087 1456 3391 1509 secundum
3432 1472 3598 1527 quam

2009 1546 2118 1585 non
2180 1542 2451 1600 movetur,
2509 1544 2565 1592 et.
2602 1554 2715 1593 non
2759 1554 3167 1611 supervacanee
3199 1561 3230 1600 a
3278 1548 3456 1617 primo
3486 1566 3600 1606 mo—

2009 1629 2147 1690 tore,
2178 1626 2272 1694 qui
2298 1625 2413 1695 ipse
2434 1644 2545 1684 non
2575 1639 2848 1700 movetur,
2876 1632 3041 1705 577
3063 1636 3132 1691 ad
3159 1646 3365 1693 motum
3396 1640 3595 1705 cietur,

2008 1731 2117 1783 quo
2145 1718 2309 1772 etiam
2343 1723 2463 1776 sine
2490 1723 2612 1793 ipso
2636 1727 2844 1781 moveri
2875 1730 3099 1798 potest?
3129 1728 3187 1785 Si
3222 1747 3331 1786 non
3365 1733 3419 1788 id
3445 1736 3596 1806 quod

2008 1811 2265 1878 quiescit,
2298 1828 2520 1884 semper
2550 1819 2605 1871 in
2632 1819 2813 1875 medio
2836 1822 3146 1891 quiesceret
3172 1868 3187 1892 ,
3222 1841 3332 1881 non
3360 1828 3414 1883 id
3448 1838 3595 1884 certe

2007 1904 2153 1973 quod
2184 1919 2454 1975 movetur,
2486 1925 2704 1981 semper
2723 1914 2934 1969 circum
2979 1916 3221 1972 medium
3259 1929 3593 1976 moveretur.

2007 1994 2110 2062 Qui
2139 2014 2269 2067 ergo
2298 2000 2497 2057 falsum
2528 2020 2640 2059 non
2660 2013 2767 2074 est,
2798 2008 2997 2064 malum
3023 2017 3219 2065 natura
3251 2028 3350 2067 sua
3379 2029 3595 2085 semper

2006 2093 2254 2147 moveri?
2278 2094 2394 2151 Nisi
2444 2112 2567 2152 eam
2611 2106 2758 2153 terra
2804 2110 3058 2157 naturam
3088 2111 3143 2160 et
3170 2105 3337 2160 situm
3369 2107 3595 2165 haberet

2004 2200 2167 2254 quem
2191 2185 2358 2242 habet
2382 2232 2397 2254 ,
2429 2190 2683 2245 similiter
2712 2200 2894 2247 autem
2920 2195 3145 2262 cmlum,
3179 2199 3285 2253 nisi
3314 2215 3436 2255 eam
3486 2218 3595 2256 na-

2004 2286 2184 2333 turam
2211 2289 2265 2336 et
2291 2282 2457 2337 situm
2494 2284 2719 2341 haberet
2745 2301 2908 2355 quem
2948 2288 3111 2345 habet
3144 2310 3157 2345 :
3192 2307 3305 2347 non
3348 2293 3403 2348 id
3444 2297 3593 2365 quod

2004 2381 2277 2437 movetur,
2305 2384 2620 2432 moveretur
2651 2397 2662 2431 :
2690 2395 2872 2450 neque
2894 2381 2949 2436 id
2979 2383 3124 2453 quod
3153 2385 3409 2454 quiescit,
3439 2389 3593 2458 quie-

2003 2475 2203 2521 sceret.
2228 2466 2515 2532 Quomodo
2539 2487 2670 2543 ergo
2691 2483 2893 2531 mterna
2924 2476 3039 2532 haec
3069 2486 3123 2533 et
3145 2479 3388 2551 ingenita
3410 2522 3426 2540 .
3451 2498 3590 2553 quo-

2002 2574 2124 2613 rum
2180 2570 2476 2633 utrumque
2532 2574 2761 2637 propter
2791 2569 3025 2625 alterum
3069 2571 3253 2639 habet,
3292 2582 3353 2629 ut
3384 2576 3591 2648 aliquid

1997 2652 2092 2714 sit,
2118 2660 2174 2708 et
2216 2654 2292 2708 ita
2345 2656 2448 2725 sit;
2502 2659 2647 2728 quod
2679 2661 2902 2729 quidem
2953 2667 3235 2735 proprium
3260 2674 3347 2723 est
3373 2685 3588 2732 eorum.

1999 2760 2122 2814 qua:
2158 2748 2339 2817 genita
2368 2756 2518 2805 sunt.
2546 2748 2604 2806 Si
2639 2753 2696 2807 in
2742 2756 2907 2811 rebus
2936 2759 3156 2815 aeternis
3185 2776 3363 2831 neque
3393 2779 3591 2819 secun-

2001 2834 2132 2890 dum
2185 2840 2608 2909 providentiam,
2657 2861 2836 2915 neque
2877 2847 3108 2906 fortuito
3151 2853 3451 2924 quidquam
3475 2865 3589 2921 est,

2001 2932 2152 2998 (nam
2180 2947 2302 3002 quae
2331 2937 2633 2991 secundum
2664 2941 3089 3010 providentiam,
3122 2947 3428 3015 posteriora
3460 2958 3592 3003 sunt

2000 3022 2366 3091 providentia.
2400 3026 2533 3093 Quae
2582 3038 2763 3085 autem
2797 3031 3057 3103 fortuito,
3083 3038 3180 3103 ,γει
3210 3047 3408 3107 praeter
3435 3048 3589 3094 natu-

2000 3126 2115 3166 ram
2142 3125 2289 3179 sunt,
2318 3118 2405 3173 vel
2432 3135 2529 3189 per
2554 3122 2812 3178 accidens
2844 3125 2898 3179 in
2945 3126 3013 3181 iis
3041 3144 3164 3197 quae
3214 3130 3381 3185 libere
3427 3130 3585 3188 ﬁunt.

2000 3205 2068 3257 At
2099 3206 2155 3259 id
2195 3209 2344 3277 quod
2399 3220 2598 3280 praeter
2626 3225 2903 3283 naturam,
2936 3222 3214 3288 posterius
3236 3231 3320 3278 est
3346 3240 3415 3279 eo
3439 3228 3586 3295 quod

2000 3300 2303 3356 secundum
2334 3314 2610 3361 naturam.
2645 3306 2731 3363 Fit
2758 3312 2903 3365 enim
2927 3313 3072 3381 quod
3105 3326 3303 3383 praeter
3330 3326 3584 3374 naturam

1996 3402 2079 3446 est
2099 3393 2446 3451 aberratione
2473 3397 2542 3452 ab
2565 3414 2630 3453 eo
2662 3403 2810 3470 quod
2865 3405 3167 3460 secundum
3209 3416 3486 3465 naturam.
3520 3410 3585 3464 Et

1997 3484 2145 3552 quod
2202 3487 2407 3542 accidit
2434 3490 2488 3543 in
2524 3490 2613 3556 iis,
2641 3510 2762 3563 quae
2797 3495 2966 3552 libere
3007 3498 3165 3564 ﬁunt,
3195 3504 3471 3570 posterius
3500 3514 3584 3559 est

1997 3576 2172 3635 libero
2190 3581 2470 3655 arbitrio)
2506 3589 2784 3654 quomodo
2824 3606 2954 3662 ergo
2987 3594 3153 3650 rebus
3176 3597 3399 3653 aeternis
3448 3613 3583 3653 con-

1995 3681 2155 3740 gruat
2198 3674 2407 3732 idcirco
2451 3689 2660 3733 eertum
2717 3683 2847 3752 quid
2901 3699 3046 3749 esse,
3102 3690 3231 3757 quia
3272 3690 3421 3745 aliud
3459 3707 3581 3748 eer-

1995 3771 2112 3819 tum
2156 3767 2287 3836 quid
2344 3770 2472 3823 est?
2531 3769 2731 3836 Veluti,
2785 3774 2913 3843 quia
2951 3778 3152 3831 cmlum
3193 3787 3300 3844 est,
3354 3797 3581 3839 necesse

1994 3866 2081 3912 est
2128 3869 2184 3913 et
2234 3866 2438 3915 terram
2478 3878 2604 3918 esse
2644 3881 2659 3917 :
2718 3867 2765 3920 si
2802 3877 2946 3921 terra
2993 3877 3098 3936 est,
3158 3872 3323 3927 etiam
3368 3883 3423 3930 et
3470 3892 3579 3934 cm-

1996 3949 2129 4003 lum.
2182 3949 2240 4004 Id
2299 3963 2481 4007 autem
2522 3952 2885 4013 Providentia:
2939 3974 3081 4029 Opus
3132 3972 3237 4028 est,
3283 3980 3405 4035 qua:
3439 3967 3580 4022 hanc

1993 4041 2405 4098 universitatem
2484 4062 2552 4100 ex
2631 4047 2868 4105 diversis
2939 4055 3242 4110 secundum
3322 4060 3578 4115 substan-

1993 4140 2125 4190 tiam
2166 4146 2220 4193 et
2245 4154 2403 4193 usum
2446 4141 2693 4210 partibus
2718 4143 3022 4199 constituit.
3060 4144 3157 4201 Vel
3187 4164 3317 4219 ergo
3355 4152 3578 4207 minime

1991 4238 2199 4284 aeterna
2246 4231 2445 4285 etelum
2495 4240 2550 4287 et
2585 4242 2734 4287 terra
2769 4244 2823 4289 et
2848 4252 2969 4305 qua:
3011 4238 3068 4292 in
3110 4240 3192 4295 eis
3228 4243 3433 4307 omnia,
3457 4261 3578 4314 qua:

1992 4321 2098 4376 sibi
2130 4321 2363 4378 invicem
2416 4335 2470 4379 et
2528 4333 2587 4379 ut
2618 4327 2749 4391 sint,
2779 4335 2831 4380 et
2866 4336 2925 4382 ut
2947 4328 3152 4385 Faciant
3184 4348 3247 4386 ac
3272 4335 3570 4404 patiantur,

1991 4414 2311 4484 adjumento
2362 4425 2525 4485 sunt;
2560 4422 2642 4474 vel
2684 4422 2731 4476 si
2768 4433 2973 4477 aeterna
3021 4436 3172 4493 sunt,
3214 4443 3323 4482 non
3349 4446 3576 4486 necesse

1991 4505 2097 4559 hoc
2126 4521 2249 4562 esse
2279 4517 2493 4563 eertum
2540 4511 2693 4580 quid,
2730 4513 2858 4581 quia
2898 4513 3032 4569 illud
3064 4525 3148 4569 est
3177 4525 3389 4571 certum
3420 4520 3571 4588 quid.

300 4597 476 4652 νησις,
511 4584 724 4657 ἀνάγκη
762 4583 901 4639 εἶναι
950 4589 1109 4658 σῶμα
1137 4588 1345 4643 ἁπλοῦν
1375 4590 1526 4661 παρά
1554 4589 1620 4642 τὰ
1652 4589 1887 4644 ἐνταῦθα

1998 4595 2113 4651 Una
2135 4608 2341 4653 mterna
2366 4601 2698 4657 necessitate
2726 4604 3036 4673 supposita,
3062 4606 3407 4672 Aristoteles,
3432 4583 3567 4663 inul-

303 4675 549 4742 σώματα,
612 4680 749 4750 μήτε
785 4679 1064 4752 βαρύτητα
1096 4682 1235 4751 μήτε
1285 4682 1594 4753 κουφότητα
1621 4682 1763 4753 ἕχον.
1802 4682 1883 4734 Τά

301 4757 409 4830 γὰρ
442 4766 613 4833 βαρέα
659 4771 753 4824 καὶ
800 4772 980 4842 κοῦφα
1022 4772 1270 4843 σώματα,
1310 4774 1498 4845 ἐπειδὴ
1522 4777 1642 4827 κατ’
1672 4774 1883 4827 εὐθεῖαν

299 4854 549 4916 κινεῖται,
587 4862 824 4927 συνεχῶς
859 4863 1125 4917 κινεῖσθαι
1169 4865 1229 4917 οὐ
1258 4864 1481 4919 δύναται
1502 4882 1515 4895 ο
1554 4867 1602 4917 εί
1638 4866 1694 4918 δὲ
1727 4883 1882 4918 συνε-

300 4943 409 5013 κῶς
441 4950 693 5013 κινεῖται,
724 4951 940 5026 ἀνάγκη
960 4957 1251 5029 σφαιρικὸν
1284 4958 1429 5029 ἔχειν
1460 4959 1645 5029 σχῆμα
1665 4976 1677 4987 ·
1709 4957 1882 5028 τούτῳ

296 5032 405 5106 γάρ
436 5034 516 5106 τῷ
553 5041 789 5110 σχήματι
855 5045 1126 5116 ἐνδέχεται
1180 5047 1326 5118 μόνῳ
1356 5049 1456 5120 τὴν
1500 5049 1697 5119 συνεχῆ
1731 5048 1883 5117 γενέ-

299 5124 422 5179 σθαι
457 5129 687 5200 κίνησιν.
730 5133 793 5186 Εἰ
823 5135 880 5187 δὲ
913 5138 1218 5209 σφαιρικῶς
1245 5143 1496 5203 κινεῖται,
1539 5141 1751 5211 ἀνάγκη
1780 5141 1880 5210 τὴν

296 5217 398 5286 γῆν
422 5215 560 5273 εἶναι
588 5222 647 5273 ἐν
679 5222 757 5293 τῷ
792 5225 941 5297 μέσῳ
969 5229 1055 5281 ἀεὶ
1079 5229 1412 5300 ἠρεμοῦσαν,
1436 5233 1522 5285 ἴνα
1550 5234 1678 5303 περὶ
1710 5233 1879 5304 αὐτὴν

292 5309 511 5381 γίνηται
539 5312 642 5382 τῆς
668 5317 901 5387 σφαίρας
935 5321 968 5389 ἡ
1014 5321 1248 5391 κίνησις.
1276 5322 1341 5375 Εἰ
1388 5323 1444 5375 δὲ
1476 5324 1509 5394 ἡ
1542 5325 1637 5394 γῆ,
1663 5325 1877 5395 ἀνάγκη

294 5404 387 5457 καὶ
432 5403 502 5457 τὰ
550 5405 752 5475 μεταξὺ
794 5409 899 5478 γῆς
940 5427 1000 5462 τε
1045 5414 1139 5465 καὶ
1200 5414 1373 5484 πυρὸς
1423 5416 1688 5488 σώματα·
1740 5419 1877 5472 εἰδὲ

290 5494 482 5561 ταῦτα,
523 5499 739 5569 ἀνάγκη
782 5496 920 5554 εἶναι
964 5502 1062 5574 τὴν
1094 5505 1330 5573 γένεσιν,
1362 5508 1486 5561 ἐπεὶ
1542 5509 1600 5561 δὲ
1622 5511 1667 5541 ²⁰
1700 5510 1875 5563 ταῦτα

361 5610 408 5642 ’⁸
440 5608 569 5681 Leg.
601 5612 810 5683 ἐπειδή,
840 5622 894 5668 et
927 5630 1051 5671 mox
1083 5617 1213 5670 εἰδὲ
1244 5620 1276 5689 ἡ
1308 5620 1539 5687 γένεσις.

321 5722 650 5810 ⁷(λεῷ-Πῶς
693 5727 817 5810 eius.
843 5728 1183 5810 Egn._ldem
1221 5734 1479 5801 observat
1517 5735 1605 5791 hic
1654 5753 1873 5810 quoque

289 5795 381 5845 οὖν
413 5804 507 5847 aut
536 5795 741 5853 aliouid
777 5798 953 5851 simile
986 5800 1198 5857 deesse.

362 5863 473 5931 (46)
517 5867 643 5931 Πως
684 5865 954 5936 ὑπάρχει.
987 5867 1262 5929 Immerito
1294 5872 1617 5949 Sylburgius
1650 5880 1871 5952 scripsit

1986 4697 2072 4746 tas
2103 4692 2240 4746 alias
2265 4707 2332 4747 ex
2357 4708 2442 4759 ea,
2468 4708 2630 4763 quam
2666 4696 2975 4764 supposuit,
3009 4706 3244 4753 aeternas
3273 4701 3575 4755 necessita-

1986 4794 2068 4836 tes
2093 4785 2401 4853 suspendit.
2431 4784 2669 4841 Necesse
2690 4796 2794 4847 est.
2824 4787 3020 4857 inquit,
3038 4804 3160 4844 esse
3180 4797 3386 4845 motum
3416 4801 3571 4846 λειοτ-
3646 4836 3651 4841 .

1986 4891 2139 4928 num.
2174 4876 2332 4941 Quod
2371 4879 2419 4931 si
2446 4886 2678 4942 motum,
2708 4895 2935 4935 necesse
2965 4889 3051 4935 est
3097 4888 3153 4935 et
3203 4888 3419 4952 tempus
3448 4899 3572 4937 esse

1983 4974 2283 5036 aaternum;
2314 4970 2575 5026 motionis
2601 4972 2745 5027 enim
2769 4989 3034 5030 numerus
3057 4982 3293 5045 tempus.
3318 4976 3376 5030 Si
3413 4984 3572 5031 aiter-

1983 5076 2091 5115 nus
2114 5068 2320 5126 motus,
2376 5079 2605 5120 necesse
2635 5074 2719 5120 est
2765 5075 2825 5120 ut
2859 5067 3159 5123 continuus
3188 5069 3279 5123 sit.
3304 5068 3359 5122 Si
3399 5072 3570 5124 conti-

1984 5170 2127 5211 nuus
2172 5164 2353 5212 motus
2373 5199 2389 5223 ,
2452 5173 2679 5214 necesse
2700 5167 2785 5213 est
2815 5175 3017 5229 corpus
3044 5176 3169 5215 esse
3210 5161 3464 5231 simplex,
3499 5161 3567 5215 ab

1983 5248 2071 5303 his
2121 5249 2449 5317 corporibus
2493 5249 2795 5313 diversum,
2826 5268 2926 5307 nec
2971 5253 3291 5324 gravitatem
3333 5253 3563 5317 habens,

1983 5354 2085 5393 nee
2118 5340 2415 5395 levitatem.
2469 5340 2669 5396 Gravia
2692 5344 2838 5398 enim
2870 5352 2924 5399 et
2966 5344 3106 5399 levia
3147 5360 3402 5414 corpora,
3434 5346 3564 5415 quia

1982 5439 2133 5485 recta
2178 5432 2466 5497 feruntur,
2500 5450 2612 5488 non
2661 5444 2897 5505 possunt
2941 5437 3289 5491 continenter
3333 5445 3560 5493 moveri.

1981 5522 2139 5589 Quod
2173 5524 2220 5579 si
2275 5524 2536 5580 continue
2570 5535 2842 5593 movetur,
2904 5543 3130 5584 necesse
3163 5536 3247 5584 est
3269 5530 3561 5585 rotundam

1977 5748 2094 5812 πῶς
2146 5746 2240 5825 οὖν
2283 5750 2544 5825 ύπάρχει.
2600 5750 2773 5810 Paulo
2812 5762 2937 5825 post
2981 5752 3271 5825 legendum
3312 5752 3473 5809 τοῦτο
3504 5751 3561 5809 δὲ

1985 5822 2252 5890 προνοίας
2278 5823 2427 5877 ἐστὶν
2461 5822 2644 5894 ἔργον.
