3974 6256
412 344 544 401 1551

1192 340 1631 400 APPENDIX.-—
1660 340 1842 399 PARS
1880 344 1919 400 1.
1962 345 2021 402 S.
2062 347 2324 405 JUSTINI
2365 350 2593 406 OPEBA
2639 350 2911 407 SPURIA.

3535 358 3559 411 1
3570 358 3681 412 55?.

405 462 604 516 habeat
650 459 877 531 ﬁguram
922 457 1097 513 :huic
1151 460 1298 514 enim
1346 461 1534 531 figura:
1582 464 1839 519 convenit
1879 466 1957 521 sol

2087 469 2232 523 ἀΐδια
2290 464 2429 522 εἶναι
2472 470 2533 523 οὐ
2586 470 2811 526 δύναται
2835 490 2847 502 ο
2908 471 3031 525 οὐδὲ
3064 472 3098 542 ή
3143 471 3389 539 γένεσις,
3454 474 3677 545 ἀνάγκη

402 553 699 608 continuus
755 558 956 607 motus.
993 550 1151 617 Quod
1173 552 1219 608 si
1244 552 1298 606 in
1329 553 1517 609 orbem
1573 563 1845 623 movetur,
1878 574 1979 614 ne-

402 659 558 702 cesse
576 652 660 699 est
684 648 887 699 terram
911 658 1034 700 esse
1058 643 1114 698 in
1133 644 1314 699 medio
1340 659 1556 716 semper
1580 648 1976 718 quiescentem,

400 744 462 791 ut
497 738 707 791 circum
767 736 915 789 illam
967 735 1061 790 fiat
1106 737 1334 806 sphaerae
1373 746 1576 794 motus.
1605 738 1764 805 Quod
1787 743 1835 796 si
1868 748 1981 797 ter-

397 842 538 892 ram,
609 842 835 883 necesse
876 835 961 883 est
1009 830 1295 899 interjecta
1352 844 1475 885 esse
1518 840 1725 886 terram
1756 832 1902 888 inter
1924 842 1979 890 et

397 918 579 989 ignem
631 934 865 989 corpora
901 937 914 973 :
943 921 1089 990 quod
1120 921 1170 976 si
1211 921 1350 987 ista,
1378 936 1607 978 necesse
1631 931 1715 979 est
1733 939 1857 981 esse
1892 941 1979 995 ge-

397 1013 760 1077 nerationem,
804 1012 934 1082 quia
990 1013 1105 1067 haec
1157 1024 1363 1069 aeterna
1406 1028 1530 1069 esse
1564 1030 1673 1069 non
1718 1024 1973 1087 possunt.

395 1104 553 1170 Quod
589 1106 634 1159 si
671 1104 1104 1175 generationem,
1140 1121 1369 1161 necesse
1398 1113 1481 1162 est
1511 1114 1565 1161 et
1596 1107 1703 1161 alia
1730 1123 1854 1164 esse
1885 1124 1973 1164 ro-

395 1197 565 1251 tunda
606 1212 857 1267 corpora.
908 1195 1015 1252 Sed
1057 1198 1212 1263 illud,
1246 1198 1292 1253 si
1339 1198 1441 1253 hoc
1464 1206 1674 1254 certum
1706 1201 1836 1270 quid
1866 1210 1972 1267 est,

393 1304 620 1345 necesse
652 1297 735 1344 est
767 1290 898 1343 illud
946 1296 1156 1345 eertum
1207 1290 1339 1361 quid
1364 1305 1508 1354 esse,
1537 1291 1593 1346 in
1633 1286 1896 1363 ingenitis
1920 1302 1974 1348 et

390 1383 613 1437 aeternis
663 1384 830 1437 rebus
862 1383 1043 1437 locum
1086 1398 1193 1436 non
1234 1383 1420 1438 habet.
1452 1381 1573 1437 Non
1608 1398 1738 1455 ergo
1768 1392 1973 1440 teterna

390 1482 443 1529 et
466 1474 710 1545 ingenita
741 1490 862 1544 quae
890 1474 1288 1529 recensuimus.
1314 1473 1470 1540 Quod
1506 1475 1556 1529 si
1584 1482 1789 1530 aeterna
1815 1485 1869 1531 et
1894 1476 1974 1530 in-

389 1567 593 1637 genita,
646 1581 758 1622 non
812 1581 946 1623 sane
1002 1566 1108 1622 hoc
1165 1577 1389 1637 propter
1438 1566 1595 1631 illud,
1638 1584 1816 1639 neque
1836 1569 1971 1623 illud

388 1667 612 1729 propter
668 1661 772 1713 hoc
820 1659 1060 1713 exsistit.
1119 1658 1573 1729 Quandoquidem
1616 1660 1663 1715 si
1689 1669 1836 1715 terra
1862 1668 1967 1725 est,

387 1766 613 1806 necesse
641 1759 727 1805 est
753 1757 805 1805 et
829 1750 1007 1821 ignem
1030 1766 1154 1806 esse
1179 1759 1233 1805 et
1262 1750 1555 1819 interiecta
1582 1752 1727 1807 inter
1754 1760 1970 1807 utrum-

2082 558 2219 615 εἶναι
2246 562 2492 618 καὶάλλα
2536 564 2803 633 ἐγκύκλια
2842 564 3087 636 σώματα.
3128 565 3264 618 Ἀλλ’
3299 568 3346 619 εἰ
3383 566 3507 620 τῶε
3547 568 3674 620 τόδε

2081 656 2231 709 ἐστὶν
2255 656 2386 729 (47),
2422 658 2637 728 ἀνάγκη
2669 657 2788 710 τόδε
2808 657 2925 710 τόδε
2954 653 3114 722 εἶναι,
3150 661 3208 711 ἐν
3232 662 3347 721 τοῖς
3381 660 3677 730 ἀγενήτοις

2079 766 2139 803 τε
2172 751 2266 803 καὶ
2299 750 2493 814 ἀϊδίοις
2524 748 2710 822 χώραν
2740 750 2841 802 οὐκ
2868 749 3001 821 ἔχει,
3030 752 3129 804 οὐκ
3161 752 3270 823 ἀρα
3295 750 3446 805 ἀίδιά
3480 770 3543 805 τε
3576 754 3677 805 καὶ

2079 842 2320 913 ἀγένητα
2350 843 2419 896 τὰ
2447 842 2699 913 ρηθέντα.
2725 843 2789 895 Et
2811 842 2867 895 δὲ
2894 843 3039 897 ἀΐδια
3077 842 3251 896 ταῦτα
3282 844 3376 896 καὶ
3402 842 3672 913 ἀγένητα,

2078 934 2179 986 οὐκ
2231 936 2339 1008 ἄρα
2392 934 2553 988 τοῦτο
2598 935 2665 988 δι’
2709 937 2888 989 ἐκεῖνο
2941 935 3064 988 οὕτε
3121 937 3299 989 ἐκεῖνο
3340 934 3432 989 διὰ
3482 934 3670 990 τοῦτο.

2092 1026 2328 1097 Ἐπειδὴ,
2381 1027 2430 1079 εἰ
2481 1028 2514 1097 ἡ
2552 1027 2624 1096 γῆ
2678 1029 2849 1090 ἐστιν,
2893 1027 3105 1098 ἀνάγκη
3140 1026 3316 1080 καὶτὸ
3354 1024 3470 1097 πῦρ
3502 1021 3670 1089 εἶναι,

2078 1118 2271 1172 καὶτὰ
2331 1118 2534 1191 μεταξὺ
2596 1119 2776 1173 αὐτῶν
2838 1118 3085 1190 σώματα,
3135 1120 3252 1183 πῶς
3309 1119 3415 1189 eli)
3459 1120 3559 1189 μὲν
3594 1119 3668 1189 γῆ

2077 1210 2341 1282 ἀγένητός
2367 1228 2427 1264 τε
2470 1212 2563 1265 καὶ
2601 1211 2790 1275 ἀΐδιος,
2812 1210 2872 1264 τὸ
2902 1210 3014 1283 πῦρ
3042 1212 3141 1264 οὐκ
3180 1210 3369 1274 ἀΐδιον,
3402 1210 3464 1263 τὸ
3485 1210 3668 1280 ὑπάρ-

2076 1320 2170 1373 χον
2200 1302 2401 1372 κοῦφόν
2426 1320 2487 1356 τε
2521 1303 2616 1356 καὶ
2659 1302 2975 1374 ἀνωφερές;
3014 1303 3076 1356 Et
3105 1301 3233 1373 γάρ,
3268 1300 3344 1362 ὥς
3377 1318 3565 1371 φησιν,
3588 1294 3667 1354 ὧν

2076 1394 2333 1449 ἐναντίων
2358 1395 2420 1448 τὸ
2467 1394 2693 1466 θάτερον
2729 1395 2910 1463 φύσει,
2960 1396 3054 1448 καὶ
3101 1395 3161 1447 τὸ
3188 1394 3411 1463 Θάτερον
3443 1393 3665 1463 ἀνάγκη

2075 1486 2236 1557 φύσει
2264 1482 2423 1551 εἶναι,
2446 1486 2564 1550 πῶς
2595 1488 2696 1540 οὐκ
2722 1486 2924 1540 ἄτοπον
2968 1487 3029 1539 τὸ
3060 1485 3158 1557 τὴν
3185 1486 3289 1555 γῆν
3319 1480 3456 1537 εἶναι
3489 1484 3664 1536 ἀΐδιόν

2072 1595 2133 1630 τε
2166 1578 2259 1631 καὶ
2291 1577 2576 1648 ἀγένητον,
2598 1576 2660 1629 τὸ
2689 1577 2745 1630 δὲ
2779 1575 2890 1648 πῦρ
2915 1575 2989 1647 μὴ
3009 1571 3149 1628 εἶναι
3180 1574 3431 1645 άῖδιον;ῆ
3466 1574 3527 1626 τὸ
3548 1573 3663 1645 πῦρ

2077 1669 2150 1741 μὴ
2199 1667 2336 1723 εἶναι
2372 1671 2412 1701 ²¹
2445 1669 2635 1731 ἀΐδιον,
2679 1667 2777 1739 τὴν
2820 1668 2877 1721 δὲ
2908 1668 3014 1737 γῆν
3061 1662 3202 1720 εἶναι
3252 1666 3442 1727 ἀωιον,
3476 1666 3545 1718 τὰ
3593 1665 3661 1717 δι’

2072 1762 2274 1833 ἄλληλα
2306 1763 2469 1828 bina;
2502 1763 2565 1815 Ei
2586 1761 2675 1814 διὰ
2720 1760 2819 1832 τὴν
2845 1761 3063 1830 γένεσιν
3095 1761 3310 1828 ἀνάγκη
3343 1757 3480 1812 εἶναι
3522 1759 3662 1813 ἄλλα

385 1862 491 1915 que
523 1859 784 1914 corpora,
835 1843 1111 1913 quomodo
1136 1844 1182 1899 si
1209 1854 1355 1899 terra
1395 1845 1638 1916 ingenita
1660 1853 1715 1900 et
1739 1855 1957 1911 aeterna1

2072 1853 2336 1921 ἐγκύκλια
2371 1852 2750 1923 σώματα,πῶς
2772 1852 2869 1921 οὐχ
2889 1853 2923 1921 ἡ
2951 1850 3161 1919 γένεσίς
3191 1851 3339 1903 ἐστιν
3373 1850 3523 1902 αἰτία
3547 1850 3660 1902 τῶν

385 1939 526 2009 ignis
569 1954 678 1992 non
716 1948 976 2002 aeternus,
998 1938 1090 2008 qui
1130 1938 1265 1993 levis
1293 1946 1378 1992 est
1413 1947 1467 1993 et
1496 1954 1716 1993 sursum
1750 1938 1966 1993 fertur?

383 2030 547 2102 578
569 2029 704 2085 Nam
763 2031 833 2095 si,
889 2039 948 2084 ut
992 2031 1091 2094 ait,
1119 2046 1356 2100 quorum
1395 2031 1798 2085 contrariorum
1828 2030 1963 2085 alte-

383 2140 501 2178 rum
525 2132 723 2178 natura
741 2124 980 2187 exsistit,
1031 2139 1260 2179 necesse
1310 2130 1394 2178 est
1420 2130 1473 2178 et
1500 2123 1731 2177 alterum
1767 2130 1962 2176 natura

381 2218 686 2272 exsistere:
750 2214 1023 2286 quomodo
1049 2231 1156 2269 non
1202 2222 1469 2285 repugnat
1498 2223 1556 2268 ut
1586 2226 1733 2269 terra
1758 2223 1962 2270 aeterna

381 2307 453 2361 sit
478 2314 530 2362 et
562 2306 824 2377 ingenita,
856 2306 999 2375 ignis
1050 2320 1182 2361 vero
1207 2321 1317 2359 non
1370 2306 1443 2360 sit
1467 2312 1729 2369 aeternus,
1763 2313 1857 2359 aut
1901 2314 1961 2359 ut

379 2405 617 2454 aeternus
672 2400 742 2453 sit
783 2398 949 2469 ignis,
996 2411 1143 2454 terra
1165 2413 1293 2453 vero
1318 2412 1426 2452 non
1455 2398 1527 2453 sit
1556 2405 1757 2452 aeterna
1782 2435 1797 2458 ,
1833 2412 1959 2451 cum

377 2499 603 2560 propter
633 2504 692 2546 se
742 2491 972 2545 invicem
999 2492 1149 2547 sint?
1183 2490 1241 2545 Si
1281 2497 1506 2560 propter
1548 2491 1959 2560 generationem

378 2597 606 2638 necesse
655 2589 741 2638 est
769 2583 875 2639 alia
903 2599 1025 2640 esse
1067 2582 1361 2638 circularia
1395 2598 1648 2653 corpora,
1681 2585 1958 2653 quomodo

378 2678 660 2745 generatio
692 2693 804 2733 non
842 2693 1009 2734 causa
1037 2686 1121 2733 est
1145 2677 1522 2733 aeternorum?
1549 2676 1779 2732 Eterna
1809 2677 1957 2731 enim

2072 1940 2292 2005 ἀϊδίων;
2339 1939 2508 1992 Ἀἲδια
2527 1938 2636 2010 γὰρ
2658 1939 2725 1991 τά
2754 1938 3017 2007 ἐγκύκλια
3051 1939 3278 2009 σώματα
3306 1940 3399 1991 καὶ
3428 1940 3462 2008 ἡ
3502 1940 3661 2008 γένε-

2072 2048 2155 2095 σις
2200 2031 2343 2085 κατά
2380 2031 2479 2103 τὴν
2527 2031 2732 2085 τούτων
2758 2031 2988 2102 κίνησιν.
3024 2034 3087 2085 Εἰ
3130 2032 3187 2085 δὲ
3226 2032 3386 2085 τοῦτο
3427 2032 3656 2093 ἄτοπον,

2068 2125 2169 2177 οὐκ
2201 2125 2310 2196 ἀρα
2355 2124 2425 2177 τὰ
2468 2124 2734 2193 ἐγκύκλια
2766 2125 2996 2196 σώματα
3024 2126 3281 2196 ἀγένητα.
3317 2120 3414 2178 Ὧν
3449 2125 3562 2197 γὰρ
3596 2125 3661 2177 τὸ

2067 2213 2205 2270 εἶναι
2245 2215 2333 2269 διὰ
2364 2216 2427 2268 τὸ
2466 2215 2601 2269 ἄλλα
2643 2216 2895 2286 γενέσθαι
2923 2218 3059 2278 ἐστὶ,
3106 2217 3311 2289 γενητὰ
3342 2216 3516 2269 ταῦτα
3560 2216 3657 2269 καὶ

2066 2310 2166 2362 οὐκ
2194 2310 2360 2362 ἀΐδια.
2397 2309 2460 2362 Εἰ
2510 2309 2787 2387 ἐνδέχεται
2826 2313 2885 2363 ἐν
2924 2313 3037 2372 τοῖς
3066 2311 3257 2372 ἀϊδίοις
3294 2309 3564 2379 ὑπάρχειν
3590 2308 3656 2359 τὸ

2066 2398 2311 2470 ὑπάρχον
2354 2400 2413 2452 ἐν
2445 2402 2556 2463 τοῖς
2613 2404 2877 2471 γενητοῖς,
2928 2400 3046 2453 τάδε
3090 2401 3301 2471 ἀνάγκη
3331 2397 3491 2462 εἶναι,
3526 2398 3655 2451 ἐπεὶ

2063 2494 2180 2547 τόδε
2213 2495 2331 2547 ἐστὶ
2360 2495 2477 2548 τόδε
2500 2513 2513 2526 ·
2550 2496 2700 2549 οὐδὲν
2721 2498 2828 2568 ἄρα
2860 2496 3108 2569 διαφέρει
3154 2497 3222 2550 τά
3253 2496 3493 2565 ἀγένητα
3542 2494 3654 2547 τῶν

2064 2585 2328 2656 γενητῶν.
2369 2585 2457 2639 Ἐν
2493 2586 2621 2658 γὰρ,
2658 2588 2813 2659 φησι,
2850 2589 2962 2650 τοῖς
2990 2586 3180 2650 ἀϊδίοις
3206 2586 3267 2639 τὸ
3298 2586 3657 2656 ἐνδεχόμενον

2063 2677 2218 2730 οὐδὲν
2249 2676 2496 2748 διαφέρει
2523 2679 2615 2730 τοῦ
2646 2676 2804 2731 εἶναι.

376 2781 506 2829 sunt
535 2775 828 2830 circularia
850 2790 1104 2845 corpora,
1137 2782 1191 2830 et
1215 2773 1498 2845 generatio
1538 2772 1841 2829 secundum
1867 2787 2057 2827 eorum
2089 2780 2319 2827 motum.
2352 2772 2509 2839 Quod
2552 2774 2599 2828 si
2661 2775 2714 2828 id
2764 2774 3086 2838 absurdum,
3139 2789 3248 2828 non
3298 2788 3431 2844 ergo
3496 2772 3659 2844 inge-

376 2868 489 2923 nita
527 2876 655 2923 sunt
703 2870 995 2924 circularia
1049 2884 1301 2940 corpora.
1347 2867 1480 2935 Qua:
1505 2870 1649 2923 enim
1677 2873 1966 2938 propterea
2008 2877 2138 2923 sunt
2163 2869 2307 2938 quod
2339 2869 2445 2923 alia
2498 2870 2631 2935 sint,
2662 2870 2843 2941 genita
2877 2869 2994 2924 haec
3016 2885 3081 2924 ac
3132 2869 3359 2924 minime
3418 2878 3653 2923 aeterna.

376 2960 435 3013 Si
464 2960 580 3016 fieri
614 2970 793 3033 potest
820 2963 874 3017 in
901 2964 1123 3019 aeternis
1159 2964 1344 3027 rebus,
1370 2962 1519 3034 quod
1545 2963 1602 3017 in
1633 2962 1834 3034 genitis
1868 2960 1949 3030 ﬁt,
1986 2970 2045 3015 ut
2076 2963 2209 3017 illud
2242 2979 2471 3020 necesse
2501 2965 2570 3019 sit
2590 2980 2735 3028 esse,
2766 2965 2894 3033 quia
2955 2964 3061 3018 hoc
3117 2972 3330 3019 certum
3362 2963 3499 3035 quid
3523 2970 3653 3028 est;

375 3054 508 3107 nihil
556 3054 800 3126 profecto
827 3056 1081 3113 different
1120 3057 1413 3128 ingenitaa
1442 3057 1661 3128 genitis.
1727 3056 1786 3111 In
1830 3056 2053 3112 retentis
2112 3060 2282 3123 enim,
2330 3057 2531 3128 inquit,
2588 3058 2732 3112 inter
2769 3073 2893 3113 esse
2924 3073 3087 3128 posse
3134 3065 3188 3113 et
3222 3073 3346 3114 esse
3395 3057 3538 3112 nihil
3574 3056 3631 3110 in

373 3158 643 3293 ιϐΐεδιει.
683 3238 766 3294 Ea:
800 3239 977 3293 cadent
1006 3237 1164 3304 libro,
1191 3237 1347 3304 ibid.,
1376 3252 1428 3293 c.
1458 3236 1515 3303 4,
1543 3250 1593 3306 p.
1623 3233 1751 3289 ‘287.

450 3348 468 3379 ‹
508 3328 961 3401 Quandoquidem
1015 3333 1212 3404 duplex
1265 3349 1390 3389 esse
1434 3343 1615 3405 potest
1655 3334 1711 3389 in
1741 3334 1949 3391 circulo

372 3433 574 3487 motus,
608 3441 787 3495 neque
817 3427 872 3480 hi
897 3428 1038 3481 inter
1068 3442 1128 3482 se
1152 3427 1417 3482 contrarii
1454 3447 1466 3483 :
1501 3431 1547 3483 sl
1570 3428 1706 3482 nihil
1746 3436 1953 3484 temere

371 3526 465 3572 aut
497 3518 725 3575 fortuito
775 3536 899 3576 esse
940 3522 995 3575 in
1025 3523 1245 3577 aeternis
1289 3529 1489 3591 potest,
1540 3522 1739 3577 cmlum
1770 3529 1951 3575 autem

369 3619 634 3666 aeternum
674 3620 728 3665 et
758 3613 850 3681 qui
880 3614 934 3666 in
962 3614 1148 3669 orbem
1182 3613 1240 3668 fit
1275 3622 1457 3669 motus
1484 3632 1498 3668 :
1535 3629 1699 3684 quam
1729 3613 1950 3668 tandem

369 3704 442 3757 ob
461 3719 685 3759 causam
715 3704 767 3758 in
809 3706 1034 3760 alteram
1081 3718 1290 3777 partem
1316 3707 1512 3771 fertur,
1539 3721 1649 3761 non
1679 3715 1861 3762 autem
1897 3708 1950 3762 in

369 3798 597 3850 alteram
620 3796 643 3850 ?
669 3795 906 3853 Necesse
934 3808 1017 3853 est
1041 3801 1185 3855 enim
1205 3801 1288 3854 vel
1316 3800 1419 3855 hoc
1448 3799 1780 3871 principium
1805 3814 1948 3865 esse,

367 3888 453 3942 vel
484 3888 651 3958 hujus
677 3904 801 3945 esse
846 3891 1198 3961 principium.
1246 3890 1381 3945 Nam
1410 3892 1457 3946 si
1506 3900 1703 3945 natura
1735 3908 1952 3961 semper

370 3979 499 4035 facit
548 3982 603 4034 id
643 3981 787 4051 quod
838 3997 902 4035 ex
934 3982 1023 4045 iis,
1056 3998 1177 4051 quae
1208 3982 1325 4037 ﬁeri
1373 3984 1653 4050 convenit,
1682 3984 1949 4054 Optimum

366 4082 451 4127 est
487 4089 500 4122 :
525 4080 611 4127 est
640 4080 819 4127 autem
849 4082 909 4126 ut
928 4074 985 4127 in
1008 4074 1246 4129 motibus
1281 4074 1507 4130 directis
1537 4076 1584 4131 is
1611 4077 1705 4146 qui
1727 4092 1948 4131 sursum

366 4164 540 4219 fertur
589 4166 937 4235 praestantior
993 4166 1251 4237 (divinior
1288 4167 1434 4221 enim
1487 4168 1643 4224 locus
1701 4169 1951 4239 superior

364 4274 530 4328 quam
587 4260 856 4328 intimus),
889 4259 1079 4313 eodem
1121 4258 1281 4314 modo
1331 4268 1387 4314 et
1410 4261 1501 4330 qui
1551 4261 1606 4314 in
1644 4260 1945 4323 anteriora,

364 4358 589 4421 praestat
617 4366 684 4407 eo
717 4352 810 4422 qui
844 4359 1170 4415 retrorsum,
1202 4349 1472 4419 siquidem
1511 4360 1565 4406 et
1593 4351 1847 4406 dextrum
1874 4351 1950 4406 si-

364 4444 544 4498 nistro
592 4453 845 4514 praestat;
892 4445 1139 4500 declarat
1185 4444 1468 4515 proposita
1514 4446 1768 4515 quaestio,
1818 4445 1948 4516 quia

362 4534 518 4604 prius
551 4535 623 4588 ita
651 4550 711 4589 se
762 4535 945 4599 habet,
994 4535 1199 4590 idcirco
1242 4542 1297 4590 et
1343 4538 1645 4605 posterius.
1673 4536 1798 4590 Haec
1829 4536 1946 4605 ipsa

361 4624 508 4677 enim
556 4639 723 4681 causa
776 4626 938 4681 solvit
972 4626 1393 4682 dubitationem.
1447 4626 1581 4681 Nam
1608 4627 1653 4683 si
1697 4627 1859 4681 habet
1889 4642 1949 4681 se

361 4728 527 4786 quam
561 4716 677 4772 fieri
704 4728 885 4788 potest
913 4721 1139 4789 optime,
1174 4720 1290 4775 haec
1318 4722 1437 4790 ipsa
1467 4720 1571 4774 erit
1597 4734 1767 4774 causa
1799 4718 1948 4773 illius

361 4810 524 4864 etiam
552 4812 696 4881 quod
762 4812 966 4866 dictum
993 4817 1099 4867 est.
1144 4810 1424 4881 Optimum
1458 4820 1544 4867 est
1572 4812 1718 4867 enim
1742 4810 1950 4865 moveri

361 4912 511 4958 motu
546 4904 784 4975 simplici
837 4916 891 4960 et
938 4915 1204 4977 perpetuo
1232 4913 1286 4960 et
1331 4906 1387 4960 in
1432 4912 1642 4975 partem
1678 4913 1947 4974 praestan-

358 4994 575 5050 tiorem.
607 5016 627 5049 ι

429 5153 468 5183 ¹¹
504 5150 635 5223 Leg.
673 5151 785 5225 πῦρ
813 5148 953 5207 εἶναι
982 5160 1035 5208 ει
1074 5169 1199 5207 mox
1228 5153 1329 5224 γῆν
1362 5151 1436 5223 μὴ
1465 5148 1620 5205 εἶναι.

427 5310 540 5381 (47)
573 5309 712 5363 Τόδε
746 5309 884 5363 τόδε
918 5309 1110 5381 ἐστίν.
1144 5306 1588 5381 Prgemittendum
1626 5307 1729 5381 ὅτι.

450 5377 541 5445 48)
583 5380 816 5449 Ἀρχὴν.
845 5380 1078 5433 Aristot.
1120 5387 1174 5432 et
1199 5378 1454 5449 Sylburg.
1482 5377 1513 5446 ἢ
1545 5378 1737 5447 ἀρχὴν.

450 5387 541 5445 48)
583 5387 816 5449 Ἀρχὴν.
845 5387 1078 5433 Aristot.
1120 5387 1174 5432 et
1199 5387 1454 5448 Sylburg.
1482 5387 1513 5446 ἢ
1545 5387 1737 5447 ἀρχὴν.

426 5387 539 5532 ξω)
560 5446 637 5532 _El
662 5451 837 5532 γὰρὴ
861 5452 1067 5532 ερύσις.
1096 5450 1175 5503 lta
1204 5447 1337 5519 Reg.
1364 5450 1417 5512 1,
1448 5456 1501 5503 et
1532 5450 1761 5501 Aristot.
1794 5442 1938 5498 Editi

353 5521 533 5595 nostri
556 5523 589 5595 ἢ
615 5521 724 5591 γὰρ
757 5523 790 5593 ἡ
820 5521 999 5595 φὺῖιςο

428 5594 541 5665 (50)
578 5583 987 5665 Μαρτύρὲῖδέ.
1017 5588 1222 5665 Vocula
1247 5589 1362 5643 [nec
1379 5587 1668 5665 redundat.
1704 5583 1935 5665 Frust_ra

356 5657 687 5736 Sylbuirgiusi
713 5657 1039 5736 ex'Aristot.
1083 5661 1179 5736 καὶ
1207 5663 1508 5736 μαρτυρεῖ-
1520 5658 1598 5721 δέ,
1626 5667 1679 5711 ει
1705 5673 1830 5711 mox
1860 5657 1941 5708 ὄτι

354 5731 467 5815 ἔχει
496 5731 846 5804 τὸ’πρότερον
882 5733 1066 5815 _Cuju_s
1093 5731 1465 5815 _l.oci.videtu.r
1496 5732 1543 5810 is
1571 5745 1695 5784 esse
1718 5742 1936 5782 sensus.

356 5801 641 5860 Nimirum
674 5801 955 5875 proposita
1012 5801 1304 5867 dubitatio,
1367 5801 1694 5856 solutionem
1752 5812 1937 5853 secum

2449 3243 2539 3298 54.
2588 3245 2679 3297 Ἐκ
2707 3245 2813 3299 τοῦ
2838 3246 3027 3300 αὐτοῦ
3052 3248 3257 3317 λόγου.

2132 3350 2150 3382 ι
2198 3330 2415 3402 Ἐπειδὴ
2470 3331 2584 3384 ἔστι
2625 3330 2787 3402 διχῶς
2819 3333 2910 3385 ἐπὶ
2947 3333 3042 3387 τοῦ
3080 3332 3283 3386 κύκλου
3326 3333 3647 3407 κινηθῆναι,

2056 3425 2151 3477 καὶ
2172 3424 2273 3478 οὐκ
2301 3424 2437 3476 εἰσὶν
2467 3424 2707 3477 ἐναντίαι
2736 3420 2917 3489 αὗται,
2948 3426 3085 3480 ἀλλά
3112 3428 3160 3479 εί
3184 3426 3351 3497 μηθὲν
3382 3428 3459 3490 ὡς
3489 3427 3653 3497 ἔτυχε

2058 3514 2178 3586 μηδ’
2212 3516 2321 3569 ἀπὸ
2353 3515 2695 3586 ταύτομάτου
2726 3516 2996 3587 ἐνδέχεται
3032 3520 3088 3571 ἐν
3108 3521 3220 3581 τοῖς
3248 3518 3444 3581 ἀϊδίοις
3472 3513 3649 3570 εἶναι·

2052 3605 2081 3657 ὁ
2110 3605 2165 3657 δὲ
2196 3603 2420 3677 οὐρανὸς
2449 3605 2616 3669 ἀΐδιος
2648 3608 2741 3659 καὶ
2773 3608 2805 3678 ἡ
2836 3607 3020 3679 κύκλῳ
3050 3609 3219 3679 φορά·
3246 3609 3335 3662 διὰ
3363 3610 3485 3662 τίνα
3516 3608 3653 3661 ποτὲ

2052 3694 2230 3747 αἰτίαν
2274 3697 2366 3748 ἐπὶ
2421 3696 2627 3767 Θάτερα
2685 3698 2931 3770 φέρεται,
2980 3699 3096 3752 ἀλλ’
3125 3684 3225 3754 οὐκ
3267 3703 3361 3754 ἐπὶ
3404 3700 3652 3772 Oti-rapa;

2066 3788 2303 3859 Ἀνάγκη
2337 3790 2446 3862 γάρ
2491 3792 2585 3844 καὶ
2626 3798 2785 3845 τοῦτο
2837 3792 3012 3863 ἀρχὴν
3046 3792 3158 3863 (48)
3215 3789 3374 3859 εἶναι,
3422 3793 3456 3863 ἢ
3507 3790 3651 3845 εἶναι

2053 3880 2217 3933 αὑτοῦ
2240 3882 2435 3954 ἀρχήν.
2467 3883 2528 3935 Et
2554 3883 2662 3954 γάρ
2694 3886 2726 3954 ἠ
2758 3883 2918 3952 φύσις
2948 3884 3057 3955 (49)
3104 3886 3192 3937 ἀεὶ
3238 3887 3385 3937 ποιεῖ
3420 3884 3531 3937 τῶν
3562 3886 3655 3937 ἐν-

2052 3969 2355 4040 δεχομένων
2411 3970 2475 4023 to
2529 3970 2801 4040 βέλτιστον
2825 3989 2839 4001 ·
2886 3972 3004 4025 ἐστι
3038 3973 3095 4026 δὲ
3131 3973 3381 4046 καθάπερ
3410 3975 3520 4025 τῶν
3552 3975 3652 4026 ἐπὶ

2052 4063 2150 4133 τῆς
2180 4061 2394 4125 εὐθείας
2428 4063 2608 4134 φορῶν
2635 4065 2668 4133 ἡ
2700 4064 2837 4134 πρὸς
2864 4065 2957 4118 τὸν
3007 4064 3120 4118 ἀνω
3147 4066 3310 4118 τόπον
3340 4068 3653 4138 τιμιωτέρα

2054 4156 2345 4229 (θειότερος
2384 4157 2494 4229 γάρ
2531 4159 2560 4210 ὁ
2604 4157 2767 4220 τόπος
2788 4160 2815 4210 ὁ
2845 4158 2958 4212 ἀνω
2994 4157 3089 4210 τοῦ
3123 4156 3319 4226 κάτω),
3354 4157 3445 4210 τὸν
3475 4160 3651 4212 αὐτὸν

2051 4232 2251 4322 τρόπον
2272 4254 2366 4305 καὶ
2395 4255 2427 4323 ἡ
2459 4254 2540 4315 εἰς
2569 4250 2630 4303 τὸ
2664 4252 2898 4323 πρόσθεν
2922 4253 3021 4323 τῆς
3052 4255 3130 4315 εἰς
3157 4251 3220 4302 τὸ
3247 4250 3469 4305 ὄπισθεν
3502 4252 3645 4320 ἔχει,

2050 4345 2207 4416 εῐπερ
2262 4346 2357 4398 καὶ
2412 4346 2475 4399 τὸ
2533 4344 2708 4410 δεξιὸν
2765 4347 2949 4399 καὶτὸ
3004 4347 3321 4418 ἀριστερόνο
3371 4348 3650 4416 μαρτυρεί

2049 4439 2093 4491 δ’
2125 4438 2235 4509 (50)
2294 4441 2328 4509 ή
2380 4438 2607 4510 ρηθεῖσα
2658 4440 2887 4511 ἀπορία,
2925 4440 3005 4493 ὅτι
3052 4441 3115 4493 τὸ
3142 4439 3409 4510 πρότερον
3456 4438 3553 4490 καὶ
3581 4437 3647 4490 τὸ

2053 4530 2309 4603 ὕστερονο
2353 4532 2493 4603 αὕτη
2531 4532 2640 4604 γὰρ
2684 4536 2717 4605 ἡ
2767 4534 2918 4587 αἰτία
2958 4533 3076 4586 λύει
3123 4533 3221 4605 τὴν
3269 4533 3528 4603 ἀπορίαν.
3576 4532 3644 4584 Εἰ

2052 4623 2161 4694 γὰρ
2182 4623 2293 4693 ἕχει
2313 4622 2390 4686 ὡς
2418 4623 2690 4693 ἐνδέχεται
2713 4624 2980 4693 βέλτιστα,
3004 4624 3142 4695 αὕτη
3162 4624 3229 4677 ἂν
3257 4624 3343 4694 εἴη
3365 4621 3517 4675 αἰτία
3549 4622 3643 4675 καὶ

2050 4713 2144 4766 τοῦ
2173 4714 2481 4784 εἰρημένου.
2515 4714 2797 4769 Βέλτιοτον
2822 4715 2931 4786 γάρ
2960 4713 3226 4768 κινεῖσθαι
3265 4713 3444 4776 ἁπλῆν
3472 4724 3527 4758 ca
3553 4706 3642 4759 κίμ-

2050 4824 2203 4877 νησιν
2236 4806 2333 4862 καὶ
2360 4808 2660 4870 ἄπαυστον,
2695 4809 2788 4861 καὶ
2813 4807 3015 4878 ταύτην
3046 4808 3141 4860 ἐπὶ
3164 4808 3228 4859 τὸ
3250 4798 3595 4873 τιμιώτερον.
3613 4819 3632 4851 ι

2052 5302 2177 5358 fert.
2208 5299 2346 5355 Nam
2371 5314 2495 5354 cum
2531 5305 2731 5352 statuat
2764 5296 2900 5350 nihil
2922 5293 3086 5355 in‘iis,
3118 5304 3241 5362 qum
3269 5295 3478 5343 aeterna
3508 5292 3639 5340 sunt

2050 5383 2256 5427 temere
2285 5379 2381 5424 aut
2408 5371 2634 5423 fortuito
2666 5368 2801 5429 fieri.
2836 5381 2901 5419 ac
2929 5363 3171 5435 proinde
3193 5369 3449 5435 naturam
3493 5372 3638 5435 seni-

2047 5459 2143 5512 per
2180 5458 2241 5497 ea
2265 5442 2466 5496 sectari
2497 5454 2617 5512 qua;
2661 5438 2895 5512 niaxime
2929 5429 3321 5495 'eonveniunt;
3374 5429 3479 5512 hoc
3523 5429 3638 5505 pri-

2044 5499 2195 5566 inum
2238 5499 2541 5566 constituto
2567 5510 2795 5562 alterum
2831 5506 3103 5569 ﬁrmatur,
3129 5517 3323 5570 nempe
3347 5499 3549 5552 cmlum
3586 5499 3640 5549 in

2042 5584 2184 5637 hanc
2214 5584 2416 5652 potius,
2449 5594 2613 5650 quam
2665 5578 2814 5652 illam
2847 5585 3056 5645 partem
3104 5572 3255 5634 ferri,
3282 5572 3638 5652 quidanm»:

2050 5640 2482 5708 nienti'ssuuu'm'
2520 5658 2627 5709 est,
2685 5657 2745 5701 ut
2803 5640 2876 5698 ita
2934 5651 3241 5698 moveatur.
3289 5640 3462 5693 Paulo
3513 5646 3639 5707 post

2047 5725 2277 5780 Aristot.
2308 5730 2361 5779 et
2395 5720 2723 5791 Sylburgius
2754 5717 2896 5786 εἵηὴ
2928 5713 3095 5767 αἰτία.
