3974 6256
307 419 439 473 1535

978 423 1429 482 CONf‘LiTATlO
1469 428 1915 495 QUORUMDAM
1959 430 2420 488 ARISTOTELIS
2462 408 2871 490 DOGMATUM.

3433 441 3573 498 i554

367 538 430 589 Εἰ
460 536 552 589 τὸν
581 538 811 610 οὐρανὸν
840 541 1057 612 ἡφύσις
1102 544 1327 617 ἐποίησε
1372 547 1657 619 κινηθῆναι
1713 551 1792 614 είς
1825 551 1879 604 τέ

2062 549 2119 604 Si
2149 560 2367 616 natura,
2396 569 2517 624 quae
2534 569 2749 626 semper
2767 572 2834 611 ex
2855 554 2965 619 his,
2997 570 3119 626 qua:
3148 554 3265 613 ﬁcri
3294 560 3570 625 convenit,

297 628 629 701 ἔμπροσθεν,
666 631 760 684 καὶ
791 633 865 704 μὴ
894 636 973 698 εἰς
1000 635 1060 688 τὸ
1088 635 1282 702 ὀπίσω,
1305 640 1338 709 ἡ
1359 639 1445 693 ἀεὶ
1471 641 1581 694 τῶν
1598 641 1884 713 ἐνδεχομέ-

299 738 403 774 νων
444 721 506 775 τὸ
552 723 823 793 βέλτιστον
862 727 1189 800 ποιουμένη’
1232 730 1350 794 πῶς
1387 732 1557 796 ἀΐδιος
1592 732 1621 784 6
1659 736 1885 806 οὐρανὸς

296 820 389 872 καὶ
419 820 452 891 ἡ
484 819 673 874 τούτου
705 821 866 894 φορὰ,
901 821 1124 894 ὑπὸτῆς
1144 825 1359 895 φύσεως
1378 829 1759 900 γεγενημένος,
1791 831 1885 884 καὶ

293 909 355 963 τὸ
383 911 482 983 τὴν
503 912 786 986 βελτίστην
818 915 1103 987 κινηθῆναι
1132 917 1343 990 κίνησιν
1372 917 1539 989 έχων;
1563 920 1626 973 El
1645 920 1742 992 τὴν
1771 921 1885 974 δια-

294 1003 470 1074 φοράν
516 1006 581 1076 ἢν
614 1004 728 1077 ἔχει
773 1008 801 1060 6
830 1008 943 1062 ἀνω
983 1008 1148 1073 τόπος
1192 1010 1331 1082 πρὸς
1355 1011 1445 1065 τὸν
1476 1012 1647 1076 κάτω,
1677 1012 1882 1085 ταύτην

292 1097 407 1168 ἔχει
439 1098 473 1169 ἠ
506 1100 587 1162 είς
605 1099 666 1153 τὸ
694 1098 930 1171 πρόσθεν
947 1102 1161 1173 κίνησις
1191 1105 1327 1176 πρὸς
1345 1104 1444 1175 τὴν
1472 1106 1551 1169 είς
1570 1106 1631 1159 τὸ
1659 1106 1881 1160 ὄπισθεν

294 1192 510 1262 κίνησιν
538 1192 679 1247 κατά
716 1193 777 1247 τὺ
812 1195 1136 1268 τιμιώτερον
1176 1199 1271 1251 καὶ
1316 1197 1585 1270 θειότερον
1622 1201 1718 1253 καὶ
1766 1200 1883 1270 βέλ-

290 1300 505 1336 τιστονο
548 1285 667 1349 πῶς
706 1286 807 1340 ούκ
845 1288 982 1341 εἰσὶν
1024 1289 1265 1344 ἐναντίαι
1313 1291 1370 1343 αἱ
1409 1293 1655 1361 κινήσεις
1698 1288 1876 1358 αὗται,

290 1375 548 1430 τοσοῦτον
575 1378 821 1451 ἀλλήλων
841 1380 1221 1451 διαφέρουσαι;
1253 1382 1318 1436 Εἰ
1348 1382 1456 1436 τῶν
1476 1384 1661 1438 ἁπλῶν
1693 1387 1880 1457 σωμά-

290 1470 462 1541 τωνή
506 1472 718 1543 κίνησις
760 1472 906 1544 ἁπλῆ
953 1474 1014 1527 οὐ
1052 1474 1195 1528 κατά
1237 1475 1298 1528 τὸ
1339 1476 1704 1547 ἐνδεχόμενον,
1745 1478 1880 1533 ἀλλά

292 1563 435 1616 κατὰ
479 1564 540 1618 τὸ
586 1565 902 1634 ἀναγκαῖον,
948 1566 1067 1631 πῶς
1094 1566 1256 1639 διχῶς
1286 1569 1572 1640 κινηθῆναι
1600 1571 1820 1624 δύναται
1851 1572 1879 1624 6

288 1655 522 1726 οὐρανὸς
577 1656 783 1711 ἁπλοῦν
831 1658 990 1730 σῶμα
1022 1658 1181 1730 έχων,
1215 1662 1309 1714 καὶ
1337 1664 1566 1716 κινεῖται
1598 1658 1878 1735 ἐνδεχομέ-

290 1764 435 1813 νως;
465 1749 528 1802 El
558 1750 894 1821 πανταχόθεν
925 1753 1073 1806 ἐστὶν
1102 1754 1131 1806 ὁ
1157 1753 1384 1826 οὐρανὸς
1415 1755 1529 1820 ἴσος
1556 1757 1755 1828 ἐαυτῷ,
1787 1758 1880 1811 καὶ

293 1838 385 1891 ἴσα
408 1839 546 1911 ἔχων
566 1840 635 1894 τὰ
690 1843 831 1914 μέρη
873 1846 986 1908 τοῖς
1029 1845 1242 1918 μέρεσι,
1290 1847 1384 1900 καὶ
1413 1848 1489 1913 ὡς
1530 1846 1625 1902 ἐάν
1659 1849 1876 1921 κινηθῇ,

1990 640 2256 709 Optimum
2294 640 2446 708 facit,
2485 650 2543 697 ut
2571 646 2771 699 caelum
2821 653 3134 701 moveretur
3179 648 3234 701 in
3294 649 3570 704 anteriora

1988 732 2117 787 fecit
2141 748 2204 788 ac
2228 734 2404 788 nonin
2429 736 2767 806 posteriora:
2796 737 3071 809 quomodo
3085 739 3284 795 cmlum
3307 748 3570 797 aeternum

1984 825 2214 895 ejusque
2242 837 2441 891 motus,
2480 828 2622 899 quod
2645 844 2675 883 a
2702 838 2896 885 natura
2920 831 3121 887 factum
3151 842 3257 889 est.
3288 841 3341 889 et
3381 834 3449 889 ab
3478 851 3566 891 ea-

1985 915 2107 971 dem
2131 917 2313 983 habet,
2351 927 2411 973 ut
2440 920 2650 990 optimo
2680 930 2966 977 moveatur
2998 930 3146 978 motu
3174 925 3197 979 ?
3224 921 3282 979 Si
3311 926 3455 995 quod
3486 935 3571 983 est

1984 1007 2283 1064 discrimen
2323 1010 2465 1065 inter
2513 1013 2851 1082 superiorem
2898 1014 3077 1070 locum
3133 1023 3183 1071 et
3231 1017 3568 1084 inferiorem,

1985 1102 2127 1157 idem
2162 1104 2455 1160 intercedit
2486 1106 2627 1162 inter
2681 1114 2914 1173 motum,
2943 1109 3036 1179 qui
3065 1109 3120 1165 in
3151 1113 3429 1167 anteriora
3462 1114 3570 1170 fer-

1984 1203 2072 1249 tur
2095 1204 2149 1250 et
2193 1212 2319 1251 eum
2366 1198 2461 1269 qui
2508 1207 2834 1264 retrorsum,
2878 1209 3147 1272 quantum
3179 1211 3389 1273 spectat
3415 1204 3480 1258 ad
3514 1205 3569 1258 id

1982 1288 2131 1358 quod
2165 1291 2518 1359 prmstantius
2544 1292 2857 1349 etdivinius
2886 1303 2940 1349 et
2971 1295 3238 1365 Optimum
3284 1305 3405 1352 est:
3439 1311 3571 1367 quo-

1982 1380 2147 1437 modo
2175 1397 2285 1437 non
2306 1385 2599 1440 contraria:
2625 1386 2729 1441 sibi
2757 1397 2885 1441 sunt
2904 1386 2987 1443 hac
3000 1389 3292 1456 motiones,
3311 1399 3571 1460 quaatan-

1981 1482 2169 1543 topcre
2199 1490 2228 1527 a
2259 1490 2316 1531 se
2344 1476 2581 1533 invicem
2611 1478 2909 1535 differunt?
2948 1479 3005 1537 Si
3024 1482 3355 1552 simplicium
3382 1498 3572 1555 corpo-

1982 1578 2105 1618 rum
2159 1565 2388 1636 simplex
2456 1576 2640 1624 motus
2668 1578 2774 1634 est,
2837 1585 2949 1625 non
2993 1580 3053 1627 ut
3083 1574 3361 1639 convenit,
3393 1574 3487 1629 sed
3512 1582 3570 1629 ut

1982 1670 2209 1712 necesse
2246 1668 2357 1713 est:
2418 1661 2694 1730 quomodo
2753 1662 2952 1717 coelum
3017 1662 3312 1734 dupliciter
3364 1667 3566 1721 moveri

1982 1755 2181 1818 potest,
2223 1750 2370 1821 quod
2427 1752 2658 1822 simplex
2706 1753 2872 1809 habet
2902 1770 3103 1826 corpus
3131 1765 3186 1812 et
3214 1768 3466 1813 movetur
3509 1769 3569 1814 ut

1982 1842 2272 1898 convenit?
2300 1841 2356 1897 Si
2392 1845 2757 1917 undequaque
2771 1847 2873 1902 sibi
2909 1848 3086 1919 ipsum
3107 1852 3315 1921 aequale
3343 1860 3427 1907 est
3455 1866 3570 1906 cm-

289 1930 389 2002 τὴν
422 1935 717 2005 σφαιρικὴν
742 1952 801 1987 τε
833 1937 927 1989 κα).
956 1935 1219 2005 ἔγκυκλον
1243 1938 1404 2003 σώζει
1433 1940 1647 2014 κίνησιν
1669 1959 1682 1973 ·
1715 1943 1877 1998 δύνα-

1987 1933 2118 1996 Ιιιηι,
2152 1940 2205 1989 et
2234 1936 2472 2004 aequales
2508 1936 2671 1991 habet
2701 1938 2955 2008 partibus
2987 1919 3193 2011 partes,
3228 1955 3292 1996 ac
3319 1957 3568 2013 quocun-

287 2040 381 2076 ται
409 2025 516 2095 ἄρα
548 2026 643 2079 καὶ
697 2028 806 2081 ἀπὸ
852 2029 1202 2101 μεσημϐρίας
1233 2031 1517 2104 κινηθῆναι
1546 2036 1624 2098 είς
1655 2034 1875 2106 ἄρκτον,

290 2117 385 2169 καὶ
408 2117 514 2170 ἀπὸ
545 2117 747 2190 ἄρκτου
770 2122 852 2185 είς
870 2122 1089 2195 μεσημὸ
1098 2124 1237 2195 ρίαν,
1259 2125 1334 2188 ὡς
1350 2125 1574 2180 δύναται
1594 2129 1878 2199 κινηθῆναι

292 2210 399 2263 ἀπὸ
428 2211 691 2283 ἀνατολῆς
719 2215 797 2277 είς
816 2212 986 2279 δύσιν,
1022 2216 1116 2268 καὶ
1142 2216 1249 2270 ἀπὸ
1277 2217 1377 2287 τῆς
1406 2217 1611 2282 δύσεως
1638 2221 1720 2284 εἰς
1747 2222 1882 2275 ἀνα-

289 2303 470 2374 τολήν.
508 2304 633 2368 Πῶς
656 2300 748 2359 οὖν
775 2307 836 2358 οὐ
872 2306 1102 2379 μάτηνὴ
1134 2308 1294 2377 φύσις
1312 2310 1389 2382 τῷ
1417 2309 1630 2383 σώματι
1664 2313 1758 2365 τοῦ
1786 2314 1878 2367 οὐ-

293 2394 456 2466 ρανοῦ
502 2396 728 2470 ἐνέθηκε
772 2398 1041 2455 τοσούτων
1085 2403 1353 2473 κινήσεων
1394 2404 1492 2470 τὰς
1524 2405 1798 2478 δυνάμεις,
1830 2409 1878 2462 εξ

288 2490 569 2560 τετραχῶς
611 2491 709 2562 μέν
756 2490 868 2563 ἔχει
927 2492 1027 2558 τὰς
1086 2494 1365 2567 δυνάμεις,
1419 2499 1749 2570 μοναχῶςδέ
1792 2519 1877 2556 κι-

288 2595 460 2632 νειται
486 2596 500 2645 ;

678 2673 765 2728 55.
811 2676 905 2729 Ἐκ
932 2676 1038 2731 τοῦ
1065 2678 1253 2733 αὑτοῦ
1278 2681 1486 2750 λόγου.

365 2783 384 2814 ι
412 2765 548 2837 Περὶ
596 2766 654 2821 δὲ
694 2768 804 2822 τῶν
848 2769 1197 2841 καλουμένων
1240 2772 1456 2846 ἄστρων
1502 2774 1764 2846 ἑπόμενον
1813 2774 1878 2829 ἂν

287 2854 374 2928 εἴη
404 2857 584 2926 λέγειν
605 2900 618 2923 ,
649 2861 711 2913 ἐκ
746 2860 906 2916 τίνων
944 2866 1229 2917 συνεστᾶσι
1265 2865 1376 2937 (51)
1407 2866 1501 2920 κα).
1529 2867 1674 2931 τίνες
1710 2869 1767 2921 αἱ
1796 2886 1879 2920 κι-

286 2949 475 3019 νήσεις
513 2951 710 3004 αὐτῶν.
745 2952 1128 3022 Εὑλογώτατον
1173 2957 1229 3009 δέ
1275 2958 1370 3011 καὶ
1411 2961 1524 3023 τοῖς
1568 2961 1880 3032 εἰρημένοις

288 3040 557 3112 ἑπόμενον
603 3044 714 3115 (52)
761 3046 823 3098 τὸ
867 3046 1099 3101 ἕκαστον
1144 3047 1253 3101 τῶν
1308 3050 1525 3123 ἄστρων
1584 3056 1757 3107 ποιεῖν
1814 3054 1879 3107 ἐκ

288 3133 480 3187 τούτου
509 3136 603 3190 τοῦ
636 3137 886 3210 σώματος
906 3180 920 3204 ,
951 3143 1010 3194 ἐν
1037 3134 1081 3209 ᾧ
1114 3141 1372 3212 τυγχάνει
1401 3142 1501 3214 τὴν
1532 3144 1702 3216 φορὰν
1733 3143 1876 3216 ἕχον,

289 3226 475 3299 ἐπειδὴ
506 3228 713 3301 ἔφαμέν
754 3249 808 3284 τι
855 3229 994 3287 εἶναι
1025 3234 1053 3287 δ
1081 3234 1266 3305 κύκλῳ
1303 3236 1566 3308 φέρεσθαι
1610 3236 1874 3307 πέφυκεν.

293 3319 503 3393 Ὠσπερ
550 3322 658 3395 γὰρ
705 3325 755 3377 οἱ
797 3325 999 3398 πύρινα
1033 3328 1333 3397 φάσκοντες
1366 3324 1535 3394 εἶναι,
1581 3328 1671 3382 διὰ
1717 3329 1878 3383 τοῦτο

290 3412 573 3481 λέγουσιν,
605 3418 687 3470 ὅτι
715 3417 775 3471 τὸ
807 3419 920 3473 ἀνω
947 3421 1105 3492 σῶμα
1145 3420 1258 3494 πῦρ
1286 3417 1425 3476 εἶναι
1455 3423 1651 3492 φασὶν,
1682 3423 1757 3487 ὡς
1787 3422 1877 3476 εῦ-

288 3503 447 3573 λογον
475 3506 536 3561 ὃν
564 3509 792 3565 ἕκαστον
824 3515 1145 3569 συνεστάναι
1186 3516 1250 3568 ἐκ
1280 3515 1485 3569 τούτων
1523 3516 1581 3571 ἐν
1623 3512 1705 3580 οἷς
1745 3515 1877 3569 έκα-

291 3599 413 3652 στον
441 3601 589 3654 ἐστιν
610 3643 625 3668 ,
653 3604 857 3676 ὁμοίως
885 3608 981 3661 καὶ
1008 3610 1173 3680 ἡμεῖς
1207 3609 1457 3681 λέγομεν.
1495 3610 1560 3664 Ἦ
1589 3610 1645 3664 δὲ
1683 3609 1880 3682 θερμό-

289 3706 387 3761 της
404 3692 501 3744 ἀπ’
519 3693 703 3749 αὐτῶν
722 3698 890 3751 καὶτὸ
911 3699 1025 3768 φῶς
1045 3701 1254 3769 γίνεται
1275 3719 1350 3754 πα
1359 3702 1751 3774 ρατριϐομένου
1768 3702 1877 3774 (55)

289 3782 382 3835 τοῦ
412 3784 577 3857 ἀέρος
605 3787 711 3841 ὑπὸ
737 3788 837 3861 τῆς
864 3791 1090 3847 ἐκείνων
1121 3795 1314 3865 φορᾶς.
1347 3795 1566 3864 Πέφυκε
1595 3794 1705 3867 γὰρ
1746 3796 1779 3867 ἡ
1804 3795 1881 3849 κί-

291 3895 444 3949 νησις
486 3882 765 3953 ἐκπυροῦν
790 3886 885 3938 κα).
915 3885 1097 3949 λίθους
1118 3926 1133 3952 ,
1183 3888 1278 3941 καὶ
1308 3887 1440 3953 ξύλα
1460 3928 1475 3953 ,
1511 3890 1608 3943 καὶ
1639 3890 1875 3962 σίδηρον.

290 3972 669 4047 Εὐλογώτερον
697 3972 789 4032 οῦν
816 3979 878 4032 τὸ
903 3979 1197 4053 ἐγγύτερον
1219 3980 1315 4036 τοῦ
1350 3983 1548 4055 πυρός’
1584 3983 1879 4055 ἐγγύτερον

289 4061 344 4116 δὲ
374 4066 402 4118 6
431 4066 540 4138 ἀὴρ
560 4109 575 4133 ,
604 4062 715 4123 οἷον
744 4071 835 4125 καὶ
864 4071 957 4124 ἐπὶ
986 4073 1094 4127 τῶν
1123 4074 1439 4147 φερομένων
1470 4074 1640 4147 βελῶν
1661 4092 1673 4105 ·
1707 4077 1880 4129 ταῦτα

290 4156 399 4229 γὰρ
428 4159 541 4231 (54)
573 4162 909 4234 ἐκπυροῦται
937 4164 1112 4230 οὕτως
1132 4209 1146 4233 ,
1178 4168 1320 4221 ὥστε
1348 4168 1623 4240 τήκεσθαι,
1649 4168 1749 4232 τάς
1784 4188 1880 4241 μο-

290 4248 552 4315 λιϐδίδας·
588 4254 682 4307 καὶ
711 4256 942 4329 ἐπείπερ
980 4258 1120 4313 αύτά
1149 4260 1503 4331 ἐκπυροῦται,
1540 4262 1756 4333 ἀνάγκη
1787 4265 1881 4317 καὶ

287 4342 379 4397 τὸν
416 4344 604 4418 κύκλῳ
634 4349 813 4403 αὐτῶν
844 4351 983 4423 ἀέρα
1021 4354 1083 4406 τὸ
1111 4354 1244 4406 αὐτὸ
1274 4354 1526 4425 πάσχειν.
1560 4355 1746 4409 Ταῦτα
1781 4356 1880 4427 μὲν

289 4432 381 4491 οὖν
421 4439 565 4494 αύτά
592 4441 1017 4515 ἐκθερμαίνεται
1044 4444 1136 4499 διὰ
1163 4447 1223 4499 τὸ
1252 4449 1309 4500 ὲν
1341 4449 1463 4520 ἀέρι
1494 4448 1788 4519 φέρεσθαι,
1821 4449 1881 4514 ὃς

288 4528 374 4583 διὰ
408 4530 509 4603 τὴν
543 4532 757 4607 πληγὴν
784 4540 850 4608 τῇ
884 4539 1107 4610 κινήσει,
1125 4539 1333 4607 γίνεται
1367 4539 1497 4612 πῦρ.
1533 4542 1652 4595 Τῶν
1683 4541 1738 4595 δὲ
1768 4542 1881 4598 ἄνω

1983 2041 2088 2096 que
2119 2026 2281 2083 modo
2309 2036 2614 2093 moveatur,
2652 2031 2978 2101 splnericum
3012 2040 3066 2087 et
3100 2034 3423 2089 circularem
3448 2051 3567 2089 ino-

1983 2126 2096 2171 tum
2136 2127 2346 2187 servat;
2379 2130 2557 2191 potest
2571 2138 2700 2194 ergo
2723 2125 3001 2181 ameridie
3029 2126 3235 2181 moveri
3269 2127 3324 2181 in
3357 2136 3571 2197 septen-

1982 2215 2237 2281 trionem,
2285 2215 2745 2284 quemadmodum
2802 2218 3009 2273 moveri
3044 2222 3236 2291 {potest
3263 2220 3332 2274 ab
3355 2220 3567 2276 oriente

1980 2302 2038 2355 in
2079 2296 2420 2361 occidentem
2464 2314 2518 2362 et
2565 2306 2634 2361 ab
2662 2308 2946 2363 occidente
2987 2308 3042 2363 in
3091 2310 3377 2366 orientem.
3404 2311 3568 2383 579

1981 2394 2266 2462 Quomodo
2292 2414 2423 2470 ergo
2456 2409 2653 2454 natura
2672 2416 2783 2455 non
2814 2400 3019 2457 frustra
3039 2404 3161 2458 coeli
3187 2405 3401 2474 corpori
3425 2405 3567 2459 indi-

1981 2487 2061 2542 dit
2100 2494 2180 2543 tot
2231 2498 2481 2545 motuum
2528 2491 2844 2559 facultates,
2893 2495 2937 2551 si
2970 2495 3315 2566 quadruplici
3345 2496 3566 2568 quidem

1980 2578 2144 2634 modo
2174 2582 2382 2637 moveri
2416 2590 2616 2653 potest,
2648 2599 2759 2639 uno
2791 2591 2975 2639 autem
3007 2587 3298 2641 movetur?

2174 2679 2264 2735 55.
2299 2680 2382 2735 Ea:
2409 2682 2585 2736 eodem
2615 2682 2769 2743 libro,
2801 2681 2965 2748 ibid.,
2992 2696 3042 2736 c.
3081 2681 3132 2750 7,
3168 2698 3221 2753 p.
3254 2682 3382 2737 289.

2057 2780 2077 2812 ι
2111 2759 2186 2817 De
2210 2761 2279 2817 iis
2299 2770 2478 2818 autem
2525 2779 2647 2833 quae
2676 2764 2937 2819 dicuntur
2989 2766 3155 2820 astris
3206 2768 3458 2836 sequitur
3510 2777 3568 2820 ut

1980 2855 2231 2912 dicamus
2256 2872 2321 2913 ex
2343 2857 2545 2927 quibus
2577 2865 2854 2923 constent,
2886 2864 2941 2913 et
2963 2858 3186 2929 quinam
3225 2873 3416 2914 eorum
3448 2875 3568 2915 mo-

1981 2957 2092 3004 tus.
2146 2950 2245 3004 Est
2295 2958 2477 3005 autem
2527 2950 2726 3004 rationi
2758 2951 2997 3006 maxime
3035 2963 3488 3017 consentaneum,
3513 2962 3567 3005 et

1982 3040 2069 3096 his
2106 3056 2229 3111 qua:
2260 3040 2502 3097 diximus
2542 3057 2907 3111 consequens,
2942 3050 2992 3097 ut
3042 3050 3251 3098 astrum
3283 3042 3567 3113 quodlibet

1982 3149 2137 3190 exeo
2186 3149 2584 3205 componamus
2633 3150 2884 3206 corpore,
2922 3136 2978 3189 in
3010 3151 3120 3205 quo
3159 3143 3369 3190 motum
3402 3151 3564 3191 suum

1984 3228 2168 3293 habet,
2217 3228 2664 3299 quandoquidem
2716 3229 2958 3283 diximus
3003 3228 3206 3298 aliquid
3244 3244 3387 3295 esse,
3418 3229 3565 3300 quod

1982 3319 2057 3373 ita
2109 3321 2181 3375 sit
2224 3329 2420 3375 natura
2446 3328 2846 3392 comparatum,
2878 3332 2936 3375 ut
2966 3320 3020 3375 in
3044 3323 3231 3377 orbem
3262 3330 3566 3376 moveatur.

1984 3411 2453 3478 Quemadmodum
2474 3416 2619 3471 enim
2651 3417 2744 3486 qui
2775 3416 2961 3486 igneas
2991 3416 3179 3472 stellas
3207 3430 3331 3471 esse
3358 3415 3569 3479 dicunt,

1983 3512 2275 3576 propterea
2325 3508 2539 3573 dicunt,
2603 3509 2733 3579 quia
2766 3523 3064 3579 supernum
3117 3523 3320 3579 corpus
3383 3509 3565 3580 ignem

1982 3612 2106 3652 esse
2136 3597 2351 3664 dicunt,
2387 3602 2589 3671 quippe
2635 3614 2761 3654 cum
2803 3605 3236 3655 consentaneum
3269 3598 3343 3654 sit
3374 3614 3568 3652 unum-

1985 3690 2242 3761 quodque
2288 3707 2353 3746 ex
2396 3692 2463 3747 iis
2518 3699 2775 3749 constare
2833 3693 2889 3747 in
2941 3692 3143 3762 quibus
3191 3698 3309 3756 est,
3376 3690 3455 3744 ita
3516 3698 3571 3744 et

1984 3799 2086 3839 nos
2149 3782 2406 3839 dicimus.
2438 3783 2602 3839 Calor
2643 3793 2825 3841 autem
2887 3785 2955 3839 ab
3005 3786 3085 3839 eis
3146 3792 3201 3838 et
3252 3784 3344 3837 lux
3396 3782 3568 3845 venit,

1984 3876 2224 3930 contrito
2289 3892 2479 3931 eorum
2518 3886 2667 3932 motu
2708 3892 2853 3933 aere.
2880 3877 3031 3932 Solet
3060 3876 3206 3930 enim
3243 3884 3426 3932 motus
3471 3890 3569 3930 ac-

1982 3968 2217 4023 cendere
2247 3977 2302 4023 et
2336 3969 2546 4039 lapides
2574 3977 2628 4024 et
2651 3969 2798 4041 ligna
2831 3980 2885 4025 et
2902 3968 3412 4039 ferrum.Pra3cipue
3441 3983 3571 4024 vero

1983 4062 2117 4117 illud
2154 4063 2495 4129 accenditur,
2516 4062 2660 4134 quod
2688 4063 2945 4133 proprius
2978 4069 3062 4117 est
3086 4062 3197 4132 igni
3273 4070 3359 4117 est
3389 4068 3571 4116 autem

1984 4158 2079 4211 aer
2112 4156 2373 4227 propior:
2402 4157 2564 4227 quale
2618 4164 2702 4211 est
2733 4155 2880 4227 quod
2913 4156 3035 4209 telis
3068 4154 3337 4210 immissis
3366 4155 3568 4210 evenit.

1983 4247 2110 4304 Haec
2133 4250 2279 4304 enim
2330 4250 2413 4303 ita
2440 4250 2753 4319 ignescunt,
2813 4258 2874 4302 ut
2908 4255 2964 4302 et
2996 4247 3279 4317 plumbum
3311 4247 3573 4316 collique-

1984 4345 2102 4395 scat
2139 4354 2151 4389 :
2187 4345 2241 4393 et
2271 4339 2399 4409 quia
2430 4340 2549 4409 ipsa
2584 4339 2893 4410 ignescunt,
2933 4354 3161 4393 necesse
3189 4345 3274 4392 est
3303 4347 3359 4390 nt
3383 4345 3438 4391 et
3457 4336 3569 4390 cir-

1983 4432 2271 4489 cumfusus
2299 4449 2391 4488 aer
2408 4433 2549 4488 idem
2576 4434 2831 4504 patiatur.
2854 4432 3033 4503 Atque
3064 4433 3179 4488 haec
3197 4431 3417 4503 quidem
3453 4430 3571 4499 ipsa

1984 4525 2349 4588 incalescunt,
2405 4524 2534 4596 quia
2586 4527 2641 4579 in
2676 4540 2803 4581 aere
2834 4523 3108 4589 feruntur,
3151 4524 3243 4595 qui
3274 4534 3574 4593 percussus

289 4622 521 4678 ἕκαστον
548 4628 605 4679 ἐν
633 4631 699 4699 τῇ
734 4630 940 4701 σφαίρᾳ
981 4632 1241 4703 φέρεται,
1294 4632 1435 4687 ὥστε
1476 4635 1617 4689 αύτά
1656 4636 1754 4707 μὲν
1804 4636 1878 4708 μὴ

1987 4636 2051 4675 ex
2082 4621 2203 4690 ipso
2249 4629 2401 4675 motu
2436 4620 2493 4674 fit
2528 4621 2693 4692 ignis.
2728 4620 2932 4676 Eorum
2961 4627 3164 4684 autem,
3195 4635 3317 4692 qua:
3349 4634 3571 4675 sursum

291 4715 690 4787 ἐκπυροῦσθαι·
727 4720 822 4775 τοῦ
867 4721 923 4775 δέ
967 4722 1129 4793 ἀέρος
1174 4723 1280 4776 ὑπὸ
1324 4725 1425 4796 τὴν
1467 4725 1563 4779 τοῦ
1615 4724 1883 4780 κυκλικοῦ

292 4806 543 4878 σώματος
582 4813 817 4883 σφαῖραν
848 4812 1021 4878 ὄντος,
1042 4814 1278 4887 ἀνάγκη,
1302 4817 1609 4889 φερομένης
1641 4818 1877 4888 ἐκείνης,

291 4897 712 4971 θερμαίνεσθαι,
743 4904 838 4957 κα)⁹
869 4904 1079 4975 ταύτην
1106 4906 1343 4977 μάλιστα
1437 4909 1465 4961 6
1497 4907 1648 4978 ἥλιος
1676 4908 1881 4978 τυγχά-

290 5006 369 5041 νει
414 4991 789 5062 ἐνδεδεμένος·
823 4993 903 5048 διὸ
941 4995 1005 5067 δὴ
1040 4995 1433 5065 πλησιάζοντος
1474 5015 1535 5051 τε
1573 4999 1742 5054 αὑτοῦ
1786 5000 1881 5053 καὶ

288 5083 631 5155 ἀνίσχοντος,
673 5088 767 5140 καὶ
796 5087 937 5158 ὑπὲρ
965 5089 1114 5159 ἡμᾶς
1146 5089 1319 5154 ὄντος,
1348 5090 1557 5159 γίνεται
1586 5090 1877 5163 θερμότης.

291 5174 411 5229 Ὀτι
450 5176 553 5246 μὲν
584 5173 677 5231 οῦν
720 5179 845 5232 οὔτε
881 5178 1086 5251 πύρινά
1132 5183 1311 5249 ἐστιν,
1360 5180 1485 5235 οὕτε
1530 5184 1589 5236 ἐν
1633 5182 1711 5254 τῷ
1745 5184 1877 5255 πυρ)⁵

290 5266 533 5338 φέρεται,
565 5270 737 5325 ταῦτα
767 5275 896 5343 ἡμῖν
926 5274 1167 5347 εἰρήσθω
1200 5274 1327 5345 περὶ
1355 5275 1555 5328 αὐτῶν.
1594 5294 1612 5325 ι

359 5358 422 5410 El
453 5359 517 5411 ἐκ
544 5359 643 5430 τῆς
669 5360 841 5433 αὺτης
872 5361 1003 5435 ὕλης
1033 5362 1146 5434 (55)
1192 5362 1251 5427 ἐξ
1286 5356 1355 5435 ἦς
1385 5365 1534 5416 ἐστιν
1563 5364 1591 5415 ὁ
1619 5364 1876 5435 οὐρανὸς,

290 5452 353 5505 ἐκ
370 5450 592 5524 οταύτης
618 5454 738 5507 ἐστὶ
764 5454 857 5508 καὶ
884 5456 953 5509 τὰ
979 5456 1155 5528 ἄστρα
1173 5495 1187 5520 ,
1224 5455 1342 5520 πῶς
1371 5457 1471 5510 οὐκ
1509 5456 1624 5509 ἔστι
1653 5455 1843 5527 ψευδὲς
1863 5496 1885 5521 ,,

356 5632 864 5705 (51)Συνεστᾶσι.
898 5637 1063 5692 Addit
1107 5637 1437 5693 Aristoteles
1478 5638 1573 5691 καὶ
1615 5639 1674 5690 ἐν
1709 5638 1880 5701 ποίοις

292 5706 568 5780 omnem,
622 5717 679 5780 et
718 5708 907 5780 quibus
960 5711 1018 5762 in
1055 5710 1265 5780 ﬁguris.
1302 5707 1426 5763 Mox
1475 5709 1632 5763 deest
1685 5711 1879 5762 vocula

289 5775 344 5827 δέ
371 5774 595 5851 Δἱᾼιιᾳξὶιξῖέ.
614 5777 660 5851 1Δ
702 5774 1031 5851 Aristotcles
1056 5774 1218 5833 habet
1238 5780 1322 5851 δή.

363 5846 476 5920 (ξὲ)
518 5847 864 5920 Ἐπόμενον.
898 5847 1215 5920 Αιιιιίιὴμῖν
1240 5846 1583 5906 Aristoteles.

363 5918 475 5985 (35)
503 5918 1037 5987 Παρατρισομένου.
1095 5918 1320 5977 Aristol.
1349 5918 1869 5991 παρεκτριϐομένου.

1986 4721 2137 4778 sunt,
2164 4715 2594 4785 unumquodque
2649 4715 2705 4769 in
2742 4718 2957 4785 sphatra
2990 4713 3258 4777 defertur,
3292 4713 3367 4765 ita
3393 4721 3451 4767 ut
3478 4712 3571 4766 illa

1984 4805 2205 4875 quidem
2261 4821 2373 4859 non
2400 4806 2762 4873 incalescant,
2802 4806 2897 4862 sed
2933 4820 3139 4869 aerem,
3175 4806 3270 4875 qui
3314 4806 3573 4877 corporis

1984 4896 2208 4950 rotundi
2264 4896 2491 4967 sphaerae
2549 4897 2833 4968 subjectus
2868 4907 2974 4961 est,
3001 4912 3227 4953 necesse
3251 4904 3335 4952 est
3369 4896 3565 4950 incale-

1985 5005 2161 5053 scere,
2200 4989 2331 5044 dum
2351 5000 2603 5046 movetur
2636 4990 2870 5062 spharra,
2904 4990 2996 5043 illa
3040 4989 3343 5059 praesertim
3379 4988 3465 5042 cui
3491 4988 3572 5043 so‘l

1984 5084 2268 5154 illigatur:
2300 5084 2466 5145 unde,
2512 5084 2641 5138 dum
2697 5084 2788 5139 ille
2840 5083 3247 5154 appmpinquat
3300 5089 3354 5135 et
3396 5081 3574 5134 oritur

1983 5184 2037 5230 et
2061 5191 2228 5245 supra
2275 5192 2379 5232 nos
2417 5184 2522 5240 est,
2558 5176 2615 5230 fit
2638 5177 2808 5229 calor.
2842 5177 2954 5230 Cur
2985 5175 3151 5239 igitur
3187 5174 3357 5228 stella:
3395 5186 3574 5241 neque

1986 5268 2160 5339 ignem
2198 5269 2332 5333 sint,
2374 5285 2553 5340 neque
2590 5268 2647 5323 in
2677 5272 2799 5339 igne
2833 5274 3180 5331 moveantur,
3214 5266 3327 5320 base
3349 5280 3379 5317 a
3413 5264 3574 5320 nobis

1984 5357 2129 5410 dicta
2161 5367 2347 5413 sunto.
2377 5378 2395 5409 ι

2060 5453 2118 5509 Si
2149 5470 2213 5510 ex
2242 5454 2435 5509 eadem
2462 5452 2713 5517 materia,
2753 5469 2820 5508 ex
2856 5467 2963 5523 qua
2992 5452 3216 5516 coelum,
3248 5455 3378 5507 sunt
3408 5446 3573 5500 etiam

2058 5633 2172 5705 (54)
2201 5634 2395 5689 Ταῦτα
2420 5629 3040 5705 7dp.Sylhurgiusdum
3070 5636 3225 5699 putat
3258 5626 3573 5705 hujusscrt-

1986 5697 2165 5774 ptdris
2186 5714 2393 5759 textum
2421 5697 2628 5775 {ax—ipso
2642 5697 2955 5781 aristotelis
2967 5697 3125 5781 textu
3149 5697 3571 5781 emendandinn‘,

1987 5766 2214 5844 scripsit
2234 5777 2352 5829 sine
2388 5766 2554 5829 causa
2578 5772 2751 5827 ταῦτα
2783 5772 2894 5844 γὰρ
2921 5771 3080 5844 αὑτά,
3123 5778 3175 5824 et
3206 5785 3331 5824 mox
3361 5768 3421 5821 τὸ
3444 5766 3573 5821 αὐτὸ

1986 5842 2167 5909 τοῦτο,
2193 5853 2248 5898 et
2272 5844 2437 5907 infra,
2464 5845 2735 5914 γίνεταιὴ
2774 5842 3061 5913 θερμότης.

2063 5917 2384 5987 (55)Ὕ.-ῑης.
2421 5914 2579 5971 Deest
2606 5917 2656 5969 in
2681 5913 2813 5984 Reg.
2858 5917 2903 5968 ι.
