3974 6256
361 377 383 426 1
396 373 501 429 555

1097 370 1463 427 APPENDIX.
1488 402 1558 412 —
1584 369 1769 425 PARS
1804 371 1843 425 Ι.
1895 371 1952 427 S.
1990 372 2259 429 JUSTINI
2300 371 2527 428 OPERA
2572 373 2842 431 SPURIA.

3486 376 3632 431 1556

360 500 546 547 astra:
584 487 861 560 quomodo
882 501 991 541 non
1024 460 1223 543 falsum
1250 487 1409 552 illud,
1443 486 1527 541 Ea:
1552 488 1795 545 universa
1820 504 1938 541 ma-

2066 487 2124 551 τὺ,
2156 488 2250 540 Ἐκ
2281 486 2487 555 πάσης
2510 487 2718 558 γέγονε
2745 489 2853 556 τῆς
2879 490 3033 559 ὕλης
3058 491 3091 543 ὁ
3118 488 3395 557 οὐρανός,
3423 492 3519 541 καὶ
3546 490 3632 553 τὸ,

362 585 497 635 teria
524 580 725 649 factum
771 586 851 634 est
890 578 1120 633 caelum?
1167 577 1324 645 Item,
1361 577 1671 632 Universum
1716 579 1945 631 circum-

2066 579 2261 635 Ίᾶσαν
2290 579 2406 648 τὴν
2447 581 2609 648 ὕλην
2635 582 3053 651 περιείληφεη
3094 582 3158 635 Ei
3206 582 3268 634 τὸ
3309 582 3635 652 κινούμενον

362 674 576 742 plexum
601 680 679 726 est
706 670 1028 725 materiam?
1059 669 1117 723 Si
1148 668 1203 723 id
1234 670 1380 741 quod
1417 678 1688 737 movetur,
1706 679 1761 725 et
1792 678 1943 725 motu

2066 674 2142 726 ιαὶ
2171 675 2237 745 τῇ
2285 677 2495 745 κινήσει
2534 675 2897 746 Θερμαντικὸν
2929 675 3119 746 ἐτέρου
3149 675 3502 744 γιγνόμενον,
3540 674 3638 726 ὲάν

363 781 465 819 suo
496 765 752 818 idoneum
786 763 845 818 ﬁt
867 764 933 819 ad
982 763 1132 817 aliud
1171 762 1624 829 calefaciendum,
1656 763 1762 818 nisi
1791 764 1946 834 prius

362 860 538 926 ipsum
569 857 794 926 proprio
814 864 966 910 motu
989 856 1308 920 incalescat,
1338 856 1638 911 calefacere
1667 856 1817 911 aliud
1836 870 1946 910 non

364 959 543 1022 potest
569 970 582 1008 :
632 952 909 1022 quomodo
937 952 1149 1026 sphaera
1198 960 1253 1009 et
1296 969 1417 1023 quae
1446 953 1502 1007 in
1522 967 1587 1011 ea
1623 960 1753 1009 sunt
1774 960 1947 1018 astra,

364 1043 699 1098 calefaciunt
728 1058 830 1101 suo
864 1044 1109 1114 ipsorum
1144 1054 1294 1101 motu
1323 1061 1528 1110 aerem,
1564 1046 1821 1116 eumipsa
1838 1063 1949 1102 non

366 1136 663 1192 ealefiant?
724 1135 780 1191 Si
815 1137 963 1208 quod
1000 1154 1101 1194 suo
1134 1140 1309 1210 ipsius
1335 1146 1487 1193 motu
1542 1138 1950 1195 calefactoriam

367 1227 477 1280 vim
527 1237 767 1293 exercet,
795 1230 845 1283 id
894 1245 1121 1285 necesse
1149 1240 1232 1287 est
1263 1241 1357 1285 aut
1385 1230 1709 1301 gravitatem
1750 1231 1953 1289 habere

368 1328 462 1374 aut
486 1322 762 1376 levitatem
785 1367 799 1389 ,
851 1324 1127 1396 quomodo
1165 1324 1364 1378 malum
1399 1330 1453 1380 et
1495 1339 1617 1393 quae
1646 1325 1702 1378 in
1722 1338 1787 1379 eo
1825 1329 1954 1377 sunt

365 1421 541 1478 astra,
576 1429 701 1467 cum
736 1431 915 1485 neque
944 1416 1265 1485 gravitatem
1298 1416 1537 1470 habeant
1558 1430 1735 1486 neque
1758 1414 1953 1469 levita-

368 1516 498 1571 tem,
524 1505 933 1561 ealefactoriam
968 1508 1075 1561 vim
1108 1509 1402 1564 exercent?
1442 1508 1497 1562 Si
1540 1523 1662 1578 qua:
1705 1507 1953 1563 eamdem

368 1597 572 1651 habent
605 1598 858 1654 mobilem
894 1600 1284 1663 substantiam,
1311 1616 1373 1655 ea
1402 1616 1629 1655 necesse
1659 1607 1742 1653 est
1765 1598 1954 1653 eodem

370 1707 467 1761 per
498 1706 556 1747 se
587 1701 737 1748 motu
773 1693 929 1757 cieri,
963 1708 1071 1747 non
1102 1709 1197 1763 per
1225 1694 1514 1751 accidens:
1545 1692 1820 1763 quomodo
1848 1706 1956 1745 non

368 1799 465 1852 per
489 1784 746 1839 accidens
776 1785 860 1839 sol
904 1794 1175 1849 movetur,
1214 1786 1259 1840 si
1294 1787 1519 1856 sphaerae
1550 1785 1791 1856 illigatus
1826 1784 1954 1838 est?

2051 767 2126 837 μὴ
2154 767 2579 837 προηγουμένως
2604 768 2737 821 αὐτὸ
2762 771 2827 838 τῇ
2859 767 3053 821 ἐαυτοῦ
3082 770 3295 839 κινήσει
3328 767 3637 839 θερμανθῇ,

2049 857 2409 929 Θερμαντικὸν
2459 861 2647 930 ἐτέρου
2697 860 2950 928 γενέσθαι
2996 860 3060 913 οὐ
3106 859 3367 914 δύναται·
3421 859 3543 922 πῶς
3601 862 3639 930 ἡ

2051 955 2256 1023 σφαῖρα
2286 952 2381 1005 καὶ⁹
2406 952 2474 1015 τά
2501 955 2559 1005 ἐν
2588 953 2729 1024 αὐτῇ
2750 954 2925 1024 ἄστρα
2954 953 3308 1025 θερμαίνουσι
3325 956 3391 1023 τῇ
3427 953 3642 1006 ἑαυτῶν

2050 1047 2264 1117 κινήσει
2292 1045 2384 1099 τὸν
2412 1046 2585 1117 ἀέρα,
2632 1046 2771 1099 αύτά
2800 1046 2875 1118 μὴ
2906 1045 3346 1117 ϐερμαινόμενα;
3380 1047 3444 1099 Εἰ
3476 1045 3541 1100 τὺ
3572 1048 3643 1119 τῇ

2053 1138 2247 1192 ἐαυτοῦ
2304 1141 2514 1210 κινήσει
2578 1138 2951 1211 θερμαντικάς
3007 1139 3287 1210 ἐνεργείας
3344 1138 3643 1201 ἐκτελοῦν,

2052 1231 2265 1303 ἀνάγκη
2309 1231 2469 1285 τοῦτο
2498 1234 2535 1305 ἢ
2566 1232 2848 1304 βαρύτητα
2880 1232 3025 1303 ἔχειν
3069 1232 3101 1302 ἢ
3144 1232 3481 1302 κουφότητα·
3520 1230 3644 1295 πῶς

2051 1324 2082 1375 6
2127 1323 2355 1394 οὐρανὸς
2402 1324 2498 1379 καὶ
2526 1323 2595 1376 τά
2640 1325 2698 1375 ἐν
2746 1324 2896 1395 αύτῷ
2937 1325 3113 1396 ἄστρα
3137 1363 3152 1389 ,
3190 1327 3327 1395 μήτε
3359 1324 3644 1396 βαρύτητα

2055 1413 2278 1485 ἔχοντα,
2325 1416 2462 1488 μήτε
2500 1415 2842 1486 κουφότητα,
2886 1416 2985 1480 τάς
3025 1416 3395 1488 θερμαντικάς
3434 1418 3649 1470 ἐκτελεῖ

2057 1508 2367 1579 ἐνεργείας;
2409 1510 2471 1561 Et
2511 1508 2580 1561 τὰ
2619 1508 2717 1579 τὴν
2746 1508 2914 1580 αὐτὴν
2956 1509 3146 1579 ἔχοντα
3177 1511 3401 1580 κινητὴν
3428 1510 3648 1573 ούσίαν,

2056 1601 2265 1664 τούτοις
2301 1600 2516 1671 ἀνάγκη
2546 1601 2643 1673 τὴν
2675 1601 2841 1672 αὐτὴν
2872 1601 2994 1655 καθ’
3028 1602 3161 1654 αὐτὸ
3192 1602 3461 1655 κινεῖσθαι
3490 1603 3650 1673 κίνη-

2061 1710 2180 1757 σιν,
2231 1693 2325 1745 καὶ
2372 1693 2446 1764 μὴ
2497 1693 2639 1746 κατά
2689 1692 3063 1763 συμϐεϐηκός·
3102 1693 3221 1756 πῶς
3268 1694 3370 1747 ούκ
3419 1694 3571 1746 ἐστιν
3619 1696 3651 1746 6

2059 1786 2209 1856 ἥλιος
2258 1786 2401 1840 κατὰ
2449 1786 2795 1857 συμϐεϐηκὸς
2843 1786 3187 1856 κινούμενος,
3222 1788 3271 1839 εἰ
3318 1788 3385 1856 τῇ
3437 1787 3651 1855 σφαίρᾳ

372 1874 572 1931 Eadem
627 1878 770 1934 ratio
801 1884 854 1931 et
910 1878 978 1933 de
1007 1879 1130 1934 aliis
1161 1880 1346 1943 astris,
1378 1879 1424 1933 si
1455 1895 1563 1934 non
1606 1893 1703 1948 per
1733 1892 1794 1932 se
1844 1892 1955 1931 mo-

2066 1846 2352 1943 ὲνδὲδεται;
2383 1878 2493 1930 Καὶ
2522 1846 2591 1930 ἰπε
2601 1878 2651 1949 ρὶ
2831 1846 3012 1931 ἄλλων
3038 1846 3254 1949 ἄστρῶν
3295 1878 3324 1929 6
3360 1846 3530 1940 αὐτός
3558 1846 3651 1927 λόξ-

370 1973 568 2022 ventur
596 1968 829 2021 naturali
863 1984 965 2023 suo
1003 1979 1177 2034 motu,
1208 1972 1303 2025 sed
1337 1985 1435 2041 per
1458 1971 1724 2042 sphaeras,
1754 1970 1956 2041 quibus

373 2058 578 2134 illigata
608 2068 758 2119 sunt.
797 2060 854 2115 Si
888 2063 968 2117 sol
998 2078 1063 2118 ex
1101 2062 1295 2117 eadem
1330 2064 1578 2127 materia,
1608 2079 1672 2118 ex
1709 2077 1817 2133 qua
1844 2077 1959 2117 eoe-

371 2151 507 2213 lum,
544 2167 646 2207 nec
671 2153 992 2222 gravitatem
1041 2170 1141 2209 nec
1173 2155 1450 2210 levitatem
1479 2155 1734 2216 habente,
1772 2170 1836 2209 ac
1866 2170 1957 2209 ro-

372 2247 541 2300 tunda
561 2254 645 2301 est
670 2246 860 2317 ﬁgura,
894 2249 1355 2318 quemadmodum
1382 2256 1436 2304 et
1465 2250 1688 2315 emlum,
1713 2264 1813 2304 cur
1847 2265 1957 2304 non

372 2338 563 2392 eodem
591 2348 823 2410 uterque
856 2340 1019 2395 modo
1043 2351 1313 2402 movetur,
1338 2349 1453 2404 aut,
1489 2342 1954 2410 quemadmodum

373 2430 477 2495 sol,
515 2445 613 2502 per
629 2430 913 2487 adversam
971 2433 1208 2502 partium
1235 2434 1617 2488 obsistentiam
1643 2433 1666 2485 ?
1691 2431 1785 2487 Sin
1821 2435 1958 2488 nihil

374 2528 571 2589 przeter
591 2528 844 2576 naturam
863 2530 947 2579 est
964 2524 1019 2577 in
1036 2524 1122 2591 iis,
1145 2539 1265 2593 quae
1282 2532 1410 2578 sunt
1431 2532 1662 2580 aeterna:
1684 2524 1960 2595 quomodo

375 2627 485 2665 non
523 2622 721 2682 praeter
772 2623 1025 2669 naturam
1057 2622 1161 2680 est,
1212 2624 1272 2669 ut
1309 2632 1471 2687 quem
1505 2627 1712 2670 motum
1758 2617 1959 2687 aliquis

377 2704 539 2757 habet
563 2706 864 2759 secundum
889 2715 1165 2771 naturam,
1191 2723 1256 2761 eo
1288 2724 1395 2761 non
1422 2724 1521 2778 per
1553 2724 1611 2765 se
1650 2717 1955 2775 moveatur,

376 2797 471 2852 sed
506 2812 602 2867 per
662 2798 851 2853 aliud?
885 2799 1171 2855 Moventur
1205 2800 1368 2871 580
1408 2802 1555 2856 enim
1601 2804 1680 2857 sol
1723 2812 1776 2857 et
1811 2810 1961 2860 astra

376 2905 486 2942 non
510 2906 609 2960 per
634 2906 712 2956 se,
752 2891 847 2946 sed
890 2907 987 2962 per
1037 2893 1284 2962 sphaeras
1313 2894 1516 2963 quibus
1567 2904 1695 2949 sunt
1728 2896 1956 2967 illigata.

379 2980 726 3053 Sieutgenita
757 2984 1057 3039 secundum
1089 2986 1354 3039 rationem
1391 2997 1520 3042 sunt
1548 2988 1600 3041 id
1637 2989 1781 3057 quod
1818 2989 1960 3045 facta

380 3081 543 3141 sunt,
601 3075 675 3128 ita
709 3082 764 3129 et
820 3076 1062 3159 ingenita
1095 3079 1397 3133 secundum
1446 3080 1721 3134 rationem
1752 3092 1881 3137 sunt
1906 3084 1960 3139 id

2056 1985 2172 2037 γος,
2208 1970 2255 2021 εί
2288 1968 2362 2041 μὴ
2394 1968 2461 2021 δι’
2496 1969 2703 2023 ἐαυτῶν
2733 1969 3011 2023 κινοῦνται
3042 1969 3141 2032 τὰς
3169 1969 3313 2022 κατά
3346 1969 3512 2038 φύσιν
3546 1970 3651 2020 αύ-

2057 2059 2165 2111 τῶν
2198 2062 2475 2130 κινήσεις,
2512 2059 2647 2112 ἀλλά
2672 2059 2759 2112 διά
2792 2060 2901 2113 τῶν
2928 2060 3173 2131 σφαιρῶν
3206 2057 3294 2123 αἷς
3326 2063 3467 2113 εἰσιν
3501 2060 3653 2113 ὲνδεο

2057 2151 2277 2225 δεμένα.
2313 2153 2377 2205 Εἰ
2411 2155 2476 2205 ἐκ
2503 2153 2603 2224 τῆς
2632 2154 2799 2224 αὐτῆς
2834 2153 2968 2224 ὕλης
2998 2153 3145 2205 ἐστὶν
3174 2154 3202 2204 6
3232 2153 3379 2221 ἥλιος
3406 2148 3475 2224 ἧς
3499 2155 3655 2205 ἐστιν

2058 2246 2086 2297 6
2118 2245 2365 2315 οὐρανὸς,
2387 2245 2487 2315 τῆς
2522 2247 2659 2316 μήτε
2695 2244 2974 2317 βαρύτητα
3000 2247 3136 2316 μήτε
3160 2246 3469 2316 κουφότητα
3491 2245 3653 2315 ἐχούο

2062 2352 2184 2407 σης,
2208 2337 2303 2390 καὶ
2333 2338 2623 2408 σφαιρικὸν
2654 2336 2767 2407 ἔχει
2798 2337 2860 2390 τὺ
2890 2338 3097 2408 σχῆμα,
3125 2337 3315 2408 ὥσπερ
3350 2337 3464 2407 ἔχει
3499 2340 3598 2390 καὶ
3624 2339 3655 2388 6

2060 2428 2288 2499 οὐρανός
2306 2446 2319 2459 ·
2355 2428 2443 2481 διά
2470 2429 2525 2481 τί
2561 2429 2635 2500 μὴ
2662 2429 2925 2493 ὡσαύτως
2957 2429 3233 2491 κινοῦνται
3260 2431 3587 2501 ἀμφότεροι,
3620 2430 3655 2499 ἦ

2062 2521 2204 2575 κατά
2235 2522 2692 2593 ἀντιμετάστασιν
2730 2523 2839 2576 τῶν
2876 2524 3087 2595 μερῶν,
3126 2524 3316 2593 ὥσπερ
3357 2526 3595 2576 κινεῖται
3627 2525 3657 2576 ὁ

2060 2612 2242 2682 ἥλιοςς
2273 2614 2336 2665 Εἰ
2365 2615 2517 2668 οὐδὲν
2549 2614 2701 2686 παρά
2737 2616 2898 2685 φύσιν
2928 2619 2986 2669 ἐν
3012 2618 3125 2679 τοῖς
3153 2615 3373 2681 ἀῖδίοις,
3408 2615 3531 2678 πῶς
3556 2616 3657 2667 οὐκ

2063 2705 2179 2759 ἐστι
2202 2706 2351 2777 παρὰ
2381 2708 2541 2777 φύσιν
2567 2709 2627 2761 τὸ
2655 2709 2754 2780 τὴν
2784 2709 2996 2779 κίνησιν
3024 2709 3091 2777 ἣν
3121 2708 3234 2778 ἕχει
3263 2724 3349 2771 τις
3376 2708 3520 2761 κατά
3545 2708 3652 2777 φύε

2065 2818 2168 2863 σιν,
2191 2800 2392 2871 ταύτην
2424 2802 2497 2872 μὴ
2529 2803 2594 2854 δι’
2627 2802 2819 2855 ἐαυτοῦ
2852 2801 3139 2863 κινεῖσθαι,
3166 2800 3299 2854 ἀλλὰ
3325 2801 3393 2854 δι’
3429 2802 3657 2871 ἐτέρου;

2064 2892 2355 2946 Κινοῦνται
2380 2893 2490 2965 γὰρ
2530 2894 2558 2947 6
2585 2911 2644 2947 τε
2673 2894 2824 2966 ἥλιος
2854 2895 2949 2949 καὶ
2991 2894 3059 2948 τὰ
3092 2896 3266 2966 ἄστρα
3285 2935 3300 2959 ,
3334 2898 3399 2949 ού
3426 2896 3491 2949 δι’
3529 2899 3659 2949 ἐαυ-

2060 2984 2193 3047 τῶν,
2227 2985 2362 3038 ἀλλά
2393 2985 2481 3039 διὰ
2509 2986 2615 3040 τῶν
2641 2987 2886 3059 σφαιρῶν
2919 2989 2977 3040 ἐν
3006 2985 3095 3051 αἶς
3124 2989 3261 3041 εἰσιν
3291 2988 3657 3057 ἐνδεδεμένοι.

2063 3078 2126 3130 Εἰ
2146 3117 2160 3140 ,
2191 3076 2380 3149 ὥσπερ
2411 3078 2479 3131 τά
2511 3079 2715 3150 γενητὰ
2755 3078 2897 3133 κατὰ
2927 3080 3083 3150 λόγον
3117 3083 3263 3134 ἐστὶν
3304 3081 3333 3134 6
3382 3081 3615 3149 γέγονεν
3642 3120 3660 3141 ,

378 3166 523 3234 quod
555 3174 718 3234 sunt;
750 3170 1055 3237 posteriora
1087 3184 1218 3240 ergo
1249 3174 1464 3226 ratione
1510 3173 1770 3242 ingenita.
1802 3175 1957 3242 Quod

2066 3166 2207 3221 οὕτω
2252 3170 2346 3222 κα)⁵
2389 3169 2460 3222 τά
2504 3171 2744 3242 ἀγένητα
2789 3171 2931 3225 κατά
2976 3172 3133 3241 λόγον
3182 3172 3332 3231 ἐστὶν
3377 3173 3406 3225 6
3464 3174 3615 3224 ἐστιν
3642 3188 3653 3199 ’

380 3261 426 3326 si
475 3258 525 3312 id
578 3260 691 3327 fieri
726 3276 833 3316 non
862 3269 1060 3331 potest,
1114 3277 1458 3333 nequaquam
1493 3280 1623 3335 ergo
1660 3269 1960 3323 secundum

380 3353 646 3405 rationem
677 3359 805 3405 sunt.
844 3352 1104 3423 ingenita.
1141 3352 1198 3407 Si
1247 3362 1428 3409 autem
1469 3372 1577 3411 non
1611 3367 1741 3412 sunt
1765 3374 1963 3414 secun-

380 3446 509 3499 dum
534 3448 801 3503 rationem
827 3491 841 3513 ,
877 3450 1154 3521 quomodo
1188 3453 1618 3523 unumquodque
1645 3469 1833 3507 eorum
1862 3455 1965 3508 uli-

382 3538 510 3605 liter
537 3548 623 3594 est
655 3541 705 3593 id
738 3544 882 3612 quod
910 3550 1013 3607 est,
1050 3552 1102 3598 et
1132 3544 1295 3606 habet
1316 3544 1369 3599 id
1403 3546 1548 3615 quod
1580 3546 1766 3608 habet,
1798 3554 1851 3599 et
1879 3547 1961 3607 fa-

381 3632 456 3689 cit
479 3631 532 3686 id
565 3633 709 3701 quod
744 3632 905 3699 facit?
934 3633 1066 3699 Quae
1103 3634 1248 3689 enim
1290 3636 1499 3690 utiliter
1542 3636 1838 3700 exsistunt,
1871 3651 1962 3689 ra-

381 3723 549 3777 tionis
578 3732 632 3777 et
686 3723 1038 3797 providentiae
1083 3734 1211 3794 sunt
1258 3740 1445 3796 opera.
1476 3724 1532 3780 Si
1567 3728 1766 3797 genitis
1800 3726 1963 3781 rebus

385 3814 704 3882 adjunctum
737 3821 843 3878 est,
903 3821 961 3881 ut
992 3830 1056 3869 ex
1090 3802 1307 3881 ratione
1336 3818 1446 3872 sint
1474 3825 1527 3872 et
1562 3818 1788 3872 materia
1815 3836 1829 3884 ;
1856 3832 1963 3872 non

383 3922 513 3976 ergo
546 3923 611 3961 ex
645 3908 857 3963 ratione
882 3919 934 3963 et
962 3910 1190 3963 materia
1220 3918 1350 3963 sunt
1383 3910 1643 3980 ingenita.
1675 3912 1964 3981 Quomodo

385 4016 517 4070 ergo
547 4000 786 4070 ingenita
838 4003 1060 4064 cmlum,
1116 4010 1169 4065 et
1219 4018 1339 4073 quae
1369 4003 1423 4056 in
1454 4020 1519 4060 eo
1567 3990 1771 4068 omnia,
1812 4013 1866 4060 et
1899 4022 1965 4060 ex

385 4093 598 4148 ratione
651 4100 704 4147 et
738 4095 999 4149 materia?
1043 4094 1122 4161 Si,
1152 4105 1211 4152 ut
1236 4098 1375 4154 dixit
1414 4098 1761 4167 Aristoteles,
1792 4098 1847 4152 in
1876 4099 1964 4163 iis,

384 4199 507 4253 quae
559 4192 761 4239 aeterna
812 4193 961 4247 sunt,
999 4186 1133 4239 nihil
1166 4186 1367 4257 frustra
1399 4198 1507 4254 est,
1562 4204 1738 4258 neque
1768 4196 1968 4261 prteter

385 4261 639 4330 naturam
666 4295 678 4331 :
705 4279 978 4348 quomodo
1000 4279 1068 4333 ab
1095 4280 1185 4345 iis,
1212 4296 1334 4350 qua:
1362 4280 1498 4349 dixit
1526 4282 1592 4336 de
1624 4282 1757 4345 solis
1789 4288 1963 4344 motu,

385 4378 676 4447 utrumque
705 4371 885 4425 evenit
916 4371 1039 4433 soli,
1071 4378 1125 4426 et
1157 4372 1210 4443 id
1234 4371 1377 4443 quod
1407 4370 1609 4427 frustra
1643 4380 1725 4425 cst
1747 4384 1798 4427 et
1820 4372 1965 4442 quod

384 4474 580 4532 praeter
602 4464 896 4517 naturam?
936 4462 1069 4517 Nam
1110 4464 1155 4520 si
1188 4464 1272 4517 sel
1297 4464 1533 4529 moventi
1566 4465 1716 4525 illum
1744 4465 1969 4535 sphaera:

2068 3260 2270 3333 ὕστερα
2297 3262 2404 3333 ἄρα
2434 3261 2530 3315 τοῦ
2559 3263 2718 3331 λόγου
2748 3264 2816 3317 τὰ
2847 3265 3052 3335 γενητά
3070 3268 3137 3320 η.
3167 3266 3229 3317 Εἰ
3260 3265 3316 3317 δὲ
3343 3263 3503 3317 τοῦτο
3531 3263 3659 3316 ἁδύ-

2066 3371 2261 3419 νατον,
2307 3355 2408 3408 οὐκ
2456 3354 2565 3426 ἄρα
2615 3354 2759 3407 κατά
2798 3354 2953 3423 λόγον
2997 3355 3114 3408 ἐστὶ
3144 3354 3215 3408 τά
3265 3356 3526 3424 ἀγένητα.
3564 3354 3662 3424 Μὴ

2066 3446 2234 3500 ὄντων
2284 3448 2341 3501 δὲ
2382 3449 2560 3501 αὐτῶν
2602 3447 2745 3501 κατὰ
2790 3449 2971 3517 λόγον,
3021 3449 3140 3514 πῶς
3187 3450 3419 3509 ἕκαστον
3471 3448 3659 3504 αὐτῶν

2068 3541 2341 3612 χρειωδῶς
2376 3543 2522 3593 ἐστιν
2548 3542 2575 3594 6
2605 3543 2720 3594 ἐστι
2745 3582 2759 3606 ,
2794 3542 2890 3595 καὶ
2930 3542 3042 3613 ἔχει
3081 3543 3110 3595 ὃ
3143 3541 3252 3611 ἔχει
3275 3582 3289 3605 ,
3321 3542 3416 3594 καὶ
3450 3544 3599 3593 ποιεῖ
3628 3542 3664 3601 δ

2067 3636 2243 3699 ποιεῖς
2279 3634 2347 3687 τὰ
2377 3634 2484 3705 γάρ
2510 3634 2784 3705 χρειωδῶς
2816 3635 2966 3699 ὄντα,
3000 3634 3156 3704 λόγου
3184 3652 3244 3687 τε
3277 3636 3369 3687 καὶ
3400 3632 3659 3704 προνοίας

2071 3728 2217 3783 ἐστὶν
2246 3726 2401 3797 ἔργα.
2443 3729 2506 3780 Ei
2540 3727 2825 3781 ἀκολουθεῖ
2869 3731 2984 3792 τοῖς
3023 3730 3270 3799 γενητοῖς
3297 3728 3358 3780 τὺ
3388 3728 3453 3780 ἐκ
3490 3726 3663 3795 λόγου

2070 3813 2209 3870 εἷναι
2242 3820 2335 3871 καὶ
2369 3817 2501 3888 ὖλης
2520 3858 2534 3881 ,
2582 3819 2683 3870 οὐκ
2722 3816 2831 3889 ἀρα
2861 3818 2927 3871 ἐκ
2961 3818 3119 3886 λόγου
3149 3818 3243 3870 καὶ
3271 3816 3403 3887 ὕλης
3429 3817 3497 3869 τὰ
3525 3816 3661 3884 ἀγέ-

2070 3926 2225 3987 νητα.
2250 3910 2375 3973 Πῶς
2404 3906 2497 3965 οὖν
2530 3909 2772 3982 ἀγένητα
2797 3910 2825 3961 6
2852 3926 2910 3961 τε
2937 3908 3185 3980 οὐρανὸς,
3203 3909 3298 3961 καὶ
3323 3909 3390 3960 τὰ
3415 3909 3471 3959 ἐν
3502 3907 3663 3976 αὐτῷ

2071 4003 2270 4062 πάντα,
2306 4004 2397 4055 καὶ
2430 4001 2575 4058 ἔστιν
2604 4002 2669 4056 ἐκ
2700 4002 2859 4070 λόγου
2892 4002 2986 4053 καὶ
3018 4000 3189 4070 ὓλης;
3222 4000 3306 4061 El,
3330 3998 3473 4052 καθά
3500 3994 3661 4051 εἶπεν

2069 4094 2098 4145 6
2138 4091 2550 4163 Ἀριστοτέλης,
2607 4093 2665 4144 ἐν
2708 4094 2823 4153 τοῖς
2866 4089 3057 4153 ἀϊδίοις
3105 4088 3259 4141 οὐδὲν
3309 4088 3485 4158 μάτην
3534 4086 3661 4140 οὐδὲ

2070 4186 2224 4257 παρά
2273 4189 2465 4254 φύσινο
2504 4184 2623 4248 πῶς
2654 4184 2748 4254 ἀφ’
2782 4180 2857 4237 ὧν
2903 4178 3022 4237 εἶπε
3068 4183 3196 4254 περὶ
3240 4182 3337 4252 τῆς
3369 4180 3464 4233 τοῦ
3499 4181 3659 4250 ἡλίου

2072 4280 2335 4347 κινήσεως
2369 4275 2655 4345 συμϐαίνει
2695 4275 2771 4346 τῷ
2805 4274 2941 4346 ἡλίῳ
2975 4275 3290 4346 ἀμφότερα,
3327 4273 3421 4324 καὶ
3449 4270 3511 4323 τὸ
3549 4271 3661 4339 μά-

2070 4386 2169 4445 την
2216 4367 2310 4419 καὶ
2341 4367 2402 4419 τὸ
2444 4364 2597 4436 παρά
2643 4364 2841 4433 φύσιν;
2888 4364 2951 4417 Εἰ
2991 4363 3100 4433 γὰρ
3133 4362 3226 4415 τοῦ
3268 4360 3420 4431 ἡλίου
3459 4362 3529 4431 τῇ
3573 4378 3661 4414 κι-

2071 4459 2234 4529 νούσῃ
2261 4458 2422 4513 αὐτὸν
2453 4456 2659 4528 σφαίρᾳ
2696 4456 2770 4527 μὴ
2805 4455 3149 4528 ἐνδεδεμένον
3180 4454 3278 4527 τὴν
3313 4452 3481 4524 αὐτὴν
3514 4451 3663 4505 κατὰ

384 4572 494 4609 non
532 4557 786 4629 alligatus
817 4556 1005 4611 eodem
1032 4557 1333 4612 secundum
1368 4566 1625 4627 naturam
1654 4567 1959 4613 moveretur

2071 4550 2233 4620 φύσιν
2266 4550 2499 4619 ἐκινεῖτο
2532 4548 2743 4620 κίνησιν
2778 4548 2844 4619 ἥν
2878 4546 2974 4602 νῦν
3008 4550 3268 4601 κινεῖται·
3307 4545 3425 4610 πῶς
3456 4546 3519 4597 ού
3562 4544 3665 4615 μά-

385 4654 559 4721 niotu,
576 4664 687 4717 quo
710 4664 854 4702 nunc
873 4656 1139 4712 movetur,
1164 4647 1438 4721 quomodo
1452 4664 1558 4703 non
1573 4647 1776 4723 frustra
1792 4650 1966 4720 illiga-

383 4750 475 4795 tus
492 4750 573 4795 est
591 4740 1007 4815 sphaeraﬁQuod
1030 4742 1075 4796 si
1102 4726 1209 4795 non
1244 4741 1350 4796 hoc
1379 4742 1681 4797 secundum
1710 4753 1965 4813 naturam

384 4837 716 4898 moveretur,
751 4830 844 4891 sed
874 4831 982 4885 alio
1015 4839 1109 4885 aut
1132 4832 1437 4903 quantitate
1464 4838 1558 4884 aut
1587 4833 1852 4904 qualitate
1878 4834 1965 4888 di-

384 4939 564 4993 verso:
594 4925 868 4997 quomodo
892 4939 998 4999 non
1021 4933 1217 4995 praeter
1240 4932 1490 4978 naturam
1509 4940 1655 4978 nunc
1691 4927 1969 4981 movetur?

558 5016 647 5069 56.
680 5016 763 5068 Ea:
789 5019 967 5071 eodem
996 5020 1154 5080 libro,
1188 5019 1345 5081 ibid.,
1377 5033 1428 5071 c.
1456 5017 1508 5083 8,
1535 5031 1589 5089 p.
1622 5014 1748 5089 289.

462 5120 480 5149 α
512 5100 687 5155 Orbes
715 5101 935 5183 quidem
985 5109 1294 5167 moventur,
1330 5103 1501 5172 stella:
1546 5096 1733 5158 autem
1769 5104 1968 5174 quietae

385 5203 536 5258 sunt,
570 5195 907 5263 orbibusque
934 5194 1199 5250 devinctae
1227 5194 1496 5251 feruntur.
1528 5214 1547 5247 )

457 5284 513 5339 Si
548 5294 744 5339 natura
794 5287 847 5339 in
906 5287 1135 5342 orbibus
1184 5287 1355 5341 stellae
1405 5288 1717 5356 quiescunt,
1762 5287 1967 5351 frustra

382 5375 611 5445 orbibus
658 5384 790 5430 sunt
843 5376 1129 5431 devinctae.
1160 5375 1255 5431 Sin
1300 5386 1498 5447 praeter
1532 5388 1782 5433 naturam
1820 5379 1971 5455 quie-

384 5478 569 5533 scunt,
613 5485 808 5539 nempe
838 5484 933 5539 per
968 5469 1076 5522 vim
1103 5454 1418 5538 quiescunt.
1444 5469 1582 5523 Atin
1620 5470 1783 5526 rebus
1812 5482 1959 5526 teter-

385 5564 471 5617 nis
500 5562 637 5615 nihil
672 5562 755 5615 vel
788 5561 991 5616 frustra
1024 5568 1128 5627 est,
1150 5560 1233 5614 vel
1249 5567 1446 5629 prseter
1475 5569 1749 5623 naturam.
1782 5562 1968 5632 Itaque

386 5655 704 5711 Aristoteles
768 5657 1037 5710 rationem
1092 5665 1274 5710 motus
1305 5655 1545 5711 siderum
1582 5672 1688 5711 non
1738 5658 1962 5721 invenit.

454 5817 495 5859 ῗ²
532 5814 655 5885 1.0g.
692 5816 757 5869 τὰ
793 5815 1052 5889 ἀγένητα.

2067 4660 2166 4715 την
2207 4641 2430 4712 ἐνεδέθη
2477 4644 2544 4713 τῇ
2597 4641 2838 4712 σφαίρῃ
2888 4641 2951 4693 Εἰ
2982 4639 3037 4692 δὲ
3076 4640 3150 4709 μὴ
3186 4639 3388 4709 ταύτην
3423 4638 3663 4690 ἐκινεῖτο

2068 4736 2209 4790 κατά
2261 4734 2457 4805 φύσιν,
2510 4734 2624 4789 ἀλλ’
2673 4733 2867 4804 ἑτέραν
2923 4731 3077 4804 παρὰ
3126 4732 3363 4801 ταύτην,
3412 4730 3522 4782 εἴτε
3576 4725 3661 4798 τῷ

2069 4827 2220 4898 ποσῷ
2254 4822 2365 4881 εἴτε
2413 4827 2489 4900 τῷ
2531 4825 2705 4903 ποιῷ’
2745 4812 2863 4888 ττῶς
2908 4825 2969 4878 οὐ
3021 4825 3170 4895 παρά
3216 4823 3377 4892 φύσιν
3419 4822 3656 4875 κινεῖται

2067 4910 2203 4985 νῦνζ
2650 4908 2655 4916 ’

2584 5012 2677 5065 Ἐκ
2712 5010 2818 5064 τοῦ
2847 5008 3032 5064 αὐτοῦ
3057 5008 3262 5077 λόγου.

2147 5123 2165 5156 ι
2204 5106 2342 5169 Τοὺς
2379 5105 2478 5179 μὲν
2512 5102 2744 5172 κύκλους
2779 5101 3077 5163 κινεῖσθαι,
3113 5098 3181 5152 τὰ
3214 5098 3269 5150 δὲ
3304 5096 3483 5167 ἄστρα
3517 5096 3655 5167 ἠρε-

2074 5200 2213 5268 μεῖν,
2252 5198 2345 5250 καὶ
2372 5195 2686 5266 ἐνδεδεμένα
2716 5197 2827 5258 τοῖς
2860 5193 3081 5255 κύκλοις
3114 5189 3397 5262 φέρεσθαι.
3435 5207 3453 5237 ι

2143 5289 2205 5340 Εἰ
2229 5288 2326 5358 μὲν
2348 5286 2486 5341 κατά
2507 5286 2667 5356 φύσιν
2694 5286 2895 5355 ἠρεμεῖ
2913 5285 2970 5336 ἐν
2988 5285 3098 5345 τοῖς
3121 5281 3341 5342 κύκλοις
3361 5280 3429 5332 τὰ
3456 5276 3658 5349 ἄστρα,

2076 5382 2252 5451 μάτην
2285 5381 2549 5433 ἐνδέδεται
2582 5382 2697 5443 τοῖς
2730 5378 2977 5449 κύκλοις⁸
3000 5380 3048 5429 εί
3078 5378 3136 5429 δὲ
3168 5374 3321 5446 παρά
3352 5373 3517 5443 φύσιν
3536 5377 3663 5445 ἡρε-

2075 5476 2184 5545 μεί,
2213 5472 2452 5545 δηλονότι
2488 5472 2579 5543 βίᾳ.
2605 5472 2820 5542 ἠρεμεῖ.
2862 5469 3020 5522 Ἀλλὰ
3054 5470 3111 5520 ἐν
3143 5469 3257 5529 τοῖς
3283 5467 3475 5530 ἀϊδίοις
3501 5468 3662 5520 οὐθὲν

2072 5564 2195 5617 οὔτε
2232 5564 2409 5635 μάτην
2435 5565 2561 5617 οὔτε
2591 5562 2741 5634 παρά
2769 5562 2951 5633 φύσιν.
2989 5562 3105 5615 Οὐκ
3134 5561 3240 5632 ἄρα
3269 5556 3430 5632 εὗρεν
3459 5564 3487 5613 6
3514 5565 3665 5631 Ἀρι-

2076 5658 2327 5730 στοτέλης
2363 5658 2449 5723 τὸν
2488 5657 2614 5733 περὶ
2637 5656 2736 5727 τῆς
2768 5654 2876 5708 τῶν
2910 5656 3128 5729 ἄστρων
3160 5654 3431 5724 κινήσεως
3465 5653 3625 5723 λόγον
3645 5671 3658 5682 ”
