  <div class='ocr_page' id='page_1' title='image "/cluster/home/n/w/nwhite01/storage/ocr_20150623/6/mdp.39015004289917/806.png"; bbox 0 0 3974 6256; ppageno 0'>
   <div class='ocr_carea' id='block_1_1' title="bbox 307 383 442 439">
    <p class='ocr_par' dir='ltr' id='par_1_1' title="bbox 307 383 442 439">
     <span class='ocr_line' id='line_1_1' title="bbox 307 383 442 439; baseline -0.015 -1"><span class='ocrx_word' id='word_1_1' title='bbox 307 383 442 439; x_wconf 74' lang='grc'><strong>1557</strong></span> 
     </span>
    </p>
   </div>
   <div class='ocr_carea' id='block_1_2' title="bbox 979 374 2856 450">
    <p class='ocr_par' dir='ltr' id='par_1_2' title="bbox 979 374 2856 450">
     <span class='ocr_line' id='line_1_2' title="bbox 979 374 2856 450; baseline 0 -15"><span class='ocrx_word' id='word_1_2' title='bbox 979 380 1427 440; x_wconf 75' lang='lat' dir='ltr'><strong>CONFUTA&#39;I’IO</strong></span> <span class='ocrx_word' id='word_1_3' title='bbox 1463 381 1911 450; x_wconf 76' lang='lat' dir='ltr'><strong>QUORUMDAM</strong></span> <span class='ocrx_word' id='word_1_4' title='bbox 1950 378 2408 437; x_wconf 66' lang='lat' dir='ltr'><strong>ARISTOTELIS</strong></span> <span class='ocrx_word' id='word_1_5' title='bbox 2446 374 2856 435; x_wconf 74' lang='lat' dir='ltr'><strong>DOGMATUM.</strong></span> 
     </span>
    </p>
   </div>
   <div class='ocr_carea' id='block_1_3' title="bbox 3432 380 3567 436">
    <p class='ocr_par' dir='ltr' id='par_1_3' title="bbox 3432 380 3567 436">
     <span class='ocr_line' id='line_1_3' title="bbox 3432 380 3567 436; baseline 0.015 -2"><span class='ocrx_word' id='word_1_6' title='bbox 3432 380 3567 436; x_wconf 76' lang='grc'><strong>1558</strong></span> 
     </span>
    </p>
   </div>
   <div class='ocr_carea' id='block_1_4' title="bbox 305 484 1897 571">
    <p class='ocr_par' dir='ltr' id='par_1_4' title="bbox 305 494 1891 571">
     <span class='ocr_line' id='line_1_4' title="bbox 305 494 1891 571; baseline -0.001 -18"><span class='ocrx_word' id='word_1_7' title='bbox 305 501 449 553; x_wconf 73' lang='grc' dir='ltr'>ἀΐδια</span> <span class='ocrx_word' id='word_1_8' title='bbox 482 497 594 570; x_wconf 75' lang='grc' dir='ltr'>γὰρ</span> <span class='ocrx_word' id='word_1_9' title='bbox 617 496 766 566; x_wconf 75' lang='grc' dir='ltr'>λέγει</span> <span class='ocrx_word' id='word_1_10' title='bbox 798 496 867 552; x_wconf 84' lang='grc' dir='ltr'>τὰ</span> <span class='ocrx_word' id='word_1_11' title='bbox 900 498 1117 571; x_wconf 59' lang='grc' dir='ltr'>ἄστραι</span> <span class='ocrx_word' id='word_1_12' title='bbox 1146 499 1240 554; x_wconf 71' lang='grc' dir='ltr'><strong>καὶ</strong></span> <span class='ocrx_word' id='word_1_13' title='bbox 1276 500 1341 554; x_wconf 88' lang='grc' dir='ltr'>ἐν·</span> <span class='ocrx_word' id='word_1_14' title='bbox 1363 494 1445 564; x_wconf 81' lang='grc' dir='ltr'>οἷς</span> <span class='ocrx_word' id='word_1_15' title='bbox 1477 494 1598 553; x_wconf 75' lang='grc' dir='ltr'>εἶπε</span> <span class='ocrx_word' id='word_1_16' title='bbox 1630 500 1758 570; x_wconf 73' lang='grc' dir='ltr'>περὶ</span> <span class='ocrx_word' id='word_1_17' title='bbox 1789 497 1891 568; x_wconf 84' lang='grc' dir='ltr'>τῆς</span> 
     </span>
    </p>
   </div>
   <div class='ocr_carea' id='block_1_5' title="bbox 2004 484 3571 571">
    <p class='ocr_par' dir='ltr' id='par_1_5' title="bbox 2004 484 3571 565">
     <span class='ocr_line' id='line_1_5' title="bbox 2004 484 3571 565; baseline -0.001 -14"><span class='ocrx_word' id='word_1_18' title='bbox 2004 496 2223 551; x_wconf 67' lang='grc' dir='ltr'>Ειεηια</span> <span class='ocrx_word' id='word_1_19' title='bbox 2272 509 2509 565; x_wconf 86' lang='lat' dir='ltr'><strong>namque</strong></span> <span class='ocrx_word' id='word_1_20' title='bbox 2545 508 2611 548; x_wconf 88' lang='lat' dir='ltr'><strong>ea</strong></span> <span class='ocrx_word' id='word_1_21' title='bbox 2647 508 2771 549; x_wconf 86' lang='lat' dir='ltr'><strong>esse</strong></span> <span class='ocrx_word' id='word_1_22' title='bbox 2819 484 3054 560; x_wconf 86' lang='lat' dir='ltr'><strong>asserit,</strong></span> <span class='ocrx_word' id='word_1_23' title='bbox 3080 502 3135 549; x_wconf 91' lang='lat' dir='ltr'><strong>et</strong></span> <span class='ocrx_word' id='word_1_24' title='bbox 3157 493 3213 548; x_wconf 90' lang='lat' dir='ltr'><strong>in</strong></span> <span class='ocrx_word' id='word_1_25' title='bbox 3240 491 3331 559; x_wconf 91' lang='lat' dir='ltr'><strong>iis,</strong></span> <span class='ocrx_word' id='word_1_26' title='bbox 3356 509 3478 565; x_wconf 82' lang='lat' dir='ltr'><strong>quae</strong></span> <span class='ocrx_word' id='word_1_27' title='bbox 3503 492 3571 549; x_wconf 89' lang='lat' dir='ltr'><strong>de</strong></span> 
     </span>
    </p>
   </div>
   <div class='ocr_carea' id='block_1_6' title="bbox 303 587 1889 660">
    <p class='ocr_par' dir='ltr' id='par_1_6' title="bbox 303 587 1889 660">
     <span class='ocr_line' id='line_1_6' title="bbox 303 587 1889 660; baseline -0.002 -17"><span class='ocrx_word' id='word_1_28' title='bbox 303 590 484 643; x_wconf 82' lang='grc' dir='ltr'>αὐτῶν</span> <span class='ocrx_word' id='word_1_29' title='bbox 514 589 780 659; x_wconf 78' lang='grc' dir='ltr'>κινήσεως</span> <span class='ocrx_word' id='word_1_30' title='bbox 802 629 816 653; x_wconf 89' lang='grc'><strong>,</strong></span> <span class='ocrx_word' id='word_1_31' title='bbox 852 589 1139 660; x_wconf 84' lang='grc' dir='ltr'>ἀμφότερα</span> <span class='ocrx_word' id='word_1_32' title='bbox 1170 590 1451 659; x_wconf 89' lang='grc' dir='ltr'>φαίνεται,</span> <span class='ocrx_word' id='word_1_33' title='bbox 1481 588 1539 641; x_wconf 86' lang='grc' dir='ltr'>τὺ</span> <span class='ocrx_word' id='word_1_34' title='bbox 1575 589 1750 659; x_wconf 82' lang='grc' dir='ltr'><strong>μάτην</strong></span> <span class='ocrx_word' id='word_1_35' title='bbox 1793 587 1889 640; x_wconf 75' lang='grc' dir='ltr'>καὶ</span> 
     </span>
    </p>
   </div>
   <div class='ocr_carea' id='block_1_7' title="bbox 303 679 1890 753">
    <p class='ocr_par' dir='ltr' id='par_1_7' title="bbox 303 679 1890 753">
     <span class='ocr_line' id='line_1_7' title="bbox 303 679 1890 753; baseline -0.002 -19"><span class='ocrx_word' id='word_1_36' title='bbox 303 680 457 753; x_wconf 85' lang='grc' dir='ltr'><strong>παρά</strong></span> <span class='ocrx_word' id='word_1_37' title='bbox 495 681 677 750; x_wconf 79' lang='grc' dir='ltr'>φύσιν.</span> <span class='ocrx_word' id='word_1_38' title='bbox 712 680 775 732; x_wconf 81' lang='grc' dir='ltr'>Εἰ</span> <span class='ocrx_word' id='word_1_39' title='bbox 804 680 950 734; x_wconf 77' lang='grc' dir='ltr'>ἀΐδια</span> <span class='ocrx_word' id='word_1_40' title='bbox 983 682 1082 751; x_wconf 77' lang='grc' dir='ltr'><strong>μὲν</strong></span> <span class='ocrx_word' id='word_1_41' title='bbox 1111 681 1181 736; x_wconf 80' lang='grc' dir='ltr'>τὰ</span> <span class='ocrx_word' id='word_1_42' title='bbox 1208 680 1417 751; x_wconf 78' lang='grc' dir='ltr'>ἄστρα,</span> <span class='ocrx_word' id='word_1_43' title='bbox 1451 679 1619 742; x_wconf 74' lang='grc' dir='ltr'>ἀΐδιος</span> <span class='ocrx_word' id='word_1_44' title='bbox 1645 679 1703 732; x_wconf 86' lang='grc' dir='ltr'><strong>δέ</strong></span> <span class='ocrx_word' id='word_1_45' title='bbox 1735 679 1829 731; x_wconf 77' lang='grc' dir='ltr'><strong>καὶ</strong></span> <span class='ocrx_word' id='word_1_46' title='bbox 1862 681 1890 732; x_wconf 87' lang='grc' dir='ltr'>ὁ</span> 
     </span>
    </p>
   </div>
   <div class='ocr_carea' id='block_1_8' title="bbox 301 765 1888 845">
    <p class='ocr_par' dir='ltr' id='par_1_8' title="bbox 301 765 1888 845">
     <span class='ocr_line' id='line_1_8' title="bbox 301 765 1888 845; baseline -0.001 -19"><span class='ocrx_word' id='word_1_47' title='bbox 301 773 531 844; x_wconf 82' lang='grc' dir='ltr'>οὐρανὸς</span> <span class='ocrx_word' id='word_1_48' title='bbox 559 774 617 824; x_wconf 85' lang='grc' dir='ltr'><strong>ἐν</strong></span> <span class='ocrx_word' id='word_1_49' title='bbox 640 765 684 839; x_wconf 86' lang='grc' dir='ltr'>ᾧ</span> <span class='ocrx_word' id='word_1_50' title='bbox 712 772 831 824; x_wconf 79' lang='grc' dir='ltr'>ἐστὶ</span> <span class='ocrx_word' id='word_1_51' title='bbox 861 771 932 825; x_wconf 86' lang='grc' dir='ltr'>τὰ</span> <span class='ocrx_word' id='word_1_52' title='bbox 963 773 1146 845; x_wconf 85' lang='grc' dir='ltr'>ἄστρα</span> <span class='ocrx_word' id='word_1_53' title='bbox 1173 773 1452 844; x_wconf 80' lang='grc' dir='ltr'><strong>δεδεμένα,</strong></span> <span class='ocrx_word' id='word_1_54' title='bbox 1475 773 1571 826; x_wconf 78' lang='grc' dir='ltr'>καὶ</span> <span class='ocrx_word' id='word_1_55' title='bbox 1595 772 1729 835; x_wconf 85' lang='grc' dir='ltr'>Θεὸς</span> <span class='ocrx_word' id='word_1_56' title='bbox 1754 771 1888 825; x_wconf 76' lang='grc' dir='ltr'>ἐκα-</span> 
     </span>
    </p>
   </div>
   <div class='ocr_carea' id='block_1_9' title="bbox 304 863 1892 937">
    <p class='ocr_par' dir='ltr' id='par_1_9' title="bbox 304 863 1892 937">
     <span class='ocr_line' id='line_1_9' title="bbox 304 863 1892 937; baseline -0.002 -19"><span class='ocrx_word' id='word_1_57' title='bbox 304 880 429 918; x_wconf 84' lang='grc' dir='ltr'>στον</span> <span class='ocrx_word' id='word_1_58' title='bbox 460 864 643 919; x_wconf 82' lang='grc' dir='ltr'>αὐτῶν</span> <span class='ocrx_word' id='word_1_59' title='bbox 690 865 1155 937; x_wconf 73' lang='grc' dir='ltr'>προσηγόρευται-</span> <span class='ocrx_word' id='word_1_60' title='bbox 1210 866 1327 930; x_wconf 83' lang='grc' dir='ltr'><strong>πῶς</strong></span> <span class='ocrx_word' id='word_1_61' title='bbox 1358 867 1459 920; x_wconf 86' lang='grc' dir='ltr'><strong>οὐκ</strong></span> <span class='ocrx_word' id='word_1_62' title='bbox 1491 866 1599 918; x_wconf 79' lang='grc' dir='ltr'>εἰσὶ</span> <span class='ocrx_word' id='word_1_63' title='bbox 1643 864 1755 917; x_wconf 79' lang='grc' dir='ltr'>θεοὶ</span> <span class='ocrx_word' id='word_1_64' title='bbox 1788 863 1892 916; x_wconf 79' lang='grc' dir='ltr'>ὐπὸ</span> 
     </span>
    </p>
   </div>
   <div class='ocr_carea' id='block_1_10' title="bbox 302 955 1891 1029">
    <p class='ocr_par' dir='ltr' id='par_1_10' title="bbox 302 955 1891 1029">
     <span class='ocr_line' id='line_1_10' title="bbox 302 955 1891 1029; baseline 0.001 -20"><span class='ocrx_word' id='word_1_65' title='bbox 302 955 449 1010; x_wconf 73' lang='grc' dir='ltr'>θεῶν»</span> <span class='ocrx_word' id='word_1_66' title='bbox 479 955 804 1026; x_wconf 81' lang='grc' dir='ltr'>συρό’μενοι;</span> <span class='ocrx_word' id='word_1_67' title='bbox 848 956 929 1009; x_wconf 88' lang='grc' dir='ltr'>Τὰ</span> <span class='ocrx_word' id='word_1_68' title='bbox 960 958 1068 1028; x_wconf 81' lang='grc' dir='ltr'><strong>γὰρ</strong></span> <span class='ocrx_word' id='word_1_69' title='bbox 1109 957 1187 1029; x_wconf 80' lang='grc' dir='ltr'>τῷ</span> <span class='ocrx_word' id='word_1_70' title='bbox 1235 957 1536 1029; x_wconf 84' lang='grc' dir='ltr'><strong>κινουμένῳ</strong></span> <span class='ocrx_word' id='word_1_71' title='bbox 1577 957 1891 1027; x_wconf 85' lang='grc' dir='ltr'>ἐνδεδεμένα</span> 
     </span>
    </p>
   </div>
   <div class='ocr_carea' id='block_1_11' title="bbox 302 1048 1892 1121">
    <p class='ocr_par' dir='ltr' id='par_1_11' title="bbox 302 1048 1892 1121">
     <span class='ocr_line' id='line_1_11' title="bbox 302 1048 1892 1121; baseline 0.002 -21"><span class='ocrx_word' id='word_1_72' title='bbox 302 1048 623 1118; x_wconf 86' lang='grc' dir='ltr'>συρομένως</span> <span class='ocrx_word' id='word_1_73' title='bbox 669 1052 919 1103; x_wconf 83' lang='grc' dir='ltr'>κινεῖται.</span> <span class='ocrx_word' id='word_1_74' title='bbox 956 1051 1021 1102; x_wconf 83' lang='grc' dir='ltr'><strong>Εἰ</strong></span> <span class='ocrx_word' id='word_1_75' title='bbox 1056 1050 1190 1121; x_wconf 84' lang='grc' dir='ltr'>ἄλλη</span> <span class='ocrx_word' id='word_1_76' title='bbox 1222 1052 1256 1121; x_wconf 81' lang='grc' dir='ltr'>ὴ</span> <span class='ocrx_word' id='word_1_77' title='bbox 1300 1050 1546 1115; x_wconf 89' lang='grc' dir='ltr'>σύνθεσις</span> <span class='ocrx_word' id='word_1_78' title='bbox 1580 1051 1768 1115; x_wconf 82' lang='grc' dir='ltr'><strong>οὐσίας</strong></span> <span class='ocrx_word' id='word_1_79' title='bbox 1813 1050 1892 1121; x_wconf 82' lang='grc' dir='ltr'>(ἐξ</span> 
     </span>
    </p>
   </div>
   <div class='ocr_carea' id='block_1_12' title="bbox 302 1139 1887 1216">
    <p class='ocr_par' dir='ltr' id='par_1_12' title="bbox 302 1139 1887 1216">
     <span class='ocr_line' id='line_1_12' title="bbox 302 1139 1887 1216; baseline 0.003 -24"><span class='ocrx_word' id='word_1_80' title='bbox 302 1139 436 1212; x_wconf 77' lang='grc' dir='ltr'>ὕλης</span> <span class='ocrx_word' id='word_1_81' title='bbox 470 1141 579 1212; x_wconf 85' lang='grc' dir='ltr'>γὰρ</span> <span class='ocrx_word' id='word_1_82' title='bbox 610 1143 704 1196; x_wconf 81' lang='grc' dir='ltr'>καὶ</span> <span class='ocrx_word' id='word_1_83' title='bbox 730 1141 945 1215; x_wconf 78' lang='grc' dir='ltr'>εἴδους),</span> <span class='ocrx_word' id='word_1_84' title='bbox 998 1145 1093 1198; x_wconf 71' lang='grc' dir='ltr'><strong>καὶ</strong></span> <span class='ocrx_word' id='word_1_85' title='bbox 1113 1144 1249 1215; x_wconf 87' lang='grc' dir='ltr'>ἄλλη</span> <span class='ocrx_word' id='word_1_86' title='bbox 1353 1143 1599 1208; x_wconf 88' lang='grc' dir='ltr'>σύνθεσις</span> <span class='ocrx_word' id='word_1_87' title='bbox 1624 1146 1656 1214; x_wconf 83' lang='grc' dir='ltr'><strong>ή</strong></span> <span class='ocrx_word' id='word_1_88' title='bbox 1684 1147 1750 1198; x_wconf 88' lang='grc' dir='ltr'><strong>ἐκ</strong></span> <span class='ocrx_word' id='word_1_89' title='bbox 1778 1144 1887 1197; x_wconf 80' lang='grc' dir='ltr'><strong>τῶν</strong></span> 
     </span>
    </p>
   </div>
   <div class='ocr_carea' id='block_1_13' title="bbox 300 1230 1891 1305">
    <p class='ocr_par' dir='ltr' id='par_1_13' title="bbox 300 1230 1891 1305">
     <span class='ocr_line' id='line_1_13' title="bbox 300 1230 1891 1305; baseline 0.004 -23"><span class='ocrx_word' id='word_1_90' title='bbox 300 1230 501 1287; x_wconf 78' lang='grc' dir='ltr'>οὐσίαν</span> <span class='ocrx_word' id='word_1_91' title='bbox 520 1232 751 1303; x_wconf 78' lang='grc' dir='ltr'>ἐχόντων</span> <span class='ocrx_word' id='word_1_92' title='bbox 781 1234 961 1305; x_wconf 81' lang='grc' dir='ltr'>μερῶν</span> <span class='ocrx_word' id='word_1_93' title='bbox 981 1251 993 1263; x_wconf 90' lang='grc'><strong>·</strong></span> <span class='ocrx_word' id='word_1_94' title='bbox 1034 1233 1151 1300; x_wconf 84' lang='grc' dir='ltr'>πῶς</span> <span class='ocrx_word' id='word_1_95' title='bbox 1179 1236 1323 1288; x_wconf 82' lang='grc' dir='ltr'>ἀΐδια</span> <span class='ocrx_word' id='word_1_96' title='bbox 1349 1234 1524 1289; x_wconf 74' lang='grc' dir='ltr'>ταῦτα</span> <span class='ocrx_word' id='word_1_97' title='bbox 1554 1234 1790 1304; x_wconf 86' lang='grc' dir='ltr'>λέγεται,</span> <span class='ocrx_word' id='word_1_98' title='bbox 1823 1234 1891 1288; x_wconf 77' lang='grc' dir='ltr'>τὰ</span> 
     </span>
    </p>
   </div>
   <div class='ocr_carea' id='block_1_14' title="bbox 302 1320 1887 1399">
    <p class='ocr_par' dir='ltr' id='par_1_14' title="bbox 302 1320 1887 1399">
     <span class='ocr_line' id='line_1_14' title="bbox 302 1320 1887 1399; baseline 0.011 -27"><span class='ocrx_word' id='word_1_99' title='bbox 302 1320 625 1392; x_wconf 71' lang='grc' dir='ltr'>ἀμφοτέρας</span> <span class='ocrx_word' id='word_1_100' title='bbox 656 1321 849 1393; x_wconf 76' lang='grc' dir='ltr'>ἔχοντα</span> <span class='ocrx_word' id='word_1_101' title='bbox 894 1324 993 1388; x_wconf 85' lang='grc' dir='ltr'>τὰς</span> <span class='ocrx_word' id='word_1_102' title='bbox 1028 1326 1342 1393; x_wconf 85' lang='grc' dir='ltr'>σύνθεσεις;</span> <span class='ocrx_word' id='word_1_103' title='bbox 1391 1326 1448 1381; x_wconf 85' lang='lat'><strong>&#39;0</strong></span> <span class='ocrx_word' id='word_1_104' title='bbox 1480 1327 1590 1399; x_wconf 85' lang='grc' dir='ltr'><strong>γὰρ</strong></span> <span class='ocrx_word' id='word_1_105' title='bbox 1628 1326 1887 1398; x_wconf 80' lang='grc' dir='ltr'>οὐρανὸς,</span> 
     </span>
    </p>
   </div>
   <div class='ocr_carea' id='block_1_15' title="bbox 302 1412 1892 1490">
    <p class='ocr_par' dir='ltr' id='par_1_15' title="bbox 302 1412 1892 1490">
     <span class='ocr_line' id='line_1_15' title="bbox 302 1412 1892 1490; baseline 0.005 -25"><span class='ocrx_word' id='word_1_106' title='bbox 302 1412 443 1484; x_wconf 76' lang='grc' dir='ltr'>ἔχων</span> <span class='ocrx_word' id='word_1_107' title='bbox 471 1414 564 1468; x_wconf 82' lang='grc' dir='ltr'><strong>τὸν</strong></span> <span class='ocrx_word' id='word_1_108' title='bbox 592 1414 743 1485; x_wconf 78' lang='grc' dir='ltr'>ἥλιον</span> <span class='ocrx_word' id='word_1_109' title='bbox 776 1417 871 1469; x_wconf 77' lang='grc' dir='ltr'>καὶ</span> <span class='ocrx_word' id='word_1_110' title='bbox 902 1417 971 1471; x_wconf 78' lang='grc' dir='ltr'><strong>τὰ</strong></span> <span class='ocrx_word' id='word_1_111' title='bbox 1011 1420 1188 1490; x_wconf 91' lang='grc' dir='ltr'>ἄστρα</span> <span class='ocrx_word' id='word_1_112' title='bbox 1218 1420 1534 1490; x_wconf 75' lang='grc' dir='ltr'>ἐνδεδεμένα</span> <span class='ocrx_word' id='word_1_113' title='bbox 1568 1419 1731 1490; x_wconf 87' lang='grc' dir='ltr'>μέρη,</span> <span class='ocrx_word' id='word_1_114' title='bbox 1769 1417 1892 1473; x_wconf 88' lang='grc' dir='ltr'>σύν-</span> 
     </span>
    </p>
   </div>
   <div class='ocr_carea' id='block_1_16' title="bbox 304 1505 1891 1584">
    <p class='ocr_par' dir='ltr' id='par_1_16' title="bbox 304 1505 1891 1584">
     <span class='ocr_line' id='line_1_16' title="bbox 304 1505 1891 1584; baseline 0.003 -26"><span class='ocrx_word' id='word_1_115' title='bbox 304 1505 458 1570; x_wconf 78' lang='grc' dir='ltr'>θετος</span> <span class='ocrx_word' id='word_1_116' title='bbox 510 1507 572 1572; x_wconf 83' lang='grc' dir='ltr'><strong>ἐξ</strong></span> <span class='ocrx_word' id='word_1_117' title='bbox 620 1508 799 1563; x_wconf 84' lang='grc' dir='ltr'>αὐτῶν</span> <span class='ocrx_word' id='word_1_118' title='bbox 843 1512 1025 1565; x_wconf 77' lang='grc' dir='ltr'>ἐστιν’</span> <span class='ocrx_word' id='word_1_119' title='bbox 1073 1511 1211 1583; x_wconf 74' lang='grc' dir='ltr'>ἔχων</span> <span class='ocrx_word' id='word_1_120' title='bbox 1245 1512 1355 1584; x_wconf 85' lang='grc' dir='ltr'><strong>γάρ</strong></span> <span class='ocrx_word' id='word_1_121' title='bbox 1402 1511 1575 1567; x_wconf 79' lang='grc' dir='ltr'>ταῦτα</span> <span class='ocrx_word' id='word_1_122' title='bbox 1623 1514 1681 1565; x_wconf 88' lang='grc' dir='ltr'><strong>ἐν</strong></span> <span class='ocrx_word' id='word_1_123' title='bbox 1714 1511 1891 1581; x_wconf 82' lang='grc' dir='ltr'>ἐαυτῷ</span> 
     </span>
    </p>
   </div>
   <div class='ocr_carea' id='block_1_17' title="bbox 301 1603 797 1676">
    <p class='ocr_par' dir='ltr' id='par_1_17' title="bbox 301 1603 797 1676">
     <span class='ocr_line' id='line_1_17' title="bbox 301 1603 797 1676; baseline 0.006 -20"><span class='ocrx_word' id='word_1_124' title='bbox 301 1603 453 1657; x_wconf 80' lang='grc' dir='ltr'>ἐστιν</span> <span class='ocrx_word' id='word_1_125' title='bbox 486 1604 515 1656; x_wconf 87' lang='grc' dir='ltr'>ὁ</span> <span class='ocrx_word' id='word_1_126' title='bbox 548 1605 609 1657; x_wconf 90' lang='grc' dir='ltr'><strong>οὐ</strong></span> <span class='ocrx_word' id='word_1_127' title='bbox 618 1605 797 1676; x_wconf 84' lang='grc' dir='ltr'>ρανός.</span> 
     </span>
    </p>
   </div>
   <div class='ocr_carea' id='block_1_18' title="bbox 703 1785 1507 1856">
    <p class='ocr_par' dir='ltr' id='par_1_18' title="bbox 703 1785 1507 1856">
     <span class='ocr_line' id='line_1_18' title="bbox 703 1785 1507 1856; baseline -0.002 -15"><span class='ocrx_word' id='word_1_128' title='bbox 703 1785 789 1841; x_wconf 81' lang='grc'><strong>57.</strong></span> <span class='ocrx_word' id='word_1_129' title='bbox 828 1786 923 1840; x_wconf 82' lang='grc' dir='ltr'>Ἐκ</span> <span class='ocrx_word' id='word_1_130' title='bbox 948 1787 1054 1841; x_wconf 86' lang='grc' dir='ltr'>τοῦ</span> <span class='ocrx_word' id='word_1_131' title='bbox 1083 1786 1273 1841; x_wconf 85' lang='grc' dir='ltr'>αὑτοῦ</span> <span class='ocrx_word' id='word_1_132' title='bbox 1300 1788 1507 1856; x_wconf 74' lang='grc' dir='ltr'>λόγου.</span> 
     </span>
    </p>
   </div>
   <div class='ocr_carea' id='block_1_19' title="bbox 1992 583 3570 657">
    <p class='ocr_par' dir='ltr' id='par_1_19' title="bbox 1992 583 3570 657">
     <span class='ocr_line' id='line_1_19' title="bbox 1992 583 3570 657; baseline 0.002 -18"><span class='ocrx_word' id='word_1_133' title='bbox 1992 586 2211 641; x_wconf 91' lang='lat' dir='ltr'><strong>illorum</strong></span> <span class='ocrx_word' id='word_1_134' title='bbox 2254 592 2408 639; x_wconf 93' lang='lat' dir='ltr'><strong>motu</strong></span> <span class='ocrx_word' id='word_1_135' title='bbox 2454 583 2709 649; x_wconf 90' lang='lat' dir='ltr'><strong>disserit,</strong></span> <span class='ocrx_word' id='word_1_136' title='bbox 2758 590 3056 655; x_wconf 91' lang='lat' dir='ltr'><strong>utrumque</strong></span> <span class='ocrx_word' id='word_1_137' title='bbox 3106 591 3362 655; x_wconf 87' lang='lat' dir='ltr'><strong>apparet,</strong></span> <span class='ocrx_word' id='word_1_138' title='bbox 3426 586 3570 657; x_wconf 91' lang='lat' dir='ltr'><strong>quod</strong></span> 
     </span>
    </p>
   </div>
   <div class='ocr_carea' id='block_1_20' title="bbox 1992 674 3569 748">
    <p class='ocr_par' dir='ltr' id='par_1_20' title="bbox 1992 674 3569 748">
     <span class='ocr_line' id='line_1_20' title="bbox 1992 674 3569 748; baseline 0 -14"><span class='ocrx_word' id='word_1_139' title='bbox 1992 680 2199 735; x_wconf 78' lang='lat' dir='ltr'><strong>frustra</strong></span> <span class='ocrx_word' id='word_1_140' title='bbox 2219 685 2302 735; x_wconf 90' lang='lat' dir='ltr'><strong>est</strong></span> <span class='ocrx_word' id='word_1_141' title='bbox 2324 676 2534 748; x_wconf 88' lang='lat' dir='ltr'><strong>etquod</strong></span> <span class='ocrx_word' id='word_1_142' title='bbox 2557 683 2754 746; x_wconf 72' lang='lat' dir='ltr'><strong>praeter</strong></span> <span class='ocrx_word' id='word_1_143' title='bbox 2767 682 3041 732; x_wconf 88' lang='lat' dir='ltr'><strong>naturam.</strong></span> <span class='ocrx_word' id='word_1_144' title='bbox 3063 674 3120 730; x_wconf 88' lang='lat' dir='ltr'><strong>Si</strong></span> <span class='ocrx_word' id='word_1_145' title='bbox 3141 676 3312 733; x_wconf 73' lang='lat' dir='ltr'><strong>stella:</strong></span> <span class='ocrx_word' id='word_1_146' title='bbox 3331 687 3569 746; x_wconf 64' lang='lat' dir='ltr'><strong>aeternae,</strong></span> 
     </span>
    </p>
   </div>
   <div class='ocr_carea' id='block_1_21' title="bbox 1990 769 3572 839">
    <p class='ocr_par' dir='ltr' id='par_1_21' title="bbox 1990 769 3572 839">
     <span class='ocr_line' id='line_1_21' title="bbox 1990 769 3572 839; baseline -0.002 -13"><span class='ocrx_word' id='word_1_147' title='bbox 1990 779 2258 827; x_wconf 68' lang='lat' dir='ltr'><strong>aeternum</strong></span> <span class='ocrx_word' id='word_1_148' title='bbox 2316 784 2450 825; x_wconf 85' lang='lat' dir='ltr'><strong>vero</strong></span> <span class='ocrx_word' id='word_1_149' title='bbox 2480 775 2531 823; x_wconf 83' lang='lat' dir='ltr'><strong>et</strong></span> <span class='ocrx_word' id='word_1_150' title='bbox 2587 769 2787 823; x_wconf 73' lang='lat' dir='ltr'><strong>coelum</strong></span> <span class='ocrx_word' id='word_1_151' title='bbox 2818 769 2874 823; x_wconf 88' lang='lat' dir='ltr'><strong>in</strong></span> <span class='ocrx_word' id='word_1_152' title='bbox 2921 784 3032 839; x_wconf 93' lang='lat' dir='ltr'><strong>quo</strong></span> <span class='ocrx_word' id='word_1_153' title='bbox 3065 769 3236 823; x_wconf 75' lang='lat' dir='ltr'><strong>stellae</strong></span> <span class='ocrx_word' id='word_1_154' title='bbox 3280 779 3410 825; x_wconf 84' lang='lat' dir='ltr'><strong>sunt</strong></span> <span class='ocrx_word' id='word_1_155' title='bbox 3438 771 3572 825; x_wconf 85' lang='lat' dir='ltr'><strong>deli-</strong></span> 
     </span>
    </p>
   </div>
   <div class='ocr_carea' id='block_1_22' title="bbox 1991 858 3573 935">
    <p class='ocr_par' dir='ltr' id='par_1_22' title="bbox 1991 858 3573 935">
     <span class='ocr_line' id='line_1_22' title="bbox 1991 858 3573 935; baseline -0.003 -17"><span class='ocrx_word' id='word_1_156' title='bbox 1991 871 2149 935; x_wconf 70' lang='lat' dir='ltr'><strong>gataz,</strong></span> <span class='ocrx_word' id='word_1_157' title='bbox 2204 868 2261 916; x_wconf 91' lang='lat' dir='ltr'><strong>et</strong></span> <span class='ocrx_word' id='word_1_158' title='bbox 2289 858 2572 931; x_wconf 87' lang='lat' dir='ltr'><strong>quodlibet</strong></span> <span class='ocrx_word' id='word_1_159' title='bbox 2600 874 2792 913; x_wconf 89' lang='lat' dir='ltr'><strong>eorum</strong></span> <span class='ocrx_word' id='word_1_160' title='bbox 2841 859 2977 915; x_wconf 89' lang='lat' dir='ltr'><strong>deus</strong></span> <span class='ocrx_word' id='word_1_161' title='bbox 3009 858 3212 913; x_wconf 91' lang='lat' dir='ltr'><strong>dicitur</strong></span> <span class='ocrx_word' id='word_1_162' title='bbox 3250 875 3264 911; x_wconf 88' lang='lat'><strong>:</strong></span> <span class='ocrx_word' id='word_1_163' title='bbox 3298 860 3573 929; x_wconf 88' lang='lat' dir='ltr'><strong>quomodo</strong></span> 
     </span>
    </p>
   </div>
   <div class='ocr_carea' id='block_1_23' title="bbox 1991 950 3572 1021">
    <p class='ocr_par' dir='ltr' id='par_1_23' title="bbox 1991 950 3572 1021">
     <span class='ocr_line' id='line_1_23' title="bbox 1991 950 3572 1021; baseline -0.004 -10"><span class='ocrx_word' id='word_1_164' title='bbox 1991 971 2102 1011; x_wconf 91' lang='lat' dir='ltr'><strong>non</strong></span> <span class='ocrx_word' id='word_1_165' title='bbox 2136 960 2266 1010; x_wconf 92' lang='lat' dir='ltr'><strong>sunt</strong></span> <span class='ocrx_word' id='word_1_166' title='bbox 2317 953 2395 1008; x_wconf 91' lang='lat' dir='ltr'><strong>dii</strong></span> <span class='ocrx_word' id='word_1_167' title='bbox 2440 969 2471 1007; x_wconf 91' lang='lat' dir='ltr'><strong>a</strong></span> <span class='ocrx_word' id='word_1_168' title='bbox 2520 952 2629 1008; x_wconf 90' lang='lat' dir='ltr'><strong>diis</strong></span> <span class='ocrx_word' id='word_1_169' title='bbox 2658 952 2859 1006; x_wconf 84' lang='lat' dir='ltr'><strong>tracti?</strong></span> <span class='ocrx_word' id='word_1_170' title='bbox 2898 950 3031 1018; x_wconf 69' lang='lat' dir='ltr'><strong>Quae</strong></span> <span class='ocrx_word' id='word_1_171' title='bbox 3073 951 3219 1006; x_wconf 92' lang='lat' dir='ltr'><strong>enim</strong></span> <span class='ocrx_word' id='word_1_172' title='bbox 3248 951 3303 1005; x_wconf 91' lang='lat' dir='ltr'><strong>in</strong></span> <span class='ocrx_word' id='word_1_173' title='bbox 3333 966 3399 1007; x_wconf 86' lang='lat' dir='ltr'><strong>eo</strong></span> <span class='ocrx_word' id='word_1_174' title='bbox 3427 950 3572 1021; x_wconf 92' lang='lat' dir='ltr'><strong>quod</strong></span> 
     </span>
    </p>
   </div>
   <div class='ocr_carea' id='block_1_24' title="bbox 1992 1043 3572 1111">
    <p class='ocr_par' dir='ltr' id='par_1_24' title="bbox 1992 1043 3572 1111">
     <span class='ocr_line' id='line_1_24' title="bbox 1992 1043 3572 1111; baseline -0.003 -8"><span class='ocrx_word' id='word_1_175' title='bbox 1992 1054 2264 1111; x_wconf 88' lang='lat' dir='ltr'><strong>movetur,</strong></span> <span class='ocrx_word' id='word_1_176' title='bbox 2301 1053 2430 1102; x_wconf 87' lang='lat' dir='ltr'><strong>sunt</strong></span> <span class='ocrx_word' id='word_1_177' title='bbox 2457 1046 2732 1107; x_wconf 89' lang='lat' dir='ltr'><strong>devincta,</strong></span> <span class='ocrx_word' id='word_1_178' title='bbox 2781 1045 3001 1099; x_wconf 87' lang='lat' dir='ltr'><strong>tractim</strong></span> <span class='ocrx_word' id='word_1_179' title='bbox 3034 1051 3343 1099; x_wconf 85' lang='lat' dir='ltr'><strong>moventur.</strong></span> <span class='ocrx_word' id='word_1_180' title='bbox 3376 1043 3433 1098; x_wconf 90' lang='lat' dir='ltr'><strong>Si</strong></span> <span class='ocrx_word' id='word_1_181' title='bbox 3466 1045 3572 1099; x_wconf 88' lang='lat' dir='ltr'><strong>alia</strong></span> 
     </span>
    </p>
   </div>
   <div class='ocr_carea' id='block_1_25' title="bbox 1992 1136 3575 1210">
    <p class='ocr_par' dir='ltr' id='par_1_25' title="bbox 1992 1136 3575 1210">
     <span class='ocr_line' id='line_1_25' title="bbox 1992 1136 3575 1210; baseline -0.003 -14"><span class='ocrx_word' id='word_1_182' title='bbox 1992 1147 2078 1197; x_wconf 89' lang='lat' dir='ltr'><strong>est</strong></span> <span class='ocrx_word' id='word_1_183' title='bbox 2116 1139 2445 1210; x_wconf 89' lang='lat' dir='ltr'><strong>compositio</strong></span> <span class='ocrx_word' id='word_1_184' title='bbox 2495 1137 2821 1195; x_wconf 64' lang='lat' dir='ltr'><strong>substantias</strong></span> <span class='ocrx_word' id='word_1_185' title='bbox 2913 1136 3002 1208; x_wconf 79' lang='lat' dir='ltr'><strong>(ex</strong></span> <span class='ocrx_word' id='word_1_186' title='bbox 3051 1138 3281 1192; x_wconf 85' lang='lat' dir='ltr'><strong>materia</strong></span> <span class='ocrx_word' id='word_1_187' title='bbox 3333 1136 3478 1191; x_wconf 90' lang='lat' dir='ltr'><strong>enim</strong></span> <span class='ocrx_word' id='word_1_188' title='bbox 3521 1145 3575 1191; x_wconf 86' lang='lat' dir='ltr'><strong>el</strong></span> 
     </span>
    </p>
   </div>
   <div class='ocr_carea' id='block_1_26' title="bbox 1992 1229 3571 1304">
    <p class='ocr_par' dir='ltr' id='par_1_26' title="bbox 1992 1229 3571 1304">
     <span class='ocr_line' id='line_1_26' title="bbox 1992 1229 3571 1304; baseline -0.004 -16"><span class='ocrx_word' id='word_1_189' title='bbox 1992 1232 2218 1304; x_wconf 79' lang='lat' dir='ltr'><strong>forma),</strong></span> <span class='ocrx_word' id='word_1_190' title='bbox 2242 1241 2296 1286; x_wconf 92' lang='lat' dir='ltr'><strong>et</strong></span> <span class='ocrx_word' id='word_1_191' title='bbox 2319 1232 2426 1286; x_wconf 91' lang='lat' dir='ltr'><strong>alia</strong></span> <span class='ocrx_word' id='word_1_192' title='bbox 2458 1232 2792 1302; x_wconf 88' lang='lat' dir='ltr'><strong>compositio</strong></span> <span class='ocrx_word' id='word_1_193' title='bbox 2823 1246 2888 1285; x_wconf 82' lang='lat' dir='ltr'><strong>ex</strong></span> <span class='ocrx_word' id='word_1_194' title='bbox 2930 1230 3179 1301; x_wconf 85' lang='lat' dir='ltr'><strong>partibus</strong></span> <span class='ocrx_word' id='word_1_195' title='bbox 3206 1229 3571 1285; x_wconf 81' lang='lat' dir='ltr'><strong>substantiam</strong></span> 
     </span>
    </p>
   </div>
   <div class='ocr_carea' id='block_1_27' title="bbox 1991 1306 3575 1395">
    <p class='ocr_par' dir='ltr' id='par_1_27' title="bbox 1991 1306 3575 1395">
     <span class='ocr_line' id='line_1_27' title="bbox 1991 1306 3575 1395; baseline -0.002 -13"><span class='ocrx_word' id='word_1_196' title='bbox 1991 1326 2355 1382; x_wconf 88' lang='lat' dir='ltr'><strong>habentibus:</strong></span> <span class='ocrx_word' id='word_1_197' title='bbox 2390 1325 2666 1395; x_wconf 92' lang='lat' dir='ltr'><strong>quomodo</strong></span> <span class='ocrx_word' id='word_1_198' title='bbox 2720 1330 2926 1377; x_wconf 57' lang='lat' dir='ltr'><strong>aeterna</strong></span> <span class='ocrx_word' id='word_1_199' title='bbox 2975 1322 3093 1377; x_wconf 72' lang='lat' dir='ltr'><strong>haec</strong></span> <span class='ocrx_word' id='word_1_200' title='bbox 3134 1306 3413 1388; x_wconf 87' lang='lat' dir='ltr'><strong>dicuntur,</strong></span> <span class='ocrx_word' id='word_1_201' title='bbox 3453 1338 3575 1392; x_wconf 73' lang='lat' dir='ltr'><strong>qua:</strong></span> 
     </span>
    </p>
   </div>
   <div class='ocr_carea' id='block_1_28' title="bbox 1993 1415 3573 1488">
    <p class='ocr_par' dir='ltr' id='par_1_28' title="bbox 1993 1415 3573 1488">
     <span class='ocr_line' id='line_1_28' title="bbox 1993 1415 3573 1488; baseline -0.003 -14"><span class='ocrx_word' id='word_1_202' title='bbox 1993 1427 2282 1488; x_wconf 83' lang='lat' dir='ltr'><strong>utramque</strong></span> <span class='ocrx_word' id='word_1_203' title='bbox 2326 1418 2529 1472; x_wconf 84' lang='lat' dir='ltr'><strong>habent</strong></span> <span class='ocrx_word' id='word_1_204' title='bbox 2584 1416 3080 1485; x_wconf 85' lang='lat' dir='ltr'><strong>compositionem?</strong></span> <span class='ocrx_word' id='word_1_205' title='bbox 3131 1415 3343 1470; x_wconf 74' lang='lat' dir='ltr'><strong>leum</strong></span> <span class='ocrx_word' id='word_1_206' title='bbox 3402 1416 3573 1481; x_wconf 82' lang='lat' dir='ltr'><strong>enim,</strong></span> 
     </span>
    </p>
   </div>
   <div class='ocr_carea' id='block_1_29' title="bbox 1991 1505 3571 1581">
    <p class='ocr_par' dir='ltr' id='par_1_29' title="bbox 1991 1505 3571 1581">
     <span class='ocr_line' id='line_1_29' title="bbox 1991 1505 3571 1581; baseline -0.003 -17"><span class='ocrx_word' id='word_1_207' title='bbox 1991 1509 2140 1581; x_wconf 68' lang='lat' dir='ltr'><strong>quod</strong></span> <span class='ocrx_word' id='word_1_208' title='bbox 2173 1508 2345 1563; x_wconf 88' lang='lat' dir='ltr'><strong>solem</strong></span> <span class='ocrx_word' id='word_1_209' title='bbox 2370 1514 2425 1563; x_wconf 89' lang='lat' dir='ltr'><strong>et</strong></span> <span class='ocrx_word' id='word_1_210' title='bbox 2456 1507 2646 1562; x_wconf 85' lang='lat' dir='ltr'><strong>stellas</strong></span> <span class='ocrx_word' id='word_1_211' title='bbox 2676 1506 2733 1560; x_wconf 92' lang='lat' dir='ltr'><strong>in</strong></span> <span class='ocrx_word' id='word_1_212' title='bbox 2764 1522 2825 1561; x_wconf 89' lang='lat' dir='ltr'><strong>se</strong></span> <span class='ocrx_word' id='word_1_213' title='bbox 2852 1506 3138 1561; x_wconf 88' lang='lat' dir='ltr'><strong>devinctas</strong></span> <span class='ocrx_word' id='word_1_214' title='bbox 3170 1512 3357 1575; x_wconf 87' lang='lat' dir='ltr'><strong>partes</strong></span> <span class='ocrx_word' id='word_1_215' title='bbox 3387 1505 3571 1569; x_wconf 85' lang='lat' dir='ltr'><strong>habet,</strong></span> 
     </span>
    </p>
   </div>
   <div class='ocr_carea' id='block_1_30' title="bbox 1992 1596 3573 1670">
    <p class='ocr_par' dir='ltr' id='par_1_30' title="bbox 1992 1596 3573 1670">
     <span class='ocr_line' id='line_1_30' title="bbox 1992 1596 3573 1670; baseline -0.003 -15"><span class='ocrx_word' id='word_1_216' title='bbox 1992 1600 2361 1670; x_wconf 86' lang='lat' dir='ltr'><strong>compositum</strong></span> <span class='ocrx_word' id='word_1_217' title='bbox 2376 1614 2442 1655; x_wconf 80' lang='lat' dir='ltr'><strong>ex</strong></span> <span class='ocrx_word' id='word_1_218' title='bbox 2470 1598 2552 1655; x_wconf 90' lang='lat' dir='ltr'><strong>eis</strong></span> <span class='ocrx_word' id='word_1_219' title='bbox 2573 1605 2692 1664; x_wconf 90' lang='lat' dir='ltr'><strong>est;</strong></span> <span class='ocrx_word' id='word_1_220' title='bbox 2726 1597 2829 1654; x_wconf 91' lang='lat' dir='ltr'><strong>has</strong></span> <span class='ocrx_word' id='word_1_221' title='bbox 2866 1597 3013 1654; x_wconf 90' lang='lat' dir='ltr'><strong>enim</strong></span> <span class='ocrx_word' id='word_1_222' title='bbox 3042 1597 3098 1651; x_wconf 91' lang='lat' dir='ltr'><strong>in</strong></span> <span class='ocrx_word' id='word_1_223' title='bbox 3137 1596 3321 1666; x_wconf 89' lang='lat' dir='ltr'><strong>seipso</strong></span> <span class='ocrx_word' id='word_1_224' title='bbox 3343 1596 3573 1661; x_wconf 89' lang='lat' dir='ltr'><strong>habens,</strong></span> 
     </span>
    </p>
   </div>
   <div class='ocr_carea' id='block_1_31' title="bbox 1993 1693 2329 1749">
    <p class='ocr_par' dir='ltr' id='par_1_31' title="bbox 1993 1693 2329 1749">
     <span class='ocr_line' id='line_1_31' title="bbox 1993 1693 2329 1749; baseline -0.009 0"><span class='ocrx_word' id='word_1_225' title='bbox 1993 1693 2195 1749; x_wconf 60' lang='lat' dir='ltr'><strong>conum</strong></span> <span class='ocrx_word' id='word_1_226' title='bbox 2224 1698 2329 1748; x_wconf 88' lang='lat' dir='ltr'><strong>est.</strong></span> 
     </span>
    </p>
   </div>
   <div class='ocr_carea' id='block_1_32' title="bbox 2184 1766 3400 1843">
    <p class='ocr_par' dir='ltr' id='par_1_32' title="bbox 2184 1766 3400 1843">
     <span class='ocr_line' id='line_1_32' title="bbox 2184 1766 3400 1843; baseline -0.012 -10"><span class='ocrx_word' id='word_1_227' title='bbox 2184 1778 2274 1833; x_wconf 84' lang='grc'><strong>57.</strong></span> <span class='ocrx_word' id='word_1_228' title='bbox 2312 1777 2398 1833; x_wconf 79' lang='lat' dir='ltr'><strong>Ea:</strong></span> <span class='ocrx_word' id='word_1_229' title='bbox 2428 1779 2608 1833; x_wconf 81' lang='lat' dir='ltr'><strong>eodem</strong></span> <span class='ocrx_word' id='word_1_230' title='bbox 2635 1777 2791 1843; x_wconf 77' lang='lat' dir='ltr'><strong>libro,</strong></span> <span class='ocrx_word' id='word_1_231' title='bbox 2822 1775 2977 1841; x_wconf 90' lang='lat' dir='ltr'><strong>ibid.,</strong></span> <span class='ocrx_word' id='word_1_232' title='bbox 3010 1789 3059 1828; x_wconf 93' lang='lat' dir='ltr'><strong>c.</strong></span> <span class='ocrx_word' id='word_1_233' title='bbox 3094 1773 3148 1840; x_wconf 85' lang='lat'><strong>8,</strong></span> <span class='ocrx_word' id='word_1_234' title='bbox 3182 1787 3237 1841; x_wconf 90' lang='lat' dir='ltr'><strong>p.</strong></span> <span class='ocrx_word' id='word_1_235' title='bbox 3274 1766 3400 1823; x_wconf 76' lang='grc'><strong>290.</strong></span> 
     </span>
    </p>
   </div>
   <div class='ocr_carea' id='block_1_33' title="bbox 381 1863 1897 1951">
    <p class='ocr_par' dir='ltr' id='par_1_33' title="bbox 381 1876 1891 1951">
     <span class='ocr_line' id='line_1_33' title="bbox 381 1876 1891 1951; baseline 0.002 -24"><span class='ocrx_word' id='word_1_236' title='bbox 381 1895 399 1926; x_wconf 76' lang='grc' dir='ltr'><strong>ι</strong></span> <span class='ocrx_word' id='word_1_237' title='bbox 426 1876 571 1949; x_wconf 77' lang='grc' dir='ltr'>Πρὸς</span> <span class='ocrx_word' id='word_1_238' title='bbox 601 1878 657 1931; x_wconf 85' lang='grc' dir='ltr'>δὲ</span> <span class='ocrx_word' id='word_1_239' title='bbox 687 1878 899 1943; x_wconf 84' lang='grc' dir='ltr'>τούτοις</span> <span class='ocrx_word' id='word_1_240' title='bbox 925 1878 1117 1948; x_wconf 84' lang='grc' dir='ltr'>ἄλογον</span> <span class='ocrx_word' id='word_1_241' title='bbox 1143 1880 1206 1932; x_wconf 83' lang='grc' dir='ltr'><strong>τὸ</strong></span> <span class='ocrx_word' id='word_1_242' title='bbox 1248 1879 1419 1951; x_wconf 84' lang='grc' dir='ltr'>μηθὲν</span> <span class='ocrx_word' id='word_1_243' title='bbox 1447 1878 1675 1950; x_wconf 77' lang='grc' dir='ltr'>ὄργανον</span> <span class='ocrx_word' id='word_1_244' title='bbox 1709 1877 1891 1941; x_wconf 89' lang='grc' dir='ltr'>αὐτοῖς</span> 
     </span>
    </p>
   </div>
   <div class='ocr_carea' id='block_1_34' title="bbox 2004 1863 3578 1951">
    <p class='ocr_par' dir='ltr' id='par_1_34' title="bbox 2069 1863 3578 1932">
     <span class='ocr_line' id='line_1_34' title="bbox 2069 1863 3578 1932; baseline -0.004 -8"><span class='ocrx_word' id='word_1_245' title='bbox 2069 1892 2087 1924; x_wconf 85' lang='grc'><em>‹</em></span> <span class='ocrx_word' id='word_1_246' title='bbox 2115 1872 2385 1928; x_wconf 69' lang='lat' dir='ltr'><strong>Prazterea</strong></span> <span class='ocrx_word' id='word_1_247' title='bbox 2411 1887 2442 1925; x_wconf 91' lang='lat' dir='ltr'><strong>a</strong></span> <span class='ocrx_word' id='word_1_248' title='bbox 2472 1871 2687 1925; x_wconf 87' lang='lat' dir='ltr'><strong>ratione</strong></span> <span class='ocrx_word' id='word_1_249' title='bbox 2716 1869 2954 1924; x_wconf 87' lang='lat' dir='ltr'><strong>alienum</strong></span> <span class='ocrx_word' id='word_1_250' title='bbox 2990 1874 3098 1932; x_wconf 91' lang='lat' dir='ltr'><strong>est,</strong></span> <span class='ocrx_word' id='word_1_251' title='bbox 3132 1874 3193 1920; x_wconf 94' lang='lat' dir='ltr'><strong>ut</strong></span> <span class='ocrx_word' id='word_1_252' title='bbox 3224 1866 3435 1921; x_wconf 89' lang='lat' dir='ltr'><strong>nullum</strong></span> <span class='ocrx_word' id='word_1_253' title='bbox 3471 1863 3578 1918; x_wconf 86' lang='lat' dir='ltr'><strong>illis</strong></span> 
     </span>
    </p>
   </div>
   <div class='ocr_carea' id='block_1_35' title="bbox 302 1968 1888 2044">
    <p class='ocr_par' dir='ltr' id='par_1_35' title="bbox 302 1968 1888 2044">
     <span class='ocr_line' id='line_1_35' title="bbox 302 1968 1888 2044; baseline 0.004 -24"><span class='ocrx_word' id='word_1_254' title='bbox 302 1968 601 2023; x_wconf 78' lang='grc' dir='ltr'>ἀποδοῦναι</span> <span class='ocrx_word' id='word_1_255' title='bbox 635 1971 735 2042; x_wconf 83' lang='grc' dir='ltr'><strong>τὴν</strong></span> <span class='ocrx_word' id='word_1_256' title='bbox 781 1970 942 2040; x_wconf 85' lang='grc' dir='ltr'>φύσιν</span> <span class='ocrx_word' id='word_1_257' title='bbox 975 1972 1112 2043; x_wconf 83' lang='grc' dir='ltr'>πρὸς</span> <span class='ocrx_word' id='word_1_258' title='bbox 1143 1973 1243 2043; x_wconf 85' lang='grc' dir='ltr'>τὴν</span> <span class='ocrx_word' id='word_1_259' title='bbox 1290 1972 1521 2042; x_wconf 87' lang='grc' dir='ltr'>κίνησιν.</span> <span class='ocrx_word' id='word_1_260' title='bbox 1573 1973 1747 2035; x_wconf 84' lang='grc' dir='ltr'>Οὐδὲν</span> <span class='ocrx_word' id='word_1_261' title='bbox 1781 1973 1888 2044; x_wconf 83' lang='grc' dir='ltr'><strong>γὰρ</strong></span> 
     </span>
    </p>
   </div>
   <div class='ocr_carea' id='block_1_36' title="bbox 301 2060 1887 2137">
    <p class='ocr_par' dir='ltr' id='par_1_36' title="bbox 301 2060 1887 2137">
     <span class='ocr_line' id='line_1_36' title="bbox 301 2060 1887 2137; baseline 0.004 -25"><span class='ocrx_word' id='word_1_262' title='bbox 301 2060 379 2125; x_wconf 85' lang='grc' dir='ltr'><strong>ὡς</strong></span> <span class='ocrx_word' id='word_1_263' title='bbox 410 2062 570 2134; x_wconf 72' lang='grc' dir='ltr'>ἔτυχε</span> <span class='ocrx_word' id='word_1_264' title='bbox 605 2065 752 2118; x_wconf 85' lang='grc' dir='ltr'>ποιεῖ</span> <span class='ocrx_word' id='word_1_265' title='bbox 778 2066 811 2136; x_wconf 84' lang='grc' dir='ltr'>ὴ</span> <span class='ocrx_word' id='word_1_266' title='bbox 842 2064 1031 2134; x_wconf 85' lang='grc' dir='ltr'>φύσις,</span> <span class='ocrx_word' id='word_1_267' title='bbox 1061 2065 1183 2119; x_wconf 85' lang='grc' dir='ltr'>οὐδὲ</span> <span class='ocrx_word' id='word_1_268' title='bbox 1215 2064 1324 2119; x_wconf 85' lang='grc' dir='ltr'><strong>τῶν</strong></span> <span class='ocrx_word' id='word_1_269' title='bbox 1356 2066 1454 2137; x_wconf 81' lang='grc' dir='ltr'><strong>μὲν</strong></span> <span class='ocrx_word' id='word_1_270' title='bbox 1483 2065 1637 2131; x_wconf 77' lang='grc' dir='ltr'>ζώων</span> <span class='ocrx_word' id='word_1_271' title='bbox 1669 2066 1887 2137; x_wconf 87' lang='grc' dir='ltr'>φροντί-</span> 
     </span>
    </p>
   </div>
   <div class='ocr_carea' id='block_1_37' title="bbox 306 2154 1891 2227">
    <p class='ocr_par' dir='ltr' id='par_1_37' title="bbox 306 2154 1891 2227">
     <span class='ocr_line' id='line_1_37' title="bbox 306 2154 1891 2227; baseline 0.004 -24"><span class='ocrx_word' id='word_1_272' title='bbox 306 2168 438 2217; x_wconf 88' lang='grc' dir='ltr'>σαι,</span> <span class='ocrx_word' id='word_1_273' title='bbox 487 2155 596 2208; x_wconf 85' lang='grc' dir='ltr'><strong>τῶν</strong></span> <span class='ocrx_word' id='word_1_274' title='bbox 643 2155 700 2208; x_wconf 86' lang='grc' dir='ltr'><strong>δὲ</strong></span> <span class='ocrx_word' id='word_1_275' title='bbox 750 2154 893 2209; x_wconf 80' lang='grc' dir='ltr'>οὐτω</span> <span class='ocrx_word' id='word_1_276' title='bbox 935 2155 1133 2227; x_wconf 78' lang='grc' dir='ltr'>τιμίων</span> <span class='ocrx_word' id='word_1_277' title='bbox 1190 2155 1498 2227; x_wconf 86' lang='grc' dir='ltr'>ὑπεριδεῖν,</span> <span class='ocrx_word' id='word_1_278' title='bbox 1552 2155 1667 2209; x_wconf 86' lang='grc' dir='ltr'>ἀλλ’</span> <span class='ocrx_word' id='word_1_279' title='bbox 1716 2155 1891 2209; x_wconf 73' lang='grc' dir='ltr'>ἔοικεν</span> 
     </span>
    </p>
   </div>
   <div class='ocr_carea' id='block_1_38' title="bbox 302 2244 1890 2322">
    <p class='ocr_par' dir='ltr' id='par_1_38' title="bbox 302 2244 1890 2322">
     <span class='ocr_line' id='line_1_38' title="bbox 302 2244 1890 2322; baseline 0.004 -24"><span class='ocrx_word' id='word_1_280' title='bbox 302 2244 495 2318; x_wconf 85' lang='grc' dir='ltr'>ὥσπερ</span> <span class='ocrx_word' id='word_1_281' title='bbox 554 2248 813 2319; x_wconf 79' lang='grc' dir='ltr'>ἐπίτηδες</span> <span class='ocrx_word' id='word_1_282' title='bbox 857 2249 1076 2318; x_wconf 82' lang='grc' dir='ltr'>ἀφελεῖν</span> <span class='ocrx_word' id='word_1_283' title='bbox 1126 2251 1305 2305; x_wconf 87' lang='grc' dir='ltr'>πάντα</span> <span class='ocrx_word' id='word_1_284' title='bbox 1353 2250 1420 2304; x_wconf 81' lang='grc' dir='ltr'>δι’</span> <span class='ocrx_word' id='word_1_285' title='bbox 1487 2244 1563 2305; x_wconf 85' lang='grc' dir='ltr'>ὧν</span> <span class='ocrx_word' id='word_1_286' title='bbox 1618 2250 1890 2322; x_wconf 83' lang='grc' dir='ltr'>ἐνδέχεται</span> 
     </span>
    </p>
   </div>
   <div class='ocr_carea' id='block_1_39' title="bbox 304 2338 967 2408">
    <p class='ocr_par' dir='ltr' id='par_1_39' title="bbox 304 2338 967 2408">
     <span class='ocr_line' id='line_1_39' title="bbox 304 2338 967 2408; baseline 0.009 -20"><span class='ocrx_word' id='word_1_287' title='bbox 304 2338 556 2408; x_wconf 84' lang='grc' dir='ltr'>προϊέναι</span> <span class='ocrx_word' id='word_1_288' title='bbox 587 2340 709 2395; x_wconf 88' lang='grc' dir='ltr'>καθ’</span> <span class='ocrx_word' id='word_1_289' title='bbox 743 2341 902 2396; x_wconf 81' lang='grc' dir='ltr'>αὐτά.</span> <span class='ocrx_word' id='word_1_290' title='bbox 947 2361 967 2394; x_wconf 87' lang='grc'><strong>›</strong></span> 
     </span>
    </p>
   </div>
   <div class='ocr_carea' id='block_1_40' title="bbox 376 2428 1890 2503">
    <p class='ocr_par' dir='ltr' id='par_1_40' title="bbox 376 2428 1890 2503">
     <span class='ocr_line' id='line_1_40' title="bbox 376 2428 1890 2503; baseline 0.003 -24"><span class='ocrx_word' id='word_1_291' title='bbox 376 2428 439 2480; x_wconf 75' lang='lat' dir='ltr'><strong>Ei</strong></span> <span class='ocrx_word' id='word_1_292' title='bbox 471 2428 581 2481; x_wconf 85' lang='grc' dir='ltr'>τῶν</span> <span class='ocrx_word' id='word_1_293' title='bbox 610 2429 794 2482; x_wconf 82' lang='grc' dir='ltr'>ἀϊδίων</span> <span class='ocrx_word' id='word_1_294' title='bbox 825 2447 885 2483; x_wconf 89' lang='grc' dir='ltr'><strong>τε</strong></span> <span class='ocrx_word' id='word_1_295' title='bbox 918 2431 1012 2485; x_wconf 75' lang='grc' dir='ltr'><strong>καὶ</strong></span> <span class='ocrx_word' id='word_1_296' title='bbox 1045 2432 1328 2503; x_wconf 84' lang='grc' dir='ltr'>ἀγενήτων</span> <span class='ocrx_word' id='word_1_297' title='bbox 1356 2432 1533 2495; x_wconf 90' lang='grc' dir='ltr'>οὐδείς</span> <span class='ocrx_word' id='word_1_298' title='bbox 1564 2432 1682 2485; x_wconf 79' lang='grc' dir='ltr'>ἐστι</span> <span class='ocrx_word' id='word_1_299' title='bbox 1730 2448 1890 2503; x_wconf 86' lang='grc' dir='ltr'>ποιη-</span> 
     </span>
    </p>
   </div>
   <div class='ocr_carea' id='block_1_41' title="bbox 303 2518 1892 2596">
    <p class='ocr_par' dir='ltr' id='par_1_41' title="bbox 303 2518 1892 2596">
     <span class='ocr_line' id='line_1_41' title="bbox 303 2518 1892 2596; baseline 0.003 -25"><span class='ocrx_word' id='word_1_300' title='bbox 303 2518 407 2590; x_wconf 81' lang='grc' dir='ltr'><strong>τὴς</strong></span> <span class='ocrx_word' id='word_1_301' title='bbox 432 2558 448 2582; x_wconf 91' lang='grc'><strong>,</strong></span> <span class='ocrx_word' id='word_1_302' title='bbox 479 2520 603 2573; x_wconf 87' lang='grc' dir='ltr'>οὐδὲ</span> <span class='ocrx_word' id='word_1_303' title='bbox 645 2522 889 2593; x_wconf 84' lang='grc' dir='ltr'>φροντίδι</span> <span class='ocrx_word' id='word_1_304' title='bbox 921 2524 1068 2588; x_wconf 88' lang='grc' dir='ltr'>τινός</span> <span class='ocrx_word' id='word_1_305' title='bbox 1097 2526 1234 2579; x_wconf 81' lang='grc' dir='ltr'>εἰσιν</span> <span class='ocrx_word' id='word_1_306' title='bbox 1269 2525 1306 2580; x_wconf 81' lang='grc' dir='ltr'><strong>ἆ</strong></span> <span class='ocrx_word' id='word_1_307' title='bbox 1332 2528 1474 2579; x_wconf 72' lang='grc' dir='ltr'>εἰσιν</span> <span class='ocrx_word' id='word_1_308' title='bbox 1495 2567 1510 2592; x_wconf 97' lang='grc'><strong>,</strong></span> <span class='ocrx_word' id='word_1_309' title='bbox 1545 2524 1578 2596; x_wconf 81' lang='grc' dir='ltr'><strong>ἧ</strong></span> <span class='ocrx_word' id='word_1_310' title='bbox 1606 2524 1822 2595; x_wconf 79' lang='grc' dir='ltr'>ἔχουσιν</span> <span class='ocrx_word' id='word_1_311' title='bbox 1856 2523 1892 2577; x_wconf 77' lang='grc' dir='ltr'><strong>ἆ</strong></span> 
     </span>
    </p>
   </div>
   <div class='ocr_carea' id='block_1_42' title="bbox 303 2608 1893 2689">
    <p class='ocr_par' dir='ltr' id='par_1_42' title="bbox 303 2608 1893 2689">
     <span class='ocr_line' id='line_1_42' title="bbox 303 2608 1893 2689; baseline 0.004 -28"><span class='ocrx_word' id='word_1_312' title='bbox 303 2608 486 2680; x_wconf 76' lang='grc' dir='ltr'>έχουσι</span> <span class='ocrx_word' id='word_1_313' title='bbox 522 2612 663 2666; x_wconf 88' lang='grc' dir='ltr'><strong>κατά</strong></span> <span class='ocrx_word' id='word_1_314' title='bbox 700 2615 861 2683; x_wconf 88' lang='grc' dir='ltr'>φύσιν</span> <span class='ocrx_word' id='word_1_315' title='bbox 880 2632 895 2646; x_wconf 77' lang='grc' dir='ltr'><strong>ο</strong></span> <span class='ocrx_word' id='word_1_316' title='bbox 933 2618 1084 2681; x_wconf 86' lang='grc' dir='ltr'>πῶς,</span> <span class='ocrx_word' id='word_1_317' title='bbox 1122 2618 1171 2670; x_wconf 75' lang='grc' dir='ltr'><strong>εἰ</strong></span> <span class='ocrx_word' id='word_1_318' title='bbox 1202 2617 1466 2689; x_wconf 75' lang='grc' dir='ltr'>ἀγένητός</span> <span class='ocrx_word' id='word_1_319' title='bbox 1496 2619 1649 2671; x_wconf 87' lang='grc' dir='ltr'>ἐστιν</span> <span class='ocrx_word' id='word_1_320' title='bbox 1672 2619 1701 2671; x_wconf 88' lang='grc' dir='ltr'>ὁ</span> <span class='ocrx_word' id='word_1_321' title='bbox 1731 2617 1893 2688; x_wconf 87' lang='grc' dir='ltr'>οὐρα-</span> 
     </span>
    </p>
   </div>
   <div class='ocr_carea' id='block_1_43' title="bbox 303 2701 1893 2781">
    <p class='ocr_par' dir='ltr' id='par_1_43' title="bbox 303 2701 1893 2781">
     <span class='ocr_line' id='line_1_43' title="bbox 303 2701 1893 2781; baseline 0.005 -27"><span class='ocrx_word' id='word_1_322' title='bbox 303 2701 395 2765; x_wconf 80' lang='grc' dir='ltr'><strong>νὸς</strong></span> <span class='ocrx_word' id='word_1_323' title='bbox 455 2704 547 2757; x_wconf 77' lang='grc' dir='ltr'><strong>καὶ</strong></span> <span class='ocrx_word' id='word_1_324' title='bbox 590 2704 659 2758; x_wconf 90' lang='grc' dir='ltr'><strong>τά</strong></span> <span class='ocrx_word' id='word_1_325' title='bbox 704 2707 762 2759; x_wconf 87' lang='grc' dir='ltr'><strong>ἐν</strong></span> <span class='ocrx_word' id='word_1_326' title='bbox 810 2707 889 2778; x_wconf 84' lang='grc' dir='ltr'>τῷ</span> <span class='ocrx_word' id='word_1_327' title='bbox 935 2708 1153 2779; x_wconf 84' lang='grc' dir='ltr'>οὐρανῷ</span> <span class='ocrx_word' id='word_1_328' title='bbox 1202 2710 1503 2781; x_wconf 84' lang='grc' dir='ltr'>φαινόμενα</span> <span class='ocrx_word' id='word_1_329' title='bbox 1552 2709 1893 2780; x_wconf 87' lang='grc' dir='ltr'>συναγένητα</span> 
     </span>
    </p>
   </div>
   <div class='ocr_carea' id='block_1_44' title="bbox 304 2790 1887 2875">
    <p class='ocr_par' dir='ltr' id='par_1_44' title="bbox 304 2790 1887 2875">
     <span class='ocr_line' id='line_1_44' title="bbox 304 2790 1887 2875; baseline 0.006 -32"><span class='ocrx_word' id='word_1_330' title='bbox 304 2790 540 2863; x_wconf 80' lang='grc' dir='ltr'>ὑπάρχει</span> <span class='ocrx_word' id='word_1_331' title='bbox 575 2794 760 2865; x_wconf 88' lang='grc' dir='ltr'>αὐτῷ,</span> <span class='ocrx_word' id='word_1_332' title='bbox 793 2794 894 2867; x_wconf 81' lang='grc' dir='ltr'><strong>τὴν</strong></span> <span class='ocrx_word' id='word_1_333' title='bbox 928 2798 1089 2866; x_wconf 87' lang='grc' dir='ltr'>φύσιν</span> <span class='ocrx_word' id='word_1_334' title='bbox 1118 2797 1231 2875; x_wconf 73' lang='grc' dir='ltr'>ἔχει</span> <span class='ocrx_word' id='word_1_335' title='bbox 1254 2799 1486 2870; x_wconf 81' lang='grc' dir='ltr'>ποιητήν</span> <span class='ocrx_word' id='word_1_336' title='bbox 1514 2815 1573 2851; x_wconf 87' lang='grc' dir='ltr'><strong>τε</strong></span> <span class='ocrx_word' id='word_1_337' title='bbox 1602 2798 1699 2851; x_wconf 60' lang='grc' dir='ltr'><strong>καλ¹</strong></span> <span class='ocrx_word' id='word_1_338' title='bbox 1728 2815 1887 2868; x_wconf 84' lang='grc' dir='ltr'>φρον-</span> 
     </span>
    </p>
   </div>
   <div class='ocr_carea' id='block_1_45' title="bbox 301 2888 1890 2963">
    <p class='ocr_par' dir='ltr' id='par_1_45' title="bbox 301 2888 1890 2963">
     <span class='ocr_line' id='line_1_45' title="bbox 301 2888 1890 2963; baseline 0.004 -25"><span class='ocrx_word' id='word_1_339' title='bbox 301 2888 495 2959; x_wconf 81' lang='grc' dir='ltr'>τιστὴν</span> <span class='ocrx_word' id='word_1_340' title='bbox 542 2888 652 2942; x_wconf 85' lang='grc' dir='ltr'>τῶν</span> <span class='ocrx_word' id='word_1_341' title='bbox 686 2890 825 2961; x_wconf 81' lang='grc' dir='ltr'>πρὸς</span> <span class='ocrx_word' id='word_1_342' title='bbox 863 2892 964 2963; x_wconf 81' lang='grc' dir='ltr'>τὴν</span> <span class='ocrx_word' id='word_1_343' title='bbox 1012 2892 1272 2946; x_wconf 89' lang='grc' dir='ltr'>σύστασιν</span> <span class='ocrx_word' id='word_1_344' title='bbox 1307 2892 1486 2947; x_wconf 84' lang='grc' dir='ltr'>αὐτῶν</span> <span class='ocrx_word' id='word_1_345' title='bbox 1519 2892 1890 2963; x_wconf 90' lang='grc' dir='ltr'>τελουμένων;</span> 
     </span>
    </p>
   </div>
   <div class='ocr_carea' id='block_1_46' title="bbox 303 2976 1895 3056">
    <p class='ocr_par' dir='ltr' id='par_1_46' title="bbox 303 2976 1895 3056">
     <span class='ocr_line' id='line_1_46' title="bbox 303 2976 1895 3056; baseline -0.003 -17"><span class='ocrx_word' id='word_1_346' title='bbox 303 2976 368 3029; x_wconf 57' lang='lat' dir='ltr'><strong>El</strong></span> <span class='ocrx_word' id='word_1_347' title='bbox 395 2977 636 3049; x_wconf 80' lang='grc' dir='ltr'>ἥρμοττε</span> <span class='ocrx_word' id='word_1_348' title='bbox 655 2980 733 3051; x_wconf 82' lang='grc' dir='ltr'><strong>τῷ</strong></span> <span class='ocrx_word' id='word_1_349' title='bbox 764 2982 894 3053; x_wconf 77' lang='grc' dir='ltr'>περὶ</span> <span class='ocrx_word' id='word_1_350' title='bbox 927 2984 1026 3054; x_wconf 82' lang='grc' dir='ltr'>τῆς</span> <span class='ocrx_word' id='word_1_351' title='bbox 1054 2984 1321 3056; x_wconf 82' lang='grc' dir='ltr'>κινήσεως</span> <span class='ocrx_word' id='word_1_352' title='bbox 1341 2984 1449 3038; x_wconf 84' lang='grc' dir='ltr'><strong>τῶν</strong></span> <span class='ocrx_word' id='word_1_353' title='bbox 1472 2984 1659 3038; x_wconf 82' lang='grc' dir='ltr'>ἀϊδίων</span> <span class='ocrx_word' id='word_1_354' title='bbox 1692 2984 1782 3045; x_wconf 81' lang='grc' dir='ltr'><strong>τὸν</strong></span> <span class='ocrx_word' id='word_1_355' title='bbox 1809 2982 1895 3035; x_wconf 86' lang='grc' dir='ltr'>λό-</span> 
     </span>
    </p>
   </div>
   <div class='ocr_carea' id='block_1_47' title="bbox 302 3072 1895 3155">
    <p class='ocr_par' dir='ltr' id='par_1_47' title="bbox 302 3072 1895 3155">
     <span class='ocr_line' id='line_1_47' title="bbox 302 3072 1895 3155; baseline 0.006 -35"><span class='ocrx_word' id='word_1_356' title='bbox 302 3084 398 3135; x_wconf 66' lang='grc' dir='ltr'>γον</span> <span class='ocrx_word' id='word_1_357' title='bbox 432 3072 740 3145; x_wconf 81' lang='grc' dir='ltr'>ποιουμένῳ</span> <span class='ocrx_word' id='word_1_358' title='bbox 771 3074 833 3127; x_wconf 81' lang='grc' dir='ltr'><strong>τὸ</strong></span> <span class='ocrx_word' id='word_1_359' title='bbox 865 3076 1041 3144; x_wconf 85' lang='grc' dir='ltr'>λέγειν</span> <span class='ocrx_word' id='word_1_360' title='bbox 1088 3076 1184 3155; x_wconf 87' lang='grc' dir='ltr'><strong>τὴν</strong></span> <span class='ocrx_word' id='word_1_361' title='bbox 1214 3077 1375 3146; x_wconf 87' lang='grc' dir='ltr'>φύσιν</span> <span class='ocrx_word' id='word_1_362' title='bbox 1419 3078 1585 3148; x_wconf 80' lang='grc' dir='ltr'>μηδὲν</span> <span class='ocrx_word' id='word_1_363' title='bbox 1618 3077 1694 3140; x_wconf 81' lang='grc' dir='ltr'>ὡς</span> <span class='ocrx_word' id='word_1_364' title='bbox 1737 3076 1895 3151; x_wconf 72' lang='grc' dir='ltr'>ἔτυχε</span> 
     </span>
    </p>
   </div>
   <div class='ocr_carea' id='block_1_48' title="bbox 305 3165 1897 3243">
    <p class='ocr_par' dir='ltr' id='par_1_48' title="bbox 305 3165 1897 3243">
     <span class='ocr_line' id='line_1_48' title="bbox 305 3165 1897 3243; baseline 0.006 -29"><span class='ocrx_word' id='word_1_365' title='bbox 305 3165 511 3215; x_wconf 84' lang='grc' dir='ltr'>ποιεῖν·</span> <span class='ocrx_word' id='word_1_366' title='bbox 543 3165 661 3229; x_wconf 78' lang='grc' dir='ltr'><strong>πῶς</strong></span> <span class='ocrx_word' id='word_1_367' title='bbox 688 3167 788 3219; x_wconf 82' lang='grc' dir='ltr'><strong>οὐκ</strong></span> <span class='ocrx_word' id='word_1_368' title='bbox 820 3166 937 3221; x_wconf 79' lang='grc' dir='ltr'>ἔστι</span> <span class='ocrx_word' id='word_1_369' title='bbox 969 3168 1127 3239; x_wconf 82' lang='grc' dir='ltr'>δῆλον</span> <span class='ocrx_word' id='word_1_370' title='bbox 1159 3208 1173 3234; x_wconf 93' lang='grc'><strong>,</strong></span> <span class='ocrx_word' id='word_1_371' title='bbox 1204 3170 1286 3222; x_wconf 82' lang='grc' dir='ltr'>ὅτι</span> <span class='ocrx_word' id='word_1_372' title='bbox 1340 3169 1615 3243; x_wconf 77' lang='grc' dir='ltr'>ἔργαείσὶ</span> <span class='ocrx_word' id='word_1_373' title='bbox 1655 3169 1754 3238; x_wconf 82' lang='grc' dir='ltr'>τῆς</span> <span class='ocrx_word' id='word_1_374' title='bbox 1803 3170 1897 3238; x_wconf 83' lang='grc' dir='ltr'>φύ-</span> 
     </span>
    </p>
   </div>
   <div class='ocr_carea' id='block_1_49' title="bbox 1992 1954 3579 2022">
    <p class='ocr_par' dir='ltr' id='par_1_49' title="bbox 1992 1954 3579 2022">
     <span class='ocr_line' id='line_1_49' title="bbox 1992 1954 3579 2022; baseline -0.008 -2"><span class='ocrx_word' id='word_1_375' title='bbox 1992 1976 2189 2022; x_wconf 73' lang='lat' dir='ltr'><strong>natura</strong></span> <span class='ocrx_word' id='word_1_376' title='bbox 2217 1966 2645 2020; x_wconf 83' lang='lat' dir='ltr'><strong>instrumentum</strong></span> <span class='ocrx_word' id='word_1_377' title='bbox 2662 1961 2874 2017; x_wconf 77' lang='lat' dir='ltr'><strong>dederit</strong></span> <span class='ocrx_word' id='word_1_378' title='bbox 2896 1961 2963 2015; x_wconf 87' lang='lat' dir='ltr'><strong>ad</strong></span> <span class='ocrx_word' id='word_1_379' title='bbox 2981 1968 3189 2015; x_wconf 92' lang='lat' dir='ltr'><strong>motum</strong></span> <span class='ocrx_word' id='word_1_380' title='bbox 3218 1976 3230 2011; x_wconf 93' lang='lat'>:</span> <span class='ocrx_word' id='word_1_381' title='bbox 3267 1958 3406 2013; x_wconf 85' lang='lat' dir='ltr'><strong>nihil</strong></span> <span class='ocrx_word' id='word_1_382' title='bbox 3431 1954 3579 2012; x_wconf 86' lang='lat' dir='ltr'><strong>cnim</strong></span> 
     </span>
    </p>
   </div>
   <div class='ocr_carea' id='block_1_50' title="bbox 1993 2048 3579 2119">
    <p class='ocr_par' dir='ltr' id='par_1_50' title="bbox 1993 2048 3579 2119">
     <span class='ocr_line' id='line_1_50' title="bbox 1993 2048 3579 2119; baseline -0.007 -6"><span class='ocrx_word' id='word_1_383' title='bbox 1993 2069 2199 2115; x_wconf 85' lang='lat' dir='ltr'><strong>temere</strong></span> <span class='ocrx_word' id='word_1_384' title='bbox 2224 2055 2356 2111; x_wconf 77' lang='lat' dir='ltr'><strong>facit</strong></span> <span class='ocrx_word' id='word_1_385' title='bbox 2415 2063 2634 2111; x_wconf 90' lang='lat' dir='ltr'><strong>natura.</strong></span> <span class='ocrx_word' id='word_1_386' title='bbox 2660 2052 2773 2109; x_wconf 89' lang='lat' dir='ltr'><strong>Nec</strong></span> <span class='ocrx_word' id='word_1_387' title='bbox 2802 2052 3023 2107; x_wconf 87' lang='lat' dir='ltr'><strong>videtur</strong></span> <span class='ocrx_word' id='word_1_388' title='bbox 3068 2050 3428 2105; x_wconf 89' lang='lat' dir='ltr'><strong>animantium</strong></span> <span class='ocrx_word' id='word_1_389' title='bbox 3457 2048 3579 2119; x_wconf 85' lang='lat' dir='ltr'><strong>qui-</strong></span> 
     </span>
    </p>
   </div>
   <div class='ocr_carea' id='block_1_51' title="bbox 1993 2147 3579 2219">
    <p class='ocr_par' dir='ltr' id='par_1_51' title="bbox 1993 2147 3579 2219">
     <span class='ocr_line' id='line_1_51' title="bbox 1993 2147 3579 2219; baseline -0.007 -13"><span class='ocrx_word' id='word_1_390' title='bbox 1993 2153 2113 2206; x_wconf 84' lang='lat' dir='ltr'><strong>dem</strong></span> <span class='ocrx_word' id='word_1_391' title='bbox 2146 2164 2334 2206; x_wconf 88' lang='lat' dir='ltr'><strong>curam</strong></span> <span class='ocrx_word' id='word_1_392' title='bbox 2390 2148 2653 2219; x_wconf 88' lang='lat' dir='ltr'><strong>gessisse,</strong></span> <span class='ocrx_word' id='word_1_393' title='bbox 2701 2160 2795 2201; x_wconf 87' lang='lat' dir='ltr'><strong>res</strong></span> <span class='ocrx_word' id='word_1_394' title='bbox 2821 2158 2953 2199; x_wconf 83' lang='lat' dir='ltr'><strong>vero</strong></span> <span class='ocrx_word' id='word_1_395' title='bbox 2983 2150 3093 2197; x_wconf 91' lang='lat' dir='ltr'><strong>tam</strong></span> <span class='ocrx_word' id='word_1_396' title='bbox 3128 2147 3455 2212; x_wconf 69' lang='lat' dir='ltr'><strong>prmstantcs</strong></span> <span class='ocrx_word' id='word_1_397' title='bbox 3482 2154 3579 2195; x_wconf 85' lang='lat' dir='ltr'><strong>ne-</strong></span> 
     </span>
    </p>
   </div>
   <div class='ocr_carea' id='block_1_52' title="bbox 1993 2231 3579 2313">
    <p class='ocr_par' dir='ltr' id='par_1_52' title="bbox 1993 2231 3579 2313">
     <span class='ocr_line' id='line_1_52' title="bbox 1993 2231 3579 2313; baseline -0.008 -16"><span class='ocrx_word' id='word_1_398' title='bbox 1993 2243 2228 2313; x_wconf 82' lang='lat' dir='ltr'><strong>glexisse</strong></span> <span class='ocrx_word' id='word_1_399' title='bbox 2259 2257 2272 2293; x_wconf 74' lang='grc' dir='ltr'>ε</span> <span class='ocrx_word' id='word_1_400' title='bbox 2308 2240 2406 2296; x_wconf 89' lang='lat' dir='ltr'><strong>sed</strong></span> <span class='ocrx_word' id='word_1_401' title='bbox 2461 2238 2618 2310; x_wconf 89' lang='lat' dir='ltr'><strong>quasi</strong></span> <span class='ocrx_word' id='word_1_402' title='bbox 2665 2237 2734 2293; x_wconf 91' lang='lat' dir='ltr'><strong>de</strong></span> <span class='ocrx_word' id='word_1_403' title='bbox 2785 2235 3058 2291; x_wconf 86' lang='lat' dir='ltr'><strong>industria</strong></span> <span class='ocrx_word' id='word_1_404' title='bbox 3104 2233 3375 2289; x_wconf 89' lang='lat' dir='ltr'><strong>ademisse</strong></span> <span class='ocrx_word' id='word_1_405' title='bbox 3395 2231 3579 2286; x_wconf 87' lang='lat' dir='ltr'><strong>omnia</strong></span> 
     </span>
    </p>
   </div>
   <div class='ocr_carea' id='block_1_53' title="bbox 1994 2331 3014 2407">
    <p class='ocr_par' dir='ltr' id='par_1_53' title="bbox 1994 2331 3014 2407">
     <span class='ocr_line' id='line_1_53' title="bbox 1994 2331 3014 2407; baseline -0.01 -16"><span class='ocrx_word' id='word_1_406' title='bbox 1994 2336 2195 2407; x_wconf 89' lang='lat' dir='ltr'><strong>quibus</strong></span> <span class='ocrx_word' id='word_1_407' title='bbox 2226 2348 2324 2404; x_wconf 88' lang='lat' dir='ltr'><strong>per</strong></span> <span class='ocrx_word' id='word_1_408' title='bbox 2344 2349 2404 2389; x_wconf 90' lang='lat' dir='ltr'><strong>se</strong></span> <span class='ocrx_word' id='word_1_409' title='bbox 2432 2331 2689 2403; x_wconf 84' lang='lat' dir='ltr'><strong>progredi</strong></span> <span class='ocrx_word' id='word_1_410' title='bbox 2717 2336 2965 2402; x_wconf 86' lang='lat' dir='ltr'><strong>possent.</strong></span> <span class='ocrx_word' id='word_1_411' title='bbox 2996 2349 3014 2381; x_wconf 83' lang='grc'><strong>)</strong></span> 
     </span>
    </p>
   </div>
   <div class='ocr_carea' id='block_1_54' title="bbox 2068 2420 3580 2495">
    <p class='ocr_par' dir='ltr' id='par_1_54' title="bbox 2068 2420 3580 2495">
     <span class='ocr_line' id='line_1_54' title="bbox 2068 2420 3580 2495; baseline -0.008 -13"><span class='ocrx_word' id='word_1_412' title='bbox 2068 2427 2126 2482; x_wconf 90' lang='lat' dir='ltr'><strong>Si</strong></span> <span class='ocrx_word' id='word_1_413' title='bbox 2146 2435 2478 2482; x_wconf 73' lang='lat' dir='ltr'><strong>aaternorum</strong></span> <span class='ocrx_word' id='word_1_414' title='bbox 2508 2433 2674 2495; x_wconf 86' lang='lat' dir='ltr'><strong>atque</strong></span> <span class='ocrx_word' id='word_1_415' title='bbox 2723 2423 3095 2494; x_wconf 89' lang='lat' dir='ltr'><strong>ingenitorum</strong></span> <span class='ocrx_word' id='word_1_416' title='bbox 3130 2420 3317 2475; x_wconf 92' lang='lat' dir='ltr'><strong>nullus</strong></span> <span class='ocrx_word' id='word_1_417' title='bbox 3345 2426 3430 2473; x_wconf 90' lang='lat' dir='ltr'><strong>est</strong></span> <span class='ocrx_word' id='word_1_418' title='bbox 3454 2431 3580 2472; x_wconf 85' lang='lat' dir='ltr'><strong>con-</strong></span> 
     </span>
    </p>
   </div>
   <div class='ocr_carea' id='block_1_55' title="bbox 1995 2509 3578 2590">
    <p class='ocr_par' dir='ltr' id='par_1_55' title="bbox 1995 2509 3578 2590">
     <span class='ocr_line' id='line_1_55' title="bbox 1995 2509 3578 2590; baseline -0.009 -15"><span class='ocrx_word' id='word_1_419' title='bbox 1995 2520 2162 2585; x_wconf 82' lang='lat' dir='ltr'><strong>diter,</strong></span> <span class='ocrx_word' id='word_1_420' title='bbox 2214 2535 2393 2590; x_wconf 89' lang='lat' dir='ltr'><strong>neque</strong></span> <span class='ocrx_word' id='word_1_421' title='bbox 2435 2518 2766 2588; x_wconf 86' lang='lat' dir='ltr'><strong>cujusquam</strong></span> <span class='ocrx_word' id='word_1_422' title='bbox 2809 2530 2940 2570; x_wconf 90' lang='lat' dir='ltr'><strong>cura</strong></span> <span class='ocrx_word' id='word_1_423' title='bbox 2987 2520 3114 2569; x_wconf 91' lang='lat' dir='ltr'><strong>sunt</strong></span> <span class='ocrx_word' id='word_1_424' title='bbox 3156 2512 3213 2567; x_wconf 93' lang='lat' dir='ltr'><strong>id</strong></span> <span class='ocrx_word' id='word_1_425' title='bbox 3246 2509 3393 2581; x_wconf 90' lang='lat' dir='ltr'><strong>quod</strong></span> <span class='ocrx_word' id='word_1_426' title='bbox 3427 2515 3578 2573; x_wconf 82' lang='lat' dir='ltr'><strong>sunt,</strong></span> 
     </span>
    </p>
   </div>
   <div class='ocr_carea' id='block_1_56' title="bbox 1997 2602 3578 2683">
    <p class='ocr_par' dir='ltr' id='par_1_56' title="bbox 1997 2602 3578 2683">
     <span class='ocr_line' id='line_1_56' title="bbox 1997 2602 3578 2683; baseline -0.008 -14"><span class='ocrx_word' id='word_1_427' title='bbox 1997 2623 2092 2669; x_wconf 91' lang='lat' dir='ltr'><strong>aut</strong></span> <span class='ocrx_word' id='word_1_428' title='bbox 2121 2614 2322 2669; x_wconf 85' lang='lat' dir='ltr'><strong>habent</strong></span> <span class='ocrx_word' id='word_1_429' title='bbox 2382 2611 2439 2667; x_wconf 91' lang='lat' dir='ltr'><strong>id</strong></span> <span class='ocrx_word' id='word_1_430' title='bbox 2468 2610 2617 2683; x_wconf 88' lang='lat' dir='ltr'><strong>quod</strong></span> <span class='ocrx_word' id='word_1_431' title='bbox 2668 2617 2867 2664; x_wconf 88' lang='lat' dir='ltr'><strong>natura</strong></span> <span class='ocrx_word' id='word_1_432' title='bbox 2903 2608 3107 2663; x_wconf 89' lang='lat' dir='ltr'><strong>habent</strong></span> <span class='ocrx_word' id='word_1_433' title='bbox 3140 2624 3154 2662; x_wconf 88' lang='lat'><strong>:</strong></span> <span class='ocrx_word' id='word_1_434' title='bbox 3188 2604 3488 2676; x_wconf 90' lang='lat' dir='ltr'><strong>quomodo,</strong></span> <span class='ocrx_word' id='word_1_435' title='bbox 3532 2602 3578 2659; x_wconf 88' lang='lat' dir='ltr'><strong>si</strong></span> 
     </span>
    </p>
   </div>
   <div class='ocr_carea' id='block_1_57' title="bbox 1996 2696 3582 2779">
    <p class='ocr_par' dir='ltr' id='par_1_57' title="bbox 1996 2696 3582 2779">
     <span class='ocr_line' id='line_1_57' title="bbox 1996 2696 3582 2779; baseline -0.009 -16"><span class='ocrx_word' id='word_1_436' title='bbox 1996 2708 2296 2779; x_wconf 88' lang='lat' dir='ltr'><strong>ingenitum</strong></span> <span class='ocrx_word' id='word_1_437' title='bbox 2321 2712 2407 2761; x_wconf 92' lang='lat' dir='ltr'><strong>est</strong></span> <span class='ocrx_word' id='word_1_438' title='bbox 2426 2706 2651 2769; x_wconf 58' lang='lat' dir='ltr'><strong>caelum,</strong></span> <span class='ocrx_word' id='word_1_439' title='bbox 2688 2709 2743 2759; x_wconf 87' lang='lat' dir='ltr'><strong>et</strong></span> <span class='ocrx_word' id='word_1_440' title='bbox 2793 2716 2916 2772; x_wconf 61' lang='lat' dir='ltr'><strong>qum</strong></span> <span class='ocrx_word' id='word_1_441' title='bbox 2944 2701 2999 2754; x_wconf 91' lang='lat' dir='ltr'><strong>in</strong></span> <span class='ocrx_word' id='word_1_442' title='bbox 3028 2714 3095 2755; x_wconf 89' lang='lat' dir='ltr'><strong>eo</strong></span> <span class='ocrx_word' id='word_1_443' title='bbox 3126 2704 3393 2769; x_wconf 88' lang='lat' dir='ltr'><strong>apparent</strong></span> <span class='ocrx_word' id='word_1_444' title='bbox 3416 2696 3582 2752; x_wconf 91' lang='lat' dir='ltr'><strong>simul</strong></span> 
     </span>
    </p>
   </div>
   <div class='ocr_carea' id='block_1_58' title="bbox 1996 2787 3583 2871">
    <p class='ocr_par' dir='ltr' id='par_1_58' title="bbox 1996 2787 3583 2871">
     <span class='ocr_line' id='line_1_58' title="bbox 1996 2787 3583 2871; baseline -0.008 -17"><span class='ocrx_word' id='word_1_445' title='bbox 1996 2800 2258 2871; x_wconf 87' lang='lat' dir='ltr'><strong>ingenita,</strong></span> <span class='ocrx_word' id='word_1_446' title='bbox 2286 2805 2540 2852; x_wconf 90' lang='lat' dir='ltr'><strong>naturam</strong></span> <span class='ocrx_word' id='word_1_447' title='bbox 2570 2796 2774 2851; x_wconf 88' lang='lat' dir='ltr'><strong>habent</strong></span> <span class='ocrx_word' id='word_1_448' title='bbox 2795 2803 2851 2849; x_wconf 91' lang='lat' dir='ltr'><strong>et</strong></span> <span class='ocrx_word' id='word_1_449' title='bbox 2879 2791 3241 2847; x_wconf 90' lang='lat' dir='ltr'><strong>conditricem</strong></span> <span class='ocrx_word' id='word_1_450' title='bbox 3261 2796 3315 2844; x_wconf 92' lang='lat' dir='ltr'><strong>et</strong></span> <span class='ocrx_word' id='word_1_451' title='bbox 3346 2787 3583 2842; x_wconf 87' lang='lat' dir='ltr'><strong>curatri—</strong></span> 
     </span>
    </p>
   </div>
   <div class='ocr_carea' id='block_1_59' title="bbox 1997 2880 3580 2961">
    <p class='ocr_par' dir='ltr' id='par_1_59' title="bbox 1997 2880 3580 2961">
     <span class='ocr_line' id='line_1_59' title="bbox 1997 2880 3580 2961; baseline -0.008 -16"><span class='ocrx_word' id='word_1_452' title='bbox 1997 2906 2114 2947; x_wconf 90' lang='lat' dir='ltr'><strong>cem</strong></span> <span class='ocrx_word' id='word_1_453' title='bbox 2135 2906 2350 2954; x_wconf 89' lang='lat' dir='ltr'><strong>eorum,</strong></span> <span class='ocrx_word' id='word_1_454' title='bbox 2376 2904 2499 2961; x_wconf 69' lang='lat' dir='ltr'><strong>quae</strong></span> <span class='ocrx_word' id='word_1_455' title='bbox 2522 2887 2591 2943; x_wconf 89' lang='lat' dir='ltr'><strong>ad</strong></span> <span class='ocrx_word' id='word_1_456' title='bbox 2628 2887 2787 2957; x_wconf 81' lang='lat'><strong>581</strong></span> <span class='ocrx_word' id='word_1_457' title='bbox 2830 2883 3283 2940; x_wconf 89' lang='lat' dir='ltr'><strong>constitutionem</strong></span> <span class='ocrx_word' id='word_1_458' title='bbox 3334 2880 3580 2949; x_wconf 89' lang='lat' dir='ltr'><strong>ipsorum</strong></span> 
     </span>
    </p>
   </div>
   <div class='ocr_carea' id='block_1_60' title="bbox 1998 2981 3581 3037">
    <p class='ocr_par' dir='ltr' id='par_1_60' title="bbox 1998 2981 3581 3037">
     <span class='ocr_line' id='line_1_60' title="bbox 1998 2981 3581 3037; baseline -0.006 -2"><span class='ocrx_word' id='word_1_459' title='bbox 1998 2982 2239 3037; x_wconf 81' lang='lat' dir='ltr'><strong>faciunt?</strong></span> <span class='ocrx_word' id='word_1_460' title='bbox 2270 2982 2328 3037; x_wconf 90' lang='lat' dir='ltr'><strong>Si</strong></span> <span class='ocrx_word' id='word_1_461' title='bbox 2354 2982 2716 3037; x_wconf 83' lang='lat' dir='ltr'><strong>conveniebat</strong></span> <span class='ocrx_word' id='word_1_462' title='bbox 2741 2981 2808 3034; x_wconf 92' lang='lat' dir='ltr'><strong>de</strong></span> <span class='ocrx_word' id='word_1_463' title='bbox 2840 2985 2991 3031; x_wconf 93' lang='lat' dir='ltr'><strong>motu</strong></span> <span class='ocrx_word' id='word_1_464' title='bbox 3021 2991 3205 3032; x_wconf 89' lang='lat' dir='ltr'><strong>rerum</strong></span> <span class='ocrx_word' id='word_1_465' title='bbox 3250 2983 3581 3029; x_wconf 83' lang='lat' dir='ltr'><strong>aeternarum</strong></span> 
     </span>
    </p>
   </div>
   <div class='ocr_carea' id='block_1_61' title="bbox 1998 3067 3581 3147">
    <p class='ocr_par' dir='ltr' id='par_1_61' title="bbox 1998 3067 3581 3147">
     <span class='ocr_line' id='line_1_61' title="bbox 1998 3067 3581 3147; baseline -0.005 -20"><span class='ocrx_word' id='word_1_466' title='bbox 1998 3076 2179 3147; x_wconf 79' lang='lat' dir='ltr'><strong>agenti</strong></span> <span class='ocrx_word' id='word_1_467' title='bbox 2213 3074 2417 3139; x_wconf 88' lang='lat' dir='ltr'><strong>dicere,</strong></span> <span class='ocrx_word' id='word_1_468' title='bbox 2461 3081 2717 3128; x_wconf 89' lang='lat' dir='ltr'><strong>naturam</strong></span> <span class='ocrx_word' id='word_1_469' title='bbox 2774 3071 2912 3126; x_wconf 89' lang='lat' dir='ltr'><strong>nihil</strong></span> <span class='ocrx_word' id='word_1_470' title='bbox 2951 3079 3159 3125; x_wconf 88' lang='lat' dir='ltr'><strong>temere</strong></span> <span class='ocrx_word' id='word_1_471' title='bbox 3200 3067 3581 3134; x_wconf 80' lang='lat' dir='ltr'><strong>facerezquo—</strong></span> 
     </span>
    </p>
   </div>
   <div class='ocr_carea' id='block_1_62' title="bbox 1998 3150 3582 3237">
    <p class='ocr_par' dir='ltr' id='par_1_62' title="bbox 1998 3150 3582 3237">
     <span class='ocr_line' id='line_1_62' title="bbox 1998 3150 3582 3237; baseline -0.006 -16"><span class='ocrx_word' id='word_1_472' title='bbox 1998 3166 2163 3221; x_wconf 87' lang='lat' dir='ltr'><strong>modo</strong></span> <span class='ocrx_word' id='word_1_473' title='bbox 2192 3165 2543 3237; x_wconf 89' lang='lat' dir='ltr'><strong>perspicuum</strong></span> <span class='ocrx_word' id='word_1_474' title='bbox 2574 3172 2807 3229; x_wconf 89' lang='lat' dir='ltr'><strong>nonest,</strong></span> <span class='ocrx_word' id='word_1_475' title='bbox 2837 3164 3062 3227; x_wconf 71' lang='lat' dir='ltr'><strong>cmlum,</strong></span> <span class='ocrx_word' id='word_1_476' title='bbox 3094 3150 3167 3217; x_wconf 25' lang='lat' dir='ltr'><strong>et°r</strong></span> <span class='ocrx_word' id='word_1_477' title='bbox 3186 3174 3308 3230; x_wconf 81' lang='lat' dir='ltr'><strong>quae</strong></span> <span class='ocrx_word' id='word_1_478' title='bbox 3353 3158 3408 3212; x_wconf 89' lang='lat' dir='ltr'><strong>in</strong></span> <span class='ocrx_word' id='word_1_479' title='bbox 3439 3156 3582 3211; x_wconf 75' lang='lat' dir='ltr'><strong>cmlo</strong></span> 
     </span>
    </p>
   </div>
   <div class='ocr_carea' id='block_1_63' title="bbox 305 3244 1897 3335">
    <p class='ocr_par' dir='ltr' id='par_1_63' title="bbox 305 3256 1893 3335">
     <span class='ocr_line' id='line_1_63' title="bbox 305 3256 1893 3335; baseline 0.014 -30"><span class='ocrx_word' id='word_1_480' title='bbox 305 3270 444 3318; x_wconf 81' lang='grc' dir='ltr'>σεως</span> <span class='ocrx_word' id='word_1_481' title='bbox 472 3256 501 3307; x_wconf 83' lang='grc' dir='ltr'><strong>ὅ</strong></span> <span class='ocrx_word' id='word_1_482' title='bbox 529 3273 589 3309; x_wconf 87' lang='grc' dir='ltr'><strong>τε</strong></span> <span class='ocrx_word' id='word_1_483' title='bbox 617 3258 847 3330; x_wconf 81' lang='grc' dir='ltr'>οὐρανὸς</span> <span class='ocrx_word' id='word_1_484' title='bbox 876 3259 971 3313; x_wconf 76' lang='grc' dir='ltr'>καὶ</span> <span class='ocrx_word' id='word_1_485' title='bbox 1001 3261 1071 3323; x_wconf 73' lang='grc' dir='ltr'>τὰ</span> <span class='ocrx_word' id='word_1_486' title='bbox 1102 3262 1162 3314; x_wconf 86' lang='grc' dir='ltr'><strong>ἐν</strong></span> <span class='ocrx_word' id='word_1_487' title='bbox 1193 3262 1408 3334; x_wconf 85' lang='grc' dir='ltr'>οὐρανῷ</span> <span class='ocrx_word' id='word_1_488' title='bbox 1439 3262 1761 3333; x_wconf 79' lang='grc' dir='ltr'>φαινόμενα,</span> <span class='ocrx_word' id='word_1_489' title='bbox 1793 3264 1893 3335; x_wconf 84' lang='grc' dir='ltr'><strong>τῆς</strong></span> 
     </span>
    </p>
   </div>
   <div class='ocr_carea' id='block_1_64' title="bbox 2004 3244 3585 3335">
    <p class='ocr_par' dir='ltr' id='par_1_64' title="bbox 2004 3250 3585 3327">
     <span class='ocr_line' id='line_1_64' title="bbox 2004 3250 3585 3327; baseline -0.005 -16"><span class='ocrx_word' id='word_1_490' title='bbox 2004 3263 2281 3327; x_wconf 79' lang='lat' dir='ltr'><strong>apparent,</strong></span> <span class='ocrx_word' id='word_1_491' title='bbox 2336 3262 2549 3312; x_wconf 66' lang='lat' dir='ltr'><strong>natura:</strong></span> <span class='ocrx_word' id='word_1_492' title='bbox 2597 3271 2761 3327; x_wconf 88' lang='lat' dir='ltr'><strong>opera</strong></span> <span class='ocrx_word' id='word_1_493' title='bbox 2818 3270 2960 3323; x_wconf 89' lang='lat' dir='ltr'><strong>esse,</strong></span> <span class='ocrx_word' id='word_1_494' title='bbox 3010 3254 3264 3324; x_wconf 56' lang='lat' dir='ltr'><strong>quasillis</strong></span> <span class='ocrx_word' id='word_1_495' title='bbox 3319 3250 3585 3306; x_wconf 87' lang='lat' dir='ltr'><strong>motionis</strong></span> 
     </span>
    </p>
   </div>
   <div class='ocr_carea' id='block_1_65' title="bbox 303 3346 1598 3425">
    <p class='ocr_par' dir='ltr' id='par_1_65' title="bbox 303 3346 1598 3425">
     <span class='ocr_line' id='line_1_65' title="bbox 303 3346 1598 3425; baseline 0.008 -26"><span class='ocrx_word' id='word_1_496' title='bbox 303 3346 611 3419; x_wconf 79' lang='grc' dir='ltr'>ἀφελούσης</span> <span class='ocrx_word' id='word_1_497' title='bbox 638 3349 818 3403; x_wconf 86' lang='grc' dir='ltr'>αὐτῶν</span> <span class='ocrx_word' id='word_1_498' title='bbox 839 3349 908 3404; x_wconf 87' lang='grc' dir='ltr'>τὰ</span> <span class='ocrx_word' id='word_1_499' title='bbox 941 3352 1147 3423; x_wconf 72' lang='grc' dir='ltr'>ὄργανα</span> <span class='ocrx_word' id='word_1_500' title='bbox 1174 3353 1274 3424; x_wconf 83' lang='grc' dir='ltr'>τῆς</span> <span class='ocrx_word' id='word_1_501' title='bbox 1296 3355 1598 3425; x_wconf 87' lang='grc' dir='ltr'>κινήσεως;</span> 
     </span>
    </p>
   </div>
   <div class='ocr_carea' id='block_1_66' title="bbox 687 3443 1521 3515">
    <p class='ocr_par' dir='ltr' id='par_1_66' title="bbox 687 3443 1521 3515">
     <span class='ocr_line' id='line_1_66' title="bbox 687 3443 1521 3515; baseline 0.004 -19"><span class='ocrx_word' id='word_1_502' title='bbox 687 3443 776 3498; x_wconf 85' lang='grc'><strong>58.</strong></span> <span class='ocrx_word' id='word_1_503' title='bbox 829 3445 923 3497; x_wconf 82' lang='grc' dir='ltr'>Ἐκ</span> <span class='ocrx_word' id='word_1_504' title='bbox 954 3444 1061 3498; x_wconf 81' lang='grc' dir='ltr'>τοῦ</span> <span class='ocrx_word' id='word_1_505' title='bbox 1093 3445 1279 3498; x_wconf 83' lang='grc' dir='ltr'>αὐτοῦ</span> <span class='ocrx_word' id='word_1_506' title='bbox 1316 3446 1521 3515; x_wconf 76' lang='grc' dir='ltr'><strong>λόγου.</strong></span> 
     </span>
    </p>
   </div>
   <div class='ocr_carea' id='block_1_67' title="bbox 372 3531 1895 3606">
    <p class='ocr_par' dir='ltr' id='par_1_67' title="bbox 372 3531 1895 3606">
     <span class='ocr_line' id='line_1_67' title="bbox 372 3531 1895 3606; baseline 0.003 -21"><span class='ocrx_word' id='word_1_507' title='bbox 372 3553 392 3585; x_wconf 74' lang='grc' dir='ltr'><strong>ι</strong></span> <span class='ocrx_word' id='word_1_508' title='bbox 445 3534 601 3587; x_wconf 74' lang='grc' dir='ltr'>Ἐπεὶ</span> <span class='ocrx_word' id='word_1_509' title='bbox 652 3531 745 3588; x_wconf 80' lang='grc' dir='ltr'><strong>οὖν</strong></span> <span class='ocrx_word' id='word_1_510' title='bbox 796 3535 877 3588; x_wconf 89' lang='grc' dir='ltr'><strong>δεῖ</strong></span> <span class='ocrx_word' id='word_1_511' title='bbox 927 3535 1168 3606; x_wconf 79' lang='grc' dir='ltr'>τὸνμὲν</span> <span class='ocrx_word' id='word_1_512' title='bbox 1217 3534 1447 3606; x_wconf 84' lang='grc' dir='ltr'>οὐρανὸν</span> <span class='ocrx_word' id='word_1_513' title='bbox 1481 3534 1747 3590; x_wconf 86' lang='grc' dir='ltr'>κινεῖσθαι</span> <span class='ocrx_word' id='word_1_514' title='bbox 1797 3534 1895 3605; x_wconf 84' lang='grc' dir='ltr'><strong>τὴν</strong></span> 
     </span>
    </p>
   </div>
   <div class='ocr_carea' id='block_1_68' title="bbox 303 3625 1895 3701">
    <p class='ocr_par' dir='ltr' id='par_1_68' title="bbox 303 3625 1895 3701">
     <span class='ocr_line' id='line_1_68' title="bbox 303 3625 1895 3701; baseline 0.003 -24"><span class='ocrx_word' id='word_1_515' title='bbox 303 3626 501 3679; x_wconf 77' lang='grc' dir='ltr'>ἑαυτοῦ</span> <span class='ocrx_word' id='word_1_516' title='bbox 537 3625 649 3698; x_wconf 80' lang='grc'><strong>(56)</strong></span> <span class='ocrx_word' id='word_1_517' title='bbox 684 3628 931 3699; x_wconf 79' lang='grc' dir='ltr'>κίνησιν,</span> <span class='ocrx_word' id='word_1_518' title='bbox 952 3627 1021 3680; x_wconf 88' lang='grc' dir='ltr'><strong>τά</strong></span> <span class='ocrx_word' id='word_1_519' title='bbox 1054 3627 1098 3680; x_wconf 83' lang='grc' dir='ltr'>δ’</span> <span class='ocrx_word' id='word_1_520' title='bbox 1141 3626 1276 3681; x_wconf 82' lang='grc' dir='ltr'>ἄλλα</span> <span class='ocrx_word' id='word_1_521' title='bbox 1313 3628 1491 3700; x_wconf 82' lang='grc' dir='ltr'>ἄστρα</span> <span class='ocrx_word' id='word_1_522' title='bbox 1527 3627 1602 3701; x_wconf 84' lang='grc' dir='ltr'>μὴ</span> <span class='ocrx_word' id='word_1_523' title='bbox 1649 3628 1895 3700; x_wconf 80' lang='grc' dir='ltr'>προϊέναι</span> 
     </span>
    </p>
   </div>
   <div class='ocr_carea' id='block_1_69' title="bbox 304 3717 1892 3791">
    <p class='ocr_par' dir='ltr' id='par_1_69' title="bbox 304 3717 1892 3791">
     <span class='ocr_line' id='line_1_69' title="bbox 304 3717 1892 3791; baseline 0.001 -21"><span class='ocrx_word' id='word_1_524' title='bbox 304 3717 371 3770; x_wconf 84' lang='grc' dir='ltr'>δι’</span> <span class='ocrx_word' id='word_1_525' title='bbox 434 3719 636 3781; x_wconf 84' lang='grc' dir='ltr'>αὐτῶν,</span> <span class='ocrx_word' id='word_1_526' title='bbox 678 3718 918 3788; x_wconf 82' lang='grc' dir='ltr'>εὐλόγως</span> <span class='ocrx_word' id='word_1_527' title='bbox 970 3720 1037 3774; x_wconf 82' lang='grc' dir='ltr'>ἂν</span> <span class='ocrx_word' id='word_1_528' title='bbox 1082 3720 1344 3791; x_wconf 76' lang='grc' dir='ltr'>ἑκάτερον</span> <span class='ocrx_word' id='word_1_529' title='bbox 1395 3719 1480 3791; x_wconf 73' lang='grc' dir='ltr'>εἴη</span> <span class='ocrx_word' id='word_1_530' title='bbox 1534 3720 1892 3790; x_wconf 80' lang='grc' dir='ltr'>σφαιροειδές.</span> 
     </span>
    </p>
   </div>
   <div class='ocr_carea' id='block_1_70' title="bbox 303 3808 1896 3885">
    <p class='ocr_par' dir='ltr' id='par_1_70' title="bbox 303 3808 1896 3885">
     <span class='ocr_line' id='line_1_70' title="bbox 303 3808 1896 3885; baseline 0.004 -25"><span class='ocrx_word' id='word_1_531' title='bbox 303 3808 465 3862; x_wconf 83' lang='grc' dir='ltr'>Οὐτω</span> <span class='ocrx_word' id='word_1_532' title='bbox 499 3810 609 3882; x_wconf 77' lang='grc' dir='ltr'><strong>γὰρ</strong></span> <span class='ocrx_word' id='word_1_533' title='bbox 644 3810 708 3865; x_wconf 83' lang='grc' dir='ltr'><strong>ἂν</strong></span> <span class='ocrx_word' id='word_1_534' title='bbox 754 3812 989 3883; x_wconf 81' lang='grc' dir='ltr'>μάλιστα</span> <span class='ocrx_word' id='word_1_535' title='bbox 1023 3810 1135 3884; x_wconf 78' lang='grc'><strong>(57)</strong></span> <span class='ocrx_word' id='word_1_536' title='bbox 1180 3812 1243 3865; x_wconf 81' lang='grc' dir='ltr'><strong>τὸ</strong></span> <span class='ocrx_word' id='word_1_537' title='bbox 1279 3811 1377 3883; x_wconf 86' lang='grc' dir='ltr'><strong>μὲν</strong></span> <span class='ocrx_word' id='word_1_538' title='bbox 1428 3812 1800 3885; x_wconf 81' lang='grc' dir='ltr'>κινηθήσεται,</span> <span class='ocrx_word' id='word_1_539' title='bbox 1835 3812 1896 3866; x_wconf 87' lang='grc' dir='ltr'><strong>τὸ</strong></span> 
     </span>
    </p>
   </div>
   <div class='ocr_carea' id='block_1_71' title="bbox 308 3898 744 3972">
    <p class='ocr_par' dir='ltr' id='par_1_71' title="bbox 308 3898 744 3972">
     <span class='ocr_line' id='line_1_71' title="bbox 308 3898 744 3972; baseline 0.007 -22"><span class='ocrx_word' id='word_1_540' title='bbox 308 3898 361 3951; x_wconf 80' lang='grc' dir='ltr'>δὲ</span> <span class='ocrx_word' id='word_1_541' title='bbox 400 3902 691 3972; x_wconf 76' lang='grc' dir='ltr'>ἡρεμήσει.</span> <span class='ocrx_word' id='word_1_542' title='bbox 726 3920 744 3953; x_wconf 71' lang='grc' dir='ltr'><strong>ι</strong></span> 
     </span>
    </p>
   </div>
   <div class='ocr_carea' id='block_1_72' title="bbox 376 3992 1895 4065">
    <p class='ocr_par' dir='ltr' id='par_1_72' title="bbox 376 3992 1895 4065">
     <span class='ocr_line' id='line_1_72' title="bbox 376 3992 1895 4065; baseline 0.003 -22"><span class='ocrx_word' id='word_1_543' title='bbox 376 3992 442 4043; x_wconf 77' lang='lat' dir='ltr'><strong>EE</strong></span> <span class='ocrx_word' id='word_1_544' title='bbox 484 3992 547 4044; x_wconf 84' lang='grc' dir='ltr'><strong>τὸ</strong></span> <span class='ocrx_word' id='word_1_545' title='bbox 580 3992 822 4063; x_wconf 78' lang='grc' dir='ltr'>ἠρεμοῦν</span> <span class='ocrx_word' id='word_1_546' title='bbox 857 3994 1036 4048; x_wconf 77' lang='grc' dir='ltr'>ἐκεῖνο</span> <span class='ocrx_word' id='word_1_547' title='bbox 1067 3994 1285 4064; x_wconf 81' lang='grc' dir='ltr'>λέγεται</span> <span class='ocrx_word' id='word_1_548' title='bbox 1310 3995 1384 4048; x_wconf 81' lang='grc' dir='ltr'><strong>’τὸ</strong></span> <span class='ocrx_word' id='word_1_549' title='bbox 1411 3994 1709 4065; x_wconf 85' lang='grc' dir='ltr'>δυνάμενον</span> <span class='ocrx_word' id='word_1_550' title='bbox 1742 4011 1895 4065; x_wconf 85' lang='grc' dir='ltr'>κινη-</span> 
     </span>
    </p>
   </div>
   <div class='ocr_carea' id='block_1_73' title="bbox 309 4080 1899 4159">
    <p class='ocr_par' dir='ltr' id='par_1_73' title="bbox 309 4080 1899 4159">
     <span class='ocr_line' id='line_1_73' title="bbox 309 4080 1899 4159; baseline 0.004 -27"><span class='ocrx_word' id='word_1_551' title='bbox 309 4080 467 4151; x_wconf 83' lang='grc' dir='ltr'>θῆναι</span> <span class='ocrx_word' id='word_1_552' title='bbox 500 4082 600 4154; x_wconf 85' lang='grc' dir='ltr'>τὴν</span> <span class='ocrx_word' id='word_1_553' title='bbox 630 4084 843 4155; x_wconf 88' lang='grc' dir='ltr'>κίνησιν</span> <span class='ocrx_word' id='word_1_554' title='bbox 894 4086 1110 4158; x_wconf 83' lang='grc' dir='ltr'>ἐκείνην</span> <span class='ocrx_word' id='word_1_555' title='bbox 1142 4087 1235 4157; x_wconf 88' lang='grc' dir='ltr'>ἀφ’</span> <span class='ocrx_word' id='word_1_556' title='bbox 1269 4081 1336 4159; x_wconf 82' lang='grc' dir='ltr'>ἧς</span> <span class='ocrx_word' id='word_1_557' title='bbox 1368 4089 1584 4158; x_wconf 73' lang='grc' dir='ltr'>ἠρεμεῖ,</span> <span class='ocrx_word' id='word_1_558' title='bbox 1618 4085 1735 4150; x_wconf 84' lang='grc' dir='ltr'><strong>πῶς</strong></span> <span class='ocrx_word' id='word_1_559' title='bbox 1769 4088 1899 4156; x_wconf 60' lang='grc' dir='ltr'>ὴρεε</span> 
     </span>
    </p>
   </div>
   <div class='ocr_carea' id='block_1_74' title="bbox 310 4172 1897 4250">
    <p class='ocr_par' dir='ltr' id='par_1_74' title="bbox 310 4172 1897 4250">
     <span class='ocr_line' id='line_1_74' title="bbox 310 4172 1897 4250; baseline 0.004 -26"><span class='ocrx_word' id='word_1_560' title='bbox 310 4172 497 4241; x_wconf 88' lang='grc' dir='ltr'>μεῖτά</span> <span class='ocrx_word' id='word_1_561' title='bbox 531 4174 729 4246; x_wconf 86' lang='grc' dir='ltr'>ἄστρα,</span> <span class='ocrx_word' id='word_1_562' title='bbox 770 4175 904 4230; x_wconf 86' lang='grc' dir='ltr'>ίδίαν</span> <span class='ocrx_word' id='word_1_563' title='bbox 938 4178 1037 4231; x_wconf 88' lang='grc' dir='ltr'><strong>οὐκ</strong></span> <span class='ocrx_word' id='word_1_564' title='bbox 1070 4176 1262 4248; x_wconf 76' lang='grc' dir='ltr'>ἔχοντα</span> <span class='ocrx_word' id='word_1_565' title='bbox 1294 4178 1507 4250; x_wconf 89' lang='grc' dir='ltr'>κίνησιν</span> <span class='ocrx_word' id='word_1_566' title='bbox 1556 4177 1677 4232; x_wconf 85' lang='grc' dir='ltr'>καθ’</span> <span class='ocrx_word' id='word_1_567' title='bbox 1712 4179 1777 4248; x_wconf 86' lang='grc' dir='ltr'>ἢν</span> <span class='ocrx_word' id='word_1_568' title='bbox 1810 4196 1897 4231; x_wconf 87' lang='grc' dir='ltr'>κι-</span> 
     </span>
    </p>
   </div>
   <div class='ocr_carea' id='block_1_75' title="bbox 314 4264 1893 4341">
    <p class='ocr_par' dir='ltr' id='par_1_75' title="bbox 314 4264 1893 4341">
     <span class='ocr_line' id='line_1_75' title="bbox 314 4264 1893 4341; baseline 0.004 -26"><span class='ocrx_word' id='word_1_569' title='bbox 314 4264 520 4318; x_wconf 69' lang='grc' dir='ltr'>νεῖσθαι</span> <span class='ocrx_word' id='word_1_570' title='bbox 549 4267 717 4338; x_wconf 83' lang='grc' dir='ltr'>ἐχρῆν</span> <span class='ocrx_word' id='word_1_571' title='bbox 740 4284 754 4325; x_wconf 78' lang='grc' dir='ltr'>ς</span> <span class='ocrx_word' id='word_1_572' title='bbox 780 4268 843 4320; x_wconf 68' lang='lat' dir='ltr'><strong>Et</strong></span> <span class='ocrx_word' id='word_1_573' title='bbox 863 4268 919 4321; x_wconf 82' lang='grc' dir='ltr'>δὲ</span> <span class='ocrx_word' id='word_1_574' title='bbox 951 4267 1179 4341; x_wconf 90' lang='grc' dir='ltr'>δύναμιν</span> <span class='ocrx_word' id='word_1_575' title='bbox 1213 4271 1310 4341; x_wconf 80' lang='grc' dir='ltr'>μὲν</span> <span class='ocrx_word' id='word_1_576' title='bbox 1345 4269 1457 4340; x_wconf 75' lang='grc' dir='ltr'>ἔχει</span> <span class='ocrx_word' id='word_1_577' title='bbox 1482 4269 1577 4323; x_wconf 82' lang='grc' dir='ltr'>τοῦ</span> <span class='ocrx_word' id='word_1_578' title='bbox 1605 4268 1893 4331; x_wconf 86' lang='grc' dir='ltr'>κινεῖσθαι,</span> 
     </span>
    </p>
   </div>
   <div class='ocr_carea' id='block_1_76' title="bbox 313 4354 1894 4431">
    <p class='ocr_par' dir='ltr' id='par_1_76' title="bbox 313 4354 1894 4431">
     <span class='ocr_line' id='line_1_76' title="bbox 313 4354 1894 4431; baseline 0.003 -25"><span class='ocrx_word' id='word_1_579' title='bbox 313 4354 578 4409; x_wconf 71' lang='grc' dir='ltr'>κωλύεται</span> <span class='ocrx_word' id='word_1_580' title='bbox 625 4356 684 4410; x_wconf 86' lang='grc' dir='ltr'><strong>δὲ</strong></span> <span class='ocrx_word' id='word_1_581' title='bbox 711 4355 797 4410; x_wconf 88' lang='grc' dir='ltr'><strong>διά</strong></span> <span class='ocrx_word' id='word_1_582' title='bbox 834 4358 895 4411; x_wconf 83' lang='grc' dir='ltr'><strong>τὸ</strong></span> <span class='ocrx_word' id='word_1_583' title='bbox 940 4358 1245 4412; x_wconf 76' lang='grc' dir='ltr'>ἐνδεδέσθαι</span> <span class='ocrx_word' id='word_1_584' title='bbox 1292 4362 1359 4429; x_wconf 82' lang='grc' dir='ltr'>τῇ</span> <span class='ocrx_word' id='word_1_585' title='bbox 1402 4360 1641 4431; x_wconf 76' lang='grc' dir='ltr'>σφαίρᾳ”</span> <span class='ocrx_word' id='word_1_586' title='bbox 1689 4358 1805 4423; x_wconf 85' lang='grc' dir='ltr'><strong>πῶς</strong></span> <span class='ocrx_word' id='word_1_587' title='bbox 1836 4360 1894 4411; x_wconf 91' lang='grc' dir='ltr'><strong>οὐ</strong></span> 
     </span>
    </p>
   </div>
   <div class='ocr_carea' id='block_1_77' title="bbox 317 4448 1901 4521">
    <p class='ocr_par' dir='ltr' id='par_1_77' title="bbox 317 4448 1901 4521">
     <span class='ocr_line' id='line_1_77' title="bbox 317 4448 1901 4521; baseline 0.003 -22"><span class='ocrx_word' id='word_1_588' title='bbox 317 4448 460 4517; x_wconf 77' lang='grc' dir='ltr'>παρὰ</span> <span class='ocrx_word' id='word_1_589' title='bbox 494 4448 657 4518; x_wconf 85' lang='grc' dir='ltr'>φύσιν</span> <span class='ocrx_word' id='word_1_590' title='bbox 684 4449 807 4521; x_wconf 70' lang='grc' dir='ltr'>ἔχει</span> <span class='ocrx_word' id='word_1_591' title='bbox 828 4449 890 4503; x_wconf 81' lang='grc' dir='ltr'>τὸ</span> <span class='ocrx_word' id='word_1_592' title='bbox 918 4451 1183 4505; x_wconf 83' lang='grc' dir='ltr'>κινεῖσθαι</span> <span class='ocrx_word' id='word_1_593' title='bbox 1213 4450 1299 4504; x_wconf 85' lang='grc' dir='ltr'><strong>ἀεί</strong></span> <span class='ocrx_word' id='word_1_594' title='bbox 1326 4468 1341 4517; x_wconf 88' lang='lat'>;</span> <span class='ocrx_word' id='word_1_595' title='bbox 1376 4453 1439 4505; x_wconf 80' lang='grc' dir='ltr'><strong>Εἰ</strong></span> <span class='ocrx_word' id='word_1_596' title='bbox 1471 4453 1584 4515; x_wconf 88' lang='grc' dir='ltr'>τοῖς</span> <span class='ocrx_word' id='word_1_597' title='bbox 1610 4452 1696 4505; x_wconf 77' lang='grc' dir='ltr'><strong>ἀεὶ</strong></span> <span class='ocrx_word' id='word_1_598' title='bbox 1723 4469 1901 4504; x_wconf 86' lang='grc' dir='ltr'>κινου-</span> 
     </span>
    </p>
   </div>
   <div class='ocr_carea' id='block_1_78' title="bbox 1997 3342 2642 3405">
    <p class='ocr_par' dir='ltr' id='par_1_78' title="bbox 1997 3342 2642 3405">
     <span class='ocr_line' id='line_1_78' title="bbox 1997 3342 2642 3405; baseline -0.002 -1"><span class='ocrx_word' id='word_1_599' title='bbox 1997 3342 2364 3404; x_wconf 60' lang='grc' dir='ltr'>ἰτίῖιιτυωοηιο</span> <span class='ocrx_word' id='word_1_600' title='bbox 2393 3350 2598 3405; x_wconf 85' lang='lat' dir='ltr'><strong>ademit</strong></span> <span class='ocrx_word' id='word_1_601' title='bbox 2618 3351 2642 3403; x_wconf 87' lang='lat'><strong>?</strong></span> 
     </span>
    </p>
   </div>
   <div class='ocr_carea' id='block_1_79' title="bbox 2450 3443 3223 3511">
    <p class='ocr_par' dir='ltr' id='par_1_79' title="bbox 2450 3443 3223 3511">
     <span class='ocr_line' id='line_1_79' title="bbox 2450 3443 3223 3511; baseline -0.008 -10"><span class='ocrx_word' id='word_1_602' title='bbox 2450 3443 2653 3504; x_wconf 77' lang='lat' dir='ltr'><strong>Ea:</strong></span> <span class='ocrx_word' id='word_1_603' title='bbox 2683 3445 2864 3500; x_wconf 81' lang='lat' dir='ltr'><strong>eodem</strong></span> <span class='ocrx_word' id='word_1_604' title='bbox 2895 3445 3055 3511; x_wconf 86' lang='lat' dir='ltr'><strong>libro,</strong></span> <span class='ocrx_word' id='word_1_605' title='bbox 3092 3443 3223 3498; x_wconf 88' lang='lat' dir='ltr'><strong>ibid.</strong></span> 
     </span>
    </p>
   </div>
   <div class='ocr_carea' id='block_1_80' title="bbox 2072 3528 3583 3605">
    <p class='ocr_par' dir='ltr' id='par_1_80' title="bbox 2072 3528 3583 3605">
     <span class='ocr_line' id='line_1_80' title="bbox 2072 3528 3583 3605; baseline -0.003 -19"><span class='ocrx_word' id='word_1_606' title='bbox 2072 3553 2092 3586; x_wconf 70' lang='grc' dir='ltr'><strong>ι</strong></span> <span class='ocrx_word' id='word_1_607' title='bbox 2132 3534 2271 3590; x_wconf 89' lang='lat' dir='ltr'><strong>Cum</strong></span> <span class='ocrx_word' id='word_1_608' title='bbox 2321 3534 2490 3605; x_wconf 77' lang='lat' dir='ltr'><strong>igitur</strong></span> <span class='ocrx_word' id='word_1_609' title='bbox 2537 3540 2811 3605; x_wconf 84' lang='lat' dir='ltr'><strong>Oporteat,</strong></span> <span class='ocrx_word' id='word_1_610' title='bbox 2867 3539 2928 3584; x_wconf 89' lang='lat' dir='ltr'><strong>ut</strong></span> <span class='ocrx_word' id='word_1_611' title='bbox 2980 3530 3179 3585; x_wconf 71' lang='lat' dir='ltr'><strong>cmlum</strong></span> <span class='ocrx_word' id='word_1_612' title='bbox 3233 3528 3452 3598; x_wconf 89' lang='lat' dir='ltr'><strong>quidem</strong></span> <span class='ocrx_word' id='word_1_613' title='bbox 3480 3544 3583 3583; x_wconf 91' lang='lat' dir='ltr'><strong>suo</strong></span> 
     </span>
    </p>
   </div>
   <div class='ocr_carea' id='block_1_81' title="bbox 1998 3623 3577 3695">
    <p class='ocr_par' dir='ltr' id='par_1_81' title="bbox 1998 3623 3577 3695">
     <span class='ocr_line' id='line_1_81' title="bbox 1998 3623 3577 3695; baseline -0.004 -14"><span class='ocrx_word' id='word_1_614' title='bbox 1998 3636 2282 3683; x_wconf 88' lang='lat' dir='ltr'><strong>moveatur</strong></span> <span class='ocrx_word' id='word_1_615' title='bbox 2314 3634 2486 3691; x_wconf 87' lang='lat' dir='ltr'><strong>motu,</strong></span> <span class='ocrx_word' id='word_1_616' title='bbox 2519 3634 2668 3681; x_wconf 87' lang='lat' dir='ltr'><strong>astra</strong></span> <span class='ocrx_word' id='word_1_617' title='bbox 2694 3639 2825 3678; x_wconf 89' lang='lat' dir='ltr'><strong>vero</strong></span> <span class='ocrx_word' id='word_1_618' title='bbox 2858 3623 2963 3676; x_wconf 89' lang='lat' dir='ltr'><strong>alia</strong></span> <span class='ocrx_word' id='word_1_619' title='bbox 2995 3638 3090 3693; x_wconf 85' lang='lat' dir='ltr'><strong>per</strong></span> <span class='ocrx_word' id='word_1_620' title='bbox 3117 3638 3177 3677; x_wconf 93' lang='lat' dir='ltr'><strong>se</strong></span> <span class='ocrx_word' id='word_1_621' title='bbox 3213 3636 3321 3675; x_wconf 89' lang='lat' dir='ltr'><strong>non</strong></span> <span class='ocrx_word' id='word_1_622' title='bbox 3352 3636 3577 3695; x_wconf 86' lang='lat' dir='ltr'><strong>progre-</strong></span> 
     </span>
    </p>
   </div>
   <div class='ocr_carea' id='block_1_82' title="bbox 1998 3712 3581 3786">
    <p class='ocr_par' dir='ltr' id='par_1_82' title="bbox 1998 3712 3581 3786">
     <span class='ocr_line' id='line_1_82' title="bbox 1998 3712 3581 3786; baseline -0.003 -15"><span class='ocrx_word' id='word_1_623' title='bbox 1998 3718 2253 3773; x_wconf 87' lang='lat' dir='ltr'><strong>diantur:</strong></span> <span class='ocrx_word' id='word_1_624' title='bbox 2286 3718 2481 3772; x_wconf 88' lang='lat' dir='ltr'><strong>merito</strong></span> <span class='ocrx_word' id='word_1_625' title='bbox 2512 3724 2765 3786; x_wconf 85' lang='lat' dir='ltr'><strong>utraque</strong></span> <span class='ocrx_word' id='word_1_626' title='bbox 2818 3713 3051 3769; x_wconf 88' lang='lat' dir='ltr'><strong>rotunda</strong></span> <span class='ocrx_word' id='word_1_627' title='bbox 3100 3713 3431 3770; x_wconf 73' lang='lat' dir='ltr'><strong>exstiterint.</strong></span> <span class='ocrx_word' id='word_1_628' title='bbox 3488 3712 3581 3767; x_wconf 91' lang='lat' dir='ltr'><strong>Sic</strong></span> 
     </span>
    </p>
   </div>
   <div class='ocr_carea' id='block_1_83' title="bbox 1997 3804 3579 3875">
    <p class='ocr_par' dir='ltr' id='par_1_83' title="bbox 1997 3804 3579 3875">
     <span class='ocr_line' id='line_1_83' title="bbox 1997 3804 3579 3875; baseline -0.004 -10"><span class='ocrx_word' id='word_1_629' title='bbox 1997 3811 2145 3865; x_wconf 87' lang='lat' dir='ltr'><strong>enim</strong></span> <span class='ocrx_word' id='word_1_630' title='bbox 2189 3810 2428 3866; x_wconf 79' lang='lat' dir='ltr'><strong>maxime</strong></span> <span class='ocrx_word' id='word_1_631' title='bbox 2476 3810 2706 3864; x_wconf 86' lang='lat' dir='ltr'><strong>alterum</strong></span> <span class='ocrx_word' id='word_1_632' title='bbox 2755 3808 3087 3873; x_wconf 89' lang='lat' dir='ltr'><strong>movebitur,</strong></span> <span class='ocrx_word' id='word_1_633' title='bbox 3146 3807 3377 3861; x_wconf 86' lang='lat' dir='ltr'><strong>alterum</strong></span> <span class='ocrx_word' id='word_1_634' title='bbox 3423 3804 3579 3875; x_wconf 88' lang='lat' dir='ltr'><strong>quie-</strong></span> 
     </span>
    </p>
   </div>
   <div class='ocr_carea' id='block_1_84' title="bbox 2000 3914 2189 3961">
    <p class='ocr_par' dir='ltr' id='par_1_84' title="bbox 2000 3914 2189 3961">
     <span class='ocr_line' id='line_1_84' title="bbox 2000 3914 2189 3961; baseline -0.021 0"><span class='ocrx_word' id='word_1_635' title='bbox 2000 3914 2134 3961; x_wconf 91' lang='lat' dir='ltr'><strong>scet.</strong></span> <span class='ocrx_word' id='word_1_636' title='bbox 2171 3924 2189 3957; x_wconf 66' lang='grc' dir='ltr'><strong>ι</strong></span> 
     </span>
    </p>
   </div>
   <div class='ocr_carea' id='block_1_85' title="bbox 2072 3993 3584 4066">
    <p class='ocr_par' dir='ltr' id='par_1_85' title="bbox 2072 3993 3584 4066">
     <span class='ocr_line' id='line_1_85' title="bbox 2072 3993 3584 4066; baseline -0.006 -15"><span class='ocrx_word' id='word_1_637' title='bbox 2072 3997 2131 4052; x_wconf 88' lang='lat' dir='ltr'><strong>Si</strong></span> <span class='ocrx_word' id='word_1_638' title='bbox 2181 3997 2314 4051; x_wconf 90' lang='lat' dir='ltr'><strong>illud</strong></span> <span class='ocrx_word' id='word_1_639' title='bbox 2349 3996 2639 4066; x_wconf 82' lang='lat' dir='ltr'><strong>quiescere</strong></span> <span class='ocrx_word' id='word_1_640' title='bbox 2667 3995 2888 4058; x_wconf 86' lang='lat' dir='ltr'><strong>dicitur,</strong></span> <span class='ocrx_word' id='word_1_641' title='bbox 2926 3993 3071 4063; x_wconf 88' lang='lat' dir='ltr'><strong>quod</strong></span> <span class='ocrx_word' id='word_1_642' title='bbox 3116 4006 3182 4047; x_wconf 89' lang='lat' dir='ltr'><strong>eo</strong></span> <span class='ocrx_word' id='word_1_643' title='bbox 3211 3996 3584 4058; x_wconf 25' lang='lat' dir='ltr'><strong>moturpotest</strong></span> 
     </span>
    </p>
   </div>
   <div class='ocr_carea' id='block_1_86' title="bbox 1999 4084 3580 4161">
    <p class='ocr_par' dir='ltr' id='par_1_86' title="bbox 1999 4084 3580 4161">
     <span class='ocr_line' id='line_1_86' title="bbox 1999 4084 3580 4161; baseline -0.008 -16"><span class='ocrx_word' id='word_1_644' title='bbox 1999 4092 2208 4152; x_wconf 85' lang='lat' dir='ltr'><strong>moveri</strong></span> <span class='ocrx_word' id='word_1_645' title='bbox 2238 4106 2269 4146; x_wconf 88' lang='lat' dir='ltr'><strong>a</strong></span> <span class='ocrx_word' id='word_1_646' title='bbox 2316 4106 2425 4161; x_wconf 91' lang='lat' dir='ltr'><strong>quo</strong></span> <span class='ocrx_word' id='word_1_647' title='bbox 2453 4088 2709 4160; x_wconf 89' lang='lat' dir='ltr'><strong>quiescit,</strong></span> <span class='ocrx_word' id='word_1_648' title='bbox 2737 4087 3014 4158; x_wconf 89' lang='lat' dir='ltr'><strong>quomodo</strong></span> <span class='ocrx_word' id='word_1_649' title='bbox 3043 4086 3216 4142; x_wconf 75' lang='lat' dir='ltr'><strong>stellae</strong></span> <span class='ocrx_word' id='word_1_650' title='bbox 3267 4084 3580 4153; x_wconf 88' lang='lat' dir='ltr'><strong>quiescunt,</strong></span> 
     </span>
    </p>
   </div>
   <div class='ocr_carea' id='block_1_87' title="bbox 2000 4176 3585 4255">
    <p class='ocr_par' dir='ltr' id='par_1_87' title="bbox 2000 4176 3585 4255">
     <span class='ocr_line' id='line_1_87' title="bbox 2000 4176 3585 4255; baseline -0.007 -13"><span class='ocrx_word' id='word_1_651' title='bbox 2000 4192 2209 4247; x_wconf 82' lang='lat' dir='ltr'><strong>motum</strong></span> <span class='ocrx_word' id='word_1_652' title='bbox 2239 4183 2523 4255; x_wconf 80' lang='lat' dir='ltr'><strong>proprium</strong></span> <span class='ocrx_word' id='word_1_653' title='bbox 2572 4198 2683 4238; x_wconf 89' lang='lat' dir='ltr'><strong>non</strong></span> <span class='ocrx_word' id='word_1_654' title='bbox 2724 4181 2990 4238; x_wconf 86' lang='lat' dir='ltr'><strong>habentes</strong></span> <span class='ocrx_word' id='word_1_655' title='bbox 3017 4220 3031 4246; x_wconf 99' lang='lat'><strong>,</strong></span> <span class='ocrx_word' id='word_1_656' title='bbox 3076 4194 3185 4249; x_wconf 93' lang='lat' dir='ltr'><strong>quo</strong></span> <span class='ocrx_word' id='word_1_657' title='bbox 3232 4176 3439 4232; x_wconf 89' lang='lat' dir='ltr'><strong>moveri</strong></span> <span class='ocrx_word' id='word_1_658' title='bbox 3489 4188 3585 4231; x_wconf 81' lang='lat' dir='ltr'><strong>eas</strong></span> 
     </span>
    </p>
   </div>
   <div class='ocr_carea' id='block_1_88' title="bbox 1999 4260 3584 4349">
    <p class='ocr_par' dir='ltr' id='par_1_88' title="bbox 1999 4260 3584 4349">
     <span class='ocr_line' id='line_1_88' title="bbox 1999 4260 3584 4349; baseline -0.011 -16"><span class='ocrx_word' id='word_1_659' title='bbox 1999 4260 2503 4348; x_wconf 59' lang='lat' dir='ltr'><strong>oportuissetiSin</strong></span> <span class='ocrx_word' id='word_1_660' title='bbox 2528 4272 2733 4328; x_wconf 89' lang='lat' dir='ltr'><strong>moveri</strong></span> <span class='ocrx_word' id='word_1_661' title='bbox 2772 4271 2993 4349; x_wconf 88' lang='lat' dir='ltr'><strong>quidem</strong></span> <span class='ocrx_word' id='word_1_662' title='bbox 3028 4277 3283 4339; x_wconf 78' lang='lat' dir='ltr'><strong>possunt,</strong></span> <span class='ocrx_word' id='word_1_663' title='bbox 3312 4266 3405 4323; x_wconf 89' lang='lat' dir='ltr'><strong>sed</strong></span> <span class='ocrx_word' id='word_1_664' title='bbox 3441 4264 3584 4319; x_wconf 89' lang='lat' dir='ltr'><strong>inhi-</strong></span> 
     </span>
    </p>
   </div>
   <div class='ocr_carea' id='block_1_89' title="bbox 2004 4350 3587 4440">
    <p class='ocr_par' dir='ltr' id='par_1_89' title="bbox 2004 4350 3587 4440">
     <span class='ocr_line' id='line_1_89' title="bbox 2004 4350 3587 4440; baseline -0.009 -15"><span class='ocrx_word' id='word_1_665' title='bbox 2004 4350 2199 4433; x_wconf 80' lang='lat' dir='ltr'><strong>bentur</strong></span> <span class='ocrx_word' id='word_1_666' title='bbox 2228 4370 2358 4440; x_wconf 89' lang='lat' dir='ltr'><strong>quia</strong></span> <span class='ocrx_word' id='word_1_667' title='bbox 2388 4369 2550 4439; x_wconf 84' lang='lat' dir='ltr'><strong>globo</strong></span> <span class='ocrx_word' id='word_1_668' title='bbox 2574 4374 2702 4423; x_wconf 91' lang='lat' dir='ltr'><strong>suut</strong></span> <span class='ocrx_word' id='word_1_669' title='bbox 2726 4366 2975 4434; x_wconf 64' lang='lat' dir='ltr'><strong>illigatae:</strong></span> <span class='ocrx_word' id='word_1_670' title='bbox 3008 4360 3282 4433; x_wconf 87' lang='lat' dir='ltr'><strong>quomodo</strong></span> <span class='ocrx_word' id='word_1_671' title='bbox 3307 4374 3416 4413; x_wconf 92' lang='lat' dir='ltr'><strong>non</strong></span> <span class='ocrx_word' id='word_1_672' title='bbox 3447 4372 3587 4427; x_wconf 65' lang='lat' dir='ltr'><strong>prae-</strong></span> 
     </span>
    </p>
   </div>
   <div class='ocr_carea' id='block_1_90' title="bbox 2002 4449 3585 4529">
    <p class='ocr_par' dir='ltr' id='par_1_90' title="bbox 2002 4449 3585 4529">
     <span class='ocr_line' id='line_1_90' title="bbox 2002 4449 3585 4529; baseline -0.008 -12"><span class='ocrx_word' id='word_1_673' title='bbox 2002 4472 2086 4521; x_wconf 88' lang='lat' dir='ltr'><strong>ter</strong></span> <span class='ocrx_word' id='word_1_674' title='bbox 2109 4472 2362 4519; x_wconf 90' lang='lat' dir='ltr'><strong>naturam</strong></span> <span class='ocrx_word' id='word_1_675' title='bbox 2408 4463 2614 4517; x_wconf 89' lang='lat' dir='ltr'><strong>habent</strong></span> <span class='ocrx_word' id='word_1_676' title='bbox 2641 4466 2704 4517; x_wconf 89' lang='lat' dir='ltr'><strong>ut</strong></span> <span class='ocrx_word' id='word_1_677' title='bbox 2741 4473 2959 4529; x_wconf 84' lang='lat' dir='ltr'><strong>semper</strong></span> <span class='ocrx_word' id='word_1_678' title='bbox 2996 4451 3362 4517; x_wconf 83' lang='lat' dir='ltr'><strong>moveantur?</strong></span> <span class='ocrx_word' id='word_1_679' title='bbox 3388 4449 3453 4503; x_wconf 76' lang='lat' dir='ltr'><strong>Si</strong></span> <span class='ocrx_word' id='word_1_680' title='bbox 3492 4450 3585 4513; x_wconf 72' lang='lat' dir='ltr'><strong>iis,</strong></span> 
     </span>
    </p>
   </div>
   <div class='ocr_carea' id='block_1_91' title="bbox 313 4541 1897 4644">
    <p class='ocr_par' dir='ltr' id='par_1_91' title="bbox 313 4541 1897 4616">
     <span class='ocr_line' id='line_1_91' title="bbox 313 4541 1897 4616; baseline 0.003 -22"><span class='ocrx_word' id='word_1_681' title='bbox 313 4541 497 4610; x_wconf 87' lang='grc' dir='ltr'>μένοις</span> <span class='ocrx_word' id='word_1_682' title='bbox 527 4541 603 4606; x_wconf 83' lang='grc' dir='ltr'>ὡς</span> <span class='ocrx_word' id='word_1_683' title='bbox 636 4543 894 4613; x_wconf 85' lang='grc' dir='ltr'>ἁρμόδιον</span> <span class='ocrx_word' id='word_1_684' title='bbox 940 4544 1097 4613; x_wconf 84' lang='grc' dir='ltr'>ἐδόθη</span> <span class='ocrx_word' id='word_1_685' title='bbox 1124 4544 1186 4597; x_wconf 79' lang='grc' dir='ltr'>τὸ</span> <span class='ocrx_word' id='word_1_686' title='bbox 1219 4544 1505 4615; x_wconf 81' lang='grc' dir='ltr'>σφαιρικὸν</span> <span class='ocrx_word' id='word_1_687' title='bbox 1540 4544 1748 4616; x_wconf 83' lang='grc' dir='ltr'>σχῆμα,</span> <span class='ocrx_word' id='word_1_688' title='bbox 1785 4546 1897 4610; x_wconf 85' lang='grc' dir='ltr'><strong>πῶς</strong></span> 
     </span>
    </p>
   </div>
   <div class='ocr_carea' id='block_1_92' title="bbox 2004 4541 3583 4644">
    <p class='ocr_par' dir='ltr' id='par_1_92' title="bbox 2004 4549 3583 4632">
     <span class='ocr_line' id='line_1_92' title="bbox 2004 4549 3583 4632; baseline -0.011 -18"><span class='ocrx_word' id='word_1_689' title='bbox 2004 4575 2125 4632; x_wconf 64' lang='lat' dir='ltr'><strong>qua:</strong></span> <span class='ocrx_word' id='word_1_690' title='bbox 2172 4565 2434 4629; x_wconf 87' lang='lat' dir='ltr'><strong>perpetuo</strong></span> <span class='ocrx_word' id='word_1_691' title='bbox 2473 4564 2785 4620; x_wconf 87' lang='lat' dir='ltr'><strong>moventur,</strong></span> <span class='ocrx_word' id='word_1_692' title='bbox 2832 4552 3008 4608; x_wconf 81' lang='lat' dir='ltr'><strong>forma</strong></span> <span class='ocrx_word' id='word_1_693' title='bbox 3050 4549 3276 4621; x_wconf 79' lang='lat' dir='ltr'><strong>globosa</strong></span> <span class='ocrx_word' id='word_1_694' title='bbox 3324 4554 3583 4615; x_wconf 89' lang='lat' dir='ltr'><strong>tanquam</strong></span> 
     </span>
    </p>
   </div>
   <div class='ocr_carea' id='block_1_93' title="bbox 321 4634 1900 4708">
    <p class='ocr_par' dir='ltr' id='par_1_93' title="bbox 321 4634 1900 4708">
     <span class='ocr_line' id='line_1_93' title="bbox 321 4634 1900 4708; baseline 0.004 -22"><span class='ocrx_word' id='word_1_695' title='bbox 321 4634 419 4688; x_wconf 77' lang='grc' dir='ltr'>τῶν</span> <span class='ocrx_word' id='word_1_696' title='bbox 477 4636 713 4706; x_wconf 83' lang='grc' dir='ltr'>ἐχόντων</span> <span class='ocrx_word' id='word_1_697' title='bbox 757 4636 820 4689; x_wconf 85' lang='grc' dir='ltr'>τὸ</span> <span class='ocrx_word' id='word_1_698' title='bbox 867 4637 1156 4707; x_wconf 83' lang='grc' dir='ltr'>σφαιρικὸν</span> <span class='ocrx_word' id='word_1_699' title='bbox 1202 4636 1389 4708; x_wconf 84' lang='grc' dir='ltr'>σχῆμα</span> <span class='ocrx_word' id='word_1_700' title='bbox 1417 4637 1479 4690; x_wconf 85' lang='grc' dir='ltr'><strong>τὸ</strong></span> <span class='ocrx_word' id='word_1_701' title='bbox 1536 4638 1636 4708; x_wconf 90' lang='grc' dir='ltr'><strong>μέν</strong></span> <span class='ocrx_word' id='word_1_702' title='bbox 1670 4642 1900 4692; x_wconf 89' lang='grc' dir='ltr'>κινεῖται</span> 
     </span>
    </p>
   </div>
   <div class='ocr_carea' id='block_1_94' title="bbox 314 4727 1930 4807">
    <p class='ocr_par' dir='ltr' id='par_1_94' title="bbox 314 4727 1930 4807">
     <span class='ocr_line' id='line_1_94' title="bbox 314 4727 1930 4807; baseline 0.004 -27"><span class='ocrx_word' id='word_1_703' title='bbox 314 4727 398 4780; x_wconf 79' lang='grc' dir='ltr'><strong>ἀεὶ</strong></span> <span class='ocrx_word' id='word_1_704' title='bbox 414 4728 492 4791; x_wconf 87' lang='grc' dir='ltr'>ὡς</span> <span class='ocrx_word' id='word_1_705' title='bbox 519 4730 548 4782; x_wconf 84' lang='grc' dir='ltr'>ὁ</span> <span class='ocrx_word' id='word_1_706' title='bbox 570 4727 821 4799; x_wconf 80' lang='grc' dir='ltr'>οὐρανὸς,</span> <span class='ocrx_word' id='word_1_707' title='bbox 843 4729 907 4783; x_wconf 65' lang='lat' dir='ltr'><strong>«cs</strong></span> <span class='ocrx_word' id='word_1_708' title='bbox 925 4730 981 4782; x_wconf 80' lang='grc' dir='ltr'>δὲ</span> <span class='ocrx_word' id='word_1_709' title='bbox 1010 4730 1096 4783; x_wconf 79' lang='grc' dir='ltr'><strong>ἀεὶ</strong></span> <span class='ocrx_word' id='word_1_710' title='bbox 1116 4732 1333 4801; x_wconf 80' lang='grc' dir='ltr'>ὴρεμεῖ,</span> <span class='ocrx_word' id='word_1_711' title='bbox 1352 4730 1428 4795; x_wconf 80' lang='grc' dir='ltr'>ὡς</span> <span class='ocrx_word' id='word_1_712' title='bbox 1454 4729 1522 4783; x_wconf 86' lang='grc' dir='ltr'>τὰ</span> <span class='ocrx_word' id='word_1_713' title='bbox 1552 4731 1729 4802; x_wconf 88' lang='grc' dir='ltr'>ἄστρα</span> <span class='ocrx_word' id='word_1_714' title='bbox 1753 4732 1862 4803; x_wconf 82' lang='grc'><strong>(58)</strong></span> <span class='ocrx_word' id='word_1_715' title='bbox 1885 4749 1930 4807; x_wconf 65' lang='lat'><strong>;_</strong></span> 
     </span>
    </p>
   </div>
   <div class='ocr_carea' id='block_1_95' title="bbox 699 4908 1517 4979">
    <p class='ocr_par' dir='ltr' id='par_1_95' title="bbox 699 4908 1517 4979">
     <span class='ocr_line' id='line_1_95' title="bbox 699 4908 1517 4979; baseline -0.001 -13"><span class='ocrx_word' id='word_1_716' title='bbox 699 4911 787 4966; x_wconf 80' lang='lat'><strong>59.</strong></span> <span class='ocrx_word' id='word_1_717' title='bbox 834 4911 929 4964; x_wconf 81' lang='grc' dir='ltr'>Ἐκ</span> <span class='ocrx_word' id='word_1_718' title='bbox 960 4908 1068 4963; x_wconf 83' lang='grc' dir='ltr'>τοῦ</span> <span class='ocrx_word' id='word_1_719' title='bbox 1099 4908 1288 4963; x_wconf 81' lang='grc' dir='ltr'>αὑτοῦ</span> <span class='ocrx_word' id='word_1_720' title='bbox 1306 4909 1517 4979; x_wconf 72' lang='grc' dir='ltr'>λόγου.</span> 
     </span>
    </p>
   </div>
   <div class='ocr_carea' id='block_1_96' title="bbox 392 5000 1922 5075">
    <p class='ocr_par' dir='ltr' id='par_1_96' title="bbox 392 5000 1922 5075">
     <span class='ocr_line' id='line_1_96' title="bbox 392 5000 1922 5075; baseline -0.002 -22"><span class='ocrx_word' id='word_1_721' title='bbox 392 5022 411 5053; x_wconf 74' lang='grc' dir='ltr'><strong>ι</strong></span> <span class='ocrx_word' id='word_1_722' title='bbox 454 5003 621 5056; x_wconf 83' lang='grc' dir='ltr'>Ὥστε</span> <span class='ocrx_word' id='word_1_723' title='bbox 653 5004 885 5075; x_wconf 88' lang='grc' dir='ltr'>ἐπείπερ</span> <span class='ocrx_word' id='word_1_724' title='bbox 924 5003 985 5056; x_wconf 87' lang='grc' dir='ltr'><strong>οὐ</strong></span> <span class='ocrx_word' id='word_1_725' title='bbox 1015 5000 1266 5071; x_wconf 83' lang='grc' dir='ltr'>φαίνεται</span> <span class='ocrx_word' id='word_1_726' title='bbox 1300 5000 1462 5055; x_wconf 82' lang='grc' dir='ltr'>τοῦτο</span> <span class='ocrx_word' id='word_1_727' title='bbox 1501 5001 1589 5055; x_wconf 61' lang='grc' dir='ltr'><strong>ἀεὶ¹</strong></span> <span class='ocrx_word' id='word_1_728' title='bbox 1621 5000 1734 5073; x_wconf 84' lang='grc'><strong>(59)</strong></span> <span class='ocrx_word' id='word_1_729' title='bbox 1767 5018 1922 5071; x_wconf 80' lang='grc' dir='ltr'>συμ-.</span> 
     </span>
    </p>
   </div>
   <div class='ocr_carea' id='block_1_97' title="bbox 317 5092 1923 5167">
    <p class='ocr_par' dir='ltr' id='par_1_97' title="bbox 317 5092 1923 5167">
     <span class='ocr_line' id='line_1_97' title="bbox 317 5092 1923 5167; baseline -0.001 -20"><span class='ocrx_word' id='word_1_730' title='bbox 317 5093 520 5160; x_wconf 81' lang='grc' dir='ltr'>σαῖνον,</span> <span class='ocrx_word' id='word_1_731' title='bbox 552 5094 677 5149; x_wconf 84' lang='grc' dir='ltr'>οὐτε</span> <span class='ocrx_word' id='word_1_732' title='bbox 712 5094 779 5150; x_wconf 84' lang='grc' dir='ltr'><strong>ἂν</strong></span> <span class='ocrx_word' id='word_1_733' title='bbox 805 5094 1047 5167; x_wconf 75' lang='grc' dir='ltr'>ἔμψυχον</span> <span class='ocrx_word' id='word_1_734' title='bbox 1090 5092 1229 5159; x_wconf 85' lang='grc' dir='ltr'>οὐτε</span> <span class='ocrx_word' id='word_1_735' title='bbox 1249 5093 1420 5163; x_wconf 86' lang='grc' dir='ltr'>βίαιον</span> <span class='ocrx_word' id='word_1_736' title='bbox 1465 5094 1682 5165; x_wconf 84' lang='grc' dir='ltr'>φέροιτο</span> <span class='ocrx_word' id='word_1_737' title='bbox 1732 5092 1923 5166; x_wconf 83' lang='grc' dir='ltr'>φορὰν</span> 
     </span>
    </p>
   </div>
   <div class='ocr_carea' id='block_1_98' title="bbox 319 5184 1904 5259">
    <p class='ocr_par' dir='ltr' id='par_1_98' title="bbox 319 5184 1904 5259">
     <span class='ocr_line' id='line_1_98' title="bbox 319 5184 1904 5259; baseline -0.003 -18"><span class='ocrx_word' id='word_1_738' title='bbox 319 5188 473 5242; x_wconf 76' lang='grc' dir='ltr'>οὐθὲν</span> <span class='ocrx_word' id='word_1_739' title='bbox 501 5187 702 5254; x_wconf 84' lang='grc' dir='ltr'>αὐτῶν,</span> <span class='ocrx_word' id='word_1_740' title='bbox 736 5187 926 5259; x_wconf 81' lang='grc' dir='ltr'>ὥσπερ</span> <span class='ocrx_word' id='word_1_741' title='bbox 974 5187 1037 5242; x_wconf 82' lang='grc' dir='ltr'><strong>τὸ</strong></span> <span class='ocrx_word' id='word_1_742' title='bbox 1081 5185 1271 5258; x_wconf 88' lang='grc' dir='ltr'>μέλλον</span> <span class='ocrx_word' id='word_1_743' title='bbox 1302 5184 1519 5240; x_wconf 75' lang='grc' dir='ltr'>ἔσεσθαι</span> <span class='ocrx_word' id='word_1_744' title='bbox 1572 5186 1904 5257; x_wconf 87' lang='grc' dir='ltr'>προνοούσης</span> 
     </span>
    </p>
   </div>
   <div class='ocr_carea' id='block_1_99' title="bbox 326 5278 1927 5357">
    <p class='ocr_par' dir='ltr' id='par_1_99' title="bbox 326 5278 1927 5357">
     <span class='ocr_line' id='line_1_99' title="bbox 326 5278 1927 5357; baseline -0.002 -23"><span class='ocrx_word' id='word_1_745' title='bbox 326 5282 415 5353; x_wconf 75' lang='grc' dir='ltr'>τῆς</span> <span class='ocrx_word' id='word_1_746' title='bbox 446 5280 686 5352; x_wconf 85' lang='grc' dir='ltr'>φύσεως,</span> <span class='ocrx_word' id='word_1_747' title='bbox 717 5282 799 5336; x_wconf 85' lang='grc' dir='ltr'>ὅτι</span> <span class='ocrx_word' id='word_1_748' title='bbox 834 5280 910 5353; x_wconf 83' lang='grc' dir='ltr'>μὴ</span> <span class='ocrx_word' id='word_1_749' title='bbox 945 5282 1134 5335; x_wconf 80' lang='grc' dir='ltr'>τοῦτον</span> <span class='ocrx_word' id='word_1_750' title='bbox 1160 5278 1253 5333; x_wconf 71' lang='grc' dir='ltr'>τὸν</span> <span class='ocrx_word' id='word_1_751' title='bbox 1284 5279 1486 5350; x_wconf 88' lang='grc' dir='ltr'>τρόπον</span> <span class='ocrx_word' id='word_1_752' title='bbox 1535 5279 1766 5357; x_wconf 87' lang='grc' dir='ltr'>ἐχούσης</span> <span class='ocrx_word' id='word_1_753' title='bbox 1803 5278 1927 5354; x_wconf 28' lang='grc' dir='ltr'>τῆς,</span> 
     </span>
    </p>
   </div>
   <div class='ocr_carea' id='block_1_100' title="bbox 415 5436 1290 5579">
    <p class='ocr_par' dir='ltr' id='par_1_100' title="bbox 415 5436 1290 5579">
     <span class='ocr_line' id='line_1_100' title="bbox 415 5436 1290 5579; baseline -0.003 -87"><span class='ocrx_word' id='word_1_754' title='bbox 415 5437 508 5579; x_wconf 52' lang='lat'><strong>56;</strong></span> <span class='ocrx_word' id='word_1_755' title='bbox 541 5438 817 5493; x_wconf 81' lang='grc' dir='ltr'>Ἑαυτοῦ.</span> <span class='ocrx_word' id='word_1_756' title='bbox 850 5438 1078 5499; x_wconf 75' lang='lat' dir='ltr'><strong>Aristot.</strong></span> <span class='ocrx_word' id='word_1_757' title='bbox 1102 5436 1290 5491; x_wconf 81' lang='grc' dir='ltr'>αὐτοῦ.</span> 
     </span>
     <span class='ocr_line' id='line_1_101' title="bbox 417 5508 1290 5579; baseline -0.002 -16"><span class='ocrx_word' id='word_1_758' title='bbox 417 5509 486 5563; x_wconf 83' lang='lat'><strong>57</strong></span> <span class='ocrx_word' id='word_1_759' title='bbox 528 5509 705 5579; x_wconf 82' lang='grc' dir='ltr'>οὕτω</span> <span class='ocrx_word' id='word_1_760' title='bbox 761 5510 872 5579; x_wconf 64' lang='grc' dir='ltr'><strong>γὰρ</strong></span> <span class='ocrx_word' id='word_1_761' title='bbox 911 5508 989 5564; x_wconf 79' lang='grc' dir='ltr'><strong>ἂν</strong></span> <span class='ocrx_word' id='word_1_762' title='bbox 1029 5508 1290 5579; x_wconf 75' lang='grc' dir='ltr'>μάλιστα</span> 
     </span>
    </p>
   </div>
   <div class='ocr_carea' id='block_1_101' title="bbox 417 5504 1907 5579">
    <p class='ocr_par' dir='ltr' id='par_1_101' title="bbox 417 5504 1907 5579">
     <span class='ocr_line' id='line_1_102' title="bbox 417 5504 1907 5579; baseline -0.004 -16"><span class='ocrx_word' id='word_1_763' title='bbox 417 5504 705 5579; x_wconf 80' lang='grc' dir='ltr'><strong>57)οὕτω</strong></span> <span class='ocrx_word' id='word_1_764' title='bbox 761 5510 872 5579; x_wconf 63' lang='grc' dir='ltr'><strong>γὰρ</strong></span> <span class='ocrx_word' id='word_1_765' title='bbox 911 5508 989 5564; x_wconf 79' lang='grc' dir='ltr'><strong>ἂν</strong></span> <span class='ocrx_word' id='word_1_766' title='bbox 1029 5508 1317 5579; x_wconf 75' lang='grc' dir='ltr'>μάλιστα.</span> <span class='ocrx_word' id='word_1_767' title='bbox 1360 5505 1592 5565; x_wconf 83' lang='lat' dir='ltr'><strong>Aristot.</strong></span> <span class='ocrx_word' id='word_1_768' title='bbox 1622 5504 1764 5559; x_wconf 75' lang='grc' dir='ltr'>οὕτω</span> <span class='ocrx_word' id='word_1_769' title='bbox 1810 5506 1907 5575; x_wconf 86' lang='grc' dir='ltr'><strong>μὲν</strong></span> 
     </span>
    </p>
   </div>
   <div class='ocr_carea' id='block_1_102' title="bbox 329 5579 507 5717">
    <p class='ocr_par' dir='ltr' id='par_1_102' title="bbox 329 5579 507 5717">
     <span class='ocr_line' id='line_1_103' title="bbox 329 5579 507 5717; baseline -0.006 -70"><span class='ocrx_word' id='word_1_770' title='bbox 329 5579 507 5717; x_wconf 43' lang='grc' dir='ltr'><strong>τὰΕὲ</strong></span> 
     </span>
    </p>
   </div>
   <div class='ocr_carea' id='block_1_103' title="bbox 395 5715 1908 5800">
    <p class='ocr_par' dir='ltr' id='par_1_103' title="bbox 395 5715 1908 5800">
     <span class='ocr_line' id='line_1_104' title="bbox 395 5715 1908 5800; baseline -0.003 -27"><span class='ocrx_word' id='word_1_771' title='bbox 395 5715 694 5800; x_wconf 47' lang='grc' dir='ltr'><strong>(59).’ᾼεί.</strong></span> <span class='ocrx_word' id='word_1_772' title='bbox 728 5717 888 5771; x_wconf 85' lang='lat' dir='ltr'><strong>Deest</strong></span> <span class='ocrx_word' id='word_1_773' title='bbox 923 5715 1324 5800; x_wconf 64' lang='lat' dir='ltr'><strong>apudAristot.</strong></span> <span class='ocrx_word' id='word_1_774' title='bbox 1356 5725 1486 5800; x_wconf 47' lang='grc' dir='ltr'><strong>βιβ-</strong></span> <span class='ocrx_word' id='word_1_775' title='bbox 1509 5715 1779 5800; x_wconf 62' lang='grc' dir='ltr'>εςτὶηιρικθ</span> <span class='ocrx_word' id='word_1_776' title='bbox 1810 5730 1908 5794; x_wconf 69' lang='lat' dir='ltr'><strong>uo-</strong></span> 
     </span>
    </p>
   </div>
   <div class='ocr_carea' id='block_1_104' title="bbox 324 5782 1909 5857">
    <p class='ocr_par' dir='ltr' id='par_1_104' title="bbox 324 5782 1909 5857">
     <span class='ocr_line' id='line_1_105' title="bbox 324 5782 1909 5857; baseline -0.005 -14"><span class='ocrx_word' id='word_1_777' title='bbox 324 5782 459 5853; x_wconf 80' lang='lat' dir='ltr'><strong>stro,</strong></span> <span class='ocrx_word' id='word_1_778' title='bbox 492 5782 537 5843; x_wconf 76' lang='lat' dir='ltr'><strong>si</strong></span> <span class='ocrx_word' id='word_1_779' title='bbox 568 5789 617 5843; x_wconf 92' lang='lat' dir='ltr'><strong>is</strong></span> <span class='ocrx_word' id='word_1_780' title='bbox 644 5804 711 5842; x_wconf 90' lang='lat' dir='ltr'><strong>eo</strong></span> <span class='ocrx_word' id='word_1_781' title='bbox 743 5804 877 5841; x_wconf 90' lang='lat' dir='ltr'><strong>usus</strong></span> <span class='ocrx_word' id='word_1_782' title='bbox 902 5782 1005 5853; x_wconf 71' lang='lat' dir='ltr'><strong>est,</strong></span> <span class='ocrx_word' id='word_1_783' title='bbox 1037 5789 1117 5843; x_wconf 88' lang='lat' dir='ltr'><strong>sic</strong></span> <span class='ocrx_word' id='word_1_784' title='bbox 1142 5788 1369 5857; x_wconf 81' lang='lat' dir='ltr'><strong>intelligi</strong></span> <span class='ocrx_word' id='word_1_785' title='bbox 1401 5785 1609 5857; x_wconf 86' lang='lat' dir='ltr'><strong>debuit,</strong></span> <span class='ocrx_word' id='word_1_786' title='bbox 1630 5782 1726 5837; x_wconf 69' lang='grc' dir='ltr'>ἀεὶ</span> <span class='ocrx_word' id='word_1_787' title='bbox 1743 5784 1909 5857; x_wconf 76' lang='grc' dir='ltr'>τοῦτο</span> 
     </span>
    </p>
   </div>
   <div class='ocr_carea' id='block_1_105' title="bbox 324 5855 1910 5925">
    <p class='ocr_par' dir='ltr' id='par_1_105' title="bbox 324 5855 1910 5925">
     <span class='ocr_line' id='line_1_106' title="bbox 324 5855 1910 5925; baseline -0.004 -10"><span class='ocrx_word' id='word_1_788' title='bbox 324 5858 575 5920; x_wconf 62' lang='grc' dir='ltr'>φαίνεται</span> <span class='ocrx_word' id='word_1_789' title='bbox 613 5860 674 5912; x_wconf 90' lang='grc' dir='ltr'><strong>οὐ</strong></span> <span class='ocrx_word' id='word_1_790' title='bbox 708 5858 1018 5925; x_wconf 76' lang='grc' dir='ltr'>συμϐαῖνον,</span> <span class='ocrx_word' id='word_1_791' title='bbox 1050 5858 1135 5914; x_wconf 84' lang='lat' dir='ltr'><strong>Ait</strong></span> <span class='ocrx_word' id='word_1_792' title='bbox 1162 5860 1306 5913; x_wconf 86' lang='lat' dir='ltr'><strong>enim</strong></span> <span class='ocrx_word' id='word_1_793' title='bbox 1326 5855 1681 5921; x_wconf 48' lang='lat' dir='ltr'><strong>&#39;Arislotelcs.</strong></span> <span class='ocrx_word' id='word_1_794' title='bbox 1710 5856 1756 5912; x_wconf 86' lang='lat' dir='ltr'><strong>si</strong></span> <span class='ocrx_word' id='word_1_795' title='bbox 1788 5855 1910 5912; x_wconf 82' lang='lat' dir='ltr'><strong>stel-</strong></span> 
     </span>
    </p>
   </div>
   <div class='ocr_carea' id='block_1_106' title="bbox 543 5596 1797 5716">
    <p class='ocr_par' dir='ltr' id='par_1_106' title="bbox 543 5596 1797 5716">
     <span class='ocr_line' id='line_1_107' title="bbox 543 5596 1797 5716; baseline -0.003 -15"><span class='ocrx_word' id='word_1_796' title='bbox 543 5596 743 5715; x_wconf 41' lang='lat'><strong>5:26:22</strong></span> <span class='ocrx_word' id='word_1_797' title='bbox 768 5647 979 5715; x_wconf 83' lang='grc' dir='ltr'>ἄστρα.</span> <span class='ocrx_word' id='word_1_798' title='bbox 1021 5647 1148 5705; x_wconf 68' lang='grc' dir='ltr'><strong>ΗὲΕΟ</strong></span> <span class='ocrx_word' id='word_1_799' title='bbox 1179 5645 1546 5716; x_wconf 88' lang='lat' dir='ltr'><strong>suppeditavit</strong></span> <span class='ocrx_word' id='word_1_800' title='bbox 1579 5643 1712 5713; x_wconf 78' lang='lat' dir='ltr'><strong>Reg.</strong></span> <span class='ocrx_word' id='word_1_801' title='bbox 1747 5645 1797 5698; x_wconf 79' lang='grc'><strong>1.</strong></span> 
     </span>
    </p>
   </div>
   <div class='ocr_carea' id='block_1_107' title="bbox 2004 4641 3586 4730">
    <p class='ocr_par' dir='ltr' id='par_1_107' title="bbox 2004 4641 3586 4730">
     <span class='ocr_line' id='line_1_108' title="bbox 2004 4641 3586 4730; baseline -0.006 -25"><span class='ocrx_word' id='word_1_802' title='bbox 2004 4658 2130 4730; x_wconf 78' lang='lat' dir='ltr'><strong>apta</strong></span> <span class='ocrx_word' id='word_1_803' title='bbox 2160 4661 2215 4706; x_wconf 91' lang='lat' dir='ltr'><strong>et</strong></span> <span class='ocrx_word' id='word_1_804' title='bbox 2243 4651 2441 4715; x_wconf 88' lang='lat' dir='ltr'><strong>habilis</strong></span> <span class='ocrx_word' id='word_1_805' title='bbox 2460 4661 2545 4706; x_wconf 90' lang='lat' dir='ltr'><strong>est</strong></span> <span class='ocrx_word' id='word_1_806' title='bbox 2573 4649 2837 4704; x_wconf 84' lang='lat' dir='ltr'><strong>attributa</strong></span> <span class='ocrx_word' id='word_1_807' title='bbox 2861 4666 2877 4706; x_wconf 75' lang='grc' dir='ltr'>,ς</span> <span class='ocrx_word' id='word_1_808' title='bbox 2914 4641 3191 4715; x_wconf 89' lang='lat' dir='ltr'><strong>quomodo</strong></span> <span class='ocrx_word' id='word_1_809' title='bbox 3222 4654 3413 4695; x_wconf 89' lang='lat' dir='ltr'><strong>eorum</strong></span> <span class='ocrx_word' id='word_1_810' title='bbox 3464 4651 3586 4705; x_wconf 59' lang='lat' dir='ltr'><strong>quae</strong></span> 
     </span>
    </p>
   </div>
   <div class='ocr_carea' id='block_1_108' title="bbox 2004 4734 3580 4813">
    <p class='ocr_par' dir='ltr' id='par_1_108' title="bbox 2004 4734 3580 4813">
     <span class='ocr_line' id='line_1_109' title="bbox 2004 4734 3580 4813; baseline -0.004 -16"><span class='ocrx_word' id='word_1_811' title='bbox 2004 4744 2297 4799; x_wconf 90' lang='lat' dir='ltr'><strong>rotundam</strong></span> <span class='ocrx_word' id='word_1_812' title='bbox 2327 4743 2534 4805; x_wconf 83' lang='lat' dir='ltr'><strong>habent</strong></span> <span class='ocrx_word' id='word_1_813' title='bbox 2568 4741 2817 4813; x_wconf 81' lang='lat' dir='ltr'><strong>ﬁguram,</strong></span> <span class='ocrx_word' id='word_1_814' title='bbox 2867 4738 3017 4793; x_wconf 89' lang='lat' dir='ltr'><strong>aliud</strong></span> <span class='ocrx_word' id='word_1_815' title='bbox 3050 4748 3265 4809; x_wconf 85' lang='lat' dir='ltr'><strong>semper</strong></span> <span class='ocrx_word' id='word_1_816' title='bbox 3308 4734 3580 4790; x_wconf 72' lang='lat' dir='ltr'><strong>movetur.</strong></span> 
     </span>
    </p>
   </div>
   <div class='ocr_carea' id='block_1_109' title="bbox 2005 4824 3375 4908">
    <p class='ocr_par' dir='ltr' id='par_1_109' title="bbox 2005 4824 3375 4908">
     <span class='ocr_line' id='line_1_110' title="bbox 2005 4824 3375 4908; baseline -0.01 -19"><span class='ocrx_word' id='word_1_817' title='bbox 2005 4843 2065 4889; x_wconf 89' lang='lat' dir='ltr'><strong>ut</strong></span> <span class='ocrx_word' id='word_1_818' title='bbox 2102 4836 2302 4890; x_wconf 63' lang='lat' dir='ltr'><strong>coalum</strong></span> <span class='ocrx_word' id='word_1_819' title='bbox 2325 4875 2340 4900; x_wconf 93' lang='lat'><strong>,</strong></span> <span class='ocrx_word' id='word_1_820' title='bbox 2374 4834 2523 4889; x_wconf 87' lang='lat' dir='ltr'><strong>aliud</strong></span> <span class='ocrx_word' id='word_1_821' title='bbox 2548 4848 2761 4902; x_wconf 90' lang='lat' dir='ltr'><strong>semper</strong></span> <span class='ocrx_word' id='word_1_822' title='bbox 2798 4830 3038 4908; x_wconf 88' lang='lat' dir='ltr'><strong>quiescit</strong></span> <span class='ocrx_word' id='word_1_823' title='bbox 3072 4834 3131 4881; x_wconf 94' lang='lat' dir='ltr'><strong>ut</strong></span> <span class='ocrx_word' id='word_1_824' title='bbox 3164 4824 3375 4881; x_wconf 63' lang='lat' dir='ltr'><strong>stellae?</strong></span> 
     </span>
    </p>
   </div>
   <div class='ocr_carea' id='block_1_110' title="bbox 2205 4910 3400 4990">
    <p class='ocr_par' dir='ltr' id='par_1_110' title="bbox 2205 4910 3400 4990">
     <span class='ocr_line' id='line_1_111' title="bbox 2205 4910 3400 4990; baseline -0.023 0"><span class='ocrx_word' id='word_1_825' title='bbox 2205 4934 2292 4990; x_wconf 80' lang='lat'><strong>59.</strong></span> <span class='ocrx_word' id='word_1_826' title='bbox 2329 4932 2412 4987; x_wconf 81' lang='lat' dir='ltr'><strong>Ea:</strong></span> <span class='ocrx_word' id='word_1_827' title='bbox 2439 4933 2617 4988; x_wconf 86' lang='lat' dir='ltr'><strong>eodem</strong></span> <span class='ocrx_word' id='word_1_828' title='bbox 2647 4932 2802 4987; x_wconf 81' lang='lat' dir='ltr'><strong>libro.</strong></span> <span class='ocrx_word' id='word_1_829' title='bbox 2837 4922 2994 4985; x_wconf 89' lang='lat' dir='ltr'><strong>ibid.,</strong></span> <span class='ocrx_word' id='word_1_830' title='bbox 3022 4934 3072 4973; x_wconf 90' lang='lat' dir='ltr'><strong>c.</strong></span> <span class='ocrx_word' id='word_1_831' title='bbox 3106 4916 3160 4980; x_wconf 80' lang='lat'><strong>9,</strong></span> <span class='ocrx_word' id='word_1_832' title='bbox 3189 4930 3241 4982; x_wconf 91' lang='lat' dir='ltr'><strong>p.</strong></span> <span class='ocrx_word' id='word_1_833' title='bbox 3273 4910 3400 4964; x_wconf 76' lang='lat' dir='ltr'><strong>29L</strong></span> 
     </span>
    </p>
   </div>
   <div class='ocr_carea' id='block_1_111' title="bbox 2080 5005 3587 5081">
    <p class='ocr_par' dir='ltr' id='par_1_111' title="bbox 2080 5005 3587 5081">
     <span class='ocr_line' id='line_1_112' title="bbox 2080 5005 3587 5081; baseline -0.011 -16"><span class='ocrx_word' id='word_1_834' title='bbox 2080 5033 2099 5065; x_wconf 71' lang='grc' dir='ltr'><strong>ι</strong></span> <span class='ocrx_word' id='word_1_835' title='bbox 2132 5013 2403 5081; x_wconf 81' lang='lat' dir='ltr'><strong>Quocirca</strong></span> <span class='ocrx_word' id='word_1_836' title='bbox 2436 5028 2560 5067; x_wconf 91' lang='lat' dir='ltr'><strong>cum</strong></span> <span class='ocrx_word' id='word_1_837' title='bbox 2591 5013 2695 5066; x_wconf 92' lang='lat' dir='ltr'><strong>hoc</strong></span> <span class='ocrx_word' id='word_1_838' title='bbox 2728 5023 3010 5080; x_wconf 88' lang='lat' dir='ltr'><strong>nunquam</strong></span> <span class='ocrx_word' id='word_1_839' title='bbox 3061 5005 3379 5072; x_wconf 82' lang='lat' dir='ltr'><strong>contingere</strong></span> <span class='ocrx_word' id='word_1_840' title='bbox 3420 5012 3587 5068; x_wconf 88' lang='lat' dir='ltr'><strong>appa-</strong></span> 
     </span>
    </p>
   </div>
   <div class='ocr_carea' id='block_1_112' title="bbox 2007 5094 3587 5174">
    <p class='ocr_par' dir='ltr' id='par_1_112' title="bbox 2007 5094 3587 5174">
     <span class='ocr_line' id='line_1_113' title="bbox 2007 5094 3587 5174; baseline -0.011 -12"><span class='ocrx_word' id='word_1_841' title='bbox 2007 5117 2147 5174; x_wconf 89' lang='lat' dir='ltr'><strong>reat,</strong></span> <span class='ocrx_word' id='word_1_842' title='bbox 2170 5124 2271 5164; x_wconf 89' lang='lat' dir='ltr'><strong>nec</strong></span> <span class='ocrx_word' id='word_1_843' title='bbox 2298 5108 2541 5162; x_wconf 89' lang='lat' dir='ltr'><strong>animato</strong></span> <span class='ocrx_word' id='word_1_844' title='bbox 2572 5119 2676 5160; x_wconf 89' lang='lat' dir='ltr'><strong>nec</strong></span> <span class='ocrx_word' id='word_1_845' title='bbox 2708 5103 2951 5158; x_wconf 88' lang='lat' dir='ltr'><strong>violento</strong></span> <span class='ocrx_word' id='word_1_846' title='bbox 2980 5106 3130 5155; x_wconf 89' lang='lat' dir='ltr'><strong>motu</strong></span> <span class='ocrx_word' id='word_1_847' title='bbox 3163 5097 3271 5151; x_wconf 89' lang='lat' dir='ltr'><strong>ulla</strong></span> <span class='ocrx_word' id='word_1_848' title='bbox 3307 5094 3587 5150; x_wconf 90' lang='lat' dir='ltr'><strong>stellarum</strong></span> 
     </span>
    </p>
   </div>
   <div class='ocr_carea' id='block_1_113' title="bbox 2008 5186 3590 5273">
    <p class='ocr_par' dir='ltr' id='par_1_113' title="bbox 2008 5186 3590 5273">
     <span class='ocr_line' id='line_1_114' title="bbox 2008 5186 3590 5273; baseline -0.011 -17"><span class='ocrx_word' id='word_1_849' title='bbox 2008 5203 2213 5265; x_wconf 82' lang='lat' dir='ltr'><strong>fertur:</strong></span> <span class='ocrx_word' id='word_1_850' title='bbox 2249 5199 2593 5273; x_wconf 86' lang='lat' dir='ltr'><strong>providentia</strong></span> <span class='ocrx_word' id='word_1_851' title='bbox 2638 5204 2851 5251; x_wconf 78' lang='lat' dir='ltr'><strong>naturae</strong></span> <span class='ocrx_word' id='word_1_852' title='bbox 2896 5193 3142 5248; x_wconf 80' lang='lat' dir='ltr'><strong>futurum</strong></span> <span class='ocrx_word' id='word_1_853' title='bbox 3184 5189 3354 5245; x_wconf 89' lang='lat' dir='ltr'><strong>veluti</strong></span> <span class='ocrx_word' id='word_1_854' title='bbox 3396 5186 3590 5257; x_wconf 56' lang='lat' dir='ltr'><strong>praevi-</strong></span> 
     </span>
    </p>
   </div>
   <div class='ocr_carea' id='block_1_114' title="bbox 2008 5283 3587 5364">
    <p class='ocr_par' dir='ltr' id='par_1_114' title="bbox 2008 5283 3587 5364">
     <span class='ocr_line' id='line_1_115' title="bbox 2008 5283 3587 5364; baseline -0.009 -16"><span class='ocrx_word' id='word_1_855' title='bbox 2008 5295 2175 5351; x_wconf 90' lang='lat' dir='ltr'><strong>dente</strong></span> <span class='ocrx_word' id='word_1_856' title='bbox 2222 5308 2438 5364; x_wconf 89' lang='lat' dir='ltr'><strong>nempe,</strong></span> <span class='ocrx_word' id='word_1_857' title='bbox 2488 5290 2596 5346; x_wconf 87' lang='lat' dir='ltr'><strong>nisi</strong></span> <span class='ocrx_word' id='word_1_858' title='bbox 2641 5290 2746 5343; x_wconf 93' lang='lat' dir='ltr'><strong>hoc</strong></span> <span class='ocrx_word' id='word_1_859' title='bbox 2795 5302 2855 5343; x_wconf 92' lang='lat' dir='ltr'><strong>se</strong></span> <span class='ocrx_word' id='word_1_860' title='bbox 2898 5284 3063 5340; x_wconf 87' lang='lat' dir='ltr'><strong>modo</strong></span> <span class='ocrx_word' id='word_1_861' title='bbox 3112 5283 3337 5337; x_wconf 83' lang='lat' dir='ltr'><strong>haberet</strong></span> <span class='ocrx_word' id='word_1_862' title='bbox 3383 5286 3587 5342; x_wconf 89' lang='lat' dir='ltr'><strong>motus,</strong></span> 
     </span>
    </p>
   </div>
   <div class='ocr_carea' id='block_1_115' title="bbox 2009 5416 3592 5498">
    <p class='ocr_par' dir='ltr' id='par_1_115' title="bbox 2009 5416 3592 5498">
     <span class='ocr_line' id='line_1_116' title="bbox 2009 5416 3592 5498; baseline -0.011 -12"><span class='ocrx_word' id='word_1_863' title='bbox 2009 5434 2081 5487; x_wconf 83' lang='lat' dir='ltr'><strong>lae</strong></span> <span class='ocrx_word' id='word_1_864' title='bbox 2101 5431 2157 5485; x_wconf 93' lang='lat' dir='ltr'><strong>in</strong></span> <span class='ocrx_word' id='word_1_865' title='bbox 2178 5445 2311 5485; x_wconf 87' lang='lat' dir='ltr'><strong>aere</strong></span> <span class='ocrx_word' id='word_1_866' title='bbox 2335 5436 2431 5483; x_wconf 89' lang='lat' dir='ltr'><strong>aut</strong></span> <span class='ocrx_word' id='word_1_867' title='bbox 2462 5428 2587 5498; x_wconf 83' lang='lat' dir='ltr'><strong>igne</strong></span> <span class='ocrx_word' id='word_1_868' title='bbox 2619 5432 2991 5498; x_wconf 77' lang='lat' dir='ltr'><strong>moverentur,</strong></span> <span class='ocrx_word' id='word_1_869' title='bbox 3019 5438 3119 5478; x_wconf 91' lang='lat' dir='ltr'><strong>nec</strong></span> <span class='ocrx_word' id='word_1_870' title='bbox 3140 5420 3349 5498; x_wconf 80' lang='lat' dir='ltr'><strong>sphaera</strong></span> <span class='ocrx_word' id='word_1_871' title='bbox 3379 5416 3592 5471; x_wconf 79' lang='lat' dir='ltr'><strong>cohibe-</strong></span> 
     </span>
    </p>
   </div>
   <div class='ocr_carea' id='block_1_116' title="bbox 2009 5492 3591 5564">
    <p class='ocr_par' dir='ltr' id='par_1_116' title="bbox 2009 5492 3591 5564">
     <span class='ocr_line' id='line_1_117' title="bbox 2009 5492 3591 5564; baseline -0.012 -7"><span class='ocrx_word' id='word_1_872' title='bbox 2009 5510 2222 5564; x_wconf 87' lang='lat' dir='ltr'><strong>rcntur,</strong></span> <span class='ocrx_word' id='word_1_873' title='bbox 2253 5501 2371 5555; x_wconf 81' lang='lat' dir='ltr'><strong>fere</strong></span> <span class='ocrx_word' id='word_1_874' title='bbox 2400 5507 2460 5553; x_wconf 88' lang='lat' dir='ltr'><strong>ut</strong></span> <span class='ocrx_word' id='word_1_875' title='bbox 2485 5492 2729 5553; x_wconf 74' lang='lat' dir='ltr'><strong>sonitum</strong></span> <span class='ocrx_word' id='word_1_876' title='bbox 2766 5495 3082 5550; x_wconf 88' lang='lat' dir='ltr'><strong>horribilem</strong></span> <span class='ocrx_word' id='word_1_877' title='bbox 3105 5492 3357 5564; x_wconf 74' lang='lat' dir='ltr'><strong>ederent,</strong></span> <span class='ocrx_word' id='word_1_878' title='bbox 3383 5498 3435 5541; x_wconf 91' lang='lat' dir='ltr'><strong>et</strong></span> <span class='ocrx_word' id='word_1_879' title='bbox 3464 5501 3591 5539; x_wconf 84' lang='lat' dir='ltr'><strong>cor-</strong></span> 
     </span>
    </p>
   </div>
   <div class='ocr_carea' id='block_1_117' title="bbox 2010 5561 3591 5642">
    <p class='ocr_par' dir='ltr' id='par_1_117' title="bbox 2010 5561 3591 5642">
     <span class='ocr_line' id='line_1_118' title="bbox 2010 5561 3591 5642; baseline -0.013 -12"><span class='ocrx_word' id='word_1_880' title='bbox 2010 5588 2165 5642; x_wconf 74' lang='lat' dir='ltr'><strong>pora,</strong></span> <span class='ocrx_word' id='word_1_881' title='bbox 2188 5561 2308 5641; x_wconf 68' lang='lat' dir='ltr'><strong>qua;</strong></span> <span class='ocrx_word' id='word_1_882' title='bbox 2332 5567 2863 5642; x_wconf 69' lang='lat' dir='ltr'><strong>circahuncJocum</strong></span> <span class='ocrx_word' id='word_1_883' title='bbox 2885 5572 3035 5642; x_wconf 87' lang='lat' dir='ltr'><strong>_sunt</strong></span> <span class='ocrx_word' id='word_1_884' title='bbox 3055 5561 3390 5617; x_wconf 74' lang='lat' dir='ltr'><strong>oll&#39;endercnt</strong></span> <span class='ocrx_word' id='word_1_885' title='bbox 3412 5573 3475 5611; x_wconf 87' lang='lat' dir='ltr'><strong>ac</strong></span> <span class='ocrx_word' id='word_1_886' title='bbox 3498 5572 3591 5625; x_wconf 83' lang='lat' dir='ltr'><strong>pe-</strong></span> 
     </span>
    </p>
   </div>
   <div class='ocr_carea' id='block_1_118' title="bbox 2012 5636 3592 5708">
    <p class='ocr_par' dir='ltr' id='par_1_118' title="bbox 2012 5636 3592 5708">
     <span class='ocr_line' id='line_1_119' title="bbox 2012 5636 3592 5708; baseline -0.011 -11"><span class='ocrx_word' id='word_1_887' title='bbox 2012 5636 2161 5697; x_wconf 76' lang='lat' dir='ltr'><strong>nitus</strong></span> <span class='ocrx_word' id='word_1_888' title='bbox 2190 5636 2565 5694; x_wconf 73' lang='lat' dir='ltr'><strong>immutarem.</strong></span> <span class='ocrx_word' id='word_1_889' title='bbox 2590 5636 2747 5704; x_wconf 86' lang='lat' dir='ltr'><strong>Quod</strong></span> <span class='ocrx_word' id='word_1_890' title='bbox 2771 5636 2989 5705; x_wconf 89' lang='lat' dir='ltr'><strong>quidem</strong></span> <span class='ocrx_word' id='word_1_891' title='bbox 3016 5649 3138 5688; x_wconf 86' lang='lat' dir='ltr'><strong>cum</strong></span> <span class='ocrx_word' id='word_1_892' title='bbox 3170 5646 3447 5699; x_wconf 84' lang='lat' dir='ltr'><strong>nunquam</strong></span> <span class='ocrx_word' id='word_1_893' title='bbox 3474 5642 3592 5708; x_wconf 52' lang='lat' dir='ltr'><strong>eve-</strong></span> 
     </span>
    </p>
   </div>
   <div class='ocr_carea' id='block_1_119' title="bbox 2012 5698 3591 5775">
    <p class='ocr_par' dir='ltr' id='par_1_119' title="bbox 2012 5698 3591 5775">
     <span class='ocr_line' id='line_1_120' title="bbox 2012 5698 3591 5775; baseline -0.01 -9"><span class='ocrx_word' id='word_1_894' title='bbox 2012 5712 2146 5775; x_wconf 87' lang='lat' dir='ltr'><strong>niat,</strong></span> <span class='ocrx_word' id='word_1_895' title='bbox 2182 5712 2307 5766; x_wconf 89' lang='lat' dir='ltr'><strong>inde</strong></span> <span class='ocrx_word' id='word_1_896' title='bbox 2362 5698 2643 5765; x_wconf 63' lang='lat' dir='ltr'><strong>concludit</strong></span> <span class='ocrx_word' id='word_1_897' title='bbox 2695 5698 3000 5765; x_wconf 78' lang='lat' dir='ltr'><strong>stcllasco</strong></span> <span class='ocrx_word' id='word_1_898' title='bbox 3055 5712 3237 5765; x_wconf 75' lang='lat' dir='ltr'><strong>motu,</strong></span> <span class='ocrx_word' id='word_1_899' title='bbox 3274 5698 3434 5771; x_wconf 53' lang='lat' dir='ltr'><strong>(ginem</strong></span> <span class='ocrx_word' id='word_1_900' title='bbox 3482 5698 3591 5752; x_wconf 86' lang='lat' dir='ltr'><strong>illis</strong></span> 
     </span>
    </p>
   </div>
   <div class='ocr_carea' id='block_1_120' title="bbox 2013 5782 2469 5850">
    <p class='ocr_par' dir='ltr' id='par_1_120' title="bbox 2013 5782 2469 5850">
     <span class='ocr_line' id='line_1_121' title="bbox 2013 5782 2469 5850; baseline 0.007 -13"><span class='ocrx_word' id='word_1_901' title='bbox 2013 5782 2280 5850; x_wconf 78' lang='lat' dir='ltr'><strong>aurihtlit,</strong></span> <span class='ocrx_word' id='word_1_902' title='bbox 2314 5783 2469 5840; x_wconf 76' lang='lat' dir='ltr'><strong>cieri.</strong></span> 
     </span>
    </p>
   </div>
  </div>
