3974 6256
377 347 399 401 l
413 347 513 403 559

1172 347 1526 405 APPENDIX.
1552 339 1632 391 ἶ-
1659 349 1839 404 PARS
1878 350 1985 407 LS.
2025 350 2289 407 JUSTINI
2328 348 2559 407 OPERA
2600 352 2872 409 SPURIA.

3519 358 3662 414 1360

374 462 511 515 nihil
544 476 611 517 ex
640 461 733 530 iis,
756 477 879 533 quae
906 468 1055 526 sunt,
1083 462 1336 521 similiter
1372 480 1432 520 se
1462 463 1781 518 habiturum
1808 465 1953 519 eirea

2063 466 2349 537 κινήσεως,
2398 466 2556 520 οὐθὲν
2605 466 2671 521 ἂν
2700 463 2768 538 ἦν
2802 467 2910 521 τῶν
2955 468 3082 539 περὶ
3135 467 3224 521 τὸν
3272 467 3437 539 δεῦρο
3489 471 3661 523 τόπον

374 554 520 609 hunc
551 554 753 611 locum.
800 573 819 606 ι

443 644 729 711 Quomodo
760 660 892 715 ergo
923 654 1127 701 aeterna
1173 654 1227 704 et
1259 647 1528 718 ingenita,
1554 665 1676 719 quae
1706 656 1768 703 ut
1806 649 1959 718 ejus-

374 737 520 790 modi
558 737 690 802 sint,
722 747 775 792 et
802 737 1083 806 _ejusmodi
1113 748 1263 794 motu
1287 741 1561 804 cieantur,
1593 749 1805 795 naturae
1833 722 1959 810 pro-

373 828 617 883 videntia
664 833 1035 899 acceperunt?
1079 830 1215 885 Nam
1258 848 1378 902 quae
1408 833 1713 888 secundum
1770 832 1958 903 provi-

373 919 613 973 dentiam
639 930 789 984 sunt,
830 923 1135 991 posteriora
1166 933 1297 979 sunt
1338 925 1681 994 providentia
1702 969 1718 990 ,
1752 934 1959 982 πίθηαι

373 1018 556 1065 autem
608 1013 760 1067 nullo
790 1016 1120 1083 posteriora.
1171 1015 1229 1070 Si
1264 1016 1318 1070 id
1353 1017 1497 1086 quod
1543 1016 1788 1071 futurum
1836 1016 1956 1082 fuit,

374 1110 668 1172 antequam
689 1115 832 1159 esset
865 1121 975 1159 non
1014 1115 1163 1162 erat:
1197 1108 1474 1177 quomodo
1507 1107 1619 1163 fieri
1654 1116 1853 1178 potest,
1900 1117 1960 1162 ut

373 1192 441 1247 de
472 1195 612 1249 cmlo
646 1203 699 1249 et
722 1196 920 1261 stellis,
956 1206 1011 1253 et
1040 1208 1191 1254 motu
1218 1215 1408 1254 earum
1440 1207 1735 1271 utrumque
1768 1216 1959 1255 verum

375 1286 465 1352 sit,
493 1286 675 1343 futura
694 1288 908 1346 scilicet
934 1289 1106 1347 fuisse
1128 1299 1183 1346 et
1204 1298 1407 1345 aeterna
1437 1307 1501 1348 ac
1536 1293 1778 1362 ingenita
1800 1293 1963 1348 esse?

375 1376 640 1433 Futurum
657 1381 825 1445 enim,
850 1381 1094 1437 nondum
1115 1390 1229 1450 est;
1262 1391 1525 1439 :Bternum
1553 1392 1607 1440 et
1629 1385 1958 1455 ingenitum,

374 1487 592 1543 semper
620 1480 723 1528 est.
762 1473 820 1527 Si
850 1483 910 1529 ut
936 1489 999 1531 ea
1028 1491 1149 1545 qua;
1174 1478 1385 1531 circum
1415 1478 1561 1531 hunc
1588 1478 1772 1532 locum
1809 1486 1961 1542 sunt,

374 1565 447 1618 ita
478 1581 538 1620 se
585 1566 852 1621 haberent
877 1576 937 1622 ut
967 1584 1025 1624 se
1052 1570 1271 1632 habent,
1305 1570 1469 1626 talem
1504 1577 1722 1633 natura,
1742 1570 1960 1640 qualem

373 1658 634 1723 diximus,
693 1662 817 1715 θα)ιί
868 1669 1074 1715 motum
1110 1662 1391 1732 providit:
1442 1664 1718 1734 quomodo
1756 1672 1958 1720 aeterna

374 1750 487 1804 haec
516 1760 570 1806 et
602 1753 866 1822 ingenita,
900 1768 1019 1822 qua:
1053 1762 1278 1823 propter
1307 1755 1491 1825 genita
1524 1764 1653 1812 sunt
1681 1763 1740 1809 ut
1789 1763 1953 1820 sunt,

371 1853 425 1898 et
454 1853 744 1899 moventur
778 1856 834 1899 ut
865 1848 1192 1901 moventur?

540 1937 631 1993 60.
665 1937 748 1993 Ea:
777 1940 955 1994 eodem
978 1940 1136 2005 libro,
1170 1938 1329 2006 ibid.,
1358 1953 1409 1994 ε.
1442 1940 1533 2007 ll,
1557 1955 1611 2009 p.
1641 1941 1765 2000 29L

445 2039 463 2073 ε
500 2020 957 2093 Quandoquidem
999 2026 1442 2083 demonstratum
1479 2040 1583 2093 est,
1613 2045 1726 2084 non
1758 2031 1832 2083 ita
1860 2044 1959 2082 na-

372 2119 494 2167 tura
547 2124 897 2186 comparatas
943 2132 1066 2175 esse
1112 2120 1301 2176 stellas
1341 2129 1401 2174 ut
1450 2136 1549 2191 per
1583 2121 1797 2191 seipsas
1842 2136 1960 2174 mo-

370 2214 619 2272 veantur,
654 2217 851 2263 natura
883 2218 1063 2267 autem
1096 2212 1230 2266 nihil
1263 2222 1461 2283 praeter
1479 2215 1745 2268 rationem
1780 2228 1960 2282 neque

372 2294 575 2351 frustra
607 2298 770 2362 facit;
812 2302 1069 2355 nimirum
1109 2312 1163 2358 et
1210 2302 1447 2359 formam
1491 2321 1610 2360 eam
1660 2306 1823 2360 rebus
1856 2305 1958 2358 im-

370 2389 667 2446 mobilibus
693 2392 966 2458 attribuit,
1018 2409 1140 2464 quaz
1171 2396 1399 2451 minime
1428 2398 1499 2451 sit
1530 2396 1599 2451 ad
1629 2396 1955 2452 movendum

370 2489 530 2550 apta:
571 2484 798 2540 minime
824 2501 955 2541 vero
997 2487 1066 2541 ad
1122 2489 1453 2544 movendum
1504 2490 1956 2546 accommodatus

368 2575 582 2643 globus,
624 2592 690 2631 eo
720 2578 865 2647 quod
896 2580 1322 2636 instrumentum
1373 2582 1584 2636 nullum
1617 2583 1683 2638 ad
1747 2591 1954 2637 motum

370 2668 587 2724 haheat.
640 2668 852 2727 idcirco
897 2671 1148 2728 videlicet
1194 2674 1420 2744 globosa
1466 2682 1551 2730 est
1600 2675 1772 2730 moles
1823 2676 1957 2731 διει-

372 2760 569 2816 larum.
614 2781 631 2812 ι

443 2850 500 2907 Si
539 2860 761 2920 natura,
796 2855 878 2911 eis
913 2871 1035 2925 qua:
1076 2857 1341 2913 continue
1372 2866 1686 2923 moventur,
1722 2858 1955 2929 ﬁguram

367 2946 658 3001 rotundam
690 2948 757 3002 ad
790 2958 971 3006 motus
996 2951 1312 3007 facilitatem
1337 2952 1640 3023 appositam
1674 2952 1836 3022 582
1858 2951 1954 3005 de-

366 3037 447 3091 dit
480 3058 491 3091 :
527 3040 803 3108 quomodo
837 3044 1009 3098 stellae
1040 3060 1153 3098 non
1184 3045 1465 3101 incassum
1498 3045 1770 3115 ejusmodi
1800 3060 1953 3100 rece-

367 3138 564 3197 perunt
597 3131 845 3203 figuram‘,
879 3151 999 3204 quae
1021 3135 1249 3191 orbibus
1288 3136 1554 3192 devincta:
1579 3145 1730 3199 sunt,
1767 3144 1823 3191 et
1853 3152 1953 3191 na-

367 3223 602 3278 turalem
650 3240 873 3281 cursum
906 3243 1066 3282 suum
1112 3229 1376 3298 perlicere
1432 3246 1543 3284 non
1576 3230 1842 3299 possunt?
1896 3227 1954 3283 Si

367 3314 538 3369 stella:
578 3331 686 3370 non
720 3318 793 3370 ita
822 3327 1157 3389 comparata:
1198 3328 1327 3375 sunt
1354 3328 1413 3374 ut
1460 3337 1557 3391 per
1588 3321 1800 3390 seipsas
1839 3336 1956 3375 mo-

365 3415 620 3471 veantnr,
648 3424 756 3463 non
786 3426 915 3481 ergo
948 3420 1143 3464 natura
1172 3418 1437 3466 aeternum
1471 3412 1673 3466 habent
1703 3419 1909 3465 motum
1934 3413 1957 3464 ?

367 3498 652 3565 Quomodo
677 3517 810 3572 ergo
839 3517 905 3557 ex
951 3504 1142 3558 eodem
1174 3512 1304 3558 sunt
1336 3505 1629 3569 elemento,
1656 3519 1722 3558 ex
1764 3521 1873 3574 quo
1901 3513 1955 3557 et

366 3591 588 3653 emlum,
622 3592 765 3660 quod
800 3608 978 3656 neque
1006 3594 1331 3663 gravitatem
1373 3593 1534 3647 habet
1561 3608 1741 3663 neque
1764 3593 1955 3648 levita-

366 3683 512 3736 rem?
543 3682 600 3735 Si
631 3684 839 3737 coelum
870 3684 1113 3753 quidem,
1149 3700 1214 3738 eo
1236 3686 1380 3754 quod
1407 3702 1471 3740 ex
1518 3684 1790 3754 ejusmodi
1821 3699 1955 3739 con-

366 3782 475 3829 stet
503 3776 800 3839 elemento,
847 3784 901 3829 et
938 3775 1086 3845 quod
1124 3777 1417 3831 rotundam
1462 3777 1661 3831 habeat
1690 3776 1950 3846 speciem,

366 3867 438 3920 ita
490 3874 686 3920 natura
714 3874 1096 3937 comparatum
1136 3876 1223 3923 est
1270 3876 1330 3923 ut
1372 3869 1720 3923 continenter
1741 3868 1951 3924 circum

364 3958 605 4012 medium
640 3966 737 4028 per
765 3959 1006 4029 seipsum
1040 3971 1354 4026 moveatur;
1395 3961 1565 4015 stella:
1596 3968 1802 4025 autem,
1833 3976 1953 4029 qua:

363 4065 429 4103 ex
475 4050 664 4105 eodem
692 4058 822 4106 sunt
858 4051 1129 4107 elemento
1161 4052 1523 4121 eamdemque
1571 4052 1775 4106 habent
1816 4052 1951 4122 ligu-

364 4156 502 4202 ram,
539 4156 647 4195 non
680 4142 751 4195 ita
778 4150 1108 4211 comparatae
1136 4149 1335 4196 natura
1364 4151 1494 4198 sunt
1524 4150 1581 4197 ut
1610 4158 1707 4213 per
1737 4143 1951 4212 seipsas

362 4241 717 4287 moveantur:
765 4233 968 4288 frustra
994 4234 1180 4305 igitur,
1207 4244 1261 4288 ut
1290 4234 1526 4299 videtur,
1563 4241 1762 4287 natura
1791 4234 1872 4289 eis
1895 4242 1949 4287 et

364 4326 728 4381 substantiam
762 4333 816 4381 et
848 4324 1074 4395 figuram
1120 4326 1317 4380 tribuit
1350 4327 1415 4381 ad
1453 4326 1780 4380 continuum
1830 4340 1948 4378 mo-

364 4423 476 4466 tum
511 4414 838 4484 appositam,
878 4415 923 4470 si
958 4416 1310 4471 stabilitatem
1350 4416 1551 4470 habent
1587 4415 1943 4470 immobilem.

2060 556 2263 627 ὁμοίως
2296 557 2436 627 ἔχον.
2476 577 2496 610 ι

2132 649 2257 712 Πῶς
2289 646 2382 702 οὖν
2415 649 2561 704 ἀΐδια
2594 650 2688 703 καὶ
2720 650 2959 720 ἀγένητα
2992 648 3061 701 τά
3094 648 3236 701 κατὰ
3265 647 3365 717 τὴν
3393 648 3657 718 πρόνοιαν

2060 741 2162 810 τῆς
2186 741 2399 810 φύσεως
2430 742 2492 794 τὸ
2524 738 2665 796 εἶναι
2692 744 2890 806 τοιάδε,
2920 742 3013 795 καὶ
3048 742 3111 794 τὸ
3136 740 3402 794 κινεῖσθαι
3428 742 3656 796 τοῑῶσεε

2061 832 2351 903 είληφότα;
2398 832 2481 886 Τά
2505 834 2614 905 γὰρ
2642 835 2781 888 κατὰ
2816 835 3071 905 πρόνοιαν
3102 832 3330 903 δεύτερα
3371 834 3474 904 τῆς
3518 850 3657 902 προ-

2061 923 2237 987 νοίας·
2275 924 2366 977 καὶ
2398 924 2465 978 τὰ
2492 926 2635 979 ἀΐδια
2666 926 2878 989 οὐδενός
2908 929 3024 979 ἐστι
3054 925 3300 995 δεύτερα.
3338 925 3402 977 Ei
3435 924 3499 977 τὸ
3529 926 3657 994 μέλ-

2061 1014 2152 1070 λον
2185 1016 2404 1070 ἔσεσθαι
2433 1016 2539 1087 πρὸ
2556 1017 2653 1070 τοῦ
2674 1013 2813 1070 εἶναι
2834 1020 2933 1072 οὐκ
2956 1014 3044 1088 ἢν,
3080 1018 3197 1081 πῶς
3222 1017 3499 1088 ἐνδέχεται
3526 1018 3657 1088 περὶ

2059 1107 2153 1161 τοῦ
2188 1108 2442 1180 ούρανοῦ,
2487 1109 2581 1163 καὶ
2612 1108 2721 1161 τῶν
2753 1109 2989 1180 ἄστρων,
3027 1111 3118 1162 καὶ
3150 1110 3250 1180 τῆς
3278 1109 3463 1163 αὐτῶν
3495 1111 3654 1177 κινή-

2063 1218 2201 1265 σεως
2234 1201 2520 1273 ἀμφότερα
2551 1197 2689 1254 εἶναι
2733 1201 2930 1272 ἀληθῆ,
2964 1202 3026 1254 τὸ
3075 1203 3267 1272 μέλλον
3301 1200 3524 1255 ἔσεσθαι
3559 1203 3657 1255 καὶ

2059 1290 2120 1342 τὸ
2171 1291 2317 1344 ἀΐδια
2369 1290 2462 1345 καὶ
2515 1291 2756 1361 ἀγένητα
2789 1291 2931 1345 αὑτά
2978 1288 3149 1357 εἷναι;
3203 1292 3274 1345 Τὸ
3309 1291 3420 1362 γὰρ
3456 1293 3655 1362 μέλλον

2060 1381 2212 1436 οὔπω
2246 1384 2386 1447 ἐστὶ,
2440 1384 2533 1437 καὶ
2564 1384 2625 1436 τὸ
2673 1382 2841 1436 ἀΐδιόν
2872 1400 2931 1436 τε
2981 1383 3077 1437 καὶ
3120 1385 3383 1455 ἀγένητον
3419 1385 3653 1437 πάντοτε

2061 1474 2287 1529 ἔνεστιν.
2325 1476 2388 1529 Ei
2430 1476 2592 1529 ἕνεκα
2623 1476 2718 1529 τοῦ
2748 1475 2815 1529 τά
2861 1476 2988 1547 περὶ
3027 1476 3120 1529 τὸν
3170 1476 3329 1547 δεῦρο
3375 1475 3544 1529 τόπον
3576 1476 3655 1537 ὡς

2062 1566 2218 1639 ἔσχεν
2252 1567 2454 1638 ὁμοίως
2481 1567 2644 1639 ἔχειν,
2679 1569 2772 1621 τὸν
2806 1570 3093 1640 εἰρημένον
3125 1571 3327 1641 τρόπον
3358 1569 3460 1639 τῆς
3495 1570 3656 1638 κινή-

2064 1676 2201 1722 σεως
2245 1658 2340 1711 τοῦ
2394 1658 2625 1730 οὐρανοῦ
2660 1662 2695 1730 ὴ
2728 1660 2887 1729 φύσις
2933 1661 3259 1731 προενόησεν
3305 1656 3477 1713 εἶναι·
3533 1659 3654 1721 πῶς

2061 1750 2208 1803 ἀϊδιά
2238 1767 2297 1802 τε
2332 1752 2426 1804 καὶ
2477 1751 2717 1819 ἀγένητα
2748 1751 2942 1815 ταῦτα,
2977 1751 3017 1804 ὃ.
3045 1751 3233 1806 ἕνεκεν
3262 1752 3370 1805 τῶν
3404 1751 3655 1823 γενητῶν

1990 1815 2033 1868 Β
2060 1843 2207 1896 ἐστιν
2239 1839 2315 1905 ὥς
2348 1844 2517 1905 ἐστιν,
2554 1843 2649 1896 καὶ
2676 1846 2903 1896 κινεῖται
2923 1843 2998 1907 ὡς
3030 1847 3292 1907 κινεῖται;

2451 1933 2538 1990 60.
2590 1936 2683 1988 Ἐκ
2716 1936 2821 1990 τοῦ
2860 1936 3047 1990 αὐτοῦ
3078 1938 3286 2007 λόγου.

2137 2040 2156 2071 ‹
2204 2021 2421 2093 Ἐπειδὴ
2453 2024 2563 2094 γὰρ
2583 2024 2870 2090 δέδεικται,
2902 2028 2984 2079 ὅτι
3009 2026 3069 2079 οὐ
3105 2026 3381 2095 πεφύκασι
3415 2027 3528 2097 (60)
3563 2046 3652 2080 κι-

2059 2112 2264 2167 νεῖσθαι
2305 2114 2371 2167 δι’
2429 2114 2632 2180 αὐτῶν,
2677 2119 2709 2186 ἡ
2761 2116 2818 2170 δὲ
2865 2117 3026 2187 φύσις
3067 2117 3218 2171 οὐδὲν
3262 2120 3475 2188 ἀλόγως
3531 2121 3654 2173 οὐδὲ

2063 2204 2238 2274 μάτην
2273 2207 2444 2257 ποιεῖ·
2494 2204 2739 2275 δηλονότι
2789 2208 2882 2260 καὶ
2926 2208 3113 2280 σχῆμα,
3157 2209 3410 2263 τοσοῦτον
3454 2210 3654 2261 ἀποδέ-

2058 2298 2198 2351 δωκε
2239 2297 2349 2369 (61)
2405 2302 2517 2363 τοῖς
2550 2301 2830 2371 ἀκινήτοις
2867 2302 2895 2354 ὃ
2927 2303 3129 2372 ἤκιστά
3176 2306 3293 2356 ἐστι
3346 2304 3648 2373 κινητικόν.

2061 2390 2299 2443 Ἦκιστα
2330 2391 2718 2463 δὲ·κινητικὸν
2751 2395 2784 2463 ή
2812 2397 3017 2464 σφαῖρα
3065 2396 3153 2449 διὰ
3195 2396 3255 2449 τὸ
3297 2395 3463 2468 μηδὲν
3506 2398 3654 2465 ἔχειν

2057 2482 2285 2554 ὄργανον
2319 2483 2457 2554 πρὸς
2489 2483 2589 2554 τὴν
2621 2484 2858 2556 κίνησιν.
2894 2488 3056 2540 Ὥστε
3088 2487 3331 2559 δηλονότι
3367 2505 3650 2561 σφαιροει-

2056 2574 2120 2645 δῆ
2154 2574 2219 2629 ἂν
2253 2578 2339 2646 εἴη
2361 2576 2451 2629 τὸν
2477 2576 2661 2645 ὄγκον.
2697 2597 2718 2630 ι

2125 2838 2189 2891 Εἰ
2222 2840 2254 2909 ἡ
2300 2838 2460 2907 φύσις
2492 2840 2691 2893 δέδωκε
2723 2842 2836 2905 τοῖς
2870 2841 2956 2895 ἀεὶ
2990 2845 3227 2913 κινητοῖς
3262 2843 3323 2895 τὸ
3358 2843 3652 2914 σφαιρικὸν

2056 2930 2241 3001 σχῆμα
2288 2933 2588 3002 ἐπιτήδειον
2643 2935 2781 3005 πρὸς
2836 2936 2935 3007 τὴν
2996 2936 3331 3005 εύκινησίαν,
3389 2936 3511 2999 πῶς
3552 2937 3652 2987 οὐκ

2053 3024 2167 3076 ἔστι
2200 3023 2271 3077 τὰ
2300 3024 2474 3097 ἄστρα
2523 3026 2699 3097 μάτην
2740 3027 2997 3099 εἰληφότα
3040 3030 3223 3100 σχῆμα
3253 3028 3521 3089 τοιοῦτον,
3563 3032 3645 3081 ἐν-

2051 3114 2309 3185 δεδεμένα
2338 3120 2452 3181 τοῖς
2505 3116 2747 3182 κύκλοις,
2801 3120 2894 3171 καὶ
2922 3119 3022 3191 τὴν
3072 3120 3212 3173 κατά
3253 3119 3417 3188 φύσιν
3468 3119 3650 3173 αὐτῶν

1982 3191 2024 3248 C
2061 3205 2134 3278 μὴ
2167 3208 2443 3279 δυνάμενα
2478 3209 2719 3263 ἐκτελεῖν
2764 3210 3008 3283 κίνησινς
3062 3213 3124 3265 Εἰ
3171 3212 3231 3264 ού
3267 3210 3546 3279 πεφύκασι
3579 3210 3651 3262 τὰ

2058 3299 2230 3369 ἄστρα
2254 3300 2319 3353 δι’
2356 3301 2535 3354 αὐτῶν
2570 3304 2858 3367 κινεῖσθαι,
2898 3305 2997 3357 οὐκ
3032 3304 3140 3377 ἄρα
3160 3304 3341 3377 ἔχουσι
3376 3304 3520 3357 κατὰ
3550 3303 3650 3371 φύ-

2214 3393 2224 3411 .
2303 3394 2376 3411 ...μ
2836 3396 2860 3407 ..
2961 3393 2988 3412 τ
3414 3395 3438 3405 -
3524 3398 3539 3413 ,
3618 3395 3643 3405 -

2059 3409 2142 3445 σιν
2174 3412 2270 3464 την
2292 3408 2458 3447 αιοιον
2493 3395 2726 3465 κίνησιν.
2776 3397 2901 3460 Ilio;
2929 3415 3022 3450 ουν
3054 3399 3189 3449 είσιν
3234 3399 3300 3449 ἐκ
3346 3414 3441 3448 του
3478 3414 3648 3449 αυτου

2058 3486 2320 3555 στοιχείου
2355 3486 2412 3553 ἐξ
2445 3479 2506 3539 οὗ
2541 3488 2636 3545 καὶ
2668 3489 2697 3541 ό
2744 3489 2993 3559 οὐρανὸς,
3047 3488 3142 3541 τοῦ
3192 3490 3328 3559 μήτε
3364 3488 3650 3559 βαρύτητα

2056 3576 2271 3647 ἔχοντος
2309 3579 2447 3650 μήτε
2504 3579 2851 3650 κουφότητα;
2901 3581 2963 3633 Εἰ
2997 3581 3025 3632 ό
3061 3582 3159 3651 μὲν
3222 3580 3453 3652 οὐρανὸς
3508 3579 3645 3648 (62),

2054 3669 2141 3724 διὰ
2174 3671 2234 3723 τὸ
2277 3668 2414 3724 εἶναι
2445 3671 2605 3725 αὐτὸν
2639 3674 2703 3725 ὲκ
2745 3672 2986 3725 τοιούτου
3024 3674 3286 3742 στοιχείου
3334 3674 3430 3724 καὶ
3463 3673 3555 3725 διὰ
3586 3674 3648 3726 τὸ

2057 3763 2341 3834 σφαιρικὸν
2388 3764 2528 3833 ἔχειν
2562 3765 2621 3818 τὸ
2662 3766 2865 3836 σχῆμα,
2921 3766 3133 3833 πέφυκε
3190 3766 3319 3836 περὶ
3362 3766 3424 3818 τὸ
3480 3766 3647 3835 μέσον

2056 3855 2318 3908 κινεῖσθαι
2341 3856 2427 3909 ἀεὶ
2456 3857 2520 3909 δι’
2556 3858 2782 3911 ἑαυτοῦ·
2817 3857 2887 3910 τὰ
2916 3858 2971 3911 δὲ
3007 3857 3202 3928 ἄστρα,
3240 3861 3303 3912 ὲκ
3334 3858 3430 3911 τοῦ
3476 3858 3645 3911 αὑτοῦ

2052 3945 2182 3999 ὅντα
2216 3946 2498 4016 στοιχείου,
2525 3950 2620 4003 καὶ
2658 3948 2720 4003 τὸ
2749 3950 2882 4005 αὐτὸ
2912 3949 3106 4021 ἔχοντα
3138 3951 3340 4021 σχῆμα,
3373 3951 3434 4003 ού
3470 3951 3645 4020 πεφύ-

2052 4055 2179 4091 κασι
2213 4040 2476 4093 κινεῖσθαι
2508 4041 2573 4096 δι’
2602 4042 2839 4095 ἑαυτῶν·
2874 4043 3069 4115 μάτην,
3105 4043 3180 4106 ὡς
3211 4044 3375 4107 ἔοικε,
3410 4044 3645 4097 δέδωκεν

2051 4131 2233 4194 αὐτοῖς
2266 4134 2299 4202 ή
2350 4132 2514 4201 φύσις
2564 4134 2751 4187 οὐσίαν
2779 4151 2838 4187 τε
2872 4135 2967 4188 καὶ
3011 4135 3196 4206 σχῆμα
3250 4135 3386 4203 πρὸς
3420 4135 3521 4205 τὴν
3555 4137 3644 4188 ἀεὶ

2052 4222 2262 4293 κίνησιν
2297 4225 2619 4295 ἐπιτήδειον,
2653 4228 2701 4278 εἰ
2752 4227 2940 4280 στάσιν
2980 4226 3191 4297 ἔχουσιν
3240 4226 3519 4298 ἀκίνητον.
3569 4226 3647 4280 Τὸ

2049 4314 2235 4367 οὐσίαν
2262 4315 2405 4386 ἔχειν
2430 4319 2522 4370 καὶ
2548 4319 2730 4389 σχῆμα
2752 4318 3058 4389 ἀεικίνητον
3081 4322 3149 4373 τὰ
3181 4321 3376 4391 ἄστρα,
3404 4321 3500 4373 καὶ
3520 4322 3645 4374 στά-

2052 4423 2136 4459 σιν
2168 4408 2442 4479 ἀκίνητον,
2480 4410 2595 4475 πῶς
2616 4412 2714 4464 οὐκ
2743 4410 2855 4464 ἐστι
2888 4412 3198 4484 δεῖγματῆς
3229 4413 3425 4481 ἀλόγου
3452 4431 3513 4466 τε
3548 4416 3643 4467 καὶ

362 4505 519 4570 Quod
543 4508 714 4561 stella:
743 4515 797 4561 et
828 4508 1195 4562 substantiam
1223 4518 1276 4562 et
1307 4508 1533 4577 liguram
1567 4506 1770 4563 habent
1797 4523 1944 4562 sem-

2059 4501 2295 4570 ματαίας
2327 4504 2595 4574 ποιήσεως
2617 4504 2714 4575 τῆς
2746 4505 2898 4576 παρὰ
2930 4506 3029 4576 τὴν
3066 4505 3225 4575 φύσιν
3272 4507 3644 4577 πεποιηκυίας

362 4608 460 4659 per
484 4594 761 4658 mobilem,
796 4596 1258 4665 stabilitatemque
1288 4596 1645 4664 immobilem,
1676 4596 1951 4668 quomodo

363 4682 417 4735 id
452 4700 559 4737 non
595 4694 675 4739 est
718 4686 911 4740 aliena:
961 4701 991 4739 a
1024 4686 1235 4741 ratione
1282 4687 1582 4741 creationis
1612 4693 1666 4741 et
1714 4686 1951 4743 frustra-

362 4788 481 4829 nea:
518 4774 806 4839 indicium,
840 4792 961 4849 qua
1001 4785 1199 4846 praeter
1240 4788 1491 4832 naturam
1523 4779 1652 4835 fecit
1684 4792 1741 4835 ut
1778 4783 1950 4837 stellae

362 4865 739 4934 quiescerent?
770 4865 824 4921 Si
861 4868 1228 4937 ingenitorum
1252 4876 1305 4923 et
1328 4876 1656 4924 :eternorum
1690 4871 1949 4929 substan-

362 4957 450 5010 tia,-
481 4972 647 5027 supra
667 4973 883 5013 onmem
912 4959 1025 5013 sive
1058 4959 1259 5013 rationi
1287 4968 1738 5024 consentaneam,
1779 4963 1893 5016 sive
1917 4978 1946 5015 a

362 5049 574 5104 ratione
605 5050 838 5105 alienam
880 5050 1222 5105 creationem
1274 5061 1425 5116 sunt,
1455 5054 1750 5122 quomodo,
1780 5054 1824 5108 si
1861 5055 1947 5108 in-

361 5141 603 5209 genitum
647 5144 846 5198 coelum
895 5151 948 5196 et
979 5155 1151 5207 astra,
1207 5152 1437 5207 naturae,
1478 5161 1603 5215 quae
1636 5147 1771 5200 nihil
1806 5164 1946 5217 prae-

359 5240 444 5285 ter
474 5233 741 5289 rationem
792 5242 885 5288 aut
918 5233 1122 5290 frustra
1167 5235 1317 5301 facit,
1360 5237 1701 5306 providentia
1736 5248 1863 5293 sunt
1892 5240 1951 5294 id

360 5322 506 5392 quod
560 5333 690 5378 sunt
732 5333 786 5379 et
836 5325 1039 5379 habent
1082 5326 1135 5380 id
1184 5327 1331 5395 quod
1386 5326 1633 5383 habent?
1665 5327 1720 5382 Si
1757 5332 1953 5387 stellas

360 5417 602 5485 oportuit
635 5433 742 5471 non
778 5419 1008 5476 moveri.
1042 5433 1144 5472 cur
1172 5420 1397 5473 omnino
1438 5434 1536 5489 per
1577 5420 1686 5473 alia
1719 5438 1942 5477 moven-

433 5572 544 5642 (60)
598 5575 931 5641 Περύκασι.
987 5575 1120 5645 Heg.
1168 5575 1188 5626 l
1242 5575 1345 5629 hoc
1395 5576 1516 5631 loco
1556 5585 1610 5631 et
1656 5577 1798 5632 infra
1847 5578 1943 5632 πέ-

582 5712 966 5766 Ἀποδέδωκε.
989 5713 1214 5767 Aristot.
1251 5715 1523 5769 ἀπέδωκε.

440 5783 544 5852 υἱὲ)
594 5785 663 5835 Εἰ
697 5787 726 5833 ό
756 5784 870 5851 μὲν
901 5785 1175 5851 οὐρανός.
1208 5786 1663 5854 Conjunctionem
1698 5794 1764 5858 εξ,
1819 5808 1939 5861 qua:

2054 4593 2280 4662 ἠρεμεῖν
2313 4592 2385 4646 τὰ
2418 4595 2625 4667 ἄστρα;
2679 4596 2741 4648 Εἰ
2775 4596 2884 4650 τῶν
2926 4598 3206 4668 ἀγενήτων
3236 4616 3297 4650 τε
3328 4598 3426 4651 καὶ
3452 4599 3641 4651 ἀῐδίων

2052 4683 2108 4733 αἱ
2136 4682 2313 4736 οὐσίαι
2348 4684 2527 4754 πάσης
2550 4685 2818 4755 ποιήσεως
2851 4686 2949 4756 τῆς
2972 4704 3033 4738 τε
3067 4687 3207 4740 κατά
3238 4687 3330 4739 τὸν
3353 4687 3513 4754 λόγον
3549 4690 3643 4741 καὶ

2050 4774 2150 4845 τῆς
2177 4775 2329 4847 παρά
2352 4777 2443 4829 τὸν
2468 4776 2622 4845 λόγον
2655 4778 2921 4851 ἀνώτεραί
2959 4781 3083 4843 εἰσι,
3110 4779 3246 4843 πῶς,
3281 4782 3329 4832 εί
3375 4781 3642 4850 ἀγένητος

2050 4868 2077 4918 ό
2102 4867 2326 4938 οὐρανὸς
2358 4870 2452 4921 καὶ
2483 4869 2551 4922 τὰ
2584 4868 2778 4940 ἄστρα,
2815 4871 2954 4925 κατὰ
2988 4872 3242 4940 πρόνοιαν
3283 4872 3385 4941 τῆς
3420 4873 3639 4941 φύσεως

2048 4959 2146 5030 τῆς
2192 4960 2362 5031 μηθὲν
2400 4961 2610 5030 ἀλόγως
2646 4965 2784 5033 μήτε
2830 4964 3079 5033 ματαίως
3126 4964 3387 5033 ποιούσης
3417 4967 3556 5018 εἰσιν
3611 4968 3639 5017 ὃ

2049 5056 2175 5119 εἱσι,
2211 5056 2305 5108 καὶ
2349 5054 2559 5125 ἔχουσιν
2596 5056 2631 5109 ἃ
2664 5056 2908 5126 ἔχουσιν;
2944 5057 3007 5109 Εἰ
3039 5057 3139 5108 οὐκ
3172 5057 3336 5127 ἐχρῆν
3369 5058 3639 5110 κινεῖσθαι

2047 5149 2117 5201 τά
2138 5149 2334 5220 ἄστρα,
2364 5149 2451 5203 διὰ
2479 5148 2532 5202 τί
2579 5149 2715 5213 ὅλως
2750 5148 3023 5203 κινοῦνται
3070 5148 3136 5201 δι’
3182 5149 3421 5218 ὲτέρωνς
3470 5150 3536 5202 Εἰ
3581 5151 3637 5202 δὲ

2050 5240 2214 5310 ἐχρῆν
2271 5241 2557 5303 κινεῖσθαι,
2615 5240 2705 5294 διὰ
2741 5241 2793 5292 τί
2847 5241 2920 5311 μὴ
2976 5240 3042 5293 δι’
3076 5240 3286 5293 ἑαυτῶν
3336 5240 3635 5296 κινοῦνται.

2047 5335 2179 5389 ἀλλὰ
2208 5337 2273 5389 δι’
2308 5334 2530 5406 ἑτέρων,
2565 5333 2869 5403 δυναμένης
2896 5332 2997 5402 τῆς
3028 5331 3243 5401 φύσεως
3283 5338 3457 5385 ποιεῖν
3497 5335 3640 5387 αὐτὰ

2048 5428 2311 5485 κινεῖσθαι
2342 5428 2408 5481 δι’
2430 5426 2636 5480 ἑαυτῶν
2664 5426 2761 5495 τὴν
2793 5425 3006 5495 κίνησιν
3039 5426 3106 5495 ἣν
3137 5424 3234 5478 νῦν
3260 5424 3539 5479 κινοῦνται
3569 5426 3639 5479 δι’

2047 5589 2199 5643 deest
2230 5588 2284 5641 in
2313 5586 2476 5641 editis
2524 5586 2729 5641 nostris
2756 5595 2808 5639 et
2837 5601 2969 5639 mss.
3024 5600 3092 5638 ex
3120 5583 3438 5639 Aristotelis
3481 5593 3641 5639 textu

2046 5667 2327 5713 mutuatus
2351 5655 2792 5727 estSylburgius.
2820 5654 2964 5709 Infra
2990 5654 3186 5710 melius
3205 5656 3479 5725 legeretur
3502 5658 3637 5727 πρὶς

2045 5730 2138 5800 τὴν
2165 5728 2478 5799 ἀεικίνησιν.
